4104 6226
450 341 551 395 767

1916 325 2235 383 ORIGENIS

3596 331 3710 386 768

444 442 740 511 peremptis
774 442 985 512 regibus
1028 440 1470 506 Madianitarum,
1515 451 1571 497 et
1619 442 1856 498 scandali
1897 442 2021 498 aﬁ‘e-
2047 447 2096 504 Α
2125 441 2275 497 Beati
2313 450 2442 497 sunt
2468 442 2578 507 isti,
2614 442 2706 513 qui
2738 456 2835 512 pro
2866 441 3012 497 omni
3057 440 3252 511 populo
3281 458 3523 512 pugnare
3574 459 3709 513 pos-

443 531 620 586 t'tibtts
669 535 982 602 amputatis,
1016 546 1207 606 regnat
1239 537 1292 591 in
1328 537 1484 593 nobis
1507 535 1719 606 justitia
1767 537 1884 606 ipse
1912 535 2019 591 Do-

446 625 626 679 minus
667 634 851 681 noster
895 624 1052 682 Jesus
1085 627 1332 685 Christus
1354 672 1370 696 ,
1398 630 1491 699 qui
1542 627 1831 707 factusest
1862 629 2020 684 nobis

439 718 646 786 iustitia
677 735 708 773 a
742 721 869 786 Deo,
900 733 955 775 et
983 736 1106 789 pax,
1144 733 1199 776 et
1226 723 1544 793 redemptio.
1578 722 1747 792 Igitur
1785 738 1851 777 ex
1885 739 2023 791 pra:-

442 814 598 879 Cepto
651 811 860 867 Domini
896 828 925 866 a
974 813 1100 869 ﬁliis
1149 814 1318 869 Israel
1359 818 1646 873 adversum
1694 816 2022 871 Madianitas

442 902 579 956 bella
612 904 857 959 confecta
889 915 1037 971 sunt,
1062 906 1234 977 spolia
1265 922 1331 962 ex
1358 909 1489 978 ipsis
1518 910 1733 974 copiosa
1768 909 2021 964 referun-

444 1002 551 1060 tur,
584 996 702 1049 auri
762 1006 927 1065 atque
972 998 1205 1068 argenti,
1251 1008 1683 1071 caeterorumque
1738 1000 2021 1056 mobilium

442 1086 653 1154 pondus
712 1087 1069 1155 immensum,
1119 1090 1521 1159 jumentorum,
1577 1093 2023 1163 captivorumque

442 1192 700 1231 numerus
761 1176 1043 1245 plurimus.
1100 1178 1297 1235 Verum
1352 1185 1609 1251 quoniam
1662 1194 1859 1239 cuncta
1905 1186 2021 1241 haec

441 1270 580 1338 apud
611 1269 879 1323 lsraelitas
918 1270 1192 1325 immunda
1242 1274 1535 1340 ducuntur,
1568 1276 1875 1345 puriﬁcatio
1907 1278 2022 1333 sin-

440 1358 581 1425 gulis
616 1359 921 1429 quibusque
975 1372 1288 1431 competens
1343 1364 1633 1420 adhibetur
1665 1382 1679 1419 :
1717 1377 1770 1423 et
1803 1384 1865 1424 ea
1897 1371 2020 1440 qui-

440 1450 584 1514 dem,
618 1464 736 1517 quae
771 1466 837 1504 ex
867 1451 1096 1508 metallis
1127 1463 1400 1519 constant,
1424 1458 1559 1527 ignis
1589 1458 1875 1526 puriﬁcat;
1898 1475 2021 1529 quae

441 1555 570 1594 vero
620 1540 897 1610 fragiliora
957 1553 1085 1599 sunt
1142 1557 1197 1600 et
1248 1547 1427 1613 ignem
1481 1565 1587 1603 non
1631 1548 1836 1617 ferunt,
1876 1567 2017 1621 aqua

441 1632 714 1699 puriﬁcari
743 1636 1023 1704 jubentur.
1054 1639 1221 1693 Fiunt
1256 1655 1387 1709 ergo
1422 1656 1489 1696 ex
1523 1642 1776 1697 omnibus
1828 1644 2021 1714 spoliis

439 1727 674 1795 aequales
696 1728 813 1783 duae
838 1742 1041 1797 partes,
1069 1740 1125 1785 ut
1152 1748 1257 1785 una
1278 1734 1348 1787 sit
1378 1748 1564 1788 eorum
1607 1734 1697 1802 qui
1721 1733 1786 1787 ad
1818 1734 2015 1788 bellum

443 1828 845 1886 processerant,
880 1830 933 1874 et
961 1821 1068 1874 alia
1110 1836 1298 1876 eorum
1340 1823 1430 1891 qui
1471 1823 1524 1877 in
1568 1824 1767 1878 castris
1806 1824 2023 1878 resede-

445 1915 587 1957 raut.
618 1904 888 1961 .lnbentur
916 1910 1078 1962 etiam
1105 1925 1171 1964 ex
1208 1911 1274 1965 iis
1299 1910 1498 1967 offerre
1533 1911 1586 1965 in
1627 1912 1763 1967 dona
1790 1914 1880 1970 Dei
1904 1931 1919 1969 :
1946 1915 2022 1971 illi

440 1995 659 2062 quidem
688 2000 776 2066 qui
804 2009 1184 2067 processerant
1205 2002 1271 2055 ad
1306 2002 1527 2071 bellum,
1557 2022 1722 2060 unum
1752 2016 1915 2075 caput
1952 2022 2023 2062 ex

441 2088 750 2157 quingentis
781 2108 793 2142 :
823 2091 894 2145 illi
920 2107 1049 2147 vero
1074 2093 1166 2161 qui
1197 2094 1248 2147 in
1283 2095 1480 2149 castris
1505 2104 1836 2161 manserant,
1855 2112 2021 2151 unum

440 2194 507 2231 ex
559 2179 948 2251 quinquaginta
984 2199 998 2237 :
1032 2193 1197 2254 atque
1243 2185 1487 2240 omnium
1536 2186 1699 2241 simul
1747 2187 1799 2240 in
1853 2202 2020 2240 unum

439 2268 696 2327 collectus
735 2288 994 2330 numerus
1036 2276 1291 2330 refertur.
1334 2276 1460 2331 Haec
1488 2286 1569 2333 est
1606 2277 1851 2335 historia:
1891 2294 2022 2334 cou-

441 2363 687 2421 liuentia.

510 2450 564 2503 4.
598 2450 704 2507 Sed
742 2454 1018 2511 videamus
1043 2458 1168 2527 quid
1204 2459 1256 2513 in
1293 2460 1359 2513 iis
1386 2476 1578 2517 sensus
1613 2462 1818 2518 indicet
1859 2461 2022 2532 spiri-

444 2542 585 2597 talis.
620 2544 676 2597 In
726 2548 919 2615 populo
950 2548 1042 2603 Dei
1085 2560 1214 2603 sunt
1260 2550 1501 2619 quidam,
1543 2553 1687 2607 sicut
1735 2554 2021 2623 Apostolus

440 2637 573 2691 dicit
601 2638 666 2702 ³⁸,
698 2640 787 2708 qui
824 2640 1054 2697 militant
1084 2642 1227 2697 Deo:
1258 2643 1332 2697 illi
1355 2644 1472 2700 sine
1498 2647 1681 2712 dubio,
1706 2647 1798 2716 qui
1827 2662 1884 2701 se
1915 2663 2019 2701 non

440 2731 682 2802 obligant
710 2735 943 2804 negotiis
968 2735 1323 2793 saecularibus
1350 2755 1363 2791 :
1400 2749 1455 2793 et
1490 2739 1577 2793 isti
1606 2750 1731 2794 sunt
1767 2741 1859 2809 qui
1891 2755 2019 2809 pro-

438 2824 637 2879 cedunt
660 2826 725 2879 ad
765 2826 987 2890 bellum,
1022 2841 1077 2884 et
1112 2840 1350 2900 pugnant
1386 2831 1650 2885 adversus
1688 2841 1876 2902 gentes
1917 2831 2021 2885 ini-

442 2914 631 2979 micas,
665 2928 723 2970 et
755 2919 1040 2975 adversum
1084 2921 1356 2988 spiritales
1384 2921 1656 2989 nequitias
1688 2935 1783 2989 pro
1810 2920 2021 2990 reliquo

440 3007 654 3076 populo.
677 3018 730 3063 et
755 3025 850 3076 pro
883 3012 947 3064 iis
975 3012 1068 3080 qui
1092 3014 1421 3071 inﬁrmiores
1448 3022 1596 3077 sunt,
1626 3017 1741 3070 sive
1772 3031 1866 3083 per
1894 3024 2017 3069 aeta.

442 3106 570 3165 “3m,
600 3101 713 3155 SiVe
746 3116 840 3170 per
872 3117 1083 3171 sexum,
1114 3108 1226 3161 sive
1255 3124 1348 3177 per
1381 3108 1736 3177 propositum.
1763 3108 2018 3179 Pugnant
2047 3136 2089 3194 ο

442 3198 623 3246 autem
656 3192 744 3247 isti
776 3196 1117 3253 orationibus
1142 3199 1682 3269 etjejuniis,justitia
1708 3209 1762 3255 et
1793 3204 2014 3269 pietate,

446 3286 863 3341 mansuetudine
913 3296 969 3341 et
1005 3290 1278 3357 castitate,
1309 3293 1625 3361 cunctisque
1672 3294 2021 3349 continentia:

443 3373 758 3441 virtutibus,
796 3389 1053 3447 tanquam
1098 3379 1266 3433 armis
1322 3380 1528 3436 bellicis
1572 3383 1892 3437 commoniti
1927 3392 2021 3439 :et

442 3481 569 3520 cum
602 3469 833 3537 regressi
859 3468 1059 3525 fuerint
1079 3471 1144 3525 ad
1173 3481 1352 3527 castra
1384 3476 1639 3537 victores,
1666 3473 1919 3529 fruuntur
1944 3476 2021 3529 la-

444 3554 669 3613 boribus
702 3573 888 3613 eorum
916 3560 1075 3615 etiam
1110 3562 1373 3627 imbelles,
1398 3572 1452 3617 et
1486 3564 1519 3616 ii
1546 3566 1637 3634 qui
1671 3566 1736 3619 ad
1785 3582 2015 3635 pugnam

447 3645 533 3700 vel
573 3663 678 3701 nun
711 3660 993 3716 vocantur,
1020 3653 1103 3707 vel
1132 3653 1283 3707 exire
1315 3668 1421 3707 non
1454 3663 1693 3719 possunt.
1724 3656 2015 3710 Sciendum

446 3748 627 3793 tamen
658 3746 764 3801 est,
798 3741 941 3809 quod
974 3741 1153 3796 omnia
1181 3758 1301 3813 qua:
1329 3754 1613 3797 sumuntur
1643 3760 1705 3799 ex
1743 3745 1860 3798 istis
1886 3762 2018 3815 gen-

447 3832 609 3895 tibus,
634 3832 912 3886 immunda
945 3842 1105 3898 sunt;
1139 3842 1195 3887 et
1221 3850 1381 3887 omne
1411 3833 1641 3889 fortasse
1668 3836 1925 3904 quidquid
1950 3851 2018 3890 ex

446 3926 547 3979 hoc
593 3926 790 3981 sarculo
821 3927 1137 3991 assumitur,
1172 3926 1252 3981 vel
1288 3928 1473 3994 praelia
1513 3930 1748 3998 capitur,
1780 3932 2018 3984 immun-

444 4019 571 4070 dum
622 4027 724 4082 est,
760 4027 814 4072 et
851 4017 1228 4084 puriﬁcatione
1264 4018 1501 4087 indiget;
1545 4029 1600 4073 et
1653 4023 1899 4087 quaedam
1949 4035 2014 4074 ex

447 4112 583 4176 ipsis
606 4127 699 4179 per
726 4112 902 4179 ignem
933 4121 1228 4165 transitura
1259 4120 1404 4174 sunt,
1431 4111 1552 4165 aliis
1583 4121 1761 4167 autem
1789 4112 2019 4168 sulIiciet

447 4216 599 4268 aquae
618 4201 943 4269 puriﬁcatio.
968 4202 1331 4256 Assumuntur
1351 4211 1531 4256 autem
1555 4217 1621 4256 ex
1644 4203 1830 4273 praelio
1852 4205 2015 4259 etiam

449 4290 693 4345 homines
717 4300 771 4347 et
804 4291 1074 4361 jumenta,
1099 4307 1221 4347 cum
1250 4294 1593 4363 captivantur
1631 4309 1822 4349 omnes
1862 4296 2018 4350 intel-

447 4382 617 4436 lectus
643 4383 710 4437 ad
733 4382 1089 4438 obediendum
1111 4383 1348 4441 Christo.
1372 4385 1447 4439 Ex
1476 4385 1541 4441 iis
1562 4386 1705 4441 enim
1728 4386 1856 4457 ipsis
1877 4403 2015 4457 quos

2123 542 2268 598 sunt,
2294 542 2347 588 et
2374 532 2666 589 defendere
2698 533 2789 588 Dei
2823 534 3055 603 plebem,
3084 545 3140 590 et
3176 536 3397 604 copiosa
3427 536 3493 591 de
3527 536 3708 591 hosti-

2122 627 2223 681 bus
2242 626 2411 695 spolia
2445 636 2745 697 reportare.
2783 625 2986 681 Tamen
3019 637 3076 682 et
3104 628 3313 697 reliqua
3342 644 3469 699 pars
3496 631 3707 699 populi,

2125 732 2249 787 quae
2280 718 2495 772 videtur
2519 717 2772 780 imbellis,
2801 718 2845 771 si
2876 733 2999 772 eum
3030 717 3212 785 quiete
3250 719 3487 774 resideat
3519 720 3571 773 in
3608 735 3709 774 ca»

2124 809 2274 877 stris,
2316 810 2361 863 si
2397 811 2451 864 in
2481 809 2696 864 silentio
2751 817 2894 877 agat,
2928 816 2981 861 et
3010 823 3116 862 non
3170 810 3393 864 recedat
3433 826 3464 864 a
3497 808 3706 881 Moyse,

2124 903 2218 959 sed
2249 915 2562 972 permaneat
2593 904 2647 956 in
2674 902 2792 971 lege
2816 901 2933 966 Dei,
2964 911 3178 970 partem
3206 902 3505 971 spoliorum
3534 904 3702 958 etiam

2123 993 2240 1064 ipsa
2277 993 2561 1064 percipiet.
2594 993 2715 1048 Fiet
2747 991 2891 1047 enim
2926 1006 3081 1060 aequa
3120 993 3326 1062 portio,
3355 1008 3458 1047 non
3482 1008 3574 1063 per
3599 1010 3705 1048 nu-

2122 1100 2332 1141 merum
2386 1085 2630 1155 quidem,
2656 1085 2751 1139 sed
2812 1095 3071 1153 quantum
3118 1085 3281 1137 datur
3324 1083 3471 1137 omni
3510 1082 3701 1151 populo

2124 1177 2356 1247 reliquo,
2389 1186 2597 1231 tantum
2638 1186 2698 1230 et
2730 1174 2839 1229 illis
2878 1172 3163 1228 duodecim
3200 1173 3459 1236 millibus,
3505 1174 3703 1241 quibus

2122 1268 2465 1325 vincentibus
2485 1276 2643 1337 capta
2667 1275 2794 1322 sunt
2814 1265 3005 1336 spolia.
3028 1263 3161 1329 Quis
3187 1264 3301 1318 haec
3328 1264 3577 1326 audiens.
3596 1278 3698 1316 nou

2121 1364 2384 1419 invitetur
2421 1363 2487 1418 ad
2534 1362 2779 1417 militiam
2817 1362 2909 1416 Dei
2942 1363 2965 1415 ?
3005 1360 3139 1426 Quis
3169 1377 3273 1415 non
3302 1362 3578 1414 animetur
3597 1374 3699 1428 pne

2120 1472 2289 1526 gnare
2332 1471 2430 1527 pro
2478 1456 2644 1527 368
2694 1454 2937 1509 Ecclesia
2991 1462 3047 1506 et
3103 1453 3350 1507 resistere
3405 1452 3691 1506 adversum

2120 1550 2369 1605 veritatis
2423 1550 2694 1612 inimicos,
2753 1563 2848 1602 eos
2905 1544 3114 1599 scilicet
3162 1544 3250 1613 qui
3302 1543 3385 1597 vel
3437 1544 3690 1613 dogmata

2119 1640 2381 1699 Ecclesia:
2428 1656 2766 1712 oppugnare,
2815 1638 2897 1692 vel
2941 1636 3203 1708 voluptati
3241 1636 3533 1691 ctluxuria:
3567 1649 3690 1703 ope-

2125 1752 2240 1791 ram
2268 1739 2399 1793 dare
2427 1736 2677 1791 homines
2710 1733 2907 1787 docent
2933 1730 2957 1784 ἲ
2986 1729 3090 1797 Qui
3115 1745 3248 1799 ergo
3271 1730 3371 1783 hos
3404 1737 3686 1798 expugnat,

2126 1838 2180 1886 et
2210 1829 2295 1883 vel
2331 1831 2383 1884 in
2412 1843 2490 1892 se,
2522 1828 2603 1881 vel
2640 1827 2693 1880 in
2719 1825 2982 1895 proximis
3020 1824 3133 1879 suis
3165 1824 3299 1877 vitia
3334 1821 3569 1891 perimit,
3604 1820 3691 1873 hic

2127 1922 2357 1991 accipiet
2376 1920 2549 1990 spolia
2568 1918 2759 1984 multa,
2781 1915 3142 1985 quinquagies
3170 1912 3522 1980 multiplicata
3540 1922 3697 1977 quam

2127 2012 2330 2070 caeteri.
2373 2011 2640 2066 Intantum
2681 2022 2914 2079 namque
2939 2006 3147 2061 numeri
3180 2003 3464 2075 quantitas
3492 1999 3701 2052 videtur

2127 2105 2337 2178 augeri,
2356 2120 2475 2159 eum
2506 2102 2775 2159 sexcentis
2807 2100 3044 2157 millibus
3071 2097 3357 2153 duodecim
3384 2092 3550 2147 millia
3576 2105 3704 2145 cou-

2129 2198 2395 2253 feruntur.
2431 2195 2640 2252 Oll'erre
2669 2202 2849 2248 tamen
2888 2207 3012 2262 pars
3052 2199 3287 2260 utraque
3316 2186 3540 2255 jubetur
3570 2184 3701 2238 Deo.

2126 2289 2192 2344 Et
2218 2289 2290 2341 illi
2318 2290 2536 2357 quidem
2586 2286 2677 2357 qui
2730 2286 3003 2348 vicerunt,
3046 2297 3211 2337 unum
3242 2294 3309 2334 ex
3340 2274 3652 2347 quingentis
3680 2287 3700 2327 :

2127 2380 2411 2448 quiautem
2443 2378 2587 2432 domi
2621 2377 2956 2438 resederunt,
2990 2387 3154 2426 unum
3180 2386 3245 2424 ex
3278 2366 3694 2438 quinquaginta.

2127 2471 2555 2542 Quingentorum
2615 2479 2795 2523 autem
2848 2475 2900 2521 et
2956 2462 3350 2534 quinquaginta
3411 2472 3693 2513 numerum

2127 2574 2372 2617 sanctum
2404 2578 2522 2617 esse
2556 2560 2832 2629 Scriptura
2882 2566 3135 2613 testatur.
3183 2555 3335 2611 Unde
3364 2565 3417 2610 et
3448 2554 3699 2610 Salvator

2128 2652 2341 2708 dicebat
2377 2652 2429 2707 in
2458 2651 2762 2721 Evangeliis
2788 2651 2832 2681 "
2864 2667 2877 2703 :
2915 2668 2933 2700 ι
2970 2646 3183 2702 llomini
3216 2645 3431 2699 cuidam
3462 2646 3699 2699 [tenera-

2129 2744 2233 2799 tori
2287 2754 2444 2798 erant
2480 2745 2587 2798 duo
2646 2742 2965 2797 debitores:
2996 2756 3136 2794 unus
3178 2754 3242 2793 ex
3291 2736 3423 2806 ipsis
3467 2734 3698 2789 debebat

2129 2834 2383 2889 denarios
2437 2834 2779 2904 quingentos,
2832 2842 2887 2886 et
2935 2832 3073 2885 alius
3117 2827 3531 2898 quinquaginta.
3580 2822 3696 2877 Non

2128 2924 2456 2981 habentibus
2486 2923 2591 2977 illis
2625 2922 2767 2976 unde
2802 2922 3113 2983 redderent,
3146 2917 3363 2972 donavit
3387 2917 3649 2983 utrisque.
3674 2933 3694 2965 ι

2129 3018 2234 3072 Sed
2275 3026 2329 3071 et
2373 3026 2579 3086 septem
2626 3016 2944 3084 septimana:
2986 3013 3241 3077 monada,
3276 3012 3326 3065 id
3360 3019 3442 3065 est
3476 3023 3582 3063 uno
3604 3009 3700 3061 ad-

2128 3107 2260 3170 dito,
2284 3106 2758 3176 Quinquagesinue
2787 3106 2924 3159 diem
2963 3103 3187 3165 faciunt,
3214 3118 3330 3171 qua:
3352 3101 3699 3157 Pentecoste:

2129 3196 2395 3252 festivitas
2422 3198 2744 3267 appellatur.
2786 3194 3051 3249 Similiter
3078 3203 3131 3246 et
3157 3195 3501 3263 septuaginta
3528 3193 3695 3261 septi-

2129 3305 2319 3351 manze,
2351 3289 2530 3342 addita
2560 3289 2717 3342 unius
2739 3286 2955 3341 decadis
2982 3285 3338 3354 perfectione,
3368 3285 3699 3354 quingento-

2129 3397 2245 3434 rum
2273 3395 2555 3435 numerum
2584 3380 2832 3432 reddunt.
2871 3377 2975 3431 Sed
3005 3386 3211 3445 quanto
3251 3374 3437 3443 plures
3464 3384 3591 3429 sunt
3615 3390 3701 3430 se-

2127 3472 2403 3539 ptuaginta
2421 3470 2732 3539 septimanae
2753 3484 2912 3537 quam
2936 3476 3163 3537 septem,
3192 3474 3339 3521 tanto
3358 3468 3703 3531 praestantior

2125 3575 2180 3618 et
2206 3562 2501 3633 perfectior
2526 3576 2787 3616 numerus
2804 3560 3221 3629 quingentorum
3251 3573 3408 3625 quam
3434 3558 3703 3627 quinqua-

2126 3656 2294 3726 ginta.
2320 3654 2447 3709 lnde
2482 3654 2713 3722 denique
2736 3661 2791 3706 et
2833 3653 2885 3706 in
2916 3651 3171 3721 parabola
3205 3649 3509 3718 Evangelii,
3538 3666 3697 3718 quam

2127 3760 2287 3815 supra
2336 3744 2757 3813 proposuimus,
2810 3740 3066 3796 Salvator
3118 3750 3301 3795 noster
3346 3740 3701 3809 pronuntiat,

2126 3838 2266 3907 quod
2313 3836 2429 3905 plus
2471 3835 2659 3903 diligat
2711 3834 2822 3896 ille,
2846 3834 2930 3887 cui
2977 3833 3257 3903 quingenti
3298 3847 3435 3901 quos
3472 3831 3703 3885 debebat

2125 3929 2331 3983 denarii
2358 3928 2537 3981 donati
2561 3934 2704 3991 sunt,
2731 3941 2893 3994 quant
2934 3925 3024 3978 ille
3047 3926 3133 3979 cui
3159 3923 3572 3993 quinquaginta.

2194 4020 2247 4076 5.
2293 4020 2531 4086 Denique
2579 4019 2631 4071 in
2678 4017 2930 4086 prwsenti
2964 4018 3215 4083 lectione,
3246 4017 3468 4071 Eleazar
3511 4030 3698 4069 sacer-

2125 4114 2222 4167 dos
2246 4128 2350 4164 non
2399 4111 2659 4164 scribitur
2706 4109 2772 4163 ad
2802 4124 3017 4164 omnem
3048 4109 3301 4178 populum
3346 4109 3576 4173 locutus,
3606 4110 3698 4163 sed

2125 4202 2190 4257 ad
2239 4218 2332 4256 eos
2388 4210 2596 4255 tantum
2645 4199 2780 4269 (46),
2810 4200 2902 4269 qui
2951 4202 3018 4254 de
3066 4200 3256 4269 praelio
3309 4201 3565 4255 redeunt.
3611 4200 3699 4255 Ait

2124 4295 2268 4351 enim
2295 4295 2338 4325 ³⁷
2372 4312 2384 4346 :
2418 4312 2435 4344 ι
2476 4293 2539 4347 Ει
2563 4292 2950 4346 dixitEleazar
2970 4292 3220 4345 sacerdos
3262 4292 3327 4344 ad
3368 4292 3512 4345 viros
3536 4292 3699 4345 virtu.

2127 4387 2229 4452 tis,
2255 4386 2344 4455 qui
2375 4388 2785 4440 revertebantur
2809 4386 2871 4438 de
2899 4386 3103 4455 pra:lio.
3140 4405 3158 4437 ι
3195 4385 3359 4441 Vides
3398 4401 3527 4456 ergo
3569 4403 3701 4457 quo-

434 4474 1069 4546 'ceperitiius,oﬁ'erimus
1114 4477 1243 4531 Deo.
1282 4476 1394 4531 Nisi
1429 4477 1572 4533 enim
1598 4480 2020 4549 pugnaverimus
2055 4492 2097 4548 ί)
2125 4481 2281 4535 modo
2305 4481 2369 4534 ad
2396 4480 2544 4535 viros
2570 4479 2790 4533 virtutis
2808 4478 3052 4548 loquitur
3072 4493 3254 4534 sermo
3282 4478 3395 4533 Dei.
3417 4479 3527 4534 Viri
3556 4481 3698 4533 enim

447 4563 501 4617 in
534 4566 700 4621 verbo
732 4567 846 4633 Dei,
888 4583 994 4622 non
1031 4569 1331 4638 poterimus
1371 4568 1645 4637 captivare
1686 4570 2017 4627 intellectum

444 4673 633 4713 eorum
675 4659 765 4727 qui
810 4659 1020 4714 diversa
1046 4677 1075 4714 a
1105 4660 1323 4716 Christo
1364 4661 1693 4720 sentiunt.et
1722 4664 2019 4730 perducere

442 4766 535 4806 eos
560 4752 627 4806 ad
658 4752 1020 4808 obedientiam
1072 4752 1296 4810 Christi.
1335 4751 1500 4807 Pauci
1545 4762 1671 4808 sunt
1701 4762 1879 4809 tamen
1924 4758 2017 4826 qui

445 4860 685 4915 pugnare
732 4846 965 4915 possint,
994 4857 1049 4903 et
1092 4846 1273 4917 praelia
1315 4847 1416 4901 ista
1464 4847 1732 4903 conﬁcere
1759 4863 1773 4903 :
1804 4850 1871 4902 de
1895 4864 2020 4905 sex-

445 4937 617 4991 uentis
639 4937 877 4992 millibus
907 4945 961 4992 et
1000 4937 1230 5007 amplius
1269 4946 1619 4999 armatorum,
1644 4938 1736 5007 qui
1762 4939 2020 4996 videban-

448 5040 536 5081 tur
559 5028 795 5084 militare
823 5028 965 5094 Deo,
1008 5029 1123 5085 sola
1168 5030 1451 5086 duodecim
1494 5029 1661 5084 millia
1709 5030 2014 5101 eliguntur;

442 5122 625 5176 caeteri
648 5122 1024 5192 relinquuntur
1050 5123 1101 5178 in
1125 5122 1340 5179 castris.
1371 5122 1583 5178 latuere
1607 5123 1737 5177 mihi
1757 5140 1900 5181 nunc
1922 5140 2018 5196 po-

447 5215 627 5284 pulum
654 5216 745 5271 Dei
772 5215 904 5287 (45),
929 5219 1022 5287 qui
1049 5224 1132 5272 est
1161 5218 1213 5272 in
1240 5216 1504 5285 Ecclesia,
1539 5220 1728 5289 quanti
1772 5228 1899 5275 sunt
1948 5234 2016 5275 ex

447 5306 511 5359 iis
527 5305 617 5375 qui
644 5306 853 5377 possint
879 5323 977 5383 pro
1000 5308 1229 5363 veritate
1247 5321 1508 5378 pugnare,
1523 5311 1729 5378 possint
1764 5309 2018 5365 resistere

445 5396 511 5450 lis
539 5399 628 5460 qui
654 5399 1055 5465 contradicunt,
1078 5401 1167 5470 qui
1199 5400 1375 5455 sciant
1405 5402 1554 5455 verbi
1579 5400 1719 5456 bella
1757 5409 2015 5455 tractare.

514 5536 561 5569 ³³
583 5536 605 5591 l
628 5537 770 5593 Tim.
798 5556 857 5605 tt,
890 5542 944 5596 4.
1022 5540 1068 5572 ³⁸
1091 5538 1245 5603 Luc.,
1301 5553 1401 5604 vlt,
1452 5539 1538 5605 41,
1569 5539 1659 5593 42.

514 5654 627 5726 (45)
666 5656 845 5712 Codex
885 5659 1065 5713 Sancti
1110 5658 1449 5725 Theoderici,
1496 5678 1514 5711 ι
1554 5660 1747 5714 intueri
1785 5676 1925 5716 nunc
1959 5661 2014 5715 li-

444 5724 534 5780 bet
568 5726 696 5780 mihi
727 5727 1001 5796 populum.
1035 5748 1054 5781 ι

518 5796 631 5869 (46)
670 5798 851 5855 Codex
907 5798 1089 5855 Sancti
1119 5798 1463 5863 Tlicodoriei,
1490 5817 1505 5850 t
1533 5798 1752 5855 Eleazar
1772 5800 2025 5857 sacerdos

1737 5537 1779 5570 ³⁷
1816 5539 1970 5594 Nunt.
2015 5555 2165 5605 rm,
2205 5539 2297 5593 21.

2123 4573 2344 4627 virtutis
2368 4582 2516 4637 sunt,
2543 4572 2635 4640 qui
2660 4571 2726 4625 ad
2753 4570 2955 4626 bellum
2986 4573 3305 4641 procedunt.
3335 4571 3390 4625 Si
3421 4572 3541 4640 quis
3573 4588 3701 4624 vero

2122 4678 2359 4734 pugnare
2384 4679 2487 4717 non
2515 4663 2650 4729 vult,
2675 4677 2775 4718 nec
2800 4662 3053 4725 militare,
3079 4662 3123 4717 si
3151 4663 3272 4731 quis
3304 4677 3410 4717 non
3450 4662 3564 4715 vult
3603 4663 3697 4714 hac

2122 4758 2249 4812 bere
2276 4767 2550 4811 certamen
2580 4757 2885 4810 studiorum
2912 4755 3228 4809 divinorum
3252 4764 3307 4808 et
3334 4754 3697 4815 abstinentiae,

2121 4845 2210 4902 hic
2234 4860 2340 4901 non
2371 4846 2486 4899 vult
2512 4845 2737 4915 implere
2767 4844 2898 4899 illud
2947 4847 3088 4915 quod
3134 4845 3425 4915 Apostolus
3455 4846 3584 4899 dicit
3610 4844 3654 4876 ⁸⁸
3682 4861 3695 4895 :

2126 4957 2145 4992 ι
2186 4940 2288 5007 Qui
2313 4948 2491 4993 autem
2522 4938 2575 4992 in
2603 4952 2777 5009 agone
2813 4938 3114 5002 contendit,
3139 4938 3206 4993 ab
3252 4938 3506 4995 omnibus
3528 4937 3700 4992 conti-

2120 5046 2256 5087 nens
2281 5040 2383 5087 est.
2415 5049 2434 5083 ι
2478 5028 2582 5097 Qui
2626 5044 2756 5099 ergo
2780 5044 2887 5085 non
2911 5029 3189 5085 contendit
3233 5030 3286 5083 in
3329 5044 3525 5100 agone,
3552 5038 3605 5082 et
3630 5029 3698 5081 ab

2121 5125 2376 5181 omnibus
2408 5138 2515 5178 non
2562 5132 2645 5179 est
2680 5123 2992 5189 continens,
3016 5137 3191 5190 neque
3231 5124 3477 5178 exerceri
3505 5122 3621 5176 vult
3644 5122 3697 5175 in

2121 5219 2288 5269 verbo
2315 5214 2433 5281 Dei,
2457 5222 2512 5268 et
2541 5213 2593 5266 in
2623 5213 2737 5282 lege
2763 5214 2973 5268 Domini
3016 5214 3266 5268 meditari
3291 5215 3378 5268 die
3412 5227 3479 5267 ac
3520 5222 3697 5273 nocte,

2123 5306 2210 5361 hic
2228 5304 2444 5361 etiamsi
2464 5304 2549 5357 vir
2580 5303 2914 5369 dicatur,vir
2941 5314 3119 5359 tamen
3145 5304 3361 5359 virtutis
3389 5318 3495 5359 non
3518 5312 3699 5371 potest

2123 5396 2410 5467 appellari.
2442 5397 2512 5450 At
2537 5409 2665 5450 vero
2696 5395 2803 5462 hic,
2831 5397 2898 5450 de
2924 5409 3033 5463 quo
3064 5408 3208 5451 nunc
3227 5409 3411 5451 sermo
3439 5403 3520 5449 est
3547 5390 3699 5447 Scri-

2374 5540 2418 5571 ³⁸
2442 5539 2461 5594 ι
2485 5539 2610 5595 Cor.
2654 5555 2731 5604 rx,
2758 5538 2849 5593 25.

2122 5677 2227 5715 non
2250 5662 2317 5714 ad
2345 5674 2533 5713 omnes
2559 5659 2702 5713 viros
2727 5658 2940 5713 virtutis
2964 5659 3053 5727 qui
3076 5654 3491 5711 revertebantur
3519 5653 3587 5711 ad
3607 5658 3713 5724 po-f

2121 5731 2302 5799 pulum
2334 5730 2541 5787 locutus
2568 5739 2674 5799 cst,
2710 5730 2803 5785 sed
2843 5728 2909 5784 ad
2946 5744 3037 5785 eos
3066 5736 3297 5792 tantum,
3342 5744 3361 5779 υ
3399 5735 3502 5781 etc.
