4104 6226
404 276 509 333 769

1543 275 1613 331 ιΝ
1644 276 1980 334 NUMEROS
2013 277 2301 337 llOMlLlA
2336 283 2503 339 ιιιιν.

3568 292 3671 347 770

405 407 576 467 pturte
602 394 821 459 divinat,
865 394 958 465 qui
985 393 1154 463 spolia
1177 394 1246 450 de
1271 393 1519 449 hostibus
1548 395 1737 464 refert,
1764 396 1852 451 vir
1874 398 1985 451 vir-
2015 402 2062 457 Α
2090 408 2176 453 cet
2209 402 2451 456 historize
2495 411 2694 457 textus.
2726 402 2988 459 Exierunt
3020 405 3109 460 isti
3156 421 3392 476 pugnare
3423 423 3519 475 pro
3548 407 3673 463 ﬂliis

409 490 540 544 tutis
573 487 915 557 appellatur:
950 488 1054 542 hoc
1080 495 1163 541 est
1210 487 1355 541 enim
1410 488 1588 542 laudis
1612 487 1729 556 ejus
1752 488 1983 558 insigne,

405 579 550 651 quod
578 579 858 649 Scriptura
890 578 1043 644 dicit,
1063 580 1190 650 quia
1217 579 1433 636 locutus
1453 589 1534 634 est
1557 580 1783 635 Eleazar
1804 595 1987 637 sacer-

405 673 503 727 dos
546 672 610 727 ad
656 672 801 727 viros
843 671 1084 737 virtutis,
1128 673 1217 741 qui
1259 672 1676 728 revertebantur
1708 688 1736 727 a
1779 674 1986 744 praelia.

405 762 539 831 Quis
560 771 801 818 nostrum
824 762 898 816 ita
923 770 1145 832 paratus
1171 772 1274 829 est,
1306 776 1364 819 ut
1386 771 1646 835 procedat
1694 767 1760 821 ad
1785 764 1984 821 bellum

404 861 462 909 et
486 862 673 909 contra
701 854 1043 909 adversarios
1071 856 1313 923 dimicet,
1345 868 1404 913 ut
1440 868 1494 914 et
1537 860 1650 927 ipse
1697 860 1781 913 vir
1817 858 1988 925 possit

405 948 659 1019 appellari
708 948 930 1002 virtutis
969 947 1177 1003 ?Sicut
1224 959 1404 1005 autem
1445 953 1556 1006 vita
1596 952 1904 1013 continens,
1933 958 1987 1006 et

408 1040 751 1096 abstinentia:
774 1039 945 1105 labor,
978 1050 1144 1108 atque
1166 1055 1398 1108 agonum
1432 1044 1754 1105 certamina,
1782 1041 1989 1096 faciunt

409 1145 853 1201 unumquemque
882 1131 1059 1185 virum
1106 1132 1323 1186 virtutis
1367 1132 1674 1201 appellari:
1710 1134 1779 1186 ita
1824 1147 1988 1187 econ-

409 1226 581 1281 trario
630 1224 857 1279 remissa
884 1224 1015 1289 vita,
1050 1240 1112 1279 ac
1168 1226 1471 1295 negligens,
1500 1235 1552 1280 et
1613 1226 1829 1294 ignava,
1856 1224 1988 1280 facit

408 1315 586 1370 virum
631 1315 862 1383 ignavia:
912 1316 1193 1385 appellari.
1226 1317 1283 1371 Si
1331 1332 1464 1387 ergo
1507 1318 1590 1372 vis
1620 1317 1878 1386 appellari
1905 1318 1990 1370 vir

406 1410 645 1475 virtutis,
694 1409 859 1463 indue
901 1418 953 1464 te
997 1410 1274 1465 Christum
1310 1411 1619 1473 Dominum,
1656 1412 1857 1480 quiest
1892 1409 1987 1464 Dei

406 1502 604 1564 virtus,
630 1509 683 1555 et
726 1500 819 1555 Dei
852 1500 1219 1570 sapientia,et
1268 1503 1321 1555 in
1374 1503 1629 1556 omnibus
1674 1502 1910 1571 adjnnge
1940 1510 1990 1554 te

407 1594 655 1659 Domino,
694 1594 765 1648 ita
804 1603 863 1647 ut
900 1610 1038 1647 unus
1082 1609 1202 1648 cum
1246 1608 1311 1648 eo
1347 1595 1574 1663 spiritus
1607 1595 1725 1659 tias,
1756 1603 1805 1649 et
1859 1604 1989 1649 tunc

404 1686 488 1741 vir
505 1686 720 1741 virtutis
758 1685 1284 1756 elIicieris.Tcmpus
1333 1688 1497 1756 igitur
1539 1682 1680 1742 belli
1710 1688 1865 1742 nobis
1907 1696 1990 1741 est

405 1778 458 1832 in
498 1779 601 1832 hoc
645 1778 845 1831 mundo
883 1816 898 1839 ,
936 1792 1113 1847 pugna
1163 1779 1427 1835 adversus
1483 1780 1809 1834 Madianitas
1857 1790 1981 1843 est,

404 1872 519 1924 sive
567 1870 854 1924 adversum
911 1872 1041 1927 vitia
1093 1874 1279 1927 carnis
1338 1884 1558 1937 nostrae,
1618 1874 1735 1929 sive
1784 1872 1984 1927 adver-

404 1980 522 2014 sum
582 1964 886 2017 contrarias
952 1972 1270 2032 potestates.
1322 1965 1543 2035 Spectat
1604 1982 1704 2021 nos
1760 1967 1989 2036 angelo-'

405 2068 521 2104 rum
564 2054 786 2120 chorus,
816 2055 1074 2108 virtutum
1108 2056 1407 2110 caelestium
1448 2059 1537 2127 pia
1564 2073 1693 2127 erga
1725 2074 1823 2114 nos
1848 2075 1983 2128 pen-

402 2146 493 2197 det
521 2145 876 2213 exspectatio,
909 2149 1129 2216 quando
1154 2148 1237 2201 vel
1263 2151 1536 2217 quomodo
1571 2151 1636 2204 de
1664 2152 1765 2205 hoc
1793 2152 1983 2220 praelia

404 2246 758 2302 revertamur,
780 2238 909 2307 quid
934 2239 1306 2310 unusquisque
1330 2252 1576 2297 nostrum
1601 2244 1981 2299 manubiarum

401 2334 640 2393 reportet
678 2335 774 2381 :et
804 2328 1084 2382 intuentur
1112 2330 1404 2395 curiosius,
1436 2348 1498 2387 ac
1531 2332 1822 2387 sollicitius
1865 2349 1984 2403 per-

397 2426 735 2485 serutantur,
770 2421 893 2489 quis
933 2430 1177 2476 nostrum
1212 2423 1330 2477 auri
1377 2424 1503 2478 hinc
1548 2424 1779 2495 amplius
1819 2425 1979 2494 ferat,

396 2508 517 2575 quis
563 2509 728 2562 etiam
775 2512 984 2580 argenti
1034 2513 1163 2567 illud
1210 2516 1420 2582 pondus
1468 2516 1746 2581 exhibeat,
1792 2518 1982 2586 quisve

397 2597 603 2669 lapides
652 2599 863 2656 deferat
888 2605 1181 2672 pretiosos.
1226 2604 1530 2674 Requirunt
1577 2609 1739 2661 etiam
1769 2608 1813 2661 si
1859 2611 1982 2678 quis

395 2706 471 2745 :es
496 2690 704 2746 deferat
737 2704 833 2748 aut
859 2694 1087 2763 ferrum,
1116 2705 1209 2751 aut
1245 2698 1543 2767 plumbum,
1571 2700 1665 2753 sed
1710 2711 1765 2755 et
1795 2715 1890 2755 vas
1924 2700 1984 2754 li-

395 2797 589 2854 gneum
615 2786 659 2840 si
689 2784 831 2841 forte
856 2787 1079 2856 aliquis,
1125 2801 1220 2842 aut
1268 2790 1453 2856 ﬁctile,
1479 2800 1573 2844 aut
1604 2792 1748 2847 aliud
1797 2792 1983 2861 hujuso

396 2876 537 2931 modi
569 2892 775 2948 magnae
815 2878 1007 2933 domus
1052 2878 1239 2934 usibus
1275 2882 1665 2937 necessarium.
1698 2901 1717 2934 ι
1762 2881 1817 2939 lu
1867 2900 1981 2937 ma-

398 2984 502 3038 gna
545 2970 692 3023 enim
732 2972 892 3026 domo
924 2987 1030 3027 non
1071 2982 1198 3027 sunt
1229 2974 1603 3029 tantummodo
1646 2990 1774 3029 vasa
1812 2991 1976 3029 aurea

2093 488 2280 557 Israel,
2316 490 2711 547 interfecerunt
2741 491 3060 549 Madianitas
3090 514 3105 561 ;
3143 497 3528 552 interlirientes
3574 513 3672 553 auo

2093 588 2199 633 tem
2256 596 2385 647 eos,
2447 594 2705 653 quantum
2755 586 2820 639 ad
2871 585 3113 641 historia:
3166 588 3411 642 ordinem
3465 600 3670 659 spectat

2090 684 2144 728 et
2176 675 2408 730 litteram
2444 676 2599 745 legis,
2630 677 2951 746 placuerunt
2984 679 3116 744 Deo,
3148 680 3475 734 voluntatem
3519 698 3667 736 natm

2090 778 2195 833 que
2227 764 2320 819 Dei
2354 765 2739 835 impleverunt;
2787 775 2967 823 tamen
3011 770 3114 824 hoc
3152 770 3291 838 ipso,
3326 772 3465 840 quod
3502 773 3669 826 inter-

2090 854 2338 912 fecerunt
2383 857 2747 921 adversarios,
2788 858 3049 915 immundi
3102 862 3354 915 dicuntur
3389 860 3587 925 elieeti,
3619 875 3671 916 et

2090 958 2374 1016 propterea
2424 949 2623 1003 dicitur
2652 950 2719 1003 ad
2769 964 2865 1004 eos
2896 950 2939 983 δ’
2972 967 2985 1004 :
3023 969 3041 1002 ι
3092 951 3158 1005 Ει
3201 952 3448 1005 lavabitis
3501 954 3670 1004 vesti-

2092 1050 2271 1093 menta
2304 1049 2481 1094 vestra
2529 1041 2616 1094 die
2657 1043 2909 1109 septima,
2940 1052 2994 1096 et
3026 1044 3210 1095 mundi
3244 1043 3415 1105 eritis,
3449 1052 3502 1096 et
3553 1054 3673 1108 post

2093 1131 2206 1185 hare
2226 1132 2513 1187 introibitis
2534 1133 2583 1185 in
2609 1146 2811 1189 castra.
2829 1154 2845 1186 ι
2868 1136 3004 1204 Ergo
3024 1133 3076 1186 hi
3099 1134 3186 1201 qui
3213 1142 3472 1202 pugnant,
3494 1148 3589 1200 pro
3606 1149 3671 1185 eo

2090 1224 2255 1294 369
2311 1226 2426 1293 ipso
2478 1226 2619 1293 quod
2649 1228 2989 1295 contigerunt
3024 1228 3208 1279 hostes
3239 1226 3566 1287 immundos,
3610 1235 3665 1279 et

2092 1315 2237 1382 quod
2268 1314 2497 1383 ingressi
2544 1325 2673 1369 sunt
2713 1328 2902 1370 contra
2937 1331 3051 1379 eos,
3102 1327 3157 1370 et
3199 1316 3490 1370 habuerint
3546 1331 3666 1387 cum

2093 1408 2171 1462 eis
2223 1418 2523 1472 certamen,
2583 1410 2771 1479 polluti
2827 1420 2973 1462 sunt.
3017 1409 3082 1461 Et
3119 1424 3220 1479 ego
3272 1424 3403 1478 ergo
3454 1408 3667 1462 etimnsi

2094 1500 2315 1552 vincere
2374 1509 2603 1569 potuero
2664 1499 2974 1565 diabolum,
3042 1501 3256 1554 etiamsi
3309 1501 3672 1568 cogitationes

2090 1582 2400 1643 immundas
2432 1602 2486 1644 et
2520 1591 2714 1655 malas,
2767 1608 2901 1661 quas
2933 1592 3083 1646 cordi
3120 1606 3241 1645 meo
3285 1592 3553 1661 suggerit,
3588 1592 3671 1643 vel

2094 1682 2356 1752 repellere
2400 1684 2701 1746 venientes,
2729 1685 2813 1738 vel
2866 1685 3140 1755 ingressas
3171 1698 3371 1738 necare
3405 1684 3545 1738 intra
3564 1699 3672 1747 me,

2091 1792 2160 1831 ne
2192 1777 2257 1829 ad
2289 1775 2539 1831 ellectum
2584 1778 2926 1847 perveniant,
2981 1778 3229 1848 quivere,
3277 1787 3329 1830 et
3378 1778 3422 1829 si
3461 1775 3677 1829 calcare

2086 1880 2316 1938 petuero
2360 1879 2523 1939 caput
2560 1871 2833 1933 draconis,
2868 1870 2969 1923 hoc
3011 1870 3129 1940 ipso
3156 1878 3337 1923 tamen
3373 1867 3529 1937 pollui
3585 1880 3671 1919 me

2084 1971 2139 2015 et
2172 1962 2448 2031 inquinari
2484 1978 2708 2017 necesse
2746 1972 2850 2027 est,
2882 1965 3023 2032 quod
3054 1979 3176 2017 eum
3205 1964 3295 2032 qui
3333 1962 3569 2030 pollutus
3618 1968 3673 2013 et

2087 2052 2403 2122 inquinatus
2432 2062 2536 2120 est,
2569 2054 2805 2123 contigi;
2839 2062 2893 2107 et
2922 2068 3017 2108 ero
3042 2055 3262 2123 quidem
3292 2055 3505 2118 beatus,
3525 2055 3671 2120 quod

2084 2159 2208 2198 eum
2248 2160 2506 2213 superare
2530 2145 2701 2213 potui,
2729 2144 3042 2198 immundus
3083 2155 3263 2199 tamen
3306 2161 3423 2199 sum
3464 2155 3517 2199 et
3554 2146 3671 2214 pol-

2084 2235 2252 2301 lutus,
2287 2234 2379 2305 qui
2412 2234 2675 2303 pollutum
2712 2236 2938 2303 contigi,
2969 2245 3024 2289 et
3065 2236 3135 2290 ob
3165 2236 3269 2290 hoc
3294 2236 3672 2304 puriﬁcatione

2085 2341 2239 2395 egeo.
2291 2326 2496 2380 Idcirco
2524 2326 2781 2379 nimirum
2817 2337 2867 2379 et
2922 2326 3203 2395 Scriptura
3253 2328 3428 2383 dicit:
3476 2328 3521 2360 ⁸³
3543 2328 3670 2397 quia

2090 2436 2107 2468 ι
2142 2431 2301 2471 nemo
2332 2418 2563 2471 mundus
2602 2432 2631 2470 a
2681 2420 2863 2471 sorde.
2903 2435 2921 2467 ι
2967 2420 3170 2472 Omnes
3226 2435 3358 2487 ergo
3410 2424 3666 2488 purtlica-

2087 2509 2232 2561 tione
2265 2507 2592 2576 indigemus,
2636 2508 2745 2560 imo
2782 2507 3275 2577 puriﬁcationibus.
3313 2510 3491 2566 Multa:
3524 2518 3668 2569 enim

2083 2610 2137 2654 et
2174 2600 2402 2654 diversae
2434 2614 2533 2653 nos
2572 2608 2794 2654 manent
2843 2600 3274 2668 purificationes.
3306 2605 3413 2658 Sed
3442 2609 3669 2677 mystica

2083 2689 2198 2744 hcce
2228 2700 2355 2745 sunt
2385 2700 2441 2745 et
2467 2689 2790 2748 ineffabilia.
2828 2691 2961 2757 Quis
2998 2693 3147 2747 enim
3203 2698 3360 2750 nobis
3410 2712 3671 2754 enarrare

2082 2784 2324 2854 poterit,
2383 2799 2503 2854 qum
2561 2784 2670 2837 sint
2723 2784 3174 2853 puriﬁcationes,
3240 2802 3359 2856 qua:
3410 2801 3672 2860 parentur

2082 2875 2273 2940 Paulo,
2320 2877 2405 2931 vel
2454 2878 2616 2932 Petro
2665 2880 2802 2948 (49),
2862 2880 2947 2933 vel
2978 2882 3102 2937 aliis
3145 2883 3337 2936 horqu
3376 2885 3670 2952 similibus,

2082 2968 2172 3037 qui
2205 2978 2409 3021 tantum
2438 2980 2835 3039 pugnaverunt,
2882 2981 2959 3027 tot
2985 2981 3174 3041 gentes
3226 2974 3488 3030 barbaras
3522 2977 3671 3031 dele-

392 3073 445 3116 et
485 3069 763 3134 argentea,
791 3063 885 3118 sed
909 3073 964 3121 et
1006 3064 1181 3133 lignea
1209 3075 1264 3120 et
1292 3065 1477 3121 ﬁctilia
1510 3066 1576 3121 ³³,
1618 3085 1636 3119 ι
1666 3067 1982 3137 nequir-im;-
2008 3078 2050 3136 ο
2084 3069 2300 3123 verunt,
2334 3069 2409 3114 tot
2447 3063 2632 3116 hostes
2680 3071 3117 3130 prostraverunt,
3162 3075 3311 3119 tanta
3344 3067 3539 3136 spolia,
3587 3078 3663 3122 tot

393 3167 523 3225 ergo
550 3153 839 3222 diligenter
866 3169 990 3210 cum
1016 3154 1313 3210 abierimus
1340 3156 1484 3223 illuc,
1522 3156 1649 3226 quid
1684 3158 1981 3226 unusquis-

391 3259 496 3312 que
530 3253 773 3300 nostrum
796 3244 1020 3311 delerat,
1046 3253 1100 3299 et
1132 3246 1429 3300 secundum
1462 3260 1526 3300 ea
1554 3260 1674 3316 quae
1708 3247 1981 3315 detulerit,

396 3335 696 3390 secundum
749 3337 893 3406 quod
933 3336 1088 3391 labor
1116 3338 1236 3406 ejus
1269 3352 1368 3406 pro
1389 3337 1851 3408 contemplatione
1883 3353 1983 3392 ex-

396 3426 642 3480 uviarum
666 3426 945 3497 probatur,
980 3430 1148 3483 etiam
1178 3428 1475 3484 mansionis
1502 3429 1615 3502 (67)
1649 3431 1699 3484 ei
1729 3430 1983 3485 meritum

394 3520 763 3591 deputabitur.
796 3520 1106 3576 Probantur
1133 3535 1314 3578 tamen
1354 3522 1535 3577 omnia
1562 3519 1676 3576 haec
1705 3538 1720 3576 :
1746 3536 1866 3591 quae
1888 3534 1985 3590 per

396 3617 572 3683 ignem
599 3656 615 3683 ,
653 3629 775 3684 qua:
820 3629 919 3685 per
970 3629 1162 3684 aquam
1201 3630 1221 3667 τ
1270 3631 1291 3666 ι
1335 3612 1777 3684 Uniuscujusque
1836 3615 1982 3668 enim

393 3722 530 3780 Opus
568 3706 727 3777 quale
754 3709 848 3775 sit,
875 3706 1018 3778 ignis
1048 3705 1384 3777 probabit“.
1424 3723 1443 3757 ι

462 3806 515 3859 ϐ.
546 3804 845 3873 Propterea
878 3814 1009 3871 ergo
1068 3800 1143 3854 ait
1174 3798 1219 3830 “
1257 3812 1272 3851 :
1310 3816 1331 3850 ι
1381 3797 1508 3853 Haec
1556 3805 1641 3853 est
1663 3797 1983 3869 jnstiliratio

392 3899 545 3971 legis,
566 3914 724 3968 quam
745 3896 1025 3952 constituit
1041 3894 1299 3951 Dominus
1316 3893 1483 3964 Moysi
1510 3908 1524 3946 :
1550 3905 1748 3964 praeter
1765 3908 1979 3961 aurum,

390 4003 444 4047 et
466 4000 771 4064 argentum,
797 3997 849 4044 et
864 3996 1244 4053 aeramentum,
1264 3994 1319 4039 et
1350 3984 1577 4054 ferrum,
1596 3998 1651 4041 et
1678 3986 1977 4055 plumbum,

389 4095 735 4151 etstannum,
762 4092 817 4138 et
842 4081 1020 4137 omnis
1046 4095 1134 4135 res
1156 4093 1276 4148 qua:
1301 4078 1496 4132 transit
1523 4092 1619 4145 per
1636 4078 1838 4147 ignem,
1872 4087 1983 4131 tra-

394 4177 571 4231 ducite
600 4191 698 4246 per
728 4176 907 4243 ignem
934 4182 987 4228 et
1016 4170 1386 4227 inundabitur.
1415 4169 1521 4225 Sed
1548 4178 1602 4225 et
1633 4170 1685 4224 in
1713 4184 1850 4241 aqua
1883 4185 1983 4239 pu-

392 4269 711 4324 r'.llcationis
754 4267 1210 4338 puriﬁcabuntur.
1248 4262 1445 4320 Omnia
1488 4278 1824 4334 quaecunque
1872 4278 1978 4317 non

393 4369 675 4416 transeunt
705 4375 803 4430 per
838 4359 1044 4430 ignem,
1068 4357 1376 4413 transibunt
1429 4371 1527 4426 per
1561 4370 1782 4425 aquam,
1819 4366 1873 4409 et
1901 4354 1980 4408 la-

2093 3150 2395 3219 triumphos
2427 3156 2709 3220 ceperunt,
2734 3154 2826 3221 qui
2864 3155 3110 3208 cruentis
3137 3157 3389 3211 manibus
3419 3158 3485 3211 de
3518 3160 3666 3213 caede

2090 3244 2324 3297 hostium
2360 3243 2613 3307 redeunt,
2651 3260 2883 3312 quorum
2942 3262 3037 3315 pes
3072 3248 3270 3301 tinctus
3315 3259 3397 3302 est
3433 3250 3483 3302 in
3536 3267 3666 3303 san-

2087 3333 2270 3401 guine,
2302 3342 2357 3386 et
2406 3349 2602 3389 manus
2634 3350 2761 3391 suas
2788 3336 3046 3390 laverunt
3090 3338 3142 3391 in
3171 3340 3439 3407 sanguine
3472 3354 3667 3409 pecca-

2090 3427 2319 3479 torum?
2376 3424 2773 3481 lnterl'ecerunt
2804 3428 3004 3497 quippe
3049 3429 3101 3482 in
3150 3430 3432 3484 matutinis
3476 3445 3669 3486 omnes

2088 3526 2401 3586 peceatores
2443 3526 2622 3585 terrae,
2663 3526 2719 3572 et
2759 3519 3049 3588 imaginem
3081 3534 3269 3575 eorum
3327 3522 3665 3576 extermina-

2087 3616 2284 3661 verunt
2308 3607 2375 3662 de
2396 3606 2616 3662 civitate
2658 3607 2890 3662 Domini.
2922 3609 3182 3664 \‘ieerunt
3207 3612 3404 3681 quippe
3434 3621 3489 3667 et
3512 3628 3668 3682 pere-

2087 3708 2305 3753 merunt
2353 3699 2602 3755 diversas
2632 3701 2937 3754 dzemohum
2990 3713 3205 3773 gentes.
3253 3705 3367 3759 Nisi
3406 3708 3552 3759 enim
3584 3706 3666 3761 vi-

2086 3792 2289 3847 cissent
2314 3807 2432 3856 eas,
2467 3807 2571 3847 non
2604 3795 2909 3863 potuissent
2942 3810 3139 3865 capere
3170 3812 3236 3851 ex
3271 3798 3352 3851 eis
3394 3799 3661 3867 captivos,

2084 3898 2306 3939 omnem
2364 3886 2507 3938 hunc
2538 3882 2876 3941 credentium
2926 3899 3235 3949 numerum,
3266 3896 3321 3939 et
3367 3887 3663 3956 perducere

2083 3989 2178 4031 eos
2209 3975 2274 4032 ad
2307 3974 2673 4030 obedientiam
2729 3975 2961 4042 Christi,
3005 3984 3061 4032 et
3111 3977 3345 4031 subdere
3397 3992 3492 4033 eos
3527 3978 3658 4048 jugo

2083 4065 2203 4136 ejus
2231 4065 2407 4131 suavi,
2436 4073 2489 4119 et
2540 4065 2821 4133 imponere
2867 4066 2948 4121 eis
2978 4080 3116 4120 onus
3166 4066 3282 4133 ejus
3332 4065 3473 4121 leve.
3526 4067 3661 4135 Quis

2084 4173 2215 4228 ergo
2237 4159 2312 4212 ita
2342 4159 2535 4213 beatus
2556 4168 2662 4225 est,
2691 4162 2783 4229 qui
2816 4159 3076 4213 succedat
3105 4158 3186 4212 eis
3218 4159 3270 4212 in
3322 4159 3406 4212 his
3432 4160 3658 4227 prreliis,

2084 4260 2140 4305 et
2170 4249 2464 4305 interﬁciat
2487 4266 2678 4306 omnes
2717 4250 3064 4317 Madianitas,
3119 4258 3173 4305 et
3216 4250 3552 4321 justiﬁcetur
3591 4266 3658 4305 ex

2086 4344 2348 4412 sanguine
2368 4357 2556 4398 eorum
2581 4343 2604 4396 l
2649 4342 2981 4413 Sanguinem
3027 4343 3174 4397 enim
3200 4343 3509 4397 daemonum
3542 4342 3662 4397 l‘un-

392 4453 588 4510 vabitis
618 4454 944 4509 vestimenta
971 4460 1150 4508 vestra
1180 4451 1265 4507 die
1298 4437 1549 4521 septima,
1573 4459 1628 4504 et
1659 4448 1841 4503 mundi
1877 4448 1978 4502 eri-

2086 4435 2211 4488 dere
2245 4434 2465 4498 dicitur,
2493 4433 2584 4501 qui
2623 4433 2785 4501 eripit
2813 4448 2908 4488 eos
2935 4433 3134 4502 quibus
3167 4433 3243 4487 illi
3279 4433 3659 4489 dominantur.

394 4547 482 4611 tis,
517 4552 572 4599 et
613 4552 736 4615 post
772 4544 889 4599 haec
921 4542 1215 4598 introibitis
1260 4542 1313 4595 in
1356 4547 1561 4595 castra.
1598 4556 1618 4590 ι
1654 4538 1816 4592 Vides
1841 4552 1975 4607 quo-

391 4636 552 4691 modo
607 4634 983 4706 puriﬁcatione
1036 4633 1241 4703 indiget
1291 4631 1488 4695 omnis,
1521 4629 1617 4699 qui
1667 4629 1865 4684 exierit
1912 4629 1980 4683 de

392 4726 575 4795 praelio
611 4726 736 4781 vita:
780 4724 956 4793 hujus.
992 4723 1146 4791 Quod
1174 4722 1216 4779 si
1253 4721 1326 4776 ita
1373 4729 1461 4776 est
1506 4718 1644 4793 (48),
1677 4728 1734 4773 ut
1776 4717 1978 4788 aliquid

393 4818 620 4874 audeam
654 4818 835 4874 dicere
861 4816 1157 4873 secundum
1190 4813 1483 4885 Scriptura:
1511 4813 1709 4867 divina:
1738 4812 1979 4867 auctori-

336 4958 343 4963 .
389 4920 579 4979 tatem,
632 4912 809 4967 omnis
862 4910 952 4981 qui
984 4908 1183 4965 exierit
1222 4910 1287 4963 de
1335 4908 1436 4960 hac
1467 4908 1603 4970 vita,
1648 4919 1757 4958 non
1805 4914 1983 4973 potest

392 5020 513 5062 esse
540 5004 791 5059 mundus.
828 5002 1121 5059 Considera
1157 4998 1299 5054 enim
1341 4996 1625 5067 diligenter
1659 4994 1787 5065 quid
1836 4992 1980 5047 indi-

467 5123 512 5155 "
547 5120 732 5175 lTim.
762 5134 825 5183 tt,
856 5116 948 5173 20.
1024 5114 1068 5146 ⁸⁸
1099 5113 1115 5168 l
1160 5111 1287 5168 Cor.
1325 5126 1405 5178 ιιι,
1436 5110 1522 5164 15.

459 5286 576 5355 ,(47)
616 5285 797 5341 Codex
842 5281 901 5336 S.
932 5278 1329 5355 Tlreodoric_i,r
1377 5276 1674 5355 secundum
1732 5272 1974 5355 laborem

392 5342 822 5425 uniuscujusque
854 5367 953 5425 pro
980 5348 1435 5425 crmtemplatione
1457 5346 1774 5400 exuviarum
1803 5352 1857 5398 et
1898 5342 1975 5396 la-

390 5428 492 5483 bor
518 5418 1035 5492 probabitur—etiam
1062 5418 1382 5492 mansionis.
1399 5442 1417 5475 ι

462 5481 575 5571 (iii)
615 5495 770 5559 Mss...
810 5511 829 5544 ι
869 5492 913 5547 si
942 5492 1014 5545 ita
1043 5499 1145 5548 est.
1185 5507 1205 5540 ι
1238 5487 1393 5543 Libb.
1440 5483 1593 5551 editi,
1636 5501 1655 5533 α
1691 5483 1736 5539 si
1769 5481 1974 5554 aliquid

396 5580 495 5624 εει.
547 5586 568 5621 ι

2084 4526 2381 4582 Lavabitur
2417 4536 2599 4582 autem
2637 4528 2737 4581 hoc
2768 4527 3051 4595 sanguine,
3105 4537 3159 4581 et
3193 4526 3577 4597 purificabitur
3604 4527 3659 4581 in
3720 4530 3731 4542 '

2080 4622 2256 4690 regno
2284 4619 2401 4685 Dei,
2429 4630 2491 4673 ut
2522 4620 2841 4690 puriﬁcatus
2868 4628 2922 4675 et
2958 4619 3192 4674 mundus
3222 4619 3451 4674 ell‘ectus
3486 4621 3661 4688 possit

2082 4716 2295 4786 ingredi
2362 4722 2610 4770 sanctam
2680 4714 2955 4770 civitatem
3029 4713 3158 4778 Dei,
3211 4714 3492 4782 aperiente
3555 4712 3658 4767 sibi

2078 4808 2281 4863 ostium
2333 4806 2555 4863 Christo
2593 4805 2721 4862 Jesu
2765 4805 2993 4861 Domino
3046 4812 3253 4867 nostro,
3299 4804 3409 4857 imo
3440 4803 3529 4871 qui
3580 4813 3659 4856 est

2080 4901 2277 4956 ostium
2294 4899 2531 4955 civitatis
2554 4899 2725 4969 ipsius
2751 4898 2874 4952 Dei:
2902 4897 2987 4952 cui
3008 4906 3089 4951 est
3107 4896 3277 4967 gloria
3302 4906 3357 4951 et
3374 4894 3658 4966 imperium

2082 4993 2137 5046 in
2172 4992 2370 5047 sarcula
2392 4991 2740 5047 smcnlorum.
2773 4992 2966 5045 Amen.

1601 5108 1642 5139 ἰι
1680 5107 1839 5162 Νιιιιι.
1875 5120 2031 5172 xxxr,
2064 5105 2156 5174 2!,
2190 5104 2282 5168 22,
2307 5104 2399 5170 2.5,
2427 5104 2520 5158 24.
2594 5103 2640 5135 "
2670 5102 2799 5158 ibid.
2830 5100 2921 5156 24.
2997 5102 3043 5134 “
3068 5100 3190 5158 Job.
3216 5118 3328 5170 xtv,
3357 5102 3411 5157 4.

2076 5272 2112 5325 2
2139 5274 2195 5327 in
2225 5270 2471 5335 Iudices,
2500 5270 2536 5323 2
2565 5270 2621 5323 in
2674 5268 2936 5323 Ezechiel.
2979 5269 3052 5324 Ita
3082 5270 3246 5324 etiarn
3303 5280 3493 5325 auctor
3528 5270 3660 5325 Con-

2074 5344 2188 5396 stit.
2212 5341 2442 5421 apparat.
2463 5341 2555 5394 lih.
2590 5355 2711 5421 vin,
2736 5355 2854 5421 cap.
2880 5340 2950 5395 55
2980 5341 3417 5421 ;Euseb._hixlor_.
3446 5344 3539 5421 lib.
3561 5359 3662 5409 vn,

2074 5427 2195 5483 cap.
2239 5412 2348 5475 l8;
2398 5410 2626 5493 Gregor.
2662 5412 2994 5494 Nazianzen:
3024 5422 3165 5467 orat.
3198 5412 3284 5475 lli,
3322 5415 3422 5467 sub
3453 5413 3615 5467 linem
3647 5430 3660 5475 ;

2072 5482 2506 5554 Chrysostomus
2537 5480 2659 5537 hbr.
2693 5481 3120 5554 De‘rtrgtnuate,
3146 5482 3390 5554 cap.r82,
3409 5492 3462 5537 et
3487 5499 3657 5539 serm.

2074 5550 2152 5624 De
2168 5550 2595 5624 mansuetudine,
2627 5561 2682 5608 et
2708 5551 2823 5619 alii,
2856 5552 2949 5608 sed
2983 5553 3186 5624 absque
3219 5550 3334 5608 ullo
3385 5555 3661 5624 primatus

464 5638 577 5720 μθ)
612 5637 744 5720 οαιξ
766 5640 1021 5720 vetetur,
1045 5629 1225 5720 993‘}?
1253 5623 1657 5720 fi‘.f’t£t?;§i°
1690 5621 1965 5720 ἔπιεεεὲξξιι
2068 5621 2217 5679 Pe“
2256 5621 2592 5695 Wi“d‘°i°-

400 5691 656 5778 Origenes
707 5691 934 5761 Pa'ulum
967 5703 1209 5758 nominat
1251 5708 1380 5755 ante
1414 5696 1656 5763 Petrum,
1692 5700 1753 5749 ut
1776 5691 1967 5749 bomil.

2270 6090 2605 6187 Α.
