4104 6226
998 397 1274 454 IIOMILIA
1312 396 1505 453 XXVI.

751 489 826 544 De
850 508 1051 544 suntme
1077 490 1288 543 numeri
1309 489 1545 555 ﬁliorum
1574 486 1769 540 Israel.

545 586 596 638 I.
641 582 984 638 Dill‘ereutias
1021 596 1145 635 esse
1176 580 1514 650 profectnum
1543 588 1596 633 et
1623 579 1949 632 meritorum
1986 579 2037 631 in

468 677 668 746 populo
714 675 974 736 ﬁdelium,
1025 673 1069 726 si
1110 673 1233 742 quis
1297 670 1610 740 diligentius
1665 671 1908 724 intendat
1961 668 2041 722 le-

464 771 659 834 ctioni,
682 768 865 822 multis
897 768 948 821 in
972 767 1106 821 locis
1139 767 1338 820 divinis
1371 767 1421 818 in
1453 765 1821 819 voluminibus
1848 764 2040 830 depre-

468 863 685 919 hendet.
715 861 828 916 Non
862 861 1038 915 minus
1095 869 1273 914 autem
1309 860 1445 922 haec,
1476 866 1531 911 et
1562 873 1626 912 ex
1673 858 1929 925 praesenti
1958 857 2039 909 le~

466 959 648 1013 ctione
671 957 979 1026 colligimus
1016 953 1083 1008 de
1113 970 1177 1008 eo
1205 951 1348 1020 quod
1391 950 1650 1018 scriptum
1674 958 1756 1002 est
1777 947 1823 979 “
1851 964 1864 1000 :
1907 965 1926 998 ι
1975 946 2036 999 Ει

467 1058 820 1105 accesserunt
846 1049 911 1099 ad
951 1045 1174 1115 Moysen
1201 1058 1392 1097 omnes
1429 1042 1519 1110 qui
1548 1040 1832 1094 constituti
1880 1045 2041 1092 erant

467 1145 742 1214 principes
795 1157 890 1209 per
922 1139 1092 1192 tribus
1133 1139 1184 1190 in
1218 1137 1487 1200 exercitu,
1531 1135 1730 1188 tribuni
1761 1141 1814 1186 et
1845 1140 2038 1186 centu-

469 1239 670 1298 riones,
702 1244 758 1287 et
791 1234 1044 1285 dixerunt
1084 1230 1150 1284 ad
1198 1229 1419 1298 Moysen
1455 1245 1468 1280 :
1501 1224 1610 1280 Nos
1634 1225 1786 1294 pueri
1821 1224 1895 1276 tui
1925 1223 2040 1276 col-

467 1330 694 1397 legimus
750 1340 1017 1380 summam
1050 1324 1290 1377 virorum
1345 1321 1665 1374 bellatorum
1703 1328 2035 1379 nostrorum,

464 1429 519 1471 et
569 1432 673 1470 non
699 1415 960 1469 dissensit
986 1429 1050 1466 ex
1107 1413 1264 1465 nobis
1295 1411 1610 1480 quisquam,
1644 1416 1700 1461 et
1745 1406 2041 1460 obtulimus

468 1523 663 1559 munus
713 1506 966 1567 Domino,
1004 1503 1381 1570 unusquisque
1411 1501 1492 1553 vir
1541 1499 1906 1566 quodcunque
1953 1496 2038 1548 itt-

464 1599 614 1652 venit
641 1612 736 1651 vas
767 1611 1017 1656 aureum,
1060 1602 1333 1658 torquem,
1371 1598 1463 1643 aut
1496 1587 1740 1642 viriolam
1777 1586 1912 1656 (50),
1943 1594 2039 1638 aut

467 1689 750 1749 annulum,
804 1697 896 1740 aut
931 1684 1198 1745 dextrale,
1239 1693 1332 1736 aut
1382 1680 1708 1742 catenulam,
1745 1679 1811 1730 ad
1861 1675 2041 1745 propi-

467 1781 709 1834 tiandnm
757 1792 855 1846 pro
901 1776 1058 1832 nobis
1100 1789 1283 1827 coram
1346 1773 1595 1825 Domino.
1650 1789 1667 1821 ι
1719 1767 2040 1835 Loquuntur

465 1887 596 1940 ergo
625 1871 690 1922 ad
717 1869 953 1939 Moysem
980 1866 1136 1920 electi
1165 1865 1458 1934 principes,
1482 1862 1571 1932 qui
1605 1858 1882 1914 constituti
1916 1865 2041 1910 sunt

465 1977 631 2028 super
659 1959 977 2017 exercitum.
1005 1966 1059 2010 et
1097 1970 1195 2023 pro
1247 1956 1381 2007 bene
1413 1955 1578 2022 gestis
1609 1951 1772 2004 rebus
1816 1962 2039 2002 munera

463 2053 694 2107 oﬂerunt
725 2051 853 2115 Deo,
889 2050 1131 2102 dicentes
1165 2066 1178 2100 :
1216 2046 1321 2099 Nos
1349 2046 1496 2113 pueri
1538 2045 1614 2097 tui
1671 2057 1882 2103 sumus.
1937 2041 2034 2108 qui

465 2145 774 2210 accepimus
797 2156 1065 2195 summam
1101 2138 1425 2193 bellatorum
1466 2137 1698 2189 filiorum
1741 2134 1924 2188 Israel.
1951 2135 2038 2188 Di-

462 2247 594 2290 cunt
618 2245 798 2288 autem
833 2247 1101 2286 summam
1133 2230 1464 2284 bellatorum
1503 2227 1715 2281 illorum
1755 2224 2038 2279 duodecim

466 2327 632 2380 millia
661 2326 928 2385 virorum,
961 2323 1054 2389 qui
1084 2321 1240 2374 electi
1264 2327 1390 2373 sunt
1415 2333 1478 2371 ex
1509 2317 1761 2370 omnibus
1791 2313 2040 2368 tribubus

465 2417 654 2480 Israel,
713 2426 770 2468 nt
821 2412 1177 2482 confligerent
1215 2411 1477 2464 adversus
1504 2407 1850 2460 Madianitas.
1901 2403 2042 2457 Sunt

463 2526 594 2576 ergo
627 2507 678 2559 in
713 2505 909 2574 populo
943 2503 1034 2556 Dei
1083 2502 1372 2554 bellatores
1399 2499 1576 2562 multi,
1610 2505 1734 2551 sunt
1762 2506 1817 2550 et
1845 2494 2040 2548 imbel-

465 2596 546 2650 les
591 2592 808 2662 plurimi
848 2599 948 2644 :et
981 2605 1170 2642 rursus
1222 2590 1364 2640 inter
1408 2586 1698 2640 bellatores
1733 2593 1862 2638 sunt
1911 2583 2036 2651 qui—

461 2687 611 2746 datn,
639 2684 728 2752 qui
763 2681 1100 2750 appellantur
1129 2693 1340 2732 summa
1397 2677 1746 2738 bellatorum,
1797 2672 2043 2727 eminen-

462 2776 633 2831 tiores
679 2774 800 2828 sine
829 2772 992 2826 dubio
1027 2771 1095 2824 iis
1146 2771 1236 2838 qui
1280 2768 1570 2822 bellatores
1598 2767 1870 2827 dicuntur,
1899 2764 2040 2818 sicut

460 2877 518 2922 et
573 2865 965 2922 eminentiores
1004 2871 1132 2916 sunt
1173 2861 1240 2914 ab
1271 2859 1580 2914 imbellibus
1613 2857 1925 2911 bellatores.
1973 2855 2042 2909 Et

464 2974 655 3014 rursus
679 2965 803 3011 sunt
834 2953 998 3023 aliqui
1030 2952 1289 3006 celsiores
1314 2952 1381 3006 ab
1419 2951 1507 3014 iis,
1542 2949 1636 3019 qui
1675 2963 1888 3002 summa
1923 2946 2039 3001 bel-

464 3052 698 3105 latorum
753 3046 884 3100 dicti
917 3055 1044 3100 sunt
1077 3061 1091 3098 :
1129 3043 1164 3097 ii
1213 3043 1421 3098 scilicet
1469 3043 1561 3111 qui
1593 3039 1876 3095 constituti
1916 3047 2040 3094 sunt

461 3156 628 3211 super
658 3154 751 3192 eos
781 3136 1077 3206 principes,
1124 3142 1179 3189 et
1231 3134 1441 3204 praelati
1474 3133 1705 3203 singulis
1737 3132 2039 3201 quibusque

463 3232 700 3287 millibus
723 3231 1052 3284 electorum.
1080 3227 1174 3281 Est
1199 3241 1331 3296 ergo
1357 3226 1525 3280 multa
1568 3225 1855 3279 diversitas
1889 3224 1942 3278 in
1972 3237 2040 3278 eo

459 3326 675 3389 ordine,
707 3323 798 3392 qui
841 3321 1137 3376 bellatores
1165 3319 1527 3388 appellantur.
1562 3316 1667 3371 Sed
1702 3327 1755 3371 ct
1780 3318 1920 3371 inter
1955 3316 2040 3384 ip-

463 3434 554 3473 sos
610 3415 854 3472 imbelles
919 3424 1003 3469 est
1060 3413 1408 3468 nihilominus
1468 3410 1646 3480 aliqua
1707 3409 2035 3465 dilferentia.

461 3511 572 3567 Nec
613 3509 713 3575 ipsi
745 3509 891 3562 enim
916 3506 1199 3575 aequaliter
1247 3513 1303 3558 et
1335 3519 1442 3559 uno
1486 3503 1678 3558 ordine
1718 3517 1909 3556 omnes
1943 3517 2039 3570 ap-

460 3600 726 3673 pellantur
756 3598 1020 3653 imbelles.
1044 3597 1279 3663 Quidam
1318 3595 1467 3648 enim
1501 3596 1574 3648 ita
1618 3593 1864 3648 imbelles
1889 3601 2036 3654 sunt,

459 3703 519 3746 ut
545 3705 819 3761 nunquam
847 3690 1056 3760 possint
1096 3689 1212 3743 fieri
1259 3687 1573 3753 bellatores,
1619 3696 1678 3738 ut
1720 3693 1804 3738 est
1851 3683 2038 3738 senilis

459 3795 612 3847 aetas,
664 3792 720 3836 et
774 3782 953 3836 omnis
1005 3780 1276 3835 femineus
1331 3793 1514 3844 sexus,
1577 3775 1671 3831 sed
1715 3785 1769 3829 ct
1801 3774 2036 3830 conditio

457 3877 691 3932 servilis.
727 3876 960 3931 Puerilis
993 3889 1121 3929 vero
1155 3884 1289 3928 tetas
1326 3873 1398 3926 ita
1422 3871 1658 3926 imbellis
1678 3878 1782 3934 est,
1810 3877 1867 3923 ut
1889 3883 2037 3939 spem

458 3979 612 4040 gerat
644 3968 936 4038 aliquando
989 3966 1107 4022 fieri
1140 3965 1416 4029 bellatrix,
1457 3964 1672 4018 scilicet
1693 3978 1816 4016 cum
1847 3977 2042 4017 occur-

456 4064 588 4116 rerit
615 4063 730 4130 (5|)
761 4061 816 4114 in
851 4060 1026 4113 virum
1059 4055 1384 4129 perfectum,
1414 4057 1467 4108 in
1503 4070 1813 4109 mensuram
1837 4054 2037 4119 aetatis,

462 4166 590 4206 tunc
612 4167 715 4205 non
764 4149 938 4204 solum
969 4147 1266 4202 bellatores
1300 4144 1416 4198 fieri
1449 4157 1515 4197 ex
1547 4143 1754 4210 pueris,
1780 4143 1874 4198 sed
1902 4153 1958 4196 et
1984 4145 2038 4198 in

457 4257 723 4297 summam
749 4239 1070 4294 bellatorum
1089 4237 1279 4293 venire
1298 4251 1356 4291 se
1377 4243 1620 4304 sperant,
1644 4243 1700 4289 et
1719 4249 1841 4289 esse
1857 4234 2038 4304 electi,

456 4345 512 4390 et
541 4335 595 4390 in
643 4333 930 4389 duodecim
974 4331 1213 4388 millibus
1245 4329 1551 4396 numerari,
1575 4327 1662 4384 vel
1692 4329 1855 4384 etiam
1902 4343 2041 4398 pras-

457 4427 615 4491 ferri,
641 4435 695 4482 et
727 4440 846 4482 esse
875 4426 1146 4496 principes
1172 4425 1495 4481 electorum.

525 4521 582 4575 2.
635 4519 931 4574 Considera
968 4533 1112 4573 nunc
1163 4519 1449 4587 praesentis
1478 4517 1662 4574 saaculi
1702 4525 1929 4583 statum,
1981 4524 2034 4570 et

456 4612 580 4666 vide
607 4611 792 4665 omnia
824 4609 979 4665 bellis
1018 4609 1248 4678 repleta,
1278 4625 1606 4679 omnemque
1634 4610 1925 4664 humanam
1952 4607 2036 4661 vi-

459 4715 566 4759 tam
611 4702 978 4759 invisibilibus
1019 4700 1219 4771 pmliis
1269 4712 1325 4756 et
1375 4702 1876 4773 impngnationibus
1924 4701 2033 4754 da:-

459 4811 676 4851 monum
725 4793 1054 4864 perurgeri:
1092 4791 1148 4846 in
1180 4791 1380 4861 populo
1417 4808 1547 4846 vero
1588 4792 1679 4845 Dei
1711 4807 1836 4846 esse
1871 4806 2035 4859 quos-

456 4892 578 4944 dam
638 4891 709 4942 ita
763 4886 1016 4942 robustos
1063 4885 1168 4940 fide
1221 4894 1570 4954 armatosque
1616 4885 1929 4947 virtutibus,
1979 4889 2038 4936 ιιι

460 4984 747 5035 adversum
802 4975 1111 5046 bujusntodi
1169 4977 1356 5030 hostes
1399 4975 1646 5046 quotidie
1700 4975 1840 5030 bella
1869 4972 2040 5029 conﬁ-

457 5072 624 5134 ciant,
658 5078 712 5123 et
739 5084 956 5137 semper
983 5068 1034 5122 in
1063 5067 1350 5136 procinctu
1383 5065 1546 5136 positi
1585 5081 1692 5119 non
1739 5063 1914 5118 solum
1949 5077 2040 5117 se-

459 5164 738 5232 metipsos,
769 5161 861 5214 sed
900 5169 1128 5213 cazteros
1181 5157 1272 5226 qui
1303 5158 1385 5211 vel
1430 5174 1525 5227 per
1571 5172 1786 5222 sexum,
1818 5155 1902 5210 vel
1945 5170 2040 5224 per

456 5265 690 5317 mtatem,
717 5251 800 5305 vel
828 5267 922 5322 per
948 5251 1230 5305 servitutis
1260 5251 1632 5305 conditionem
1662 5265 1907 5320 pugnare
1927 5268 2034 5306 non

523 5421 570 5451 “
599 5419 757 5473 Num.
788 5435 937 5481 xm,
963 5418 1052 5482 48,
1073 5418 1161 5482 49,
1186 5418 1275 5472 50.

525 5515 638 5583 (50)
682 5515 782 5567 I‘ro
819 5534 835 5565 ι
887 5515 1157 5582 viriolam,
1205 5533 1223 5566 ι
1263 5515 1432 5570 codex
1463 5513 1525 5567 S.
1558 5513 1888 5571 Theoderici
1921 5515 2026 5570 Ita-

457 5585 567 5644 bcl,
599 5604 614 5634 ι
655 5586 947 5637 armillam.
989 5604 1006 5636 ι

457 5655 635 5777 Νῶε)
672 5655 798 5707 Mss.
850 5673 870 5704 ι
917 5657 1242 5712 occurrerit.
1291 5678 1310 5711 ι
1347 5659 1506 5714 Libb.
1556 5661 1724 5725 editi,
1770 5680 1786 5711 ι
1828 5676 2026 5716 occur—

487 5743 498 5777 Ι
535 5765 544 5775 .
583 5743 602 5773 ι

1949 273 2270 333 ORIGENIS

2067 400 2113 455 Α
2144 399 2384 462 possunt,
2443 389 2511 442 ab
2561 385 2800 441 hostium
2846 393 3107 440 tueantur
3145 384 3386 447 insidiis,
3407 387 3579 442 verbo
3621 390 3724 443 do-

1353 5417 1398 5450 “
1441 5415 1486 5470 II
1519 5416 1659 5470 Tim.
1696 5433 1759 5481 ιι,
1797 5417 1849 5471 4.
1923 5418 1968 5449 ⁵⁵
1993 5419 2326 5485 Aet.tv,32.

3617 271 3727 326 772

2142 485 2334 539 ctrina:
2393 494 2509 544 eos,
2551 477 2909 546 exemploque
2961 477 3089 529 vitae.
3128 483 3184 531 et
3239 479 3725 534 commonitionum

2142 575 2435 630 sedulitate
2469 573 2780 628 munientes
2815 587 2829 623 :
2866 571 2910 624 si
2935 579 3116 624 tamen
3151 585 3258 624 non
3292 571 3436 626 desit
3457 573 3538 626 eis
3572 573 3724 629 fides.

2143 666 2269 720 Sive
2291 666 2437 720 enim
2480 663 2796 726 bellatores,
2828 661 2942 715 sive
2978 661 3248 725 imbelles,
3273 662 3612 733 impossibile
3639 675 3726 720 est

2142 757 2338 812 salvari
2371 757 2490 811 sine
2537 756 2663 810 fide.
2718 755 2863 809 Inter
2889 753 3054 823 37o
3089 753 3240 822 ipsos
3278 763 3464 810 tamen
3497 756 3726 812 bellato-

2144 867 2254 913 res,
2281 865 2376 904 eos
2404 849 2669 902 duntaxat
2697 846 2790 916 qui
2831 845 3066 899 militant
3111 845 3243 910 Deo,
3270 848 3559 903 considera
3589 851 3727 906 alios

2144 942 2215 996 ita
2239 957 2358 997 esse
2382 949 2599 1011 paratos
2632 947 2684 994 et
2713 936 2996 1007 expeditos
3033 944 3094 990 ut
3129 937 3298 991 nullis
3325 951 3385 993 se
3436 938 3720 1009 implicent

2141 1034 2362 1086 omnino
2391 1031 2626 1100 negotiis
2656 1028 3034 1094 saecularibus,
3066 1037 3127 1081 ut
3171 1028 3390 1098 placere
3417 1033 3725 1100 possintei,

2142 1125 2226 1180 cui
2263 1141 2319 1179 se
2349 1125 2718 1193 probaverunt
2749 1123 2818 1190 “,
2846 1123 2940 1178 sed
2977 1122 3028 1176 in
3063 1123 3184 1190 lege
3225 1121 3324 1178 Dei
3357 1125 3605 1180 meditari
3638 1129 3726 1184 die

2142 1233 2205 1270 ac
2259 1227 2439 1272 nocte.
2503 1217 2592 1272 Isti
2643 1231 2776 1284 ergo
2815 1216 2906 1284 qui
2960 1213 3272 1282 huiusmodi
3327 1228 3478 1284 sunt,
3515 1234 3724 1275 summa

2143 1311 2462 1365 bellatorum
2492 1309 2848 1379 appellantur.
2883 1308 3127 1375 Denique
3160 1322 3266 1363 non
3305 1319 3391 1364 est
3427 1311 3633 1366 dictm
3661 1313 3728 1368 de

2143 1402 2422 1456 communi
2471 1416 2704 1456 numero
2758 1399 3108 1465 bellatorum,
3162 1401 3284 1470 quia
3328 1417 3492 1456 nemo
3546 1403 3603 1457 in
3645 1404 3726 1459 eis

2143 1493 2422 1557 dissensit,
2478 1494 2573 1546 sed
2615 1493 2680 1547 de
2709 1493 2776 1546 iis
2814 1493 3017 1548 dictum
3050 1502 3152 1558 est,
3181 1494 3271 1562 qui
3302 1507 3514 1547 sttmma
3544 1494 3721 1548 bella-

2145 1599 2322 1644 torum
2369 1589 2631 1643 nominati
2670 1599 2814 1642 sunt.
2865 1588 2922 1642 In
2957 1590 3075 1644 istis
3112 1592 3253 1644 enim
3279 1590 3366 1659 qui
3403 1591 3535 1646 tales
3561 1601 3716 1655 sunt,

2145 1680 2289 1737 nulla
2320 1679 2612 1747 dissensw,
2644 1681 2787 1735 nulla
2821 1681 3114 1735 discordia.
3152 1682 3256 1751 Ipsi
3284 1682 3430 1735 enim
3457 1683 3712 1743 suntisti,

2143 1773 2211 1828 de
2237 1772 2432 1844 quibus
2479 1771 2685 1826 dictum
2733 1781 2817 1825 est
2849 1769 2894 1802 “
2921 1787 2936 1825 :
2971 1789 2990 1822 ι
3023 1770 3158 1825 Erat
3182 1780 3366 1825 autem
3385 1771 3714 1825 credentium

2143 1877 2238 1917 cor
2258 1873 2312 1917 et
2334 1864 2515 1918 anima
2547 1877 2673 1928 una,
2702 1877 2806 1917 nec
2848 1864 3137 1932 quisquam
3163 1877 3355 1917 eorum
3382 1862 3581 1931 aliquid
3601 1875 3726 1929 pro-

2141 1967 2318 2022 prium
2355 1951 2590 2016 dicebat,
2625 1953 2720 2006 sed
2767 1962 2927 2008 erant
2977 1953 3084 2007 illis
3129 1954 3312 2008 omnia
3342 1953 3674 2008 communia.
3702 1970 3722 2002 ι

2141 2042 2232 2096 Isti
2261 2049 2386 2094 sunt
2438 2058 2570 2112 ergo
2606 2059 2818 2098 summa
2850 2043 3202 2109 bellatorum,
3262 2046 3316 2099 in
3344 2044 3544 2113 quibus
3573 2059 3730 2097 nemo

2141 2131 2419 2186 dissensit.
2471 2133 2560 2187 Isti
2607 2143 2730 2188 sunt
2789 2133 2880 2201 qui
2923 2134 3042 2188 auri
3091 2133 3388 2202 plurimum
3443 2133 3729 2201 pugnando

2142 2236 2427 2296 ceperunt,
2459 2235 2514 2281 et
2563 2241 2725 2280 omne
2761 2243 2953 2280 aurum
3014 2237 3178 2295 atque
3211 2241 3376 2280 omne
3429 2242 3728 2281 ornamen-

2143 2327 2278 2380 tum,
2310 2318 2427 2372 sive
2459 2317 2678 2386 capitis,
2707 2317 2824 2370 sive
2852 2316 3222 2378 bracbiorum,
3249 2317 3365 2370 sive
3393 2317 3560 2370 etiam
3587 2316 3721 2384 digio

2143 2419 2343 2474 torum,
2399 2409 2449 2460 id
2507 2417 2592 2462 est
2637 2408 2906 2477 quidquid
2955 2407 3007 2461 in
3053 2408 3437 2470 intellectibns,
3469 2406 3724 2475 quidquid

2143 2498 2195 2551 in
2222 2495 2481 2566 operibus
2520 2498 2744 2563 habent,
2776 2498 2884 2551 Deo
2917 2495 3173 2550 olferunt.
3206 2497 3396 2550 Sciunt
3439 2497 3582 2550 enim
3601 2495 3722 2563 quia

2144 2604 2370 2642 munera
2426 2587 2544 2656 ejus
2571 2588 2693 2642 data
2731 2587 2845 2656 ejus
2888 2596 3037 2651 sunt,
3066 2597 3121 2642 et
3155 2588 3275 2642 ideo
3330 2603 3435 2641 non
3469 2585 3725 2641 dissentit

2145 2681 2200 2734 in
2229 2680 2309 2733 eis
2344 2693 2446 2733 nec
2492 2693 2652 2733 unus.
2687 2677 2796 2732 Nec
2824 2678 2972 2732 enim
3001 2686 3234 2747 possunt
3265 2691 3494 2731 munera
3530 2673 3726 2729 offerre

2144 2771 2277 2834 Deo,
2326 2769 2487 2839 positi
2533 2769 2587 2822 in
2638 2768 2996 2824 dissensione.
3054 2769 3192 2823 Istos
3220 2779 3351 2838 puto
3381 2783 3504 2823 esse
3532 2783 3724 2822 secun.

2143 2862 2269 2915 dum
2325 2861 2706 2930 Evangelium,
2747 2860 2842 2929 qui
2897 2870 3227 2930 praeceptum
3261 2860 3390 2914 illud
3439 2862 3727 2930 diligenter

2143 2953 2460 3019 observant,
2497 2952 2641 3020 quod
2675 2951 2901 3005 mandat
2959 2953 3222 3006 Dominus
3253 2962 3308 3006 et
3341 2952 3593 3005 Salvator
3629 2952 3676 2984 δ’
3708 2967 3724 3005 :

2067 3077 2113 3137 Ο
2149 3061 2170 3095 ι
2201 3043 2257 3096 Si
2289 3054 2468 3097 autem
2501 3041 2664 3097 offers
2719 3057 2915 3096 tnunus
2959 3053 3105 3096 tutnn
3143 3045 3209 3097 ad
3235 3045 3426 3110 altare,
3463 3054 3520 3098 et
3550 3059 3726 3099 reme-

2149 3143 2399 3188 moratus
2440 3135 2614 3188 fueris
2649 3133 2776 3201 quia
2809 3133 2978 3188 frater
3019 3143 3140 3188 tuus
3173 3137 3370 3190 habeat
3395 3137 3597 3205 aliquid
3626 3136 3722 3190 ad-

2148 3240 2361 3279 versum
2401 3234 2474 3290 te,
2509 3225 2756 3296 relinque
2787 3228 2860 3283 ibi
2915 3241 3112 3280 muntts
3142 3234 3291 3280 tuum
3332 3227 3400 3281 ad
3428 3229 3623 3291 altare,
3669 3237 3727 3282 et

2146 3323 2282 3374 vade
2317 3324 2468 3390 prius
2521 3322 2872 3377 reconciliari
2918 3321 3070 3376 fratri
3124 3331 3236 3387 tuo,
3267 3333 3321 3377 et
3353 3332 3480 3378 tunc
3511 3324 3728 3376 veniens

2148 3411 2347 3467 oll‘eres
2406 3427 2600 3466 munus
2673 3421 2846 3480 tuum,
2909 3433 2928 3466 ι
2980 3429 3088 3483 quo
3143 3414 3350 3468 scilicet
3399 3414 3578 3468 levent
3616 3415 3729 3484 (59)

2147 3520 2339 3560 manus
2365 3520 2491 3559 suas
2537 3506 2604 3560 ad
2636 3505 2799 3558 Deum
2832 3505 2949 3560 sine
2994 3507 3071 3559 ira
3125 3513 3180 3558 et
3222 3505 3584 3563 dissensione.
3632 3505 3724 3560 Isti

2146 3608 2272 3652 sunt
2301 3613 2433 3666 ergo
2463 3597 2554 3665 qui
2593 3599 2784 3652 dicunt
2816 3596 2885 3662 δ’,
2924 3614 2944 3648 ι
2985 3598 3322 3668 Collegimus
3352 3614 3619 3653 summam
3644 3598 3728 3652 vi-

2149 3705 2331 3743 rorum
2380 3689 2702 3744 bellatorum
2754 3700 3091 3756 nostrorum,
3119 3702 3174 3747 et
3199 3708 3304 3746 non
3358 3693 3615 3747 dissensit
3662 3707 3727 3746 ex

2147 3781 2303 3835 nobis
2349 3782 2638 3851 quisquam
2667 3819 2683 3842 .
2721 3792 2772 3836 et
2815 3783 3111 3836 obtulimus
3160 3799 3356 3838 munus
3391 3785 3642 3839 Domino.
3700 3803 3720 3837 ι

2148 3872 2416 3926 Discenda
2465 3873 2630 3943 igitur
2675 3874 2833 3928 nobis
2880 3889 3212 3944 magnopere
3241 3887 3325 3931 est
3352 3877 3726 3930 consonantia:

2147 3966 2435 4035 disciplina
2473 3967 2586 4036 (33)
2621 3984 2635 4020 :
2669 3966 2796 4034 quia
2841 3975 3102 4036 tanquam
3139 3969 3190 4022 in
3243 3969 3489 4032 musicis,
3523 3970 3568 4023 si
3598 3970 3714 4022 bar-

2146 4057 2328 4111 monia
2379 4057 2706 4110 chordarum
2760 4056 2924 4112 fuerit
2982 4069 3349 4113 consonanter
3396 4071 3602 4128 aptata,
3637 4075 3728 4114 so-

2146 4162 2271 4200 num
2304 4162 2523 4201 suavem
2555 4147 2821 4201 modulati
2847 4149 3108 4205 carminis
3149 4150 3371 4215 reddit;
3425 4152 3468 4205 si
3499 4166 3628 4206 vero
3658 4154 3726 4207 sit

2152 4235 2334 4305 aliqua
2386 4237 2438 4290 in
2505 4235 2704 4290 ﬁdibus
2737 4237 3098 4302 dissonantia,
3135 4238 3531 4308 ingratissimus
3561 4254 3728 4292 sonus

2147 4329 2420 4394 redditur,
2469 4339 2525 4383 et
2554 4329 2818 4384 carminis
2853 4329 3082 4384 dulcedo
3119 4331 3524 4400 corrumpitur;
3567 4332 3636 4384 ita
3671 4342 3726 4386 et

2073 4440 2118 4495 ι)
2150 4420 2186 4475 ii
2208 4424 2296 4492 qui
2323 4423 2433 4479 Deo
2451 4423 2706 4488 militant,
2728 4422 2771 4478 si
2797 4423 3166 4478 dissensiones
3191 4423 3560 4478 etdiscordias
3587 4424 3727 4477 inter

2141 4531 2199 4570 se
2227 4517 2483 4583 habeant,
2524 4517 2735 4586 ingrata
2774 4524 2940 4570 erunt
2979 4515 3256 4579 omnia,et
3289 4516 3724 4586 nihilaccvptum

2141 4607 2252 4663 Deo
2270 4609 2569 4674 videbitur,
2599 4607 2811 4662 etiamsi
2834 4607 3000 4663 multa
3020 4607 3160 4662 bella
3187 4609 3498 4674 conﬁciant,
3515 4609 3725 4663 etiamsi

2137 4701 2308 4769 spolia
2339 4699 2509 4754 multa
2529 4699 2799 4764 deferant,
2832 4709 2889 4754 et
2920 4701 3084 4754 multa
3105 4716 3330 4755 munera
3347 4700 3580 4756 offerant
3597 4703 3725 4755 Deo.

2140 4792 2361 4847 Dicetur
2389 4793 2532 4847 enim
2564 4793 2632 4847 ad
2661 4808 2793 4848 eos:
2835 4793 3056 4863 Depone
3103 4809 3296 4848 munus
3327 4804 3478 4848 tnnm
3535 4797 3602 4848 ad
3643 4795 3722 4848 al-

2143 4899 2284 4950 tare,
2311 4895 2367 4940 et
2391 4886 2528 4939 vade
2556 4885 2713 4956 prius
2750 4886 3095 4940 reconciliari
3137 4885 3292 4940 fratri
3328 4897 3439 4950 tuo,
3473 4897 3530 4940 ut
3553 4886 3726 4955 possis

2143 4987 2198 5032 et
2229 4987 2280 5031 tn
2306 4978 2448 5032 inter
2477 4992 2575 5032 eos
2604 4979 2694 5046 qui
2731 4993 2943 5033 summa
2969 4989 3100 5032 sunt
3124 4979 3366 5032 virorum
3401 4979 3724 5034 bellatorum

2141 5070 2444 5134 numerari,
2479 5079 2534 5123 et
2569 5070 2772 5134 dicere,
2821 5070 2950 5140 quia
2982 5084 3089 5124 non
3143 5071 3399 5124 dissensit
3451 5086 3517 5125 ex
3575 5073 3727 5125 nobis

2139 5162 2450 5231 quisquam.
2510 5162 2623 5232 Ego
2656 5164 2820 5217 etiam
2870 5163 3104 5233 amplius
3158 5161 3362 5233 aliquid
3419 5163 3559 5221 dico.
3611 5163 3724 5218 Nisi

2143 5255 2266 5309 talis
2318 5253 2509 5322 fueris,
2535 5265 2593 5310 ut
2632 5256 2685 5309 in
2719 5255 2868 5309 nullo
2897 5255 3191 5310 dissentias
3220 5271 3250 5308 a
3282 5257 3552 5311 mandatis
3608 5257 3725 5319 Dei,

2405 5421 2448 5452 "’
2487 5420 2677 5475 Matth.
2713 5438 2768 5487 ν,
2801 5421 2893 5486 25,
2919 5422 3012 5477 ‘24.
3086 5422 3134 5454 ⁸⁸
3150 5420 3309 5478 Num.
3345 5438 3496 5488 ιιι-ι,
3522 5422 3610 5486 49,
3633 5421 3722 5476 50.

2213 5518 2325 5644 (ὃὲξ
2357 5517 2486 5573 Mss.
2525 5537 2542 5570 ι
2575 5517 2777 5573 levent.
2821 5537 2839 5570 ι
2873 5518 3038 5601 Dibb.
3062 5519 3213 5600 editi,
3251 5537 3269 5570 ι
3317 5518 3476 5602 levet.
3523 5539 3541 5570 ι

2213 5589 2302 5644 (55
2355 5587 2486 5643 Mss.
2531 5605 2550 5639 ι
2583 5601 2960 5643 consonantia:
2985 5588 3292 5644 dlSCIDIIIla.
3334 5607 3352 5639 ι
3385 5589 3538 5644 Ltbb.

2210 5586 2324 5660 (53)
2355 5587 2486 5643 Mss.
2531 5605 2550 5639 ι
2583 5590 2960 5660 consonantia:
2985 5588 3292 5659 disciplina.
3334 5607 3352 5639 ι
3385 5589 3538 5645 Libb.
3568 5586 3723 5650 editi,

2141 5685 2161 5718 ι
2203 5659 2558 5720 consonantia
2589 5659 2908 5730 disciplinae.
2944 5676 2960 5709 ι
