4104 6226
451 327 559 383 Πΰ

1581 313 1652 367 IN
1685 310 2020 368 ΝΟΜΕῆοὸ
2051 311 2334 367 HOMILIA
2368 311 2558 368 XXVI.

3604 315 3708 367 77o

452 460 551 500 nec
580 445 634 500 in
668 442 851 511 aliqua
885 440 1168 508 diserepes
1217 439 1286 492 ab
1343 436 1680 505 evangelicis
1712 437 2024 506 praeceptis,
2056 440 2104 497 Α
2201 437 2256 490 5.
2323 435 2448 491 Post
2515 435 2630 490 luce
2685 435 2928 504 sequitur
2977 435 3203 490 historia
3272 437 3340 491 de
3396 437 3710 492 haereditate

452 556 562 605 non,
579 536 789 608 poteris
810 536 1019 589 hostem
1060 532 1276 586 vincere
1307 528 1444 601 (54),
1487 545 1595 583 non
1622 529 1835 598 poteris
1868 543 2026 598 snpe-

452 644 580 685 rare
623 627 929 682 inimicum.
984 624 1042 678 ln
1091 638 1160 678 eo
1204 625 1348 678 enim
1380 623 1495 692 ipso
1539 621 1652 688 jam
1683 621 1857 676 victus
1885 636 1942 674 es
1973 622 2024 673 in

451 737 566 793 quo
596 721 852 776 dissentis
889 736 901 772 :
933 728 988 773 et
1039 731 1136 787 per
1184 717 1287 770 hoc
1333 715 1508 785 ipsum
1534 713 1810 784 superaris
1845 729 1874 766 a
1907 714 2026 767 dia-

454 813 600 879 bolo,
629 812 679 865 in
711 825 819 878 quo
851 809 1136 864 discordas
1164 822 1192 858 a
1225 806 1357 860 Deo.
1393 803 1451 858 Si
1483 816 1662 858 autem
1693 804 1775 858 vis
1805 804 2026 858 vincere

456 904 758 963 inimicum,
790 909 845 956 et
877 913 1000 955 esse
1026 913 1238 953 summa
1271 897 1616 963 bellatorum,
1642 896 1866 950 adhaere
1891 896 2022 960 Deo,

452 1005 509 1050 et
533 992 804 1049 concorda
843 1005 965 1046 cum
999 990 1140 1059 ipso,
1185 988 1328 1044 sicut
1381 987 1470 1042 ille
1515 989 1604 1056 qui
1657 987 1874 1041 dicebat
1928 986 1972 1018 "
2008 1004 2022 1040 :

456 1106 478 1140 ε
517 1086 654 1153 Quis
684 1100 785 1140 nos
810 1083 1084 1154 separabit
1123 1097 1154 1136 a
1208 1083 1478 1136 cltaritate
1524 1080 1661 1135 Dei?
1699 1078 2023 1143 Tribnlatio,

452 1195 523 1232 an
555 1175 831 1244 angustia,
885 1189 952 1228 an
1005 1173 1199 1238 fames,
1228 1187 1296 1226 an
1327 1173 1564 1235 nuditas,
1594 1187 1660 1224 an
1698 1171 2023 1240 periculum,

456 1286 525 1325 an
576 1267 835 1340 gladius?
878 1286 896 1319 ο
938 1267 1004 1321 Ει
1042 1266 1237 1320 iterum
1262 1265 1348 1320 ηε
1383 1284 1402 1317 ι
1437 1263 1622 1334 Neque
1668 1264 1796 1328 vita,
1853 1278 2027 1333 neque

456 1377 620 1424 mors,
651 1375 828 1431 neque
877 1358 1157 1422 instantia,
1200 1373 1374 1428 neque
1394 1357 1599 1414 futura.
1625 1370 1800 1424 neque
1834 1355 2026 1409 altitu-

452 1455 542 1518 do,
568 1467 741 1523 neque
764 1450 1121 1522 profundum,
1168 1463 1343 1520 neque
1376 1459 1630 1506 creatura
1678 1448 1782 1502 alia
1827 1449 2030 1516 poterit

452 1558 551 1600 nos
593 1558 848 1613 separare
895 1557 925 1597 a
963 1542 1238 1598 eharitate
1273 1541 1390 1604 Dei,
1438 1554 1560 1610 quae
1601 1550 1686 1592 est
1720 1537 1775 1592 in
1806 1538 2027 1592 Christo

448 1637 576 1693 Jesu
607 1636 840 1691 Domino
863 1644 1075 1690 nostro.
1112 1653 1134 1687 ο
1166 1634 1273 1688 Isle
1307 1632 1430 1689 talis
1461 1641 1642 1702 potest
1667 1631 1888 1686 vincere
1917 1631 2031 1686 Ma-

451 1729 711 1794 dianitas,
741 1740 796 1782 et
848 1726 1160 1782 interﬁcere
1190 1739 1382 1780 omnes
1404 1734 1724 1794 peccatores
1765 1734 1947 1791 terra,
1972 1735 2028 1780 et

2134 529 2362 594 ltuben,
2418 538 2474 582 et
2521 527 2679 591 Gad,
2752 538 2807 581 et
2865 528 3100 582 dimidia:
3155 528 3329 583 tribus
3387 531 3636 586 Manasse
3682 549 3695 584 :

2130 622 2196 674 de
2251 635 2356 689 qua
2423 627 2787 690 proponentes
2845 619 3022 686 aliqua
3095 621 3404 688 disserere,
3461 623 3712 677 volmnus

2129 713 2285 781 371
2336 712 2483 781 prius
2527 711 2832 765 auditorum
2876 711 3208 780 diligentiam
3242 728 3604 778 commonere,
3653 725 3711 768 et

2129 807 2340 859 animos
2368 818 2555 858 eorum
2598 804 2665 856 ad
2698 803 3210 871 contemplationem
3246 805 3508 873 spiritalis
3548 806 3707 860 intel-

2132 897 2371 966 ligentia‘:
2401 896 2689 949 suscitare.
2723 893 2912 949 Omnia
2945 911 3067 965 qua:
3099 896 3356 950 dicuntur
3388 913 3490 951 non
3531 898 3704 952 solum

2127 1003 2195 1041 ex
2229 989 2348 1057 ipso
2386 987 2478 1054 qui
2507 986 2708 1040 dicitur
2735 1001 2988 1042 sermone
3013 990 3284 1055 pensanda
3331 999 3475 1054 sunt,
3507 990 3600 1043 sed
3651 1002 3709 1044 et

2128 1094 2356 1148 persona
2380 1079 2609 1134 dicentis
2641 1093 2970 1149 magnopere
2994 1080 3384 1134 consideranda
3409 1092 3514 1134 est.
3544 1078 3706 1136 Verbi

2128 1171 2301 1239 gratia
2333 1188 2346 1224 :
2390 1170 2434 1224 si
2478 1186 2610 1238 puer
2634 1171 2827 1239 estqui
2860 1171 3116 1239 loquitur,
3152 1172 3361 1226 animos
3396 1179 3610 1227 nostros
3643 1175 3707 1226 ad

2127 1265 2367 1318 auditum
2410 1264 2609 1334 eloquii
2642 1264 2866 1334 puerilis
2908 1273 3175 1332 aptanms,
3213 1278 3310 1318 nec
3358 1264 3476 1333 plus
3507 1265 3707 1334 aliquid

2129 1356 2180 1411 in
2210 1356 2275 1410 iis
2307 1372 2425 1426 quae
2471 1357 2751 1422 dicuntur,
2799 1357 2900 1410 nisi
2947 1359 3264 1425 inquantum
3323 1357 3526 1412 sentire
3579 1373 3712 1426 puer

2127 1450 2323 1518 putuit,
2359 1459 2759 1520 exspectamus.
2795 1450 2850 1504 Si
2897 1465 3027 1505 vero
3067 1451 3159 1520 qui
3191 1450 3427 1519 loquitur
3477 1451 3557 1503 vir
3605 1461 3712 1515 est,

2129 1542 2386 1597 continuo
2439 1542 2896 1611 contemplamur,
2943 1541 2990 1596 si
3043 1544 3162 1597 viro
3207 1543 3366 1611 digna
3413 1553 3534 1596 sunt
3593 1559 3712 1610 quae

2130 1636 2402 1690 dicuntur.
2432 1634 2496 1687 Et
2529 1649 2716 1686 rursus
2742 1634 2786 1687 si
2817 1634 2899 1686 vir
2928 1634 3020 1688 ille
3049 1635 3296 1689 eruditus
3324 1634 3394 1686 sit
3428 1634 3518 1702 qui
3556 1634 3708 1699 dicit,

2130 1741 2229 1798 pro
2251 1727 2572 1781 eruditionis
2610 1726 2726 1794 cjus
2769 1726 2965 1780 intuitu
3000 1729 3161 1781 etiam
3204 1728 3344 1780 dicta
3397 1740 3708 1796 pensamus.

451 1821 683 1891 perdere
726 1830 943 1873 omnem
992 1814 1282 1884 imaginem
1313 1829 1501 1870 eorum
1546 1816 1613 1870 de
1666 1814 1893 1870 civitate
1924 1816 2028 1870 Do-
2059 1788 2101 1843 Β
2131 1820 2186 1874 Si
2221 1835 2348 1875 vero
2365 1821 2449 1873 vir
2477 1820 2696 1888 quidem
2727 1818 2815 1872 ille
2838 1820 3244 1890 est,imperitus
3273 1828 3451 1872 tamen
3485 1829 3536 1872 et
3572 1819 3712 1872 idio-

454 1911 608 1966 mini.
646 1909 712 1963 Et
762 1921 864 1979 ego
908 1921 1040 1977 ergo
1090 1906 1261 1963 debeo
1294 1907 1358 1962 de
1411 1907 1638 1976 meipso,
1668 1914 1723 1962 et
1762 1906 1830 1961 de
1879 1914 2023 1962 terra

452 1999 636 2056 carnis
674 2013 804 2054 meae
852 1999 1079 2066 perdere
1106 2005 1450 2067 peccatores,
1482 2009 1538 2052 et
1569 1997 1881 2055 interlicere
1913 2000 2025 2057 ror-

457 2091 823 2155 nieationem,
889 2089 1313 2152 immunditiam,
1366 2089 1709 2158 passionem,
1767 2096 2027 2163 concupi_

453 2183 718 2239 scentiam
750 2180 973 2243 malam,
999 2189 1055 2234 et
1090 2179 1394 2232 avaritiam.
1429 2179 1519 2234 lsti
1557 2182 1702 2235 enim
1745 2193 1873 2237 sunt
1899 2199 2027 2254 pec-

454 2282 664 2328 catores
693 2282 854 2326 teme
886 2285 1041 2336 meas,
1088 2284 1224 2339 quos
1251 2276 1379 2323 tunc
1419 2268 1635 2324 demum
1659 2274 2025 2329 exterminare

455 2373 644 2432 potero
697 2372 753 2417 et
796 2361 1125 2426 interficere,
1168 2362 1213 2416 si
1247 2376 1356 2416 non
1389 2361 1707 2417 dissentiam
1740 2379 1769 2417 a
1801 2367 2026 2420 manda-

455 2457 523 2511 tis
547 2456 764 2512 Domini
799 2473 814 2511 :
845 2464 902 2510 et
955 2463 1081 2510 tunc
1111 2469 1241 2509 vere
1292 2453 1484 2524 dignus
1527 2468 1642 2521 ero,
1678 2456 1770 2524 qui
1800 2457 2024 2515 offeram

453 2548 562 2604 Deo
595 2559 839 2602 munera.
880 2565 900 2599 ι
945 2545 1118 2602 Omne
1138 2561 1234 2601 vas
1261 2560 1511 2610 aureum,
1545 2554 1816 2616 torquem,
1873 2568 1891 2602 ι
1945 2550 2027 2603 in-

447 2644 571 2714 quit
599 2643 671 2709 ",
696 2660 715 2694 ε
750 2651 845 2697 aut
879 2640 1127 2696 viriolam
1155 2638 1290 2711 (55),
1316 2647 1411 2692 aut
1450 2639 1730 2708 annulum,
1763 2651 1858 2696 aut
1895 2643 2027 2697 dex-

453 2735 611 2799 trale,
640 2745 735 2789 aut
755 2734 1085 2790 catenulam.
1145 2752 1165 2785 ι
1216 2733 1457 2801 Torquis
1501 2743 1884 2788 ornamentum
1939 2749 2028 2789 sa-

458 2828 674 2896 pientiae
717 2836 819 2881 est.
855 2824 914 2880 ln
965 2823 1278 2880 Proverbiis
1307 2826 1451 2880 enim
1497 2825 1565 2880 de
1591 2824 1858 2893 sapientia
1891 2825 2028 2880 dici-

451 2929 542 2975 tur
567 2921 637 2984 ",
674 2920 818 2989 quod
865 2919 956 2987 qui
987 2917 1305 2987 acquisierit
1345 2933 1490 2983 eam,
1531 2926 1776 2987 torquem
1803 2932 2024 2972 auream

449 3022 614 3084 ponat
641 3013 785 3069 circa
810 3011 1005 3066 collum
1033 3025 1210 3065 suum.
1250 3009 1448 3064 Viriola
1473 3019 1528 3064 et
1561 3010 1817 3076 annulus,
1859 3025 2027 3065 orna-

2129 1920 2233 1971 tes.
2274 1910 2432 1964 aliter
2477 1925 2595 1978 quae
2640 1909 2896 1964 dicuntur
2928 1917 3247 1975 aectplmus.
3275 1907 3368 1964 Sic
3394 1909 3519 1962 item
3558 1908 3601 1962 si
3641 1909 3712 1962 sit

2128 2005 2312 2058 senior
2341 2003 2432 2072 qui
2480 2003 2742 2072 loquitur,
2792 2012 2846 2056 et
2890 2001 3070 2055 mult-.e
3112 2016 3174 2054 ac
3206 2001 3443 2068 probatre
3484 2002 3710 2070 peritiae,

2127 2107 2314 2166 utpote
2337 2097 2427 2165 qui
2458 2095 2510 2148 in
2543 2093 2942 2147 eruditionibus
2978 2092 3346 2156 consenuerit,
3390 2092 3549 2161 longe
3595 2107 3710 2146 ma-

2122 2187 2210 2257 jor
2235 2187 2289 2240 in
2321 2201 2386 2239 eo
2428 2185 2699 2240 dictorum
2741 2182 3041 2237 habebitur
3079 2184 3434 2251 exspectatio.
3477 2182 3586 2238 Cur
3622 2199 3715 2236 au-

2130 2291 2236 2335 tem
2255 2280 2360 2334 ista
2386 2278 2830 2348 praemiserimus,
2859 2277 3140 2330 historiam
3163 2276 3495 2331 [Hereditatis
3521 2276 3710 2330 Ruben

2127 2381 2176 2425 et
2207 2370 2321 2425 Gad
2353 2378 2407 2424 et
2431 2370 2669 2422 dimidiae
2706 2368 2880 2422 tribus
2927 2369 3179 2422 Manasse
3219 2383 3494 2436 exponere
3529 2368 3712 2422 volen-

2130 2470 2231 2528 tes,
2283 2460 2546 2515 ausculta.
2586 2459 2687 2524 Qui
2733 2460 2849 2515 haec
2883 2470 3032 2527 gesta
3068 2469 3253 2512 narrat
3286 2475 3405 2528 qum
3458 2459 3712 2529 legimus,

2131 2568 2302 2624 neque
2331 2567 2462 2621 puer
2486 2560 2590 2615 est,
2619 2551 2832 2620 qualem
2871 2566 3029 2619 Supra
3073 2552 3490 2619 descripsimus,
3533 2566 3709 2619 neque

2131 2647 2214 2698 vir
2244 2645 2368 2697 talis
2398 2642 2615 2712 aliquis,
2651 2658 2825 2712 neque
2858 2642 3061 2705 senior,
3104 2657 3202 2696 nec
3244 2643 3470 2696 omnino
3513 2643 3713 2713 aliquis

2128 2736 2288 2791 homo
2315 2745 2394 2790 est
2424 2750 2436 2786 :
2474 2743 2529 2789 et
2560 2744 2619 2788 ut
2656 2733 2888 2803 amplius
2916 2731 3122 2801 aliquid
3163 2733 3366 2799 dicam,
3396 2748 3496 2786 nec
3540 2747 3711 2802 ange-

2128 2826 2302 2882 lorum
2341 2826 2558 2896 aliquis,
2582 2835 2676 2879 aut
2701 2827 2961 2880 virtutum
2991 2825 3292 2881 cmlestium
3316 2834 3421 2889 est,
3450 2825 3542 2879 sed
3566 2826 3713 2878 sicut

2131 2919 2356 2975 traditio
2391 2918 2659 2989 majorum
2706 2926 2872 2984 tenet,
2910 2918 3150 2988 Spiritus
3181 2926 3402 2972 sanctus
3435 2919 3549 2971 haec
3582 2932 3712 2970 nar-

2130 3019 2234 3065 rat.
2266 3011 2417 3066 Unde
2443 3011 2587 3066 enim
2618 3019 2835 3080 poterat
2862 3009 3094 3081 Moyses,
3135 3009 3217 3064 vel
3255 3025 3375 3080 quae
3401 3010 3470 3062 ab
3503 3009 3714 3078 origine

453 3116 635 3161 menta
669 3113 795 3160 sunt
839 3118 1121 3167 manuum,
1155 3102 1206 3156 in
1242 3101 1439 3172 quibus
1467 3116 1690 3171 operum
1736 3102 2024 3172 signantur
2051 3123 2093 3180 ε
2129 3103 2313 3159 mundi
2347 3113 2496 3173 gesta
2523 3113 2670 3169 sunt,
2707 3103 2791 3158 vel
2827 3118 2946 3173 quae
2971 3103 3023 3156 in
3054 3105 3158 3156 line
3177 3101 3297 3171 ejus
3332 3113 3488 3154 erant
3523 3117 3715 3171 gereno

452 3198 676 3254 indicia.
709 3196 971 3252 Similiter
1018 3205 1074 3250 et
1118 3193 1385 3251 dextrale.
1419 3193 1695 3248 Catenula:
1721 3208 1848 3247 vero
1873 3193 2021 3247 verbi

451 3300 507 3345 et
535 3289 794 3344 doctrina:
816 3287 1183 3343 eonnexiones
1213 3285 1521 3340 declarant.
1555 3303 1573 3336 ‹
1606 3285 1686 3339 Ad
1722 3285 2023 3354 propitian-

449 3384 603 3444 dum,
633 3399 654 3433 ι
691 3380 869 3449 inquit
888 3379 957 3443 ⁵⁸,
997 3397 1015 3430 ι
1059 3378 1228 3432 Deum
1273 3391 1373 3445 pro
1400 3377 1580 3432 nobis.
1625 3395 1644 3429 ι
1678 3378 1736 3432 Si
1778 3377 2025 3431 dicamus

451 3478 671 3542 propter
721 3483 915 3524 aurum
970 3468 1140 3523 Deum
1179 3467 1472 3538 propitium
1520 3467 1638 3521 fieri
1685 3468 2022 3532 hominibus,

453 3562 574 3616 vide
612 3576 772 3631 quam
804 3559 1255 3627 absurdum,imo
1285 3574 1448 3629 quam
1481 3558 1700 3627 impium
1727 3558 2021 3627 judicetur.

452 3652 566 3706 Hoc
605 3651 750 3706 enim
795 3651 960 3705 etiam
1002 3648 1056 3704 in
1085 3649 1207 3704 viro
1234 3649 1378 3704 bono
1415 3647 1654 3703 notabile
1681 3648 1917 3712 ducitur,
1975 3648 2024 3702 si

452 3755 676 3815 accepto
697 3759 831 3798 auro
864 3743 934 3797 ab
960 3741 1312 3797 inferioribus
1347 3742 1609 3810 placetur.
1652 3740 1866 3807 Quanto
1894 3755 2023 3810 ergo

455 3839 628 3909 magis
681 3838 798 3892 haec
847 3835 915 3891 de
950 3835 1060 3888 Deo
1111 3834 1316 3888 sentire
1361 3849 1466 3887 non
1516 3833 1814 3888 convenit?
1871 3833 2023 3888 Unde

449 3940 579 3998 puto
623 3926 982 3998 expositionis
1026 3924 1186 3993 hujus
1239 3923 1633 3980 ecclesiasticae
1685 3923 1802 3995 (56)
1853 3924 2026 3994 magis

450 4028 702 4075 constare
753 4017 1042 4080 rationem,
1089 4029 1211 4085 quae
1251 4030 1349 4085 per
1378 4015 1497 4069 auri
1537 4017 1748 4085 species
1794 4015 2022 4070 indicari

451 4110 610 4164 docet
639 4106 808 4162 animi
849 4105 1104 4170 virtutes,
1164 4114 1221 4158 et
1273 4105 1543 4159 bonornrn
1594 4120 1819 4175 operum
1849 4114 2022 4174 gesta,

449 4216 571 4271 quae
604 4202 716 4253 sola
748 4195 934 4253 oﬂerri
985 4195 1097 4251 Deo
1124 4197 1192 4250 ab
1228 4195 1536 4251 hominibus
1563 4197 1785 4266 dignum
1819 4207 1924 4261 est,
1970 4205 2027 4252 et

451 4307 550 4361 pro
579 4290 777 4361 quibus
821 4288 954 4344 solis
992 4287 1285 4358 propitium
1318 4289 1432 4343 ﬁeri
1489 4287 1657 4343 Deum
1709 4289 2024 4346 hominibus

451 4385 628 4437 decet.
669 4400 688 4433 ι
743 4381 811 4436 Ει
856 4381 1103 4453 accepit,
1149 4377 1329 4448 inquit
1357 4378 1426 4446 “,
1458 4378 1670 4450 Moyses
1719 4391 1773 4435 et
1802 4381 2026 4437 Eleazar

2132 3196 2199 3249 da
2263 3210 2511 3259 narrare,
2560 3195 2661 3249 nisi
2709 3209 2805 3262 per
2857 3194 3266 3260 inspirationcm
3304 3193 3542 3260 Spiritus
3586 3193 3716 3246 Dei?

2132 3289 2287 3346 Unde
2312 3291 2579 3359 potuisset
2609 3291 2938 3359 prophetare
2957 3290 3022 3343 de
3053 3289 3293 3355 Christo,
3320 3289 3422 3343 nisi
3451 3288 3712 3358 loquente

2132 3381 2333 3452 Spiritu
2357 3383 2577 3438 sancto?
2603 3382 2693 3437 Sic
2716 3384 2859 3437 enim
2885 3394 2938 3437 et
2971 3384 3084 3452 ipse
3102 3382 3348 3437 Christus
3377 3382 3424 3436 ei
3464 3383 3712 3437 testimo-

2131 3475 2280 3528 nium
2331 3475 2524 3540 reddit,
2571 3484 2622 3528 et
2667 3475 2797 3529 dicit
2836 3475 2882 3506 ⁵⁸
2941 3494 2954 3530 :
3001 3494 3019 3526 ι
3066 3474 3125 3529 Si
3169 3474 3471 3529 crederetis
3515 3473 3708 3545 Moysi,

2133 3567 2432 3620 crederetis
2477 3567 2664 3637 utique
2710 3577 2765 3622 et
2815 3569 2971 3622 mihi.
3010 3567 3083 3623 De
3129 3582 3215 3622 me
3256 3568 3399 3621 enim
3441 3567 3529 3622 ille
3575 3569 3713 3622 scri-

2129 3656 2256 3725 psit.
2295 3657 2354 3713 Si
2410 3666 2590 3714 autem
2637 3658 2781 3714 illius
2807 3661 3002 3715 litteris
3023 3676 3126 3714 non
3156 3658 3404 3724 creditis,
3436 3661 3711 3730 quomodo

2129 3747 2264 3802 meis
2293 3749 2472 3802 verbis
2499 3750 2738 3804 credetis
2762 3751 3052 3808 ?iConstat
3070 3767 3200 3822 ergo
3228 3767 3288 3806 ea
3324 3768 3420 3821 per
3443 3753 3709 3822 Spiritum

2129 3849 2373 3896 sanctum
2415 3841 2582 3907 dicta,
2621 3854 2675 3896 et
2700 3844 2821 3898 ideo
2857 3845 3189 3898 conveniens
3239 3845 3453 3899 videtur
3484 3848 3595 3900 haec
3619 3861 3712 3900 se-

2127 3934 2363 3990 cundum
2398 3934 2737 4005 dignitatem,
2781 3935 2889 3989 imo
2913 3936 3090 4004 potius
3123 3939 3418 3990 secundum
3447 3937 3710 4004 majesta-

2130 4035 2237 4081 tem
2271 4027 2542 4098 loquentis
2577 4026 2828 4097 intelligi.
2862 4026 3046 4082 Sedet
3081 4028 3210 4082 illud
3243 4030 3348 4083 hoc
3376 4028 3427 4083 in
3457 4029 3576 4084 loco
3602 4045 3716 4084 me-

2128 4135 2347 4175 morare
2377 4120 2717 4189 aptissimum
2754 4121 2913 4186 duco,
2947 4121 3088 4188 quod
3114 4121 3387 4175 Abraham
3417 4137 3536 4176 cum
3561 4123 3716 4176 audi-

2128 4220 2214 4265 ret
2250 4211 2398 4265 illum
2447 4205 2670 4266 divitem
2713 4213 2950 4281 positum
2991 4213 3044 4267 in
3102 4214 3384 4268 tormentis
3414 4229 3607 4285 rogare
3653 4230 3714 4269 se

2127 4313 2187 4358 ut
2211 4303 2597 4366 dimitteretur,
2641 4313 2695 4359 et
2726 4305 2948 4360 veniens
2973 4315 3217 4360 moneret
3244 4306 3440 4361 fratres
3467 4323 3595 4360 suos
3624 4308 3715 4376 pie

2127 4395 2330 4462 vivere,
2361 4411 2427 4450 ne
2480 4407 2534 4450 et
2565 4397 2666 4466 ipsi
2700 4396 2750 4449 in
2782 4396 2958 4452 locum
2987 4397 3136 4451 illum
3167 4398 3568 4452 descenderent
3603 4408 3715 4452 tor-

449 4479 708 4529 sacerdos
735 4486 928 4526 aurum
963 4472 1033 4526 ab
1067 4472 1317 4527 omnibus
1374 4473 1610 4529 tribunis
1648 4484 1702 4528 et
1740 4476 2020 4531 centurio-
2056 4500 2100 4553 ι)
2132 4496 2458 4554 memorum,
2483 4489 2759 4558 τρεροηάίι
2789 4490 2837 4542 ei
2861 4489 2929 4553 se,
2956 4490 3080 4559 quia
3118 4507 3136 4540 ε
3171 4490 3370 4543 habent
3400 4489 3634 4560 Moyse...
3661 4501 3715 4543 ,ει

453 4568 634 4632 nibus,
669 4573 724 4619 et
765 4563 948 4618 intulit
991 4561 1121 4618 illud
1153 4565 1207 4617 in
1251 4564 1660 4620 tabernaculum
1703 4569 2021 4634 testimonii,

454 4657 773 4714 memoriale
804 4657 928 4713 llliis
958 4653 1125 4711 lsrael
1158 4673 1344 4713 coram
1382 4657 1634 4714 Domino.
1664 4678 1682 4711 ι
1711 4659 1872 4716 Vides
1897 4663 2022 4725 quia

452 4767 572 4823 quae
624 4751 896 4817 dicuntur,
935 4765 1044 4806 non
1075 4749 1141 4805 ad
1184 4760 1536 4820 conspectum
1581 4751 1875 4818 visibilem,
1928 4754 2024 4808 sed

452 4844 521 4899 ad
588 4842 787 4897 mentis
852 4841 1172 4897 memoriam
1237 4841 1566 4896 referuntur.
1623 4843 1819 4898 Beatus
1883 4845 2029 4898 enim

453 4945 538 4991 est
604 4934 700 4990 ille
757 4935 848 5004 qui
907 4934 1230 4989 recordatur
1279 4947 1339 4988 se
1391 4933 1515 4988 boni
1582 4935 1784 5003 aliquid
1846 4935 2028 5004 operis

453 5029 630 5098 egisse
659 5042 845 5084 coram
898 5025 1149 5092 Domino,
1203 5032 1258 5079 et
1294 5025 1555 5080 obtulisse
1583 5041 1804 5080 munera
1859 5028 2026 5083 bene-

451 5121 650 5190 placita
712 5121 858 5186 Deo,
906 5119 1075 5174 animi
1128 5117 1359 5172 virtutes
1414 5127 1470 5172 et
1533 5129 1851 5174 ornamenta
1908 5119 2027 5188 pie-

453 5211 603 5266 tatis.

519 5376 565 5409 "
597 5377 756 5431 Rom.
787 5392 906 5440 vm,
933 5375 1024 5428 35.
1103 5375 1324 5437 '°ibid.,
1355 5375 1446 5442 58,
1477 5376 1565 5430 59.

447 5448 493 5479 ⁸⁵
518 5445 746 5511 Joan.v,
774 5447 863 5501 45.
939 5446 987 5477 ⁸⁸
1015 5444 1148 5499 Luc.
1187 5461 1297 5507 ινα.
1326 5445 1416 5499 29.
1493 5448 1534 5479 ⁸⁷
1579 5445 1738 5503 Num.
1775 5463 1947 5501 xxxii.

521 5540 633 5608 (54)
669 5537 792 5593 Non
826 5538 1018 5608 poteris
1043 5538 1245 5591 hostem
1268 5538 1492 5592 vincere.
1519 5538 1640 5592 Il;ee
1666 5540 1716 5591 in
1745 5539 1900 5594 libris
1927 5556 2024 5594 an-

451 5623 538 5663 tea
574 5611 734 5663 editis
768 5610 991 5671 omissa,
1018 5609 1337 5673 supplentur
1361 5624 1391 5661 e
1425 5625 1553 5662 mss.

519 5679 634 5751 (55)
657 5679 844 5751 Codex
875 5679 1060 5751 Sancti
1106 5677 1446 5751 Theoderici,
1485 5697 1500 5728 ι
1548 5679 1817 5732 armillam
1862 5700 1879 5731 ι
1917 5698 2016 5751 pro

455 5768 472 5796 ι
518 5748 780 5804 viriolam.
827 5767 846 5800 ι
887 5748 1056 5803 Paulo
1103 5759 1218 5819 post
1257 5750 1419 5803 ctiam
1456 5751 1636 5813 habet,
1669 5768 1686 5798 ί
1729 5748 1937 5804 armilla
1967 5765 2016 5805 ct

1644 5376 1686 5408 “
1724 5376 1884 5434 Num.
1921 5393 2078 5448 xxxr,
2111 5381 2200 5436 50.

2133 4579 2450 4648 prophetas,
2491 4579 2716 4634 audiant
2752 4581 2892 4636 illos.
2929 4600 2949 4633 ι
2983 4581 3096 4636 Non
3126 4583 3311 4650 utique
3341 4582 3587 4636 homines
3616 4581 3716 4634 ali-

2131 4686 2270 4742 quos
2306 4673 2521 4728 dicebat
2554 4676 2605 4728 in
2631 4689 2860 4744 corpore
2885 4676 3090 4745 positos
3121 4676 3359 4746 Moyscm
3398 4684 3451 4729 et
3483 4677 3716 4744 prophe-

2129 4771 2250 4817 tas:
2289 4765 2384 4820 sed
2417 4766 2528 4821 haec
2559 4782 2679 4835 quae
2719 4782 2816 4835 per
2843 4766 3081 4838 Moysem
3122 4768 3324 4838 Spiritu
3352 4769 3443 4821 Dei
3481 4768 3716 4820 dictante

2125 4855 2326 4924 scripta
2361 4867 2510 4922 sunt,
2545 4846 2781 4930 Moysem
2819 4877 2879 4913 ea
2912 4862 3230 4914 nominavit.
3265 4861 3417 4913 Dicat
3447 4873 3579 4927 ergo
3611 4858 3716 4911 ali-

2125 4948 2439 5014 quis:Cum
2481 4951 2596 5004 haec
2625 4953 2697 5005 ita
2733 4953 2933 5021 scripta
2966 4955 3095 5017 sint,
3127 4952 3171 5006 si
3212 4951 3490 5004 Abraham
3523 4966 3607 5002 me
3646 4950 3714 5003 ad

2126 5033 2324 5107 Moysis
2353 5040 2492 5094 dicta
2520 5045 2876 5109 transmittat,
2911 5056 2966 5101 ut
3008 5045 3191 5113 legens
3218 5058 3280 5096 ea
3313 5041 3515 5112 possim
3562 5041 3712 5094 illum

2125 5126 2302 5182 locum
2353 5134 2588 5188 evadere
2640 5143 3054 5197 tormentorum,
3102 5135 3229 5204 quid
3271 5147 3354 5185 me
3379 5133 3591 5200 juvabit
3647 5131 3713 5185 ad

2129 5219 2490 5291 eﬂ‘ugicndam
2544 5225 2870 5294 gehennam,
2928 5225 2972 5279 si
3011 5225 3180 5295 legam
3231 5226 3274 5256 ⁸⁷
3315 5224 3587 5293 quomodo
3621 5222 3712 5276 lilii

2278 5384 2323 5415 δ’
2355 5383 2514 5437 Prov.
2544 5383 2654 5446 t,9.
2732 5384 2779 5423 ⁸³
2816 5382 2976 5437 Num.
3006 5399 3157 5450 XXXI,
3189 5383 3280 5438 50.
3358 5382 3582 5448 l"’ibid.,
3618 5381 3706 5437 5!.

2136 5541 2372 5596 annulus
2392 5549 2712 5595 ornamenta
2732 5549 2858 5595 sunt
2889 5557 3168 5595 manuum.
3208 5560 3226 5591 ι

2202 5612 2314 5682 (56)
2365 5610 2728 5682 Iixposiliorris
2758 5612 2918 5680 hujus
2957 5613 3345 5666 ecclesiasticw.
3391 5609 3703 5682 Expositio-

2133 5680 2253 5736 nem
2293 5680 2723 5753 ecclesiasticam
2751 5683 3004 5753 appellat,
3034 5685 3312 5752 mysticam
3336 5690 3391 5737 et
3417 5680 3694 5746 moralem,

2126 5768 2175 5806 ct
2216 5751 2440 5816 opponit
2463 5750 2721 5803 Judaicze.
