4104 6226
458 242 564 297 775

1895 218 2212 278 ORIGENIS

3605 220 3711 273 7'16

459 356 671 420 ltuben,
702 362 754 409 et
784 352 876 407 lilit
907 351 1044 415 Gad,
1078 355 1132 401 et
1158 344 1383 401 dimidia
1421 343 1592 398 tribus
1624 339 1889 403 Manasse,
1917 339 2027 392 hae-
2056 342 2102 401 Α
2132 332 2374 389 revelare
2400 331 2684 398 dignetur:
2718 337 2844 383 sttnt
2868 328 3014 383 enim
3036 327 3092 383 in
3120 328 3209 384 his
3229 327 3715 398 repromissionum

465 447 746 501 reditatem
793 445 1007 512 capiunt
1051 457 1080 493 a
1127 438 1309 509 Moyse
1352 445 1504 491 trans
1555 433 1870 498 Iordanem,
1906 431 2032 500 quia

462 548 621 591 erant
650 535 752 588 illis
788 549 975 602 pecora
1025 530 1194 586 multa
1240 544 1350 599 prae
1396 526 1610 581 caeteris
1649 525 1921 584 tribubus,
1981 530 2037 577 et

464 631 591 697 quia
635 627 767 681 dicit
812 625 878 679 ad
909 639 1005 678 eos
1041 622 1290 692 Moyses:
1344 618 1532 673 Videte
1584 631 1650 671 ne
1697 614 2036 671 exacerbetis

467 722 653 779 Deum,
682 718 896 771 sicutet
929 714 1002 769 illi
1030 714 1217 767 decem
1263 711 1355 779 qtti
1401 709 1553 763 missi
1587 715 1713 763 sunt
1733 722 1853 761 cum
1906 705 2034 760 Iesu

464 823 517 867 et
541 811 706 867 Caleb
747 808 1033 878 explorare
1079 813 1302 865 terram,
1336 810 1390 854 et
1424 800 1701 862 dicebant,
1729 798 1852 866 quia
1895 806 2033 850 terra

464 902 585 957 talis
639 909 689 955 et
714 900 835 953 talis
858 907 962 960 est,
994 906 1048 949 et
1082 909 1185 948 non
1226 904 1513 960 possumus
1550 902 1667 942 eam
1704 900 1917 956 capere.
1972 884 2036 937 Et

464 994 587 1062 quia
621 991 685 1044 ad
711 992 825 1044 haec
859 985 1251 1055 responderunt
1277 981 1373 1034 ftlii
1398 978 1611 1043 Ruben,
1635 985 1687 1030 et
1716 976 1894 1030 czeteri
1917 990 2035 1027 cum

466 1084 626 1152 ipsis:
666 1084 741 1137 Da
785 1079 939 1133 nobis
974 1086 1171 1129 terram
1207 1074 1368 1137 hanc,
1401 1080 1454 1123 et
1499 1068 1871 1123 hmreditatem
1899 1064 2036 1134 ejus,

464 1185 517 1230 et
554 1189 660 1228 non
706 1183 1009 1239 quaeremus
1047 1166 1157 1235 iam
1195 1164 1337 1218 intra
1383 1161 1672 1217 Iordanem
1706 1156 2042 1212 [hereditatis

468 1278 666 1321 terram
700 1277 823 1317 cum
866 1259 1122 1313 fratribus
1153 1256 1392 1311 nostris:
1425 1254 1514 1309 sed
1551 1254 1639 1307 hic
1674 1251 2040 1318 relinquemus

461 1356 701 1423 iumenta
746 1360 952 1415 nostra,
1002 1358 1056 1405 et
1104 1349 1352 1403 sarcinas
1403 1356 1637 1406 nostras,
1688 1354 1745 1397 et
1789 1342 2041 1395 mulieres

470 1458 705 1509 nostras,
740 1454 792 1500 et
821 1443 1057 1497 infantes
1085 1448 1322 1505 nostros,
1352 1439 1450 1491 viri
1482 1446 1660 1490 autem
1691 1434 1861 1488 nostri
1888 1433 2042 1485 ibunt

472 1540 673 1608 pariter
709 1546 761 1592 et
806 1536 1113 1589 transibunt
1146 1532 1459 1587 Iordanem.
1505 1530 1569 1582 Et
1609 1529 1734 1597 quia
1781 1534 1897 1595 post
1930 1526 2042 1578 haec

472 1631 676 1701 Moyses
703 1626 1046 1683 commendat
1070 1639 1162 1678 eos
1192 1621 1317 1675 Iesu
1354 1621 1461 1675 [ilio
1496 1620 1662 1680 Nave,
1697 1628 1751 1671 et
1786 1616 2042 1669 Eleazaro

2135 425 2415 497 mysteria,
2475 437 2594 491 qua:
2642 422 2951 491 repromisit
3002 423 3356 493 diligentibus
3412 437 3527 477 se:
3572 438 3590 471 ι
3644 420 3720 478 Ut

2134 519 2369 571 sciamus
2395 524 2447 568 et
2476 528 2596 577 nos,
2625 526 2744 581 quae
2773 526 2802 564 a
2855 510 2969 565 Deo
2997 514 3198 568 donata
3242 520 3371 567 sunt
3400 512 3555 566 nobis
3577 511 3646 563 “.
3685 529 3706 563 ι

2137 610 2242 664 Sed
2272 618 2324 663 et
2354 606 2657 676 vosjuvate
2688 618 2789 657 nos
2816 604 2869 657 in
2902 604 3068 674 372
3098 606 3462 671 orationibus,
3506 613 3562 658 et
3592 603 3716 658 dili-

2137 711 2325 773 genter
2360 699 2642 760 intendite,
2692 711 2799 750 non
2848 704 2960 750 tam
3001 696 3157 751 nobis
3186 699 3522 761 dicentibus,
3550 710 3714 766 quam

2139 795 2364 849 Domino
2397 792 2718 845 illuminanti
2745 805 2865 853 eos,
2900 802 3041 858 quos
3083 788 3474 843 illuminatione
3506 802 3600 841 sua
3634 786 3718 840 di-

2138 901 2273 957 gnos
2300 884 2586 940 invenerit.
2606 882 2846 950 Quorum
2864 880 3331 950 contemplatione
3360 880 3520 933 etiam
3552 876 3714 934 nobis

2138 978 2270 1031 dare
2295 976 2544 1044 dignetur
2576 972 2801 1026 verbum
2830 968 2886 1022 in
2926 970 3338 1036 adapertionem
3376 965 3486 1019 oris
3518 962 3713 1018 nostri.

2140 1070 2245 1125 Sed
2301 1084 2398 1138 age
2428 1068 2536 1135 jam
2586 1065 2629 1119 si
2689 1064 2852 1118 corda
2905 1061 3162 1117 erexistis
3211 1060 3277 1114 ad
3327 1057 3632 1121 Dominum,
3660 1063 3716 1110 et

2141 1164 2289 1217 verbi
2343 1160 2457 1227 ejus
2496 1158 2666 1213 sancti
2726 1154 3145 1208 illustrationem
3208 1151 3472 1220 petiistis.
3497 1154 3562 1202 ad
3594 1163 3718 1219 per-

2142 1254 2489 1311 scrutandum
2542 1263 2760 1305 sensum
2802 1261 2982 1301 eorum
3038 1258 3157 1313 qua:
3213 1244 3474 1297 videntur
3526 1240 3715 1304 latere,

2141 1348 2441 1403 veniamus.
3048 1388 3049 1395 η

2210 1438 2265 1502 4,.
2286 1433 2529 1490 Excundi
2563 1432 2631 1487 de
2653 1430 2886 1500 Egypto
2912 1427 3132 1497 figuram
3158 1424 3370 1478 duobus
3411 1422 3586 1475 modis
3611 1435 3708 1474 ac-

2142 1529 2274 1596 cipi,
2302 1542 2330 1581 a
2354 1525 2623 1595 prioribus
2648 1522 2851 1587 nostris
2886 1529 2940 1573 et
2968 1534 2997 1571 a
3023 1518 3174 1571 nobis
3200 1531 3338 1583 sape
3358 1513 3468 1581 iam
3494 1513 3704 1564 dictum

2144 1629 2245 1674 est.
2272 1618 2402 1671 Nam
2431 1627 2485 1671 et
2512 1630 2632 1669 cum
2665 1613 2785 1680 quis
2811 1612 2877 1664 de
2914 1623 3161 1663 errorum
3184 1604 3416 1659 tenebris
3442 1602 3506 1655 ad
3540 1601 3698 1670 agni-

472 1719 739 1774 sacerdoti
780 1718 890 1771 lilio
934 1717 1136 1776 Aaron,
1176 1715 1275 1766 sub
1314 1726 1377 1765 ea
1416 1721 1590 1763 tamen
1621 1706 1951 1769 conditione,
1987 1714 2044 1756 ut

2162 1710 2308 1763 .ionis
2336 1707 2514 1759 lumen
2543 1701 2852 1763 adducitur,
2883 1706 2938 1753 et
2966 1699 3031 1751 de
3064 1706 3273 1750 terrena
3297 1692 3697 1747 conversatione

475 1818 756 1864 transeant
795 1824 916 1861 cum
956 1807 1082 1859 filiis
1112 1804 1303 1866 Israel,
1341 1811 1393 1855 et
1429 1808 1676 1870 pugnent
1705 1814 1822 1851 cum
1852 1797 1931 1849 eis
1953 1796 2046 1847 ad-

475 1916 664 1954 versus
697 1900 880 1954 hostes
905 1898 993 1965 qui
1024 1904 1179 1948 erant
1209 1904 1358 1947 trans
1378 1892 1690 1951 Iordanem,
1724 1889 1893 1942 donec
1914 1885 2047 1940 Iibe-

476 2003 625 2046 retur
651 1994 717 2044 ab
756 1992 839 2044 eis
883 2002 1045 2049 terra,
1081 1997 1136 2040 et
1170 1996 1297 2039 tunc
1329 1983 1600 2051 accipiant
1630 1990 1834 2035 terram
1884 1993 2045 2047 quam

476 2090 861 2151 poposcerunt,
911 2079 1056 2148 regis
1086 2076 1228 2131 Seon
1272 2087 1327 2129 et
1369 2074 1513 2142 regis
1545 2071 1664 2141 Og:
1703 2080 1867 2138 atque
1920 2067 2049 2137 ipsis

474 2172 603 2227 solis
633 2187 727 2241 per
757 2169 989 2241 Moysetn
1019 2168 1173 2222 detur
1224 2164 1513 2219 ltrereditas
1555 2172 1708 2215 extra
1735 2158 2047 2222 Iordanem,

476 2264 690 2317 caeteris
718 2270 897 2316 autem
933 2261 1187 2313 omnibus
1220 2272 1315 2326 per
1356 2255 1541 2317 Iesum
1565 2252 1705 2306 intra
1735 2250 2047 2305 Iordanem.

478 2354 628 2408 Dicet
656 2367 785 2419 ergo
815 2351 1009 2419 aliquis
1039 2369 1053 2403 :
1093 2346 1233 2413 Quid
1269 2349 1367 2401 ista
1415 2350 1638 2409 prosunt
1670 2344 1737 2397 ad
1768 2342 1868 2396 hoc
1906 2342 2052 2411 quod

478 2446 613 2499 dixit
646 2443 917 2497 Abraham
942 2440 987 2471 ⁸⁸
1024 2458 1038 2494 :
1084 2457 1104 2490 ι
1146 2438 1356 2492 Habent
1388 2436 1621 2505 Mnysem
1646 2442 1701 2487 et
1742 2432 2050 2503 prophetas,

480 2536 701 2590 audiant
726 2534 881 2599 illos;
925 2551 942 2584 ι
974 2547 1079 2601 (ιιιο
1112 2530 1318 2584 scilicet
1348 2530 1461 2581 haec
1490 2526 1731 2595 legentes
1749 2535 1803 2579 et
1827 2524 2055 2578 audien-

482 2638 583 2693 tes,
630 2627 684 2681 in
740 2626 918 2681 locum
954 2624 1103 2677 illum
1141 2636 1247 2675 non
1279 2620 1574 2674 deveniant
1618 2617 2056 2671 tormentorum?

484 2721 608 2775 llaec
632 2729 810 2773 autem
838 2717 1093 2780 diximus,
1126 2714 1429 2768 excitantes
1466 2713 1678 2766 animos
1705 2709 2054 2771 audientium,

482 2822 544 2865 ut
573 2808 884 2879 vigilantius
929 2806 997 2860 iis
1025 2821 1145 2875 qua:
1190 2804 1442 2872 leguntur
1480 2802 1567 2856 vel
1603 2802 1858 2855 dicuntur
1894 2800 2059 2853 inten-

482 2903 638 2969 dant,
670 2910 725 2955 et
775 2901 825 2953 in
888 2895 1053 2951 Mosei
1094 2894 1289 2949 litteris
1320 2903 1528 2948 remoto
1570 2893 1761 2946 littera:
1794 2890 2059 2945 velamine

2147 1801 2214 1853 ad
2245 1796 2544 1867 spiritualia
2592 1792 2833 1847 instituta
2891 1786 3253 1849 convertitur,
3283 1784 3349 1837 de
3383 1780 3597 1850 [Egypto
3617 1780 3698 1832 vi-

2149 1893 2306 1946 detur
2352 1891 2528 1944 exisse
2576 1896 2629 1942 et
2666 1885 2876 1940 venisse
2920 1884 2987 1936 ad
3030 1879 3425 1935 solitudinem:
3460 1874 3523 1925 ad
3565 1871 3708 1925 illum

2151 1983 2406 2039 videlicet
2433 1984 2555 2051 vige
2585 1988 2804 2041 statttm,
2839 1976 2891 2029 in
2926 1989 3033 2043 quo
3063 1986 3159 2042 per
3180 1968 3460 2025 silentium
3493 1973 3549 2018 et
3570 1964 3720 2032 quie-

2154 2085 2258 2127 tem
2290 2078 2614 2125 exerceatur
2641 2066 2839 2121 divinis
2871 2064 3094 2130 legibus,
3136 2070 3190 2114 et
3221 2056 3455 2125 eloquiis
3486 2052 3723 2108 caelesti-

2154 2166 2255 2220 bus
2283 2163 2591 2217 imbuatur:
2626 2174 2723 2228 per
2759 2171 2879 2225 qua:
2908 2153 3186 2207 insdtntus
3222 2158 3276 2203 et
3308 2148 3570 2207 directus,
3599 2158 3720 2197 cum

2151 2255 2444 2311 Iordanem
2475 2249 2779 2312 transierit,
2809 2252 3059 2315 properet
3090 2253 3259 2309 usque
3292 2238 3360 2290 ad
3398 2246 3601 2290 terram
3634 2248 3722 2287 re-

2155 2343 2553 2415 promissionis,
2614 2340 2667 2394 id
2713 2347 2797 2393 est
2828 2352 2925 2406 per
2961 2336 3189 2407 gratiam
3236 2329 3515 2401 baptismi,
3554 2340 3723 2396 usque

2154 2439 2222 2493 ad
2249 2436 2559 2505 evangelica
2595 2431 2839 2487 instituta
2867 2428 3170 2497 perveniat.
3201 2425 3308 2479 Sed
3337 2432 3391 2476 et
3418 2422 3564 2475 illam
3591 2420 3724 2488 figu-

2158 2545 2272 2586 ram
2294 2544 2412 2583 esse
2443 2526 2677 2581 diximus
2703 2522 2936 2577 exeundi
2955 2523 3020 2575 de
3042 2519 3294 2589 Egypto,
3316 2531 3439 2570 cum
3473 2512 3728 2580 relinquit

2158 2623 2337 2678 anima
2374 2619 2557 2675 mundi
2606 2618 2768 2683 hujus
2801 2614 3070 2678 tenebras,
3110 2627 3173 2669 ac
3212 2620 3421 2665 natura:
3452 2620 3728 2675 corporea:

2159 2716 2479 2775 cmcitatem,
2517 2719 2572 2766 et
2622 2706 2948 2763 transfertur
2974 2706 3040 2777 ad
3070 2703 3216 2758 aliud
3250 2700 3545 2756 sacculum:
3582 2698 3726 2765 quod

2161 2805 2244 2859 vel
2272 2804 2424 2859 sinus
2445 2800 2677 2856 Abrahze
2719 2796 2853 2867 (58),
2886 2806 2944 2851 ut
2972 2799 3025 2850 in
3054 2795 3285 2859 Lazaro,
3313 2792 3395 2846 vel
3424 2790 3727 2859 paradisus,

2162 2905 2221 2950 ut
2248 2895 2301 2948 in
2332 2894 2541 2947 latrone
2575 2891 2666 2960 qui
2695 2890 2761 2944 de
2807 2902 2968 2943 cruce
3016 2885 3268 2948 credidit,
3312 2878 3732 2946 indicatur;vel

486 2997 559 3050 ita
588 2992 896 3062 intelligant
929 3004 1051 3060 qua:
1085 2988 1286 3057 scripta
1321 2992 1468 3051 sunt,
1492 2993 1550 3038 ut
1573 2983 1803 3053 singulis
1837 2981 2060 3052 quibus.
2085 3012 2127 3069 ρ
2162 2986 2326 3041 etiam
2382 2984 2427 3038 si
2472 2998 2578 3051 qua
2620 2981 2770 3036 novit
2810 2981 2950 3034 Deus
3001 2993 3120 3034 esse
3161 2976 3265 3030 alia
3301 2976 3437 3039 loca,
3471 2973 3557 3027 vel
3597 2972 3734 3027 alias

484 3101 590 3155 que
620 3100 683 3140 ea
739 3084 843 3138 dici
885 3080 1186 3143 inveniant,
1222 3094 1340 3147 quae
1377 3077 1423 3133 si
1467 3075 1833 3146 intelligantur
1861 3084 1916 3129 et
1963 3074 2060 3129 ob-

485 3185 793 3242 serventur,
824 3173 1035 3245 possint
1081 3169 1359 3225 auditores
1413 3184 1518 3222 non
1570 3169 1634 3221 ad
1682 3167 1834 3219 illum
1883 3164 2059 3220 locum

490 3268 745 3324 tormenti
782 3266 997 3329 deduci,
1033 3279 1141 3333 quo
1164 3264 1314 3318 dives
1332 3261 1441 3329 ille,
1473 3260 1562 3329 qui
1591 3259 1782 3314 audire
1800 3259 1915 3313 haec
1942 3271 2063 3326 quae

488 3366 542 3418 in
580 3369 793 3417 secreto
817 3366 944 3413 sunt
984 3356 1212 3425 scripta,
1260 3352 1613 3422 contempsit,
1642 3351 1907 3406 abductus
1929 3357 2013 3404 est
2047 3367 2060 3403 :

489 3457 585 3511 sed
629 3453 682 3507 in
713 3451 889 3506 sinum
921 3456 1047 3502 eant
1090 3446 1388 3511 Abraham,
1440 3444 1532 3499 ubi
1575 3443 1811 3497 Lazarus
1848 3441 2065 3511 requie-

490 3547 615 3602 scit.
642 3543 875 3600 Oremus
897 3555 1027 3611 ergo
1058 3538 1369 3600 Dominum,
1409 3543 1466 3589 ut
1497 3532 1774 3588 auferatur
1820 3532 2065 3588 velamen

493 3656 527 3691 a
567 3635 827 3692 cordibus
858 3631 1059 3689 nostris
1102 3630 1169 3684 de
1203 3627 1435 3683 lectione
1467 3622 1676 3678 Veteris
1708 3620 2063 3685 Testamenti,

492 3737 556 3784 ut
578 3744 640 3783 ea
671 3742 790 3798 qua:
814 3724 1134 3781 abscondita
1167 3728 1293 3775 sunt
1315 3730 1371 3773 et
1394 3717 1608 3773 occulta
1642 3717 1694 3769 in
1732 3714 1894 3770 Mosei
1920 3714 2069 3767 litte—

496 3819 594 3885 ris,
627 3819 812 3873 videre
850 3814 1146 3886 possimus,
1189 3808 1489 3863 secundum
1530 3805 1802 3875 prophetae
1833 3818 2071 3859 commo-

496 3911 757 3967 nitionem
788 3904 1019 3961 dicentis
1035 3903 1109 3954 "z
1133 3919 1151 3953 ι
1178 3901 1246 3955 Ει
1271 3900 1372 3955 nisi
1411 3896 1692 3954 audieritis
1712 3894 1922 3951 occulte
1936 3892 2069 3966 (57),

498 4001 732 4074 plorabit
778 3999 959 4052 anima
993 4002 1193 4049 vestra.
1233 4010 1252 4044 ι
1298 3991 1365 4045 Ει
1388 3990 1603 4060 quidem
1630 3987 1775 4059 quod
1803 3987 1919 4042 hmc
1952 4002 2069 4056 my-

498 4095 636 4149 stica
687 4092 799 4145 sint
840 4098 894 4142 et
926 4083 1431 4152 divinumaliquem
1471 4094 1689 4135 sensum
1735 4078 2071 4143 contineant,

500 4194 630 4254 puto
655 4180 796 4251 quod
840 4194 908 4233 ex
944 4178 1010 4231 iis
1044 4191 1165 4246 qua:
1195 4173 1444 4245 superius
1476 4181 1689 4227 asserta
1716 4180 1862 4238 sunt,
1897 4170 2075 4225 nullus

502 4276 671 4344 possit
696 4272 991 4340 ambigere,
1014 4268 1262 4339 quamvis
1286 4266 1358 4320 sit
1382 4265 1470 4318 ille
1505 4261 1745 4319 Iudaicis
1773 4260 1967 4316 fabulis
1990 4262 2074 4315 in-

2163 3076 2495 3141 mansiones,
2551 3089 2647 3143 per
2671 3088 2790 3143 qua:
2820 3071 3087 3126 transiens
3128 3068 3308 3123 anima
3340 3067 3448 3121 Deo
3474 3066 3731 3127 credens,

2162 3180 2220 3225 et
2259 3169 2581 3239 perveniens
2614 3181 2787 3236 usque
2817 3166 2884 3219 ad
2921 3164 3115 3217 flumen
3153 3160 3282 3215 illud
3321 3160 3463 3228 quod
3495 3157 3735 3211 laetiﬁcat

2164 3262 2435 3319 civitatem
2461 3262 2581 3327 Dei,
2603 3261 2745 3316 intra
2771 3260 2945 3328 ipsum
2974 3265 3172 3310 sortem
3193 3252 3473 3323 promissa:
3488 3249 3736 3320 patribus

2164 3352 2497 3408 hereditatis
2532 3350 2786 3421 accipiat.
2820 3349 2987 3418 Igitur
3014 3360 3136 3401 cunt
3177 3343 3400 3414 duplici,
3432 3351 3490 3395 ιιι
3528 3355 3732 3396 memo-

2166 3446 2429 3511 ravimus,
2463 3443 2627 3499 modo
2656 3455 2907 3513 egressus
2942 3439 3253 3509 designetur
3298 3450 3367 3489 ex
3394 3432 3651 3505 Egypto,
3676 3440 3738 3488 et

2168 3538 2432 3593 transitus
2476 3536 2543 3589 ad
2593 3534 2891 3595 desertum,
2958 3541 3123 3598 atque
3171 3526 3294 3582 inde
3346 3526 3624 3593 ingressus
3668 3526 3736 3580 ad

2168 3637 2372 3683 sancta:
2421 3636 2579 3681 terra:
2622 3624 3017 3683 hzereditatem,
3078 3619 3358 3673 videamus
3413 3630 3561 3669 nunc
3613 3618 3739 3684 quid

2170 3720 2271 3775 sibi
2300 3718 2432 3774 velit
2459 3718 2647 3773 Ruben
2673 3726 2726 3773 et
2760 3716 2899 3781 Gad,
2926 3725 2981 3769 et
3010 3712 3232 3767 dimidia
3267 3711 3440 3766 tribus
3474 3708 3735 3764 Manasse.

2170 3810 2469 3865 Hzereditas
2503 3826 2622 3879 qua:
2651 3825 2745 3879 per
2778 3809 3012 3879 Moysen)
3060 3805 3315 3869 traditur,
3339 3812 3394 3857 et
3433 3813 3587 3857 extra
3616 3800 3740 3855 Ior-

2174 3905 2369 3957 danem
2398 3902 2726 3965 decernitur,
2780 3901 2832 3955 in
2883 3898 3165 3955 duodecim
3215 3896 3461 3950 tribubus
3512 3892 3737 3947 ﬁliorum

2173 3993 2361 4059 Israel,
2410 3992 2639 4048 occultis
2692 3990 3012 4059 quibusdam
3047 3997 3102 4044 et
3152 3986 3397 4059 mysticis
3442 3984 3743 4039 rationibus

2177 4085 2343 4140 totius
2384 4084 2607 4139 humatti
2651 4082 2867 4153 generis
2927 4082 3152 4152 figuram
3210 4078 3607 4144 complectitur,
3666 4072 3746 4127 vel

2176 4177 2419 4231 omnium
2474 4184 2625 4230 certe
2697 4175 2977 4229 hominum
3017 4173 3110 4243 qui
3157 4172 3224 4226 ad
3282 4170 3610 4241 agnitionem
3650 4167 3744 4221 Dei

2178 4273 2466 4319 venerunt.
2506 4264 2708 4319 Horum
2738 4280 2867 4334 ergo
2896 4278 3021 4333 pars
3065 4262 3245 4331 aliqua
3275 4271 3428 4315 extra
3457 4259 3745 4315 Iordanem

501 4363 823 4421 satiabiliter
857 4361 1071 4415 deditus
1107 4378 1120 4412 :
1158 4371 1339 4412 tamen
1380 4356 1522 4410 sicut
1550 4354 1651 4409 hoc
1676 4353 1946 4407 neminem
1981 4367 2075 4406 ne-
2102 4353 2152 4412 D
2178 4354 2546 4409 hazreditatem
2601 4353 2953 4420 consequitur
2999 4367 3093 4421 per
3146 4354 3402 4422 Moysent,
3448 4364 3572 4419 pars
3618 4360 3749 4401 vero

503 4471 633 4524 gare
660 4463 806 4522 puto,
829 4452 899 4505 ita
926 4464 1047 4520 quae
1099 4447 1208 4501 sint
1232 4446 1319 4499 illa
1348 4459 1466 4513 qua:
1505 4457 1570 4496 ex
1600 4442 1718 4495 istis
1745 4437 2074 4493 narrationi-

507 4552 605 4604 bus
637 4545 974 4605 indicentur,
1002 4548 1058 4594 et
1097 4552 1216 4608 qua:
1259 4550 1439 4589 rerum
1471 4533 1640 4587 facies
1670 4532 1769 4586 sub
1797 4531 1899 4585 hoc
1933 4528 2077 4581 vela-

508 4642 651 4695 mine
698 4641 1037 4703 contegatur,
1083 4629 1150 4684 ad
1202 4626 1461 4696 liquidum
1519 4624 1681 4686 scire,
1727 4622 1896 4689 ipsius
1952 4627 2079 4688 puto

506 4747 628 4788 esse
657 4726 834 4784 sancti
865 4723 1105 4795 Spiritus
1137 4719 1227 4788 qui
1258 4719 1373 4772 haec
1408 4714 1629 4771 inscribi
1664 4711 1947 4781 inspiravit
1976 4728 1989 4762 :
2026 4720 2082 4764 et

512 4823 718 4879 Domini
747 4818 915 4875 nostri
937 4814 1069 4869 Iesu
1099 4810 1323 4874 Christi,
1350 4810 1441 4878 qui
1463 4808 1525 4863 de
1555 4807 1733 4877 Moyse
1763 4804 1974 4858 dicebat
1996 4800 2077 4853 ⁸ος

514 4938 534 4971 ι
579 4920 653 4974 De
693 4930 780 4970 me
804 4913 951 4967 enim
978 4910 1070 4963 ille
1102 4906 1360 4975 scripsit;
1401 4923 1419 4955 ι
1452 4912 1504 4957 et
1542 4897 1926 4968 omnipotentis
1960 4896 2078 4961 Dei,

510 5012 661 5081 cujus
691 5003 977 5062 consilium
1023 5000 1303 5069 antiquum
1343 4997 1582 5051 humano
1612 4991 1798 5062 generi
1826 5006 1932 5043 non
1981 5004 2081 5042 mt-

511 5103 661 5164 dum,
694 5097 788 5153 sed
818 5094 1052 5150 velatum
1078 5090 1273 5145 litteris
1303 5088 1590 5143 indicatur.
1620 5082 1729 5139 Nos
1751 5092 1930 5137 autem
1959 5098 2081 5136 ore-

514 5206 632 5244 mus
658 5204 725 5243 ex
749 5186 915 5242 corde
947 5183 1178 5239 Verbum
1215 5181 1333 5243 Dei,
1364 5178 1455 5247 qui
1486 5185 1570 5232 est
1591 5175 1900 5244 unigenitus
1942 5174 2078 5242 ejus,

513 5294 564 5336 et
589 5281 680 5352 qui
710 5278 917 5336 revelat
936 5276 1152 5331 Patrem
1183 5271 1381 5342 quibus
1422 5270 1555 5333 vult,
1594 5277 1651 5322 ut
1686 5278 1740 5321 et
1767 5268 1922 5322 nobis
1964 5268 2081 5323 haec

582 5372 627 5405 ³⁸
654 5370 786 5428 Luc.
830 5367 1058 5433 xvt,29.
1135 5363 1407 5417 "Ierem.
1455 5375 1577 5425 xm,
1625 5360 1713 5414 I7.

588 5466 699 5604 E57)
721 5465 905 5520 Codex
936 5460 1121 5515 Sancti
1152 5456 1498 5521 Theoderici,
1538 5475 1554 5505 ι
1588 5454 1820 5511 occulta.
1856 5473 1875 5505 ι

615 5536 705 5604 58)
734 5534 887 5604 Quod
922 5531 999 5586 uel
1024 5532 1172 5604 sinus
1212 5528 1459 5604 Abraha’,
1490 5535 1597 5604 etc.
1627 5524 1778 5604 Vide
1804 5524 1875 5604 _Or

615 5523 705 5605 58')
734 5534 887 5605 Quod
922 5531 999 5586 uel
1024 5532 1172 5605 sinus
1212 5528 1459 5605 Abraha’,
1490 5535 1597 5605 e_tc.
1627 5524 1778 5605 Vide
1804 5523 2089 5605 prigcpiq-

525 5592 708 5662 non»;
740 5592 834 5657 lib.
865 5619 928 5668 tt,
959 5603 1315 5673 qutestionem
1337 5596 1699 5660 undecimam,
1729 5595 1819 5651 ubi
1849 5592 1980 5663 quid
2021 5593 2090 5648 de

1789 5360 1833 5390 ‘°
1859 5357 2023 5415 Ioan.
2046 5358 2196 5424 v.45.

2182 4456 2333 4502 trans
2384 4444 2707 4511 Iordanem,‘
2735 4452 2789 4499 et
2836 4444 3198 4499 btereditatem
3234 4441 3460 4510 suscipit
3501 4440 3553 4493 in
3606 4446 3748 4491 terra

2183 4536 2619 4608 repromissionis
2660 4549 2753 4605 per
2803 4532 3005 4589 Iesum.
3048 4532 3115 4587 Et
3154 4532 3229 4586 illi
3273 4531 3513 4599 quidem,
3559 4527 3753 4596 quibus

2185 4638 2336 4682 extra
2400 4626 2686 4683 Iordanem
2743 4625 3034 4680 ltaereditas
3093 4622 3441 4691 decernitur,
3494 4618 3750 4689 primitivi

2188 4731 2313 4776 sunt
2341 4735 2354 4771 :
2391 4718 2515 4772 licet
2556 4715 2734 4771 minus
2765 4715 2994 4779 nobiles,
3035 4713 3162 4767 licet
3191 4728 3298 4767 non
3333 4709 3611 4779 inculpati,
3645 4707 3755 4776 pri-

2190 4808 2358 4865 mitivi
2393 4818 2569 4863 tamen
2621 4816 2765 4862 sunt.
2812 4806 3000 4860 Ruben
3041 4804 3185 4861 enim
3237 4812 3321 4859 est
3369 4801 3757 4873 primogenitus

2184 4900 2351 4956 Iacob
2384 4917 2397 4953 :
2436 4899 2560 4952 licet
2594 4897 3043 4953 contaminaverit
3075 4896 3288 4950 thorum
3325 4895 3516 4965 patris,
3550 4892 3755 4962 primo-

2189 4993 2404 5065 genitus
2435 5002 2613 5045 tamen
2644 4999 2746 5044 est.
2777 4988 2884 5044 Sed
2917 4997 2972 5043 et
2997 4987 3132 5053 Gad,
3175 4986 3303 5041 licet
3328 5002 3394 5040 ex
3425 4984 3641 5048 ancilla,
3674 4992 3759 5036 ta—

2188 5102 2309 5140 men
2340 5094 2397 5138 et
2418 5084 2530 5152 ipse
2572 5082 2962 5152 primogenitus
2985 5090 3089 5134 est.
3118 5078 3365 5133 Manasse
3396 5090 3631 5147 quoque,
3661 5088 3760 5128 cu-

2182 5176 2274 5246 jus
2305 5173 2528 5228 dimidia
2571 5172 2742 5227 tribus
2772 5180 2924 5225 extra
2953 5168 3240 5225 Iordanem
3295 5168 3668 5236 consequitur,
3704 5174 3761 5217 et

2188 5268 2302 5337 ipse
2350 5265 2477 5321 licet
2526 5264 2591 5318 de
2639 5262 2893 5334 Egyptia
2935 5272 3116 5327 natus,
3152 5261 3547 5331 primogenitus
3581 5269 3759 5313 tamen

2272 5357 2313 5388 ⁶¹
2338 5356 2358 5409 I
2383 5356 2507 5412 Cor.
2538 5371 2597 5417 tt,
2623 5355 2712 5409 12.
3568 5355 3572 5359 '

2198 5453 2374 5522 poenis
2411 5460 2467 5505 et
2496 5450 2730 5522 pr:em_i_is
2758 5450 3011 5518 opinatus
3042 5450 3111 5507 sit
3141 5449 3423 5520 Origenes,
3452 5449 3611 5504 docte
3638 5461 3764 5517 ape-

2199 5518 2273 5577 rit
2294 5518 2626 5578 clarissimus
2657 5518 2904 5576 Huetius.
