4104 6226
418 354 523 409 777

1540 340 1607 401 ΙΝ
1641 341 1974 406 NUMEROS
2013 345 2296 406 HOMlLlA
2331 346 2516 408 XXVI.

3557 363 3657 421 778

417 485 519 532 est.
555 471 753 528 Omnes
780 481 910 538 ergo
938 466 1024 522 isti
1064 464 1404 536 primogeniti
1429 475 1576 529 sunt,
1610 475 1666 519 et
1707 468 1825 522 ideo
1847 466 1992 536 prio-
2020 470 2064 527 A
2094 468 2247 524 sibile
2300 486 2401 525 non
2462 472 2529 527 ab
2569 470 2719 525 initio
2770 472 2965 527 coelum
2998 476 3201 529 dictum
3236 487 3340 541 est,
3374 479 3467 533 sed
3507 482 3660 551 prius

418 575 531 616 rem
560 556 810 627 populum
856 555 1162 625 designant,
1194 554 1283 622 qui
1325 568 1428 606 non
1471 569 1565 624 per
1594 554 1780 608 Jesum
1807 557 1988 610 Domi-

419 666 547 706 num
583 657 847 714 nostrum,
873 648 966 701 sed
999 662 1094 716 per
1115 645 1335 718 Moysen
1366 655 1515 699 extra
1548 645 1837 701 Jordanem
1870 665 1988 702 sor-

420 753 525 796 tem
562 739 891 795 haereditatis
906 737 1197 805 accipiunt.
1228 736 1523 791 Considera
1557 748 1734 791 autem
1762 738 1988 808 diligen-

416 839 526 891 tius
562 836 724 890 etiam
755 847 993 898 causam,
1028 845 1133 901 qua
1159 830 1365 899 priores
1405 840 1457 886 et
1485 839 1637 885 extra
1671 830 1983 895 Jordanem,

416 936 469 981 et
498 924 819 995 sequestrati
840 939 870 978 a
894 923 1127 987 czeteris,
1157 931 1563 990 consequuntur
1593 922 1982 977 haereditatem.

425 1035 443 1067 ι
473 1016 745 1080 Jumenta,
766 1015 1014 1085 inquiunt
1039 1016 1175 1077 “,et
1203 1026 1397 1083 pecora
1423 1013 1589 1068 multa
1612 1022 1737 1068 sunt
1766 1014 1937 1069 nobis.
1962 1034 1979 1066 ι

418 1110 541 1163 llarc
566 1123 696 1175 ergo
726 1122 888 1162 causa
923 1115 1028 1171 est,
1055 1106 1181 1174 quia
1209 1106 1362 1176 prior
1394 1105 1621 1175 populus
1654 1107 1721 1158 ad
1760 1105 1985 1159 hatredi-

419 1212 582 1256 tatem
604 1203 747 1257 illius
773 1212 948 1263 terrm,
979 1218 1101 1273 qua
1128 1202 1265 1257 lacte
1288 1202 1428 1267 ﬂuit,
1458 1217 1577 1270 qute
1630 1201 1787 1257 melle
1815 1202 1985 1255 abun-

419 1296 528 1358 ii-at,
556 1311 674 1363 qua:
696 1295 848 1349 favus
878 1295 1050 1348 mellis
1074 1302 1158 1349 est
1185 1309 1295 1363 prae
1318 1294 1462 1349 omni
1496 1303 1659 1356 terra,
1684 1308 1792 1347 non
1814 1292 1984 1361 potuit

414 1387 715 1455 pervenire,
748 1403 847 1443 nec
875 1386 1108 1441 Verbum
1137 1403 1353 1442 carnem
1383 1389 1586 1443 factum
1618 1387 1789 1457 potuit
1816 1402 1984 1457 agno-

412 1492 586 1544 scere,
615 1479 739 1547 quia
782 1478 947 1531 multa
979 1480 1223 1547 jumenta
1267 1480 1538 1534 trahebant
1585 1487 1641 1532 et
1682 1477 1844 1531 multa
1897 1491 1985 1547 pe-

411 1584 558 1623 cora.
594 1569 857 1624 Animalis
881 1586 1012 1637 ergo
1043 1570 1202 1625 homo
1230 1588 1334 1626 non
1367 1572 1545 1641 potuit
1565 1571 1841 1639 percipere
1863 1587 1982 1641 quae

410 1669 539 1715 sunt
564 1661 800 1731 Spiritus
827 1661 918 1715 Dei
952 1661 1017 1725 ⁸³,
1044 1675 1143 1714 nec
1158 1662 1478 1730 spiritaliter
1494 1660 1820 1729 diiudicare;
1854 1664 1979 1732 quia

416 1771 434 1802 ι
482 1753 645 1806 homo
699 1753 753 1805 in
786 1752 989 1805 honore
1042 1766 1164 1805 cum
1203 1760 1367 1814 esset,
1404 1768 1508 1807 non
1546 1754 1831 1821 intellexit,
1885 1756 1977 1810 sed

409 1851 755 1910 comparatus
811 1850 893 1897 est
945 1842 1204 1911 jumentis
1252 1843 1650 1910 insipientibus,
1697 1854 1752 1899 et
1784 1845 1977 1899 similis

409 1932 588 1987 factus
634 1943 717 1988 est
753 1934 817 1989 iis
860 1935 926 1999 “,
982 1953 998 1986 ι
1039 1950 1133 2003 pro
1178 1934 1370 2003 quibus
1420 1937 1789 1991 luereditatem
1825 1954 1974 1992 suam

409 2034 562 2079 extra
584 2023 837 2079 Jordanis
863 2024 1060 2079 ﬂuenta
1089 2026 1349 2094 percepit,
1378 2036 1431 2079 et
1455 2042 1482 2078 a
1526 2036 1670 2080 terra
1705 2042 1763 2081 se
1788 2038 1973 2083 sancta

411 2120 536 2174 fecit
555 2122 808 2175 alienum.
834 2119 925 2174 Ille
964 2136 1092 2190 ergo
1118 2120 1345 2189 populus
1364 2122 1573 2189 accepit
1606 2122 1970 2176 haereditatem

409 2227 507 2279 per
540 2212 774 2284 Moysen,
808 2214 1014 2283 accepit
1041 2224 1235 2265 terram
1266 2214 1489 2266 duorum
1525 2229 1711 2283 regum
1743 2224 1976 2268 tantum-

408 2304 585 2358 modo.
621 2304 736 2358 Non
766 2307 907 2360 enim
941 2307 1171 2375 amplius
1212 2304 1386 2373 potuit
1430 2304 1641 2375 Moyses
1666 2307 1977 2365 interﬁcere

406 2395 508 2449 nisi
557 2396 691 2450 duos
718 2412 892 2466 reges,
936 2414 1164 2465 quorum
1204 2407 1400 2452 terram
1447 2398 1709 2452 divideret
1740 2399 1972 2467 populis,

407 2487 570 2539 multa
605 2489 858 2542 animalia
914 2490 1187 2558 multaque
1234 2504 1439 2556 pecora.
1470 2489 1817 2544 habentibus.
1864 2489 1974 2544 lllis

407 2593 533 2632 vero
557 2580 645 2647 qui
677 2576 963 2634 Jordanem
1004 2590 1304 2647 transeunt,
1334 2580 1491 2636 Jesus
1522 2581 1717 2634 dividit
1751 2590 1970 2648 terram,

406 2670 650 2738 quamvis
678 2671 907 2726 habeant
932 2674 1092 2728 etiam
1118 2674 1217 2742 ipsi
1246 2673 1520 2737 animalia,
1550 2673 1785 2727 habeant
1816 2688 1975 2742 pero--

411 2776 487 2825 ra,
518 2774 620 2814 non
646 2770 821 2816 tamen
864 2772 1033 2828 tanta,
1060 2780 1180 2831 qum
1215 2778 1310 2817 eos
1336 2764 1646 2829 excludant,
1681 2779 1748 2820 ne
1774 2763 1968 2821 Iorda-

408 2866 526 2905 nem
554 2862 849 2921 transeant,
880 2855 971 2909 sed
1007 2870 1130 2909 cmn
1167 2855 1295 2923 ipsis
1317 2865 1369 2910 et
1395 2856 1731 2923 mulieribus,
1762 2870 1817 2913 et
1848 2873 1968 2913 cum

407 2940 700 2997 intantibus
729 2945 842 2998 suis
864 2946 1191 2999 contendunt
1222 2947 1451 3001 transire
1472 2946 1785 3012 Iordanem,
1819 2959 1871 3004 et
1904 2949 1969 3002 ad

407 3044 619 3103 patrum
662 3037 944 3104 pervenire
995 3039 1280 3107 promissa.
1314 3038 1389 3091 Illi
1422 3050 1598 3094 autem
1630 3051 1851 3111 propter
1886 3058 1972 3112 pe-

2097 560 2516 626 lirmameutum,
2544 574 2661 630 post
2680 566 2841 618 etiam
2866 567 2991 620 (ξωιί
3012 569 3271 623 vocabulo
3291 583 3659 640 nuncupatum

2091 662 2191 702 est.
2222 649 2274 703 ln
2316 652 2577 720 principio
2619 662 2795 705 tamen
2846 664 3111 709 creatura:
3143 656 3337 709 caelum
3375 668 3429 711 et
3460 669 3657 712 terram

2094 741 2283 794 fut-isse
2314 741 2509 794 dicitur
2538 743 2698 807 Deus,
2727 754 2775 795 et
2808 754 2991 811 postea
3032 747 3331 812 aridam,et
3350 758 3535 816 postea
3569 751 3660 802 lir-

2092 844 2446 886 rnamenlum.
2480 833 2569 885 Vis
2603 847 2779 887 autem
2811 837 2950 889 scire
2997 836 3121 905 quia
3158 838 3300 892 aliud
3328 841 3399 892 sit
3427 840 3479 892 in
3512 842 3662 894 Scri-

2090 925 2262 990 ptnris
2293 925 2467 987 arida,
2494 924 2635 978 aliud
2663 926 2846 979 terra?
2878 927 3002 981 audi
3044 930 3295 998 Aggreum
3333 932 3657 1001 prophetam

2091 1014 2358 1068 dicentem
2383 1016 2426 1046 ⁸⁸
2461 1034 2473 1067 2
2508 1036 2525 1064 ι
2552 1017 2742 1069 Adhuc
2770 1017 3017 1079 semel,et
3046 1034 3148 1088 ego
3182 1022 3408 1076 movebo
3458 1025 3657 1082 caelum

2088 1116 2141 1158 et
2184 1116 2409 1172 terram,
2461 1116 2516 1160 et
2568 1122 2736 1170 mare,
2794 1119 2848 1163 et
2883 1111 3155 1165 aridamn
3188 1110 3351 1168 Vides
3384 1120 3660 1184 quomodo

2084 1197 2351 1265 propheta
2397 1196 2539 1251 aliud
2579 1199 2731 1266 ponit
2774 1208 2975 1253 terram
3013 1209 3067 1254 et
3101 1201 3248 1255 aliud
3285 1204 3513 1260 aridam.
3551 1206 3657 1260 Sed

2086 1295 2141 1340 et
2175 1287 2226 1338 in
2268 1287 2454 1341 multis
2483 1288 2777 1357 Scriptura:
2810 1289 2941 1345 locis
2968 1290 3275 1347 invenimus
3305 1304 3503 1348 terram
3539 1296 3654 1349 lan-

2088 1375 2319 1429 dabilem
2351 1378 2660 1443 nominari;
2694 1380 2903 1432 aridam
2941 1395 3068 1434 vero
3100 1398 3204 1435 non
3232 1381 3398 1439 facile
3433 1385 3658 1455 legimus

2085 1465 2413 1521 laudabilem
2468 1471 2615 1539 poni.
2660 1471 2793 1524 Nam
2850 1482 2903 1526 et
2950 1474 3119 1527 Adam
3177 1476 3228 1528 in
3278 1477 3422 1531 hunc
3482 1478 3656 1533 locum

2084 1558 2237 1626 quasi
2270 1559 2557 1628 eulpabilis
2596 1570 2715 1628 post
2747 1574 3030 1631 peccatum
3067 1565 3396 1632 detruditur,
3428 1569 3518 1636 qui
3546 1572 3655 1622 ari-

2086 1651 2149 1701 da
2204 1652 2514 1706 nominatus
2568 1663 2671 1707 est.
2713 1655 2883 1708 Antea
2932 1658 3073 1708 enim
3113 1672 3216 1710 non
3264 1658 3363 1712 fuit
3392 1661 3443 1713 in
3479 1661 3655 1724 arida,

2085 1741 2176 1794 sed
2216 1726 2273 1795 in
2308 1752 2471 1797 terra.
2513 1744 2800 1800 Paradisus
2848 1762 3079 1815 namque
3120 1766 3220 1802 non
3270 1759 3352 1804 est
3392 1750 3444 1804 in
3482 1753 3654 1817 arida,

2080 1833 2171 1885 sed
2198 1834 2247 1886 in
2276 1843 2439 1890 terra.
2472 1833 2576 1891 Sed
2606 1846 2660 1890 et
2686 1839 2981 1891 mansuetis
3016 1843 3156 1908 quod
3189 1843 3521 1911 repromittit
3548 1844 3655 1899 Do-

2083 1925 2262 1978 minus
2321 1927 2371 1980 in
2434 1928 2744 1998 Evangelio,
2810 1945 2914 1984 non
2980 1941 3063 1985 est
3122 1935 3296 2001 arida,
3336 1936 3432 1990 sed
3485 1947 3649 1992 terra.

2086 2016 2277 2070 «Beati
2327 2019 2495 2083 enim,
2553 2020 2819 2087 inquit“,
2875 2026 3183 2090 mansueti,
3244 2028 3501 2096 quoniam
3550 2030 3652 2096 ipsi

2080 2107 2475 2162 hacrcditabunt
2519 2119 2741 2165 terram.
2771 2129 2789 2162 ι
2825 2111 2892 2165 Et
2934 2113 3128 2166 iterum
3165 2115 3215 2167 in
3254 2115 3550 2188 Evangelio
3576 2119 3647 2180 7°,

2079 2214 2263 2253 semen
2290 2203 2430 2269 quod
2455 2203 2541 2254 dat
2572 2202 2804 2255 fructum
2842 2205 3201 2261 centesimum
3250 2211 3647 2278 sexagesimum

2078 2300 2133 2345 et
2173 2293 2529 2356 tricesimum,
2575 2302 2721 2346 terra
2771 2295 2977 2348 dicitur
3015 2312 3154 2362 esse,
3197 2315 3300 2353 non
3357 2303 3532 2357 arida.
3584 2305 3649 2356 Et

2077 2396 2206 2452 puto
2235 2385 2360 2454 quia
2404 2386 2675 2453 profectus
2703 2386 2924 2453 quidam
2952 2389 3021 2442 sit
3046 2393 3111 2442 ah
3156 2391 3306 2445 arida
3347 2395 3413 2447 ad
3448 2403 3644 2449 terram

2077 2476 2348 2538 veniendi,
2395 2476 2533 2529 sicut
2567 2485 2621 2529 et
2666 2478 2940 2543 profectus
2993 2482 3211 2548 quidam
3269 2482 3390 2547 fuit,
3423 2495 3480 2537 ut
3531 2486 3645 2539 haec

2076 2566 2229 2618 arida
2275 2576 2421 2620 terra
2454 2578 2763 2624 vocaretur.
2792 2569 2994 2626 Omnes
3023 2572 3167 2626 enim
3198 2589 3320 2639 nos,
3352 2576 3524 2631 donec
3560 2572 3645 2630 in?

2075 2657 2339 2712 fructuosi
2375 2674 2582 2725 smnus,
2621 2670 2676 2714 et
2710 2660 2913 2714 nullum
2959 2661 3186 2729 justititB
3237 2664 3496 2734 fructum,
3527 2670 3647 2722 nul-

2073 2752 2181 2803 lum
2240 2752 2533 2821 pudicitiae,
2586 2753 2785 2806 nullum
2832 2753 3047 2822 pietatis
3108 2756 3424 2823 allerimus,
3486 2761 3642 2814 arida

2073 2857 2283 2897 smnus.
2314 2844 2368 2895 Si
2400 2855 2580 2897 autem
2622 2844 2980 2913 nosmetipsos
3015 2851 3341 2917 coeperimus
3371 2852 3642 2915 excolere,

2071 2943 2122 2985 et
2148 2934 2213 2986 ad
2259 2935 2519 2989 virtutum
2587 2936 2794 3006 frugem
2839 2940 3049 2993 desides
3099 2943 3309 2995 animos
3356 2945 3640 3009 suscitare,

2073 3034 2212 3077 terra
2269 3025 2531 3080 efﬁcimur
2576 3046 2643 3083 ex
2686 3033 2859 3098 arida,
2900 3048 3018 3102 qua:
3050 3037 3195 3089 verbi
3248 3037 3341 3090 Dei
3391 3046 3642 3106 suscepto

406 3139 529 3179 cora
557 3135 611 3179 et
637 3127 900 3193 jumenta,
929 3136 985 3181 et
1020 3128 1273 3185 mulieres
1304 3146 1449 3193 suas,
1480 3140 1534 3184 et
1575 3133 1832 3197 infantes,
1865 3150 1966 3188 non

2074 3116 2281 3169 semine
2328 3117 2442 3169 laeta
2496 3118 2655 3189 fruge
2709 3124 3045 3191 multiplicel.
3083 3126 3176 3180 Est
3219 3142 3345 3197 ergo
3395 3130 3639 3197 quaedam

403 3222 691 3279 potuerunt
722 3216 952 3268 transire
978 3214 1290 3281 Jordanetn,
1321 3234 1420 3273 nec
1445 3221 1510 3273 ad
1542 3220 1696 3277 tidem
1742 3224 1963 3290 Christi,

401 3317 520 3368 qua:
543 3312 625 3355 est
659 3311 801 3357 terra
839 3307 1289 3374 repromissionis,
1314 3311 1538 3367 intrare.

473 3392 525 3444 5.
551 3393 797 3462 Increpat
829 3404 1003 3451 tamen
1032 3397 1261 3469 Moyses,
1286 3411 1339 3453 et
1365 3403 1495 3456 dicit
1518 3407 1586 3457 ad
1620 3406 1758 3459 ﬁlios
1776 3405 1963 3460 Ruben

402 3494 457 3535 et
490 3486 554 3536 ad
606 3485 742 3539 tilios
786 3486 900 3540 Gad
936 3488 1026 3542 “z
1080 3507 1099 3540 ‹
1136 3490 1356 3546 Fratres
1406 3496 1570 3548 vestri
1626 3507 1852 3564 pergeut
1898 3499 1962 3550 ad

404 3573 666 3640 praelium,
700 3584 754 3628 et
791 3591 885 3629 vos
910 3579 1169 3634 sedebitis
1208 3582 1330 3635 hic?
1359 3583 1424 3635 Et
1456 3599 1626 3653 quare
1657 3588 1964 3654 pervertitis

402 3669 567 3720 corda
604 3666 830 3720 ﬁliorum
871 3669 1056 3733 Israel,
1097 3680 1157 3725 ut
1199 3689 1308 3728 non
1351 3684 1627 3730 transeant
1670 3678 1722 3730 in
1767 3687 1960 3731 terram

400 3771 563 3825 quam
605 3756 861 3812 Dominus
900 3761 990 3813 dat
1019 3761 1136 3816 eis?
1172 3782 1189 3813 ι
1222 3763 1434 3817 Etcum
1468 3765 1827 3835 increpuisset
1869 3784 1962 3823 eos

404 3845 705 3915 hujusmodi
734 3849 931 3913 verbis,
973 3869 992 3901 ι
1024 3861 1387 3919 accesserunt,
1430 3856 1692 3927 inquit“,
1728 3860 1790 3912 ad
1835 3874 1957 3913 eum

403 3938 495 3989 ﬁlii
524 3938 711 3991 Ruben
758 3950 812 3992 et
850 3940 941 3992 lilii
987 3940 1123 4006 Gad,
1160 3953 1213 3997 et
1244 3944 1491 4001 dicebant
1522 3944 1728 4003 :Ovilia
1771 3949 1958 4005 ovibus

401 4026 783 4081 fabrieahimus
818 4031 924 4093 hic,
962 4040 1014 4084 et
1050 4035 1354 4100 pecoribus,
1410 4046 1463 4089 et
1506 4038 1756 4092 civitates
1790 4042 1958 4110 impe-

398 4119 648 4173 dimentis
678 4122 895 4184 nostris,
921 4131 975 4175 et
1004 4138 1101 4177 nos
1122 4127 1313 4179 armati
1345 4128 1516 4195 prima
1545 4140 1718 4185 turma
1746 4139 1957 4191 incede-

399 4226 512 4264 mus
544 4220 667 4266 ante
697 4211 834 4267 filios
870 4212 1050 4279 Israel,
1082 4231 1358 4286 usquequo
1388 4222 1745 4288 perducamus
1785 4243 1875 4283 eos
1903 4232 1952 4282 in

396 4317 549 4354 suum
596 4302 792 4357 locum.
833 4322 851 4354 ι
885 4304 947 4356 Ει
990 4306 1103 4361 haec
1144 4309 1539 4378 promittentes,
1575 4315 1951 4387 mitigaverunt

397 4393 631 4460 Moysen,
675 4397 745 4448 ita
775 4405 831 4448 ut
862 4396 973 4465 ipse
1003 4413 1095 4451 eus
1128 4404 1531 4459 commendaret
1559 4406 1685 4461 .lesn
1719 4422 1769 4464 et
1800 4413 1947 4467 Elea-

2070 3205 2231 3258 etiant
2285 3206 2335 3258 in
2391 3222 2556 3276 regno
2605 3210 2700 3263 Dei
2751 3222 2918 3279 terra,
2948 3229 3067 3281 quae
3116 3216 3411 3269 mansuetis
3462 3231 3642 3283 repro-

2070 3298 2325 3359 tnittitur,
2375 3308 2432 3352 et
2490 3310 2635 3355 terra
2678 3319 2801 3371 qua:
2852 3305 3150 3359 viventium
3214 3307 3546 3373 nominatur,
3586 3318 3641 3362 et

2071 3388 2288 3440 terrain
2321 3391 2552 3444 excelsis
2578 3394 2772 3460 posita,
2803 3398 2867 3448 de
2893 3411 2995 3465 qua
3025 3399 3090 3452 ad
3114 3398 3318 3467 justum
3342 3399 3471 3454 dicit
3500 3399 3637 3454 Pro-

2070 3480 2225 3546 pheta
2250 3480 2292 3511 “
2326 3500 2338 3533 :
2375 3499 2393 3533 ι
2426 3482 2489 3535 Ει
2533 3485 2795 3540 exaltabit
2850 3498 2899 3543 te
2942 3498 2999 3543 ut
3047 3490 3334 3546 hmredites
3368 3503 3585 3547 terram.
3613 3515 3630 3545 ›

2068 3569 2224 3623 Istius
2251 3586 2379 3640 ergo
2414 3584 2571 3628 terrre
2598 3576 2992 3643 lmreditatem,
3012 3593 3356 3652 posteaquam
3389 3586 3453 3638 de
3478 3601 3636 3639 num-

2065 3661 2115 3712 di
2145 3661 2302 3729 hujus
2329 3663 2567 3736 Egypto
2593 3668 2807 3736 exierit,
2838 3670 2945 3725 Deo
2980 3674 3205 3728 credens
3233 3675 3409 3729 anima
3438 3693 3632 3733 conse-

2063 3752 2246 3818 quitur
2273 3769 2286 3804 :
2312 3762 2366 3806 et
2409 3756 2535 3808 alibi
2573 3759 2789 3825 quidem
2830 3761 2893 3828 ii,
2928 3762 3019 3831 qui
3061 3766 3161 3819 sub
3211 3764 3325 3836 lege
3359 3769 3630 3829 vixerunt,

2063 3846 2191 3899 alibi
2237 3860 2416 3902 autem
2465 3851 2555 3920 qui
2594 3868 2691 3922 per
2732 3854 2855 3911 Jcsu
2880 3856 3086 3913 Christi
3115 3859 3274 3916 [idem
3308 3871 3362 3916 et
3395 3867 3625 3932 gratiam

2062 3939 2362 4007 dispensati
2387 3956 2531 3998 sunt.
2561 3947 2949 4004 Verumtamen
2983 3953 3016 4005 ii
3044 3954 3135 4021 qui
3169 3954 3423 4009 videntur
3446 3960 3626 4024 primi,

2061 4040 2113 4082 et
2161 4046 2254 4094 per
2306 4033 2486 4088 Mosen
2540 4037 2857 4105 dispensati,
2888 4058 2997 4097 non
3029 4045 3179 4113 prius
3225 4058 3629 4115 consequentur

2062 4121 2430 4177 hmreditatmn
2467 4126 2568 4179 sibi
2606 4130 2902 4196 decretam,
2936 4149 3097 4203 quam
3158 4134 3303 4190 Muse
3344 4138 3481 4189 duce
3514 4153 3625 4192 me-

2059 4225 2307 4281 ruerunt,
2356 4217 2454 4269 nisi
2486 4228 2538 4270 et
2582 4218 2681 4287 ipsi
2726 4230 3003 4275 transeant
3034 4239 3154 4277 cum
3195 4225 3260 4278 iis
3296 4241 3434 4294 quos
3470 4225 3627 4281 Iesus

2057 4306 2349 4375 dispensat,
2387 4322 2440 4365 et
2472 4325 2711 4379 pugnent
2760 4329 2884 4367 cum
2919 4317 2999 4369 eis
3042 4328 3225 4371 contra
3264 4320 3535 4387 inimicus,
3572 4334 3628 4375 et

2056 4399 2322 4453 collocent
2346 4415 2439 4456 eos
2464 4403 2513 4455 in
2547 4404 2766 4458 sedibus
2803 4406 2934 4471 suis,
2964 4416 3017 4460 ct
3052 4409 3123 4461 ita
3155 4410 3255 4479 ipsi
3293 4427 3626 4483 consequen-

396 4502 540 4540 zaro.
593 4486 666 4538 Ita
703 4488 845 4541 enim
876 4491 1132 4557 scriptum
1168 4502 1248 4549 cst
1274 4494 1319 4525 "
1349 4513 1362 4547 :
1393 4514 1410 4547 t
1452 4497 1515 4550 Et
1557 4500 1804 4555 adhibuit
1831 4505 1951 4561 illos

2064 4500 2148 4542 lur
2178 4491 2545 4544 [nereditatem
2578 4510 2736 4562 quant
2773 4496 2952 4566 Moyse
2978 4498 3114 4552 duce
3143 4515 3479 4569 meruerunt.

400 4576 606 4646 Moyses
639 4581 707 4633 ad
746 4581 1061 4636 Eleazarum
1104 4588 1457 4653 sacerdotem,
1489 4601 1541 4644 et
1569 4590 1748 4645 Jesum
1784 4594 1948 4651 filium

394 4667 557 4732 Nave,
596 4682 649 4723 et
695 4673 966 4742 principes
1018 4675 1344 4731 familiarum
1396 4682 1626 4735 tribumn
1671 4686 1855 4742 Israel.
1886 4688 1975 4743 Et

391 4759 465 4811 ait
492 4760 557 4815 ad
592 4776 682 4816 eos
713 4762 959 4833 Moyses:
996 4766 1053 4820 Si
1091 4772 1403 4826 transierint
1432 4774 1521 4828 filii
1554 4774 1740 4831 Ruben
1765 4790 1817 4833 et
1856 4780 1945 4835 ﬁlii

388 4849 499 4904 Gad
529 4854 803 4908 vobiscum
834 4854 1127 4914 Iordanem
1159 4865 1335 4917 omnis
1352 4877 1592 4923 armatus
1614 4869 1680 4923 ad
1707 4870 1945 4938 prndium

387 4954 562 4994 coram
594 4943 837 5010 Domino,
872 4955 925 4999 et
955 4948 1534 5010 obtinueritis.terram
1570 4958 1622 5012 in
1655 4972 1946 5030 conspectu

386 5041 582 5094 vestro.
615 5034 815 5089 dabitis
843 5037 919 5091 eis
950 5048 1147 5094 terram
1180 5042 1381 5097 Galaad
1415 5045 1464 5099 in
1490 5052 1942 5116 possessionem.’

383 5120 563 5175 Terra:
597 5138 789 5178 nomen
826 5126 876 5177 in
905 5125 1201 5194 Seripturis
1231 5132 1429 5186 divinis
1458 5137 1687 5202 positum
1716 5139 1945 5193 diversis

380 5210 863 5279 signiﬁcationibus
888 5215 1222 5285 invenimus;
1265 5231 1316 5274 et
1351 5224 1527 5290 primo
1556 5228 1771 5294 quidem
1801 5238 1942 5283 terra

380 5302 493 5356 hth
512 5301 562 5355 in
580 5319 683 5373 qua
706 5305 1028 5373 habitamus,
1051 5325 1154 5364 non
1173 5325 1235 5365 ex
1265 5312 1416 5366 initio
1431 5325 1571 5370 terra
1591 5319 1819 5373 vocitata
1838 5329 1941 5385 est,

378 5394 468 5446 sed
500 5396 678 5449 arida:
714 5405 767 5449 et
803 5409 925 5465 post
950 5401 1063 5454 hmc
1086 5417 1205 5471 quae
1230 5406 1380 5473 prius
1402 5406 1542 5459 dicta
1570 5407 1745 5462 fuerat
1769 5413 1940 5485 arida,

376 5481 534 5553 373
555 5494 710 5541 terra:
728 5503 926 5545 nomen
953 5495 1193 5563 accepit;
1218 5497 1359 5549 sicut
1384 5507 1435 5549 et
1469 5498 1665 5553 etelum
1690 5501 1829 5556 istud
1852 5482 1942 5557 Ivi-

446 5662 688 5737 "__Num.
722 5685 891 5731 xxxn,
931 5672 987 5725 4.
1063 5673 1108 5704 ⁶³
1140 5674 1154 5726 l
1186 5674 1309 5728 Cor.
1346 5692 1403 5737 ιι,
1444 5678 1526 5730 Η.

375 5728 465 5795 28,
491 5732 579 5788 29.
656 5738 699 5767 ⁶⁸
730 5728 955 5807 κηδείῃ.
990 5742 1037 5795 7.
1116 5745 1159 5774 ⁶⁹
1189 5728 1545 5809 ΜαιιΙιίνᾸ.

765 5833 1036 5895 Ρηιιθι..
1087 5837 1179 5895 (in
1252 5839 1392 5899 XII.

1602 5679 1647 5710 “
1679 5679 1819 5734 Psal.
1858 5697 2005 5745 χιιι,
2037 5680 2121 5733 13.

1646 5751 1690 5779 ⁷⁰
1721 5751 1907 5805 Matth.
1946 5765 2064 5805 xm.
2141 5751 2183 5781 “
2211 5748 2352 5803 Psal.
2380 5766 2587 5819 xxxvii,
2617 5752 2702 5804 54.
2785 5753 2830 5783 τ’
2855 5750 2990 5808 ch.
3016 5768 3091 5818 xr,
3115 5752 3203 5816 59,
3231 5753 3320 5807 40.

2129 4579 2181 4633 6.
2227 4581 2330 4635 Sed
2368 4584 2479 4636 huic
2522 4584 2625 4637 nisi
2666 4603 2728 4638 ex
2764 4587 3063 4657 Seripturis
3094 4592 3291 4649 divinis
3323 4600 3623 4665 approben-

2061 4677 2166 4735 tur,
2222 4669 2413 4722 fabula:
2455 4672 2799 4733 videbuntur.
2850 4677 3047 4734 Paulus
3082 4696 3214 4754 ergo
3255 4686 3445 4741 horum
3494 4705 3621 4757 pro-

2058 4758 2287 4812 ducatur
2331 4762 2382 4813 in
2432 4765 2665 4817 medimn
2704 4768 2929 4825 idoneus
2978 4774 3154 4837 testis,
3182 4776 3272 4841 qui
3307 4777 3358 4829 in
3388 4779 3618 4843 Epistola

2062 4849 2126 4900 ad
2169 4848 2443 4919 Ilebrazos,
2490 4858 2577 4910 ubi
2624 4857 2885 4914 describit
2928 4876 3116 4918 onmes
3168 4864 3286 4919 illos
3329 4875 3528 4935 patres,
3564 4880 3621 4922 et

2060 4941 2418 5008 patriarchas,
2470 4962 2531 5000 ac
2576 4950 2889 5019 prophetas,
2930 4954 3019 5021 qui
3057 4969 3153 5022 per
3191 4956 3348 5009 fidem
3398 4956 3619 5025 placue-

2058 5044 2185 5086 runt
2238 5038 2368 5100 Deo,
2402 5050 2520 5107 post
2549 5044 3013 5097 enumerationem
3046 5057 3386 5112 cunctorum,
3409 5049 3460 5102 in
3491 5050 3616 5103 ulti-

2057 5144 2140 5180 ma
2188 5131 2531 5184 conclusione
2578 5134 2655 5187 sic
2695 5135 2827 5188 dicit
2870 5136 2935 5190 de
2977 5137 3054 5191 eis
3074 5139 3157 5191 ἠε
3197 5157 3216 5189 t
3251 5141 3317 5194 Et
3358 5140 3392 5193 ii
3426 5155 3614 5195 omnes

2056 5222 2363 5275 testimonio
2390 5220 2509 5276 ﬁdei
2543 5235 2762 5293 accepto
2813 5243 2916 5281 non
2949 5239 3300 5298 perceperunt
3325 5234 3616 5299 repromis-

2052 5319 2250 5379 siones,
2289 5316 2400 5370 Deo
2448 5330 2548 5384 pro
2598 5318 2753 5371 nobis
2797 5321 2990 5373 melius
3032 5322 3236 5389 aliquid
3270 5325 3611 5393 providente,

2053 5407 2126 5459 uti
2164 5423 2229 5461 ne
2262 5408 2380 5463 sine
2410 5408 2567 5461 nobis
2620 5420 3146 5465 consummarentur.
3172 5431 3192 5465 ι
3237 5412 3402 5481 Quasi
3457 5418 3611 5473 dice—

2052 5509 2170 5553 rent
2210 5499 2329 5552 istm
2359 5513 2548 5553 novem
2580 5509 2632 5553 et
2666 5501 2828 5555 semis
2864 5502 3035 5557 tribus
3077 5506 3142 5559 de
3181 5505 3286 5577 illis
3312 5508 3521 5563 duabus
3554 5514 3606 5561 et

3397 5687 3441 5717 "
3469 5676 3598 5736 iltitl.

2197 5679 2240 5710 ”
2272 5678 2431 5735 Num.
2458 5695 2633 5741 xx-xtt.
2658 5681 2711 5744 ϐ,
2742 5681 2793 5736 7.
2874 5681 2915 5713 ⁸⁸
2943 5681 3072 5735 ibid.
3110 5682 3195 5747 16,
3232 5684 3321 5738 17.

3173 5847 3251 5906 25
