4104 6226
494 313 597 367 779

1956 299 2275 360 ORlGENlS

3641 311 3755 367 τω

494 431 661 486 sentis
697 428 960 491 tribubus,
998 427 1121 494 quia
1159 434 1442 496 prepterea
1489 440 1595 480 non
1646 433 1900 496 ceperunt
1927 439 2055 494 pro-
2088 427 2135 484 Α
2164 424 2235 478 ibi
2287 422 2468 477 .lesum
2536 400 3119 479 Dominum‘nostrum
3162 440 3423 496 sequens,
3450 428 3750 483 interﬁciet

496 523 790 585 missiones
828 532 985 576 terrm
1016 522 1179 583 illius,
1212 537 1330 589 qua:
1359 522 1439 575 eis
1468 534 1619 576 extra
1646 520 1935 576 Jordanem
1969 534 2063 588 per

498 615 718 685 Moysen
774 615 987 668 decreta
1023 623 1128 677 est,
1170 613 1275 667 Deo
1312 628 1405 681 pro
1437 613 1594 666 nobis
1636 611 1835 682 aliquid
1871 612 2063 666 melius

495 708 839 777 providente,
889 705 967 758 uti
1015 722 1080 758 ne
1137 704 1253 759 sine
1311 704 1466 757 nobis
1523 714 2060 757 consummarentur.

494 798 788 868 Propterea
819 812 947 866 ergo
975 803 1261 848 transeunt
1292 796 1572 849 nobiscum
1603 796 1799 848 armati
1826 796 1891 848 ad
1925 811 2063 864 pra:-

491 892 647 954 linm,
678 899 729 942 et
749 888 939 955 juvant
972 902 1067 940 nos
1094 888 1159 938 ad
1186 886 1628 955 belligerandum,
1653 886 1718 940 ad
1743 902 2061 955 expugnan-

491 984 590 1036 dos
640 980 910 1034 inimicos.
969 976 1079 1030 Sed
1114 976 1188 1028 illi
1242 985 1528 1030 transeunt
1551 977 1644 1045 qui
1683 977 1881 1031 armati
1914 986 2059 1041 sunt,

489 1074 581 1141 qui
608 1071 707 1124 viri
746 1068 920 1123 fortes
949 1075 1077 1121 sunt
1111 1075 1166 1121 et
1196 1077 1478 1136 potentes;
1514 1067 1695 1123 cmteri
1724 1083 1875 1130 vero,
1912 1068 2063 1137 igna-

490 1178 554 1213 va
594 1175 783 1212 manus
828 1167 885 1212 et
920 1156 1178 1223 imbellis,
1204 1169 1486 1215 remanent
1534 1168 1689 1214 extra
1745 1155 2074 1214 Jordanem.‘

492 1256 546 1308 Si
582 1255 671 1324 qui
699 1263 883 1308 autent
932 1254 983 1307 in
1040 1253 1170 1322 ipsis
1193 1253 1297 1307 viri
1336 1253 1505 1308 fortes
1536 1262 1685 1317 sunt,
1713 1253 1919 1308 relictis
1944 1253 2061 1306 ani-

491 1346 721 1401 malibus
773 1356 828 1400 et
883 1345 1173 1416 pecoribus
1228 1356 1281 1401 et
1326 1346 1577 1399 erunibus
1632 1345 2059 1413 impedimentis,

490 1437 1038 1506 pugnantadversum
1068 1439 1275 1492 hostem
1308 1437 1592 1490 nobiscqu
1630 1451 1911 1505 usquean
1941 1437 2061 1489 vin-

489 1539 685 1581 cantur
714 1527 915 1581 initnici
955 1528 1153 1591 nostri,
1193 1540 1476 1594 usqueqno
1501 1526 1875 1579 [nereditatem
1908 1539 2063 1579 terra:

488 1619 668 1679 bonu‘,
704 1628 861 1671 terra:
894 1616 1074 1669 mellis
1122 1616 1392 1683 lactisque
1424 1615 1725 1682 capiamus.
1764 1615 1897 1681 Quis
1917 1615 2059 1669 enim

489 1710 704 1763 dubitat
732 1708 877 1777 quod
924 1708 1095 1761 sancti
1129 1708 1333 1775 quique
1370 1715 1607 1773 patrum,
1641 1716 1695 1759 et
1728 1706 2063 1760 orationibus

490 1814 590 1854 nos
618 1803 829 1866 juvent,
870 1807 923 1851 et
958 1806 1235 1868 gestorum
1269 1812 1491 1850 suorum
1533 1797 1862 1852 confirment
1897 1808 2060 1866 atque
2096 1778 2136 1831 Β

489 1895 781 1947 hortentur
830 1890 1113 1959 exemplis,
1150 1888 1243 1943 sed
1278 1898 1333 1942 et
1383 1889 1747 1943 voluminibus
1791 1890 1923 1955 suis,
1969 1905 2064 1958 per

488 2000 552 2037 ea
604 1998 721 2052 qua:
781 1982 939 2036 nobis
995 1982 1059 2032 ad
1111 1980 1428 2034 memoriam
1483 1981 1684 2049 scripta
1722 1980 2064 2049 reliquerunt

488 2077 747 2127 docentes
804 2088 922 2137 nos,
966 2080 1019 2125 et
1066 2072 1400 2125 instruentes
1453 2072 1725 2139 quomodo
1774 2072 2059 2126 adversum

489 2168 736 2222 inimicas
771 2173 1069 2233 potestates
1105 2162 1471 2217 dimicandum
1529 2164 1618 2226 sit,
1673 2173 1729 2217 et
1788 2167 2059 2232 quomodo

488 2275 722 2327 agonum
759 2256 1035 2311 toleranda
1061 2255 1403 2308 certamina?
1431 2254 1674 2323 Pugnant
1697 2269 1823 2325 ergo
1846 2271 1941 2325 pro
1961 2270 2060 2310 uo-

488 2356 571 2407 bis
602 2365 656 2407 ct
685 2352 812 2422 ipsi,
855 2351 1112 2403 incedunt
1158 2349 1315 2417 primi
1353 2356 1479 2401 ante
1513 2362 1609 2401 nos
1660 2350 1878 2401 armati.
1911 2348 2065 2419 Ipsos

489 2444 635 2498 enim
675 2458 773 2497 nos
814 2442 1080 2495 habentes
1124 2441 1190 2492 ad
1232 2439 1562 2508 exemplum,
1594 2448 1644 2493 et
1698 2441 1944 2495 videntes
1973 2456 2066 2495 eo-

492 2550 611 2588 vum
640 2548 737 2601 per
761 2532 1009 2602 spiritum
1046 2528 1205 2583 fortia
1235 2529 1395 2595 facta,
1416 2544 1695 2582 armantur
1723 2530 1789 2582 ad
1818 2531 2058 2598 prmliutn

494 2622 759 2694 spiritale,
806 2632 859 2676 et
919 2622 1180 2675 adversus
1237 2620 1498 2686 spiritalia
1542 2621 1795 2687 nequitiae
1847 2621 1899 2675 in
1953 2636 2065 2676 cae-

492 2717 721 2771 lestibus
780 2715 1123 2769 dimicamns.
1187 2712 1277 2766 Sic
1339 2714 1572 2782 denique
1626 2714 1715 2781 qui
1754 2712 1879 2768 Jcsu
1930 2714 2064 2768 duce

488 2807 740 2869 militant,
776 2805 995 2875 triginta
1023 2813 1076 2857 et
1103 2818 1166 2857 eo
1198 2802 1435 2871 amplius
1468 2817 1623 2870 reges
1677 2804 1975 2872 perimunt,
2008 2816 2064 2861 et

494 2912 668 2955 terras
715 2913 905 2953 eorum
934 2906 1080 2950 sorte
1112 2894 1445 2949 haereditatis
1474 2894 1769 2962 accipiunt.
1817 2895 2064 2965 Depulsis

490 3006 721 3061 namque
771 2988 1106 3060 spiritalibus
1141 2986 1397 3055 nequitiis
1422 2988 1486 3040 de
1523 2986 1861 3053 cmlestibus,
1892 2989 2055 3043 haere-

2177 516 2398 582 triginta
2430 525 2484 571 et
2511 531 2575 571 eo
2603 516 2834 586 amplius
2862 531 3042 587 reges,
3069 518 3193 575 illos
3224 520 3475 589 fortassis
3516 522 3581 577 de
3621 524 3746 592 qni-

2168 606 2266 661 bus
2302 609 2576 674 dicitur”,
2602 609 2730 678 quia
2763 627 2781 660 ι
2807 610 3099 667 astiterunt
3126 628 3285 685 reges
3316 625 3496 682 terras,
3521 626 3575 671 et
3599 618 3745 686 priu-

2164 699 2310 767 cipes
2342 701 2653 770 congregati
2681 708 2809 754 sunt
2841 699 2895 753 in
2922 717 3117 769 unum,
3145 704 3411 760 adversus
3432 707 3744 771 Dominum,

2172 799 2223 841 et
2272 792 2531 847 adversus
2572 791 2848 847 Christum
2894 791 3046 859 eius;
3077 813 3096 847 ι
3128 796 3468 865 depulsisque
3503 798 3569 851 iis
3602 800 3746 865 regi—

2169 881 2270 936 bus
2312 892 2365 937 et
2412 884 2721 953 prostratis,
2783 894 3048 953 agnoscet
3105 887 3404 942 secretiora
3463 891 3746 958 mysteria,

2173 987 2453 1043 usquequo
2492 976 2673 1029 veniat
2711 974 2775 1028 ad
2820 975 2971 1029 illum
3013 975 3196 1032 locum
3225 978 3315 1032 ubi
3358 979 3509 1033 sedes
3536 979 3623 1032 Dei
3652 988 3739 1033 est

2163 1072 2218 1117 et
2260 1064 2564 1121 Jerusalem
2616 1067 2808 1121 civitas
2859 1066 2959 1122 Dei
3012 1068 3263 1132 viventis,
3300 1084 3409 1123 non
3458 1070 3558 1124 ista
3612 1086 3738 1137 qua:

2166 1155 2333 1207 servit
2372 1170 2495 1210 cum
2549 1157 2675 1212 filiis
2713 1157 2828 1212 suis
2880 1158 2931 1211 in
2973 1160 3155 1224 terris,
3201 1160 3295 1212 sed
3342 1159 3437 1213 illa
3482 1164 3745 1227 caelestis,

2164 1273 2283 1326 quae
2309 1258 2480 1310 libera
2517 1265 2624 1316 est,
2663 1262 2717 1307 et
2757 1262 2928 1306 mater
2954 1254 3197 1307 omnium
3230 1265 3481 1310 nostrum
3512 1259 3618 1312 :ad
3649 1273 3742 1312 cu-

2160 1349 2248 1416 jus
2272 1363 2368 1402 nos
2398 1345 2773 1400 hrereditatem
2805 1343 3089 1411 perducere
3122 1343 3381 1413 dignetur
3413 1345 3522 1398 dux
3553 1356 3606 1401 et
3632 1345 3743 1400 Βοα

2166 1447 2345 1500 minus
2386 1452 2570 1494 noster
2617 1438 2773 1491 Jesus
2809 1434 3074 1500 Christus,
3107 1437 3187 1487 cui
3211 1447 3290 1490 est
3319 1436 3497 1506 gloria
3535 1448 3591 1491 et
3627 1440 3739 1493 imp

2165 1536 2376 1607 perium
2405 1533 2456 1585 in
2490 1529 2685 1586 smcula
2717 1527 3060 1581 szeculorum.
3088 1528 3271 1581 Amen.

2685 1617 2963 1674 llOMlLlA
3004 1615 3216 1670 XXVII.

2473 1715 2547 1768 De
2571 1711 2934 1766 mansionibus
2965 1710 3204 1776 ﬁliorum
3236 1710 3417 1762 lsrael.

2240 1812 2291 1864 Ι.
2332 1809 2466 1864 Cum
2535 1805 2798 1860 conderet
2856 1802 2997 1856 Deus
3052 1801 3367 1863 mundum,
3429 1801 3721 1856 innumeras

2166 1904 2374 1955 creavit
2402 1902 2647 1953 ciborum
2681 1894 3041 1956 differentias,
3070 1907 3168 1960 pro
3197 1893 3606 1947 diversitatibus
3632 1896 3732 1948 sci-

2168 1990 2293 2044 licet
2334 1988 2416 2042 vel
2463 1984 2685 2041 humani
2728 1982 3004 2048 desiderii,
3038 1982 3118 2034 vel
3163 1991 3378 2035 naturae
3406 1983 3739 2037 animalium.

2168 2082 2320 2137 Unde
2358 2095 2460 2132 non
2510 2078 2684 2131 solum
2727 2074 2889 2127 homo
2936 2087 3057 2125 cum
3092 2072 3292 2126 viderit
3321 2074 3635 2131 animalium
3661 2075 3741 2127 ci-

2167 2177 2313 2241 bum,
2356 2174 2453 2228 scil
2506 2186 2629 2225 eum
2693 2184 2799 2223 non
2856 2183 2955 2237 pro
3004 2182 3085 2230 se,
3110 2166 3205 2220 sed
3265 2181 3364 2234 pro
3416 2167 3744 2221 animalibus

2167 2278 2434 2329 creatura,
2470 2264 2564 2318 scd
2613 2272 2665 2316 et
2720 2261 2833 2328 ipsa
2864 2258 3119 2312 animalia
3152 2268 3461 2327 agnoscunt
3491 2259 3741 2328 proprios

2167 2361 2319 2415 cibos
2345 2374 2358 2412 :
2383 2367 2436 2411 ct
2469 2355 2588 2410 aliis
2614 2354 2861 2422 quidem,
2892 2352 3044 2405 verbi
3072 2367 3261 2416 causa,
3289 2352 3462 2404 utitur
3494 2350 3598 2413 leo,
3623 2350 3743 2403 aliis

2165 2468 2386 2515 cervus,
2451 2449 2571 2502 aliis
2623 2449 2740 2513 bos,
2792 2446 2912 2499 aliis
2971 2461 3099 2500 vero
3159 2460 3311 2499 aves.
3357 2445 3462 2499 Sed
3500 2455 3555 2498 et
3600 2444 3745 2498 inter

2169 2544 2416 2598 homines
2484 2550 2607 2593 sunt
2678 2540 2928 2607 quadam
2981 2535 3305 2590 differentia:
3370 2536 3422 2588 in
3481 2544 3742 2603 appeten-

2166 2636 2249 2688 dis
2288 2634 2426 2688 cihis
2455 2649 2473 2685 :
2496 2642 2549 2685 et
2581 2631 2716 2684 alius
2768 2631 2986 2699 quidem
3045 2628 3134 2697 qui
3196 2629 3333 2681 bene
3380 2641 3543 2680 sanus
3570 2634 3653 2678 est
3686 2632 3744 2677 et

2168 2724 2485 2778 habitudine
2516 2721 2764 2790 corporis
2804 2719 3014 2782 valens,
3051 2716 3243 2770 fortem
3272 2718 3453 2770 cibum
3484 2715 3744 2784 requirit,

2165 2827 2220 2868 et
2251 2816 2424 2869 credit
2469 2812 2799 2879 conﬁditque
2828 2809 2993 2863 edere
3034 2808 3239 2870 omnia,
3270 2806 3414 2859 velut
3472 2806 3737 2861 robustis-

2166 2907 2286 2963 simi
2319 2906 2519 2974 quiqne
2565 2904 2918 2957 athletarum.
2948 2900 3006 2956 Si
3041 2899 3164 2969 quis
3215 2913 3349 2951 vero
3386 2898 3741 2952 infirmiorem

2167 3014 2223 3053 se
2254 2998 2417 3053 sentit
2456 3012 2511 3052 et
2547 2996 2867 3057 invalidum,
2907 2993 3209 3049 delectatur
3251 2990 3516 3054 oleribus,
3544 3001 3598 3044 et
3628 2990 3741 3044 for-

489 3084 710 3138 ditatem
742 3080 894 3152 regni
926 3078 1161 3135 caelestis
1189 3092 1217 3129 a
1252 3073 1379 3129 Jesu
1412 3075 1635 3129 Domino
1668 3085 1855 3130 nostro
1883 3076 2060 3143 perci-

2170 3102 2273 3144 tem
2311 3090 2488 3143 cibum
2514 3103 2609 3157 pro
2647 3088 2727 3140 sui
2760 3085 3073 3139 infirmitate
3110 3082 3355 3152 corporis
3378 3083 3490 3149 (59)
3516 3098 3622 3135 non
3649 3096 3741 3136 re-

490 3178 666 3246 piunt.

571 3267 621 3319 7.
667 3266 850 3321 PotcSt
897 3276 952 3319 et
1009 3266 1196 3320 tertius
1252 3266 1429 3320 adhuc
1485 3258 1839 3331 expositionis
1893 3256 2064 3312 videri

497 3364 713 3428 modus,
752 3372 809 3416 ut
836 3363 887 3414 in
922 3361 1046 3414 ﬁliis
1072 3360 1258 3425 lsrael,
1286 3360 1335 3413 id
1366 3367 1447 3413 est
1478 3359 1530 3411 in
1565 3358 1759 3427 pepulo
1789 3354 2063 3419 Ecclesiae,

493 3456 868 3524 intelligantur
908 3454 1126 3522 quidam
1173 3466 1294 3506 esse
1343 3450 1639 3520 spiritales,
1684 3458 1739 3502 et
1763 3447 1905 3501 intra
1938 3444 2063 3499 Jor-

489 3548 683 3599 danem
732 3545 1014 3614 percipere
1056 3543 1425 3596 haereditatcm
1462 3550 1618 3593 terra:
1650 3536 1872 3591 ﬂuentis
1906 3536 1988 3589 lac
2011 3547 2066 3588 et

490 3637 592 3689 mel
623 3654 635 3691 :
662 3637 942 3707 sapientiae
972 3635 1182 3689 scilicet
1209 3646 1261 3687 et
1290 3635 1529 3687 seicnt'tze
1564 3632 1845 3701 capientes
1876 3629 2064 3682 dulce-

491 3726 694 3792 dinem,
729 3742 962 3795 quorum
1010 3735 1152 3777 terra
1205 3722 1422 3775 ﬂumine
1463 3721 1581 3785 Dei,
1616 3722 1757 3789 quod
1802 3719 2063 3788 repletum

490 3827 574 3873 est
614 3820 770 3888 aquis
810 3818 1007 3873 divina:
1059 3815 1450 3884 intelligentim,
1501 3813 1871 3867 circumdatur
1907 3822 1961 3865 et
1993 3811 2066 3863 ri-

488 3922 669 3979 gatur.
727 3910 832 3964 Alii
886 3920 1066 3962 autem
1108 3915 1232 3959 sunt
1271 3907 1540 3969 carnales,
1589 3908 1678 3974 qui
1720 3904 1981 3975 jumentis
2014 3912 2068 3957 et

489 4001 808 4067 pecudibus,
846 4001 897 4054 id
933 4009 1016 4053 cst
1050 3998 1251 4052 crassis
1295 4009 1346 4050 et
1381 3997 1593 4051 stolidis
1618 3998 1866 4051 sensibus
1895 3997 2066 4049 abun-

491 4092 829 4145 dant:sicut
876 4100 1033 4144 erant
1081 4089 1155 4142 illi
1214 4088 1278 4142 de
1328 4088 1528 4156 quibus
1573 4087 1787 4141 dicebat
1834 4088 2066 4156 Aposto-

491 4184 636 4239 lus"
664 4202 675 4237 :
703 4201 719 4234 ι
744 4185 820 4235 lta
863 4181 1127 4238 insensati
1178 4180 1331 4243 estis,
1366 4188 1424 4233 ut
1455 4195 1579 4233 cum
1618 4180 1809 4248 spiritu
1838 4178 2067 4248 coeperi-

492 4279 587 4342 tis,
616 4292 761 4331 ttltttc
801 4291 962 4331 carne
999 4274 1359 4346 perficiamini
1384 4273 1406 4327 ἲ
1430 4290 1449 4323 ι
1477 4271 1593 4326 et”
1636 4290 1649 4325 :
1688 4291 1707 4323 ι
1734 4270 1776 4327 0
1809 4272 2067 4328 insensati

489 4367 715 4433 Galatae,
744 4369 865 4438 quis
901 4383 996 4423 vos
1031 4366 1326 4423 fascinavit
1356 4364 1574 4419 veritati
1609 4379 1715 4420 non
1757 4367 2018 4422 obedire?
2042 4386 2061 4419 ι

2170 3184 2322 3253 cipit.
2362 3182 2416 3236 Si
2453 3196 2579 3234 vero
2614 3180 2683 3233 sit
2712 3179 2906 3248 aliquis
2936 3175 3211 3247 parvulus,
3240 3176 3448 3229 etiamsi
3496 3188 3627 3229 voce
3663 3175 3745 3226 in-

2168 3274 2350 3326 dicare
2398 3288 2499 3324 nun
2556 3270 2743 3339 possit,
2794 3283 2851 3322 re
2908 3279 3088 3321 tamen
3145 3266 3261 3336 ipsa
3316 3264 3515 3317 nullam
3568 3264 3732 3318 aliam

2169 3377 2331 3431 quam
2373 3361 2532 3415 lactis
2572 3359 2802 3428 requirit
2838 3358 3170 3411 alimoniam.
3211 3357 3279 3409 Et
3318 3356 3388 3408 ita
3443 3356 3743 3424 unusquis-

2170 3470 2276 3523 que
2309 3455 2389 3506 vel
2416 3468 2513 3522 pro
2549 3461 2707 3505 tetate
2738 3450 2820 3504 vel
2858 3466 2957 3519 pro
2986 3447 3212 3513 viribus,
3249 3447 3331 3502 vel
3366 3462 3466 3517 pro
3495 3449 3747 3517 corporis

2168 3547 2501 3610 valetudine,
2530 3554 2711 3612 aptum
2750 3544 2851 3597 sibi
2886 3555 2937 3597 et
2970 3549 3364 3609 competentem
3395 3540 3606 3613 viribus
3628 3542 3744 3595 suis

2167 3639 2375 3707 expetit
2415 3639 2616 3691 cibum.
2654 3636 2710 3690 Si
2757 3633 3089 3689 sufﬁcienter
3132 3650 3313 3689 rerum
3371 3632 3740 3700 corporalium

2167 3728 2564 3784 considerastis
2597 3725 2931 3795 exeruplum,
2970 3740 3111 3779 nunc
3142 3725 3209 3778 ab
3240 3727 3304 3779 iis
3328 3726 3393 3776 ad
3444 3722 3742 3792 intelligen-

2170 3822 2297 3874 tiam
2330 3820 2652 3889 spiritalium
2686 3818 2988 3871 veniamus.
3022 3815 3213 3871 Omnis
3248 3824 3441 3869 natura
3498 3815 3743 3868 rationa-

2167 3910 2291 3965 bilis
2324 3910 2556 3979 pr0priis
2596 3918 2650 3961 et
2682 3907 2784 3961 sibi
2825 3905 3263 3975 competentibus
3304 3899 3499 3958 nutriri
3540 3903 3743 3971 indiget

2168 4003 2327 4057 cibis.
2367 4002 2535 4055 Cibus
2570 4008 2746 4051 autem
2773 4013 2935 4052 verus
2963 4006 3169 4051 naturae
3204 3995 3539 4050 rationabilis
3561 4008 3746 4047 sermo

2168 4096 2262 4150 Dei
2292 4104 2395 4149 est.
2433 4093 2542 4147 Sed
2577 4092 2718 4146 sicut
2768 4091 2822 4144 in
2880 4090 3231 4144 nutrimentis
3261 4088 3510 4159 corporis
3547 4086 3745 4139 multas

2166 4189 2328 4257 paulo
2376 4196 2500 4242 ante
2531 4186 2780 4241 dedimus
2816 4183 3169 4249 differentias,
3213 4183 3288 4237 ita
3333 4193 3387 4237 et
3427 4192 3618 4236 natura
3662 4195 3746 4233 ra-

2171 4282 2413 4347 tionalis,
2466 4294 2586 4350 qua:
2627 4278 2839 4332 ratione
2883 4286 2937 4329 et.
2987 4276 3155 4330 verbo
3209 4274 3323 4337 Dei,
3371 4283 3429 4327 ut
3478 4274 3741 4333 diximus,

2168 4373 2431 4443 pascitur,
2467 4386 2571 4425 non
2601 4370 2777 4425 omnis
2803 4382 2909 4420 uno
2956 4376 3117 4436 atque
3151 4366 3340 4419 eodem
3370 4365 3535 4421 verbo
3572 4363 3745 4417 nutri—

492 4460 599 4517 Sed
632 4464 683 4516 et
716 4460 1088 4531 unusquisque
1128 4469 1398 4525 nostrum,
1433 4459 1533 4514 nisi
1566 4474 1623 4514 se
1652 4462 1962 4525 armaverit,
1992 4470 2064 4524 et,

2174 4475 2281 4520 tur.
2313 4464 2469 4520 Unde
2502 4464 2568 4517 ad
2613 4459 3025 4515 similitudinem
3059 4457 3361 4526 corporalis
3399 4453 3631 4522 exempli
3661 4465 3745 4506 est

492 4552 719 4623 abjectis
769 4552 945 4607 brutis
987 4559 1041 4607 et
1062 4550 1321 4607 belluinis
1353 4553 1625 4617 sensibus,
1656 4553 1723 4607 ad
1761 4554 2059 4621 spiritalem

492 4643 905 4711 intelligentiam
950 4644 1345 4712 properaverit,
1394 4644 1697 4699 remanebit
1730 4656 1885 4700 extra
1940 4646 2065 4701 Jor-

491 4736 711 4799 danem,
742 4751 842 4789 nec
887 4736 1088 4805 poterit
1120 4749 1214 4805 per
1248 4736 1526 4805 sapientiae
1556 4734 1753 4790 ﬂumen
1782 4736 2060 4805 incedere,

490 4829 631 4896 quod
684 4826 924 4882 laetificat
966 4826 1245 4882 civitatem
1306 4827 1426 4895 Dei,
1471 4828 1525 4881 id
1571 4837 1655 4884 est
1699 4831 1933 4883 animam
1970 4828 2063 4882 Dei

489 4933 745 4987 capacem
778 4934 791 4969 :
819 4934 924 4973 non
970 4926 1298 4987 assequetur
1358 4916 1697 4987 eloquiorum
1739 4921 1950 4975 Domini
1986 4920 2067 4972 in-

492 5017 713 5084 teriora,
765 5034 886 5088 quae
923 5027 1048 5074 sunt
1096 5018 1339 5074 dulciora
1391 5032 1554 5087 super
1592 5015 1697 5069 mel
1745 5025 1799 5069 et
1860 5016 2064 5079 favum,

490 5110 583 5162 sed
616 5110 760 5163 illaut
786 5114 1162 5166 tantummodo
1200 5099 1565 5180 consequetur
1605 5118 1833 5173 terram,
1868 5108 1919 5162 in
1958 5123 2063 5177 qua

489 5196 596 5250 duo
642 5215 797 5268 reges
844 5201 1010 5254 occisi
1059 5212 1206 5265 sunt,
1254 5202 1343 5255 ubi
1386 5201 1600 5254 dicatur
1654 5200 1769 5255 ei"
1812 5216 1826 5252 :
1873 5219 1890 5251 ι
1923 5200 2065 5255 Nihil

490 5290 634 5344 aliud
663 5294 900 5360 iudicavi
936 5309 1020 5347 me
1055 5295 1230 5362 ipsum
1275 5296 1419 5349 scire
1450 5294 1591 5349 inter
1624 5310 1718 5348 vos
1750 5293 1852 5348 nisi
1880 5292 2062 5347 Jesnnt

490 5381 786 5452 Christum,
820 5398 873 5439 et
903 5386 1402 5440 hnnccruciﬁxum.
1436 5404 1452 5437 ι
1483 5386 1582 5452 Qui
1619 5397 1797 5440 autem
1827 5388 2067 5455 potuerit

495 5482 728 5536 transire
754 5481 1067 5549 Jurdauetn,
1088 5492 1141 5536 et
1173 5486 1239 5536 ad
1274 5482 1532 5536 interiora
1566 5492 1877 5551 penetrare,
1901 5479 2066 5551 374¹

562 5616 608 5647 ’³
636 5617 756 5674 Gal.
785 5622 941 5684 “1,5.
1018 5618 1063 5650 ⁷⁸
1099 5618 1256 5682 ibid.,
1287 5618 1335 5671 l.
1412 5616 1498 5669 ⁷³1
1535 5615 1656 5671 Cor.
1687 5615 1751 5680 ll,
1782 5616 1837 5670 2.

565 5729 678 5799 (59)
712 5731 977 5795 Corporis.
1006 5731 1157 5783 Deest
1180 5731 1232 5783 in
1254 5730 1433 5793 editis,
1454 5728 1547 5782 sed
1580 5728 2047 5798 Stqiplcturemss.

2172 4559 2443 4628 aliquibus
2490 4557 2653 4608 etiam
2709 4552 2820 4623 (60)
2871 4552 2924 4604 in
2986 4548 3154 4603 verbo
3192 4547 3287 4602 Dei
3343 4548 3497 4601 cibus
3538 4545 3741 4598 lactis:

2171 4652 2415 4721 apertior
2456 4649 2661 4703 scilicet
2700 4643 3106 4712 simpliciorque
3137 4639 3405 4701 doctrina,
3440 4647 3498 4691 ut
3527 4638 3594 4691 de
3628 4650 3747 4690 tuo-

2174 4744 2373 4798 ralibus
2408 4758 2528 4796 esse
2577 4740 2737 4800 solet,
2772 4751 2891 4806 qua:
2943 4734 3169 4805 prreberi
3201 4732 3485 4785 consuevit
3514 4726 3607 4794 iis,
3640 4729 3734 4795 qui

2176 4832 2330 4885 initia
2355 4831 2556 4884 habent
2588 4828 2642 4880 in
2673 4826 2875 4881 divinis
2900 4824 3115 4888 studiis,
3140 4832 3192 4875 et
3219 4822 3389 4891 prima
3418 4818 3746 4871 eruditionis

2142 4942 2143 4945 ‘
2176 4923 2514 4979 rationabilis
2549 4922 2816 4975 elementa
2860 4917 3187 4986 suscipiunt.
3217 4913 3315 4966 llis
3348 4924 3477 4980 ergo
3506 4924 3629 4962 cum
3660 4925 3748 4961 re-

2174 5021 2374 5074 citatur
2401 5016 2523 5069 talis
2568 5013 2748 5082 aliqua
2783 5010 3086 5064 divinorqu
3112 5007 3446 5061 voluminum
3476 5002 3744 5082 lectio,‘iu

2185 5126 2288 5181 qua
2319 5124 2422 5162 non
2469 5104 2724 5158 videatur
2760 5101 2964 5169 aliquid
2990 5100 3303 5162 obscurum,
3335 5095 3567 5148 libenter
3596 5091 3745 5144 acci-

2175 5206 2326 5273 piunt
2357 5218 2371 5257 :
2400 5200 2552 5253 verbi
2596 5212 2778 5258 causa,
2812 5206 2868 5249 ut
2898 5207 2980 5249 est
3035 5192 3242 5247 libellus
3278 5190 3493 5251 Esther,
3520 5193 3614 5238 aut
3650 5181 3749 5235 Ju-

2175 5296 2309 5356 dith,
2355 5292 2434 5347 vel
2471 5291 2636 5346 etiam
2668 5288 2871 5351 Tobize,
2914 5295 3004 5338 aut
3038 5284 3294 5337 mandata
3334 5276 3643 5348 Sapientia'.
3687 5274 3745 5327 Si

2174 5403 2303 5441 vero
2334 5386 2540 5453 legatur
2579 5383 2626 5435 ei
2682 5383 2823 5435 liber
2864 5379 3112 5444 chitici,
3147 5374 3444 5430 oﬂ'enditur
3488 5368 3749 5423 continuo

2176 5478 2409 5542 animus,
2451 5485 2506 5530 et
2554 5476 2707 5543 quasi
2762 5487 2866 5527 non
2920 5486 3074 5524 suum
3140 5467 3335 5537 refugit
3388 5464 3591 5521 cibum.
3638 5459 3746 5524 Qui

1914 5616 1960 5648 "
1986 5616 2127 5673 Psal.
2157 5633 2216 5681 ιι,
2250 5614 2304 5671 2.

2229 5724 2340 5798 (00)
2362 5722 2542 5777 Codex
2574 5721 2634 5779 S.
2670 5717 3011 5783 Theoderici,
3044 5725 3152 5770 «est
3181 5712 3374 5781 aliquis
3395 5711 3609 5773 etiam”
3636 5722 3752 5767 etc.
