4104 6226
436 379 440 382 ⁴
476 386 577 445 78!

1602 388 1668 443 IN
1707 381 2041 444 NUMEROS
2064 388 2347 444 NOMINA
2375 384 2586 449 XXVII.

3608 404 3708 459 73-73

475 508 624 561 enim
672 505 822 559 venit
874 512 931 558 ut
976 503 1209 559 disceret
1243 502 1409 557 Deum
1446 503 1652 569 colere,
1708 502 1933 572 iustitiae
1983 518 2047 556 ac
2076 501 2207 560 Ain
2260 505 2574 572 praefatione
2618 511 3001 578 praimisimns,
3036 524 3096 568 ut
3142 517 3466 575 suscitemus
3500 522 3715 579 animos

477 598 694 666 pietatis
727 598 845 666 ejus
869 603 1142 667 praecepta
1177 596 1479 664 suscipere,
1510 595 1660 647 audit
1700 594 1950 648 mandata
1979 595 2043 649 de

476 690 761 746 sacriﬁciis
783 690 924 755 dari,
951 698 1003 744 et
1030 687 1464 744 immolationum
1499 689 1635 742 ritus
1671 688 1878 753 doceri,
1910 703 2041 757 quo-

432 793 438 799 ‘
476 781 636 836 modo
674 796 778 836 non
817 782 1078 836 continuo
1137 781 1334 834 avertit
1374 780 1639 842 auditum,
1677 787 1731 833 et
1786 788 2041 845 umquam

434 886 437 887 '
476 885 579 922 non
607 869 711 924 sibi
738 878 920 939 aptum
976 871 1158 925 cibum
1201 871 1459 926 recusat?
1496 868 1603 924 Sed
1644 877 1704 924 et
1739 869 1878 924 alius
1913 885 2038 925 cum

475 961 725 1033 leguntur
753 963 1065 1032 Evangelia,
1100 963 1185 1017 vel
1228 963 1541 1032 Apostolus,
1570 970 1663 1016 aut
1700 961 1923 1026 Psalmi,
1950 962 2040 1018 la:-

476 1064 560 1109 tus
596 1056 843 1125 suscipit,
887 1055 1122 1110 libenter
1167 1054 1533 1125 amplectitur,
1574 1054 1815 1141 et.velut
1865 1069 2037 1110 reme.

473 1147 561 1201 dia
595 1147 840 1217 quaedam
874 1146 1208 1207 inﬁrmitatis
1240 1161 1352 1202 suae
1380 1148 1504 1203 inde
1525 1146 1787 1215 colligens
1818 1149 2036 1219 gaudet.

474 1236 607 1293 Huic
639 1238 683 1293 si
728 1237 938 1307 legatur
969 1237 1331 1295 Numerorum
1373 1240 1532 1308 liber,
1559 1248 1616 1295 et
1649 1242 1752 1297 ista
1801 1242 2039 1297 maxime

472 1328 586 1381 loca
617 1342 734 1397 qua:
767 1345 910 1384 nunc
943 1330 1207 1387 habemus
1237 1332 1290 1385 in
1324 1331 1597 1399 manibus,
1640 1333 1779 1387 nihil
1818 1334 1933 1388 hare
1966 1333 2034 1388 ad

469 1416 783 1481 utilitatem,
816 1419 954 1474 nihil
978 1421 1043 1474 ad
1073 1420 1410 1478 inﬁrmitatis
1432 1438 1545 1478 suae
1572 1424 1901 1487 remedium,
1938 1433 2034 1479 aut

466 1508 659 1561 anima:
703 1509 934 1565 salutem
978 1513 1236 1581 prodesse
1277 1515 1573 1583 iudicabit;
1623 1516 1715 1570 sed
1776 1517 2033 1571 continuo

467 1600 743 1665 refutabit,
793 1610 847 1657 et
898 1617 1121 1674 respuet
1171 1616 1427 1677 tauquam
1467 1623 1657 1678 graves
1683 1616 1741 1663 et
1768 1622 2031 1666 onerosos

464 1696 637 1758 cibos,
661 1706 715 1752 et
744 1697 833 1765 qui
896 1712 1052 1767 aegrae
1094 1706 1257 1767 atque
1299 1698 1553 1753 invalidae
1588 1713 1694 1752 non
1720 1708 2033 1768 competant

465 1791 678 1844 animae.
724 1791 831 1845 Sed
867 1791 1028 1853 sicut,
1067 1789 1217 1844 verbi
1253 1790 1427 1858 gratia
1456 1790 1541 1859 (ut
1579 1790 1777 1843 iterum
1814 1805 1879 1846 ex
1907 1806 2029 1846 cor-

464 1889 738 1954 poralibus
764 1896 1072 1956 repetamus
1111 1883 1402 1954 exempla),
1428 1881 1565 1936 leoni
1604 1882 1650 1935 si
1677 1882 1837 1937 detur
1868 1884 2030 1939 intel-

464 1978 654 2039 lectus,
691 1994 797 2032 non
849 1976 1105 2033 continuo
1135 1973 1373 2044 culpabit
1410 1972 1798 2027 abundantiam
1831 1973 2028 2029 herba-

465 2082 581 2121 rum
613 2077 871 2129 creatam,
908 2066 1032 2134 quia
1066 2066 1184 2133 ipse
1227 2064 1412 2118 crudis
1454 2063 1710 2117 carnibus
1763 2065 2023 2129 vescitur,

461 2175 563 2215 nec
610 2161 753 2214 dicet
809 2159 927 2212 illas
979 2154 1248 2227 superﬂue
1291 2170 1321 2208 a
1365 2154 1662 2210 Conditore
1710 2155 2021 2225 productas,

460 2253 583 2322 quia
612 2253 726 2322 ipse
749 2263 933 2306 earum
969 2250 1089 2304 cibo
1118 2263 1226 2302 non
1252 2249 1417 2303 utitur
1444 2265 1457 2300 :
1483 2262 1582 2301 nec
1614 2246 1812 2300 iterum
1838 2248 2020 2312 homo,

458 2345 583 2413 quia
620 2357 759 2411 pane
790 2343 1021 2412 aliisque
1055 2342 1196 2410 aptis
1239 2341 1341 2396 sibi
1380 2340 1555 2394 utitur
1580 2339 1876 2405 alimoniis,
1904 2339 2027 2393 cul-

456 2450 585 2504 pare
624 2436 783 2490 debet
816 2451 912 2489 cur
942 2434 1131 2489 fecerit
1166 2434 1307 2490 Deus
1336 2443 1633 2501 serpentes,
1671 2447 1808 2501 quos
1837 2430 2019 2487 cibum

454 2528 637 2583 videat
667 2530 909 2597 praebere
938 2528 1148 2592 cervis;
1190 2541 1362 2596 neque
1386 2527 1634 2589 ovis,aut
1654 2527 1753 2581 bos
1775 2526 2015 2596 culpare,

452 2620 603 2674 verbi
640 2634 828 2683 causa,
860 2618 1002 2688 quod
1043 2618 1166 2672 aliis
1215 2618 1541 2672 animalibus
1580 2618 1837 2672 carnibus
1870 2620 2017 2674 vesci

452 2712 637 2764 datum
681 2719 785 2773 est,
834 2724 954 2763 cum
1001 2710 1131 2777 ipsis
1181 2710 1246 2762 ad
1289 2709 1553 2763 edendum
1606 2710 1851 2777 gramina
1903 2712 2015 2766 sola

450 2799 739 2855 suﬂiciaut.
770 2800 846 2853 lta
888 2815 1019 2869 ergo
1053 2808 1106 2853 et
1143 2802 1195 2855 in
1234 2799 1371 2855 cibis
1404 2800 1781 2865 rationalibus,
1807 2803 2016 2859 divino-

449 2907 567 2945 rum
616 2892 738 2947 dico
780 2891 1134 2954 voluminum,
1161 2906 1270 2947 non
1312 2892 1568 2947 continuo
1616 2904 1708 2949 aut
1747 2895 2012 2967 culpanda

446 2992 541 3036 aut
574 2983 858 3037 refutanda
888 2992 968 3037 est
1003 2981 1311 3053 Scriptura,
1336 2998 1455 3052 qua:
1485 2983 1750 3041 difﬁcilior
1792 2998 1886 3042 aut
1917 2990 2014 3044 ob-

447 3079 661 3132 scurior
695 3079 761 3132 ad
798 3078 1203 3148 intelligendum
1230 3077 1462 3141 videtur,
1494 3079 1581 3135 vel
1604 3095 1667 3135 ea
1703 3082 2007 3148 continere,

2149 605 2381 661 vestros,
2429 600 2684 668 quoniam
2734 604 2951 671 quidem
3000 606 3301 675 hujnsniodi
3352 611 3512 668 lectio
3549 616 3715 671 habea

2149 693 2237 738 tur
2272 687 2324 740 in
2357 690 2623 755 manibus,
2654 706 2773 760 qum
2802 693 3034 751 diﬂicilis
3082 700 3149 752 ad
3198 685 3630 773 intelligendum,
3660 718 3714 761 et

2145 778 2411 846 superﬂua
2432 782 2681 837 videatur
2718 785 2782 838 ad
2814 785 3123 856 legendum.
3154 790 3259 847 Sed
3290 809 3395 849 non
3427 811 3713 867 possumus

2146 868 2247 923 hoc
2279 871 2460 927 dicere
2489 874 2555 930 de
2583 875 2756 930 sancti
2791 877 3030 946 Spiritus
3064 880 3259 937 litteris
3276 884 3407 957 (62),
3436 890 3579 957 quod
3607 891 3713 946 ali-

2143 960 2271 1028 quid
2322 961 2373 1014 in
2421 963 2502 1017 eis
2544 966 2775 1021 otiosum
2819 971 2890 1023 sit
2936 980 3027 1024 aut
3086 975 3440 1046 superﬂuum,
3491 982 3710 1039 etiamsi

2143 1051 2415 1121 aliquibus
2450 1055 2733 1112 videantur
2768 1062 3020 1117 obseura.
3055 1066 3159 1122 Sed
3192 1069 3295 1124 hoc
3324 1074 3500 1139 potius
3533 1077 3711 1132 facere

2144 1140 2422 1209 debemus,
2458 1154 2517 1198 ut
2544 1147 2729 1203 oculos
2759 1153 2957 1207 mentis
2994 1166 3193 1213 nostra:
3229 1174 3610 1221 conVertamus
3641 1171 3707 1221 ad

2141 1245 2285 1297 eum,
2316 1235 2405 1302 qui
2438 1235 2552 1290 haec
2580 1239 2743 1295 scribi
2766 1241 2949 1311 jussit,
2985 1255 3039 1300 et
3072 1248 3140 1301 ab
3171 1249 3287 1319 ipso
3322 1253 3512 1310 horum
3547 1258 3707 1314 intel—

2138 1321 2416 1392 ligentiam
2444 1329 2776 1396 postulemus
2802 1347 2818 1386 :
2845 1344 2904 1389 ut
2931 1336 3044 1393 sive
3074 1340 3361 1399 inﬁrmitas
3388 1356 3468 1400 est
3504 1348 3556 1402 in
3590 1353 3710 1407 ani-

2138 1428 2223 1467 ma
2260 1426 2467 1482 nostra,
2500 1431 2658 1474 sanet
2690 1437 2786 1478 nos
2820 1423 2929 1493 illc,
2954 1430 3043 1497 qui
3076 1442 3234 1487 sanat
3260 1449 3449 1493 omnes
3477 1438 3708 1512 languo-

2139 1521 2223 1560 res
2247 1506 2368 1575 eius
2399 1526 2413 1564 :
2441 1510 2555 1565 sive
2586 1516 2739 1581 parvi
2786 1531 2977 1574 sensus
3008 1535 3220 1590 sumus,
3249 1529 3392 1583 adsit
3423 1534 3579 1589 nobis
3613 1552 3707 1591 cu-

2136 1599 2376 1654 stodiens
2410 1606 2665 1670 parvulos
2717 1610 2997 1676 Dominus,
3037 1624 3094 1670 et
3119 1621 3355 1675 enutriat
3390 1639 3508 1693 nos,
3542 1637 3706 1698 atque.

2136 1689 2189 1742 in
2235 1707 2544 1749 mensuram
2578 1700 2755 1755 aetatis
2805 1706 3059 1765 adducat.
3113 1709 3417 1784 Utrumque
3452 1721 3595 1775 enim
3649 1724 3701 1776 in

2136 1782 2290 1838 nobis
2319 1796 2421 1852 est,
2456 1798 2514 1842 ut
2544 1805 2606 1844 ex
2653 1792 2883 1850 inﬁrmis
2930 1800 2996 1853 ad
3043 1782 3353 1874 sanitatem,
3394 1818 3447 1863 et
3472 1827 3541 1867 ex
3572 1829 3701 1883 par-

2134 1874 2271 1929 vulis
2320 1879 2386 1932 ad
2433 1891 2648 1935 aetatem
2699 1886 2911 1941 virilem
2965 1896 3251 1960 pervenire
3300 1903 3590 1968 possimus.
3642 1907 3697 1960 lu

2130 1965 2285 2019 nobis
2316 1983 2445 2037 ergo
2479 1983 2579 2037 est,
2619 1975 2731 2030 haec
2776 1994 2803 2030 a
2838 1978 2945 2034 Deo
2976 1999 3215 2052 poscere.
3256 1990 3348 2045 Dei
3384 2006 3560 2050 autem
3595 2011 3697 2061 est,

2128 2058 2435 2122 petentibus
2484 2064 2617 2119 dare
2661 2076 2715 2121 et
2765 2070 3103 2138 pulsantibus
3142 2083 3372 2149 aperire.
3413 2086 3517 2144 Sed
3564 2058 3698 2149 satis

2128 2146 2198 2198 sit
2232 2146 2331 2201 ista
2364 2152 2630 2218 praefatio.

2122 2436 2339 2494 quoque
2376 2440 2583 2494 eorum,
2617 2435 2831 2491 etiamsi
2875 2457 2978 2497 non
3012 2447 3078 2499 ad
3124 2447 3411 2519 liquidum,
3454 2476 3694 2515 summa-

2126 2511 2219 2566 tim
2270 2522 2449 2572 tamen
2504 2520 2759 2592 colligere
2819 2536 2873 2581 et
2930 2511 3204 2600 explicare
3259 2543 3547 2609 possimus.
3598 2550 3691 2602 Ait

2119 2617 2249 2673 ergo
2265 2607 2309 2637 ⁷⁷
2332 2624 2345 2661 :
2368 2625 2388 2660 ι
2410 2609 2501 2665 lite
2532 2626 2659 2668 sunt
2687 2620 2993 2678 mansiones
3022 2607 3549 2701 ﬁliorumlsrael,ex
3579 2656 3690 2709 quo
3766 2648 3771 2651 '

2119 2695 2372 2753 exierunt
2401 2701 2466 2756 de
2497 2714 2638 2759 terra
2664 2707 2882 2779 Egypli
2911 2730 3032 2768 cum
3062 2719 3262 2777 virtute
3293 2740 3411 2789 sua,
3440 2695 3492 2782 in
3525 2695 3685 2785 mal-nu

2120 2786 2285 2859 Moysi
2337 2802 2390 2846 ct
2434 2794 2635 2856 Aaron.
2684 2800 2748 2855 Et
2796 2804 3017 2876 scripsit
3064 2809 3273 2883 Moyses
3321 2786 3687 2887 profectiones

2116 2896 2328 2949 eorum,
2362 2897 2418 2941 et
2454 2893 2764 2949 mansiones
2794 2914 2889 2967 per
2926 2903 3144 2958 verbum
3189 2909 3421 2976 Domini,
3448 2932 3466 2966 ι
3504 2925 3557 2970 ct
3582 2935 3687 2972 cm-

2121 2984 2252 3029 tera.
2281 2977 2522 3035 Audistis
2562 2984 2677 3057 (65)
2723 2990 2848 3058 quia
2894 2995 3116 3064 scripsit
3157 3000 3270 3055 haec
3323 3003 3533 3076 Moyses
3584 3026 3684 3080 per

2114 3073 2337 3128 verbum
2371 3077 2604 3135 Domini.
2635 3082 2699 3135 Et
2747 3086 2875 3154 quid
2910 3089 3078 3146 voluit
3109 3094 3371 3154 Dominus
3401 3073 3513 3159 lizec
3540 3108 3679 3161 scri-

444 3171 642 3239 quibus
704 3171 817 3225 sive
859 3170 1145 3238 incipiens,
1180 3179 1235 3224 et
1282 3171 1561 3239 parvulus,
1592 3172 1705 3227 sive
1740 3173 2006 3230 inﬁrmior

2111 3163 2202 3218 bi?
2236 3164 2305 3220 Ut
2329 3169 2611 3236 prodesset
2640 3176 2795 3231 nobis
2825 3180 3023 3249 aliquid
3074 3188 3342 3257 scriptura
3382 3193 3496 3249 haec
3528 3213 3681 3253 man-

443 3271 498 3314 et
526 3264 701 3316 minus
730 3263 793 3315 ad
820 3263 1170 3333 intelligenda
1200 3264 1382 3318 omnia
1411 3264 1620 3319 validus
1652 3265 1729 3319 uti
1769 3282 1874 3319 non
1906 3282 2002 3335 po-

445 3360 567 3413 test,
606 3367 705 3407 nec
733 3353 964 3408 conferri
994 3355 1101 3409 sibi
1131 3370 1198 3409 ex
1232 3354 1297 3423 iis
1338 3354 1591 3410 utilitatis
1637 3357 1840 3427 aliquid
1884 3360 2004 3413 exi-

440 3443 624 3495 stimat
654 3454 745 3496 aut
781 3444 1010 3499 salutis:
1036 3445 1134 3500 sed
1157 3444 1499 3501 considerare
1534 3445 1696 3501 debes
1719 3447 1850 3517 (6i),
1879 3450 2004 3516 quia

439 3537 580 3590 sicut
615 3550 842 3603 serpens
870 3544 923 3590 et
956 3536 1095 3600 ovis,
1133 3546 1188 3590 et
1230 3537 1327 3591 bos
1367 3547 1421 3590 et
1477 3540 1660 3603 homo,
1705 3556 1768 3594 ac
1818 3540 2000 3596 fenum

440 3626 532 3679 Dei
567 3633 816 3683 creatura
848 3634 972 3680 sunt
1000 3626 1209 3688 omnia,
1234 3633 1289 3679 et
1321 3626 1612 3684 diversitas
1648 3631 1749 3684 ista
1779 3634 1847 3687 ad
1881 3633 1995 3687 lau-

435 3718 556 3772 dem
587 3726 797 3786 spectat
827 3726 881 3772 et
909 3716 1133 3787 gloriam
1180 3717 1475 3786 Creatoris,
1502 3722 1645 3790 quod
1691 3734 1999 3793 competen-

433 3817 545 3862 tem
597 3817 647 3861 et
701 3808 752 3861 in
801 3818 1045 3878 tempore
1094 3810 1389 3880 unicuique
1442 3826 1631 3866 eorum
1671 3829 1769 3882 pro
1801 3815 1998 3884 quibus

430 3912 611 3957 creata
644 3911 787 3968 sunt,
814 3903 897 3956 vel
926 3904 1223 3972 praebeant,
1272 3903 1354 3958 vel
1403 3906 1620 3973 capiant
1661 3908 1837 3962 cibum
1869 3927 1882 3964 :
1923 3912 1996 3964 ita

427 4005 483 4051 et
528 3997 645 4050 huic
678 3995 859 4049 omnia
912 4010 1031 4063 qum
1074 3997 1238 4050 verba
1291 3996 1386 4052 Dei
1450 4009 1596 4065 sunt,
1623 4009 1675 4055 et
1712 4002 1764 4057 in
1801 4004 1995 4073 quibus

427 4087 670 4141 diversus
702 4102 798 4156 pro
826 4098 985 4158 captu
1025 4090 1330 4144 animarum
1375 4093 1532 4148 cibus
1568 4106 1673 4161 est,
1706 4098 1994 4167 unusquis-

424 4194 529 4246 que
568 4187 725 4245 prout
769 4193 961 4233 sanum
999 4195 1058 4233 se
1114 4190 1168 4235 et
1214 4182 1450 4239 validum
1504 4188 1692 4257 sentit,
1721 4200 1985 4245 assumat.

424 4268 681 4334 Quamvis
732 4279 786 4323 ct
827 4272 871 4323 si
913 4271 1224 4340 diligentius
1267 4276 1629 4344 requiramus,
1659 4279 1811 4336 verbi
1861 4267 1989 4336 can.-

423 4373 523 4418 sa,
579 4358 630 4410 in
712 4358 981 4428 Evangelii
1046 4363 1305 4427 lectione,
1364 4366 1449 4420 vel
1525 4369 1817 4436 apostolica
1889 4372 1986 4426 do-

2111 3253 2322 3311 sionum
2354 3274 2489 3328 quas
2518 3262 2762 3320 fecerunt
2801 3269 2894 3324 ﬁlii
2925 3270 3119 3339 Israel,
3152 3290 3246 3332 aut
3278 3282 3413 3336 nihil
3457 3290 3679 3354 prodes-

2109 3346 2230 3399 set?
2260 3347 2326 3401 Et
2355 3351 2478 3419 quis
2519 3355 2715 3409 audeat
2750 3359 2952 3425 dicere,
2986 3368 3127 3433 quod
3159 3384 3223 3423 ea
3274 3385 3393 3440 qua:
3422 3346 3518 3444 per
3551 3394 3675 3433 ver-

2108 3437 2233 3491 bum
2255 3439 2465 3496 Domini
2486 3446 2820 3516 scribuntur,
2851 3455 2986 3509 nihil
3019 3459 3268 3519 utilitatis
3289 3437 3542 3535 habeant,
3570 3489 3671 3528 nec

2107 3531 2296 3588 salutis
2312 3534 2511 3605 aliquid
2527 3540 2930 3611 conferant,sed
2948 3548 3117 3606 solam
3152 3568 3263 3610 rem
3293 3569 3496 3628 gestant
3533 3580 3665 3619 nar-

2107 3632 2380 3695 rent,quae
2401 3638 2526 3684 tunc
2542 3633 2757 3700 quidem
2781 3640 3128 3706 praeterierit,
3158 3628 3302 3701 nunc
3328 3658 3507 3705 autem
3534 3653 3669 3708 nihil

2103 3715 2168 3767 ad
2194 3732 2294 3772 nos
2307 3733 2370 3773 ex
2388 3720 2504 3791 ejus
2524 3722 2781 3782 relatione
2799 3731 3073 3798 perveniat
3088 3734 3111 3787 ἲ
3125 3733 3285 3806 Impia
3299 3738 3411 3795 haec
3423 3744 3664 3800 etaliena

2101 3822 2127 3857 a
2151 3810 2420 3865 catholica
2446 3814 2550 3868 tide
2578 3821 2844 3873 sententia
2867 3832 2968 3889 est,
2991 3836 3045 3879 et
3080 3842 3265 3883 eorum
3293 3839 3665 3891 tantummodo

2099 3900 2193 3965 qui
2229 3901 2359 3970 legis
2390 3913 2442 3957 et
2474 3905 2884 3977 Evangeliorum
2934 3928 3132 3987 negant
3161 3937 3326 3977 unum
3367 3925 3540 3981 solum
3570 3945 3660 3985 sa-

2098 3990 2332 4057 pientem
2383 4010 2508 4050 esse
2561 3998 2727 4054 Deum
2780 4002 2997 4060 Patrem
3053 4010 3264 4065 Domini
3314 4019 3483 4071 nostri
3530 4018 3657 4076 Jesu

2096 4079 2320 4138 Christi.
2350 4084 2486 4151 Quid
2517 4102 2647 4159 ergo
2678 4093 2742 4146 de
2765 4093 2832 4148 iis
2862 4098 3231 4157 mansionibus
3258 4104 3430 4162 ﬁdelis
3454 4113 3660 4170 sentire

2094 4171 2288 4230 delicat
2315 4177 2642 4246 intellectus,
2663 4188 2995 4253 summatim,
3015 4202 3173 4260 prout
3203 4205 3412 4268 tempus
3434 4204 3655 4271 patitur,

2092 4278 2431 4335 pertractare
2485 4284 2775 4333 tentemus.
2837 4280 3105 4353 Superior
3156 4288 3472 4358 diSputatio,
3527 4313 3654 4353 cum

2090 4365 2247 4419 nobis
2290 4369 2637 4424 occasionem
2686 4373 2898 4428 dicendi
2952 4378 3019 4432 de
3050 4378 3385 4448 profectione
3413 4385 3651 4444 ﬁliorum

420 4447 619 4510 ctrina,
677 4449 729 4501 in
792 4452 983 4519 quibus
1034 4454 1290 4509 delectari
1349 4457 1589 4521 videris,
1647 4468 1699 4513 et
1753 4461 1804 4515 in
1856 4464 1978 4531 qui-
2013 4491 2058 4546 ι)
2091 4455 2250 4510 Israel
2291 4472 2357 4513 ex
2407 4458 2642 4531 Egyplo
2690 4465 3034 4534 prmbuisset,
3082 4472 3369 4539 dupliciter
3412 4477 3651 4535 diximus

420 4537 519 4591 bus
576 4540 671 4592 tibi
722 4542 1057 4611 aptissimum
1118 4554 1171 4601 et
1224 4549 1608 4604 suavissimum
1642 4554 1866 4623 deputas
1899 4557 1977 4609 ci-

416 4630 565 4694 bum,
614 4643 814 4700 qnanta
891 4645 1014 4688 sunt
1068 4652 1189 4705 qua:
1239 4648 1292 4693 te
1354 4640 1548 4709 latent,
1608 4643 1656 4698 si
1715 4645 1977 4701 discutias

412 4731 466 4774 et
532 4726 908 4803 perscrttteris
967 4732 1217 4782 mandata
1291 4728 1545 4787 Domini?
1596 4736 1747 4802 Quod
1787 4738 1829 4792 si
1886 4751 1970 4803 ea,

410 4825 533 4879 qua
608 4814 835 4869 obscura
904 4801 1157 4873 videntur
1220 4831 1275 4877 et
1333 4801 1969 4898 diﬂieilia,refugienda

410 4910 534 4955 sunt
587 4905 833 4973 protinus
879 4916 932 4961 et
986 4909 1232 4975 vitanda,
1290 4913 1533 4969 invenies
1568 4920 1811 4973 etiamin
1840 4919 1968 4986 illis,

404 4990 565 5062 375
597 4994 647 5046 in
685 4995 878 5063 quibus
912 4998 1065 5054 valde
1100 5003 1346 5066 conﬁdis,
1396 5015 1503 5059 tam
1541 5008 1705 5063 multa
1737 5011 1968 5067 obscura

403 5090 458 5132 et
497 5083 756 5147 diﬂicilia,
790 5096 847 5140 ut
886 5090 1117 5146 si.hanc
1162 5098 1487 5151 sententiam
1522 5109 1730 5165 teneas,
1771 5103 1841 5157 sit
1873 5106 1966 5159 tibi

402 5173 564 5226 etiam
609 5177 731 5231 inde
777 5182 1158 5237 recedendum.
1217 5185 1358 5240 Sunt
1407 5199 1584 5245 tamen
1629 5194 1858 5263 plurima
1911 5199 1963 5251 in

400 5263 524 5327 illis,
567 5281 686 5335 qum
730 5272 970 5338 apertius
1014 5284 1067 5328 et
1118 5276 1418 5345 simplicius
1448 5283 1588 5337 dicta
1624 5296 1771 5352 sunt,
1800 5305 1960 5359 quam

397 5362 454 5406 ut
501 5359 648 5421 parvi
701 5376 895 5417 sensus
944 5367 1205 5423 aedificem
1243 5372 1566 5429 auditorem.
1619 5378 1743 5436 Hinc
1776 5393 1956 5441 autem

465 5472 506 5504 "
534 5472 689 5531 Num.
718 5493 915 5542 xxxiii,
960 5482 1010 5534 l.
1040 5483 1094 5537 2.
1168 5486 1213 5517 ⁷⁸
1233 5486 1391 5541 Joan.
1438 5507 1550 5558 xw,
1582 5495 1635 5549 2.

467 5566 576 5636 (6|)
606 5568 755 5635 Mss.,
794 5590 811 5622 ι
835 5576 1019 5652 debes.
1052 5596 1070 5628 ι
1107 5576 1263 5652 Libb.
1326 5584 1477 5647 editi,
1535 5589 1791 5646 «debet.»
1829 5596 1954 5652 Mox

393 5635 553 5722 iidein
584 5654 738 5699 mss.,
776 5659 794 5690 ι
814 5654 870 5722 _et
897 5649 1014 5702 ovis
1045 5651 1238 5717 ethos,
1264 5660 1317 5704 et
1340 5635 1517 5710 homo.
1542 5635 1565 5707 ἢ)
1592 5635 1655 5713 Iit.

392 5705 460 5758 tis
486 5708 653 5763 deest.
688 5729 705 5761 ι
728 5723 781 5765 et
814 5713 928 5768 bos.
947 5724 969 5767 ἰ

465 5773 572 5845 (5:2)
603 5779 781 5835 Codex
831 5784 1012 5842 Sancti
1043 5787 1362 5848 Theudorici
1399 5795 1571 5852 solum
1611 5801 1792 5862 habet.
1847 5825 1865 5857 ι
1889 5810 1951 5863 de

2086 4548 2254 4603 videri
2314 4566 2472 4621 posse
2516 4555 2831 4623 spiritaliter
2876 4560 3027 4616 exire
3085 4579 3524 4637 unumquemque
3581 4574 3651 4627 de

2081 4639 2321 4713 Egypto
2351 4662 2364 4697 :
2398 4645 2478 4699 vel
2509 4661 2632 4700 cum
2665 4648 3035 4719 relinquentes
3081 4660 3335 4727 gentilem
3379 4666 3540 4719 vitam
3579 4670 3645 4720 ad

2083 4739 2413 4807 agnitionem
2443 4741 2640 4797 divinisI
2674 4743 2805 4813 legis
2840 4750 3167 4817 accedimus,
3195 4754 3276 4808 vel
3312 4772 3431 4810 cum
3459 4758 3640 4812 anima

2078 4831 2145 4883 de
2168 4831 2415 4900 corporis
2456 4833 2617 4903 huius
2662 4836 3000 4895 habitatione
3030 4843 3279 4897 discedit.
3310 4847 3390 4899 Ad
3426 4858 3603 4901 utrum
3618 4877 3639 4887 --

2077 4933 2181 4987 que
2209 4935 2339 4991 ergo
2389 4923 2505 4977 ista;
2554 4927 2882 4993 mansiones,
2925 4946 3060 4999 quas
3104 4949 3244 4987 nunc
3290 4951 3383 5002 per
3416 4936 3637 4992 verbum

2077 5012 2288 5068 Domini
2335 5015 2546 5086 Moyses
2594 5019 2876 5085 describit,
2924 5023 3215 5091 aspiciunt.
3249 5024 3385 5081 Nam
3420 5031 3486 5082 de
3534 5032 3639 5085 illis

2076 5108 2289 5176 quidem
2322 5110 2709 5175 mansionibus,
2752 5128 2892 5182 quas
2938 5116 3132 5171 anima:
3179 5132 3407 5187 corpore
3436 5132 3632 5185 exutae,

2074 5202 2182 5258 imo
2212 5219 2437 5272 corpore
2463 5219 2560 5259 suo
2586 5220 2773 5260 rursus
2822 5207 3024 5263 indutae
3054 5210 3317 5265 habiturae
3345 5222 3468 5265 sunt
3494 5212 3632 5284 (64),

2071 5296 2329 5351 Dominus
2346 5296 2715 5365 pronuntiavit
2734 5298 2783 5350 in
2801 5297 3108 5368 Evangelia,
3124 5301 3394 5357 dicens”:
3416 5303 3625 5360 «Multa:

2070 5391 2381 5446 mansiones
2410 5398 2538 5445 sunt
2568 5391 2708 5460 apud
2756 5391 2970 5447 Patrem
3020 5411 3220 5451 meum.
3253 5397 3505 5467 Alioquin
3540 5400 3631 5454 di-

2064 5601 2264 5655 sanrtis
2293 5600 2505 5654 litteris.
2549 5620 2567 5651 ι

2157 5670 2246 5738 63)
2281 5668 2405 5724 Mss.
2446 5690 2464 5721 ι
2486 5669 2733 5724 audistis.
2758 5690 2774 5721 ι
2810 5670 2963 5725 Libb.
2995 5672 3148 5736 editi,
3182 5690 3200 5725 ι
3221 5674 3439 5729 audisti.
3462 5694 3481 5729 ι

2157 5674 2246 5738 63)
2281 5674 2405 5724 Mss.
2446 5690 2464 5721 ι
2486 5674 2733 5724 audistis.
2758 5690 2774 5721 ι
2810 5674 2963 5725 Libb.
2995 5674 3148 5736 editi,
3182 5690 3200 5725 ι
3221 5674 3439 5729 audisti.
3462 5694 3481 5729 ι

2132 5674 2245 5807 itii)
2276 5741 2455 5795 Codex
2501 5743 2687 5799 Sancti
2730 5743 3093 5816 Theudorici;
3136 5749 3353 5811 caniiua
3395 5759 3623 5816 corpore

2060 5823 2241 5869 exuta.
2270 5813 2373 5867 imo
2394 5826 2622 5877 corpore
2648 5826 2746 5868 suo
2774 5827 2959 5867 rursus
2993 5814 3177 5869 induta
3205 5816 3455 5869 habitura
3479 5813 3616 5871 est.»
