4104 6226
487 363 589 415 ’785

1922 351 2238 408 ORICENIS

3638 365 3741 420 γει

486 482 666 522 cet-em
702 467 872 533 vobis,
899 466 1042 522 Vado
1083 474 1134 520 et
1164 480 1407 536 przeparo
1443 465 1596 520 vobis
1635 465 1996 520 mansionem.
2028 485 2046 520 ι
2083 478 2127 534 Α
2159 463 2529 520 mansionibus
2562 465 2886 535 perveniunt
2933 466 3027 522 lilii
3076 466 3243 524 Israel
3284 489 3456 544 usque
3496 477 3562 530 ad
3590 495 3738 546 prm-

489 561 629 617 Sunt
678 571 807 628 ergo
855 559 1032 614 multa:
1083 558 1186 614 illae
1239 560 1550 614 mansiones
1583 574 1704 629 quae
1739 559 1804 613 ad
1840 559 2053 612 Patrem

487 656 712 712 ducunt,
761 653 813 705 in
847 651 1043 720 quibus
1076 650 1304 719 singulis
1349 651 1478 720 quid
1509 666 1710 716 causa,
1749 651 1879 722 quid
1912 649 2058 704 utili-

487 747 616 798 tatis
647 745 844 797 anima:
884 742 1472 812 commoratio,quidve
1503 743 1829 797 eruditionis
1861 752 1954 794 aut
1987 741 2054 794 il-

487 835 858 889 lmninationis
895 835 1150 902 accipiat,
1201 833 1307 887 scil.
1351 833 1440 887 ille
1478 832 1626 886 solus
1664 832 1829 886 futuri
1870 831 2052 886 saeculi

485 928 666 996 Pater,
687 929 774 994 qui
801 927 874 979 ait
897 925 961 978 de
980 925 1272 993 semetipso
1285 925 1354 988 7',
1379 924 1504 993 quia
1525 943 1544 974 ι
1565 939 1664 993 ego
1687 939 1804 978 sum
1828 925 2053 978 ostium.

486 1021 653 1074 Nemo
689 1018 835 1072 venit
868 1018 933 1070 ad
962 1015 1199 1079 Patrem,
1237 1015 1336 1069 nisi
1367 1031 1463 1085 per
1491 1031 1597 1069 me.
1620 1034 1638 1067 ι
1675 1015 1774 1082 Qui
1808 1015 2052 1070 fortassis

484 1115 535 1166 in
572 1113 655 1167 his
673 1111 898 1180 singulis
920 1109 1299 1164 mansionibus
1323 1109 1618 1178 unicuique
1637 1110 1830 1163 anima:
1852 1111 2048 1165 ostium

482 1206 571 1257 ﬁet
596 1203 734 1272 (65),
769 1211 827 1253 ut
863 1216 958 1268 per
990 1201 1164 1269 ipsum
1216 1203 1404 1268 intret,
1441 1213 1496 1256 et
1527 1217 1621 1272 per
1656 1203 1829 1265 ipsum
1871 1212 2050 1266 exeat,

479 1313 532 1348 et
574 1295 812 1348 inveniat
851 1306 1072 1362 pascua,
1119 1306 1173 1346 et
1217 1294 1414 1348 iterum
1469 1294 1633 1349 intret
1675 1298 1739 1348 ad
1775 1296 1956 1360 aliam,
1998 1305 2052 1350 ct

481 1390 603 1443 inde
638 1391 704 1441 ad
736 1388 895 1439 aliam
921 1386 1287 1448 mansionem,
1317 1403 1600 1458 usquequo
1632 1390 1698 1442 ad
1730 1389 1902 1456 ipsum
1930 1403 2052 1456 per-

477 1483 658 1535 veniat
687 1481 922 1534 Patrem.
958 1479 1062 1534 Sed
1093 1494 1210 1540 nos,
1236 1495 1372 1547 pene
1407 1481 1752 1534 immemores
1782 1478 2050 1547 praefatio-

478 1573 560 1626 nis
595 1581 813 1634 nostrai,
845 1571 1026 1624 subito
1056 1572 1298 1623 auditmn
1333 1581 1574 1624 vestrum
1614 1571 1680 1623 ad
1713 1571 1820 1623 alta
1861 1579 1913 1624 et
1951 1585 2049 1623 ex-

472 1667 613 1720 celsa
647 1665 1007 1718 surreximus.
1053 1665 1166 1717 Imo
1213 1680 1343 1719 vero
1392 1664 1676 1717 redeamus
1717 1663 1784 1716 ad
1813 1677 1896 1722 ea,
1930 1676 2051 1730 quae

475 1757 619 1812 inter
668 1770 764 1807 nos
793 1765 848 1808 ct
892 1754 945 1806 in
1003 1754 1160 1809 nobis
1207 1765 1489 1822 geruntur.
1542 1751 1594 1804 In
1626 1751 1856 1822 [Egypto
1888 1760 2045 1804 erant

2159 557 2358 625 cipium
2393 556 2670 625 capienda:
2699 557 3058 615 Inereditatis.
3100 560 3435 633 Principium
3480 581 3608 622 vero
3643 584 3733 624 ca-

2158 647 2365 716 pienda:
2389 648 2723 702 haereditatis
2751 648 2875 712 fuit,
2905 650 2996 704 ubi
3028 652 3218 708 Ruben
3251 665 3307 708 et
3330 655 3467 722 Gad,
3492 668 3546 713 et
3571 660 3730 714 dimi-

2157 740 2242 792 dia
2277 739 2446 795 tribus
2473 737 2743 802 Manasse,
2783 742 3067 808 accipiunt
3099 752 3304 799 terram
3333 746 3561 802 Galaad.
3589 751 3737 807 Con-

2156 838 2264 884 stat
2290 831 2472 897 itaque
2504 845 2764 885 numerus
2801 832 3180 889 descensionis
3210 835 3436 903 Christi,
3469 854 3562 908 per
3592 857 3731 910 qna-

2155 919 2404 990 draginta
2453 929 2508 973 et
2539 919 2677 974 duos
2709 930 2893 990 patres
2941 925 3244 978 secundum
3291 942 3536 992 carnem,
3583 930 3727 984 velut

2155 1023 2250 1076 per
2276 1008 2636 1079 quadraginta
2670 1010 2804 1064 duas
2832 1011 3150 1068 mansiones
3184 1013 3515 1072 descendens
3556 1033 3730 1089 usque

2153 1098 2218 1151 ad
2249 1113 2369 1165 nos,
2400 1108 2456 1154 et
2482 1113 2578 1169 per
2618 1100 2842 1154 totidem
2872 1099 3186 1160 mansiones
3213 1123 3471 1164 ascensus
3497 1109 3726 1165 liliorum

2154 1189 2341 1258 Israel,
2368 1206 2540 1260 usque
2566 1192 2632 1245 ad
2674 1193 3012 1250 lnereditatis
3049 1199 3334 1264 promissa:
3381 1202 3728 1272 principium.

2162 1283 2312 1349 Quod
2339 1283 2384 1337 si
2431 1283 2742 1338 intellexisti
2785 1295 3042 1348 quantum
3089 1293 3425 1344 sacramenti
3469 1309 3727 1348 numerus

2159 1382 2261 1431 iste
2309 1378 2680 1432 descensionis
2737 1380 3176 1448 ascensionisque
3233 1387 3543 1450 contineat,
3598 1391 3726 1442 veni

2149 1467 2342 1538 jam,et
2375 1470 2697 1539 incipiamus
2738 1486 2831 1538 per
2870 1485 2951 1534 ea,
2997 1487 3115 1540 quae
3145 1475 3426 1530 descendit
3459 1478 3720 1534 Christus

2151 1562 2471 1626 ascendere,
2525 1569 2578 1615 et
2627 1563 2855 1630 primam
2916 1566 3239 1618 mansionem
3284 1567 3444 1621 istam
3491 1569 3710 1631 facere,

2151 1669 2310 1721 quam
2353 1653 2442 1707 ille
2490 1653 2844 1708 novissimam
2885 1655 3036 1718 Iecit,
3087 1657 3308 1723 scilicet,
3338 1660 3427 1727 qui
3460 1672 3608 1717 natus
3635 1677 3704 1716 ex

2154 1746 2375 1813 Virgine
2402 1756 2483 1798 est
2521 1768 2532 1800 :
2575 1756 2625 1800 et
2677 1747 2790 1800 haec
2833 1748 2905 1800 sit
2947 1747 3122 1815 prima
3179 1748 3332 1802 nobis
3385 1753 3581 1805 mansio
3634 1757 3707 1808 de

475 1845 568 1899 lilii
603 1845 786 1911 Israel,
819 1847 870 1897 in
903 1846 1158 1914 operibus
1189 1817 1496 1897 Pharaonis
1539 1817 1842 1913 regisvluto
1871 1858 1935 1896 ac
1973 1843 2045 1894 la-
2080 1817 2120 1871 Β
2150 1837 2386 1907 Egypto
2415 1838 2566 1890 exire
2599 1836 2929 1901 volentibus,
2979 1837 3032 1890 in
3063 1852 3193 1905 qua,
3226 1837 3415 1894 relicto
3457 1841 3704 1895 idolorum

470 1946 586 1992 tere
619 1937 1014 2007 atlligebantur,
1048 1939 1219 1989 donec
1269 1936 1712 2006 ingetniscentes,
1745 1935 2048 1988 clamarent

469 2035 536 2088 ad
569 2033 879 2095 Dominum,
911 2041 965 2086 et
999 2031 1301 2086 exaudiens
1342 2030 1600 2099 gemitum
1634 2043 1823 2083 eorum
1865 2028 2048 2081 mitte-

471 2133 554 2180 ret
584 2125 662 2179 eis
692 2123 914 2176 verbum
946 2137 1100 2176 suum
1151 2138 1248 2191 per
1291 2121 1549 2191 Moysem,
1579 2128 1634 2173 et
1667 2120 1922 2173 educeret
1953 2131 2047 2170 eos

469 2222 537 2272 de
565 2214 818 2287 Egypto.
853 2215 916 2268 Et
959 2230 1056 2268 nos
1084 2229 1215 2284 ergo
1250 2229 1370 2267 cmn
1418 2228 1664 2266 essemus
1697 2211 1750 2264 in
1782 2209 2044 2279 {Egyptm

467 2310 653 2363 mundi
681 2311 800 2363 dico
834 2306 991 2375 hujus
1021 2306 1303 2359 erroribus
1332 2315 1384 2358 et
1423 2304 1749 2373 ignorantiae
1782 2302 2041 2366 tenebris,

466 2410 757 2470 operantes
783 2412 948 2467 opera
975 2396 1196 2458 diaboli,
1227 2404 1277 2448 et
1307 2394 1360 2446 in
1386 2393 1841 2461 concupiscentiis
1870 2400 1923 2444 et
1955 2406 2045 2445 vo-

467 2490 766 2560 luptatibus
794 2487 1000 2550 carnis,
1049 2487 1343 2540 miseratus
1379 2495 1461 2538 cst
1501 2484 1762 2536 Dominus
1789 2481 2043 2535 alllictio-

467 2597 590 2635 nem
622 2589 896 2643 nostram;
935 2587 989 2632 et
1021 2578 1168 2632 misit
1224 2579 1458 2631 Verbum
1512 2589 1666 2628 suum
1700 2573 2042 2641 unigenitum

469 2673 687 2737 Filium,
719 2673 808 2740 qui
856 2685 955 2726 nos
999 2671 1064 2725 de
1116 2669 1420 2740 ignorantia
1463 2667 1669 2721 erroris
1719 2673 1934 2732 ereptos
1978 2665 2044 2718 ad

467 2767 641 2821 lucem
667 2765 860 2819 divinae
893 2763 1025 2832 legis
1052 2762 1370 2816 adduceret.

537 2862 592 2916 5.
619 2860 724 2914 Sed
751 2859 924 2928 primo
951 2856 1195 2911 omnium
1237 2856 1446 2907 intuere
1469 2852 1709 2923 mysterii
1740 2853 2003 2906 rationem
2027 2871 2039 2905 :

464 2969 630 3024 quam
663 2952 752 3020 qui
786 2951 1073 3020 diligenter
1101 2947 1499 3009 observaverit,
1531 2945 1583 2999 in
1626 2945 1926 3013 Scripturis
1956 2944 2042 2996 in-

465 3046 650 3101 veniet
701 3044 752 3096 in
791 3041 1105 3110 egressione
1159 3039 1394 3093 ﬁliorum
1454 3038 1617 3092 Israel
1673 3038 1740 3090 de
1780 3035 2039 3106 Egypto,

2148 1929 2316 1990 cultu,
2359 1937 2413 1980 et
2454 1927 2866 1990 tlwmoniorum,
2897 1943 3002 1983 non
3049 1929 3304 1996 deorum,
3354 1934 3716 1993 veneratione,

2147 2019 2418 2072 credimus
2437 2017 2713 2072 Christum
2743 2028 2928 2072 natum
2956 2035 3024 2074 ex
3063 2018 3310 2091 Virgine,
3338 2031 3394 2076 et
3422 2023 3486 2076 de
3518 2023 3722 2092 Spiritu

2147 2120 2359 2173 sancto,
2391 2119 2444 2164 et
2473 2108 2708 2163 Verbum
2742 2125 2964 2163 carnem
3006 2111 3211 2166 factum
3247 2115 3465 2168 venisse
3492 2115 3545 2168 in
3579 2116 3725 2169 hunc

2148 2202 2426 2255 mundum.
2469 2201 2594 2255 Post
2622 2201 2736 2254 haec
2760 2202 2871 2270 jam
2917 2203 3200 2270 proiicere,
3234 2213 3289 2258 et
3319 2207 3622 2261 ascendere
3656 2208 3725 2260 a-J

2146 2293 2389 2362 singulos
2416 2307 2660 2361 quosque
2693 2292 2816 2345 fidei
2847 2303 2901 2346 et
2934 2293 3198 2346 virtutum
3233 2298 3434 2362 gradus
3461 2297 3721 2351 nitamur.

2146 2384 2350 2451 Quibus
2375 2385 2420 2438 si
2451 2385 2635 2438 tandiu
2686 2385 3060 2448 immorentur,
3108 2386 3285 2442 donec
3317 2389 3382 2441 ad
3413 2389 3716 2458 perfectum

2145 2477 2447 2539 veniamus,
2481 2476 2533 2529 in
2558 2475 2785 2544 singulis
2811 2476 3067 2528 virtutum
3100 2479 3355 2547 gradibus
3386 2483 3719 2534 mansionem

2146 2568 2343 2624 fecisse
2377 2570 2642 2632 dicemur,
2678 2584 2959 2638 usquequo
2989 2571 3054 2622 ad
3088 2585 3361 2624 summum
3394 2575 3716 2641 pervenien-

2146 2660 2289 2715 tibus
2321 2661 2480 2715 nobis
2523 2663 2928 2716 institutionum
2959 2659 3406 2734 profectuumque
3435 2665 3716 2736 fastigium

2144 2751 2410 2820 promissa
2444 2752 2784 2820 compleatur
2809 2752 3121 2807 haereditas.

2216 2842 2272 2894 4.
2305 2841 2410 2919 Sed
2443 2852 2499 2895 ct
2521 2842 2702 2895 anima
2728 2857 2850 2897 cum
2890 2843 2955 2896 de
2987 2841 3220 2913 [Egypto
3250 2845 3373 2898 vitze
3399 2845 3557 2912 hujus
3588 2861 3715 2914 pro-

2146 2935 2428 3002 ﬁciscitur,
2459 2945 2515 2988 ut
2546 2937 2731 2989 tendat
2763 2937 2831 2990 ad
2865 2948 3066 2992 terram
3099 2939 3558 3008 repromissionis,
3590 2956 3717 3008 pcr-

2145 3029 2222 3098 git
2265 3030 2573 3082 necessario
2627 3030 2694 3082 ad
2725 3029 2847 3084 illas
2873 3029 3008 3100 (67),
3045 3047 3165 3101 qua:
3203 3033 3342 3100 apud
3385 3031 3600 3088 Patrem
3649 3035 3720 3087 ah

466 3138 823 3210 quadraginta
848 3143 901 3189 et
930 3135 1064 3189 duas
1092 3133 1308 3187 habitas
1335 3147 1454 3187 esse
1485 3130 1904 3183 mansioneszet
1930 3144 2043 3181 rur-
2070 3162 2111 3218 C
2148 3121 2306 3174 initio
2353 3131 2670 3188 [tl‘al‘paratte
2719 3131 2846 3174 sunt
2893 3123 3227 3177 mansiones.
3275 3123 3513 3188 Quarum
3551 3128 3718 3178 credo

465 3244 584 3283 sum
621 3229 886 3282 adventus
923 3223 1133 3278 Domini
1165 3231 1221 3277 et
1253 3220 1558 3276 Salvatoris
1591 3219 1763 3274 nosui
1797 3219 1849 3271 in
1895 3218 2038 3272 lmoc

468 3321 748 3382 mundum,
785 3332 879 3385 per
909 3313 1268 3384 quadraginta
1301 3321 1354 3366 et
1381 3311 1514 3365 duas
1535 3310 1914 3378 generationes
1939 3309 2035 3360 ad-

466 3413 701 3464 ducitur.
746 3408 836 3461 Sic
885 3407 1028 3460 enim
1082 3404 1367 3458 Matthaeus
1428 3401 1758 3471 evangelista
1800 3413 2039 3454 comme-

468 3510 661 3561 morat,
710 3499 896 3551 dicens
918 3495 964 3529 ⁸ο
999 3513 1013 3552 ;
1051 3512 1068 3544 ι
1100 3493 1181 3546 Ab
1217 3493 1490 3546 Abraham
1537 3505 1710 3559 usque
1754 3491 1820 3543 ad
1869 3489 2035 3542 David

467 3605 668 3657 regem,
687 3587 1071 3655 generationes
1091 3583 1525 3653 quatuordecim.
1542 3581 1608 3634 Et
1627 3596 1654 3632 a
1681 3580 1844 3634 David
1868 3595 2038 3646 usque

465 3682 530 3735 ad
567 3678 1099 3748 trausmigrationem
1133 3675 1447 3744 Babylonis,
1493 3674 1874 3744 generationes
1897 3686 2035 3740 qua-

463 3771 783 3826 tuordecim.
842 3769 906 3823 Et
955 3783 984 3821 a
1027 3766 1510 3832 transmigratione
1545 3764 1831 3833 Babylonis
1866 3776 2036 3829 usque

461 3867 530 3918 ad
569 3863 872 3924 Christum,
929 3858 1314 3930 generationes
1367 3855 1846 3924 quatuordccim.»
1902 3851 2037 3904 Istas

459 3973 600 4027 ergo
635 3953 992 4024 quadraginta
1019 3962 1073 4006 et
1117 3951 1256 4004 duas
1285 3949 1692 4019 generationes,
1725 3961 1860 4015 quas
1891 3944 2038 3997 velut

467 4050 778 4101 mansiones
789 4044 1038 4097 Christus
1059 4041 1181 4095 fecit
1196 4041 1532 4093 descendens
1549 4038 1599 4090 in
1613 4034 1905 4106 Egyptum
1923 4033 2035 4104 (66)

464 4138 648 4194 mundi
703 4137 883 4201 hujus,
938 4135 1055 4202 ipso
1107 4146 1335 4186 numero
1389 4131 1748 4198 quadraginta
1795 4136 1849 4182 et
1898 4128 2036 4180 duas

465 4230 772 4284 mansiones
805 4225 1030 4287 faciunt,
1060 4223 1149 4293 qui
1177 4221 1342 4293 376
1368 4220 1670 4275 ascendunt
1691 4220 1756 4274 de
1774 4217 2032 4290 Egypto.

463 4324 529 4378 Et
584 4323 722 4377 bene
777 4321 1133 4374 observanter
1184 4319 1362 4385 posuit
1427 4309 1636 4386 Moyses
1697 4315 1883 4368 dicens
1929 4314 1972 4344 ‘“
2020 4330 2032 4365 :

467 4436 488 4468 ι
513 4416 890 4472 Ascenderunt
923 4413 1014 4467 lilii
1048 4411 1213 4468 Israel
1238 4427 1360 4466 cum
1387 4411 1586 4464 virtute
1607 4423 1725 4464 sua.
1751 4427 1768 4460 ι
1793 4406 1923 4475 Qua:
1955 4415 2036 4460 est

2149 3229 2356 3266 memor
2413 3213 2722 3280 Propheta,
2783 3213 3105 3267 dicebat”:
3147 3232 3164 3264 ι
3190 3212 3314 3268 IIme
3383 3227 3720 3269 memoratus

2148 3321 2289 3370 sum,
2320 3313 2373 3358 et
2415 3303 2575 3356 eil'ndi
2622 3319 2784 3372 super
2830 3319 2912 3357 tne
2953 3305 3189 3357 animam
3235 3321 3428 3368 meam,
3460 3307 3715 3375 quoniam

2148 3396 2422 3465 irgrediar
2455 3395 2506 3448 in
2540 3395 2714 3449 locum
2751 3395 3091 3450 tabernaculi
3143 3397 3500 3461 admirabilis,
3549 3413 3718 3466 usque

2145 3490 2210 3541 ad
2247 3492 2462 3542 domum
2488 3489 2607 3542 Dei.
2629 3507 2646 3539 ι
2687 3488 2806 3543 Ιςιςε
2837 3498 2962 3542 sunt
2989 3491 3315 3555 mansiones,
3334 3501 3386 3543 et
3414 3491 3512 3544 ista
3539 3495 3719 3545 taber-

2147 3575 2360 3646 nacula,
2383 3583 2448 3636 de
2477 3580 2674 3649 quibus
2705 3580 2760 3633 in
2788 3580 2899 3634 alio
2931 3580 3052 3635 loco
3077 3581 3307 3635 dicit“:
3334 3599 3352 3631 ‹
3375 3579 3542 3647 Quam
3569 3598 3717 3634 ama-

2146 3671 2272 3726 bilia
2306 3681 2432 3725 sunt
2465 3671 2814 3726 tabernacula
2847 3681 2960 3737 tua,
3000 3671 3224 3726 Domine
3254 3673 3551 3727 virtutum!
3582 3688 3708 3727 eoo-

2146 3763 2382 3832 cnpiscit
2423 3771 2480 3816 et
2525 3763 2707 3818 deﬁcit
2753 3763 2934 3818 anima
2987 3778 3102 3816 mea
3153 3763 3205 3817 in
3246 3765 3382 3818 atria
3434 3766 3661 3818 Domini.
3693 3786 3710 3816 ι

2147 3854 2352 3909 Idcirco
2383 3863 2436 3908 et
2468 3856 2520 3907 in
2547 3853 2653 3908 alio
2679 3853 2797 3908 loco
2829 3854 2969 3908 idem
2991 3852 3262 3923 Propheta
3287 3855 3415 3909 dicit
3436 3856 3481 3886 ⁸⁵
3504 3874 3516 3908 :
3539 3875 3556 3906 r
3576 3856 3714 3908 Mul-

2149 3956 2259 4000 tum
2290 3947 2636 4017 peregrinata
2668 3954 2754 3999 est
2783 3945 2962 3998 anima
3003 3959 3140 4000 mea.
3168 3963 3186 3998 l
3221 3944 3458 4015 Intellige
3486 3960 3632 4013 ergo,
3664 3945 3711 3998 si

2147 4050 2318 4110 potes,
2345 4055 2465 4110 qua:
2492 4039 2602 4093 sint
2632 4039 2747 4093 ista:
2775 4038 3245 4107 peregrinationes
3273 4040 3483 4100 animae,
3511 4037 3560 4090 in
3586 4039 3710 4107 qni-

2147 4133 2247 4186 bus
2273 4148 2393 4184 ctnn
2424 4130 2656 4200 quodam
2693 4131 2897 4200 gemitu
2941 4145 3003 4183 ac
3043 4130 3228 4185 dolore.
3273 4129 3606 4200 peregrinari
3652 4142 3714 4182 se

2147 4223 2346 4276 diutius
2390 4221 2566 4276 deﬂet.
2617 4220 2722 4275 Sed
2771 4222 3016 4275 hebescit
3063 4223 3255 4276 harmn
3306 4221 3612 4276 intellectus
3655 4229 3714 4275 et

2145 4315 2487 4378 obscuratur,
2520 4316 2691 4369 donec
2717 4317 2891 4370 adhuc
2919 4315 3301 4384 peregrinatur
3328 4330 3343 4367 :
3372 4323 3500 4368 tunc
3522 4324 3702 4367 autem

2147 4405 2328 4459 verius
2375 4405 2711 4468 edocebitur,
2755 4415 2809 4459 et
2845 4405 3021 4459 verius
3070 4404 3333 4472 intelliget
3379 4419 3498 4472 quae
3547 4405 3711 4457 fuerit

463 4507 638 4562 virtus
667 4522 879 4568 eorum,
902 4505 1004 4558 nisi
1026 4502 1152 4574 ipse
1176 4504 1450 4563 Christus,
1481 4501 1574 4570 qui
1605 4511 1686 4554 est
1713 4501 1883 4554 virtus
1903 4498 2034 4552 Dei?
2069 4521 2112 4576 ι)
2149 4494 2288 4549 ratio
2315 4495 2770 4564 peregrinationis
2806 4511 2938 4560 suat,
2976 4510 3098 4548 cum
3143 4509 3390 4565 regressa
3435 4495 3599 4548 fuerit
3643 4496 3707 4545 ad

463 4600 563 4666 Qui
594 4612 726 4668 ergo
759 4597 1018 4659 ascendit,
1052 4611 1175 4650 cum
1224 4595 1339 4663 ipso
1377 4593 1638 4656 ascendit,
1692 4591 1782 4660 qui
1821 4591 1887 4643 ad
1934 4607 2032 4644 nos

465 4694 590 4748 inde
626 4689 923 4750 descendit,
977 4699 1034 4741 ut
1085 4687 1213 4740 illnc
1261 4687 1564 4755 perveniat,
1611 4685 1752 4738 unde
1796 4684 1883 4737 ille
1931 4699 2034 4736 non

465 4783 812 4844 necessitate,
841 4783 935 4834 sed
970 4778 1287 4849 dignatione
1317 4777 1616 4839 descendit,
1659 4785 1717 4829 ut
1743 4789 1930 4829 verum
1970 4775 2040 4826 sit

459 4878 593 4931 illud
635 4877 781 4947 quod
818 4876 1022 4928 dictutn
1058 4878 1143 4925 est
1171 4870 1238 4932 ⁸⁸,
1269 4869 1396 4938 quia
1429 4889 1446 4920 σ
1470 4870 1560 4939 qui
1598 4868 1898 4931 descendit,
1924 4867 2040 4937 ipse

457 4978 548 5024 est
579 4979 631 5022 et
660 4969 751 5036 qui
786 4965 1052 5020 ascendit.
1087 4983 1105 5016 ι
1141 4964 1311 5034 Igitur
1345 4962 1398 5016 in
1434 4959 1791 5030 quadraginta
1835 4960 2043 5013 duabus

570 5115 615 5146 "’
643 5118 800 5165 .lnan.
839 5128 891 5175 Χ,
935 5111 987 5172 9,
1032 5121 1082 5162 et
1124 5125 1232 5167 xrv,
1278 5109 1329 5160 ti.
1409 5107 1454 5137 ⁸⁸
1503 5103 1910 5175 Μειιίῑιινιηη.

463 5182 512 5215 ⁸⁸
537 5183 677 5238 Psal.
712 5174 932 5242 mm.
967 5185 1019 5243 τὶ,
1063 5182 1117 5234 5.
1193 5179 1236 5209 ⁸⁸
1264 5177 1406 5230 Psal.
1437 5192 1547 5239 xix,
1583 5174 1634 5227 5.

537 5322 646 5392 (65)
679 5318 813 5374 Sunt
851 5336 970 5389 ergo
1010 5317 1185 5371 mullw
1217 5318 1323 5368 illm
1358 5315 1673 5392 mansiones,
1702 5322 1831 5392 etc.,
1865 5323 2034 5389 usque

466 5381 663 5445 ad‘ist'a
699 5393 884 5456 verba,
908 5381 1015 5443 ἐειι
1048 5406 1136 5440 nos
1182 5403 1308 5453 pene
1356 5389 1703 5438 immemores.
1747 5385 1946 5456 desunt
1981 5381 2030 5430 in

467 5461 621 5514 libris
656 5471 810 5515 antea
841 5454 1020 5524 editis,
1050 5469 1106 5511 et
1132 5460 1490 5510 restituuntur
1523 5470 1587 5506 ex
1613 5454 1863 5524 omnibus
1896 5465 2024 5524 mss.

466 5528 611 5582 Libri
642 5524 768 5584 editi
804 5520 1018 5583 tantum
1047 5529 1246 5582 habent
1277 5548 1288 5578 :
1325 5545 1340 5576 t
1371 5536 1491 5576 .snnt
1539 5541 1671 5592 ergo
1705 5523 1812 5574 illic
1845 5520 2026 5572 tnttltze

468 5601 797 5668 mansiones,
832 5602 882 5654 in
907 5600 1105 5668 quibus
1150 5611 1266 5667 post
1301 5595 1478 5648 szccnli
1519 5595 1686 5668 hujus
1730 5606 2024 5668 aerumnas,

463 5680 516 5722 et
544 5663 850 5738 {Egyptiam
882 5663 1197 5723 servitutem
1233 5668 1414 5721 Iideles
1442 5665 1634 5717 aninne
1657 5663 2026 5730 requiescant.

463 5739 571 5795 Sed
600 5755 696 5789 nos
725 5755 857 5801 pene
889 5755 1249 5801 immemores,
1279 5758 1295 5784 ι
1339 5749 1447 5788 etc.
1803 5799 1822 5801 ᾖ
1861 5781 1866 5787 .

534 5810 646 5880 ttib')
672 5799 1040 5862 Generationes
1082 5824 1212 5875 quas
1241 5799 1400 5858 't-elut
1444 5805 1736 5856 mansiones
1786 5799 2026 5853 Christus

1989 5100 2031 5133 ⁸¹
2069 5099 2227 5154 Num.
2275 5115 2469 5161 xxxiii,
2515 5099 2566 5152 I.

1710 5174 1755 5204 ⁸⁸
1779 5174 1924 5227 Psal.
1957 5186 2080 5231 cxv,
2111 5173 2162 5224 Ἰ.

2141 4588 2386 4658 requiem
2419 4604 2597 4655 suam,
2629 4588 2680 4641 id
2707 4598 2788 4642 est
2824 4589 2891 4642 ad
2920 4587 3148 4657 patriam
3179 4603 3333 4641 suam
3362 4587 3705 4656 paradisum:

2140 4681 2282 4751 quod
2329 4682 2428 4735 sub
2479 4682 2742 4751 mysterio
2787 4681 3005 4735 intuens
3057 4679 3327 4749 Propheta
3376 4680 3593 4734 dicebat
3622 4679 3712 4727 ⁸⁶τ

2145 4791 2164 4825 ι
2186 4771 2727 4835 Convertere,anima
2747 4787 2884 4834 mea,
2907 4773 2956 4825 in
2988 4771 3228 4840 requiem
3262 4780 3432 4834 tuam,
3460 4771 3582 4839 quia
3611 4771 3714 4822 Do-

2143 4865 2320 4920 minus
2348 4863 2618 4920 benefecit
2641 4865 2759 4918 tibi.
2787 4883 2806 4916 ι
2845 4863 2951 4917 Sed
2996 4863 3213 4918 interim
3251 4863 3629 4932 peregrinatur
3659 4873 3716 4914 ct

2143 4958 2252 5029 agit
2275 4958 2376 5010 iter
2401 4967 2454 5010 et
2479 4957 2695 5009 (:OnIicit
2741 4955 3071 5017 mansiones,
3105 4952 3354 5007 utilitatis
3383 4954 3502 5007 sine
3546 4953 3711 5004 dubio

2640 5097 2686 5128 “
2713 5097 2906 5166 Ephes.
2955 5112 3024 5157 tv,
3065 5093 3170 5148 I0:
3227 5095 3271 5126 ⁸⁸
3300 5093 3439 5148 Psal.
3488 5109 3623 5154 xui,
3655 5094 3711 5146 5.

2143 5306 2264 5376 fecit
2290 5305 2602 5376 descendens
2623 5304 2690 5376 in
2735 5299 3045 5376 (Egyplutn,
3091 5299 3180 5353 Sic
3224 5298 3386 5376 habet
3411 5294 3583 5376 codex
3609 5294 3708 5347 ah-

2142 5365 2300 5431 batiae
2364 5375 2548 5428 Sancti
2622 5365 2904 5426 Tcotloi‘ici
2970 5371 3313 5426 Ilhemensis.
3363 5365 3513 5420 Libri
3585 5379 3713 5417 vero

2138 5457 2296 5500 antea
2318 5446 2469 5506 editi,
2495 5464 2513 5494 ι
2537 5442 2950 5513 generationum
2978 5441 3284 5494 mansiones
3308 5454 3444 5506 quas
3465 5436 3716 5490 Christus

2139 5517 2268 5570 fecit
2293 5512 2595 5568 ascendens
2628 5515 2677 5566 in
2708 5512 3020 5581 Egyptum.
3054 5529 3096 5582 ιΔ
3335 5577 3345 5582 Α
3661 5571 3673 5582 .

2208 5585 2321 5656 (67)
2351 5585 2535 5638 Codex‘
2561 5583 2746 5636 Sancti
2781 5577 3098 5635 iI‘l‘ieodorici
3120 5597 3133 5632 :
3157 5595 3174 5628 ι
3201 5577 3375 5646 pergit
3403 5577 3714 5656 necessario

2136 5647 2234 5726 per
2260 5647 2521 5724 quasdam
2552 5656 2689 5726 vias,
2739 5663 2794 5706 et
2850 5658 3026 5726 certas
3070 5661 3332 5726 quasque,
3363 5647 3712 5726 ntgdix‘i‘mns.

2138 5713 2441 5794 conspiciet
2485 5713 2814 5777 mansiones.
2844 5713 3104 5794 Quarum:
3121 5713 3308 5794 credo,
3339 5734 3357 5766 ι
3392 5724 3495 5794 etet
3529 5713 3711 5794 Codex

2141 5785 2487 5853 Ehroicensis
2509 5808 2607 5863 pro
2639 5810 2657 5844 ι
2683 5785 3007 5860 εοιιερῐρὶθι,
3034 5807 3053 5840 ι
3090 5788 3279 5854 habet,
3311 5805 3329 5837 ‹
3355 5785 3598 5841 coniicit.
3618 5801 3636 5834 ι
