4104 6226
443 284 551 341 785

1573 282 1639 336 lN
1675 278 2005 335 NUMEBOS
2041 280 2319 335 llOlllLlA
2362 282 2573 338 XXVII.

3574 290 3702 346 ’786

450 406 684 475 alicujus
712 420 880 462 causa
924 420 1019 476 per
1058 406 1170 460 lucc
1201 404 1290 459 Dei
1324 405 1777 474 promissionibus
1807 406 2022 473 dispcn-
2048 410 2098 467 Α
2128 405 2365 477 Moysen,
2392 416 2446 459 et
2469 406 2582 473 ipse
2608 406 2749 459 enim
2775 405 3005 475 quoiret
3029 405 3346 475 ignorabat;
3373 410 3467 463 sed
3494 411 3705 466 colum-

449 509 589 565 sata,
616 498 760 553 sicut
807 507 862 552 et
912 499 1140 566 quodam
1174 497 1294 551 loco
1334 497 1524 552 dicit“
1557 516 1571 552 :
1606 516 1624 549 ι
1656 495 1835 551 Alllixi
1873 508 1942 558 te,
1972 507 2027 551 et

450 590 627 646 cibavi
662 597 715 645 te
743 604 944 644 manna
976 592 1027 643 in
1062 590 1297 657 deserto,
1333 589 1474 659 quod
1506 590 1814 645 nescierunt
1840 599 2024 659 patres

451 683 553 746 tui,
587 688 649 736 ut
680 681 1091 750 dignosceretur
1125 681 1253 751 quid
1302 690 1385 743 est
1439 681 1492 735 in
1527 683 1688 736 corde
1721 692 1831 735 tuo.
1856 701 1872 733 ι
1906 681 2026 735 Ista:

447 791 579 845 ergo
610 776 920 830 mansiones
947 785 1094 841 sunt,
1127 776 1323 844 quibus
1351 776 1457 831 iter
1487 791 1518 831 e
1562 780 1722 831 terris
1754 777 1932 847 agitur
1958 778 2024 831 ad

449 864 751 920 i'telum.Et
772 866 894 935 quis
933 867 1003 920 ita
1038 867 1317 921 invenitur
1349 866 1599 931 idoneus,
1631 876 1685 921 et
1714 868 2022 923 divinorum

451 957 699 1011 (OnSCiUS
750 967 1111 1023 secretorum,
1162 959 1256 1028 qui
1292 960 1465 1027 possit
1518 958 1729 1014 itineris
1770 960 1925 1015 istius
1969 967 2022 1011 et

450 1049 783 1106 ascensionis
817 1050 1012 1103 anima:
1043 1052 1351 1106 describere
1389 1053 1713 1114 mansiones,
1745 1062 1799 1106 et
1833 1055 2016 1107 unius-

448 1145 711 1215 cujusque
762 1146 867 1200 loci
924 1145 1006 1199 vel
1054 1144 1266 1199 labores
1316 1146 1592 1216 caplieare
1637 1146 1719 1199 vel
1772 1148 2021 1214 requies?

445 1238 727 1304 Quomodo
754 1237 897 1292 enim
926 1247 1148 1292 enarret
1177 1238 1316 1306 quod
1352 1247 1471 1305 post
1492 1237 1721 1306 primam
1746 1249 1797 1291 et
1818 1254 2018 1293 secun—

445 1332 566 1383 dam
606 1340 661 1384 et
695 1332 908 1386 tertiam
944 1332 1280 1386 mansionem
1320 1331 1432 1402 (68)
1475 1333 1798 1401 insequatur
1843 1336 2019 1389 adhuc

443 1421 675 1490 Pharao,
727 1422 1089 1494 insequantur
1139 1423 1404 1495 Egyptii,
1447 1434 1500 1478 et
1555 1425 1681 1478 licet
1722 1440 1827 1479 non
1867 1442 2017 1480 com-

444 1516 813 1583 prehendunt,
866 1526 1047 1574 tamen
1095 1519 1450 1580 insecteutur,
1485 1529 1538 1572 et
1574 1518 1700 1576 licet
1747 1520 2014 1575 submersi

438 1609 573 1672 sint,
619 1618 798 1664 tamen
832 1611 1062 1664 insecuti
1096 1610 1244 1664 sint?
1292 1609 1574 1677 Quomodo
1604 1612 1848 1667 enuntiet
1872 1615 2013 1681 quod

440 1701 625 1755 salvus
658 1701 887 1755 effectus
910 1700 1005 1756 Dei
1038 1702 1289 1773 populus,
1322 1712 1444 1773 post
1473 1703 1676 1773 aliquot
1706 1706 2011 1759 mansiones

440 1793 673 1856 primum
725 1792 1029 1845 cantavcrit
1066 1793 1338 1848 canticum
1384 1794 1697 1849 dicens'Ou
1723 1794 2017 1851 Cantemus

443 1883 693 1947 Domino,
728 1882 962 1954 gloriose
983 1884 1125 1939 enim
1154 1885 2012 1957 honoriﬁcatus(69)est,equum

442 1982 496 2023 et
549 1986 898 2028 ascensorem
952 1973 1178 2044 projecit
1230 1975 1282 2028 in
1337 1977 1562 2031 mare?»
1611 1976 1716 2032 Sed
1776 1980 1907 2048 haec,
1960 1990 2016 2034 ut

443 2062 578 2127 dixi,
612 2064 701 2135 qui
733 2078 829 2133 per
860 2064 1097 2135 singulas
1128 2067 1439 2122 mansiones
1470 2070 1668 2123 audeat
1701 2071 1933 2137 aperire,
1961 2081 2013 2126 et

440 2168 538 2218 pro
587 2154 1050 2224 contemplatione
1109 2158 1389 2212 nominum
1450 2160 1742 2229 qualitates
1801 2177 2015 2231 quoque

436 2241 716 2311 conjicere
750 2245 1115 2310 mansionum,
1145 2248 1330 2303 nescio
1361 2250 1405 2303 si
1436 2258 1529 2303 aut
1559 2266 1749 2306 sensus
1780 2253 2024 2310 dicentis-

436 2332 505 2384 ad
536 2334 915 2404 mysteriorum
947 2337 1158 2407 pondus
1187 2338 1439 2405 suiﬁciat,
1468 2349 1560 2394 aut
1588 2344 1803 2398 auditus
1834 2347 2013 2415 capiat

440 2424 805 2479 audientium.
838 2428 1116 2494 Quomodo
1145 2430 1286 2484 enim
1322 2432 1406 2486 vel
1442 2448 1702 2490 occursus
1742 2436 1866 2491 belli
1913 2454 2015 2493 exi-

440 2514 671 2584 plieetur
710 2516 1156 2583 Amalccitarum,
1195 2522 1274 2575 vel
1314 2523 1542 2579 diversae
1572 2528 1919 2593 tentationes,
1956 2540 2011 2585 et

439 2606 515 2660 illi
550 2610 821 2676 quomodo
868 2624 1214 2677 enarrentur,
1251 2629 1478 2683 quorum
1516 2626 1665 2671 artus
1694 2620 2011 2676 ceciderunt

441 2695 492 2747 in
524 2696 760 2763 deserto,
797 2707 849 2753 et
875 2701 1018 2769 quod
1044 2704 1268 2757 omnino
1301 2719 1407 2759 non
1446 2705 1537 2759 lilii
1576 2707 1756 2773 Israel,
1789 2712 1881 2763 sed
1914 2711 2006 2765 ﬁlii

437 2787 667 2841 ﬁliorum
694 2789 881 2854 lsrael,
909 2791 975 2845 ad
1007 2804 1205 2848 terrain
1237 2804 1481 2850 sanctam
1515 2801 1796 2867 pervenire
1822 2811 2009 2869 potuc-

435 2886 583 2940 runt,
617 2886 671 2931 et
714 2881 892 2935 omnis
928 2881 1015 2937 ille
1068 2894 1225 2937 vetus
1270 2886 1497 2955 populus
1543 2890 1761 2953 cecidit,
1813 2892 2007 2959 quibus

433 2971 777 3024 ci;=m'ersatio
828 2979 882 3026 et
918 2973 1184 3028 habitatio
1213 2975 1391 3030 fuerat
1435 2992 1554 3031 cum
1591 2978 1884 3051 Egyptiis,
1912 2999 2005 3037 so-

434 3054 516 3109 lus
550 3069 731 3114 autem
765 3076 936 3116 novus
969 3065 1216 3131 pervenit
1250 3066 1317 3118 ad
1351 3082 1573 3135 regnum
1600 3071 1688 3138 qui
1721 3071 2004 3141 ignorabat
2032 3096 2076 3157 ρ

435 3146 740 3219 Αῐεγριίος,
774 3154 1015 3224 exceptis
1044 3155 1416 3212 sacerdotibus
1444 3167 1496 3212 et
1526 3159 1765 3215 Levitis?
1802 3162 1856 3215 Si
1884 3164 2005 3231 quis

432 3240 578 3293 enim
618 3244 860 3309 potuerit
907 3259 966 3299 se
1003 3247 1054 3299 in
1093 3249 1438 3301 sacerdotum
1480 3258 1533 3302 et
1570 3250 1877 3307 Levitarum
1910 3272 2003 3311 or-

438 3328 562 3380 diue
594 3330 881 3395 collocare,
918 3333 962 3385 si
1001 3334 1123 3401 quis
1158 3338 1393 3403 potuerit
1426 3354 1530 3391 non
1566 3341 1767 3395 habere
1794 3345 2003 3411 portio-

430 3435 557 3473 nem
588 3421 639 3475 in
678 3425 835 3477 terris
870 3424 1053 3490 ullam,
1091 3429 1193 3480 nisi
1228 3429 1398 3482 solum
1434 3430 1738 3497 Dominum,
1772 3438 1871 3489 iste
1896 3453 2001 3491 non

429 3512 592 3566 cadet
632 3512 683 3565 in
724 3513 963 3578 deserto,
996 3516 1088 3571 sed
1140 3518 1415 3585 perveniet
1459 3522 1524 3572 ad
1575 3530 1777 3576 terram
1819 3540 2006 3595 repro-

436 3604 732 3659 missionis.
776 3604 928 3659 Unde
958 3616 1012 3659 et
1046 3617 1095 3660 tu
1124 3609 1169 3661 si
1204 3610 1282 3661 vis
1310 3625 1412 3662 non
1446 3613 1641 3665 cadere
1674 3614 1724 3666 in
1760 3616 1999 3679 deserto,

431 3696 525 3748 sed
579 3697 868 3764 pervenire
916 3697 981 3749 ad
1035 3706 1233 3751 terram
1281 3701 1717 3768 repromissionis
1763 3716 2000 3773 patrum,

431 3795 633 3840 sortem
672 3798 815 3839 tuam
855 3804 960 3842 non
992 3789 1192 3843 habeas
1225 3791 1275 3843 in
1316 3800 1461 3844 terra
1507 3793 1641 3863 (70),
1677 3812 1775 3851 nec
1801 3799 1872 3851 sit
1906 3800 1997 3853 tibi

430 3876 633 3943 aliquid
663 3891 952 3949 commune
998 3894 1123 3932 cum
1171 3890 1337 3933 terra.
1370 3882 1554 3937 Portio
1588 3896 1674 3939 tua
1714 3889 1785 3943 sit
1820 3891 2000 3945 Domi-

429 3980 531 4019 nus
564 3966 734 4030 solus,
761 3976 815 4020 et
847 3983 1118 4036 nunquam
1151 3971 1332 4027 cades.
1375 3974 1568 4043 Agitur
1593 3992 1719 4047 ergo
1751 3984 1999 4041 ascensio

426 4060 491 4110 de
520 4056 758 4128 Egypto
787 4058 851 4112 ad
884 4066 1080 4114 terram
1111 4063 1573 4129 repromissionis,
1606 4083 1701 4135 per
1722 4087 1904 4139 quam,
1939 4085 2000 4129 ut

427 4148 561 4213 dixi,
611 4148 854 4220 mysticis
888 4149 1346 4219 descriptionibus
1380 4155 1673 4212 edoeemur
1707 4177 1995 4217 ascensum

426 4242 618 4295 animae
643 4243 708 4295 ad
736 4242 934 4295 coelum
960 4250 1014 4297 et
1032 4246 1450 4303 resurrectionis
1471 4263 1534 4303 ex
1562 4254 1794 4309 mortuis
1813 4271 1999 4311 sacra-

428 4342 663 4385 mentum
700 4332 834 4404 (71).

2043 1744 2086 1799 Β

2131 516 2252 551 nam
2282 499 2419 567 ignis
2465 507 2516 550 et
2548 499 2783 561 nubem;
2833 496 3028 551 Filium
3056 498 3266 552 scilicet
3298 500 3412 563 Dei,
3444 513 3498 554 et
3529 501 3703 569 Spiri-

2130 599 2239 642 tum
2266 601 2533 653 sanctum,
2564 589 2702 644 sicut
2728 599 2781 644 et
2808 591 2857 645 in
2885 590 2990 645 alio
3020 591 3139 644 loco
3163 590 3428 660 Propheta
3454 594 3584 647 dicit
3608 594 3655 629 ⁸9
3681 612 3698 650 :

2133 699 2149 730 ι
2179 681 2292 749 Ipse
2328 682 2585 736 Dominus
2630 683 2860 737 ducebat
2900 698 3052 737 eos.»
3098 680 3242 736 Talis
3277 698 3405 750 ergo
3452 687 3541 739 ﬁet
3571 687 3701 741 bea-

2128 783 2193 826 ta:
2235 773 2429 826 animae
2475 788 2756 840 ascensus,
2804 789 2925 827 cum
2966 776 3234 830 submersi
3278 775 3476 831 fuerint
3511 794 3698 831 ouines

2124 866 2362 937 Aigyptii
2389 877 2442 921 et
2465 868 2801 932 Amalecita‘,
2846 878 3009 938 atque
3033 870 3270 924 universi
3299 871 3387 940 qui
3418 871 3695 941 impugna-

2123 970 2312 1013 verant
2363 976 2478 1012 eam
2530 978 2544 1014 :
2586 972 2641 1016 et
2685 977 2784 1029 per
2825 962 3068 1031 singulas
3116 978 3360 1033 quasque
3389 965 3698 1032 digrediens

2124 1051 2454 1115 mansiones,
2504 1050 2623 1105 illas
2660 1050 2869 1105 scilicet
2914 1050 3111 1105 multas
3154 1067 3275 1121 quae
3298 1054 3553 1108 dicuntur
3577 1070 3698 1110 esse

2121 1141 2260 1212 apud
2302 1141 2539 1207 Patrem,
2570 1141 2904 1195 illurnina-tur
2944 1142 3175 1212 amplius
3213 1144 3323 1215 (72)
3370 1160 3433 1199 ex
3482 1161 3589 1199 una
3628 1148 3693 1200 ad

2121 1234 2281 1286 aliam
2311 1233 2551 1297 veniens,
2605 1234 2809 1298 umjora
2856 1248 3070 1301 semper
3113 1234 3519 1290 illurninationis
3561 1252 3695 1307 aug~

2120 1334 2299 1378 menta
2344 1327 2638 1394 conquirit,
2690 1340 2967 1394 usquequo
3015 1337 3227 1380 assueta
3277 1328 3541 1397 sitipsius
3580 1329 3690 1381 veri

2120 1418 2339 1473 luminis
2362 1419 2504 1489 quod
2553 1418 2825 1472 illuminat
2869 1432 3081 1472 onmem
3116 1420 3410 1483 hominem,
3443 1421 3693 1474 intuitum

2116 1511 2247 1580 pati,
2291 1521 2345 1565 et
2371 1510 2521 1565 mira:
2549 1511 2851 1578 majestatis
2892 1511 3039 1567 ferre
3068 1513 3350 1583 fulgorem.
3397 1516 3450 1568 Si
3480 1530 3603 1569 vero
3628 1517 3694 1571 ad

2116 1604 2431 1668 secundam,
2477 1604 2542 1657 de
2582 1619 2685 1672 qua
2730 1605 2982 1673 superius
3010 1607 3449 1671 memoravimus,
3475 1608 3693 1674 exposi-

2116 1696 2312 1750 tionem
2336 1697 2636 1760 redeamus,
2655 1706 2709 1751 et
2729 1696 2920 1750 animae
2943 1696 2995 1750 in
3015 1698 3114 1751 hac
3134 1698 3237 1750 vita
3263 1698 3447 1768 posita-
3466 1714 3561 1767 per
3582 1701 3693 1755 ha‘c

2114 1786 2296 1841 doceri
2328 1785 2693 1854 intelligamus
2720 1786 3017 1857 profectus,
3047 1804 3165 1857 quae
3187 1804 3445 1844 conversa
3472 1790 3538 1843 de
3558 1805 3691 1858 gen-

2117 1877 2196 1932 tili
2226 1878 2353 1943 vita,
2384 1894 2485 1931 nou
2530 1888 2637 1931 tam
2663 1879 2881 1947 Moysen
2914 1895 3077 1948 quam
3116 1881 3288 1951 legem
3317 1884 3433 1947 Dei,
3464 1899 3561 1938 nec
3583 1886 3691 1935 Aa-

2116 1983 2234 2033 ron,
2283 1969 2374 2021 sed
2420 1969 2755 2023 sacerdotem
2808 1969 2957 2022 illum
3006 1971 3097 2039 qui
3145 1980 3426 2039 permanet
3451 1973 3501 2025 in
3530 1982 3690 2026 mter-

2116 2077 2242 2113 num
2286 2060 2569 2129 sequitur;
2612 2070 2900 2130 antequam
2947 2064 3011 2115 ad
3060 2065 3357 2131 perlectum
3397 2066 3594 2127 veniat,
3634 2067 3687 2119 in

2114 2168 2294 2206 eremo
2323 2152 2561 2216 habitat;
2607 2154 2695 2207 ubi
2724 2155 2929 2208 scilicet
2977 2165 3299 2209 exerceatur
3328 2157 3377 2209 in
3407 2159 3688 2225 prreceptis

2116 2237 2349 2304 Domini,
2395 2248 2450 2291 et
2477 2239 2565 2292 ubi
2594 2240 2726 2294 tides
2768 2241 2884 2309 ejus
2934 2256 3030 2309 per
3059 2243 3381 2297 tentationes
3407 2244 3683 2312 probetur.

2117 2330 2215 2386 Ubi
2244 2345 2365 2385 cum
2392 2330 2586 2384 vicerit
2628 2347 2787 2383 unam
2831 2332 3200 2396 irritationem,
3246 2344 3299 2387 et
3327 2334 3459 2390 ﬁdes
3482 2335 3597 2402 ejus
3630 2339 3681 2390 in

2110 2436 2172 2475 ea
2219 2420 2379 2474 fuerit
2408 2422 2658 2488 probata,
2689 2422 2811 2475 inde
2860 2423 3005 2475 venit
3034 2424 3097 2476 ad
3126 2423 3310 2488 aliam,
3358 2434 3412 2478 et
3438 2426 3588 2493 quasi
3616 2426 3685 2481 de

2113 2529 2216 2566 nua
2249 2514 2530 2568 mansione
2575 2514 2643 2567 ad
2689 2513 2914 2568 alteram
2946 2516 3159 2578 transit,
3213 2524 3267 2570 et
3302 2515 3374 2571 ibi
3399 2531 3521 2570 cum
3547 2516 3685 2570 obti-

2110 2606 2289 2659 nuerit
2316 2622 2436 2673 qua)
2482 2606 2798 2669 acciderint,
2844 2616 2892 2659 et
2922 2606 3153 2659 ﬁdeliter
3181 2606 3387 2674 tulerit,
3414 2607 3588 2677 pergit
3617 2607 3682 2661 ad

2108 2696 2308 2763 aliam;
2344 2709 2397 2752 et
2449 2699 2523 2753 ita
2571 2715 2667 2768 per
2697 2698 2904 2768 singula
2936 2713 3164 2767 quaeque
3205 2708 3533 2754 tentamenta
3562 2699 3682 2752 vitae

2108 2808 2171 2846 ac
2223 2792 2345 2845 ﬁdei
2403 2800 2707 2859 prosecuta,
2746 2790 3053 2845 mansiones
3098 2791 3297 2846 habere
3350 2792 3549 2847 dicitur
3582 2810 3595 2847 :
3628 2794 3679 2846 in

2107 2885 2302 2954 quibus
2335 2900 2429 2953 per
2461 2885 2669 2954 singula
2704 2886 2961 2938 virtutum
2992 2895 3310 2953 qumruntur
3338 2893 3623 2954 augmenta
3663 2902 3679 2938 :

2107 2988 2161 3032 et
2189 2977 2441 3046 impletur
2468 2977 2520 3029 in
2552 2978 2618 3031 iis
2644 2976 2771 3029 illud
2804 2977 2945 3046 quod
2972 2978 3230 3045 scriptum
3260 2986 3343 3031 est
3364 2977 3409 3009 ⁹⁰
3439 2994 3453 3029 2
3482 2996 3500 3028 ‹
3528 2977 3681 3031 Ibunt

2109 3073 2173 3124 de
2204 3069 2408 3122 virtute
2459 3069 2510 3121 iu
2546 3070 2822 3135 virtutem,
2854 3087 2872 3120 ι
2909 3084 3188 3139 usquequo
3236 3069 3585 3137 perveniatur
3612 3070 3678 3124 ad

2110 3161 2373 3223 ultimum,
2427 3160 2534 3212 imo
2578 3160 2641 3210 ad
2702 3174 2970 3213 summum
3022 3159 3245 3227 gradum
3291 3160 3571 3226 virtutum,
3626 3170 3682 3213 et

2111 3262 2416 3304 transeatur
2440 3250 2635 3302 flumen
2674 3249 2788 3313 Dei,
2828 3265 2887 3302 ac
2918 3250 3183 3318 promissa
3219 3250 3542 3319 suscipiatur
3570 3251 3679 3304 ha:-

2111 3343 2332 3396 reditas.

2178 3431 2231 3483 6.
2279 3429 2486 3498 Duplici
2555 3429 2720 3497 igitur
2784 3431 3121 3496 expositione
3168 3442 3402 3497 utentes,
3460 3449 3674 3489 omnem

2108 3524 2250 3576 hunc
2295 3522 2384 3588 qui
2434 3520 2697 3574 rer-italus
2728 3530 2810 3574 est
2855 3522 3198 3576 considerare
3235 3524 3492 3579 debemus
3526 3526 3674 3580 ordi-

2108 3630 2229 3667 nem
2281 3615 2647 3675 mansionum,
2702 3624 2757 3668 ut
2803 3630 2865 3667 ex
2896 3623 3124 3683 utroque
3147 3618 3217 3669 sit
3244 3619 3436 3672 animae
3475 3629 3674 3675 nostra!

2105 3704 2400 3771 profectus,
2433 3705 2845 3773 agnoscentibus
2868 3721 2933 3761 ex
2966 3706 3031 3759 iis
3053 3706 3135 3759 vel
3160 3708 3272 3762 haec
3298 3709 3428 3774 vita,
3458 3725 3578 3779 qua“:
3607 3727 3671 3765 ex

2103 3796 2461 3850 conversione
2509 3796 2715 3851 erroris
2763 3796 2933 3864 legem
2984 3798 3073 3851 Dei
3123 3800 3392 3867 sequitur,
3439 3802 3673 3868 qualiter

2104 3888 2187 3956 agi
2238 3887 2453 3950 debeat,
2505 3886 2586 3940 vel
2638 3885 2832 3939 futura:
2878 3887 2987 3954 spei
3038 3902 3157 3954 qua:
3180 3904 3244 3941 ex
3276 3890 3673 3943 resurrectione

2102 3978 2458 4047 promittitur,
2497 3987 2697 4044 quanta
2743 3978 2814 4030 sit
2853 3978 3201 4044 exspectatio.
3245 3977 3337 4032 Sic
3366 3979 3509 4033 enim
3542 3989 3672 4049 puto

2101 4070 2240 4138 quod
2272 4070 2336 4121 iis
2358 4084 2478 4137 quire
2508 4068 2777 4138 leguntur,
2815 4069 2972 4137 digna
3000 4070 3171 4123 sancti
3196 4070 3443 4139 Spiritus
3462 4070 3673 4140 legibus

2101 4159 2451 4229 intelligentia
2484 4162 2762 4213 doceatur.
2806 4157 2940 4212 Nam
2970 4162 3110 4214 scire
3138 4160 3192 4213 in
3221 4161 3435 4215 deserto
3461 4161 3553 4216 illo
3575 4165 3668 4234 qui

2072 4244 2274 4308 dictus
2307 4254 2374 4307 sit
2407 4252 2555 4307 locus
2594 4253 2704 4317 ille,
2741 4254 2851 4316 ubi,
2892 4254 3039 4308 verbi
3068 4255 3263 4324 gratia,
3294 4255 3671 4324 applicuerunt

2103 4359 2228 4398 Iiiuc
2266 4354 2617 4399 transeuntes
2642 4344 2734 4398 ﬁlii
2768 4344 2951 4409 Israel,
2988 4347 3113 4415 quid
3156 4347 3286 4400 mihi
3311 4347 3561 4404 utilitatis
3589 4343 3672 4398 al-

496 4423 655 4493 377
684 4423 737 4477 5-
764 4423 1047 4480 Ponunlu"
1069 4436 1250 4482 ειυῐθηὶ
1278 4439 1331 4483 ει
1358 4432 1572 4486 nomina
1604 4437 1994 4494 mansionibus.
2031 4428 2072 4480 Ι)
2106 4435 2228 4498 fert,
2257 4446 2348 4489 aut
2375 4437 2501 4504 quid
2532 4436 2835 4504 legentibus
2864 4453 2929 4490 ex
2966 4437 3066 4490 hoc
3093 4437 3387 4505 profectus,
3415 4446 3468 4493 et
3493 4438 3664 4507 legem

426 4512 609 4581 Neque
641 4514 783 4568 enim
828 4517 1154 4572 conveniens
1183 4519 1485 4586 videbatur,
1533 4533 1592 4575 ut
1635 4526 1814 4581 omnis
1842 4528 1998 4585 locus

423 4605 516 4673 qui
545 4606 645 4659 sub
669 4605 829 4673 caelo,
854 4607 969 4661 sive
992 4610 1279 4679 montium,
1310 4613 1422 4666 sive
1445 4612 1695 4683 collium,
1718 4618 1828 4672 sive
1853 4635 1996 4674 eam-

425 4711 613 4765 porum
660 4699 971 4753 nominibus
999 4708 1243 4756 uteretur
1273 4721 1287 4757 :
1336 4702 1426 4757 illa
1452 4707 1584 4760 vero
1610 4710 1857 4765 ascensio
1886 4712 2003 4781 qua.

423 4792 601 4844 anima
630 4792 878 4847 ascendit
901 4792 967 4846 ad
999 4808 1222 4862 regnum
1252 4794 1367 4863 Dei,
1402 4799 1739 4853 mansionum
1767 4818 1989 4858 suarum

421 4882 637 4933 nomina
666 4897 770 4937 non
802 4882 1045 4938 haberet.
1072 4884 1240 4940 liabet
1266 4887 1483 4941 nomina
1511 4890 1848 4945 inansionum
1877 4908 1995 4964 my-

419 4974 571 5029 sticis
595 4983 776 5043 aptata
803 4976 1102 5042 vocabulis,
1134 4977 1295 5033 habet
1319 4988 1373 5034 et
1410 4980 1765 5036 deducentem
1794 4998 1852 5037 se
1882 4999 1988 5038 non

2107 4526 2196 4578 Dei
2242 4526 2326 4578 die
2365 4541 2429 4579 ac
2459 4536 2619 4580 nocte
2646 4527 3027 4581 meditantibus
3055 4526 3405 4582 conferatur?
3432 4529 3666 4582 maxime

2102 4631 2221 4669 cum
2250 4616 2529 4671 videamus
2568 4626 2768 4671 tantam
2806 4618 2969 4673 fuisse
2998 4634 3182 4672 curam
3210 4620 3434 4673 Domino
3457 4622 3522 4674 de
3546 4622 3664 4674 istis

2100 4706 2475 4761 mansionibus
2501 4709 2917 4776 perscribendis,
2966 4719 3021 4762 ut
3044 4711 3336 4777 descriptio
3361 4726 3547 4764 carum
3574 4728 3661 4765 se-

2100 4798 2275 4853 cundo
2313 4799 2421 4866 jam
2473 4800 2588 4853 loco
2616 4801 2809 4854 divinis
2844 4802 3053 4870 legibus
3088 4802 3380 4854 inderetur.
3417 4801 3663 4857 Comme-

2098 4900 2305 4945 morata
2356 4900 2476 4944 sunt
2519 4892 2663 4943 enim
2713 4892 2924 4946 nomina
2977 4891 3096 4951 ista,
3145 4889 3267 4944 licet
3308 4891 3359 4943 in
3387 4891 3660 4944 nonnullis

2098 4984 2398 5051 immutata,
2446 4986 2555 5055 jam
2587 4996 2712 5040 tunc
2752 5003 2873 5039 cum
2910 5001 3005 5052 per
3031 4985 3144 5038 loca
3174 4986 3384 5055 singula
3417 4986 3660 5041 elevasso

487 5117 531 5149 ⁸⁷
567 5116 720 5170 Deut.
756 5134 876 5182 vm,
903 5119 956 5173 2.
996 5121 1049 5174 5.
1122 5120 1168 5155 ⁸³
1200 5121 1368 5175 Exod.
1397 5140 1485 5188 xv,
1519 5125 1567 5179 l.
1646 5124 1690 5155 ⁸⁸
1712 5124 1852 5182 Psal.
1876 5094 2082 5191 vavri,
2112 5124 2199 5177 l4.
2277 5125 2321 5152 ³ο
2348 5122 2482 5177 Psal.
2513 5139 2730 5186 Lxxxtv,
2761 5124 2813 5176 '7.

490 5252 603 5317 (68)
634 5254 824 5329 _Coilcx
874 5256 1260 5329 Ebroicensis,
1308 5279 1325 5309 ι
1352 5260 1519 5329 prima
1544 5301 1557 5325 ,
1603 5270 1657 5315 et
1704 5267 1936 5317 secunda
1962 5304 1978 5328 ,

416 5334 469 5373 et
526 5326 707 5401 tertia_
739 5326 1042 5383 mansione.
1070 5344 1088 5376 ι
1154 5326 1565 5401 (ἶριίρίδοιιυῑί
1617 5326 1977 5401 Theoderici,

424 5400 584 5458 «post
629 5395 885 5459 primam,
930 5404 983 5448 et
1028 5398 1343 5462 secundum,
1391 5410 1445 5451 et
1492 5402 1703 5452 tertiam
1745 5395 1983 5455 mansio?

420 5476 608 5537 neglig
654 5462 709 5537 in
764 5463 914 5537 libris
968 5477 1123 5537 antea
1170 5467 1330 5521 editis
1360 5469 1715 5537 desideratur
1751 5490 1769 5521 r
1799 5482 1935 5537 post.
1962 5492 1978 5523 ι

489 5530 605 5599 (69)
653 5530 779 5586 Mss.
825 5551 842 5583 ι
868 5535 1314 5591 honorilicatus.)
1350 5536 1506 5591 Libb.
1545 5539 1695 5606 editi,
1740 5558 1758 5591 ι
1785 5530 1984 5611 gloriﬁ-

417 5611 593 5656 catus,
623 5618 640 5649 ι

490 5669 601 5737 (70)
631 5669 813 5726 Codex
856 5670 912 5729 S.
962 5670 1283 5729 Theodorici
1329 5674 1498 5731 Solum
1549 5677 1728 5747 habet,
1765 5698 1781 5729 ι
1811 5680 1861 5734 in
1896 5681 1986 5735 ilc-

2098 5272 2263 5314 serto.
2298 5262 2352 5315 Si
2390 5261 2673 5334 pervenire
2704 5262 2794 5334 ‘vis
2834 5261 2897 5334 ad
2945 5265 3395 5330 repromissiones
3420 5270 3653 5334 patrum,

2090 5340 2293 5385 sortem
2320 5340 2463 5381 tuam
2494 5347 2598 5382 non
2629 5331 2828 5383 habens
2861 5331 2910 5382 in
2953 5342 3115 5384 terra.
3143 5353 3160 5383 ι

2161 5399 2272 5460 (7|)
2315 5397 2381 5450 Et
2432 5401 2829 5453 resurrectionis
2874 5418 2937 5453 ex.
2970 5405 3190 5457 mortuis
3242 5412 3650 5457 sacramentum.

2090 5468 2180 5522 Sic
2206 5468 2366 5520 habet
2390 5469 2559 5521 codex
2596 5471 2652 5522 S.
2674 5470 3015 5523 Theudorici.
3052 5472 3193 5525 Libri
3243 5474 3396 5539 editi,
3433 5492 3451 5524 r
3478 5489 3541 5528 ex
3572 5491 3655 5527 re-

2089 5539 2443 5592 surrectionis
2468 5555 2531 5593 ex
2564 5542 2791 5594 mortuis
2821 5555 3179 5597 sacramento.
3206 5562 3224 5593 ι

2162 5608 2272 5684 (72)
2314 5609 2491 5661 Codex
2522 5608 2951 5684 S._]‘heodorici,
2997 5630 3019 5663 ς
3041 5621 3097 5666 ut
3136 5628 3230 5682 per
3265 5612 3506 5684 singulas
3532 5650 3650 5669 ο...

2090 5678 2423 5734 illumiuetur
2462 5679 2708 5748 amplius.
2737 5699 2754 5731 ι
