4104 6226
487 265 592 321 78⁸1

1919 261 2239 317 ιιιιιϐεΝιε

3625 272 3724 329 783

485 378 744 435 dicuntur
769 380 861 434 tllii
891 379 1054 434 Israel
1091 380 1157 434 de
1189 379 1279 435 illo
1316 379 1452 446 loco,
1482 388 1535 434 et
1563 380 1923 450 applicuisse:
1949 382 2042 434 sed
2073 387 2119 442 Α
2148 381 2213 435 ad
2262 388 2465 435 tactum
2506 390 2668 447 atque
2696 380 2977 434 odoratum
3012 392 3340 454 gustumque
3364 387 3603 452 veniunt,
3634 391 3725 443 dc-

486 478 537 525 et
570 486 710 523 nunc
745 469 939 524 iterum
977 485 1071 539 per
1103 471 1321 525 verbum
1354 470 1564 525 Domini
1593 471 1822 526 describi
1851 472 2045 539 juben-

486 572 577 614 tur
604 578 631 613 a
668 561 866 631 Moyse.
912 561 1064 617 Unde
1103 572 1158 616 et
1199 563 1299 617 hoc
1332 564 1501 630 ipsum
1529 564 1669 632 quod
1700 564 1941 617 secundo
1967 576 2050 614 re-

484 654 687 721 petitur
728 654 828 705 ista
860 653 1171 722 descriptio,
1222 655 1356 707 satis
1398 669 1635 723 congrue
1674 654 1805 707 mihi
1838 654 2048 707 videtur

485 744 553 796 ad
609 749 923 812 mysterium
956 744 1314 813 expositionis
1364 742 1522 812 hujus
1567 759 1727 812 quam
1760 743 2045 813 proposui-

481 849 609 890 mus
640 848 656 887 :
693 834 773 888 bis
826 835 967 888 enim
1004 843 1340 904 repetuntur,
1374 845 1430 889 nt
1480 836 1612 889 duas
1640 836 1830 888 anima:
1866 844 2046 888 osten-

468 923 667 977 'dereut
718 924 867 987 vias;
906 940 1063 977 unam
1097 940 1199 993 qua
1232 926 1282 977 in
1312 939 1478 979 carne
1522 926 1690 995 posita
1730 940 1824 993 per
1874 924 2043 994 legem

477 1014 573 1067 Dei
608 1018 659 1067 in
692 1014 983 1068 virtutibus
1012 1024 1325 1079 exercetur,
1358 1025 1409 1068 et
1439 1030 1536 1084 per
1561 1015 1761 1085 gradus
1784 1014 2044 1083 quosdam

479 1100 815 1168 profcctuum
866 1104 1164 1156 ascendens
1220 1103 1413 1173 pergit,
1466 1112 1521 1157 ut
1552 1104 1808 1168 diximus,
1841 1104 1906 1158 de
1937 1104 2042 1156 vir-

477 1198 595 1243 tute
634 1191 685 1243 in
718 1190 996 1255 virtutem,
1031 1200 1085 1244 et
1116 1192 1245 1260 ipsis
1271 1192 1599 1260 profectibus
1624 1193 1776 1261 quasi
1809 1191 2045 1244 mansio-

478 1282 640 1335 nibus
688 1282 891 1346 utitur;
942 1280 1102 1335 aliam
1137 1298 1265 1337 vero
1306 1299 1411 1352 qua
1444 1294 1563 1351 post
1594 1283 2041 1337 resurrectionem

479 1385 771 1425 ascensura
826 1373 893 1426 ad
928 1374 1094 1427 caelos
1124 1390 1226 1427 non
1262 1375 1440 1429 subito
1474 1390 1571 1429 nec
1624 1375 1929 1444 importune
1976 1374 2043 1428 ad

475 1476 687 1514 summa
728 1463 1064 1529 conscendit,
1099 1465 1191 1517 sed
1230 1480 1323 1534 per
1350 1465 1542 1519 multas
1572 1466 1854 1521 deducitur
1887 1482 2043 1519 man-

474 1553 678 1619 siones,
732 1553 784 1607 in
838 1555 1034 1623 quibus
1088 1556 1385 1610 illuminata
1436 1573 1531 1626 per
1561 1558 1801 1627 singulas
1829 1568 2043 1627 etaug-

476 1652 661 1697 mento
707 1658 924 1713 semper
978 1645 1279 1714 splendoris
1327 1657 1575 1717 accepto,
1623 1649 1674 1702 in
1725 1664 2045 1718 unaquaque

477 1737 760 1791 mansione
785 1737 1056 1792 illustrata
1078 1740 1357 1807 sapientia:
1374 1740 1576 1795 lumine
1597 1757 1764 1810 usque
1781 1743 1845 1795 ad
1870 1742 2041 1812 ipsum

474 1826 757 1893 perveniat
791 1828 1053 1882 luminum
1102 1827 1338 1884 Patrem.
1384 1848 1402 1880 ι
1447 1831 1708 1885 Exierunt
1758 1846 1907 1901 ergo,
1958 1833 2043 1888 in-

472 1917 592 1984 quit
630 1917 695 1979 ",
741 1917 831 1971 ﬁlii
856 1918 1019 1974 lsrael
1049 1935 1169 1973 cum
1199 1922 1396 1974 virtute
1428 1938 1545 1975 sua.
1590 1942 1607 1975 ι
1640 1923 1766 1977 Erat
1794 1939 1914 1978 cum
1937 1924 2043 1978 illis

472 2010 647 2063 virtus
682 2010 771 2063 illa
818 2026 938 2080 qua:
986 2012 1199 2066 dixerat
1224 2013 1265 2044 δ’
1304 2031 1317 2066 :
1363 2013 1605 2069 «Tecum
1637 2015 1959 2071 descendam
1991 2016 2042 2070 in

471 2098 803 2169 Aﬂgyptnm;
841 2120 859 2152 ι
890 2111 943 2155 et
978 2102 1102 2170 quia
1138 2111 1253 2156 erat
1282 2118 1399 2158 cum
1433 2106 1535 2159 illis
1564 2106 1665 2160 ista
1701 2107 1893 2170 virtus,
1921 2121 2045 2175 pro-

472 2184 655 2259 pterea
690 2192 824 2246 dicit
852 2191 1126 2262 Pr0pheta
1152 2194 1198 2225 "
1240 2217 1251 2249 :
1294 2213 1311 2247 ι
1336 2195 1401 2249 Et
1432 2212 1536 2251 non
1572 2206 1686 2252 erat
1714 2198 1764 2251 in
1798 2198 2043 2251 tribubus

470 2299 662 2338 eorum
697 2284 1001 2341 inﬁrmans.
1034 2305 1059 2362 ι,
1099 2288 1359 2342 Exierant
1386 2299 1560 2343 autem
1594 2290 1645 2343 in
1678 2305 1837 2343 tnanu
1873 2289 2040 2361 Moysi

471 2382 527 2425 et
551 2372 755 2428 Aaron.
798 2373 880 2428 Ad
907 2376 1210 2429 exeundum
1241 2379 1305 2431 de
1325 2376 1556 2447 Egypto
1580 2395 1684 2433 non
1716 2378 1910 2433 suﬁicit
1937 2397 2042 2435 una

472 2478 668 2518 manus
700 2462 895 2533 Moysi,
929 2467 1193 2533 quaeritur
1238 2476 1291 2520 et
1336 2481 1529 2520 manus
1572 2467 1771 2523 Aaron.
1834 2469 2043 2541 Moyses

471 2552 677 2607 indicat
723 2555 1005 2609 scientiam
1041 2556 1193 2626 legis,
1244 2558 1422 2611 Aaron
1447 2558 1788 2613 sacriﬁcandi
1838 2560 1947 2617 Deo
1986 2572 2041 2617 et

472 2646 787 2702 immolandi
838 2649 1113 2718 peritiam.
1174 2649 1319 2720 Opus
1353 2662 1435 2706 est
1483 2667 1633 2723 ergo,
1675 2662 1732 2707 ut
1783 2663 2040 2709 exeuntes

471 2738 541 2791 de
576 2737 813 2811 Egypto
843 2756 949 2795 non
998 2741 1171 2796 solum
1202 2743 1481 2797 scientiam
1511 2744 1644 2813 legis
1674 2755 1727 2799 ct
1763 2745 1905 2812 ﬁdei,
1946 2747 2038 2800 sed

470 2843 695 2896 operum
723 2828 921 2897 quibus
949 2831 1059 2885 Deo
1081 2830 1317 2899 placetur
1342 2832 1550 2888 fructus
1570 2833 1881 2888 habeamus.
1916 2833 2038 2889 Ideo

469 2920 615 2974 enim
662 2926 717 2975 et
747 2935 938 2974 manus
967 2932 1424 2977 commemoratur
1450 2923 1615 2994 Moysi
1666 2935 1718 2979 et
1745 2925 1939 2993 Aaron,
1979 2937 2037 2980 ut

468 3024 632 3078 opera
689 3027 787 3081 per
835 3030 1025 3069 manus
1073 3014 1355 3086 intelligas.
1396 3016 1606 3070 Etenim
1657 3016 1702 3071 si
1735 3017 1924 3072 exiens
1967 3019 2033 3072 de
2062 3050 2105 3107 ο

468 3101 727 3173 Λῖςγριο,
779 3112 833 3158 et
884 3120 1180 3162 conversus
1228 3108 1293 3160 ad
1326 3107 1491 3162 Deum
1542 3107 1790 3177 abjiciam
1846 3122 2035 3178 super-

468 3194 636 3260 biam,
698 3212 793 3265 per
828 3213 1017 3252 manus
1063 3198 1244 3254 Aaron
1306 3209 1514 3253 taurum
1553 3201 1661 3255 Deo
1711 3199 2034 3255 sacriﬁcavi.

470 3286 527 3339 Si
562 3288 915 3354 petulantiam
954 3289 1340 3358 lasciviamque
1367 3307 1671 3360 peremero,
1702 3291 1908 3345 hircum
1935 3290 2038 3343 Do-

470 3380 618 3434 mino
640 3380 917 3450 jugulasse
965 3396 1051 3435 me
1080 3382 1259 3435 Aaron
1294 3383 1544 3438 manibus
1589 3384 1827 3439 credam.
1872 3383 1929 3439 Si
1967 3384 2035 3438 li-

468 3470 707 3525 bidiuem
748 3471 952 3537 vicero,
1006 3472 1264 3538 vitulum;
1301 3473 1348 3526 si
1385 3474 1690 3539 stultitiam,
1744 3474 2038 3530 ovem'im-

470 3561 704 3616 molasse
738 3560 977 3615 videbor.
1044 3561 1133 3615 Sic
1183 3578 1312 3632 ergo
1362 3577 1483 3617 cum
1520 3565 1711 3617 animae
1754 3566 1878 3618 vitia
1908 3581 2036 3634 pur-

470 3665 690 3723 gantur,
733 3671 925 3713 manus
951 3656 1131 3711 Aaron
1158 3666 1413 3726 operatur
1442 3659 1495 3712 in
1537 3658 1726 3724 nobis;
1763 3668 1819 3715 et
1848 3676 2037 3716 manus

472 3743 639 3814 Moysi
678 3743 956 3800 nobiscum
1007 3756 1110 3813 est,
1140 3761 1259 3800 cum
1293 3746 1360 3800 ad
1406 3747 1520 3801 hmc
1551 3748 1662 3816 ipsa
1694 3749 2035 3820 intelligenda

470 3836 843 3891 illuminamur
866 3855 926 3891 cx
961 3839 1092 3908 lege.
1138 3838 1203 3892 Et
1234 3838 1353 3893 ideo
1378 3848 1605 3908 utraque
1636 3855 1823 3894 manus
1850 3855 2036 3895 neces-

468 3929 610 3981 saria
643 3938 727 3984 est
778 3931 841 3984 de
869 3929 1103 4003 [Egypto
1152 3928 1489 3993 exeuntibus,
1540 3937 1599 3982 ut
1639 3928 1944 3983 inveniatur
1980 3931 2033 3985 in

470 4019 553 4073 eis
581 4037 686 4074 non
716 4020 887 4077 solum
918 4021 1040 4074 ﬁdei
1074 4030 1127 4073 et
1180 4019 1439 4083 scientiae,
1466 4018 1556 4073 sed
1586 4028 1639 4071 et
1671 4028 1884 4072 actuum
1908 4034 2036 4089 0pc-

468 4127 698 4181 rumque
745 4112 1041 4181 perfectio;
1072 4122 1126 4165 et
1172 4119 1351 4164 tamen
1382 4119 1620 4176 utrmque
1664 4110 1744 4163 ha:
1777 4125 1879 4163 non
1913 4120 2034 4166 sunt

468 4206 587 4258 dua:
619 4217 830 4269 manus,
869 4202 963 4257 sed
1016 4216 1143 4259 una.
1184 4201 1239 4256 lu
1270 4215 1433 4255 manu
1479 4200 1620 4255 enim
1661 4199 1826 4271 Moysi
1855 4209 1908 4256 et
1932 4201 2035 4257 Aa-

470 4308 570 4347 ron
599 4292 787 4347 eduxit
831 4306 925 4347 eos
953 4291 1233 4357 Dominus,
1279 4299 1334 4345 et
1366 4305 1470 4345 non
1502 4289 1553 4343 in
1584 4290 1831 4345 manibus
1863 4290 2031 4364 Moysi

2148 471 2429 534 lectamur,
2477 469 2732 524 labantur
2777 470 2911 536 dies,
2942 478 3154 541 tempus
3192 484 3503 543 praetereat,
3536 487 3591 532 et
3617 494 3721 533 non

2146 570 2495 611 occurramus
2547 570 2707 609 omne
2739 555 2969 622 spatium
3019 557 3359 615 imminentis
3397 561 3603 617 itineris
3630 579 3723 617 ex-

2146 649 2373 717 plicare,
2403 657 2459 702 ct
2479 647 2799 702 deﬁciamus
2822 647 2875 699 in
2904 648 3105 712 medio,
3134 659 3299 720 atque
3326 654 3538 707 accidat
3568 656 3721 710 nobis

2149 739 2283 795 illud
2308 740 2452 809 quod
2474 739 2539 793 de
2560 724 2885 807 quibusdam
2913 736 3172 806 refertur,
3200 743 3289 810 qui
3312 746 3592 811 pervenire
3615 760 3721 800 non

2146 840 2449 899 potuerunt,
2501 830 2594 883 sed
2624 836 2771 883 artus
2823 843 3012 883 eorum
3049 833 3367 887 ceciderunt
3397 834 3451 888 in
3479 836 3716 891 deserto.

2146 920 2254 974 lter
2300 935 2429 990 ergo
2477 920 2711 990 agimus,
2760 928 2813 973 et
2848 920 3060 976 idcirco
3111 922 3425 979 devenimus
3471 926 3520 979 in
3573 926 3716 981 hunc

2147 1014 2427 1075 mundum,
2479 1020 2539 1064 ut
2570 1020 2908 1063 transeamus
2958 1011 3025 1066 de
3056 1012 3257 1068 virtute
3302 1016 3369 1069 ad
3417 1016 3711 1070 virtutem:

2147 1118 2253 1157 non
2285 1112 2342 1155 ut
2372 1114 2785 1171 permaneamus
2816 1114 2916 1168 pro
2953 1105 3181 1158 terrenis
3213 1105 3265 1159 in
3303 1118 3466 1170 terra,
3497 1106 3636 1160 sicut
3662 1114 3715 1160 et

2148 1196 2235 1251 ille
2270 1195 2361 1264 qui
2391 1194 2666 1249 dicebat"
2698 1212 2712 1248 :
2753 1211 2771 1245 ι
2793 1195 3072 1248 Destruam
3102 1196 3297 1251 horrea
3344 1212 3485 1264 mea,
3526 1207 3580 1251 et
3611 1198 3712 1251 alia

2147 1288 2347 1357 majora
2367 1285 2662 1350 aediﬁcabo,
2680 1294 2733 1339 et
2756 1286 2924 1339 dicam
2951 1287 3141 1340 animae
3163 1301 3296 1341 mea}
3330 1306 3343 1340 :
3378 1289 3595 1353 Anima,
3615 1280 3712 1341 ha-

2146 1378 2241 1431 bes
2272 1376 2436 1431 multa
2468 1376 2608 1429 bona
2639 1375 2875 1444 reposita
2895 1376 2943 1428 in
2976 1390 3144 1429 annos
3170 1376 3390 1440 multos,
3417 1378 3713 1442 manduca,

2145 1478 2202 1521 et
2228 1467 2370 1531 bibe,
2406 1476 2460 1522 et
2494 1466 2698 1530 Instare,
2734 1480 2801 1520 ne
2826 1465 2961 1520 forte
2986 1466 3126 1520 dicat
3148 1475 3200 1520 et
3227 1466 3383 1519 nobis
3414 1465 3707 1530 Dominus,

2146 1560 2288 1615 sicut
2323 1559 2398 1614 illi
2441 1576 2455 1613 :
2488 1558 2685 1623 Stulte,
2742 1558 2845 1612 hac
2878 1568 3033 1612 nocte
3066 1558 3333 1613 auferetur
3380 1574 3405 1613 a
3438 1568 3487 1613 te
3514 1561 3700 1613 anima

2149 1663 2259 1707 tua.
2293 1670 2311 1704 ι
2355 1650 2471 1705 Neu
2502 1650 2639 1704 dixit
2689 1650 2741 1703 in
2776 1650 2879 1703 hac
2927 1649 3035 1713 die,
3068 1650 3162 1703 sed
3199 1650 3252 1703 in
3286 1649 3383 1703 hac
3416 1658 3589 1703 nocte.
3634 1651 3695 1703 In

2148 1751 2304 1796 nocte
2327 1742 2467 1795 enim
2493 1738 2775 1809 perimitur
2800 1746 2853 1791 et
2882 1737 2989 1802 hic,
3020 1738 3157 1790 sicut
3182 1737 3521 1806 primogenita
3538 1737 3697 1807 Egy-

2146 1833 2405 1901 ptiorum,
2439 1840 2693 1898 tanquam
2730 1828 2822 1899 qui
2872 1828 3126 1882 dilexerit
3159 1827 3443 1889 mundum,
3479 1837 3531 1879 et
3555 1838 3698 1881 tene-

2143 1925 2272 1979 bras
2302 1923 2439 1994 ejus,
2472 1931 2526 1975 et
2558 1921 2826 1990 particeps
2852 1920 3019 1973 fuerit
3047 1928 3319 1972 rectorum
3351 1917 3530 1971 mundi
3559 1917 3710 1984 hujus

2146 2015 2483 2070 tenebrarum
2507 2014 2699 2067 harum
2723 2012 2821 2065 ⁸⁸⁸.
2852 2010 3110 2064 Tenebra:
3136 2018 3313 2063 autem
3341 2018 3397 2063 et
3422 2024 3528 2063 nox
3558 2025 3714 2061 mun-

2143 2106 2242 2160 dus
2274 2106 2375 2159 iste
2408 2103 2709 2175 appellatur
2739 2119 2837 2174 pro
2868 2103 2933 2157 iis
2963 2102 3058 2173 qui
3089 2102 3144 2155 in
3166 2101 3474 2170 ignorantia
3503 2101 3709 2162 vivunt,

2145 2212 2243 2252 nec
2270 2196 2446 2252 lumen
2475 2196 2743 2265 recipiunt
2770 2196 3038 2250 veritatis.
3065 2195 3167 2263 Qui
3192 2203 3373 2248 autem
3404 2193 3538 2247 tales
3561 2201 3705 2259 sunt,

2142 2291 2209 2345 de
2239 2290 2496 2345 flamesse
2544 2304 2651 2344 non
2699 2288 3136 2358 proficiscuntur,
3183 2301 3285 2342 nec
3329 2295 3616 2340 transeunt
3642 2285 3705 2339 ad

2143 2380 2405 2437 Sochoth.

2211 2473 2265 2529 8.
2304 2472 2587 2528 Videamus
2629 2482 2803 2527 tamen
2853 2472 3000 2541 prius
3044 2473 3260 2541 quando
3289 2472 3701 2541 proﬁciscuntur

2142 2564 2236 2617 ﬁlii
2268 2564 2429 2618 Israel
2468 2580 2531 2619 ex
2556 2563 2831 2619 Ramesse.
2880 2582 2899 2615 ι
2942 2563 3144 2629 Mense,
3192 2564 3366 2632 inquit
3406 2563 3471 2626 ",
3506 2564 3700 2632 primo,

2140 2655 2329 2723 quinta
2348 2655 2553 2709 decima
2584 2656 2670 2709 die
2701 2656 2923 2708 mensis.
2957 2673 2975 2707 ι
3019 2653 3120 2707 I‘er
3138 2662 3461 2722 praeceptum
3490 2651 3698 2705 Domini

2142 2746 2542 2816 quartadecima
2593 2747 2679 2801 die
2713 2746 2914 2801 mensis
2963 2754 3185 2815 egerant
3221 2743 3424 2797 Pascha
3456 2743 3508 2795 in
3537 2742 3702 2809 [Egy-

2139 2847 2252 2906 pto,
2281 2836 2591 2906 jugulantes
2639 2851 2835 2906 agnum
2878 2836 3050 2903 pridie
3078 2849 3238 2903 quam
3290 2834 3697 2902 proﬁcisceren-

2141 2936 2251 2991 tur,
2288 2937 2343 2981 et
2377 2927 2590 2980 initium
2625 2925 3021 2995 quodammodo
3070 2924 3386 2979 festivitatis
3436 2923 3610 2977 adhuc
3645 2922 3697 2975 in

2141 3018 2376 3089 ASgypto
2423 3018 2580 3086 positi
2618 3027 2832 3087 gerunt.
2896 3016 3151 3086 Sequenti
3205 3030 3333 3085 ergo
3383 3015 3589 3084 die,qui
3618 3024 3703 3068 est

2140 3110 2345 3179 primus
2379 3108 2495 3163 dies
2518 3109 2864 3179 Azymorum,
2898 3107 3081 3175 quinta
3120 3106 3332 3160 decima
3388 3105 3474 3159 die
3502 3104 3701 3159 mensis

2139 3199 2296 3269 primi
2330 3199 2744 3268 proﬁciscuntur
2769 3200 2834 3254 de
2866 3198 3146 3263 Ramesse,
3176 3206 3231 3251 et
3262 3196 3485 3251 veniunt
3508 3197 3559 3250 in
3600 3196 3701 3251 So-

2138 3292 2327 3357 choth,
2356 3301 2415 3345 ut
2444 3291 2515 3345 ibi
2564 3290 2769 3345 faciant
2816 3290 3126 3345 festivitatis
3155 3292 3480 3360 Azymorum
3532 3289 3695 3341 diem.

2144 3404 2161 3437 ι
2185 3384 2317 3452 Quis
2342 3384 2559 3453 sapiens
2582 3393 2637 3438 et
2658 3383 2922 3453 intelliget
2954 3383 3106 3438 haec?
3139 3391 3389 3437 sensatus
3419 3390 3469 3436 el
3500 3395 3698 3449 cogno-

2137 3484 2254 3532 seet
2285 3490 2346 3529 ea
2371 3475 2494 3527 9’?)
2539 3474 2648 3528 lmo
2676 3475 2797 3543 quis
2837 3484 2921 3528 est
2950 3474 3040 3543 qui
3075 3474 3190 3527 hazc
3218 3472 3301 3527 vel
3332 3486 3394 3526 ex
3427 3480 3579 3539 parte
3605 3483 3697 3522 co-

2138 3576 2383 3637 gnoscat,
2436 3563 2576 3620 sicut
2618 3565 2905 3634 Apostolus
2958 3564 3085 3618 dicit
3113 3563 3161 3595 ”
3194 3581 3207 3616 :
3245 3579 3263 3612 ι
3289 3562 3362 3615 Ex
3399 3570 3554 3629 parte
3596 3558 3701 3612 sci-

2140 3672 2279 3723 mus,
2331 3664 2386 3711 et
2432 3670 2496 3710 ex
2553 3664 2707 3725 parte
2757 3654 3225 3723 prophetamus?»
3289 3652 3420 3718 Quis
3451 3649 3701 3716 intelligit

2138 3750 2407 3821 quomodo
2432 3763 2495 3803 ex
2528 3756 2682 3817 parte
2709 3747 2825 3801 dies
2855 3746 3020 3800 festos
3050 3746 3280 3813 agimus,
3327 3751 3383 3797 ut
3416 3755 3574 3796 nemo
3602 3754 3699 3794 nos

2133 3841 2338 3910 iudicet
2365 3840 2418 3894 in
2457 3848 2609 3910 parte
2638 3838 2743 3893 diei
2776 3839 2918 3905 festi,
2952 3846 3044 3891 aut
3069 3835 3393 3901 Neomenize,
3429 3843 3519 3888 aut
3562 3832 3699 3887 Sab-

2137 3932 2286 3987 bati?
2324 3931 2514 3986 Omnis
2560 3945 2794 3999 namque
2847 3930 2960 3984 dies
3009 3928 3177 3983 festus
3224 3928 3315 3997 qui
3348 3926 3397 3980 in
3446 3924 3602 3979 terris
3628 3923 3698 3976 ab

2138 4024 2448 4079 hominibus
2482 4024 2705 4094 geritur,
2734 4022 2786 4075 in
2814 4029 2986 4090 parte,
3020 4036 3126 4075 non
3162 4021 3214 4075 in
3246 4021 3473 4089 integro,
3523 4029 3698 4083 neque

2136 4114 2378 4184 perfecto
2408 4111 2719 4168 festivitatis
2751 4110 2903 4164 titulo
2927 4110 3132 4181 geritur
3164 4133 3174 4165 :
3202 4110 3295 4164 sed
3348 4122 3467 4162 cum
3500 4105 3701 4161 exieris

2137 4206 2204 4260 de
2230 4204 2463 4276 IEgypto
2498 4204 2622 4268 ista,
2676 4214 2804 4257 tunc
2849 4202 2956 4256 erit
3004 4201 3094 4255 tibi
3137 4200 3373 4270 perfecta
3407 4196 3694 4254 festivitas.

2139 4308 2267 4351 tunc
2320 4311 2506 4367 azyma
2555 4294 2885 4350 sinceritatis
2917 4303 2972 4348 et
3023 4292 3269 4347 veritatis
3300 4290 3364 4345 ad
3402 4288 3693 4359 perfectum

470 4396 523 4437 et
550 4383 753 4449 Aaron,
785 4399 947 4438 unum
996 4384 1139 4438 enim
1183 4397 1317 4453 Opus
1371 4382 1651 4451 utriusque
1698 4396 1889 4438 manus
1928 4395 2031 4449 est,
2070 4384 2111 4437 D
2138 4389 2373 4450 curabis.
2434 4396 2557 4441 tunc
2598 4385 2944 4441 Pentecostes
2985 4384 3125 4437 diem
3156 4383 3210 4436 in
3239 4394 3421 4436 eremo
3454 4393 3600 4448 ages,
3644 4387 3696 4430 et

469 4482 632 4542 atque
672 4487 775 4526 una
807 4472 1151 4543 perfectionis
1178 4471 1431 4541 expletio.

537 4570 591 4624 7.
627 4587 645 4620 ι
681 4569 748 4623 Et
779 4568 1019 4637 scripsit,
1052 4566 1311 4636 inquit",
1357 4565 1567 4638 Moyses
1599 4565 1956 4635 profectiones
1981 4578 2036 4622 et

467 4662 778 4719 mansiones
820 4674 1033 4724 eorum,
1074 4672 1169 4726 per
1218 4657 1441 4711 verbum
1490 4657 1763 4711 Domini.)
1806 4656 2031 4727 Scripsit

465 4771 597 4826 ergo
646 4755 763 4810 haec
807 4768 903 4825 per
938 4751 1163 4807 verbum
1197 4748 1432 4814 Domini,
1462 4757 1521 4802 ιιι
1547 4750 1788 4819 legentes
1828 4765 1944 4814 nos,
1979 4758 2033 4806 et

465 4851 710 4905 videntes
754 4852 971 4915 quantae
1015 4842 1170 4898 nobis
1219 4840 1534 4896 immineant
1574 4838 1933 4910 profectiones
1962 4842 2028 4895 ad

464 4942 572 4996 iter
602 4937 744 5007 quod
771 4935 919 4991 ducit
944 4935 1009 4989 ad
1038 4947 1286 5003 regnum,
1321 4945 1683 5000 praeparemus
1723 4944 1821 4984 nos
1849 4931 1913 4983 ad
1946 4929 2029 4984 vi-

465 5042 575 5085 tam
605 5031 767 5095 hanc,
813 5036 869 5082 et
913 5024 1316 5080 considerantes
1356 5022 1458 5076 iter
1488 5022 1629 5091 quod
1668 5020 1825 5075 nobis
1853 5020 2030 5075 immi-

466 5134 614 5188 neat,
653 5138 759 5177 non
790 5120 1033 5189 segniter
1055 5131 1156 5172 nec
1183 5115 1404 5171 remisse
1441 5113 1565 5166 vitae
1593 5121 1789 5165 nostra!
1820 5122 2027 5182 tempus

464 5215 843 5284 permittamus
883 5209 1048 5281 378
1105 5206 1337 5269 absumi,
1389 5220 1457 5259 ne
1498 5202 1636 5258 forte
1679 5204 1802 5256 dum
1849 5204 1901 5256 in
1946 5206 2030 5260 his
2070 5204 2073 5205 ⁷

465 5306 649 5361 mundi
681 5302 1008 5357 vanitatibus
1032 5299 1143 5371 (73)
1170 5298 1541 5361 immoramur,
1584 5306 1639 5349 et
1664 5296 1889 5365 singulis
1912 5297 2029 5366 qui-

465 5396 674 5465 busque
721 5408 842 5463 quae
884 5393 952 5447 ad
979 5390 1151 5453 visum
1195 5388 1279 5443 vel
1307 5388 1572 5451 auditum,
1606 5388 1686 5441 vel
1724 5387 1885 5442 etiam
1913 5403 2031 5457 qua:

538 5517 583 5546 "
612 5514 768 5569 Num.
815 5512 1085 5579 xxxttt,l.
1163 5510 1369 5566 "Gen.
1412 5525 1554 5571 nvi,
1609 5509 1663 5563 4.

1740 5509 1953 5564 "Psal.
1992 5525 2079 5572 cv,
2135 5512 2222 5565 57.
2296 5512 2342 5543 "
2365 5510 2522 5565 Num.
2582 5526 2779 5575 χχχιιι,
2822 5511 2877 5564 2.

2137 4488 2264 4533 tunc
2295 4479 2433 4532 forte
2457 4478 2689 4545 primum
2748 4489 2961 4530 mannze
3010 4473 3187 4527 cibum
3221 4471 3492 4527 caelestem
3526 4468 3695 4523 susci-

2137 4572 2273 4639 pies,
2303 4584 2366 4623 ac
2392 4568 2632 4637 singulas
2658 4582 2897 4637 quasque
2924 4564 3248 4620 festivitates
3276 4576 3454 4634 geres,
3486 4562 3554 4617 de
3576 4561 3697 4630 qui-

2137 4663 2239 4715 bus
2263 4661 2375 4730 jam
2423 4659 2691 4728 superius,
2729 4667 2787 4711 ut
2834 4656 3131 4726 potuimus,
3176 4655 3377 4710 dictum
3404 4660 3506 4707 est.
3548 4651 3697 4706 Scito

2139 4759 2318 4806 tamen
2344 4750 2600 4820 quoniam
2631 4757 2753 4818 post
2796 4746 2925 4800 illud
2956 4746 3167 4819 pascha.
3201 4746 3345 4814 quod
3386 4746 3437 4799 in
3466 4743 3697 4814 Egypto

2138 4843 2338 4899 factum
2368 4850 2473 4907 est,
2503 4840 2671 4896 semel
2712 4838 3013 4893 invenimus
3048 4838 3098 4891 in
3134 4837 3346 4891 deserto
3376 4836 3569 4905 pascha
3600 4850 3686 4887 cu-

2138 4946 2336 5000 ratum,
2372 4949 2493 4989 cum
2536 4933 2623 4987 lex
2658 4933 2779 4986 data
2823 4941 2925 4995 est,
2980 4939 3033 4983 et
3071 4929 3235 4993 aliud,
3268 4929 3410 4983 sicut
3435 4930 3694 4981 observa-

2136 5028 2314 5081 vimus
2344 5026 2397 5081 in
2433 5023 2708 5087 Numeris,
2739 5030 2858 5093 post
2885 5022 2998 5076 hmc
3018 5021 3129 5090 jam
3161 5031 3423 5088 nusquam
3455 5015 3590 5085 geri,
3625 5014 3704 5066 ni-

2138 5118 2180 5173 si
2212 5119 2263 5172 in
2298 5126 2442 5172 terra
2485 5114 2939 5182 repromissionis.
2963 5111 3131 5181 Igitur
3160 5111 3349 5181 quinta
3372 5109 3579 5164 decima
3610 5106 3695 5159 die

2140 5209 2342 5263 mensis
2390 5206 2573 5277 primi,
2629 5203 2876 5275 sequenti
2930 5214 3050 5272 post
3082 5201 3285 5256 Pascha
3321 5200 3428 5265 die,
3486 5198 3577 5267 qui
3615 5206 3697 5250 est

2140 5298 2343 5367 primus
2373 5296 2702 5366 Azymorum
2735 5295 2871 5361 dies,
2899 5292 3125 5363 profecti
3156 5300 3280 5346 sunt
3308 5289 3402 5345 ﬁlii
3432 5288 3596 5343 Israel
3629 5288 3696 5339 de

2139 5386 2419 5453 Ramesse,
2457 5406 2475 5438 ι
2515 5390 2567 5442 in
2595 5401 2777 5453 manu,
2810 5386 3068 5456 inquit",
3105 5383 3342 5452 excelsa,
3376 5383 3429 5436 in
3464 5392 3691 5447 conspe-

2952 5510 2997 5540 ⁸⁸
3027 5506 3154 5562 Luc.
3193 5522 3292 5575 xtl,
3357 5503 3443 5571 l8,
3473 5501 3555 5567 l9,
3601 5498 3690 5555 20.

467 5584 551 5620 ⁸³³
578 5586 777 5655 Ephes.
806 5600 883 5649 vr,
912 5575 1005 5637 12.
1072 5582 1118 5613 ⁰⁶
1144 5580 1301 5635 Num.
1328 5594 1526 5645 xum,
1550 5581 1601 5634 3.
1679 5581 1721 5611 97
1749 5579 1874 5633 Osc.
1903 5595 2010 5644 Juv,

2196 5581 2241 5613 ⁸⁸
2266 5580 2284 5633 l
2307 5580 2429 5638 Cor.
2452 5597 2571 5651 xm,
2596 5582 2649 5637 9.
2725 5581 2768 5615 ”
2797 5579 2953 5635 Num.
2980 5592 3172 5645 χχχιιι,
3192 5575 3245 5632 3.

538 5699 651 5765 £75)
688 5698 830 5754 ldctn
857 5714 984 5763 ms.,
1016 5716 1033 5747 ι
1060 5697 1187 5751 dum
1218 5696 1267 5750 in
1297 5694 1600 5758 huiusmodi
1631 5693 1973 5749 vanitatibus.
2002 5710 2022 5745 ›
