4104 6226
457 285 560 343 780

1576 240 1643 333 is
1688 276 2007 333 summos
2037 272 2313 331 ιιοξςιιιλλ
2351 274 2561 330 xxvn.

3586 273 3690 327 790

457 412 549 454 ctu
574 400 811 454 omnium
841 396 1239 470 Egyptiorum.
1262 414 1281 449 ›
1343 394 1471 461 Quae
1496 402 1579 449 est
1616 408 1810 449 manus
1847 392 2025 447 excel-
2052 398 2097 452 Α
2130 390 2315 443 rantis:
2340 399 2607 444 conamur
2632 390 2866 455 Operari.
2897 386 3081 455 Neque
3102 388 3243 442 enim
3264 386 3377 439 sine
3406 382 3539 453 ipsis
3560 401 3696 438 ron—

455 489 563 543 sa‘l
585 489 649 543 Et
680 488 807 542 alibi
842 482 986 543 enim
1018 488 1149 542 dicit
1172 488 1187 518 ⁸
1223 503 1237 540 :
1286 502 1304 536 ι
1334 483 1611 539 Exaltetur
1636 496 1829 537 manus
1868 491 2022 537 tua.»

462 579 567 634 Ubi
601 594 707 633 non
738 588 821 633 est
872 579 1166 631 humanum
1196 589 1330 645 opus
1361 589 1458 630 nec
1501 581 1797 638 terrenum,
1826 572 1916 628 sed
1949 574 2029 627 di-

464 671 676 734 vinum,
726 669 798 723 ibi
826 683 1017 723 manus
1060 667 1276 724 excelsa
1320 666 1646 722 nominatur.
1688 664 1792 719 Per
1838 680 2028 726 manus

463 777 695 831 namque
721 777 855 831 opus
884 761 1129 832 intelligi,
1159 775 1302 830 saepe
1327 758 1434 827 jam
1469 758 1669 813 dictum
1696 762 1796 810 est.
1831 756 1884 809 ln
1912 771 2029 809 mao

461 872 531 911 nu
558 870 687 925 ergo
710 854 944 921 excelsa,
974 854 1027 908 in
1062 859 1355 922 conspectu
1386 850 1623 905 omnium
1655 833 2029 919 Egyptiorum

458 947 685 1019 profecti
722 954 865 1001 sunt.
918 964 936 997 ι
984 945 1048 999 Et
1083 942 1353 1015 Egyptii,
1400 941 1569 1012 inquit
1618 943 1659 1007 ',
1699 938 2030 1009 sepeliebant

463 1042 707 1088 mortuos
760 1046 924 1099 suos;
955 1049 973 1083 ι
1023 1031 1263 1084 viventes
1300 1041 1481 1085 autem
1532 1028 1897 1097 sequebantur
1926 1026 2031 1080 Do-

462 1124 672 1177 niinutn
708 1123 873 1179 Deum
925 1137 1100 1176 suum.
1144 1120 1270 1175 Post
1323 1119 1435 1175 haec
1486 1118 1724 1173 dicitur’
1763 1118 1887 1185 quia
1932 1135 1950 1168 ι
1978 1124 2032 1172 et

460 1215 515 1267 in
549 1215 652 1269 diis
679 1229 867 1269 eorum
914 1212 1039 1268 fecit
1075 1212 1331 1266 Dominus
1366 1211 1681 1265 vindictam.
1709 1228 1727 1261 ι
1761 1208 1865 1263 Sed
1896 1217 1948 1261 et
1978 1208 2028 1261 in

465 1304 652 1358 Exodo
700 1306 773 1358 ita
802 1304 933 1358 dicit
966 1321 981 1356 :
1018 1320 1035 1354 ι
1067 1302 1130 1355 Ει
1164 1303 1213 1355 in
1247 1302 1499 1355 omnibus
1524 1299 1629 1352 diis
1655 1297 2029 1368 [Egyptiormn

463 1394 624 1450 faciet
656 1395 913 1449 Dominus
960 1393 1284 1448 vindictam.
1317 1412 1334 1444 ι
1384 1392 1479 1444 llic
1527 1398 1705 1443 autem
1740 1390 1868 1442 dicit
1906 1389 2029 1457 quia

458 1485 588 1539 fecit
619 1484 670 1539 in
696 1478 789 1541 e’os
818 1484 1077 1538 Dominus
1112 1483 1426 1537 vindictam.
1471 1498 1490 1531 ι
1522 1480 1659 1535 Sunt
1684 1480 1901 1547 quidam
1940 1480 2027 1548 qui

457 1575 708 1629 dicuntur
744 1574 815 1629 dii
844 1574 958 1628 sive
990 1574 1040 1625 in
1070 1572 1229 1636 coelo,
1263 1572 1375 1625 sive
1400 1573 1461 1629 ,in
1497 1579 1660 1633 terra,
1692 1588 1709 1620 ι
1746 1569 2033 1638 Apostolus

460 1665 540 1717 ait
569 1665 609 1720 ".
655 1664 761 1719 Sed
789 1672 843 1719 et
866 1665 919 1718 in
950 1663 1179 1718 Psalmis
1208 1662 1407 1717 dicitur
1430 1662 1451 1692 ⁸
1486 1679 1498 1713 :
1533 1678 1551 1711 ι
1574 1658 1773 1714 Omnes
1800 1660 1869 1713 dii
1899 1674 2029 1727 gett-

460 1757 616 1822 tium,
632 1755 917 1810 diemonia.
945 1773 964 1807 ›
997 1754 1112 1809 Non
1134 1768 1267 1823 ergo
1297 1753 1610 1816 simulacra,
1636 1752 1730 1806 sed
1759 1753 2024 1808 daemones

460 1843 553 1910 qui
602 1843 913 1899 simulacris
963 1843 1223 1910 assident,
1278 1844 1409 1897 deos
1456 1844 1585 1898 dicit
1632 1843 1684 1896 in
1718 1858 1855 1912 quos
1899 1843 2026 1899 fecit

462 1935 722 1989 Dominus
753 1935 1069 1992 vindictam.
1113 1936 1217 1991 Sed
1245 1934 1407 1990 velim
1439 1934 1718 2003 requirere
1757 1936 2025 2003 quomodo

463 2027 605 2080 Deus
632 2025 923 2081 vindictam
951 2025 1114 2081 faciat
1149 2026 1200 2080 in
1228 2025 1520 2090 daemones,
1551 2040 1672 2079 cum
1699 2025 1881 2093 utique
1909 2026 2026 2078 vin-

461 2115 617 2170 dicta:
647 2116 761 2171 dies
802 2123 857 2169 et
896 2114 1087 2185 judicii
1136 2115 1372 2169 nondum
1431 2115 1711 2170 advenerit
1747 2114 1881 2186 (74).
1920 2114 2024 2169 Sed

461 2207 604 2260 hanc
639 2222 739 2277 ego
784 2215 912 2277 puto
947 2205 1000 2259 in
1033 2206 1300 2260 daemones
1331 2204 1447 2260 ﬁeri
1480 2196 1794 2271 vindictam,
1834 2221 1953 2259 cum
1981 2205 2026 2259 is

458 2298 549 2365 qui
585 2298 651 2352 ab
705 2296 811 2351 illis
861 2298 1122 2365 deceptus
1176 2294 1353 2350 fuerat
1402 2303 1461 2348 ut
1516 2294 1653 2348 idola
1682 2294 1899 2359 coleret,
1931 2308 2028 2363 per

456 2386 678 2441 verbum
719 2386 927 2440 Domini
981 2399 1275 2440 conversus
1328 2384 1614 2437 Dominum
1654 2382 1819 2445 colit;
1854 2392 1906 2435 et
1957 2397 2023 2436 ex

459 2482 575 2546 ipso
604 2491 769 2548 opere
800 2474 1198 2541 conversionis,
1232 2470 1297 2530 in'
1318 2489 1439 2529 eum
1472 2474 1704 2528 vindicta
1751 2474 1840 2541 qui
1869 2473 2026 2527 dece-

458 2580 632 2642 perat,
680 2572 861 2626 datur.
926 2570 1187 2626 Similiter
1214 2571 1258 2624 si
1292 2569 1338 2624 is
1367 2569 1456 2638 qui
1501 2585 1530 2622 a
1568 2569 1905 2623 daemonibus
1932 2569 2026 2622 de-

454 2672 644 2732 ceptus
670 2661 847 2716 fuerat
877 2662 943 2716 ad
969 2660 1365 2725 foruicandum,
1392 2669 1738 2715 convertatur
1767 2660 1830 2713 ad
1864 2659 2024 2729 pudi-

459 2754 664 2817 citiam,
699 2752 892 2821 diligat
915 2754 1238 2819 castitatem,
1282 2767 1497 2807 errasse
1523 2766 1582 2806 se
1604 2750 1818 2815 delleat,
1844 2750 2022 2820 ραιηί-

459 2842 642 2896 tentia:
666 2841 835 2911 ipsius
862 2842 1117 2913 lacrymis
1149 2844 1323 2898 utitur
1351 2851 1406 2898 et
1454 2843 1757 2897 incenditur
1788 2844 2021 2907 daemon,

456 2942 511 2987 et
551 2933 632 2988 sic
662 2933 901 2988 vindicta
941 2934 1099 2988 datur
1145 2935 1198 2989 in
1228 2935 1563 3004 deceptionis
1588 2945 1882 2991 auctorem.
1935 2935 2021 2989 Si—

458 3026 663 3082 militer
706 3028 869 3083 etiam
919 3028 961 3082 si
996 3029 1119 3098 quis
1146 3030 1212 3082 de
1243 3029 1493 3099 superbia
1541 3030 1605 3082 ad
1632 3028 2020 3094 humilitatem,

457 3121 524 3175 de
554 3119 862 3190 profusione
889 3118 955 3174 ad
979 3119 1366 3188 parcimoniam
1397 3119 1601 3186 redeat,
1635 3135 1730 3191 per
1762 3121 1874 3175 hazc
1905 3120 2018 3175 sin-

459 3212 580 3280 gula
611 3213 905 3279 daemones,
957 3214 1049 3282 qui
1098 3229 1156 3270 se
1179 3214 1234 3269 in
1271 3215 1386 3270 haee
1412 3215 1752 3285 deceperant,
1790 3213 2027 3284 ﬂagellat

459 3310 514 3354 et
563 3304 787 3358 cruciat.
840 3304 1067 3370 Quantis
1112 3319 1205 3360 eos
1256 3308 1465 3375 putatis
1507 3306 1591 3375 agi
1640 3306 1943 3369 tormentis,
1978 3304 2025 3358 si

461 3410 620 3461 quem
646 3394 880 3462 videant,
929 3397 1225 3451 secundum
1259 3398 1483 3452 verbum
1526 3397 1753 3460 Domini,
1791 3397 2024 3452 vendere

460 3484 642 3538 omnia
673 3499 767 3539 sua
815 3501 933 3555 qum
963 3486 1224 3557 possidet,
1246 3495 1301 3541 et
1339 3488 1468 3542 dare
1494 3488 1818 3556 pauperibus
1847 3498 1902 3543 et
1927 3487 2026 3543 toto

460 3575 573 3629 lere
603 3589 819 3630 crucem
851 3592 1026 3644 suam,
1054 3585 1109 3632 et
1131 3578 1284 3646 sequi
1313 3576 1618 3633 Christum!
1650 3577 1820 3647 Super
1843 3580 2023 3635 omnia

462 3681 593 3720 vero
626 3667 709 3721 eis
740 3677 824 3722 cst
847 3677 1237 3724 tormentorum
1268 3685 1492 3740 genera,
1540 3684 1595 3727 et
1639 3688 1802 3742 super
1832 3688 2025 3730 omnes

460 3770 673 3826 pinnas,
722 3756 768 3813 si
813 3772 973 3827 quem
1011 3759 1229 3815 videant
1276 3762 1440 3815 verbo
1472 3762 1562 3815 Dei
1609 3777 1825 3830 operam
1873 3764 2020 3831 dare,

458 3847 749 3902 scientiam
776 3850 971 3903 divina:
1000 3849 1132 3918 legis
1154 3859 1207 3905 et
1233 3852 1483 3922 mysteria
1509 3852 1907 3922 Scripturarum
1940 3858 2023 3910 in”-

459 3938 624 3992 tentis
667 3939 861 3995 studiis
888 3941 1288 4010 perquirentem
1323 3960 1335 3996 :
1370 3943 1421 3996 in
1474 3944 1574 3998 hoc
1620 3960 1804 4000 eorum
1848 3948 2024 4003 omnis

456 4024 669 4080 ﬂamma
699 4036 805 4092 est,
835 4029 889 4083 in
913 4030 1019 4085 isto
1057 4041 1291 4085 uruntur
1324 4032 1594 4098 incendio,
1622 4035 1879 4101 quoniam
1905 4037 2027 4105 qui-

459 4116 577 4170 dem
631 4116 951 4184 ignorantiaa
995 4118 1234 4173 tenebris
1294 4120 1558 4173 humanas
1604 4119 2024 4175 obscuraverant

460 4219 693 4272 mentes,
719 4218 773 4261 et
820 4210 935 4264 tunc
957 4211 1335 4275 obtinuerant,
1364 4220 1421 4264 ut
1457 4211 1598 4266 Dens
1623 4214 1839 4282 quidem
1871 4212 2021 4282 igno-

458 4306 692 4361 raretur,
717 4298 782 4352 ad
813 4299 958 4366 ipsos
996 4315 1123 4355 vero
1156 4302 1322 4356 divini
1357 4302 1533 4356 cultus
1558 4304 1732 4357 studia
1761 4305 2021 4360 transfer-

2130 490 2430 533 summalur
2452 494 2613 533 omne
2660 487 2960 546 peccatum.
3014 476 3145 531 Nam
3194 494 3312 531 cum
3368 476 3688 530 adulterium

2128 574 2251 641 quis
2277 571 2590 635 committit,
2624 585 2727 623 non
2763 580 2843 622 est
2869 567 3057 636 utique
3105 569 3223 621 sine
3270 570 3553 621 dmmone:
3610 565 3692 620 vel

2130 677 2248 716 cum
2280 663 2357 715 ira
2384 662 2735 715 immoderata
2767 673 3035 730 raptatur,
3064 662 3145 713 vel
3175 676 3297 713 cum
3324 660 3508 726 diripit
3556 658 3692 712 alie-

2130 766 2195 803 na
2230 759 2321 805 :et
2344 751 2434 819 qui
2481 751 2677 805 sedens
2730 753 2990 804 adversus
3042 749 3343 819 proximum
3393 762 3547 801 Stttlm
3599 747 3694 799 de-

2133 843 2319 906 trahit,
2347 852 2397 896 et
2421 844 2707 896 adversum
2741 843 2908 895 filium
2948 842 3136 895 matris
3193 855 3304 894 sua:
3345 839 3495 907 ponit
3540 853 3695 891 scan-

2131 932 2463 997 dalum,non
2495 943 2576 987 cst
2624 935 2743 988 sine
2796 935 3057 987 daemone.
3093 932 3158 985 Et
3207 931 3325 985 idco
3382 928 3696 984 omnimodo

2134 1024 2401 1089 agendum
2431 1033 2513 1078 est
2548 1023 2721 1089 nobis,
2775 1039 2839 1077 ne
2886 1024 3025 1078 forte
3068 1022 3438 1092 [Egyptiorntn
3495 1020 3697 1089 primo-

2132 1113 2333 1183 genita,
2363 1114 2445 1166 vel
2475 1115 2603 1168 deos
2627 1130 2815 1168 eorum
2843 1128 2979 1181 quos
3033 1114 3286 1166 Dominus
3325 1109 3592 1180 percussit
3638 1116 3693 1161 et

2132 1206 2413 1269 exstinxit,
2442 1206 2828 1260 resuscitemus
2854 1207 2905 1257 in
2941 1204 3112 1268 nobis,
3139 1204 3180 1256 si
3211 1204 3289 1255 eis
3335 1202 3504 1255 locum
3532 1200 3694 1251 dede-

2134 1296 2300 1348 rimus
2322 1297 2578 1364 operandi
2611 1296 2661 1349 in
2697 1297 2847 1351 nobis
2876 1312 2936 1349 ea
2964 1311 3085 1364 quae
3110 1296 3219 1347 odit
3247 1296 3403 1345 Deus.
3430 1290 3485 1342 Si
3512 1299 3693 1341 autem

2135 1388 2200 1439 ab
2228 1388 2313 1439 bis
2349 1388 2602 1441 omnibus
2626 1390 3001 1442 contineamus
3038 1402 3154 1448 nos,
3188 1402 3251 1438 eo
3283 1383 3440 1436 modo
3477 1394 3582 1448 quo
3607 1394 3694 1432 su-

2133 1478 2313 1545 perius
2346 1477 2601 1542 diximus,
2658 1478 2802 1532 dedit
2849 1480 3139 1531 vindictam
3187 1477 3238 1528 in
3294 1473 3545 1528 omnibus
3592 1470 3696 1523 diis

2135 1567 2536 1640 Aigyptiorum,
2566 1585 2863 1640 poenasque
2906 1586 2971 1623 ex
3024 1578 3204 1623 nostra
3243 1564 3615 1621 emendatione
3641 1571 3696 1616 et

2136 1662 2492 1716 conversione
2524 1663 2798 1717 daemones
2826 1662 3147 1730 suscipiunt.

2061 1739 2099 1791 Β
2196 1750 2250 1807 9.
2293 1753 2504 1808 Exeunt
2529 1769 2657 1824 ergo
2690 1771 2755 1808 ex
2792 1752 3028 1824 Egypto
3068 1753 3160 1807 filii
3201 1750 3388 1814 Israel,
3437 1757 3491 1803 et
3530 1745 3697 1817 protl-

2127 1843 2391 1900 ciscentes
2430 1861 2498 1900 ex
2530 1846 2785 1901 Ramesse
2829 1848 3052 1900 veniunt
3100 1846 3152 1899 in
3205 1842 3464 1899 Socboth.
3508 1837 3697 1892 Profe-

2125 1937 2323 1993 ctionis
2356 1940 2444 1993 hic
2471 1940 2626 2006 ordo,
2657 1949 2709 1994 et
2732 1938 3006 1993 distinctio
3036 1938 3400 2000 mansionum,
3420 1931 3574 1986 valde
3593 1944 3692 1984 ne-

2125 2026 2363 2081 cessaria
2392 2036 2445 2082 et
2473 2028 2811 2082 observanda
2838 2038 2920 2082 est
2945 2029 3014 2081 iis
3041 2029 3132 2096 qui
3170 2018 3469 2094 sequuntur
3499 2020 3693 2082 Deum,

2124 2124 2178 2169 et
2200 2116 2271 2169 ile
2298 2104 2562 2171 viriutum
2588 2116 2925 2187 profectibus
2956 2116 3222 2185 cogitant.
3250 2115 3324 2169 De
3354 2126 3461 2182 quo
3504 2109 3697 2165 ordine

2126 2204 2345 2260 memini
2376 2206 2517 2275 quod
2539 2205 2650 2275 jam
2677 2214 2729 2261 et
2760 2206 2811 2261 in
2838 2206 2983 2273 aliis,
3009 2222 3130 2262 cum
3157 2202 3532 2260 :edilicationis
3564 2216 3695 2256 cau-

2125 2310 2181 2350 sa
2206 2296 2387 2367 aliqua
2416 2299 2778 2368 loqueremur,
2818 2315 2937 2370 quae
2976 2300 3234 2354 Dominus
3272 2299 3400 2352 dare
3442 2296 3696 2363 dignatus

2126 2393 2231 2451 est,
2266 2390 2538 2455 prosecuti
2579 2405 2785 2444 sumus.
2843 2388 2948 2443 Sed
2991 2398 3210 2443 etnunc
3263 2387 3447 2457 paucis
3500 2385 3693 2438 iterum

2125 2479 2415 2533 orantibus
2454 2480 2610 2534 vobis
2659 2480 3149 2535 commonebimus.
3209 2478 3296 2532 Fit
3351 2490 3482 2546 ergo
3521 2474 3691 2543 prima

2126 2568 2392 2637 profectio
2417 2585 2482 2625 ex
2518 2570 2798 2636 Ramesse,
2827 2581 2881 2626 et
2912 2572 3027 2626 sive
3065 2574 3130 2626 de
3161 2570 3266 2624 hoc
3298 2568 3494 2622 mundo
3512 2566 3690 2619 anima

2125 2659 2486 2735 proficiscens
2514 2663 2580 2717 ad
2600 2662 2834 2718 futurum
2858 2661 3111 2717 saeculum
3141 2661 3338 2731 pergit,
3366 2658 3481 2714 sive
3511 2656 3579 2711 ab
3608 2673 3695 2709 cr-

2128 2752 2339 2806 rorlbus
2372 2754 2493 2807 vita:
2522 2754 2589 2807 ad
2616 2754 2759 2808 viam
2801 2754 3022 2808 virtutis
3049 2762 3103 2808 et
3149 2752 3438 2823 agnitionis
3463 2765 3692 2805 conver-

2129 2840 2279 2905 titur,
2304 2856 2368 2897 ex
2401 2842 2657 2899 Ramesse
2692 2844 3073 2912 proficiscitur.
3129 2842 3386 2897 Ramesse
3444 2841 3587 2895 enim
3637 2840 3693 2892 in

2127 2942 2311 2989 nostra
2340 2935 2518 3007 lingua
2542 2937 2737 2991 dicitur
2760 2937 3042 2990 commotio
3076 2935 3312 2997 turbida,
3343 2931 3428 2987 vel
3459 2946 3689 2985 commo—

2127 3026 2199 3080 tio
2222 3027 2373 3083 tinem
2400 3028 2534 3099 (75).
2562 3028 2615 3083 In
2644 3045 2749 3098 quo
2779 3030 2967 3100 utique
3000 3028 3325 3089 ostenditur,
3349 3024 3491 3096 quod
3510 3024 3690 3078 omnia

2129 3118 2182 3174 in
2219 3119 2322 3174 hoc
2348 3114 2547 3176 mundo
2574 3122 2625 3176 in
2664 3122 3119 3176 commotionibus
3171 3129 3227 3173 et
3276 3115 3695 3188 perturbationi~

2127 3206 2226 3262 bus
2250 3209 2424 3278 posita
2448 3219 2595 3274 sunt,
2623 3223 2678 3266 et
2702 3212 2755 3265 in
2796 3210 3102 3279 corruptela
3135 3228 3148 3262 :
3199 3210 3301 3264 hoc
3352 3209 3496 3263 enim
3550 3208 3690 3260 tinea

2128 3297 2346 3353 indicat.
2387 3300 2442 3354 In
2490 3300 2685 3369 quibus
2730 3316 2836 3355 non
2880 3310 3094 3370 Oportet
3143 3301 3379 3354 residere
3431 3296 3689 3358 animam,

2127 3389 2219 3444 sed
2251 3389 2543 3456 proficisci,
2575 3400 2628 3443 et
2652 3392 2840 3445 venire
2868 3392 2921 3445 in
2946 3390 3204 3445 Socboth.
3239 3389 3480 3445 Socboth
3509 3398 3687 3442 autem

2127 3478 2517 3552 interpretatur
2542 3482 2886 3537 tabernacula
2915 3482 3051 3554 (76).
3081 3481 3249 3551 Igitur
3272 3481 3479 3550 prinms
3497 3480 3692 3534 animae

2127 3572 2401 3641 profectus
2425 3583 2508 3629 est
2530 3584 2588 3629 ut
2615 3573 2897 3628 auferatur
2916 3589 2944 3628 a
2973 3572 3337 3629 commotione
3367 3581 3604 3633 terrena,
3634 3580 3690 3624 et

2126 3665 2384 3720 sciatsibi
2422 3674 2677 3736 tanquam
2709 3665 3076 3736 peregrinanti
3102 3665 3154 3719 in
3187 3664 3551 3719 tabernaculis
3593 3662 3690 3715 ha-

2126 3757 2425 3824 bitandum,
2450 3774 2559 3827 quo
2585 3758 2731 3812 velut
2762 3759 2814 3813 in
2874 3759 3151 3825 procinctu
3206 3758 3377 3827 posita
3435 3757 3691 3812 adversus

2127 3847 2443 3903 insidiantes
2488 3849 2736 3915 expedita
2796 3862 3088 3902 occurrere
3161 3848 3331 3917 possit
3385 3854 3438 3901 et
3496 3846 3684 3900 libera.

2124 3941 2253 3995 Inde
2269 3942 2379 4011 jam
2413 3942 2500 3995 ubi
2528 3957 2587 3995 se
2613 3941 2783 3996 'seutit
2808 3954 2929 3995 esse
2978 3947 3357 4009 prmparatam,
3394 3938 3690 4006 proﬁcisci-

2125 4039 2213 4085 tur
2246 4047 2311 4087 ω
2343 4030 2580 4086 Socboth
2622 4041 2677 4087 et
2702 4031 2939 4102 applicat
2968 4032 3018 4084 in
3055 4030 3289 4087 Buthan.
3335 4032 3543 4085 Butban
3566 4046 3690 4085 cono

2125 4122 2273 4176 vallis
2296 4123 2595 4192 appellatur
2628 4124 2761 4194 (77).
2800 4123 3068 4178 Virtutum
3101 4123 3338 4177 diximus
3364 4126 3417 4178 in
3445 4124 3529 4176 bis
3568 4136 3690 4176 esse

2123 4212 2447 4281 profectum.
2517 4214 2701 4270 Virtus
2754 4230 2861 4271 non
2924 4214 3028 4268 nisi
3070 4216 3351 4270 exercitiis
3403 4224 3457 4269 et
3508 4214 3689 4267 labore

2124 4305 2484 4371 conquiritur,
2519 4319 2618 4359 nec
2651 4314 2863 4359 tantum
2898 4306 2949 4358 in
2979 4306 3275 4375 prosperis,
3324 4314 3583 4374 quantum
3633 4305 3686 4357 in

460 4397 667 4445 rentur.
692 4388 822 4455 Qua:
849 4400 1004 4459 putas
1028 4391 1080 4444 in
1108 4390 1227 4447 illos
1254 4392 1491 4447 vindicta
1516 4395 1695 4459 datur,
1722 4410 1840 4463 qua:
1863 4394 2021 4450 infer-
2052 4410 2095 4465 ι)
2127 4394 2367 4447 adversis
2396 4395 2671 4463 probatur.
2708 4394 2932 4448 Venitur
2960 4394 3025 4447 ad
3081 4396 3403 4449 convallem.
3456 4394 3508 4446 ιη
3558 4407 3691 4447 con-

461 4490 549 4534 tur
570 4480 648 4535 eis
673 4480 886 4535 llamma
911 4497 1337 4551 pamarum,cum
1366 4486 1546 4540 vident
1571 4487 1680 4540 haec
1700 4487 1899 4542 lumine
1922 4505 2016 4545 ve-

460 4569 634 4626 ritatis
660 4572 880 4641 aperiri,
908 4584 960 4627 et
980 4574 1185 4630 fraudis
1201 4592 1310 4631 suae
1332 4576 1553 4631 nebulas
1580 4593 1675 4646 per
1690 4580 2014 4647 agnitionem

458 4661 592 4731 legis
623 4663 814 4717 divina:
838 4667 1104 4720 reserari?
1128 4666 1414 4722 Possident
1438 4668 1579 4722 enim
1601 4678 1828 4723 cunctos
1855 4670 2014 4739 quiin

456 4753 760 4822 ignorantia
795 4756 985 4810 vivunt
1015 4774 1029 4810 :
1067 4766 1121 4811 et
1150 4774 1253 4813 non
1276 4758 1450 4813 solum
1484 4759 1605 4814 illos
1632 4761 1720 4829 qui
1750 4761 1923 4815 adhuc
1961 4762 2013 4815 in

458 4844 758 4911 ignorantia
790 4855 935 4915 sunt,
978 4849 1070 4903 sed
1098 4850 1346 4917 ingerunt
1372 4863 1429 4901 se
1462 4865 1603 4917 smpe
1629 4852 1792 4904 etiam
1824 4852 1889 4905 iis
1922 4854 2013 4921 qui

454 4933 619 5005 379
641 4949 975 5006 agnoverunt
1000 4940 1184 5002 Deum,
1214 4949 1267 4993 et
1294 4954 1481 4994 rursus
1514 4942 1563 4993 in
1593 4942 1657 4994 iis
1678 4957 1837 5010 opera
1866 4944 2014 5011 igno-

526 5049 541 5078 ί
567 5046 706 5104 Psal.
735 5064 789 5114 κ,
816 5050 903 5105 12.

524 5157 635 5228 (Ἠ)
663 5158 765 5216 Sed
807 5159 954 5214 uelim
981 5160 1239 5223 requirere
1278 5168 1537 5228 quomodo
1566 5166 1701 5217 Deus
1731 5167 2009 5220 vindictam

456 5228 612 5303 faciat
642 5229 704 5303 in‘
722 5229 1004 5303 daemones,
1043 5232 1377 5303 eunt_r_ttique_
1402 5235 1641 5286 vindicta:
1665 5237 1773 5288 dies
1796 5248 1840 5288 et
1860 5236 2012 5303 judi-

451 5298 520 5350 cii
566 5298 793 5372 nondum
834 5300 1119 5372 advenerit.
1166 5299 1296 5355 Vide
1342 5301 1779 5372 Origenianorum
1833 5298 1923 5358 lib.
1954 5321 2015 5371 tt,

450 5376 641 5434 quaest.
668 5368 721 5429 5,
756 5384 903 5421 num.
931 5369 1021 5422 2‘2.

481 5527 487 5533 ι
521 5458 633 5527 (75)
666 5456 1065 5533 Ramesseenim
1097 5463 1149 5513 in
1175 5476 1347 5517 nostra
1370 5465 1549 5531 lingua
1574 5466 1769 5516 dicitur
1789 5480 2015 5517 commo-

451 5527 524 5579 tio
571 5527 806 5588 turbida,
856 5528 930 5580 uel
978 5536 1251 5584 commotio
1300 5527 1471 5585 tinew'.
1524 5534 1783 5587 Nimirum
1830 5552 1858 5587 ει
1896 5544 2015 5595 D'J‘i

452 5611 475 5645 ι
507 5597 858 5665 commoveri,
896 5598 1138 5664 pereelli.
1175 5620 1190 5650 ο
1224 5613 1277 5653 ct
1316 5614 1391 5660 DD
1426 5620 1442 5651 ι
1475 5604 1639 5665 tinea,
1666 5604 1850 5657 blatta.
1884 5622 1902 5655 ι

517 5664 634 5734 (76)
665 5666 896 5722 Sor/tolli
931 5678 1102 5721 autem
1128 5669 1499 5738 interpretatur
1525 5664 1887 5728 tabernacula.
1906 5673 2013 5729 Ra-

982 5057 1002 5087 ²
1024 5049 1180 5105 Num.
1210 5066 1405 5115 xxxiii,
1432 5053 1484 5109 4.

2126 4481 2350 4537 vallibus
2402 4492 2581 4537 autem
2628 4494 2683 4539 et
2728 4485 2781 4539 in
2838 4485 3183 4541 inferioribus
3235 4484 3366 4539 locis
3414 4492 3688 4538 certamen

2126 4573 2358 4627 habetur
2393 4575 2651 4629 adversus
2692 4574 2963 4629 diabolum
3017 4586 3072 4631 et
3103 4576 3407 4631 contrarias
3452 4586 3691 4645 potesta-

2126 4676 2226 4723 tes.
2257 4667 2310 4721 ln
2338 4667 2569 4722 convalli
2593 4684 2725 4738 ergo
2756 4684 2891 4737 agon
2914 4671 3180 4739 gerendus
3203 4682 3303 4734 est,
3342 4679 3395 4726 ct
3442 4672 3497 4724 in
3554 4685 3687 4725 con-

2127 4760 2249 4814 valli
2283 4760 2626 4831 pugnandum
2656 4770 2761 4817 est.
2793 4761 3031 4832 Denique
3057 4774 3112 4817 et
3137 4764 3408 4818 Abraham
3444 4763 3496 4815 in
3550 4761 3686 4813 valle

2124 4852 2426 4906 Salinarum
2457 4852 2709 4922 pugnavit
2757 4852 3041 4907 adversum
3098 4853 3359 4905 barbaros
3420 4866 3597 4919 reges,
3632 4858 3685 4902 et

2122 4942 2194 4998 ibi
2227 4944 2508 4997 victoriam
2535 4953 2859 4998 consecutus
2888 4953 2971 4997 est
2998 4942 3039 4996 °.
3071 4941 3359 4995 Descendit
3409 4956 3537 5008 ergo
3571 4942 3684 4991 via-

1561 5053 1580 5083 ³
1610 5054 1735 5107 ibid.
1788 5053 1807 5083 "
1835 5054 1852 5106 ι
1876 5055 1997 5109 Cor.
2023 5072 2141 5124 VIII,
2170 5056 2223 5113 5.
2276 5058 2463 5133 "Psal.
2492 5073 2633 5121 xcvr,
2658 5058 2711 5112 5.
2788 5060 2807 5090 ⁶
2828 5056 2965 5111 Gen.
2998 5072 3106 5110 xtv.

2120 5171 2207 5225 di!
2245 5179 2457 5251 esl'pD
2505 5193 2523 5225 ι
2558 5174 2708 5236 luxit,
2771 5174 3014 5236 olilcxit,
3077 5191 3093 5222 ι
3146 5173 3283 5225 unde
3324 5184 3433 5231 τωο
3477 5191 3492 5222 t
3528 5183 3685 5241 tugu-

2119 5264 2281 5384 ι’ἰιῖιιι,
2309 5267 2733 5332 tabernaculum,
2765 5285 2780 5315 ›
2814 5275 2867 5316 et
2900 5270 2950 5316 in
2985 5264 3172 5331 plurali
3211 5272 3344 5321 nu:
3381 5284 3396 5313 ι
3432 5266 3685 5318 taberna-

2119 5349 2182 5384 cu
2210 5350 2259 5384 a.
2298 5353 2314 5383 ι

2119 5349 2534 5472 ωἱῗιθῖὶέηιήηη
2558 5403 2807 5455 convallis
2835 5403 3149 5470 appellatur.
3194 5400 3263 5472 In,
3295 5402 3518 5455 Ιισιιη-ευθ
3549 5405 3681 5471 trgi,

2124 5480 2209 5542 tur
2251 5482 2414 5529 lanx:
2468 5490 2484 5521 ι
2525 5474 2573 5525 in
2605 5472 2813 5525 Etbam.
2852 5490 2895 5542 DV
2930 5473 3081 5539 Apud
3132 5471 3269 5524 LXX
3319 5474 3510 5541 legitur
3561 5474 3683 5542 βους
3726 5478 3731 5483 ”

2122 5540 2424 5666 θᾴἴμιιιοιί,
2478 5558 2575 5598 cur
2613 5561 2629 5591 ‹
2670 5541 2933 5596 convallis
2975 5559 2990 5591 ι
3037 5543 3293 5610 appellari
3340 5540 3527 5612 possit,
3562 5540 3699 5600 mon.

2122 5625 2294 5666 vneo.

2122 5625 2294 5666 γιιιευ.
