4104 6226
499 218 587 273 791

1974 204 2222 262 ORIGEN
2229 207 2292 262 IS

3641 214 3752 268 79i

499 341 696 388 wr'mc
727 349 912 390 uoster
936 337 1002 390 ad
1033 353 1130 392 eos
1161 337 1251 406 qui
1295 337 1348 390 in
1381 334 1667 406 profundis
1717 339 1842 387 sunt
1897 339 1950 384 et
2011 328 2061 380 in
2092 327 2410 394 Ajacentes
2450 327 2515 380 ad
2546 327 2695 381 littus
2726 327 2914 381 maris.
2959 327 3094 382 Cum
3149 340 3330 383 autem
3390 333 3589 388 videris
3651 351 3746 390 eos

491 425 638 486 imis,
664 441 770 481 non
803 439 860 480 ut
883 429 958 482 ibi
982 430 1317 494 demoretur,
1336 429 1428 484 sed
1459 437 1518 482 ut
1543 428 1612 482 ibi
1638 425 1915 495 victoriam
1934 438 2016 476 cor

2156 417 2424 484 jacentes,
2463 425 2519 469 tu
2548 431 2774 486 exsurge
2804 427 2856 471 et
2907 430 3070 472 canta
3110 420 3164 474 in
3201 426 3436 480 canticis
3490 427 3739 492 Domino,

489 527 767 583 sequatur.
804 517 1038 572 Profecti
1074 530 1202 572 sunt
1226 531 1405 574 autem
1439 535 1505 573 ex
1534 518 1764 581 Butban,
1806 527 1860 570 et
1889 515 2060 584 appli-

493 617 721 660 cttertmt
749 609 815 660 ad
844 624 904 662 os
936 609 1102 663 lroth.
1139 608 1283 664 lroth
1321 613 1461 664 vicus
1506 609 1894 676 interpretatur
1923 604 2059 674 (78)-

484 694 731 751 Nondum
794 700 938 752 cnim
1000 701 1220 754 venitur
1282 702 1349 753 ad
1401 701 1715 761 civitatem,
1779 713 1878 752 nec
1937 710 2057 763 quae

486 787 726 854 perfecta
782 801 909 845 sunt
956 792 1067 859 jam
1127 802 1413 854 tenentur,
1471 792 1563 844 sed
1612 790 1823 843 interim
1881 788 2055 856 primo

484 893 646 945 parva
679 894 906 950 quaeque
930 882 1234 950 capiuntur.
1304 881 1399 935 Hic
1431 890 1513 936 est
1558 881 1700 934 enim
1754 879 2050 949 proiectus,

481 979 541 1022 nt
570 973 804 1037 aparvis
837 974 903 1026 ad
959 989 1150 1038 magna
1196 974 1466 1027 veniatur.
1522 974 1746 1028 Venitur
1793 988 1924 1042 ergo
1975 972 2042 1025 ad

475 1059 773 1124 lroth,hoc
809 1072 893 1117 est
939 1063 1002 1114 ad
1061 1064 1360 1130 ingressum
1417 1065 1651 1134 primum
1710 1066 1835 1128 vici,
1905 1065 2048 1133 quod

475 1153 797 1206 (‘slinitium
833 1155 1262 1210 conversationis
1291 1195 1306 1218 ,
1363 1167 1416 1211 et
1455 1158 1794 1212 abstinentiae
1843 1158 2048 1210 medio-

475 1241 606 1293 cris.
653 1240 964 1296 Periculosa
1021 1257 1104 1298 est
1162 1262 1395 1315 namque
1429 1249 1478 1300 in
1535 1248 1706 1301 initiis
1737 1248 1959 1316 grandis
1991 1257 2046 1301 et

472 1331 828 1385 immoderata
852 1334 1201 1390 abstinentia.
1249 1338 1395 1394 lrotlt
1425 1348 1601 1393 autem
1632 1338 1745 1392 lucc
1765 1339 1937 1406 posita
1961 1348 2045 1392 est

467 1429 656 1474 contra
685 1422 1039 1496 Beelsepbon,
1064 1439 1118 1486 et
1140 1442 1329 1486 contra
1355 1433 1679 1504 Magdalum.
1704 1434 2039 1505 Beelsephon.

465 1513 861 1584 interpretatur
917 1523 1155 1576 ascensio
1219 1524 1460 1591 specut'w,
1522 1525 1636 1580 sive
1683 1527 1849 1580 turris
1901 1526 2036 1597 (79).

462 1605 508 1656 Α
565 1608 747 1673 parvis
809 1621 939 1676 erga
1004 1611 1317 1663 ascenditur
1377 1612 1443 1665 ad
1513 1627 1744 1680 magna,
1797 1623 1852 1667 et
1895 1628 2036 1670 non-

460 1698 585 1748 dum
621 1697 672 1749 in
706 1699 816 1764 ipsa
843 1699 1082 1767 specula,
1113 1701 1207 1755 sed
1253 1711 1440 1755 contra
1493 1704 1802 1771 speculam,
1838 1704 1895 1758 id
1949 1715 2034 1760 est

460 1787 513 1840 in
545 1799 832 1856 conspectu
867 1791 1098 1857 speculae
1127 1793 1298 1859 posita
1325 1803 1430 1847 est.
1465 1794 1748 1864 Speculari
1771 1796 1918 1850 enim
1955 1797 2032 1852 in-

457 1879 610 1945 cipit,
646 1891 698 1932 et
729 1882 1044 1948 prospicere
1091 1899 1242 1952 spem
1295 1883 1530 1940 futuram
1583 1896 1637 1940 et
1688 1887 2031 1944 altitudinem

453 1968 794 2036 profectaum
833 1974 1212 2043 contemplari,
1240 1986 1295 2031 et
1331 1977 1585 2047 paulatim
1636 1981 1852 2046 crescit,
1899 1982 2028 2036 dum

456 2061 576 2127 plus
611 2077 708 2131 spe
759 2065 998 2119 nutritur
1037 2081 1198 2136 quam
1246 2069 1522 2124 laboribus
1568 2071 1845 2142 fatigatur.
1897 2073 2028 2140 Qua:

451 2154 634 2216 statio,
664 2153 780 2208 sive
801 2158 1010 2214 mansio
1039 2169 1228 2215 contra
1261 2161 1563 2232 llfagdalum
1619 2177 1723 2227 est,
1780 2169 2023 2222 nomium

451 2243 505 2297 itt
547 2245 662 2313 ipso
721 2245 988 2315 Magdalo.
1046 2251 1350 2322 Magdalum
1423 2257 1567 2310 enim
1631 2259 2025 2326 magniﬁcentia

449 2333 652 2389 dicitur
689 2337 824 2406 (80).
856 2340 1074 2397 Habetis
1100 2359 1232 2410 ergo
1262 2346 1312 2398 in
1341 2360 1458 2400 COD?
1480 2359 1634 2415 pectu
1665 2360 1719 2402 et
1747 2354 2024 2407 ascensio-

447 2440 569 2478 nem
601 2429 854 2494 speculte,
883 2441 937 2484 et
977 2435 1433 2500 magnilicentiam
1478 2455 1659 2493 rerum
1689 2438 2017 2506 futurarum,

445 2512 753 2579 spebus,ut
789 2517 1058 2582 diximus,
1096 2521 1404 2589 ingentibus
1449 2528 1694 2594 pascitur
1741 2538 1797 2584 et
1847 2531 2021 2584 nutri-

444 2613 552 2656 tur.
586 2602 642 2657 lu
669 2607 1093 2674 profectionibus
1123 2613 1267 2668 enim
1301 2627 1384 2669 est
1405 2661 1417 2682 ,
1454 2633 1561 2672 non
1597 2619 1648 2672 in
1681 2620 2020 2690 perfectione

433 2693 547 2760 jam
585 2696 782 2764 posita.

510 2783 595 2838 lt).
622 2783 747 2841 Post
780 2789 894 2843 lucc
919 2790 1340 2859 proficiscuntur
1367 2797 1432 2851 de
1461 2796 1630 2865 lroth,
1652 2810 1708 2856 et
1732 2814 2016 2860 transeunt

437 2892 532 2944 per
567 2878 801 2933 medium
845 2883 1012 2938 maris
1039 2883 1230 2952 Rubri,
1264 2898 1317 2943 et
1340 2889 1719 2958 applicuerunt
1752 2897 1818 2949 ad
1860 2915 2010 2952 anta-

436 2965 718 3025 ritudines.
754 2968 998 3026 Diximus
1026 2982 1234 3043 tempus
1256 2976 1622 3044 profectuum,
1653 2990 1863 3050 tempus
1893 2999 2012 3039 esse
2041 3016 2084 3074 ο

435 3055 1016 3128 periculorum.Quam
1076 3065 1298 3121 molesta
1337 3070 1565 3126 teutatio
1617 3073 1852 3128 transire
1913 3091 2012 3145 per

442 3151 681 3204 medium
717 3168 887 3210 mare.
921 3155 1104 3211 videre
1135 3159 1329 3215 fluctus
1353 3162 1404 3215 in
1429 3163 1700 3217 cumulum
1741 3181 2006 3232 crescere,

433 3240 626 3296 audire
655 3245 922 3299 undarum
958 3247 1344 3305 insanientium
1392 3269 1556 3308 voces
1605 3265 1658 3310 et
1695 3258 1956 3326 strepitus
1991 3277 2004 3311 :

430 3334 523 3386 sed
553 3344 734 3391 tamen
771 3338 814 3391 si
843 3341 1092 3409 sequaris
1131 3341 1376 3414 Moysen,
1414 3345 1466 3398 id
1528 3356 1613 3402 est
1666 3347 1838 3417 legem
1887 3350 2002 3416 Dei,

430 3439 460 3476 a
484 3441 584 3491 tua:
617 3427 710 3481 tibi
742 3445 930 3485 murus
957 3432 1180 3489 dextera
1234 3435 1475 3506 laevaque
1517 3441 1668 3504 licnt,
1703 3453 1758 3496 ct
1791 3443 1894 3499 iter
1924 3447 2004 3498 in-

429 3517 616 3570 venies
644 3533 744 3586 per
769 3521 974 3574 siccum
1011 3525 1063 3576 in
1099 3526 1278 3582 medio
1315 3530 1472 3581 mari.
1508 3531 1613 3584 Sed
1659 3544 1712 3585 et
1746 3534 1871 3587 illud
1903 3536 2004 3587 iter

426 3608 648 3663 caeleste
685 3611 828 3680 quod
862 3629 1022 3682 agere
1055 3617 1284 3674 dicimus
1304 3619 1562 3683 animam,
1599 3633 1769 3692 potesn
1803 3628 1916 3678 tieri
1945 3637 2002 3679 ut

428 3695 627 3752 habeat
658 3699 860 3770 aliquid
893 3719 1197 3771 aquarum,
1227 3719 1405 3776 potest
1452 3711 1568 3765 fleri
1604 3724 1658 3767 ut
1718 3715 1786 3768 ibi
1847 3717 1998 3771 inve-

425 3790 648 3845 niantur
675 3793 830 3848 undae
856 3812 870 3861 ;
900 3805 985 3851 est
1016 3800 1160 3853 enim
1198 3801 1270 3856 ibi
1313 3818 1441 3871 pars
1492 3807 1670 3874 aliqua
1709 3825 1996 3877 aquarum,

420 3890 467 3930 et
498 3894 626 3946 pars
673 3882 852 3953 aliqua
906 3887 1009 3941 sub
1056 3890 1227 3953 coelo;
1271 3901 1327 3945 et
1382 3908 1482 3946 nos
1529 3895 1744 3951 interim
1806 3900 1995 3953 harum

421 3983 543 4034 qme
599 3971 699 4026 sub
753 3973 892 4029 cwlo
959 3986 1086 4029 sunt
1149 3993 1410 4046 aquarum
1468 3986 1640 4040 undas
1694 3986 1996 4060 ﬂuctusque

421 4058 795 4123 perferimus:
837 4066 979 4119 Deus
1036 4067 1237 4122 viderit
1267 4070 1312 4124 si
1364 4071 1468 4126 illa:
1517 4077 1714 4142 quietae
1776 4058 1997 4137 suntet
2056 4122 2082 4148 -,

418 4149 669 4215 placidae,
709 4166 808 4206 nec
844 4155 1116 4223 aliquibus
1145 4159 1321 4214 ventis
1362 4159 1620 4219 ﬂantibus
1659 4169 1987 4225 excitantur.

416 4239 522 4292 Sed
559 4256 659 4296 nos
687 4244 929 4311 interim,
965 4262 1091 4301 cum
1120 4251 1430 4309 venerimus
1469 4255 1536 4311 ad
1565 4261 1850 4315 transitum
1881 4279 1992 4317 ma-

2161 518 2212 562 et
2244 507 2488 560 collauda
2524 523 2645 560 eum
2687 509 2777 576 qui
2812 524 3010 577 equum
3047 521 3101 565 et
3137 527 3488 570 ascensorem
3525 520 3741 573 demer—

2159 600 2230 650 sit
2263 599 2313 651 in
2350 597 2592 652 Rubrum
2636 616 2806 654 mare.
2851 603 3396 676 Applicueruntergo
3422 609 3486 660 ad
3542 613 3740 664 amari-

2161 690 2391 743 tudines.
2427 691 2665 744 Audiens
2713 693 3116 748 amaritudines
3159 715 3263 752 non
3309 715 3567 767 pavescas
3594 742 3608 765 ,
3640 719 3737 758 ne-

2155 794 2262 849 que
2293 781 2572 834 terrearis.
2609 781 2842 836 «Omnis
2889 786 3036 838 enim
3079 791 3316 844 eruditio
3376 793 3442 844 ad
3497 809 3734 861 prmsens

2156 881 2261 920 non
2297 867 2510 919 videtur
2538 867 2710 922 dulcis
2746 883 2869 923 esse
2893 911 2908 932 ,
2942 873 3038 926 sed
3091 888 3296 928 amara.
3357 874 3544 931 Postea
3600 894 3734 934 vero

2152 957 2386 1013 fructum
2420 957 2789 1014 dulcissimum
2843 973 2898 1017 et
2944 965 3354 1033 pacatissimum
3416 970 3729 1026 exercitatis

2151 1066 2248 1119 per
2279 1052 2630 1120 semetipsum
2664 1054 2840 1108 reddit
2864 1055 3098 1122 justitize
3124 1059 3161 1122 ⁷,
3204 1080 3222 1111 ι
3253 1063 3398 1114 sicut
3436 1063 3726 1130 Apostolus

2148 1146 2329 1197 docet.
2364 1143 2605 1214 Denique
2634 1156 2690 1198 et
2736 1161 2930 1213 azyma
2984 1165 3104 1202 cum
3166 1154 3536 1206 amaritudine
3584 1157 3725 1211 vesci

2147 1235 2538 1304 praecipiuntur
2567 1253 2578 1289 :
2613 1251 2712 1291 nec
2742 1247 2827 1291 est
2866 1241 3116 1307 possibile
3162 1245 3464 1310 pervenire
3499 1248 3566 1300 ad
3613 1258 3724 1301 ter-

2145 1341 2260 1380 ram
2292 1328 2750 1395 repromissionis,
2779 1331 2875 1385 nisi
2919 1347 3011 1400 per
3040 1335 3442 1390 amaritudines
3476 1347 3727 1395 transea-

2144 1429 2284 1468 mus.
2337 1414 2488 1470 Sicut
2548 1417 2691 1470 enim
2763 1420 2954 1474 medici
3013 1423 3397 1478 amaritudines
3449 1429 3718 1495 quasdam

2143 1507 2551 1561 medicamentis
2580 1508 2828 1562 inserunt
2859 1510 3048 1563 salutis
3074 1523 3350 1581 prospectu
3397 1525 3452 1569 et
3502 1519 3716 1574 sanita-

2143 1599 2213 1652 tis
2235 1599 2602 1670 languentium
2636 1641 2650 1665 ,
2692 1602 2764 1656 ita
2790 1613 2846 1656 et
2892 1603 3083 1659 salutis
3120 1618 3396 1674 prospectu
3447 1613 3703 1666 medicus

2142 1689 2446 1743 animarum
2476 1702 2788 1745 nostrarum
2826 1695 3219 1749 amaritudines
3249 1711 3345 1751 nos
3379 1700 3499 1752 vita:
3540 1701 3704 1768 hujus

2141 1780 2310 1834 voluit
2342 1781 2451 1850 pati
2497 1782 2550 1836 in
2609 1783 2840 1838 diversis
2887 1786 3311 1850 tentationibus,
3363 1790 3536 1843 sciens
3575 1793 3698 1859 quia

2140 1871 2266 1928 finis
2291 1873 2449 1943 hujus
2474 1876 2856 1933 amaritudinis
2896 1879 3092 1933 animae
3125 1890 3325 1935 nostra:
3375 1882 3706 1938 dulcedinem

2137 1965 2329 2020 salutis
2359 1968 2605 2034 acquirat
2643 1983 2656 2019 :
2690 1969 2832 2023 sicut
2865 1980 2918 2024 et
2966 1972 3276 2026 econtrario
3309 1972 3435 2027 linis
3477 1975 3714 2031 dulcedi-

2136 2058 2220 2109 nis
2250 2072 2370 2126 quae
2395 2068 2475 2111 est
2512 2059 2562 2112 in
2592 2059 2868 2130 voluptate
2907 2077 3193 2131 corporea,
3234 2073 3294 2116 ut
3331 2063 3517 2120 divitis
3571 2067 3712 2124 illius

2134 2148 2381 2218 exempla
2424 2152 2746 2217 docuerunt,
2779 2167 3028 2206 amarum
3055 2153 3218 2208 linem
3254 2156 3434 2210 reddit
3462 2157 3515 2210 in
3547 2157 3712 2212 infen-

2133 2257 2260 2296 nnm
2307 2255 2609 2310 pinnarum.
2643 2242 2723 2296 Tu
2761 2260 2889 2312 ergo
2932 2245 3021 2313 qui
3062 2245 3164 2299 iter
3210 2245 3430 2302 virtutis
3477 2247 3707 2313 incedis,

2132 2351 2236 2389 non
2281 2336 2516 2404 rctugias
2548 2335 2820 2404 applicare
2843 2336 2907 2389 ad
2945 2339 3356 2395 amaritudines.
3381 2339 3704 2396 Proticisce-

2130 2427 2204 2479 ris
2233 2427 2377 2479 enim
2411 2437 2463 2480 et
2486 2428 2630 2492 inde,
2661 2430 2805 2484 sicut
2826 2439 2880 2482 et
2907 2429 3002 2483 filii
3027 2429 3213 2484 lsrael.
3547 2503 3560 2513 .

2199 2525 2284 2578 ll.
2318 2543 2335 2576 ‹
2371 2525 2605 2580 Profecti
2641 2535 2786 2590 sunt,
2821 2525 2997 2596 inquit
3023 2525 3064 2591 ⁸,
3091 2528 3157 2581 de
3208 2529 3592 2597 amaritudine,
3639 2542 3696 2585 ct

2128 2626 2393 2670 venerunt
2420 2619 2472 2670 in
2498 2616 2693 2671 Helim.
2730 2636 2748 2668 i
2789 2616 2963 2672 lielim
2989 2627 3094 2683 est,
3126 2619 3214 2672 tibi
3248 2632 3374 2674 sunt
3413 2621 3693 2676 duodecim

2123 2708 2302 2763 fontes
2327 2722 2611 2778 aquarum,
2649 2719 2704 2764 et
2733 2711 3076 2778 septuaginta
3098 2709 3466 2767 duwat'bores
3488 2716 3696 2782 palma-

2122 2816 2264 2854 rum.
2292 2801 2453 2856 Vides
2482 2811 2601 2870 post
2642 2804 3054 2869 amaritudincs,
3087 2815 3207 2872 post
3228 2807 3547 2876 asperitates
3575 2818 3694 2862 ten-

2122 2892 2410 2958 tationum,
2449 2909 2610 2962 quam
2647 2905 2697 2949 te
2746 2910 2958 2950 alumna
3016 2897 3318 2966 suscipiunt
3385 2897 3524 2952 loca.
3573 2897 3689 2952 Non

2122 2984 2365 3039 venisses
2394 2988 2460 3041 ad
2485 2987 2714 3054 palmas,
2750 2990 2850 3043 nisi
2882 2989 3238 3044 tentationnm
3297 2991 3690 3046 amaritudines

2120 3076 2432 3137 pertulisses
2458 3117 2473 3144 ,
2510 3093 2608 3133 uec
2640 3080 2884 3136 venisses
2909 3082 2975 3134 ad
3027 3081 3369 3136 dulcedinem
3432 3082 3686 3146 fontium,

2117 3167 2221 3222 nisi
2251 3169 2400 3238 prius
2432 3184 2553 3238 qme
2580 3171 2756 3225 tristia
2794 3171 3010 3226 fuerant
3039 3181 3092 3226 et
3115 3187 3306 3242 aspera
3329 3188 3640 3243 superasses
3666 3189 3682 3226 :

2117 3274 2220 3314 non
2249 3260 2480 3328 quojam
2514 3261 2638 3315 linis
2669 3265 2739 3317 sit
2801 3263 2853 3316 in
2899 3263 2983 3318 his
3031 3265 3266 3328 itineris,
3328 3275 3385 3319 et
3424 3265 3685 3332 perfectio

2113 3361 2433 3406 cunctorum
2468 3368 2483 3416 ;
2541 3352 2668 3406 sed.
2704 3353 3044 3422 dispensator
3081 3354 3386 3408 animarum
3437 3355 3577 3410 Deus
3627 3355 3683 3409 in

2114 3441 2227 3508 ipso
2264 3440 2460 3497 itinere
2491 3442 2775 3499 interserit
2813 3445 3088 3500 laboribus
3109 3447 3271 3501 etiam
3309 3447 3559 3516 quaedam
3597 3463 3678 3501 re.

2111 3531 2351 3601 l'rigeria,
2380 3532 2578 3600 quibus
2595 3532 2767 3588 refota
2795 3534 2972 3588 anima
2999 3545 3053 3589 et
3085 3546 3352 3604 reparata,
3379 3536 3683 3605 promptior

2111 3624 2296 3678 redeat
2319 3624 2386 3676 ad
2420 3624 2658 3692 reliquos
2688 3623 2922 3680 labores.
2960 3626 3133 3681 llelim
3176 3637 3358 3681 autem
3409 3627 3684 3696 interpre-

2111 3721 2252 3766 tatur
2277 3713 2466 3767 arietes
2499 3714 2634 3783 (Si).
2663 3715 2874 3768 Arietes
2907 3716 3072 3770 duces
3105 3726 3228 3770 sunt
3283 3732 3531 3787 gregum.
3574 3718 3679 3783 Qui

2106 3813 2231 3857 sunt
2259 3818 2388 3872 ergo
2427 3805 2592 3856 duces
2646 3803 2825 3871 gregis
2856 3803 3097 3868 Christi,
3147 3805 3248 3858 nisi
3282 3804 3532 3874 apostoli,
3583 3807 3676 3873 qni

2105 3905 2234 3949 sunt
2265 3908 2321 3948 et
2357 3896 2635 3950 duodecim
2670 3895 2894 3950 fontes?
2941 3895 3136 3950 Verum
3169 3897 3424 3965 quoniam
3454 3912 3558 3951 non
3581 3912 3674 3952 so-

2105 3987 2215 4040 lum
2248 3987 2367 4041 illos
2391 3987 2672 4042 duodecim
2699 3987 2860 4056 elegit
2893 3989 3151 4042 Dominus
3193 3997 3248 4042 et
3293 3987 3543 4042 Salvator
3572 4002 3672 4040 uo-

2102 4089 2233 4145 ster,
2261 4080 2355 4133 sed
2383 4088 2439 4133 et
2459 4079 2594 4134 alios
2615 4080 2954 4148 septuaginta
2982 4080 3140 4145 duos,
3176 4079 3379 4134 idcirco
3431 4096 3538 4135 non
3579 4093 3670 4132 so~

2101 4171 2210 4224 lum
2241 4169 2527 4225 duodecim
2555 4169 2753 4234 fontes,
2781 4173 2873 4225 sed
2913 4181 2965 4227 et
2988 4171 3331 4242 septuaginta
3368 4170 3486 4224 dua:
3512 4169 3672 4224 arbo-

2102 4275 2188 4314 res
2217 4260 2530 4314 scribuntur
2559 4276 2678 4315 esse
2708 4262 3034 4330 palmarum,
3061 4272 3116 4317 et
3151 4262 3248 4332 ipsi
3274 4262 3414 4316 enim
3441 4261 3668 4329 apostoli

416 4332 516 4396 ris,
541 4334 757 4390 etiamsi
805 4337 1083 4396 videamus
1116 4341 1453 4401 Pharaonem
1486 4357 1540 4404 et
1571 4349 1855 4422 Egyptios
1911 4357 1991 4411 in.
2023 4371 2068 4425 ι)
2099 4354 2468 4419 nominantur,
2493 4357 2635 4410 sicut
2665 4364 2722 4410 et
2769 4356 2883 4423 ipse
2941 4355 3141 4411 Paulus
3187 4356 3388 4422 dicit’,
3441 4370 3561 4408 cum
3601 4357 3668 4408 de

415 4436 729 4494 sentientes,
765 4431 897 4486 nihil
931 4434 1284 4504 trepidemus,
1320 4441 1502 4497 nullus
1534 4445 1599 4498 de
1657 4445 1740 4500 his
1789 4457 1986 4513 metus,

413 4515 562 4570 nulla
593 4517 828 4576 formido
851 4523 942 4579 sit.
967 4523 1269 4584 Credamus
1291 4541 1500 4585 tantum
1527 4536 1579 4588 in
1610 4551 1773 4591 unum
1802 4553 1984 4595 verum

411 4607 608 4702 Deum,
637 4619 692 4666 et
723 4627 884 4681 quem
916 4616 1064 4672 misit
1106 4619 1302 4674 Filium
1358 4637 1516 4676 suum
1567 4624 1749 4680 Jesnm
1820 4629 1986 4702 380

408 4697 707 4758 Christum.
744 4703 898 4771 Quod
919 4716 973 4764 et
1002 4710 1046 4765 si
1073 4711 1287 4767 dicatur
1308 4714 1533 4784 populus
1559 4715 1667 4772 Deo
1687 4697 1984 4779 credidisse

409 4800 464 4846 et
490 4794 694 4850 famulo
729 4799 846 4867 ejus
873 4800 1068 4874 Moysi,
1095 4804 1374 4861 credimus
1424 4817 1479 4862 et
1538 4824 1636 4864 nos
1683 4817 1979 4870 secundum

411 4884 512 4938 hoc
540 4887 704 4941 etiam
743 4888 938 4962 Moysi,
979 4894 1030 4949 id
1084 4905 1169 4951 est
1247 4896 1352 4968 legi
1419 4897 1511 4954 Dei
1563 4912 1616 4954 et
1676 4905 1979 4973 prophetis.

408 4975 681 5035 Constans
703 4995 833 5053 ergo
859 4996 999 5050 esto,
1024 4993 1078 5039 et
1112 4988 1271 5056 paulo
1306 4999 1428 5058 post
1456 4992 1663 5047 videbis
1701 4993 1982 5066 Egyptios

479 5070 502 5102 "
539 5070 706 5130 Hebr.
734 5090 833 5141 ut,
866 5077 952 5132 Η.
1049 5081 1072 5112 ⁸
1109 5081 1268 5137 Νυηι.
1296 5100 1495 5152 xxxnr,
1528 5085 1580 5141 9.
1642 5089 1662 5118 9
1694 5087 1712 5140 ι
1740 5089 1860 5144 Cor.
1891 5109 1978 5149 xv.

480 5184 594 5249 (78)
636 5185 786 5259 [roth
812 5188 954 5244 vicus
980 5191 1374 5258 interpretatur.
1406 5195 1460 5251 In
1496 5197 1724 5254 Hebraeo
1755 5200 1989 5259 habetur

404 5262 552 5337 {ﬁeri
585 5273 602 5306 ι
641 5256 853 5322 Hiroth,
896 5279 918 5313 ι
949 5263 1088 5337 apud
1117 5256 1281 5324 LXX,
1332 5266 1530 5337 Εἰρὼθ.
1584 5267 1700 5322 Jam
1753 5285 1883 5326 vero
1911 5256 1914 5257 ν
1939 5256 1984 5329 si

407 5325 650 5397 litteran
689 5339 929 5397 mutatur
957 5325 1008 5386 in
1041 5343 1080 5395 ν
1105 5345 1160 5388 et
1203 5325 1505 5391 mascuiina
1537 5338 1707 5393 forma
1741 5340 1793 5394 in
1832 5325 1989 5397 femi;

407 5394 791 5478 ninam,lroth
834 5394 1282 5478 deduci’poterit
1344 5408 1410 5460 ab
1444 5416 1555 5478 5737
1601 5411 1742 5478 quod
1793 5394 1987 5478 plurali

409 5479 636 5556 innumero
667 5466 844 5524 Judic.
877 5487 929 5537 κ,
961 5473 1016 5538 4,
1043 5466 1323 5556 significat
1353 5466 1560 5541 «villas,
1589 5466 1986 5545 virosn'émd;

403 5529 530 5584 λει.
917 5529 926 5537 ’
1002 5529 1015 5538 ’
1096 5529 1176 5556 ”·
1275 5529 1292 5530 '7
1397 5529 1430 5530 γέ
1514 5529 1560 5541 Ἴ
1601 5529 1637 5533 Ἰ
1681 5529 1955 5545 “er

476 5548 586 5669 619)
636 5604 953 5672 Beelseplton
1014 5612 1672 5681 interpretatur,ascensio
1721 5622 1974 5691 specula’.

2098 4449 2499 4504 resurrectione
2523 4447 2823 4504 Salvatoris
2861 4458 3178 4516 exponeret.
3227 4447 3408 4510 Visus,
3472 4447 3666 4516 inquit,

2097 4547 2180 4594 est
2205 4537 2313 4595 illis
2336 4539 2606 4607 undecim,
2637 4540 2830 4595 deinde
2863 4540 3110 4608 apparuit
3141 4549 3194 4592 et
3231 4539 3480 4593 omnibus
3533 4552 3666 4606 apo-

2094 4630 2268 4684 stolis.
2323 4629 2377 4683 ln
2437 4647 2545 4700 quo
2596 4632 2832 4686 ostendit
2879 4645 3001 4686 esse
3056 4643 3105 4684 et
3170 4629 3304 4684 alios
3367 4628 3662 4698 apostolos,

2091 4725 2332 4791 exceptis
2360 4724 2468 4779 illis
2495 4725 2800 4779 duodecim.
2845 4723 2972 4778 Haec
3002 4734 3051 4778 te
3075 4740 3202 4793 ergo
3229 4723 3514 4777 amcenitas
3544 4731 3664 4790 post

2093 4818 2530 4882 amaritudinem,
2567 4822 2680 4873 haec
2705 4827 2756 4873 te
2791 4818 3006 4888 requies
3033 4827 3150 4887 post
3175 4817 3440 4882 laborem,
3467 4819 3577 4869 haec
3612 4826 3661 4867 te

2092 4911 2264 4978 gratia
2315 4920 2435 4980 post
2466 4919 2800 4964 tentamenta
2852 4910 3127 4978 suscipiet.
3166 4927 3185 4960 ι
3241 4906 3474 4962 Profecti
3511 4918 3657 4967 sunt,

2094 5002 2359 5071 inquit”,
2398 5003 2464 5058 de
2511 5003 2718 5067 llelim,
2762 5013 2818 5058 et
2878 5002 3253 5072 applicuerunt
3297 5001 3454 5069 juxta
3507 5015 3660 5054 mare

2060 5100 2101 5130 '°
2126 5097 2284 5152 Num.
2321 5113 2513 5162 xxnu,
2539 5095 2624 5149 10.

2087 5211 2191 5264 sive
2211 5214 2394 5264 turris.
2425 5210 2505 5264 Ab
2529 5193 2640 5274 τὸν
2667 5226 2685 5259 ι
2711 5209 2976 5276 ascendit,
3010 5228 3030 5261 ι
3067 5219 3126 5264 et
3152 5219 3272 5273 nar
3311 5226 3329 5260 ‹
3349 5207 3657 5278 speculatus

2085 5291 2270 5416 65ἳὸὀ)
2307 5349 2617 5421 Μαᾳάαιαηι
2641 5351 2778 5404 enim
2808 5349 3198 5420 magniﬁcentia
3224 5349 3443 5404 dicitur.
3481 5347 3654 5404 Radix

2083 5423 2284 5524 estita
2305 5461 2342 5524 ,(-
2371 5458 2621 5524 magnum
2653 5458 2796 5524 esse,
2829 5443 2912 5496 vel
2955 5443 3090 5496 fieri.
3122 5460 3141 5494 ι
3232 5513 3243 5524 .
3406 5494 3418 5524 ε

2154 5513 2268 5582 (81)
2297 5510 2482 5566 Hetini
2513 5523 2686 5565 autent
2732 5514 3107 5581 interpretatur
3162 5513 3372 5568 arietes.
3406 5518 3504 5571 77R
3529 5527 3548 5563 ι
3594 5524 3651 5568 3.-

2082 5603 2208 5658 rics.
2255 5623 2272 5654 ι
2313 5602 2510 5660 Plural.
2544 5588 2706 5664 DVLm:
2743 5624 2761 5657 α
2802 5606 3019 5662 arietes.
3055 5625 3074 5656 ι
3121 5643 3126 5650 ι
