  <div class='ocr_page' id='page_1' title='image "/cluster/home/n/w/nwhite01/storage/ocr_20150623/12/hvd.32044052796216/402.png"; bbox 0 0 4104 6226; ppageno 0'>
   <div class='ocr_carea' id='block_1_1' title="bbox 381 268 485 326">
    <p class='ocr_par' dir='ltr' id='par_1_1' title="bbox 381 268 485 326">
     <span class='ocr_line' id='line_1_1' title="bbox 381 268 485 326; baseline 0.019 -3"><span class='ocrx_word' id='word_1_1' title='bbox 381 268 485 326; x_wconf 76' lang='lat'><strong>793</strong></span> 
     </span>
    </p>
   </div>
   <div class='ocr_carea' id='block_1_2' title="bbox 1507 257 2517 348">
    <p class='ocr_par' dir='ltr' id='par_1_2' title="bbox 1507 257 2517 348">
     <span class='ocr_line' id='line_1_2' title="bbox 1507 257 2517 348; baseline 0.005 -37"><span class='ocrx_word' id='word_1_2' title='bbox 1507 257 1576 312; x_wconf 78' lang='lat' dir='ltr'><strong>IN</strong></span> <span class='ocrx_word' id='word_1_3' title='bbox 1617 258 1955 314; x_wconf 80' lang='lat' dir='ltr'><strong>NUMEROS</strong></span> <span class='ocrx_word' id='word_1_4' title='bbox 1989 258 2271 348; x_wconf 44' lang='lat' dir='ltr'><strong>IIOMIIJA.</strong></span> <span class='ocrx_word' id='word_1_5' title='bbox 2301 262 2517 318; x_wconf 78' lang='lat' dir='ltr'><strong>XXVII.</strong></span> 
     </span>
    </p>
   </div>
   <div class='ocr_carea' id='block_1_3' title="bbox 3542 266 3647 324">
    <p class='ocr_par' dir='ltr' id='par_1_3' title="bbox 3542 266 3647 324">
     <span class='ocr_line' id='line_1_3' title="bbox 3542 266 3647 324; baseline 0.019 -2"><span class='ocrx_word' id='word_1_6' title='bbox 3542 266 3647 324; x_wconf 67' lang='grc'><strong>796</strong></span> 
     </span>
    </p>
   </div>
   <div class='ocr_carea' id='block_1_4' title="bbox 380 374 3643 449">
    <p class='ocr_par' dir='ltr' id='par_1_4' title="bbox 380 374 3643 449">
     <span class='ocr_line' id='line_1_4' title="bbox 380 374 3643 449; baseline -0.001 -6"><span class='ocrx_word' id='word_1_7' title='bbox 380 389 652 443; x_wconf 77' lang='lat' dir='ltr'><strong>Rubrum.</strong></span> <span class='ocrx_word' id='word_1_8' title='bbox 688 402 706 435; x_wconf 76' lang='grc' dir='ltr'><strong>ι</strong></span> <span class='ocrx_word' id='word_1_9' title='bbox 747 380 989 435; x_wconf 83' lang='lat' dir='ltr'><strong>Observa</strong></span> <span class='ocrx_word' id='word_1_10' title='bbox 1029 375 1154 445; x_wconf 85' lang='lat' dir='ltr'><strong>quia</strong></span> <span class='ocrx_word' id='word_1_11' title='bbox 1184 374 1294 444; x_wconf 86' lang='lat' dir='ltr'><strong>jam</strong></span> <span class='ocrx_word' id='word_1_12' title='bbox 1328 389 1433 427; x_wconf 89' lang='lat' dir='ltr'><strong>non</strong></span> <span class='ocrx_word' id='word_1_13' title='bbox 1489 376 1692 429; x_wconf 89' lang='lat' dir='ltr'><strong>intrant</strong></span> <span class='ocrx_word' id='word_1_14' title='bbox 1728 377 1780 429; x_wconf 91' lang='lat' dir='ltr'><strong>in</strong></span> <span class='ocrx_word' id='word_1_15' title='bbox 1811 391 1961 430; x_wconf 89' lang='lat' dir='ltr'><strong>mare</strong></span> <span class='ocrx_word' id='word_1_16' title='bbox 1989 384 2036 439; x_wconf 81' lang='grc' dir='ltr'><strong>Α</strong></span> <span class='ocrx_word' id='word_1_17' title='bbox 2064 393 2392 448; x_wconf 84' lang='lat' dir='ltr'><strong>unaquaque</strong></span> <span class='ocrx_word' id='word_1_18' title='bbox 2466 377 2511 431; x_wconf 92' lang='lat' dir='ltr'><strong>si</strong></span> <span class='ocrx_word' id='word_1_19' title='bbox 2567 393 2673 447; x_wconf 90' lang='lat' dir='ltr'><strong>qua</strong></span> <span class='ocrx_word' id='word_1_20' title='bbox 2734 390 2801 432; x_wconf 80' lang='lat' dir='ltr'><strong>ex</strong></span> <span class='ocrx_word' id='word_1_21' title='bbox 2848 379 3126 433; x_wconf 84' lang='lat' dir='ltr'><strong>nominum</strong></span> <span class='ocrx_word' id='word_1_22' title='bbox 3182 381 3643 449; x_wconf 62' lang='lat' dir='ltr'><strong>contemplatione</strong></span> 
     </span>
    </p>
   </div>
   <div class='ocr_carea' id='block_1_5' title="bbox 380 465 1954 536">
    <p class='ocr_par' dir='ltr' id='par_1_5' title="bbox 380 465 1954 536">
     <span class='ocr_line' id='line_1_5' title="bbox 380 465 1954 536; baseline -0.01 -4"><span class='ocrx_word' id='word_1_23' title='bbox 380 479 651 536; x_wconf 72' lang='lat' dir='ltr'><strong>Rubra-ru.</strong></span> <span class='ocrx_word' id='word_1_24' title='bbox 677 471 842 528; x_wconf 87' lang='lat' dir='ltr'><strong>semel</strong></span> <span class='ocrx_word' id='word_1_25' title='bbox 878 478 1090 524; x_wconf 88' lang='lat' dir='ltr'><strong>tantum</strong></span> <span class='ocrx_word' id='word_1_26' title='bbox 1120 465 1322 521; x_wconf 82' lang='lat' dir='ltr'><strong>suliicit</strong></span> <span class='ocrx_word' id='word_1_27' title='bbox 1371 466 1627 530; x_wconf 92' lang='lat' dir='ltr'><strong>intrasse,</strong></span> <span class='ocrx_word' id='word_1_28' title='bbox 1662 468 1818 521; x_wconf 93' lang='lat' dir='ltr'><strong>modo</strong></span> <span class='ocrx_word' id='word_1_29' title='bbox 1844 466 1954 533; x_wconf 90' lang='lat' dir='ltr'><strong>jam</strong></span> 
     </span>
    </p>
   </div>
   <div class='ocr_carea' id='block_1_6' title="bbox 382 557 1958 639">
    <p class='ocr_par' dir='ltr' id='par_1_6' title="bbox 382 557 1958 639">
     <span class='ocr_line' id='line_1_6' title="bbox 382 557 1958 639; baseline -0.009 -15"><span class='ocrx_word' id='word_1_30' title='bbox 382 566 837 639; x_wconf 74' lang='lat' dir='ltr'><strong>applicantjuxta</strong></span> <span class='ocrx_word' id='word_1_31' title='bbox 875 573 1048 621; x_wconf 89' lang='lat' dir='ltr'><strong>mare,</strong></span> <span class='ocrx_word' id='word_1_32' title='bbox 1078 570 1135 611; x_wconf 92' lang='grc' dir='ltr'><strong>ιιι</strong></span> <span class='ocrx_word' id='word_1_33' title='bbox 1184 557 1406 609; x_wconf 91' lang='lat' dir='ltr'><strong>videant</strong></span> <span class='ocrx_word' id='word_1_34' title='bbox 1444 558 1660 626; x_wconf 80' lang='lat' dir='ltr'><strong>quidem</strong></span> <span class='ocrx_word' id='word_1_35' title='bbox 1698 573 1871 621; x_wconf 88' lang='lat' dir='ltr'><strong>mare,</strong></span> <span class='ocrx_word' id='word_1_36' title='bbox 1905 568 1958 611; x_wconf 84' lang='lat' dir='ltr'><strong>et</strong></span> 
     </span>
    </p>
   </div>
   <div class='ocr_carea' id='block_1_7' title="bbox 382 651 1960 724">
    <p class='ocr_par' dir='ltr' id='par_1_7' title="bbox 382 651 1960 724">
     <span class='ocr_line' id='line_1_7' title="bbox 382 651 1960 724; baseline -0.01 -8"><span class='ocrx_word' id='word_1_37' title='bbox 382 661 559 716; x_wconf 89' lang='lat' dir='ltr'><strong>undas</strong></span> <span class='ocrx_word' id='word_1_38' title='bbox 602 656 720 724; x_wconf 83' lang='lat' dir='ltr'><strong>ejus</strong></span> <span class='ocrx_word' id='word_1_39' title='bbox 783 651 1078 722; x_wconf 79' lang='lat' dir='ltr'><strong>aspiciant,</strong></span> <span class='ocrx_word' id='word_1_40' title='bbox 1131 663 1472 716; x_wconf 76' lang='lat' dir='ltr'><strong>nequaquam</strong></span> <span class='ocrx_word' id='word_1_41' title='bbox 1534 658 1713 701; x_wconf 85' lang='lat' dir='ltr'><strong>tamen</strong></span> <span class='ocrx_word' id='word_1_42' title='bbox 1778 658 1960 701; x_wconf 87' lang='lat' dir='ltr'><strong>motus</strong></span> 
     </span>
    </p>
   </div>
   <div class='ocr_carea' id='block_1_8' title="bbox 382 740 1957 821">
    <p class='ocr_par' dir='ltr' id='par_1_8' title="bbox 382 740 1957 821">
     <span class='ocr_line' id='line_1_8' title="bbox 382 740 1957 821; baseline -0.006 -15"><span class='ocrx_word' id='word_1_43' title='bbox 382 754 553 821; x_wconf 81' lang='lat' dir='ltr'><strong>ipsius</strong></span> <span class='ocrx_word' id='word_1_44' title='bbox 575 760 629 803; x_wconf 91' lang='lat' dir='ltr'><strong>et</strong></span> <span class='ocrx_word' id='word_1_45' title='bbox 656 750 888 816; x_wconf 89' lang='lat' dir='ltr'><strong>impetus</strong></span> <span class='ocrx_word' id='word_1_46' title='bbox 919 743 1334 814; x_wconf 74' lang='lat' dir='ltr'><strong>pertimescant.</strong></span> <span class='ocrx_word' id='word_1_47' title='bbox 1372 759 1389 791; x_wconf 87' lang='grc' dir='ltr'><strong>ι</strong></span> <span class='ocrx_word' id='word_1_48' title='bbox 1422 741 1486 794; x_wconf 88' lang='lat' dir='ltr'><strong>Et</strong></span> <span class='ocrx_word' id='word_1_49' title='bbox 1512 740 1741 809; x_wconf 82' lang='lat' dir='ltr'><strong>profecti</strong></span> <span class='ocrx_word' id='word_1_50' title='bbox 1770 754 1897 796; x_wconf 88' lang='lat' dir='ltr'><strong>sunt</strong></span> <span class='ocrx_word' id='word_1_51' title='bbox 1929 760 1957 796; x_wconf 92' lang='lat' dir='ltr'><strong>a</strong></span> 
     </span>
    </p>
   </div>
   <div class='ocr_carea' id='block_1_9' title="bbox 382 830 1951 901">
    <p class='ocr_par' dir='ltr' id='par_1_9' title="bbox 382 830 1951 901">
     <span class='ocr_line' id='line_1_9' title="bbox 382 830 1951 901; baseline -0.007 -8"><span class='ocrx_word' id='word_1_52' title='bbox 382 837 569 893; x_wconf 80' lang='lat' dir='ltr'><strong>Rubro</strong></span> <span class='ocrx_word' id='word_1_53' title='bbox 607 835 762 898; x_wconf 88' lang='lat' dir='ltr'><strong>mari,</strong></span> <span class='ocrx_word' id='word_1_54' title='bbox 792 842 846 887; x_wconf 91' lang='lat' dir='ltr'><strong>et</strong></span> <span class='ocrx_word' id='word_1_55' title='bbox 906 831 1286 901; x_wconf 83' lang='lat' dir='ltr'><strong>applicuerunt</strong></span> <span class='ocrx_word' id='word_1_56' title='bbox 1353 830 1406 882; x_wconf 95' lang='lat' dir='ltr'><strong>in</strong></span> <span class='ocrx_word' id='word_1_57' title='bbox 1443 830 1661 883; x_wconf 87' lang='lat' dir='ltr'><strong>deserto</strong></span> <span class='ocrx_word' id='word_1_58' title='bbox 1711 831 1805 884; x_wconf 91' lang='lat' dir='ltr'><strong>Sin</strong></span> <span class='ocrx_word' id='word_1_59' title='bbox 1840 833 1897 882; x_wconf 84' lang='lat'><strong>“.</strong></span> <span class='ocrx_word' id='word_1_60' title='bbox 1933 852 1951 882; x_wconf 72' lang='grc' dir='ltr'><strong>ι</strong></span> 
     </span>
    </p>
   </div>
   <div class='ocr_carea' id='block_1_10' title="bbox 384 920 1956 991">
    <p class='ocr_par' dir='ltr' id='par_1_10' title="bbox 384 920 1956 991">
     <span class='ocr_line' id='line_1_10' title="bbox 384 920 1956 991; baseline -0.006 -7"><span class='ocrx_word' id='word_1_61' title='bbox 384 930 481 984; x_wconf 88' lang='lat' dir='ltr'><strong>Sin</strong></span> <span class='ocrx_word' id='word_1_62' title='bbox 518 928 677 979; x_wconf 82' lang='lat' dir='ltr'><strong>rubus</strong></span> <span class='ocrx_word' id='word_1_63' title='bbox 705 924 1117 991; x_wconf 86' lang='lat' dir='ltr'><strong>interpretatur,</strong></span> <span class='ocrx_word' id='word_1_64' title='bbox 1165 920 1280 974; x_wconf 87' lang='lat' dir='ltr'><strong>sive</strong></span> <span class='ocrx_word' id='word_1_65' title='bbox 1324 924 1541 974; x_wconf 86' lang='lat' dir='ltr'><strong>tentatio</strong></span> <span class='ocrx_word' id='word_1_66' title='bbox 1577 921 1713 991; x_wconf 72' lang='lat'><strong>(89.).</strong></span> <span class='ocrx_word' id='word_1_67' title='bbox 1766 923 1956 991; x_wconf 89' lang='lat' dir='ltr'><strong>Incipit</strong></span> 
     </span>
    </p>
   </div>
   <div class='ocr_carea' id='block_1_11' title="bbox 383 1012 1955 1085">
    <p class='ocr_par' dir='ltr' id='par_1_11' title="bbox 383 1012 1955 1085">
     <span class='ocr_line' id='line_1_11' title="bbox 383 1012 1955 1085; baseline -0.003 -16"><span class='ocrx_word' id='word_1_68' title='bbox 383 1034 514 1084; x_wconf 73' lang='lat' dir='ltr'><strong>ergo</strong></span> <span class='ocrx_word' id='word_1_69' title='bbox 548 1017 640 1071; x_wconf 82' lang='lat' dir='ltr'><strong>tibi</strong></span> <span class='ocrx_word' id='word_1_70' title='bbox 665 1015 778 1085; x_wconf 89' lang='lat' dir='ltr'><strong>jam</strong></span> <span class='ocrx_word' id='word_1_71' title='bbox 813 1013 1058 1067; x_wconf 85' lang='lat' dir='ltr'><strong>arridere</strong></span> <span class='ocrx_word' id='word_1_72' title='bbox 1087 1014 1353 1066; x_wconf 91' lang='lat' dir='ltr'><strong>bonorum</strong></span> <span class='ocrx_word' id='word_1_73' title='bbox 1388 1026 1532 1081; x_wconf 86' lang='lat' dir='ltr'><strong>spes.</strong></span> <span class='ocrx_word' id='word_1_74' title='bbox 1584 1012 1712 1079; x_wconf 68' lang='lat' dir='ltr'><strong>Quae</strong></span> <span class='ocrx_word' id='word_1_75' title='bbox 1742 1022 1822 1067; x_wconf 91' lang='lat' dir='ltr'><strong>est</strong></span> <span class='ocrx_word' id='word_1_76' title='bbox 1856 1031 1955 1066; x_wconf 81' lang='lat' dir='ltr'><strong>au-</strong></span> 
     </span>
    </p>
   </div>
   <div class='ocr_carea' id='block_1_12' title="bbox 384 1102 1952 1172">
    <p class='ocr_par' dir='ltr' id='par_1_12' title="bbox 384 1102 1952 1172">
     <span class='ocr_line' id='line_1_12' title="bbox 384 1102 1952 1172; baseline -0.003 -13"><span class='ocrx_word' id='word_1_77' title='bbox 384 1118 490 1161; x_wconf 82' lang='lat' dir='ltr'><strong>tent</strong></span> <span class='ocrx_word' id='word_1_78' title='bbox 531 1109 796 1161; x_wconf 89' lang='lat' dir='ltr'><strong>bonorum</strong></span> <span class='ocrx_word' id='word_1_79' title='bbox 824 1103 995 1172; x_wconf 77' lang='lat' dir='ltr'><strong>spes?</strong></span> <span class='ocrx_word' id='word_1_80' title='bbox 1032 1104 1105 1157; x_wconf 92' lang='lat' dir='ltr'><strong>De</strong></span> <span class='ocrx_word' id='word_1_81' title='bbox 1136 1102 1271 1155; x_wconf 90' lang='lat' dir='ltr'><strong>rubo</strong></span> <span class='ocrx_word' id='word_1_82' title='bbox 1300 1103 1551 1171; x_wconf 84' lang='lat' dir='ltr'><strong>apparuit</strong></span> <span class='ocrx_word' id='word_1_83' title='bbox 1590 1104 1871 1165; x_wconf 87' lang='lat' dir='ltr'><strong>Dominus.</strong></span> <span class='ocrx_word' id='word_1_84' title='bbox 1898 1112 1952 1158; x_wconf 86' lang='lat' dir='ltr'><strong>et</strong></span> 
     </span>
    </p>
   </div>
   <div class='ocr_carea' id='block_1_13' title="bbox 381 1193 1949 1266">
    <p class='ocr_par' dir='ltr' id='par_1_13' title="bbox 381 1193 1949 1266">
     <span class='ocr_line' id='line_1_13' title="bbox 381 1193 1949 1266; baseline -0.002 -16"><span class='ocrx_word' id='word_1_85' title='bbox 381 1211 643 1266; x_wconf 86' lang='lat' dir='ltr'><strong>responsa</strong></span> <span class='ocrx_word' id='word_1_86' title='bbox 665 1196 810 1250; x_wconf 89' lang='lat' dir='ltr'><strong>dedit</strong></span> <span class='ocrx_word' id='word_1_87' title='bbox 844 1193 1035 1264; x_wconf 78' lang='lat' dir='ltr'><strong>Moysi,</strong></span> <span class='ocrx_word' id='word_1_88' title='bbox 1065 1203 1120 1247; x_wconf 91' lang='lat' dir='ltr'><strong>et</strong></span> <span class='ocrx_word' id='word_1_89' title='bbox 1170 1193 1367 1248; x_wconf 87' lang='lat' dir='ltr'><strong>dehinc</strong></span> <span class='ocrx_word' id='word_1_90' title='bbox 1416 1194 1628 1247; x_wconf 90' lang='lat' dir='ltr'><strong>initium</strong></span> <span class='ocrx_word' id='word_1_91' title='bbox 1676 1194 1949 1247; x_wconf 85' lang='lat' dir='ltr'><strong>visitatio-</strong></span> 
     </span>
    </p>
   </div>
   <div class='ocr_carea' id='block_1_14' title="bbox 383 1285 1956 1341">
    <p class='ocr_par' dir='ltr' id='par_1_14' title="bbox 383 1285 1956 1341">
     <span class='ocr_line' id='line_1_14' title="bbox 383 1285 1956 1341; baseline -0.001 0"><span class='ocrx_word' id='word_1_92' title='bbox 383 1290 468 1341; x_wconf 76' lang='lat' dir='ltr'><strong>nis</strong></span> <span class='ocrx_word' id='word_1_93' title='bbox 502 1288 703 1341; x_wconf 77' lang='lat' dir='ltr'><strong>factum</strong></span> <span class='ocrx_word' id='word_1_94' title='bbox 733 1303 763 1341; x_wconf 90' lang='lat' dir='ltr'><strong>a</strong></span> <span class='ocrx_word' id='word_1_95' title='bbox 794 1286 1025 1341; x_wconf 88' lang='lat' dir='ltr'><strong>Domino</strong></span> <span class='ocrx_word' id='word_1_96' title='bbox 1054 1286 1120 1338; x_wconf 91' lang='lat' dir='ltr'><strong>ad</strong></span> <span class='ocrx_word' id='word_1_97' title='bbox 1155 1285 1297 1339; x_wconf 75' lang='lat' dir='ltr'><strong>filios</strong></span> <span class='ocrx_word' id='word_1_98' title='bbox 1336 1296 1419 1341; x_wconf 88' lang='lat' dir='ltr'><strong>est</strong></span> <span class='ocrx_word' id='word_1_99' title='bbox 1453 1285 1637 1340; x_wconf 89' lang='lat' dir='ltr'><strong>Israel.</strong></span> <span class='ocrx_word' id='word_1_100' title='bbox 1690 1285 1792 1339; x_wconf 85' lang='lat' dir='ltr'><strong>Sed</strong></span> <span class='ocrx_word' id='word_1_101' title='bbox 1850 1301 1956 1341; x_wconf 90' lang='lat' dir='ltr'><strong>non</strong></span> 
     </span>
    </p>
   </div>
   <div class='ocr_carea' id='block_1_15' title="bbox 379 1378 1956 1448">
    <p class='ocr_par' dir='ltr' id='par_1_15' title="bbox 379 1378 1956 1448">
     <span class='ocr_line' id='line_1_15' title="bbox 379 1378 1956 1448; baseline 0.003 -18"><span class='ocrx_word' id='word_1_102' title='bbox 379 1382 553 1434; x_wconf 68' lang='lat' dir='ltr'><strong>otiose</strong></span> <span class='ocrx_word' id='word_1_103' title='bbox 582 1380 676 1434; x_wconf 86' lang='lat' dir='ltr'><strong>Sin</strong></span> <span class='ocrx_word' id='word_1_104' title='bbox 713 1380 873 1434; x_wconf 86' lang='lat' dir='ltr'><strong>etiam</strong></span> <span class='ocrx_word' id='word_1_105' title='bbox 905 1380 1123 1433; x_wconf 85' lang='lat' dir='ltr'><strong>tentatio</strong></span> <span class='ocrx_word' id='word_1_106' title='bbox 1171 1378 1581 1448; x_wconf 84' lang='lat' dir='ltr'><strong>interpretatur.</strong></span> <span class='ocrx_word' id='word_1_107' title='bbox 1615 1380 1767 1435; x_wconf 87' lang='lat' dir='ltr'><strong>Solet</strong></span> <span class='ocrx_word' id='word_1_108' title='bbox 1809 1379 1956 1434; x_wconf 89' lang='lat' dir='ltr'><strong>enim</strong></span> 
     </span>
    </p>
   </div>
   <div class='ocr_carea' id='block_1_16' title="bbox 380 1468 1957 1539">
    <p class='ocr_par' dir='ltr' id='par_1_16' title="bbox 380 1468 1957 1539">
     <span class='ocr_line' id='line_1_16' title="bbox 380 1468 1957 1539; baseline -0.002 -15"><span class='ocrx_word' id='word_1_109' title='bbox 380 1472 431 1525; x_wconf 90' lang='lat' dir='ltr'><strong>in</strong></span> <span class='ocrx_word' id='word_1_110' title='bbox 469 1471 768 1525; x_wconf 78' lang='lat' dir='ltr'><strong>visionibus</strong></span> <span class='ocrx_word' id='word_1_111' title='bbox 787 1483 907 1523; x_wconf 86' lang='lat' dir='ltr'><strong>esse</strong></span> <span class='ocrx_word' id='word_1_112' title='bbox 949 1469 1199 1523; x_wconf 89' lang='lat' dir='ltr'><strong>tentatio.</strong></span> <span class='ocrx_word' id='word_1_113' title='bbox 1230 1468 1363 1523; x_wconf 85' lang='lat' dir='ltr'><strong>Nam</strong></span> <span class='ocrx_word' id='word_1_114' title='bbox 1419 1485 1805 1539; x_wconf 84' lang='lat' dir='ltr'><strong>nonnunquam</strong></span> <span class='ocrx_word' id='word_1_115' title='bbox 1859 1486 1957 1522; x_wconf 88' lang='lat' dir='ltr'><strong>an-</strong></span> 
     </span>
    </p>
   </div>
   <div class='ocr_carea' id='block_1_17' title="bbox 380 1560 1950 1631">
    <p class='ocr_par' dir='ltr' id='par_1_17' title="bbox 380 1560 1950 1631">
     <span class='ocr_line' id='line_1_17' title="bbox 380 1560 1950 1631; baseline -0.001 -16"><span class='ocrx_word' id='word_1_116' title='bbox 380 1563 531 1626; x_wconf 63' lang='lat' dir='ltr'><strong>cetus</strong></span> <span class='ocrx_word' id='word_1_117' title='bbox 555 1561 863 1631; x_wconf 89' lang='lat' dir='ltr'><strong>iniquitatis</strong></span> <span class='ocrx_word' id='word_1_118' title='bbox 910 1560 1265 1629; x_wconf 72' lang='lat' dir='ltr'><strong>transfigurat</strong></span> <span class='ocrx_word' id='word_1_119' title='bbox 1293 1576 1353 1615; x_wconf 90' lang='lat' dir='ltr'><strong>se</strong></span> <span class='ocrx_word' id='word_1_120' title='bbox 1406 1560 1461 1613; x_wconf 91' lang='lat' dir='ltr'><strong>in</strong></span> <span class='ocrx_word' id='word_1_121' title='bbox 1488 1561 1734 1630; x_wconf 79' lang='lat' dir='ltr'><strong>angelum</strong></span> <span class='ocrx_word' id='word_1_122' title='bbox 1790 1561 1950 1614; x_wconf 89' lang='lat' dir='ltr'><strong>lucis.</strong></span> 
     </span>
    </p>
   </div>
   <div class='ocr_carea' id='block_1_18' title="bbox 380 1652 1955 1723">
    <p class='ocr_par' dir='ltr' id='par_1_18' title="bbox 380 1652 1955 1723">
     <span class='ocr_line' id='line_1_18' title="bbox 380 1652 1955 1723; baseline 0 -14"><span class='ocrx_word' id='word_1_123' title='bbox 380 1655 590 1713; x_wconf 72' lang='lat' dir='ltr'><strong>l-Jtideo</strong></span> <span class='ocrx_word' id='word_1_124' title='bbox 635 1654 937 1708; x_wconf 89' lang='lat' dir='ltr'><strong>cavendum</strong></span> <span class='ocrx_word' id='word_1_125' title='bbox 986 1660 1089 1717; x_wconf 87' lang='lat' dir='ltr'><strong>est,</strong></span> <span class='ocrx_word' id='word_1_126' title='bbox 1140 1660 1195 1706; x_wconf 91' lang='lat' dir='ltr'><strong>et</strong></span> <span class='ocrx_word' id='word_1_127' title='bbox 1250 1652 1480 1708; x_wconf 87' lang='lat' dir='ltr'><strong>sollicite</strong></span> <span class='ocrx_word' id='word_1_128' title='bbox 1532 1654 1798 1723; x_wconf 82' lang='lat' dir='ltr'><strong>agendum</strong></span> <span class='ocrx_word' id='word_1_129' title='bbox 1830 1696 1843 1717; x_wconf 82' lang='lat'><strong>,</strong></span> <span class='ocrx_word' id='word_1_130' title='bbox 1896 1664 1955 1709; x_wconf 92' lang='lat' dir='ltr'><strong>ut</strong></span> 
     </span>
    </p>
   </div>
   <div class='ocr_carea' id='block_1_19' title="bbox 2059 469 3643 536">
    <p class='ocr_par' dir='ltr' id='par_1_19' title="bbox 2059 469 3643 536">
     <span class='ocr_line' id='line_1_19' title="bbox 2059 469 3643 536; baseline 0.003 -13"><span class='ocrx_word' id='word_1_131' title='bbox 2059 478 2443 535; x_wconf 82' lang='lat' dir='ltr'><strong>suggeruntur,</strong></span> <span class='ocrx_word' id='word_1_132' title='bbox 2473 469 2686 536; x_wconf 88' lang='lat' dir='ltr'><strong>aperire</strong></span> <span class='ocrx_word' id='word_1_133' title='bbox 2728 485 2741 520; x_wconf 90' lang='lat'><strong>:</strong></span> <span class='ocrx_word' id='word_1_134' title='bbox 2784 470 3017 523; x_wconf 87' lang='lat' dir='ltr'><strong>strictim</strong></span> <span class='ocrx_word' id='word_1_135' title='bbox 3066 480 3242 525; x_wconf 84' lang='lat' dir='ltr'><strong>tamen</strong></span> <span class='ocrx_word' id='word_1_136' title='bbox 3296 483 3351 525; x_wconf 86' lang='lat' dir='ltr'><strong>et</strong></span> <span class='ocrx_word' id='word_1_137' title='bbox 3397 472 3643 528; x_wconf 87' lang='lat' dir='ltr'><strong>breviter</strong></span> 
     </span>
    </p>
   </div>
   <div class='ocr_carea' id='block_1_20' title="bbox 2058 557 3642 632">
    <p class='ocr_par' dir='ltr' id='par_1_20' title="bbox 2058 557 3642 632">
     <span class='ocr_line' id='line_1_20' title="bbox 2058 557 3642 632; baseline 0.004 -20"><span class='ocrx_word' id='word_1_138' title='bbox 2058 574 2466 627; x_wconf 87' lang='lat' dir='ltr'><strong>percurremus,</strong></span> <span class='ocrx_word' id='word_1_139' title='bbox 2500 567 2557 611; x_wconf 92' lang='lat' dir='ltr'><strong>ut</strong></span> <span class='ocrx_word' id='word_1_140' title='bbox 2590 574 2695 611; x_wconf 91' lang='lat' dir='ltr'><strong>non</strong></span> <span class='ocrx_word' id='word_1_141' title='bbox 2734 568 2841 611; x_wconf 85' lang='lat' dir='ltr'><strong>tam</strong></span> <span class='ocrx_word' id='word_1_142' title='bbox 2891 557 3105 628; x_wconf 87' lang='lat' dir='ltr'><strong>plenam</strong></span> <span class='ocrx_word' id='word_1_143' title='bbox 3148 560 3302 614; x_wconf 82' lang='lat' dir='ltr'><strong>vobis</strong></span> <span class='ocrx_word' id='word_1_144' title='bbox 3336 564 3642 632; x_wconf 77' lang='lat' dir='ltr'><strong>expositio-</strong></span> 
     </span>
    </p>
   </div>
   <div class='ocr_carea' id='block_1_21' title="bbox 2060 650 3641 720">
    <p class='ocr_par' dir='ltr' id='par_1_21' title="bbox 2060 650 3641 720">
     <span class='ocr_line' id='line_1_21' title="bbox 2060 650 3641 720; baseline 0.004 -16"><span class='ocrx_word' id='word_1_145' title='bbox 2060 666 2204 715; x_wconf 88' lang='lat' dir='ltr'><strong>nem,</strong></span> <span class='ocrx_word' id='word_1_146' title='bbox 2232 651 2356 719; x_wconf 89' lang='lat' dir='ltr'><strong>quia</strong></span> <span class='ocrx_word' id='word_1_147' title='bbox 2385 650 2607 703; x_wconf 89' lang='lat' dir='ltr'><strong>minime</strong></span> <span class='ocrx_word' id='word_1_148' title='bbox 2641 651 2690 703; x_wconf 92' lang='lat' dir='ltr'><strong>id</strong></span> <span class='ocrx_word' id='word_1_149' title='bbox 2729 663 2941 719; x_wconf 80' lang='lat' dir='ltr'><strong>tempus</strong></span> <span class='ocrx_word' id='word_1_150' title='bbox 2967 652 3233 720; x_wconf 82' lang='lat' dir='ltr'><strong>indulget,</strong></span> <span class='ocrx_word' id='word_1_151' title='bbox 3276 656 3370 707; x_wconf 90' lang='lat' dir='ltr'><strong>sed</strong></span> <span class='ocrx_word' id='word_1_152' title='bbox 3398 657 3641 711; x_wconf 86' lang='lat' dir='ltr'><strong>occasio-</strong></span> 
     </span>
    </p>
   </div>
   <div class='ocr_carea' id='block_1_22' title="bbox 2060 742 3642 812">
    <p class='ocr_par' dir='ltr' id='par_1_22' title="bbox 2060 742 3642 812">
     <span class='ocr_line' id='line_1_22' title="bbox 2060 742 3642 812; baseline 0.007 -20"><span class='ocrx_word' id='word_1_153' title='bbox 2060 757 2155 793; x_wconf 85' lang='lat' dir='ltr'><strong>nes</strong></span> <span class='ocrx_word' id='word_1_154' title='bbox 2183 743 2234 794; x_wconf 91' lang='lat' dir='ltr'><strong>in</strong></span> <span class='ocrx_word' id='word_1_155' title='bbox 2267 742 2347 795; x_wconf 86' lang='lat' dir='ltr'><strong>eis</strong></span> <span class='ocrx_word' id='word_1_156' title='bbox 2380 742 2753 809; x_wconf 69' lang='lat' dir='ltr'><strong>intelligentiae</strong></span> <span class='ocrx_word' id='word_1_157' title='bbox 2794 746 3151 812; x_wconf 73' lang='lat' dir='ltr'><strong>prtebeamns.</strong></span> <span class='ocrx_word' id='word_1_158' title='bbox 3207 745 3642 802; x_wconf 80' lang='lat' dir='ltr'><strong>Proﬁciscuutur</strong></span> 
     </span>
    </p>
   </div>
   <div class='ocr_carea' id='block_1_23' title="bbox 2058 831 3641 901">
    <p class='ocr_par' dir='ltr' id='par_1_23' title="bbox 2058 831 3641 901">
     <span class='ocr_line' id='line_1_23' title="bbox 2058 831 3641 901; baseline 0.005 -17"><span class='ocrx_word' id='word_1_159' title='bbox 2058 831 2217 900; x_wconf 76' lang='lat'><strong>381</strong></span> <span class='ocrx_word' id='word_1_160' title='bbox 2248 847 2376 901; x_wconf 84' lang='lat' dir='ltr'><strong>ergo</strong></span> <span class='ocrx_word' id='word_1_161' title='bbox 2408 846 2474 885; x_wconf 84' lang='lat' dir='ltr'><strong>ex</strong></span> <span class='ocrx_word' id='word_1_162' title='bbox 2502 831 2776 900; x_wconf 81' lang='lat' dir='ltr'><strong>Rapliaca.</strong></span> <span class='ocrx_word' id='word_1_163' title='bbox 2802 842 2855 886; x_wconf 91' lang='lat' dir='ltr'><strong>et</strong></span> <span class='ocrx_word' id='word_1_164' title='bbox 2888 834 3110 886; x_wconf 88' lang='lat' dir='ltr'><strong>veniunt</strong></span> <span class='ocrx_word' id='word_1_165' title='bbox 3164 835 3214 887; x_wconf 91' lang='lat' dir='ltr'><strong>in</strong></span> <span class='ocrx_word' id='word_1_166' title='bbox 3254 834 3439 890; x_wconf 86' lang='lat' dir='ltr'><strong>Ilalus.</strong></span> <span class='ocrx_word' id='word_1_167' title='bbox 3478 835 3641 892; x_wconf 84' lang='lat' dir='ltr'><strong>llalus</strong></span> 
     </span>
    </p>
   </div>
   <div class='ocr_carea' id='block_1_24' title="bbox 2060 924 3643 993">
    <p class='ocr_par' dir='ltr' id='par_1_24' title="bbox 2060 924 3643 993">
     <span class='ocr_line' id='line_1_24' title="bbox 2060 924 3643 993; baseline 0.003 -17"><span class='ocrx_word' id='word_1_168' title='bbox 2060 925 2264 977; x_wconf 75' lang='lat' dir='ltr'><strong>labores</strong></span> <span class='ocrx_word' id='word_1_169' title='bbox 2298 925 2727 993; x_wconf 87' lang='lat' dir='ltr'><strong>interpretantur</strong></span> <span class='ocrx_word' id='word_1_170' title='bbox 2766 925 2902 993; x_wconf 82' lang='lat'><strong>(85).</strong></span> <span class='ocrx_word' id='word_1_171' title='bbox 2941 924 3050 979; x_wconf 85' lang='lat' dir='ltr'><strong>Nec</strong></span> <span class='ocrx_word' id='word_1_172' title='bbox 3096 927 3311 979; x_wconf 85' lang='lat' dir='ltr'><strong>mireris</strong></span> <span class='ocrx_word' id='word_1_173' title='bbox 3354 928 3397 981; x_wconf 91' lang='lat' dir='ltr'><strong>si</strong></span> <span class='ocrx_word' id='word_1_174' title='bbox 3438 928 3643 981; x_wconf 84' lang='lat' dir='ltr'><strong>sanita-</strong></span> 
     </span>
    </p>
   </div>
   <div class='ocr_carea' id='block_1_25' title="bbox 2062 1014 3641 1085">
    <p class='ocr_par' dir='ltr' id='par_1_25' title="bbox 2062 1014 3641 1085">
     <span class='ocr_line' id='line_1_25' title="bbox 2062 1014 3641 1085; baseline 0.003 -19"><span class='ocrx_word' id='word_1_175' title='bbox 2062 1024 2169 1068; x_wconf 87' lang='lat' dir='ltr'><strong>tem</strong></span> <span class='ocrx_word' id='word_1_176' title='bbox 2202 1024 2502 1082; x_wconf 87' lang='lat' dir='ltr'><strong>sequuntur</strong></span> <span class='ocrx_word' id='word_1_177' title='bbox 2536 1014 2769 1070; x_wconf 84' lang='lat' dir='ltr'><strong>labores.</strong></span> <span class='ocrx_word' id='word_1_178' title='bbox 2808 1014 3097 1084; x_wconf 79' lang='lat' dir='ltr'><strong>Propterea</strong></span> <span class='ocrx_word' id='word_1_179' title='bbox 3129 1017 3268 1068; x_wconf 88' lang='lat' dir='ltr'><strong>enim</strong></span> <span class='ocrx_word' id='word_1_180' title='bbox 3303 1026 3355 1069; x_wconf 90' lang='lat' dir='ltr'><strong>et</strong></span> <span class='ocrx_word' id='word_1_181' title='bbox 3382 1016 3641 1085; x_wconf 82' lang='lat' dir='ltr'><strong>adipisci-</strong></span> 
     </span>
    </p>
   </div>
   <div class='ocr_carea' id='block_1_26' title="bbox 2062 1106 3644 1169">
    <p class='ocr_par' dir='ltr' id='par_1_26' title="bbox 2062 1106 3644 1169">
     <span class='ocr_line' id='line_1_26' title="bbox 2062 1106 3644 1169; baseline 0.002 -10"><span class='ocrx_word' id='word_1_182' title='bbox 2062 1115 2149 1159; x_wconf 91' lang='lat' dir='ltr'><strong>tur</strong></span> <span class='ocrx_word' id='word_1_183' title='bbox 2180 1121 2207 1157; x_wconf 87' lang='lat' dir='ltr'><strong>a</strong></span> <span class='ocrx_word' id='word_1_184' title='bbox 2248 1106 2476 1159; x_wconf 91' lang='lat' dir='ltr'><strong>Domino</strong></span> <span class='ocrx_word' id='word_1_185' title='bbox 2510 1106 2689 1158; x_wconf 88' lang='lat' dir='ltr'><strong>anima</strong></span> <span class='ocrx_word' id='word_1_186' title='bbox 2717 1107 3034 1169; x_wconf 85' lang='lat' dir='ltr'><strong>sanitatem,</strong></span> <span class='ocrx_word' id='word_1_187' title='bbox 3072 1115 3129 1159; x_wconf 92' lang='lat' dir='ltr'><strong>ut</strong></span> <span class='ocrx_word' id='word_1_188' title='bbox 3158 1108 3372 1161; x_wconf 90' lang='lat' dir='ltr'><strong>labores</strong></span> <span class='ocrx_word' id='word_1_189' title='bbox 3408 1109 3644 1162; x_wconf 82' lang='lat' dir='ltr'><strong>delecta-</strong></span> 
     </span>
    </p>
   </div>
   <div class='ocr_carea' id='block_1_27' title="bbox 2062 1194 3641 1263">
    <p class='ocr_par' dir='ltr' id='par_1_27' title="bbox 2062 1194 3641 1263">
     <span class='ocr_line' id='line_1_27' title="bbox 2062 1194 3641 1263; baseline 0.001 -14"><span class='ocrx_word' id='word_1_190' title='bbox 2062 1195 2241 1249; x_wconf 90' lang='lat' dir='ltr'><strong>biliter</strong></span> <span class='ocrx_word' id='word_1_191' title='bbox 2277 1204 2330 1248; x_wconf 93' lang='lat' dir='ltr'><strong>ct</strong></span> <span class='ocrx_word' id='word_1_192' title='bbox 2377 1211 2481 1248; x_wconf 92' lang='lat' dir='ltr'><strong>non</strong></span> <span class='ocrx_word' id='word_1_193' title='bbox 2518 1194 2687 1249; x_wconf 82' lang='lat' dir='ltr'><strong>invita</strong></span> <span class='ocrx_word' id='word_1_194' title='bbox 2719 1196 2996 1263; x_wconf 81' lang='lat' dir='ltr'><strong>suscipiat.</strong></span> <span class='ocrx_word' id='word_1_195' title='bbox 3042 1196 3249 1249; x_wconf 83' lang='lat' dir='ltr'><strong>Dicitur</strong></span> <span class='ocrx_word' id='word_1_196' title='bbox 3276 1198 3417 1250; x_wconf 90' lang='lat' dir='ltr'><strong>enim</strong></span> <span class='ocrx_word' id='word_1_197' title='bbox 3457 1199 3504 1251; x_wconf 92' lang='lat' dir='ltr'><strong>ei</strong></span> <span class='ocrx_word' id='word_1_198' title='bbox 3548 1198 3592 1230; x_wconf 83' lang='grc'><strong>¹⁶</strong></span> <span class='ocrx_word' id='word_1_199' title='bbox 3620 1216 3641 1256; x_wconf 82' lang='lat'><strong>:</strong></span> 
     </span>
    </p>
   </div>
   <div class='ocr_carea' id='block_1_28' title="bbox 2066 1287 3642 1350">
    <p class='ocr_par' dir='ltr' id='par_1_28' title="bbox 2066 1287 3642 1350">
     <span class='ocr_line' id='line_1_28' title="bbox 2066 1287 3642 1350; baseline 0.004 -12"><span class='ocrx_word' id='word_1_200' title='bbox 2066 1306 2084 1338; x_wconf 86' lang='grc' dir='ltr'><strong>ι</strong></span> <span class='ocrx_word' id='word_1_201' title='bbox 2145 1287 2382 1341; x_wconf 87' lang='lat' dir='ltr'><strong>Labores</strong></span> <span class='ocrx_word' id='word_1_202' title='bbox 2436 1287 2707 1340; x_wconf 80' lang='lat' dir='ltr'><strong>fructuum</strong></span> <span class='ocrx_word' id='word_1_203' title='bbox 2756 1298 2970 1339; x_wconf 89' lang='lat' dir='ltr'><strong>tuorum</strong></span> <span class='ocrx_word' id='word_1_204' title='bbox 3023 1287 3394 1350; x_wconf 88' lang='lat' dir='ltr'><strong>manducabis,</strong></span> <span class='ocrx_word' id='word_1_205' title='bbox 3454 1289 3642 1345; x_wconf 85' lang='lat' dir='ltr'><strong>beatus</strong></span> 
     </span>
    </p>
   </div>
   <div class='ocr_carea' id='block_1_29' title="bbox 2062 1378 3638 1447">
    <p class='ocr_par' dir='ltr' id='par_1_29' title="bbox 2062 1378 3638 1447">
     <span class='ocr_line' id='line_1_29' title="bbox 2062 1378 3638 1447; baseline 0.002 -17"><span class='ocrx_word' id='word_1_206' title='bbox 2062 1392 2140 1441; x_wconf 88' lang='lat' dir='ltr'><strong>es,</strong></span> <span class='ocrx_word' id='word_1_207' title='bbox 2176 1388 2229 1431; x_wconf 85' lang='lat' dir='ltr'><strong>et</strong></span> <span class='ocrx_word' id='word_1_208' title='bbox 2270 1379 2403 1432; x_wconf 86' lang='lat' dir='ltr'><strong>bene</strong></span> <span class='ocrx_word' id='word_1_209' title='bbox 2438 1379 2532 1432; x_wconf 91' lang='lat' dir='ltr'><strong>tibi</strong></span> <span class='ocrx_word' id='word_1_210' title='bbox 2562 1378 2689 1432; x_wconf 90' lang='lat' dir='ltr'><strong>erit.</strong></span> <span class='ocrx_word' id='word_1_211' title='bbox 2737 1398 2755 1429; x_wconf 84' lang='grc'><strong>›</strong></span> <span class='ocrx_word' id='word_1_212' title='bbox 2794 1378 2922 1431; x_wconf 89' lang='lat' dir='ltr'><strong>Post</strong></span> <span class='ocrx_word' id='word_1_213' title='bbox 2964 1379 3076 1431; x_wconf 79' lang='lat' dir='ltr'><strong>haec</strong></span> <span class='ocrx_word' id='word_1_214' title='bbox 3106 1379 3327 1432; x_wconf 90' lang='lat' dir='ltr'><strong>veniunt</strong></span> <span class='ocrx_word' id='word_1_215' title='bbox 3355 1380 3406 1431; x_wconf 92' lang='lat' dir='ltr'><strong>in</strong></span> <span class='ocrx_word' id='word_1_216' title='bbox 3434 1378 3638 1447; x_wconf 80' lang='lat' dir='ltr'><strong>Raphi-</strong></span> 
     </span>
    </p>
   </div>
   <div class='ocr_carea' id='block_1_30' title="bbox 2063 1467 3641 1542">
    <p class='ocr_par' dir='ltr' id='par_1_30' title="bbox 2063 1467 3641 1542">
     <span class='ocr_line' id='line_1_30' title="bbox 2063 1467 3641 1542; baseline 0.002 -20"><span class='ocrx_word' id='word_1_217' title='bbox 2063 1470 2174 1522; x_wconf 93' lang='lat' dir='ltr'><strong>din.</strong></span> <span class='ocrx_word' id='word_1_218' title='bbox 2208 1467 2603 1539; x_wconf 88' lang='lat' dir='ltr'><strong>Interpretatur</strong></span> <span class='ocrx_word' id='word_1_219' title='bbox 2626 1480 2804 1523; x_wconf 86' lang='lat' dir='ltr'><strong>autem</strong></span> <span class='ocrx_word' id='word_1_220' title='bbox 2848 1469 3114 1538; x_wconf 79' lang='lat' dir='ltr'><strong>ltaphidin</strong></span> <span class='ocrx_word' id='word_1_221' title='bbox 3140 1470 3258 1524; x_wconf 80' lang='lat' dir='ltr'><strong>laus</strong></span> <span class='ocrx_word' id='word_1_222' title='bbox 3278 1472 3475 1538; x_wconf 85' lang='lat' dir='ltr'><strong>judicii</strong></span> <span class='ocrx_word' id='word_1_223' title='bbox 3502 1472 3641 1542; x_wconf 85' lang='grc'>(86).</span> 
     </span>
    </p>
   </div>
   <div class='ocr_carea' id='block_1_31' title="bbox 2061 1558 3639 1631">
    <p class='ocr_par' dir='ltr' id='par_1_31' title="bbox 2061 1558 3639 1631">
     <span class='ocr_line' id='line_1_31' title="bbox 2061 1558 3639 1631; baseline 0.002 -18"><span class='ocrx_word' id='word_1_224' title='bbox 2061 1558 2371 1616; x_wconf 81' lang='lat' dir='ltr'><strong>Justissime</strong></span> <span class='ocrx_word' id='word_1_225' title='bbox 2396 1561 2514 1615; x_wconf 88' lang='lat' dir='ltr'><strong>laus</strong></span> <span class='ocrx_word' id='word_1_226' title='bbox 2549 1561 2792 1630; x_wconf 89' lang='lat' dir='ltr'><strong>sequitur</strong></span> <span class='ocrx_word' id='word_1_227' title='bbox 2821 1570 2940 1630; x_wconf 91' lang='lat' dir='ltr'><strong>post</strong></span> <span class='ocrx_word' id='word_1_228' title='bbox 2973 1560 3188 1616; x_wconf 88' lang='lat' dir='ltr'><strong>labores</strong></span> <span class='ocrx_word' id='word_1_229' title='bbox 3224 1581 3236 1616; x_wconf 89' lang='lat'><strong>:</strong></span> <span class='ocrx_word' id='word_1_230' title='bbox 3272 1564 3424 1631; x_wconf 89' lang='lat' dir='ltr'><strong>cujus</strong></span> <span class='ocrx_word' id='word_1_231' title='bbox 3460 1574 3639 1617; x_wconf 85' lang='lat' dir='ltr'><strong>tamen</strong></span> 
     </span>
    </p>
   </div>
   <div class='ocr_carea' id='block_1_32' title="bbox 2065 1650 3641 1723">
    <p class='ocr_par' dir='ltr' id='par_1_32' title="bbox 2065 1650 3641 1723">
     <span class='ocr_line' id='line_1_32' title="bbox 2065 1650 3641 1723; baseline 0.002 -18"><span class='ocrx_word' id='word_1_232' title='bbox 2065 1652 2138 1705; x_wconf 91' lang='lat' dir='ltr'><strong>rei</strong></span> <span class='ocrx_word' id='word_1_233' title='bbox 2175 1652 2334 1705; x_wconf 90' lang='lat' dir='ltr'><strong>laus?</strong></span> <span class='ocrx_word' id='word_1_234' title='bbox 2369 1650 2587 1717; x_wconf 84' lang='lat' dir='ltr'><strong>Judicii,</strong></span> <span class='ocrx_word' id='word_1_235' title='bbox 2615 1654 2808 1721; x_wconf 88' lang='lat' dir='ltr'><strong>inquit.</strong></span> <span class='ocrx_word' id='word_1_236' title='bbox 2847 1653 2933 1707; x_wconf 87' lang='lat' dir='ltr'><strong>Fit</strong></span> <span class='ocrx_word' id='word_1_237' title='bbox 2967 1668 3097 1722; x_wconf 75' lang='lat' dir='ltr'><strong>ergo</strong></span> <span class='ocrx_word' id='word_1_238' title='bbox 3141 1654 3301 1707; x_wconf 84' lang='lat' dir='ltr'><strong>laude</strong></span> <span class='ocrx_word' id='word_1_239' title='bbox 3332 1656 3489 1723; x_wconf 81' lang='lat' dir='ltr'><strong>digna</strong></span> <span class='ocrx_word' id='word_1_240' title='bbox 3520 1654 3641 1708; x_wconf 85' lang='lat' dir='ltr'><strong>ani-</strong></span> 
     </span>
    </p>
   </div>
   <div class='ocr_carea' id='block_1_33' title="bbox 383 1743 3643 1816">
    <p class='ocr_par' dir='ltr' id='par_1_33' title="bbox 383 1743 3643 1816">
     <span class='ocr_line' id='line_1_33' title="bbox 383 1743 3643 1816; baseline 0.001 -19"><span class='ocrx_word' id='word_1_241' title='bbox 383 1748 622 1800; x_wconf 86' lang='lat' dir='ltr'><strong>scienter</strong></span> <span class='ocrx_word' id='word_1_242' title='bbox 654 1745 936 1799; x_wconf 88' lang='lat' dir='ltr'><strong>discernas</strong></span> <span class='ocrx_word' id='word_1_243' title='bbox 971 1743 1241 1798; x_wconf 87' lang='lat' dir='ltr'><strong>visionum</strong></span> <span class='ocrx_word' id='word_1_244' title='bbox 1276 1758 1463 1813; x_wconf 81' lang='lat' dir='ltr'><strong>genus,</strong></span> <span class='ocrx_word' id='word_1_245' title='bbox 1504 1745 1647 1799; x_wconf 91' lang='lat' dir='ltr'><strong>sicut</strong></span> <span class='ocrx_word' id='word_1_246' title='bbox 1685 1755 1735 1798; x_wconf 91' lang='lat' dir='ltr'><strong>et</strong></span> <span class='ocrx_word' id='word_1_247' title='bbox 1791 1745 1950 1800; x_wconf 83' lang='lat' dir='ltr'><strong>Jesus</strong></span> <span class='ocrx_word' id='word_1_248' title='bbox 1990 1743 2032 1796; x_wconf 91' lang='lat' dir='ltr'><strong>B</strong></span> <span class='ocrx_word' id='word_1_249' title='bbox 2066 1760 2148 1797; x_wconf 90' lang='lat' dir='ltr'><strong>ma</strong></span> <span class='ocrx_word' id='word_1_250' title='bbox 2175 1761 2291 1811; x_wconf 74' lang='lat' dir='ltr'><strong>qua:</strong></span> <span class='ocrx_word' id='word_1_251' title='bbox 2327 1744 2726 1810; x_wconf 81' lang='lat' dir='ltr'><strong>reetejudicat,</strong></span> <span class='ocrx_word' id='word_1_252' title='bbox 2766 1757 2909 1800; x_wconf 87' lang='lat' dir='ltr'><strong>recte</strong></span> <span class='ocrx_word' id='word_1_253' title='bbox 2950 1746 3230 1809; x_wconf 89' lang='lat' dir='ltr'><strong>discernit,</strong></span> <span class='ocrx_word' id='word_1_254' title='bbox 3283 1748 3331 1799; x_wconf 84' lang='lat' dir='ltr'><strong>id</strong></span> <span class='ocrx_word' id='word_1_255' title='bbox 3385 1757 3469 1801; x_wconf 84' lang='lat' dir='ltr'><strong>est</strong></span> <span class='ocrx_word' id='word_1_256' title='bbox 3519 1764 3643 1816; x_wconf 75' lang='lat' dir='ltr'><strong>qua:</strong></span> 
     </span>
    </p>
   </div>
   <div class='ocr_carea' id='block_1_34' title="bbox 380 1836 1959 1901">
    <p class='ocr_par' dir='ltr' id='par_1_34' title="bbox 380 1836 1959 1901">
     <span class='ocr_line' id='line_1_34' title="bbox 380 1836 1959 1901; baseline 0.001 -9"><span class='ocrx_word' id='word_1_257' title='bbox 380 1836 549 1901; x_wconf 82' lang='lat' dir='ltr'><strong>Nave,</strong></span> <span class='ocrx_word' id='word_1_258' title='bbox 574 1851 696 1889; x_wconf 90' lang='lat' dir='ltr'><strong>cum</strong></span> <span class='ocrx_word' id='word_1_259' title='bbox 727 1836 990 1891; x_wconf 87' lang='lat' dir='ltr'><strong>visionem</strong></span> <span class='ocrx_word' id='word_1_260' title='bbox 1011 1836 1241 1900; x_wconf 89' lang='lat' dir='ltr'><strong>videret,</strong></span> <span class='ocrx_word' id='word_1_261' title='bbox 1266 1836 1442 1891; x_wconf 91' lang='lat' dir='ltr'><strong>sciens</strong></span> <span class='ocrx_word' id='word_1_262' title='bbox 1472 1852 1593 1891; x_wconf 86' lang='lat' dir='ltr'><strong>esse</strong></span> <span class='ocrx_word' id='word_1_263' title='bbox 1631 1838 1679 1890; x_wconf 93' lang='lat' dir='ltr'><strong>in</strong></span> <span class='ocrx_word' id='word_1_264' title='bbox 1713 1842 1812 1893; x_wconf 90' lang='lat' dir='ltr'><strong>hoc</strong></span> <span class='ocrx_word' id='word_1_265' title='bbox 1840 1849 1959 1893; x_wconf 89' lang='lat' dir='ltr'><strong>ten-</strong></span> 
     </span>
    </p>
   </div>
   <div class='ocr_carea' id='block_1_35' title="bbox 382 1926 1949 1997">
    <p class='ocr_par' dir='ltr' id='par_1_35' title="bbox 382 1926 1949 1997">
     <span class='ocr_line' id='line_1_35' title="bbox 382 1926 1949 1997; baseline 0.003 -18"><span class='ocrx_word' id='word_1_266' title='bbox 382 1928 670 1991; x_wconf 77' lang='lat' dir='ltr'><strong>tationem,</strong></span> <span class='ocrx_word' id='word_1_267' title='bbox 696 1928 878 1981; x_wconf 86' lang='lat' dir='ltr'><strong>statim</strong></span> <span class='ocrx_word' id='word_1_268' title='bbox 911 1926 1230 1996; x_wconf 90' lang='lat' dir='ltr'><strong>requiritab</strong></span> <span class='ocrx_word' id='word_1_269' title='bbox 1262 1944 1327 1981; x_wconf 91' lang='lat' dir='ltr'><strong>eo</strong></span> <span class='ocrx_word' id='word_1_270' title='bbox 1353 1928 1442 1995; x_wconf 91' lang='lat' dir='ltr'><strong>qui</strong></span> <span class='ocrx_word' id='word_1_271' title='bbox 1469 1931 1720 1997; x_wconf 89' lang='lat' dir='ltr'><strong>apparuit</strong></span> <span class='ocrx_word' id='word_1_272' title='bbox 1762 1940 1814 1985; x_wconf 89' lang='lat' dir='ltr'><strong>et</strong></span> <span class='ocrx_word' id='word_1_273' title='bbox 1865 1933 1949 1985; x_wconf 89' lang='lat' dir='ltr'><strong>di-</strong></span> 
     </span>
    </p>
   </div>
   <div class='ocr_carea' id='block_1_36' title="bbox 382 2018 1955 2093">
    <p class='ocr_par' dir='ltr' id='par_1_36' title="bbox 382 2018 1955 2093">
     <span class='ocr_line' id='line_1_36' title="bbox 382 2018 1955 2093; baseline 0.003 -20"><span class='ocrx_word' id='word_1_274' title='bbox 382 2021 457 2073; x_wconf 90' lang='lat' dir='ltr'><strong>cit</strong></span> <span class='ocrx_word' id='word_1_275' title='bbox 482 2019 524 2050; x_wconf 81' lang='lat'>&quot;</span> <span class='ocrx_word' id='word_1_276' title='bbox 559 2037 572 2073; x_wconf 87' lang='lat'>:</span> <span class='ocrx_word' id='word_1_277' title='bbox 618 2038 637 2070; x_wconf 85' lang='grc' dir='ltr'><strong>ι</strong></span> <span class='ocrx_word' id='word_1_278' title='bbox 673 2018 870 2074; x_wconf 81' lang='lat' dir='ltr'><strong>Noster</strong></span> <span class='ocrx_word' id='word_1_279' title='bbox 902 2034 980 2085; x_wconf 89' lang='lat' dir='ltr'><strong>es,</strong></span> <span class='ocrx_word' id='word_1_280' title='bbox 1019 2036 1086 2072; x_wconf 88' lang='lat' dir='ltr'><strong>an</strong></span> <span class='ocrx_word' id='word_1_281' title='bbox 1118 2022 1553 2074; x_wconf 83' lang='lat' dir='ltr'><strong>adversariorum</strong></span> <span class='ocrx_word' id='word_1_282' title='bbox 1583 2021 1604 2074; x_wconf 88' lang='lat'><strong>?</strong></span> <span class='ocrx_word' id='word_1_283' title='bbox 1640 2041 1657 2072; x_wconf 75' lang='grc' dir='ltr'><strong>ι</strong></span> <span class='ocrx_word' id='word_1_284' title='bbox 1712 2022 1788 2075; x_wconf 88' lang='lat' dir='ltr'><strong>Ita</strong></span> <span class='ocrx_word' id='word_1_285' title='bbox 1825 2040 1955 2093; x_wconf 81' lang='lat' dir='ltr'><strong>ergo</strong></span> 
     </span>
    </p>
   </div>
   <div class='ocr_carea' id='block_1_37' title="bbox 381 2108 1956 2183">
    <p class='ocr_par' dir='ltr' id='par_1_37' title="bbox 381 2108 1956 2183">
     <span class='ocr_line' id='line_1_37' title="bbox 381 2108 1956 2183; baseline 0.003 -20"><span class='ocrx_word' id='word_1_286' title='bbox 381 2108 748 2179; x_wconf 84' lang='lat' dir='ltr'><strong>etproiiciens</strong></span> <span class='ocrx_word' id='word_1_287' title='bbox 782 2109 963 2163; x_wconf 90' lang='lat' dir='ltr'><strong>anima</strong></span> <span class='ocrx_word' id='word_1_288' title='bbox 995 2108 1083 2162; x_wconf 92' lang='lat' dir='ltr'><strong>ubi</strong></span> <span class='ocrx_word' id='word_1_289' title='bbox 1133 2109 1197 2162; x_wconf 89' lang='lat' dir='ltr'><strong>ad</strong></span> <span class='ocrx_word' id='word_1_290' title='bbox 1234 2110 1283 2162; x_wconf 88' lang='lat' dir='ltr'><strong>id</strong></span> <span class='ocrx_word' id='word_1_291' title='bbox 1340 2113 1551 2165; x_wconf 89' lang='lat' dir='ltr'><strong>venerit</strong></span> <span class='ocrx_word' id='word_1_292' title='bbox 1584 2112 1692 2183; x_wconf 79' lang='lat'><strong>(85)</strong></span> <span class='ocrx_word' id='word_1_293' title='bbox 1743 2124 1799 2166; x_wconf 90' lang='lat' dir='ltr'><strong>ut</strong></span> <span class='ocrx_word' id='word_1_294' title='bbox 1847 2115 1956 2183; x_wconf 85' lang='lat' dir='ltr'><strong>jam</strong></span> 
     </span>
    </p>
   </div>
   <div class='ocr_carea' id='block_1_38' title="bbox 382 2197 1957 2273">
    <p class='ocr_par' dir='ltr' id='par_1_38' title="bbox 382 2197 1957 2273">
     <span class='ocr_line' id='line_1_38' title="bbox 382 2197 1957 2273; baseline 0.003 -21"><span class='ocrx_word' id='word_1_295' title='bbox 382 2199 610 2269; x_wconf 85' lang='lat' dir='ltr'><strong>incipiat</strong></span> <span class='ocrx_word' id='word_1_296' title='bbox 631 2198 1013 2253; x_wconf 89' lang='lat' dir='ltr'><strong>discretionem</strong></span> <span class='ocrx_word' id='word_1_297' title='bbox 1045 2197 1244 2251; x_wconf 88' lang='lat' dir='ltr'><strong>habere</strong></span> <span class='ocrx_word' id='word_1_298' title='bbox 1268 2198 1565 2267; x_wconf 88' lang='lat' dir='ltr'><strong>visionum,</strong></span> <span class='ocrx_word' id='word_1_299' title='bbox 1594 2203 1720 2257; x_wconf 90' lang='lat' dir='ltr'><strong>inde</strong></span> <span class='ocrx_word' id='word_1_300' title='bbox 1757 2206 1957 2273; x_wconf 88' lang='lat' dir='ltr'><strong>proba-</strong></span> 
     </span>
    </p>
   </div>
   <div class='ocr_carea' id='block_1_39' title="bbox 384 2289 1946 2359">
    <p class='ocr_par' dir='ltr' id='par_1_39' title="bbox 384 2289 1946 2359">
     <span class='ocr_line' id='line_1_39' title="bbox 384 2289 1946 2359; baseline 0.002 -15"><span class='ocrx_word' id='word_1_301' title='bbox 384 2292 528 2345; x_wconf 85' lang='lat' dir='ltr'><strong>bitur</strong></span> <span class='ocrx_word' id='word_1_302' title='bbox 590 2289 854 2359; x_wconf 87' lang='lat' dir='ltr'><strong>spiritalis</strong></span> <span class='ocrx_word' id='word_1_303' title='bbox 902 2304 1069 2353; x_wconf 89' lang='lat' dir='ltr'><strong>esse,</strong></span> <span class='ocrx_word' id='word_1_304' title='bbox 1118 2289 1160 2343; x_wconf 90' lang='lat' dir='ltr'><strong>si</strong></span> <span class='ocrx_word' id='word_1_305' title='bbox 1211 2289 1315 2343; x_wconf 92' lang='lat' dir='ltr'><strong>scit</strong></span> <span class='ocrx_word' id='word_1_306' title='bbox 1368 2292 1550 2343; x_wconf 89' lang='lat' dir='ltr'><strong>omnia</strong></span> <span class='ocrx_word' id='word_1_307' title='bbox 1614 2294 1946 2347; x_wconf 87' lang='lat' dir='ltr'><strong>discernere.</strong></span> 
     </span>
    </p>
   </div>
   <div class='ocr_carea' id='block_1_40' title="bbox 380 2378 1957 2447">
    <p class='ocr_par' dir='ltr' id='par_1_40' title="bbox 380 2378 1957 2447">
     <span class='ocr_line' id='line_1_40' title="bbox 380 2378 1957 2447; baseline 0.001 -12"><span class='ocrx_word' id='word_1_308' title='bbox 380 2378 586 2435; x_wconf 90' lang='lat' dir='ltr'><strong>Idcirco</strong></span> <span class='ocrx_word' id='word_1_309' title='bbox 611 2380 846 2447; x_wconf 89' lang='lat' dir='ltr'><strong>denique</strong></span> <span class='ocrx_word' id='word_1_310' title='bbox 875 2388 928 2432; x_wconf 90' lang='lat' dir='ltr'><strong>et</strong></span> <span class='ocrx_word' id='word_1_311' title='bbox 965 2380 1107 2432; x_wconf 89' lang='lat' dir='ltr'><strong>inter</strong></span> <span class='ocrx_word' id='word_1_312' title='bbox 1147 2378 1284 2431; x_wconf 83' lang='lat' dir='ltr'><strong>dona</strong></span> <span class='ocrx_word' id='word_1_313' title='bbox 1333 2379 1626 2444; x_wconf 87' lang='lat' dir='ltr'><strong>spiritalia.</strong></span> <span class='ocrx_word' id='word_1_314' title='bbox 1681 2398 1845 2433; x_wconf 91' lang='lat' dir='ltr'><strong>unum</strong></span> <span class='ocrx_word' id='word_1_315' title='bbox 1894 2399 1957 2436; x_wconf 77' lang='lat' dir='ltr'><strong>ex</strong></span> 
     </span>
    </p>
   </div>
   <div class='ocr_carea' id='block_1_41' title="bbox 380 2469 1959 2543">
    <p class='ocr_par' dir='ltr' id='par_1_41' title="bbox 380 2469 1959 2543">
     <span class='ocr_line' id='line_1_41' title="bbox 380 2469 1959 2543; baseline 0.001 -20"><span class='ocrx_word' id='word_1_316' title='bbox 380 2472 536 2525; x_wconf 89' lang='lat' dir='ltr'><strong>donis</strong></span> <span class='ocrx_word' id='word_1_317' title='bbox 564 2470 738 2524; x_wconf 88' lang='lat' dir='ltr'><strong>sancti</strong></span> <span class='ocrx_word' id='word_1_318' title='bbox 767 2469 1006 2538; x_wconf 87' lang='lat' dir='ltr'><strong>Spiritus</strong></span> <span class='ocrx_word' id='word_1_319' title='bbox 1036 2484 1157 2524; x_wconf 89' lang='lat' dir='ltr'><strong>esse</strong></span> <span class='ocrx_word' id='word_1_320' title='bbox 1188 2480 1524 2524; x_wconf 83' lang='lat' dir='ltr'><strong>memoratur</strong></span> <span class='ocrx_word' id='word_1_321' title='bbox 1550 2472 1806 2527; x_wconf 86' lang='lat' dir='ltr'><strong>discretio</strong></span> <span class='ocrx_word' id='word_1_322' title='bbox 1851 2474 1959 2543; x_wconf 83' lang='lat' dir='ltr'><strong>spi-</strong></span> 
     </span>
    </p>
   </div>
   <div class='ocr_carea' id='block_1_42' title="bbox 380 2564 602 2617">
    <p class='ocr_par' dir='ltr' id='par_1_42' title="bbox 380 2564 602 2617">
     <span class='ocr_line' id='line_1_42' title="bbox 380 2564 602 2617; baseline -0.014 0"><span class='ocrx_word' id='word_1_323' title='bbox 380 2564 602 2617; x_wconf 79' lang='lat' dir='ltr'><strong>rituum.</strong></span> 
     </span>
    </p>
   </div>
   <div class='ocr_carea' id='block_1_43' title="bbox 453 2673 1956 2739">
    <p class='ocr_par' dir='ltr' id='par_1_43' title="bbox 453 2673 1956 2739">
     <span class='ocr_line' id='line_1_43' title="bbox 453 2673 1956 2739; baseline 0.002 -12"><span class='ocrx_word' id='word_1_324' title='bbox 453 2674 540 2727; x_wconf 73' lang='lat'><strong>12.</strong></span> <span class='ocrx_word' id='word_1_325' title='bbox 572 2692 592 2725; x_wconf 74' lang='grc' dir='ltr'><strong>ι</strong></span> <span class='ocrx_word' id='word_1_326' title='bbox 628 2673 862 2729; x_wconf 80' lang='lat' dir='ltr'><strong>Profecti</strong></span> <span class='ocrx_word' id='word_1_327' title='bbox 895 2689 1024 2730; x_wconf 86' lang='lat' dir='ltr'><strong>vero</strong></span> <span class='ocrx_word' id='word_1_328' title='bbox 1050 2691 1114 2730; x_wconf 77' lang='lat' dir='ltr'><strong>ex</strong></span> <span class='ocrx_word' id='word_1_329' title='bbox 1144 2675 1365 2731; x_wconf 90' lang='lat' dir='ltr'><strong>deserto</strong></span> <span class='ocrx_word' id='word_1_330' title='bbox 1420 2676 1539 2739; x_wconf 88' lang='lat' dir='ltr'><strong>Sin,</strong></span> <span class='ocrx_word' id='word_1_331' title='bbox 1580 2686 1848 2729; x_wconf 86' lang='lat' dir='ltr'><strong>venerunt</strong></span> <span class='ocrx_word' id='word_1_332' title='bbox 1904 2678 1956 2730; x_wconf 92' lang='lat' dir='ltr'><strong>in</strong></span> 
     </span>
    </p>
   </div>
   <div class='ocr_carea' id='block_1_44' title="bbox 383 2764 1954 2837">
    <p class='ocr_par' dir='ltr' id='par_1_44' title="bbox 383 2764 1954 2837">
     <span class='ocr_line' id='line_1_44' title="bbox 383 2764 1954 2837; baseline 0.003 -21"><span class='ocrx_word' id='word_1_333' title='bbox 383 2764 635 2831; x_wconf 74' lang='lat' dir='ltr'><strong>Itaphaca</strong></span> <span class='ocrx_word' id='word_1_334' title='bbox 664 2765 729 2817; x_wconf 78' lang='lat'><strong>“.</strong></span> <span class='ocrx_word' id='word_1_335' title='bbox 768 2783 786 2816; x_wconf 74' lang='grc' dir='ltr'><strong>ι</strong></span> <span class='ocrx_word' id='word_1_336' title='bbox 843 2764 1099 2833; x_wconf 79' lang='lat' dir='ltr'><strong>Bapbaca</strong></span> <span class='ocrx_word' id='word_1_337' title='bbox 1147 2768 1533 2837; x_wconf 88' lang='lat' dir='ltr'><strong>interpretatur</strong></span> <span class='ocrx_word' id='word_1_338' title='bbox 1574 2769 1775 2820; x_wconf 79' lang='lat' dir='ltr'><strong>sanitas</strong></span> <span class='ocrx_word' id='word_1_339' title='bbox 1822 2768 1954 2837; x_wconf 66' lang='grc'>(84).</span> 
     </span>
    </p>
   </div>
   <div class='ocr_carea' id='block_1_45' title="bbox 382 2855 1958 2926">
    <p class='ocr_par' dir='ltr' id='par_1_45' title="bbox 382 2855 1958 2926">
     <span class='ocr_line' id='line_1_45' title="bbox 382 2855 1958 2926; baseline 0.002 -20"><span class='ocrx_word' id='word_1_340' title='bbox 382 2855 548 2911; x_wconf 76' lang='lat' dir='ltr'><strong>Vides</strong></span> <span class='ocrx_word' id='word_1_341' title='bbox 571 2857 818 2911; x_wconf 91' lang='lat' dir='ltr'><strong>ordinem</strong></span> <span class='ocrx_word' id='word_1_342' title='bbox 848 2856 1215 2926; x_wconf 80' lang='lat' dir='ltr'><strong>profcctuuni,</strong></span> <span class='ocrx_word' id='word_1_343' title='bbox 1242 2857 1511 2925; x_wconf 89' lang='lat' dir='ltr'><strong>quomodo</strong></span> <span class='ocrx_word' id='word_1_344' title='bbox 1540 2857 1630 2910; x_wconf 88' lang='lat' dir='ltr'><strong>ubi</strong></span> <span class='ocrx_word' id='word_1_345' title='bbox 1684 2857 1796 2923; x_wconf 90' lang='lat' dir='ltr'><strong>jam</strong></span> <span class='ocrx_word' id='word_1_346' title='bbox 1848 2857 1958 2925; x_wconf 83' lang='lat' dir='ltr'><strong>spi-</strong></span> 
     </span>
    </p>
   </div>
   <div class='ocr_carea' id='block_1_46' title="bbox 384 2946 1954 3006">
    <p class='ocr_par' dir='ltr' id='par_1_46' title="bbox 384 2946 1954 3006">
     <span class='ocr_line' id='line_1_46' title="bbox 384 2946 1954 3006; baseline -0.001 -6"><span class='ocrx_word' id='word_1_347' title='bbox 384 2948 563 3001; x_wconf 85' lang='lat' dir='ltr'><strong>ritalis</strong></span> <span class='ocrx_word' id='word_1_348' title='bbox 588 2946 816 3002; x_wconf 88' lang='lat' dir='ltr'><strong>etlicitur</strong></span> <span class='ocrx_word' id='word_1_349' title='bbox 854 2949 1057 3006; x_wconf 88' lang='lat' dir='ltr'><strong>anima.</strong></span> <span class='ocrx_word' id='word_1_350' title='bbox 1111 2958 1165 3003; x_wconf 92' lang='lat' dir='ltr'><strong>et</strong></span> <span class='ocrx_word' id='word_1_351' title='bbox 1213 2949 1598 3003; x_wconf 71' lang='lat' dir='ltr'><strong>discretionem</strong></span> <span class='ocrx_word' id='word_1_352' title='bbox 1651 2947 1954 3001; x_wconf 62' lang='lat' dir='ltr'><strong>coelesdmn</strong></span> 
     </span>
    </p>
   </div>
   <div class='ocr_carea' id='block_1_47' title="bbox 380 3038 2023 3131">
    <p class='ocr_par' dir='ltr' id='par_1_47' title="bbox 380 3038 2023 3131">
     <span class='ocr_line' id='line_1_47' title="bbox 380 3038 2023 3131; baseline -0.002 -41"><span class='ocrx_word' id='word_1_353' title='bbox 380 3039 607 3108; x_wconf 69' lang='lat' dir='ltr'><strong>emperit</strong></span> <span class='ocrx_word' id='word_1_354' title='bbox 642 3038 842 3094; x_wconf 89' lang='lat' dir='ltr'><strong>habere</strong></span> <span class='ocrx_word' id='word_1_355' title='bbox 888 3042 1194 3105; x_wconf 78' lang='lat' dir='ltr'><strong>visionum,</strong></span> <span class='ocrx_word' id='word_1_356' title='bbox 1245 3041 1496 3108; x_wconf 80' lang='lat' dir='ltr'><strong>pervenit</strong></span> <span class='ocrx_word' id='word_1_357' title='bbox 1542 3038 1604 3091; x_wconf 88' lang='lat' dir='ltr'><strong>ad</strong></span> <span class='ocrx_word' id='word_1_358' title='bbox 1642 3039 1953 3099; x_wconf 79' lang='lat' dir='ltr'><strong>sanitatem,</strong></span> <span class='ocrx_word' id='word_1_359' title='bbox 1982 3077 2023 3131; x_wconf 65' lang='grc' dir='ltr'>Ο</span> 
     </span>
    </p>
   </div>
   <div class='ocr_carea' id='block_1_48' title="bbox 380 3126 1954 3183">
    <p class='ocr_par' dir='ltr' id='par_1_48' title="bbox 380 3126 1954 3183">
     <span class='ocr_line' id='line_1_48' title="bbox 380 3126 1954 3183; baseline -0.001 -3"><span class='ocrx_word' id='word_1_360' title='bbox 380 3139 439 3182; x_wconf 87' lang='grc' dir='ltr'><strong>ιιι</strong></span> <span class='ocrx_word' id='word_1_361' title='bbox 466 3130 659 3183; x_wconf 86' lang='lat' dir='ltr'><strong>merito</strong></span> <span class='ocrx_word' id='word_1_362' title='bbox 685 3129 831 3183; x_wconf 88' lang='lat' dir='ltr'><strong>dicat</strong></span> <span class='ocrx_word' id='word_1_363' title='bbox 858 3129 900 3161; x_wconf 72' lang='lat'>“</span> <span class='ocrx_word' id='word_1_364' title='bbox 932 3146 947 3181; x_wconf 88' lang='lat'><strong>:</strong></span> <span class='ocrx_word' id='word_1_365' title='bbox 984 3148 1003 3181; x_wconf 82' lang='grc' dir='ltr'><strong>ι</strong></span> <span class='ocrx_word' id='word_1_366' title='bbox 1052 3130 1339 3183; x_wconf 83' lang='lat' dir='ltr'><strong>Benedieat</strong></span> <span class='ocrx_word' id='word_1_367' title='bbox 1373 3129 1549 3181; x_wconf 91' lang='lat' dir='ltr'><strong>anima</strong></span> <span class='ocrx_word' id='word_1_368' title='bbox 1601 3144 1713 3180; x_wconf 87' lang='lat' dir='ltr'><strong>mea</strong></span> <span class='ocrx_word' id='word_1_369' title='bbox 1772 3126 1954 3179; x_wconf 85' lang='lat' dir='ltr'><strong>Domi-</strong></span> 
     </span>
    </p>
   </div>
   <div class='ocr_carea' id='block_1_49' title="bbox 383 3222 1944 3291">
    <p class='ocr_par' dir='ltr' id='par_1_49' title="bbox 383 3222 1944 3291">
     <span class='ocr_line' id='line_1_49' title="bbox 383 3222 1944 3291; baseline -0.004 -14"><span class='ocrx_word' id='word_1_370' title='bbox 383 3235 618 3289; x_wconf 78' lang='lat' dir='ltr'><strong>ttttm,‘et.</strong></span> <span class='ocrx_word' id='word_1_371' title='bbox 642 3224 821 3276; x_wconf 88' lang='lat' dir='ltr'><strong>omnia</strong></span> <span class='ocrx_word' id='word_1_372' title='bbox 854 3225 1108 3279; x_wconf 90' lang='lat' dir='ltr'><strong>interiora</strong></span> <span class='ocrx_word' id='word_1_373' title='bbox 1140 3240 1256 3278; x_wconf 87' lang='lat' dir='ltr'><strong>mea</strong></span> <span class='ocrx_word' id='word_1_374' title='bbox 1281 3238 1475 3277; x_wconf 87' lang='lat' dir='ltr'><strong>nomen</strong></span> <span class='ocrx_word' id='word_1_375' title='bbox 1502 3233 1748 3283; x_wconf 75' lang='lat' dir='ltr'><strong>sanctum</strong></span> <span class='ocrx_word' id='word_1_376' title='bbox 1774 3222 1909 3291; x_wconf 80' lang='lat' dir='ltr'><strong>ejus.</strong></span> <span class='ocrx_word' id='word_1_377' title='bbox 1928 3240 1944 3271; x_wconf 77' lang='grc' dir='ltr'><strong>ι</strong></span> 
     </span>
    </p>
   </div>
   <div class='ocr_carea' id='block_1_50' title="bbox 382 3311 1955 3381">
    <p class='ocr_par' dir='ltr' id='par_1_50' title="bbox 382 3311 1955 3381">
     <span class='ocr_line' id='line_1_50' title="bbox 382 3311 1955 3381; baseline -0.001 -18"><span class='ocrx_word' id='word_1_378' title='bbox 382 3314 551 3378; x_wconf 90' lang='lat' dir='ltr'><strong>Quem</strong></span> <span class='ocrx_word' id='word_1_379' title='bbox 594 3311 876 3366; x_wconf 87' lang='lat' dir='ltr'><strong>Dominum</strong></span> <span class='ocrx_word' id='word_1_380' title='bbox 906 3313 928 3365; x_wconf 66' lang='grc' dir='ltr'>ἲ</span> <span class='ocrx_word' id='word_1_381' title='bbox 957 3332 975 3364; x_wconf 86' lang='grc' dir='ltr'><strong>ι</strong></span> <span class='ocrx_word' id='word_1_382' title='bbox 1008 3312 1107 3378; x_wconf 85' lang='lat' dir='ltr'><strong>Qui</strong></span> <span class='ocrx_word' id='word_1_383' title='bbox 1147 3323 1325 3375; x_wconf 88' lang='lat' dir='ltr'><strong>sanat,</strong></span> <span class='ocrx_word' id='word_1_384' title='bbox 1374 3313 1573 3381; x_wconf 89' lang='lat' dir='ltr'><strong>inquit,</strong></span> <span class='ocrx_word' id='word_1_385' title='bbox 1602 3328 1791 3365; x_wconf 91' lang='lat' dir='ltr'><strong>omnes</strong></span> <span class='ocrx_word' id='word_1_386' title='bbox 1838 3311 1955 3363; x_wconf 87' lang='lat' dir='ltr'><strong>lan-</strong></span> 
     </span>
    </p>
   </div>
   <div class='ocr_carea' id='block_1_51' title="bbox 381 3403 1946 3470">
    <p class='ocr_par' dir='ltr' id='par_1_51' title="bbox 381 3403 1946 3470">
     <span class='ocr_line' id='line_1_51' title="bbox 381 3403 1946 3470; baseline 0 -17"><span class='ocrx_word' id='word_1_387' title='bbox 381 3411 735 3467; x_wconf 74' lang='lat' dir='ltr'><strong>guorestuos,</strong></span> <span class='ocrx_word' id='word_1_388' title='bbox 761 3403 850 3470; x_wconf 89' lang='lat' dir='ltr'><strong>qui</strong></span> <span class='ocrx_word' id='word_1_389' title='bbox 884 3404 1099 3457; x_wconf 88' lang='lat' dir='ltr'><strong>redimit</strong></span> <span class='ocrx_word' id='word_1_390' title='bbox 1128 3404 1193 3457; x_wconf 88' lang='lat' dir='ltr'><strong>de</strong></span> <span class='ocrx_word' id='word_1_391' title='bbox 1226 3404 1448 3457; x_wconf 89' lang='lat' dir='ltr'><strong>interitu</strong></span> <span class='ocrx_word' id='word_1_392' title='bbox 1477 3405 1640 3454; x_wconf 88' lang='lat' dir='ltr'><strong>vitam</strong></span> <span class='ocrx_word' id='word_1_393' title='bbox 1673 3413 1820 3455; x_wconf 90' lang='lat' dir='ltr'><strong>tuam</strong></span> <span class='ocrx_word' id='word_1_394' title='bbox 1850 3403 1946 3455; x_wconf 67' lang='grc' dir='ltr'><strong>υ.»</strong></span> 
     </span>
    </p>
   </div>
   <div class='ocr_carea' id='block_1_52' title="bbox 382 3493 1954 3563">
    <p class='ocr_par' dir='ltr' id='par_1_52' title="bbox 382 3493 1954 3563">
     <span class='ocr_line' id='line_1_52' title="bbox 382 3493 1954 3563; baseline 0 -16"><span class='ocrx_word' id='word_1_395' title='bbox 382 3496 522 3547; x_wconf 91' lang='lat' dir='ltr'><strong>Sunt</strong></span> <span class='ocrx_word' id='word_1_396' title='bbox 547 3493 690 3546; x_wconf 90' lang='lat' dir='ltr'><strong>enim</strong></span> <span class='ocrx_word' id='word_1_397' title='bbox 719 3494 873 3546; x_wconf 86' lang='lat' dir='ltr'><strong>multi</strong></span> <span class='ocrx_word' id='word_1_398' title='bbox 904 3494 1192 3563; x_wconf 78' lang='lat' dir='ltr'><strong>languores</strong></span> <span class='ocrx_word' id='word_1_399' title='bbox 1221 3496 1434 3547; x_wconf 80' lang='lat' dir='ltr'><strong>animae.</strong></span> <span class='ocrx_word' id='word_1_400' title='bbox 1457 3495 1696 3546; x_wconf 80' lang='lat' dir='ltr'><strong>Avaritia</strong></span> <span class='ocrx_word' id='word_1_401' title='bbox 1725 3493 1954 3562; x_wconf 81' lang='lat' dir='ltr'><strong>languor</strong></span> 
     </span>
    </p>
   </div>
   <div class='ocr_carea' id='block_1_53' title="bbox 380 3582 1956 3652">
    <p class='ocr_par' dir='ltr' id='par_1_53' title="bbox 380 3582 1956 3652">
     <span class='ocr_line' id='line_1_53' title="bbox 380 3582 1956 3652; baseline 0.004 -24"><span class='ocrx_word' id='word_1_402' title='bbox 380 3582 497 3646; x_wconf 70' lang='lat' dir='ltr'><strong>ejus</strong></span> <span class='ocrx_word' id='word_1_403' title='bbox 528 3589 632 3643; x_wconf 88' lang='lat' dir='ltr'><strong>est,</strong></span> <span class='ocrx_word' id='word_1_404' title='bbox 657 3591 710 3633; x_wconf 88' lang='lat' dir='ltr'><strong>et</strong></span> <span class='ocrx_word' id='word_1_405' title='bbox 735 3582 951 3649; x_wconf 88' lang='lat' dir='ltr'><strong>quidem</strong></span> <span class='ocrx_word' id='word_1_406' title='bbox 983 3584 1272 3651; x_wconf 85' lang='lat' dir='ltr'><strong>pessimus.</strong></span> <span class='ocrx_word' id='word_1_407' title='bbox 1303 3582 1592 3650; x_wconf 87' lang='lat' dir='ltr'><strong>Superbia,</strong></span> <span class='ocrx_word' id='word_1_408' title='bbox 1618 3584 1718 3648; x_wconf 90' lang='lat' dir='ltr'><strong>ira,</strong></span> <span class='ocrx_word' id='word_1_409' title='bbox 1744 3585 1956 3652; x_wconf 87' lang='lat' dir='ltr'><strong>jactan-</strong></span> 
     </span>
    </p>
   </div>
   <div class='ocr_carea' id='block_1_54' title="bbox 384 3668 1953 3740">
    <p class='ocr_par' dir='ltr' id='par_1_54' title="bbox 384 3668 1953 3740">
     <span class='ocr_line' id='line_1_54' title="bbox 384 3668 1953 3740; baseline 0.004 -21"><span class='ocrx_word' id='word_1_410' title='bbox 384 3669 478 3727; x_wconf 86' lang='lat' dir='ltr'><strong>tia.</strong></span> <span class='ocrx_word' id='word_1_411' title='bbox 519 3668 774 3737; x_wconf 82' lang='lat' dir='ltr'><strong>formido,</strong></span> <span class='ocrx_word' id='word_1_412' title='bbox 835 3672 1221 3736; x_wconf 75' lang='lat' dir='ltr'><strong>inconstantia,</strong></span> <span class='ocrx_word' id='word_1_413' title='bbox 1271 3672 1709 3740; x_wconf 88' lang='lat' dir='ltr'><strong>pusillanimitas,</strong></span> <span class='ocrx_word' id='word_1_414' title='bbox 1745 3683 1801 3726; x_wconf 90' lang='lat' dir='ltr'><strong>et</strong></span> <span class='ocrx_word' id='word_1_415' title='bbox 1857 3675 1953 3727; x_wconf 90' lang='grc' dir='ltr'><strong>Ιιο-</strong></span> 
     </span>
    </p>
   </div>
   <div class='ocr_carea' id='block_1_55' title="bbox 383 3759 1954 3825">
    <p class='ocr_par' dir='ltr' id='par_1_55' title="bbox 383 3759 1954 3825">
     <span class='ocr_line' id='line_1_55' title="bbox 383 3759 1954 3825; baseline 0.004 -16"><span class='ocrx_word' id='word_1_416' title='bbox 383 3772 498 3809; x_wconf 87' lang='lat' dir='ltr'><strong>rum</strong></span> <span class='ocrx_word' id='word_1_417' title='bbox 524 3759 742 3814; x_wconf 85' lang='lat' dir='ltr'><strong>similia.</strong></span> <span class='ocrx_word' id='word_1_418' title='bbox 773 3760 997 3825; x_wconf 87' lang='lat' dir='ltr'><strong>Quando</strong></span> <span class='ocrx_word' id='word_1_419' title='bbox 1029 3776 1132 3823; x_wconf 91' lang='lat' dir='ltr'><strong>me,</strong></span> <span class='ocrx_word' id='word_1_420' title='bbox 1161 3761 1383 3814; x_wconf 87' lang='lat' dir='ltr'><strong>Domine</strong></span> <span class='ocrx_word' id='word_1_421' title='bbox 1407 3759 1557 3825; x_wconf 70' lang='lat' dir='ltr'><strong>Iesu,</strong></span> <span class='ocrx_word' id='word_1_422' title='bbox 1580 3763 1646 3814; x_wconf 89' lang='lat' dir='ltr'><strong>ab</strong></span> <span class='ocrx_word' id='word_1_423' title='bbox 1673 3764 1753 3817; x_wconf 90' lang='lat' dir='ltr'><strong>his</strong></span> <span class='ocrx_word' id='word_1_424' title='bbox 1775 3763 1954 3818; x_wconf 86' lang='lat' dir='ltr'><strong>enmi-</strong></span> 
     </span>
    </p>
   </div>
   <div class='ocr_carea' id='block_1_56' title="bbox 378 3849 1953 3922">
    <p class='ocr_par' dir='ltr' id='par_1_56' title="bbox 378 3849 1953 3922">
     <span class='ocr_line' id='line_1_56' title="bbox 378 3849 1953 3922; baseline 0.004 -21"><span class='ocrx_word' id='word_1_425' title='bbox 378 3849 480 3902; x_wconf 84' lang='lat' dir='ltr'><strong>Inis</strong></span> <span class='ocrx_word' id='word_1_426' title='bbox 504 3850 851 3919; x_wconf 78' lang='lat' dir='ltr'><strong>languoribus</strong></span> <span class='ocrx_word' id='word_1_427' title='bbox 879 3852 1094 3905; x_wconf 90' lang='lat' dir='ltr'><strong>curabis</strong></span> <span class='ocrx_word' id='word_1_428' title='bbox 1122 3853 1144 3905; x_wconf 89' lang='lat'><strong>?</strong></span> <span class='ocrx_word' id='word_1_429' title='bbox 1169 3852 1396 3918; x_wconf 87' lang='lat' dir='ltr'><strong>Quando</strong></span> <span class='ocrx_word' id='word_1_430' title='bbox 1446 3855 1690 3915; x_wconf 87' lang='lat' dir='ltr'><strong>sanabis,</strong></span> <span class='ocrx_word' id='word_1_431' title='bbox 1747 3866 1803 3906; x_wconf 93' lang='lat' dir='ltr'><strong>ut</strong></span> <span class='ocrx_word' id='word_1_432' title='bbox 1855 3870 1953 3922; x_wconf 83' lang='lat' dir='ltr'><strong>ego</strong></span> 
     </span>
    </p>
   </div>
   <div class='ocr_carea' id='block_1_57' title="bbox 378 3941 1954 4013">
    <p class='ocr_par' dir='ltr' id='par_1_57' title="bbox 378 3941 1954 4013">
     <span class='ocr_line' id='line_1_57' title="bbox 378 3941 1954 4013; baseline 0.005 -22"><span class='ocrx_word' id='word_1_433' title='bbox 378 3941 551 3993; x_wconf 85' lang='lat' dir='ltr'><strong>dicam</strong></span> <span class='ocrx_word' id='word_1_434' title='bbox 580 3959 592 3992; x_wconf 93' lang='lat'><strong>:</strong></span> <span class='ocrx_word' id='word_1_435' title='bbox 637 3959 655 3990; x_wconf 85' lang='grc' dir='ltr'><strong>ι</strong></span> <span class='ocrx_word' id='word_1_436' title='bbox 700 3941 959 4004; x_wconf 80' lang='lat' dir='ltr'><strong>Benedic,</strong></span> <span class='ocrx_word' id='word_1_437' title='bbox 991 3945 1168 3996; x_wconf 89' lang='lat' dir='ltr'><strong>anima</strong></span> <span class='ocrx_word' id='word_1_438' title='bbox 1203 3960 1344 4007; x_wconf 85' lang='lat' dir='ltr'><strong>mea,</strong></span> <span class='ocrx_word' id='word_1_439' title='bbox 1376 3945 1658 3998; x_wconf 90' lang='lat' dir='ltr'><strong>Dominum</strong></span> <span class='ocrx_word' id='word_1_440' title='bbox 1684 3947 1774 4013; x_wconf 88' lang='lat' dir='ltr'><strong>qui</strong></span> <span class='ocrx_word' id='word_1_441' title='bbox 1800 3954 1954 3999; x_wconf 87' lang='lat' dir='ltr'><strong>sanat</strong></span> 
     </span>
    </p>
   </div>
   <div class='ocr_carea' id='block_1_58' title="bbox 377 4032 1942 4105">
    <p class='ocr_par' dir='ltr' id='par_1_58' title="bbox 377 4032 1942 4105">
     <span class='ocr_line' id='line_1_58' title="bbox 377 4032 1942 4105; baseline 0.005 -23"><span class='ocrx_word' id='word_1_442' title='bbox 377 4044 563 4085; x_wconf 90' lang='lat' dir='ltr'><strong>omnes</strong></span> <span class='ocrx_word' id='word_1_443' title='bbox 592 4032 883 4103; x_wconf 72' lang='lat' dir='ltr'><strong>languorcs</strong></span> <span class='ocrx_word' id='word_1_444' title='bbox 919 4044 1060 4099; x_wconf 89' lang='lat' dir='ltr'><strong>tuos,</strong></span> <span class='ocrx_word' id='word_1_445' title='bbox 1102 4054 1119 4086; x_wconf 74' lang='grc' dir='ltr'><strong>ι</strong></span> <span class='ocrx_word' id='word_1_446' title='bbox 1150 4045 1207 4088; x_wconf 90' lang='grc' dir='ltr'><strong>ιιι</strong></span> <span class='ocrx_word' id='word_1_447' title='bbox 1241 4038 1442 4104; x_wconf 80' lang='lat' dir='ltr'><strong>possim</strong></span> <span class='ocrx_word' id='word_1_448' title='bbox 1486 4046 1538 4090; x_wconf 86' lang='lat' dir='ltr'><strong>et</strong></span> <span class='ocrx_word' id='word_1_449' title='bbox 1568 4053 1668 4105; x_wconf 80' lang='lat' dir='ltr'><strong>ego</strong></span> <span class='ocrx_word' id='word_1_450' title='bbox 1717 4040 1942 4090; x_wconf 80' lang='lat' dir='ltr'><strong>mansio-</strong></span> 
     </span>
    </p>
   </div>
   <div class='ocr_carea' id='block_1_59' title="bbox 378 4122 1949 4198">
    <p class='ocr_par' dir='ltr' id='par_1_59' title="bbox 378 4122 1949 4198">
     <span class='ocr_line' id='line_1_59' title="bbox 378 4122 1949 4198; baseline 0.004 -25"><span class='ocrx_word' id='word_1_451' title='bbox 378 4138 498 4175; x_wconf 86' lang='lat' dir='ltr'><strong>nem</strong></span> <span class='ocrx_word' id='word_1_452' title='bbox 527 4122 705 4178; x_wconf 72' lang='lat' dir='ltr'><strong>faceie</strong></span> <span class='ocrx_word' id='word_1_453' title='bbox 734 4125 784 4177; x_wconf 93' lang='lat' dir='ltr'><strong>in</strong></span> <span class='ocrx_word' id='word_1_454' title='bbox 809 4123 1086 4194; x_wconf 81' lang='lat' dir='ltr'><strong>Rapliaca,</strong></span> <span class='ocrx_word' id='word_1_455' title='bbox 1118 4128 1261 4195; x_wconf 90' lang='lat' dir='ltr'><strong>quod</strong></span> <span class='ocrx_word' id='word_1_456' title='bbox 1289 4136 1371 4181; x_wconf 90' lang='lat' dir='ltr'><strong>est</strong></span> <span class='ocrx_word' id='word_1_457' title='bbox 1422 4129 1666 4181; x_wconf 68' lang='lat' dir='ltr'><strong>sanitas?</strong></span> <span class='ocrx_word' id='word_1_458' title='bbox 1710 4128 1949 4198; x_wconf 77' lang='lat' dir='ltr'><strong>Longum</strong></span> 
     </span>
    </p>
   </div>
   <div class='ocr_carea' id='block_1_60' title="bbox 375 4214 1951 4288">
    <p class='ocr_par' dir='ltr' id='par_1_60' title="bbox 375 4214 1951 4288">
     <span class='ocr_line' id='line_1_60' title="bbox 375 4214 1951 4288; baseline 0.003 -23"><span class='ocrx_word' id='word_1_459' title='bbox 375 4223 458 4266; x_wconf 79' lang='lat' dir='ltr'><strong>cst.</strong></span> <span class='ocrx_word' id='word_1_460' title='bbox 482 4214 524 4266; x_wconf 91' lang='lat' dir='ltr'><strong>si</strong></span> <span class='ocrx_word' id='word_1_461' title='bbox 569 4216 800 4270; x_wconf 87' lang='lat' dir='ltr'><strong>velimus</strong></span> <span class='ocrx_word' id='word_1_462' title='bbox 844 4216 926 4271; x_wconf 85' lang='lat' dir='ltr'><strong>ire</strong></span> <span class='ocrx_word' id='word_1_463' title='bbox 971 4232 1067 4286; x_wconf 89' lang='lat' dir='ltr'><strong>per</strong></span> <span class='ocrx_word' id='word_1_464' title='bbox 1119 4218 1355 4288; x_wconf 84' lang='lat' dir='ltr'><strong>singulas</strong></span> <span class='ocrx_word' id='word_1_465' title='bbox 1407 4221 1738 4285; x_wconf 86' lang='lat' dir='ltr'><strong>mansiones,</strong></span> <span class='ocrx_word' id='word_1_466' title='bbox 1785 4233 1836 4271; x_wconf 89' lang='lat' dir='ltr'><strong>ct</strong></span> <span class='ocrx_word' id='word_1_467' title='bbox 1887 4234 1951 4271; x_wconf 77' lang='lat' dir='ltr'><strong>ex</strong></span> 
     </span>
    </p>
   </div>
   <div class='ocr_carea' id='block_1_61' title="bbox 451 4374 1459 4447">
    <p class='ocr_par' dir='ltr' id='par_1_61' title="bbox 451 4374 1459 4447">
     <span class='ocr_line' id='line_1_61' title="bbox 451 4374 1459 4447; baseline 0.008 -21"><span class='ocrx_word' id='word_1_468' title='bbox 451 4375 489 4405; x_wconf 84' lang='lat'>”</span> <span class='ocrx_word' id='word_1_469' title='bbox 517 4374 675 4431; x_wconf 89' lang='lat' dir='ltr'><strong>Num.</strong></span> <span class='ocrx_word' id='word_1_470' title='bbox 716 4392 887 4442; x_wconf 78' lang='lat' dir='ltr'><strong>xxxii,</strong></span> <span class='ocrx_word' id='word_1_471' title='bbox 928 4380 1011 4433; x_wconf 81' lang='lat' dir='ltr'><strong>II.</strong></span> <span class='ocrx_word' id='word_1_472' title='bbox 1091 4380 1130 4411; x_wconf 82' lang='grc'>¹¹</span> <span class='ocrx_word' id='word_1_473' title='bbox 1153 4379 1265 4434; x_wconf 86' lang='lat' dir='ltr'><strong>Jos.</strong></span> <span class='ocrx_word' id='word_1_474' title='bbox 1291 4381 1459 4447; x_wconf 68' lang='lat' dir='ltr'><strong>v,15.</strong></span> 
     </span>
    </p>
   </div>
   <div class='ocr_carea' id='block_1_62' title="bbox 473 4533 2013 4604">
    <p class='ocr_par' dir='ltr' id='par_1_62' title="bbox 473 4533 2013 4604">
     <span class='ocr_line' id='line_1_62' title="bbox 473 4533 2013 4604; baseline 0.006 -17"><span class='ocrx_word' id='word_1_475' title='bbox 473 4533 560 4604; x_wconf 71' lang='lat'><strong>82)</strong></span> <span class='ocrx_word' id='word_1_476' title='bbox 584 4533 682 4589; x_wconf 89' lang='lat' dir='ltr'><strong>Sin</strong></span> <span class='ocrx_word' id='word_1_477' title='bbox 705 4539 860 4590; x_wconf 82' lang='lat' dir='ltr'><strong>rubus</strong></span> <span class='ocrx_word' id='word_1_478' title='bbox 884 4539 1279 4603; x_wconf 69' lang='lat' dir='ltr'><strong>interpretatur,</strong></span> <span class='ocrx_word' id='word_1_479' title='bbox 1325 4541 1431 4593; x_wconf 84' lang='lat' dir='ltr'><strong>sive</strong></span> <span class='ocrx_word' id='word_1_480' title='bbox 1456 4541 1694 4595; x_wconf 84' lang='lat' dir='ltr'><strong>tentatio.</strong></span> <span class='ocrx_word' id='word_1_481' title='bbox 1749 4543 1936 4597; x_wconf 81' lang='lat' dir='ltr'><strong>Rubns</strong></span> <span class='ocrx_word' id='word_1_482' title='bbox 1971 4549 2013 4602; x_wconf 91' lang='lat' dir='ltr'><strong>D</strong></span> 
     </span>
    </p>
   </div>
   <div class='ocr_carea' id='block_1_63' title="bbox 376 4534 1933 4678">
    <p class='ocr_par' dir='ltr' id='par_1_63' title="bbox 376 4534 1933 4678">
     <span class='ocr_line' id='line_1_63' title="bbox 449 4534 1933 4658; baseline 0.006 -71"><span class='ocrx_word' id='word_1_483' title='bbox 449 4534 560 4658; x_wconf 49' lang='lat'><strong>$82)</strong></span> <span class='ocrx_word' id='word_1_484' title='bbox 584 4534 682 4589; x_wconf 88' lang='lat' dir='ltr'><strong>Sin</strong></span> <span class='ocrx_word' id='word_1_485' title='bbox 705 4539 860 4590; x_wconf 83' lang='lat' dir='ltr'><strong>rubus</strong></span> <span class='ocrx_word' id='word_1_486' title='bbox 884 4539 1279 4603; x_wconf 72' lang='lat' dir='ltr'><strong>interpretatur,</strong></span> <span class='ocrx_word' id='word_1_487' title='bbox 1325 4541 1431 4593; x_wconf 81' lang='lat' dir='ltr'><strong>sive</strong></span> <span class='ocrx_word' id='word_1_488' title='bbox 1456 4541 1694 4595; x_wconf 85' lang='lat' dir='ltr'><strong>tentatio.</strong></span> <span class='ocrx_word' id='word_1_489' title='bbox 1749 4543 1933 4597; x_wconf 79' lang='lat' dir='ltr'><strong>Rubns</strong></span> 
     </span>
     <span class='ocr_line' id='line_1_64' title="bbox 376 4604 1933 4678; baseline 0.004 -21"><span class='ocrx_word' id='word_1_490' title='bbox 376 4617 447 4672; x_wconf 93' lang='lat' dir='ltr'><strong>qu</strong></span> <span class='ocrx_word' id='word_1_491' title='bbox 476 4604 592 4678; x_wconf 73' lang='lat' dir='ltr'><strong>dein</strong></span> <span class='ocrx_word' id='word_1_492' title='bbox 625 4620 670 4678; x_wconf 19' lang='lat' dir='ltr'><strong>ia</strong></span> <span class='ocrx_word' id='word_1_493' title='bbox 707 4617 830 4669; x_wconf 71' lang='lat' dir='ltr'><strong>reo,</strong></span> <span class='ocrx_word' id='word_1_494' title='bbox 891 4610 1115 4678; x_wconf 88' lang='lat' dir='ltr'><strong>tentatio</strong></span> <span class='ocrx_word' id='word_1_495' title='bbox 1157 4621 1337 4664; x_wconf 90' lang='lat' dir='ltr'><strong>autem</strong></span> <span class='ocrx_word' id='word_1_496' title='bbox 1390 4626 1416 4662; x_wconf 92' lang='lat' dir='ltr'><strong>a</strong></span> <span class='ocrx_word' id='word_1_497' title='bbox 1444 4617 1546 4669; x_wconf 77' lang='lat' dir='ltr'><strong>no:</strong></span> <span class='ocrx_word' id='word_1_498' title='bbox 1580 4629 1596 4661; x_wconf 83' lang='grc' dir='ltr'><strong>ι</strong></span> <span class='ocrx_word' id='word_1_499' title='bbox 1633 4612 1823 4666; x_wconf 89' lang='lat' dir='ltr'><strong>tollere</strong></span> <span class='ocrx_word' id='word_1_500' title='bbox 1846 4654 1862 4678; x_wconf 97' lang='lat'><strong>,</strong></span> <span class='ocrx_word' id='word_1_501' title='bbox 1914 4634 1933 4664; x_wconf 75' lang='grc' dir='ltr'><strong>ι</strong></span> 
     </span>
    </p>
   </div>
   <div class='ocr_carea' id='block_1_64' title="bbox 377 4674 1427 4745">
    <p class='ocr_par' dir='ltr' id='par_1_64' title="bbox 377 4674 1427 4745">
     <span class='ocr_line' id='line_1_65' title="bbox 377 4674 1427 4745; baseline 0.005 -20"><span class='ocrx_word' id='word_1_502' title='bbox 377 4674 519 4745; x_wconf 76' lang='lat' dir='ltr'><strong>quod</strong></span> <span class='ocrx_word' id='word_1_503' title='bbox 544 4675 737 4745; x_wconf 6' lang='lat' dir='ltr'><strong>iinih.</strong></span> <span class='ocrx_word' id='word_1_504' title='bbox 765 4677 1033 4745; x_wconf 77' lang='lat' dir='ltr'><strong>signiﬁcat</strong></span> <span class='ocrx_word' id='word_1_505' title='bbox 1071 4699 1089 4727; x_wconf 87' lang='grc'><em>‹</em></span> <span class='ocrx_word' id='word_1_506' title='bbox 1126 4681 1370 4733; x_wconf 84' lang='lat' dir='ltr'><strong>tentavit.</strong></span> <span class='ocrx_word' id='word_1_507' title='bbox 1409 4700 1427 4730; x_wconf 72' lang='grc' dir='ltr'><strong>ι</strong></span> 
     </span>
    </p>
   </div>
   <div class='ocr_carea' id='block_1_65' title="bbox 376 4741 1946 4868">
    <p class='ocr_par' dir='ltr' id='par_1_65' title="bbox 376 4741 1946 4868">
     <span class='ocr_line' id='line_1_66' title="bbox 376 4741 1946 4868; baseline 0.006 -72"><span class='ocrx_word' id='word_1_508' title='bbox 376 4741 410 4777; x_wconf 50' lang='grc' dir='ltr'><em>Γ</em></span> <span class='ocrx_word' id='word_1_509' title='bbox 447 4741 559 4813; x_wconf 77' lang='grc'>(85)</span> <span class='ocrx_word' id='word_1_510' title='bbox 593 4741 880 4868; x_wconf 54' lang='grc' dir='ltr'><strong>Ρωέεἱεῖη</strong></span> <span class='ocrx_word' id='word_1_511' title='bbox 910 4748 1086 4799; x_wconf 89' lang='lat' dir='ltr'><strong>anima</strong></span> <span class='ocrx_word' id='word_1_512' title='bbox 1114 4749 1199 4801; x_wconf 84' lang='lat' dir='ltr'><strong>ubi</strong></span> <span class='ocrx_word' id='word_1_513' title='bbox 1226 4752 1293 4803; x_wconf 83' lang='lat' dir='ltr'><strong>ad</strong></span> <span class='ocrx_word' id='word_1_514' title='bbox 1346 4750 1400 4819; x_wconf 75' lang='lat' dir='ltr'><strong>id</strong></span> <span class='ocrx_word' id='word_1_515' title='bbox 1445 4752 1661 4804; x_wconf 79' lang='lat' dir='ltr'><strong>venerit.</strong></span> <span class='ocrx_word' id='word_1_516' title='bbox 1713 4753 1801 4807; x_wconf 90' lang='lat' dir='ltr'><strong>Sic</strong></span> <span class='ocrx_word' id='word_1_517' title='bbox 1844 4754 1946 4806; x_wconf 79' lang='lat' dir='ltr'><strong>ha-</strong></span> 
     </span>
     <span class='ocr_line' id='line_1_67' title="bbox 378 4813 1945 4868; baseline 0 0"><span class='ocrx_word' id='word_1_518' title='bbox 378 4813 507 4868; x_wconf 87' lang='lat' dir='ltr'><strong>bent</strong></span> <span class='ocrx_word' id='word_1_519' title='bbox 530 4830 656 4868; x_wconf 85' lang='lat' dir='ltr'><strong>mss.</strong></span> <span class='ocrx_word' id='word_1_520' title='bbox 734 4815 831 4868; x_wconf 86' lang='lat' dir='ltr'><strong>ibri</strong></span> <span class='ocrx_word' id='word_1_521' title='bbox 864 4832 991 4868; x_wconf 88' lang='lat' dir='ltr'><strong>vero</strong></span> <span class='ocrx_word' id='word_1_522' title='bbox 1018 4829 1176 4868; x_wconf 80' lang='lat' dir='ltr'><strong>antea</strong></span> <span class='ocrx_word' id='word_1_523' title='bbox 1207 4820 1362 4868; x_wconf 83' lang='lat' dir='ltr'><strong>etlili.</strong></span> <span class='ocrx_word' id='word_1_524' title='bbox 1401 4838 1419 4868; x_wconf 86' lang='grc' dir='ltr'><strong>ι</strong></span> <span class='ocrx_word' id='word_1_525' title='bbox 1457 4821 1809 4868; x_wconf 72' lang='lat' dir='ltr'><strong>nroﬁeiseens</strong></span> <span class='ocrx_word' id='word_1_526' title='bbox 1830 4824 1945 4868; x_wconf 82' lang='lat' dir='ltr'><strong>ani-</strong></span> 
     </span>
    </p>
   </div>
   <div class='ocr_carea' id='block_1_66' title="bbox 378 4813 1945 4888">
    <p class='ocr_par' dir='ltr' id='par_1_66' title="bbox 378 4813 1945 4888">
     <span class='ocr_line' id='line_1_68' title="bbox 378 4813 1945 4888; baseline 0.005 -21"><span class='ocrx_word' id='word_1_527' title='bbox 378 4813 507 4868; x_wconf 88' lang='lat' dir='ltr'><strong>bent</strong></span> <span class='ocrx_word' id='word_1_528' title='bbox 528 4813 831 4888; x_wconf 22' lang='lat' dir='ltr'><strong>inss.ALibri</strong></span> <span class='ocrx_word' id='word_1_529' title='bbox 854 4832 991 4888; x_wconf 87' lang='lat' dir='ltr'><strong>vero</strong></span> <span class='ocrx_word' id='word_1_530' title='bbox 1018 4829 1176 4873; x_wconf 87' lang='lat' dir='ltr'><strong>antea</strong></span> <span class='ocrx_word' id='word_1_531' title='bbox 1207 4816 1362 4883; x_wconf 83' lang='lat' dir='ltr'><strong>editi,</strong></span> <span class='ocrx_word' id='word_1_532' title='bbox 1401 4838 1419 4869; x_wconf 89' lang='grc' dir='ltr'><strong>ι</strong></span> <span class='ocrx_word' id='word_1_533' title='bbox 1457 4821 1809 4888; x_wconf 81' lang='lat' dir='ltr'><strong>proﬁciscens</strong></span> <span class='ocrx_word' id='word_1_534' title='bbox 1830 4824 1945 4876; x_wconf 89' lang='lat' dir='ltr'><strong>aui-</strong></span> 
     </span>
    </p>
   </div>
   <div class='ocr_carea' id='block_1_67' title="bbox 376 4885 968 4939">
    <p class='ocr_par' dir='ltr' id='par_1_67' title="bbox 376 4885 968 4939">
     <span class='ocr_line' id='line_1_69' title="bbox 376 4885 968 4939; baseline 0.003 -3"><span class='ocrx_word' id='word_1_535' title='bbox 376 4899 461 4937; x_wconf 84' lang='lat' dir='ltr'><strong>nia</strong></span> <span class='ocrx_word' id='word_1_536' title='bbox 489 4885 575 4936; x_wconf 91' lang='lat' dir='ltr'><strong>ubi</strong></span> <span class='ocrx_word' id='word_1_537' title='bbox 609 4886 909 4939; x_wconf 86' lang='lat' dir='ltr'><strong>advenerit.</strong></span> <span class='ocrx_word' id='word_1_538' title='bbox 948 4905 968 4938; x_wconf 75' lang='grc' dir='ltr'><strong>ι</strong></span> 
     </span>
    </p>
   </div>
   <div class='ocr_carea' id='block_1_68' title="bbox 441 4950 1943 5026">
    <p class='ocr_par' dir='ltr' id='par_1_68' title="bbox 441 4950 1943 5026">
     <span class='ocr_line' id='line_1_70' title="bbox 441 4950 1943 5026; baseline 0.005 -18"><span class='ocrx_word' id='word_1_539' title='bbox 441 4950 824 5026; x_wconf 72' lang='grc' dir='ltr'><strong>(84)Βαρ1ιαειι</strong></span> <span class='ocrx_word' id='word_1_540' title='bbox 852 4958 1226 5023; x_wconf 79' lang='lat' dir='ltr'><strong>interpretatur</strong></span> <span class='ocrx_word' id='word_1_541' title='bbox 1247 4961 1469 5013; x_wconf 78' lang='lat' dir='ltr'><strong>sanitas.</strong></span> <span class='ocrx_word' id='word_1_542' title='bbox 1503 4960 1556 5013; x_wconf 90' lang='lat' dir='ltr'><strong>In</strong></span> <span class='ocrx_word' id='word_1_543' title='bbox 1606 4960 1829 5015; x_wconf 72' lang='lat' dir='ltr'><strong>Hebrreo</strong></span> <span class='ocrx_word' id='word_1_544' title='bbox 1871 4963 1943 5015; x_wconf 88' lang='lat' dir='ltr'><strong>Ie-</strong></span> 
     </span>
    </p>
   </div>
   <div class='ocr_carea' id='block_1_69' title="bbox 370 5024 1942 5107">
    <p class='ocr_par' dir='ltr' id='par_1_69' title="bbox 370 5024 1942 5107">
     <span class='ocr_line' id='line_1_71' title="bbox 370 5024 1942 5107; baseline 0.003 -28"><span class='ocrx_word' id='word_1_545' title='bbox 370 5024 518 5089; x_wconf 74' lang='lat' dir='ltr'><strong>gittIr</strong></span> <span class='ocrx_word' id='word_1_546' title='bbox 569 5024 728 5079; x_wconf 89' lang='lat' dir='ltr'><strong>hodie</strong></span> <span class='ocrx_word' id='word_1_547' title='bbox 762 5035 911 5107; x_wconf 73' lang='lat' dir='ltr'><strong>npn&#39;t</strong></span> <span class='ocrx_word' id='word_1_548' title='bbox 942 5043 962 5077; x_wconf 81' lang='grc' dir='ltr'><strong>ι</strong></span> <span class='ocrx_word' id='word_1_549' title='bbox 999 5026 1235 5096; x_wconf 81' lang='lat' dir='ltr'><strong>Dopltca.</strong></span> <span class='ocrx_word' id='word_1_550' title='bbox 1276 5049 1295 5080; x_wconf 76' lang='grc' dir='ltr'><strong>ι</strong></span> <span class='ocrx_word' id='word_1_551' title='bbox 1329 5032 1484 5100; x_wconf 85' lang='lat' dir='ltr'><strong>Apud</strong></span> <span class='ocrx_word' id='word_1_552' title='bbox 1541 5030 1683 5083; x_wconf 77' lang='lat' dir='ltr'><strong>LXX</strong></span> <span class='ocrx_word' id='word_1_553' title='bbox 1744 5032 1942 5101; x_wconf 60' lang='grc' dir='ltr'>Ῥαφα-</span> 
     </span>
    </p>
   </div>
   <div class='ocr_carea' id='block_1_70' title="bbox 370 5114 1940 5186">
    <p class='ocr_par' dir='ltr' id='par_1_70' title="bbox 370 5114 1940 5186">
     <span class='ocr_line' id='line_1_72' title="bbox 370 5114 1940 5186; baseline 0.004 -19"><span class='ocrx_word' id='word_1_554' title='bbox 370 5114 469 5186; x_wconf 62' lang='lat' dir='ltr'><strong>aa,</strong></span> <span class='ocrx_word' id='word_1_555' title='bbox 495 5126 687 5186; x_wconf 75' lang='lat' dir='ltr'><strong>nempe</strong></span> <span class='ocrx_word' id='word_1_556' title='bbox 712 5115 887 5171; x_wconf 77' lang='lat' dir='ltr'><strong>Resch</strong></span> <span class='ocrx_word' id='word_1_557' title='bbox 906 5130 1000 5182; x_wconf 89' lang='lat' dir='ltr'><strong>pro</strong></span> <span class='ocrx_word' id='word_1_558' title='bbox 1026 5117 1213 5172; x_wconf 89' lang='lat' dir='ltr'><strong>Daleth</strong></span> <span class='ocrx_word' id='word_1_559' title='bbox 1246 5120 1513 5186; x_wconf 82' lang='lat' dir='ltr'><strong>legebant.</strong></span> <span class='ocrx_word' id='word_1_560' title='bbox 1550 5120 1605 5171; x_wconf 85' lang='lat' dir='ltr'><strong>Si</strong></span> <span class='ocrx_word' id='word_1_561' title='bbox 1652 5132 1828 5172; x_wconf 84' lang='lat' dir='ltr'><strong>autem</strong></span> <span class='ocrx_word' id='word_1_562' title='bbox 1853 5138 1940 5175; x_wconf 88' lang='lat' dir='ltr'><strong>so-</strong></span> 
     </span>
    </p>
   </div>
   <div class='ocr_carea' id='block_1_71' title="bbox 373 5182 1945 5259">
    <p class='ocr_par' dir='ltr' id='par_1_71' title="bbox 373 5182 1945 5259">
     <span class='ocr_line' id='line_1_73' title="bbox 373 5182 1945 5259; baseline 0.005 -23"><span class='ocrx_word' id='word_1_563' title='bbox 373 5184 477 5238; x_wconf 91' lang='lat' dir='ltr'><strong>lius</strong></span> <span class='ocrx_word' id='word_1_564' title='bbox 507 5182 952 5259; x_wconf 81' lang='lat' dir='ltr'><strong>sonilitterarum</strong></span> <span class='ocrx_word' id='word_1_565' title='bbox 981 5187 1212 5240; x_wconf 85' lang='lat' dir='ltr'><strong>habetur</strong></span> <span class='ocrx_word' id='word_1_566' title='bbox 1260 5182 1397 5242; x_wconf 73' lang='lat' dir='ltr'><strong>ratio</strong></span> <span class='ocrx_word' id='word_1_567' title='bbox 1422 5229 1435 5248; x_wconf 87' lang='lat'><strong>,</strong></span> <span class='ocrx_word' id='word_1_568' title='bbox 1494 5190 1741 5259; x_wconf 72' lang='lat' dir='ltr'><strong>Itapbaca</strong></span> <span class='ocrx_word' id='word_1_569' title='bbox 1786 5192 1945 5243; x_wconf 88' lang='lat' dir='ltr'><strong>inter-</strong></span> 
     </span>
    </p>
   </div>
   <div class='ocr_carea' id='block_1_72' title="bbox 374 5254 1945 5335">
    <p class='ocr_par' dir='ltr' id='par_1_72' title="bbox 374 5254 1945 5335">
     <span class='ocr_line' id='line_1_74' title="bbox 374 5254 1945 5335; baseline 0.004 -29"><span class='ocrx_word' id='word_1_570' title='bbox 374 5254 575 5335; x_wconf 70' lang='lat' dir='ltr'><strong>pretari</strong></span> <span class='ocrx_word' id='word_1_571' title='bbox 598 5262 805 5322; x_wconf 71' lang='lat' dir='ltr'><strong>potesti</strong></span> <span class='ocrx_word' id='word_1_572' title='bbox 832 5255 1307 5319; x_wconf 62' lang='lat' dir='ltr'><strong>sanitasnaverbo</strong></span> <span class='ocrx_word' id='word_1_573' title='bbox 1340 5268 1459 5319; x_wconf 60' lang='grc' dir='ltr'><strong>κΞἿ</strong></span> <span class='ocrx_word' id='word_1_574' title='bbox 1485 5278 1503 5312; x_wconf 86' lang='grc' dir='ltr'><strong>ι</strong></span> <span class='ocrx_word' id='word_1_575' title='bbox 1538 5254 1751 5314; x_wconf 80' lang='lat' dir='ltr'><strong>sanavit</strong></span> <span class='ocrx_word' id='word_1_576' title='bbox 1785 5299 1798 5324; x_wconf 94' lang='lat'><strong>,</strong></span> <span class='ocrx_word' id='word_1_577' title='bbox 1850 5278 1945 5315; x_wconf 90' lang='lat' dir='ltr'><strong>cu-</strong></span> 
     </span>
    </p>
   </div>
   <div class='ocr_carea' id='block_1_73' title="bbox 372 5335 573 5375">
    <p class='ocr_par' dir='ltr' id='par_1_73' title="bbox 372 5335 573 5375">
     <span class='ocr_line' id='line_1_75' title="bbox 372 5335 573 5375; baseline -0.02 0"><span class='ocrx_word' id='word_1_578' title='bbox 372 5335 528 5375; x_wconf 69' lang='lat' dir='ltr'><strong>laVII.</strong></span> <span class='ocrx_word' id='word_1_579' title='bbox 555 5341 573 5372; x_wconf 70' lang='grc' dir='ltr'><strong>ι</strong></span> 
     </span>
    </p>
   </div>
   <div class='ocr_carea' id='block_1_74' title="bbox 445 5384 1941 5465">
    <p class='ocr_par' dir='ltr' id='par_1_74' title="bbox 445 5384 1941 5465">
     <span class='ocr_line' id='line_1_76' title="bbox 445 5384 1941 5465; baseline 0.003 -19"><span class='ocrx_word' id='word_1_580' title='bbox 445 5392 557 5465; x_wconf 77' lang='grc'>(85)</span> <span class='ocrx_word' id='word_1_581' title='bbox 584 5391 754 5465; x_wconf 73' lang='lat' dir='ltr'><strong>Holus</strong></span> <span class='ocrx_word' id='word_1_582' title='bbox 788 5394 991 5447; x_wconf 85' lang='lat' dir='ltr'><strong>labores</strong></span> <span class='ocrx_word' id='word_1_583' title='bbox 1039 5397 1472 5465; x_wconf 82' lang='lat' dir='ltr'><strong>interpretantur.</strong></span> <span class='ocrx_word' id='word_1_584' title='bbox 1518 5399 1679 5451; x_wconf 84' lang='lat' dir='ltr'><strong>Forte</strong></span> <span class='ocrx_word' id='word_1_585' title='bbox 1721 5400 1787 5451; x_wconf 86' lang='lat' dir='ltr'><strong>ab</strong></span> <span class='ocrx_word' id='word_1_586' title='bbox 1830 5384 1941 5464; x_wconf 59' lang='grc' dir='ltr'><strong>ῃττικ</strong></span> 
     </span>
    </p>
   </div>
   <div class='ocr_carea' id='block_1_75' title="bbox 377 5462 1938 5536">
    <p class='ocr_par' dir='ltr' id='par_1_75' title="bbox 377 5462 1938 5536">
     <span class='ocr_line' id='line_1_77' title="bbox 377 5462 1938 5536; baseline 0.004 -24"><span class='ocrx_word' id='word_1_587' title='bbox 377 5475 397 5536; x_wconf 67' lang='grc' dir='ltr'><strong>ι</strong></span> <span class='ocrx_word' id='word_1_588' title='bbox 422 5462 747 5536; x_wconf 67' lang='lat' dir='ltr'><strong>molestavit,</strong></span> <span class='ocrx_word' id='word_1_589' title='bbox 778 5462 1184 5536; x_wconf 49' lang='lat' dir='ltr'><strong>moteste_ursit.&#39;</strong></span> <span class='ocrx_word' id='word_1_590' title='bbox 1204 5486 1220 5515; x_wconf 73' lang='grc' dir='ltr'><strong>ι</strong></span> <span class='ocrx_word' id='word_1_591' title='bbox 1249 5465 1357 5521; x_wconf 86' lang='lat' dir='ltr'><strong>Nec</strong></span> <span class='ocrx_word' id='word_1_592' title='bbox 1382 5469 1560 5521; x_wconf 83' lang='lat' dir='ltr'><strong>obstat</strong></span> <span class='ocrx_word' id='word_1_593' title='bbox 1586 5470 1725 5536; x_wconf 91' lang='lat' dir='ltr'><strong>quod</strong></span> <span class='ocrx_word' id='word_1_594' title='bbox 1760 5469 1810 5521; x_wconf 94' lang='lat' dir='ltr'><strong>in</strong></span> <span class='ocrx_word' id='word_1_595' title='bbox 1831 5462 1938 5523; x_wconf 73' lang='lat' dir='ltr'><strong>Ile.-</strong></span> 
     </span>
    </p>
   </div>
   <div class='ocr_carea' id='block_1_76' title="bbox 372 5530 1933 5605">
    <p class='ocr_par' dir='ltr' id='par_1_76' title="bbox 372 5530 1933 5605">
     <span class='ocr_line' id='line_1_78' title="bbox 372 5530 1933 5605; baseline 0.007 -24"><span class='ocrx_word' id='word_1_596' title='bbox 372 5530 519 5605; x_wconf 61' lang='lat' dir='ltr'><strong>lirzeo</strong></span> <span class='ocrx_word' id='word_1_597' title='bbox 547 5531 710 5583; x_wconf 85' lang='lat' dir='ltr'><strong>llalus</strong></span> <span class='ocrx_word' id='word_1_598' title='bbox 748 5549 849 5605; x_wconf 84' lang='lat' dir='ltr'><strong>non</strong></span> <span class='ocrx_word' id='word_1_599' title='bbox 878 5548 971 5599; x_wconf 87' lang='lat' dir='ltr'><strong>per</strong></span> <span class='ocrx_word' id='word_1_600' title='bbox 994 5532 1166 5587; x_wconf 88' lang='lat' dir='ltr'><strong>Tsade</strong></span> <span class='ocrx_word' id='word_1_601' title='bbox 1199 5539 1290 5589; x_wconf 88' lang='lat' dir='ltr'><strong>sed</strong></span> <span class='ocrx_word' id='word_1_602' title='bbox 1319 5553 1410 5605; x_wconf 87' lang='lat' dir='ltr'><strong>per</strong></span> <span class='ocrx_word' id='word_1_603' title='bbox 1443 5530 1620 5591; x_wconf 55' lang='lat' dir='ltr'><strong>Schin&#39;</strong></span> <span class='ocrx_word' id='word_1_604' title='bbox 1656 5539 1933 5592; x_wconf 86' lang='lat' dir='ltr'><strong>scribitur.</strong></span> 
     </span>
    </p>
   </div>
   <div class='ocr_carea' id='block_1_77' title="bbox 374 5597 1940 5676">
    <p class='ocr_par' dir='ltr' id='par_1_77' title="bbox 374 5597 1940 5676">
     <span class='ocr_line' id='line_1_79' title="bbox 374 5597 1940 5676; baseline 0.008 -25"><span class='ocrx_word' id='word_1_605' title='bbox 374 5597 695 5669; x_wconf 69' lang='lat' dir='ltr'><strong>Plerumque</strong></span> <span class='ocrx_word' id='word_1_606' title='bbox 716 5602 857 5653; x_wconf 80' lang='lat' dir='ltr'><strong>enim</strong></span> <span class='ocrx_word' id='word_1_607' title='bbox 879 5597 1092 5676; x_wconf 76' lang='lat' dir='ltr'><strong>veteres</strong></span> <span class='ocrx_word' id='word_1_608' title='bbox 1107 5597 1495 5676; x_wconf 72' lang='lat' dir='ltr'><strong>ctytnologista:</strong></span> <span class='ocrx_word' id='word_1_609' title='bbox 1513 5609 1578 5662; x_wconf 78' lang='lat' dir='ltr'><strong>ad</strong></span> <span class='ocrx_word' id='word_1_610' title='bbox 1602 5608 1774 5663; x_wconf 89' lang='lat' dir='ltr'><strong>solum</strong></span> <span class='ocrx_word' id='word_1_611' title='bbox 1802 5609 1940 5664; x_wconf 87' lang='lat' dir='ltr'><strong>litte-</strong></span> 
     </span>
    </p>
   </div>
   <div class='ocr_carea' id='block_1_78' title="bbox 374 5674 1177 5731">
    <p class='ocr_par' dir='ltr' id='par_1_78' title="bbox 374 5674 1177 5731">
     <span class='ocr_line' id='line_1_80' title="bbox 374 5674 1177 5731; baseline 0.007 -8"><span class='ocrx_word' id='word_1_612' title='bbox 374 5680 555 5726; x_wconf 74' lang='lat' dir='ltr'><strong>rarum</strong></span> <span class='ocrx_word' id='word_1_613' title='bbox 584 5687 775 5726; x_wconf 82' lang='lat' dir='ltr'><strong>sonum</strong></span> <span class='ocrx_word' id='word_1_614' title='bbox 808 5674 1177 5731; x_wconf 87' lang='lat' dir='ltr'><strong>attendebant.</strong></span> 
     </span>
    </p>
   </div>
   <div class='ocr_carea' id='block_1_79' title="bbox 1540 4381 2100 4447">
    <p class='ocr_par' dir='ltr' id='par_1_79' title="bbox 1540 4381 2100 4447">
     <span class='ocr_line' id='line_1_81' title="bbox 1540 4381 2100 4447; baseline 0.004 -14"><span class='ocrx_word' id='word_1_615' title='bbox 1540 4383 1581 4412; x_wconf 77' lang='grc'>³³</span> <span class='ocrx_word' id='word_1_616' title='bbox 1604 4381 1761 4434; x_wconf 88' lang='lat' dir='ltr'><strong>Num.</strong></span> <span class='ocrx_word' id='word_1_617' title='bbox 1789 4397 1985 4447; x_wconf 61' lang='grc' dir='ltr'><strong>χχχιιι,</strong></span> <span class='ocrx_word' id='word_1_618' title='bbox 2014 4381 2100 4437; x_wconf 72' lang='lat'><strong>12.</strong></span> 
     </span>
    </p>
   </div>
   <div class='ocr_carea' id='block_1_80' title="bbox 2067 1837 3646 1908">
    <p class='ocr_par' dir='ltr' id='par_1_80' title="bbox 2067 1837 3646 1908">
     <span class='ocr_line' id='line_1_82' title="bbox 2067 1837 3646 1908; baseline 0.002 -19"><span class='ocrx_word' id='word_1_619' title='bbox 2067 1837 2384 1903; x_wconf 88' lang='lat' dir='ltr'><strong>spiritaliter</strong></span> <span class='ocrx_word' id='word_1_620' title='bbox 2431 1838 2687 1904; x_wconf 89' lang='lat' dir='ltr'><strong>dijudicat</strong></span> <span class='ocrx_word' id='word_1_621' title='bbox 2736 1839 2939 1903; x_wconf 88' lang='lat' dir='ltr'><strong>omnia,</strong></span> <span class='ocrx_word' id='word_1_622' title='bbox 2970 1848 3024 1892; x_wconf 93' lang='lat' dir='ltr'><strong>et</strong></span> <span class='ocrx_word' id='word_1_623' title='bbox 3057 1838 3173 1907; x_wconf 88' lang='lat' dir='ltr'><strong>ipsa</strong></span> <span class='ocrx_word' id='word_1_624' title='bbox 3200 1854 3227 1890; x_wconf 91' lang='lat' dir='ltr'><strong>a</strong></span> <span class='ocrx_word' id='word_1_625' title='bbox 3260 1839 3473 1892; x_wconf 88' lang='lat' dir='ltr'><strong>nemine</strong></span> <span class='ocrx_word' id='word_1_626' title='bbox 3505 1840 3646 1908; x_wconf 88' lang='lat' dir='ltr'><strong>diju-</strong></span> 
     </span>
    </p>
   </div>
   <div class='ocr_carea' id='block_1_81' title="bbox 2067 1928 3640 1999">
    <p class='ocr_par' dir='ltr' id='par_1_81' title="bbox 2067 1928 3640 1999">
     <span class='ocr_line' id='line_1_83' title="bbox 2067 1928 3640 1999; baseline 0.002 -20"><span class='ocrx_word' id='word_1_627' title='bbox 2067 1928 2301 1981; x_wconf 82' lang='lat' dir='ltr'><strong>dicatur.</strong></span> <span class='ocrx_word' id='word_1_628' title='bbox 2366 1928 2496 1981; x_wconf 88' lang='lat' dir='ltr'><strong>Post</strong></span> <span class='ocrx_word' id='word_1_629' title='bbox 2552 1929 2665 1984; x_wconf 72' lang='lat' dir='ltr'><strong>tunc</strong></span> <span class='ocrx_word' id='word_1_630' title='bbox 2706 1932 3025 1999; x_wconf 85' lang='lat' dir='ltr'><strong>pervenitur</strong></span> <span class='ocrx_word' id='word_1_631' title='bbox 3079 1931 3131 1983; x_wconf 93' lang='lat' dir='ltr'><strong>in</strong></span> <span class='ocrx_word' id='word_1_632' title='bbox 3184 1931 3454 1984; x_wconf 88' lang='lat' dir='ltr'><strong>desertum</strong></span> <span class='ocrx_word' id='word_1_633' title='bbox 3489 1932 3640 1985; x_wconf 89' lang='lat' dir='ltr'><strong>Sina.</strong></span> 
     </span>
    </p>
   </div>
   <div class='ocr_carea' id='block_1_82' title="bbox 2068 2019 3641 2092">
    <p class='ocr_par' dir='ltr' id='par_1_82' title="bbox 2068 2019 3641 2092">
     <span class='ocr_line' id='line_1_84' title="bbox 2068 2019 3641 2092; baseline 0.003 -19"><span class='ocrx_word' id='word_1_634' title='bbox 2068 2019 2195 2074; x_wconf 88' lang='lat' dir='ltr'><strong>Sina</strong></span> <span class='ocrx_word' id='word_1_635' title='bbox 2228 2021 2340 2089; x_wconf 86' lang='lat' dir='ltr'><strong>ipse</strong></span> <span class='ocrx_word' id='word_1_636' title='bbox 2380 2021 2596 2089; x_wconf 87' lang='lat' dir='ltr'><strong>quidem</strong></span> <span class='ocrx_word' id='word_1_637' title='bbox 2630 2022 2779 2077; x_wconf 86' lang='lat' dir='ltr'><strong>locus</strong></span> <span class='ocrx_word' id='word_1_638' title='bbox 2804 2032 2886 2077; x_wconf 86' lang='lat' dir='ltr'><strong>est</strong></span> <span class='ocrx_word' id='word_1_639' title='bbox 2915 2023 3140 2087; x_wconf 86' lang='lat' dir='ltr'><strong>deserti,</strong></span> <span class='ocrx_word' id='word_1_640' title='bbox 3167 2040 3324 2091; x_wconf 87' lang='lat' dir='ltr'><strong>quem</strong></span> <span class='ocrx_word' id='word_1_641' title='bbox 3353 2040 3513 2092; x_wconf 86' lang='lat' dir='ltr'><strong>supra</strong></span> <span class='ocrx_word' id='word_1_642' title='bbox 3545 2025 3641 2077; x_wconf 90' lang='lat' dir='ltr'><strong>Sin</strong></span> 
     </span>
    </p>
   </div>
   <div class='ocr_carea' id='block_1_83' title="bbox 2066 2112 3641 2182">
    <p class='ocr_par' dir='ltr' id='par_1_83' title="bbox 2066 2112 3641 2182">
     <span class='ocr_line' id='line_1_85' title="bbox 2066 2112 3641 2182; baseline 0.001 -16"><span class='ocrx_word' id='word_1_643' title='bbox 2066 2112 2384 2166; x_wconf 77' lang='lat' dir='ltr'><strong>memoravit</strong></span> <span class='ocrx_word' id='word_1_644' title='bbox 2426 2129 2439 2163; x_wconf 92' lang='lat'>:</span> <span class='ocrx_word' id='word_1_645' title='bbox 2493 2112 2585 2165; x_wconf 90' lang='lat' dir='ltr'><strong>sed</strong></span> <span class='ocrx_word' id='word_1_646' title='bbox 2640 2113 2725 2165; x_wconf 91' lang='lat' dir='ltr'><strong>hic</strong></span> <span class='ocrx_word' id='word_1_647' title='bbox 2773 2113 2941 2182; x_wconf 82' lang='lat' dir='ltr'><strong>magis</strong></span> <span class='ocrx_word' id='word_1_648' title='bbox 2984 2114 3133 2167; x_wconf 89' lang='lat' dir='ltr'><strong>locus</strong></span> <span class='ocrx_word' id='word_1_649' title='bbox 3189 2114 3405 2175; x_wconf 90' lang='lat' dir='ltr'><strong>montis,</strong></span> <span class='ocrx_word' id='word_1_650' title='bbox 3447 2114 3537 2181; x_wconf 89' lang='lat' dir='ltr'><strong>qui</strong></span> <span class='ocrx_word' id='word_1_651' title='bbox 3588 2115 3641 2167; x_wconf 86' lang='lat' dir='ltr'><strong>in</strong></span> 
     </span>
    </p>
   </div>
   <div class='ocr_carea' id='block_1_84' title="bbox 2066 2208 3641 2280">
    <p class='ocr_par' dir='ltr' id='par_1_84' title="bbox 2066 2208 3641 2280">
     <span class='ocr_line' id='line_1_86' title="bbox 2066 2208 3641 2280; baseline -0.002 -16"><span class='ocrx_word' id='word_1_652' title='bbox 2066 2211 2183 2280; x_wconf 91' lang='lat' dir='ltr'><strong>ipso</strong></span> <span class='ocrx_word' id='word_1_653' title='bbox 2217 2212 2432 2264; x_wconf 81' lang='lat' dir='ltr'><strong>deserto</strong></span> <span class='ocrx_word' id='word_1_654' title='bbox 2472 2218 2573 2268; x_wconf 84' lang='lat' dir='ltr'><strong>est.</strong></span> <span class='ocrx_word' id='word_1_655' title='bbox 2601 2208 2903 2275; x_wconf 85' lang='lat' dir='ltr'><strong>appellatur</strong></span> <span class='ocrx_word' id='word_1_656' title='bbox 2942 2226 2955 2261; x_wconf 91' lang='lat'>:</span> <span class='ocrx_word' id='word_1_657' title='bbox 2995 2209 3086 2276; x_wconf 92' lang='lat' dir='ltr'><strong>qui</strong></span> <span class='ocrx_word' id='word_1_658' title='bbox 3141 2210 3301 2261; x_wconf 88' lang='lat' dir='ltr'><strong>etiam</strong></span> <span class='ocrx_word' id='word_1_659' title='bbox 3336 2209 3447 2276; x_wconf 87' lang='lat' dir='ltr'><strong>ipse</strong></span> <span class='ocrx_word' id='word_1_660' title='bbox 3479 2224 3641 2261; x_wconf 83' lang='lat' dir='ltr'><strong>voca-</strong></span> 
     </span>
    </p>
   </div>
   <div class='ocr_carea' id='block_1_85' title="bbox 2065 2297 3643 2364">
    <p class='ocr_par' dir='ltr' id='par_1_85' title="bbox 2065 2297 3643 2364">
     <span class='ocr_line' id='line_1_87' title="bbox 2065 2297 3643 2364; baseline -0.008 -10"><span class='ocrx_word' id='word_1_661' title='bbox 2065 2302 2188 2355; x_wconf 88' lang='lat' dir='ltr'><strong>bulo</strong></span> <span class='ocrx_word' id='word_1_662' title='bbox 2242 2300 2439 2353; x_wconf 86' lang='lat' dir='ltr'><strong>deserti</strong></span> <span class='ocrx_word' id='word_1_663' title='bbox 2485 2297 2611 2352; x_wconf 90' lang='lat' dir='ltr'><strong>Sina</strong></span> <span class='ocrx_word' id='word_1_664' title='bbox 2665 2300 2995 2350; x_wconf 88' lang='lat' dir='ltr'><strong>nominatur.</strong></span> <span class='ocrx_word' id='word_1_665' title='bbox 3026 2298 3308 2363; x_wconf 78' lang='lat' dir='ltr'><strong>Postquam</strong></span> <span class='ocrx_word' id='word_1_666' title='bbox 3343 2310 3471 2364; x_wconf 78' lang='lat' dir='ltr'><strong>ergo</strong></span> <span class='ocrx_word' id='word_1_667' title='bbox 3524 2297 3643 2348; x_wconf 84' lang='lat' dir='ltr'><strong>lau-</strong></span> 
     </span>
    </p>
   </div>
   <div class='ocr_carea' id='block_1_86' title="bbox 2064 2386 3641 2458">
    <p class='ocr_par' dir='ltr' id='par_1_86' title="bbox 2064 2386 3641 2458">
     <span class='ocr_line' id='line_1_88' title="bbox 2064 2386 3641 2458; baseline -0.004 -14"><span class='ocrx_word' id='word_1_668' title='bbox 2064 2391 2258 2445; x_wconf 89' lang='lat' dir='ltr'><strong>dabilis</strong></span> <span class='ocrx_word' id='word_1_669' title='bbox 2314 2390 2499 2458; x_wconf 78' lang='lat' dir='ltr'><strong>iudicii</strong></span> <span class='ocrx_word' id='word_1_670' title='bbox 2566 2387 2709 2441; x_wconf 84' lang='lat' dir='ltr'><strong>faeta</strong></span> <span class='ocrx_word' id='word_1_671' title='bbox 2740 2397 2823 2441; x_wconf 89' lang='lat' dir='ltr'><strong>est</strong></span> <span class='ocrx_word' id='word_1_672' title='bbox 2878 2388 3077 2451; x_wconf 88' lang='lat' dir='ltr'><strong>anima,</strong></span> <span class='ocrx_word' id='word_1_673' title='bbox 3132 2394 3185 2440; x_wconf 88' lang='lat' dir='ltr'><strong>et</strong></span> <span class='ocrx_word' id='word_1_674' title='bbox 3230 2398 3431 2439; x_wconf 88' lang='lat' dir='ltr'><strong>rectum</strong></span> <span class='ocrx_word' id='word_1_675' title='bbox 3476 2386 3641 2453; x_wconf 69' lang='lat' dir='ltr'><strong>carpit</strong></span> 
     </span>
    </p>
   </div>
   <div class='ocr_carea' id='block_1_87' title="bbox 2064 2478 3641 2549">
    <p class='ocr_par' dir='ltr' id='par_1_87' title="bbox 2064 2478 3641 2549">
     <span class='ocr_line' id='line_1_89' title="bbox 2064 2478 3641 2549; baseline -0.005 -12"><span class='ocrx_word' id='word_1_676' title='bbox 2064 2483 2266 2537; x_wconf 86' lang='lat' dir='ltr'><strong>habere</strong></span> <span class='ocrx_word' id='word_1_677' title='bbox 2317 2482 2601 2549; x_wconf 82' lang='lat' dir='ltr'><strong>judicium,</strong></span> <span class='ocrx_word' id='word_1_678' title='bbox 2662 2488 2787 2532; x_wconf 92' lang='lat' dir='ltr'><strong>tunc</strong></span> <span class='ocrx_word' id='word_1_679' title='bbox 2829 2480 2880 2533; x_wconf 90' lang='lat' dir='ltr'><strong>ei</strong></span> <span class='ocrx_word' id='word_1_680' title='bbox 2935 2480 3095 2531; x_wconf 88' lang='lat' dir='ltr'><strong>datur</strong></span> <span class='ocrx_word' id='word_1_681' title='bbox 3144 2478 3226 2531; x_wconf 75' lang='lat' dir='ltr'><strong>lex</strong></span> <span class='ocrx_word' id='word_1_682' title='bbox 3278 2494 3307 2531; x_wconf 92' lang='lat' dir='ltr'><strong>a</strong></span> <span class='ocrx_word' id='word_1_683' title='bbox 3346 2478 3475 2540; x_wconf 92' lang='lat' dir='ltr'><strong>Deo,</strong></span> <span class='ocrx_word' id='word_1_684' title='bbox 3517 2494 3641 2531; x_wconf 81' lang='lat' dir='ltr'><strong>cum</strong></span> 
     </span>
    </p>
   </div>
   <div class='ocr_carea' id='block_1_88' title="bbox 2063 2570 3642 2642">
    <p class='ocr_par' dir='ltr' id='par_1_88' title="bbox 2063 2570 3642 2642">
     <span class='ocr_line' id='line_1_90' title="bbox 2063 2570 3642 2642; baseline -0.004 -13"><span class='ocrx_word' id='word_1_685' title='bbox 2063 2590 2235 2642; x_wconf 77' lang='lat' dir='ltr'><strong>capax</strong></span> <span class='ocrx_word' id='word_1_686' title='bbox 2316 2588 2436 2627; x_wconf 88' lang='lat' dir='ltr'><strong>esse</strong></span> <span class='ocrx_word' id='word_1_687' title='bbox 2507 2571 2735 2639; x_wconf 79' lang='lat' dir='ltr'><strong>cmpcrit</strong></span> <span class='ocrx_word' id='word_1_688' title='bbox 2807 2584 3143 2624; x_wconf 85' lang='lat' dir='ltr'><strong>secretorum</strong></span> <span class='ocrx_word' id='word_1_689' title='bbox 3214 2570 3515 2622; x_wconf 81' lang='lat' dir='ltr'><strong>divinorum</strong></span> <span class='ocrx_word' id='word_1_690' title='bbox 3590 2579 3642 2622; x_wconf 90' lang='lat' dir='ltr'><strong>et</strong></span> 
     </span>
    </p>
   </div>
   <div class='ocr_carea' id='block_1_89' title="bbox 2061 2661 3638 2720">
    <p class='ocr_par' dir='ltr' id='par_1_89' title="bbox 2061 2661 3638 2720">
     <span class='ocr_line' id='line_1_91' title="bbox 2061 2661 3638 2720; baseline -0.004 -1"><span class='ocrx_word' id='word_1_691' title='bbox 2061 2666 2356 2720; x_wconf 73' lang='lat' dir='ltr'><strong>CtBIrstitttn</strong></span> <span class='ocrx_word' id='word_1_692' title='bbox 2400 2664 2689 2717; x_wconf 84' lang='lat' dir='ltr'><strong>visionum.</strong></span> <span class='ocrx_word' id='word_1_693' title='bbox 2737 2661 2861 2714; x_wconf 88' lang='lat' dir='ltr'><strong>lude</strong></span> <span class='ocrx_word' id='word_1_694' title='bbox 2920 2663 3133 2714; x_wconf 83' lang='lat' dir='ltr'><strong>venitur</strong></span> <span class='ocrx_word' id='word_1_695' title='bbox 3182 2661 3249 2713; x_wconf 88' lang='lat' dir='ltr'><strong>ad</strong></span> <span class='ocrx_word' id='word_1_696' title='bbox 3296 2668 3638 2713; x_wconf 82' lang='lat' dir='ltr'><strong>inouunn-nta</strong></span> 
     </span>
    </p>
   </div>
   <div class='ocr_carea' id='block_1_90' title="bbox 2062 2748 3641 2825">
    <p class='ocr_par' dir='ltr' id='par_1_90' title="bbox 2062 2748 3641 2825">
     <span class='ocr_line' id='line_1_92' title="bbox 2062 2748 3641 2825; baseline -0.006 -14"><span class='ocrx_word' id='word_1_697' title='bbox 2062 2757 2530 2825; x_wconf 71' lang='lat' dir='ltr'><strong>concupiscentim.</strong></span> <span class='ocrx_word' id='word_1_698' title='bbox 2597 2754 2736 2818; x_wconf 86' lang='lat' dir='ltr'><strong>Quid</strong></span> <span class='ocrx_word' id='word_1_699' title='bbox 2805 2763 2889 2807; x_wconf 90' lang='lat' dir='ltr'><strong>est</strong></span> <span class='ocrx_word' id='word_1_700' title='bbox 2968 2761 3310 2805; x_wconf 79' lang='lat' dir='ltr'><strong>ninnunienta</strong></span> <span class='ocrx_word' id='word_1_701' title='bbox 3384 2748 3641 2817; x_wconf 85' lang='lat' dir='ltr'><strong>concupi-</strong></span> 
     </span>
    </p>
   </div>
   <div class='ocr_carea' id='block_1_91' title="bbox 2061 2843 3644 2913">
    <p class='ocr_par' dir='ltr' id='par_1_91' title="bbox 2061 2843 3644 2913">
     <span class='ocr_line' id='line_1_93' title="bbox 2061 2843 3644 2913; baseline -0.006 -11"><span class='ocrx_word' id='word_1_702' title='bbox 2061 2848 2315 2902; x_wconf 70' lang='lat' dir='ltr'><strong>sccntiw?</strong></span> <span class='ocrx_word' id='word_1_703' title='bbox 2365 2848 2494 2901; x_wconf 90' lang='lat' dir='ltr'><strong>Sine</strong></span> <span class='ocrx_word' id='word_1_704' title='bbox 2557 2850 2720 2901; x_wconf 79' lang='lat' dir='ltr'><strong>dubio</strong></span> <span class='ocrx_word' id='word_1_705' title='bbox 2770 2846 2857 2899; x_wconf 91' lang='lat' dir='ltr'><strong>ubi</strong></span> <span class='ocrx_word' id='word_1_706' title='bbox 2913 2846 3138 2913; x_wconf 68' lang='lat' dir='ltr'><strong>sepulta:</strong></span> <span class='ocrx_word' id='word_1_707' title='bbox 3192 2851 3315 2897; x_wconf 84' lang='lat' dir='ltr'><strong>sunt</strong></span> <span class='ocrx_word' id='word_1_708' title='bbox 3366 2851 3421 2895; x_wconf 93' lang='lat' dir='ltr'><strong>et</strong></span> <span class='ocrx_word' id='word_1_709' title='bbox 3480 2843 3644 2895; x_wconf 79' lang='lat' dir='ltr'><strong>obru-</strong></span> 
     </span>
    </p>
   </div>
   <div class='ocr_carea' id='block_1_92' title="bbox 2062 2935 3641 3008">
    <p class='ocr_par' dir='ltr' id='par_1_92' title="bbox 2062 2935 3641 3008">
     <span class='ocr_line' id='line_1_94' title="bbox 2062 2935 3641 3008; baseline -0.006 -14"><span class='ocrx_word' id='word_1_710' title='bbox 2062 2949 2126 2994; x_wconf 75' lang='lat' dir='ltr'><strong>ta:</strong></span> <span class='ocrx_word' id='word_1_711' title='bbox 2189 2942 2660 3008; x_wconf 63' lang='lat' dir='ltr'><strong>concupiscentiae,</strong></span> <span class='ocrx_word' id='word_1_712' title='bbox 2722 2940 2808 2993; x_wconf 91' lang='lat' dir='ltr'><strong>ubi</strong></span> <span class='ocrx_word' id='word_1_713' title='bbox 2864 2939 3128 2993; x_wconf 82' lang='lat' dir='ltr'><strong>exstincta</strong></span> <span class='ocrx_word' id='word_1_714' title='bbox 3192 2945 3276 2990; x_wconf 87' lang='lat' dir='ltr'><strong>cst</strong></span> <span class='ocrx_word' id='word_1_715' title='bbox 3320 2935 3496 2988; x_wconf 88' lang='lat' dir='ltr'><strong>omnis</strong></span> <span class='ocrx_word' id='word_1_716' title='bbox 3544 2950 3641 2987; x_wconf 89' lang='lat' dir='ltr'><strong>cu-</strong></span> 
     </span>
    </p>
   </div>
   <div class='ocr_carea' id='block_1_93' title="bbox 2062 3023 3642 3100">
    <p class='ocr_par' dir='ltr' id='par_1_93' title="bbox 2062 3023 3642 3100">
     <span class='ocr_line' id='line_1_95' title="bbox 2062 3023 3642 3100; baseline -0.004 -17"><span class='ocrx_word' id='word_1_717' title='bbox 2062 3031 2278 3100; x_wconf 88' lang='lat' dir='ltr'><strong>piditas,</strong></span> <span class='ocrx_word' id='word_1_718' title='bbox 2335 3046 2434 3084; x_wconf 89' lang='lat' dir='ltr'><strong>nec</strong></span> <span class='ocrx_word' id='word_1_719' title='bbox 2485 3031 2623 3083; x_wconf 89' lang='lat' dir='ltr'><strong>ultra</strong></span> <span class='ocrx_word' id='word_1_720' title='bbox 2665 3027 3003 3098; x_wconf 85' lang='lat' dir='ltr'><strong>concupiscit</strong></span> <span class='ocrx_word' id='word_1_721' title='bbox 3054 3043 3181 3081; x_wconf 91' lang='lat' dir='ltr'><strong>caro</strong></span> <span class='ocrx_word' id='word_1_722' title='bbox 3226 3027 3485 3078; x_wconf 90' lang='lat' dir='ltr'><strong>adversus</strong></span> <span class='ocrx_word' id='word_1_723' title='bbox 3529 3023 3642 3092; x_wconf 82' lang='lat' dir='ltr'><strong>Spi-</strong></span> 
     </span>
    </p>
   </div>
   <div class='ocr_carea' id='block_1_94' title="bbox 2059 3114 3645 3185">
    <p class='ocr_par' dir='ltr' id='par_1_94' title="bbox 2059 3114 3645 3185">
     <span class='ocr_line' id='line_1_96' title="bbox 2059 3114 3645 3185; baseline -0.003 -10"><span class='ocrx_word' id='word_1_724' title='bbox 2059 3123 2250 3185; x_wconf 90' lang='lat' dir='ltr'><strong>ritum,</strong></span> <span class='ocrx_word' id='word_1_725' title='bbox 2320 3122 2640 3175; x_wconf 84' lang='lat' dir='ltr'><strong>mortilicata</strong></span> <span class='ocrx_word' id='word_1_726' title='bbox 2708 3122 2919 3174; x_wconf 90' lang='lat' dir='ltr'><strong>scilicet</strong></span> <span class='ocrx_word' id='word_1_727' title='bbox 2986 3128 3155 3173; x_wconf 88' lang='lat' dir='ltr'><strong>morte</strong></span> <span class='ocrx_word' id='word_1_728' title='bbox 3216 3116 3441 3169; x_wconf 76' lang='lat' dir='ltr'><strong>Christi.</strong></span> <span class='ocrx_word' id='word_1_729' title='bbox 3514 3114 3645 3170; x_wconf 88' lang='lat' dir='ltr'><strong>Post</strong></span> 
     </span>
    </p>
   </div>
   <div class='ocr_carea' id='block_1_95' title="bbox 2058 3208 3643 3280">
    <p class='ocr_par' dir='ltr' id='par_1_95' title="bbox 2058 3208 3643 3280">
     <span class='ocr_line' id='line_1_97' title="bbox 2058 3208 3643 3280; baseline -0.007 -11"><span class='ocrx_word' id='word_1_730' title='bbox 2058 3217 2171 3269; x_wconf 68' lang='lat' dir='ltr'><strong>lucc</strong></span> <span class='ocrx_word' id='word_1_731' title='bbox 2213 3215 2423 3268; x_wconf 87' lang='lat' dir='ltr'><strong>venitur</strong></span> <span class='ocrx_word' id='word_1_732' title='bbox 2470 3215 2522 3267; x_wconf 93' lang='lat' dir='ltr'><strong>in</strong></span> <span class='ocrx_word' id='word_1_733' title='bbox 2558 3214 2810 3272; x_wconf 83' lang='lat' dir='ltr'><strong>Aserotli,</strong></span> <span class='ocrx_word' id='word_1_734' title='bbox 2863 3211 3005 3280; x_wconf 93' lang='lat' dir='ltr'><strong>quod</strong></span> <span class='ocrx_word' id='word_1_735' title='bbox 3060 3211 3443 3276; x_wconf 88' lang='lat' dir='ltr'><strong>interpretatur</strong></span> <span class='ocrx_word' id='word_1_736' title='bbox 3500 3208 3643 3258; x_wconf 86' lang='lat' dir='ltr'><strong>atria</strong></span> 
     </span>
    </p>
   </div>
   <div class='ocr_carea' id='block_1_96' title="bbox 2056 3297 3637 3373">
    <p class='ocr_par' dir='ltr' id='par_1_96' title="bbox 2056 3297 3637 3373">
     <span class='ocr_line' id='line_1_98' title="bbox 2056 3297 3637 3373; baseline -0.006 -15"><span class='ocrx_word' id='word_1_737' title='bbox 2056 3308 2315 3372; x_wconf 75' lang='lat' dir='ltr'><strong>perfecta,</strong></span> <span class='ocrx_word' id='word_1_738' title='bbox 2369 3306 2455 3359; x_wconf 88' lang='lat' dir='ltr'><strong>vel</strong></span> <span class='ocrx_word' id='word_1_739' title='bbox 2512 3306 2776 3359; x_wconf 85' lang='lat' dir='ltr'><strong>beatitudo</strong></span> <span class='ocrx_word' id='word_1_740' title='bbox 2834 3304 2968 3373; x_wconf 80' lang='grc'>(87).</span> <span class='ocrx_word' id='word_1_741' title='bbox 3015 3301 3227 3355; x_wconf 87' lang='lat' dir='ltr'><strong>Inttterc</strong></span> <span class='ocrx_word' id='word_1_742' title='bbox 3296 3297 3637 3367; x_wconf 72' lang='lat' dir='ltr'><strong>diligentius,</strong></span> 
     </span>
    </p>
   </div>
   <div class='ocr_carea' id='block_1_97' title="bbox 2056 3393 3642 3465">
    <p class='ocr_par' dir='ltr' id='par_1_97' title="bbox 2056 3393 3642 3465">
     <span class='ocr_line' id='line_1_99' title="bbox 2056 3393 3642 3465; baseline -0.004 -15"><span class='ocrx_word' id='word_1_743' title='bbox 2056 3398 2233 3450; x_wconf 88' lang='lat' dir='ltr'><strong>omnis</strong></span> <span class='ocrx_word' id='word_1_744' title='bbox 2270 3400 2461 3463; x_wconf 83' lang='lat' dir='ltr'><strong>viator,</strong></span> <span class='ocrx_word' id='word_1_745' title='bbox 2526 3397 2646 3465; x_wconf 92' lang='lat' dir='ltr'><strong>quis</strong></span> <span class='ocrx_word' id='word_1_746' title='bbox 2690 3398 2759 3449; x_wconf 91' lang='lat' dir='ltr'><strong>sit</strong></span> <span class='ocrx_word' id='word_1_747' title='bbox 2802 3398 2935 3450; x_wconf 92' lang='lat' dir='ltr'><strong>ordo</strong></span> <span class='ocrx_word' id='word_1_748' title='bbox 2982 3393 3365 3463; x_wconf 83' lang='lat' dir='ltr'><strong>profectuum:</strong></span> <span class='ocrx_word' id='word_1_749' title='bbox 3426 3400 3642 3459; x_wconf 55' lang='lat' dir='ltr'><strong>postea-</strong></span> 
     </span>
    </p>
   </div>
   <div class='ocr_carea' id='block_1_98' title="bbox 2057 3479 3639 3557">
    <p class='ocr_par' dir='ltr' id='par_1_98' title="bbox 2057 3479 3639 3557">
     <span class='ocr_line' id='line_1_100' title="bbox 2057 3479 3639 3557; baseline -0.003 -19"><span class='ocrx_word' id='word_1_750' title='bbox 2057 3503 2217 3557; x_wconf 91' lang='lat' dir='ltr'><strong>quam</strong></span> <span class='ocrx_word' id='word_1_751' title='bbox 2249 3488 2526 3556; x_wconf 85' lang='lat' dir='ltr'><strong>sepelieris</strong></span> <span class='ocrx_word' id='word_1_752' title='bbox 2565 3497 2617 3541; x_wconf 90' lang='lat' dir='ltr'><strong>et</strong></span> <span class='ocrx_word' id='word_1_753' title='bbox 2655 3487 2808 3540; x_wconf 92' lang='lat' dir='ltr'><strong>morti</strong></span> <span class='ocrx_word' id='word_1_754' title='bbox 2838 3484 3120 3538; x_wconf 88' lang='lat' dir='ltr'><strong>tradideris</strong></span> <span class='ocrx_word' id='word_1_755' title='bbox 3171 3479 3639 3550; x_wconf 78' lang='lat' dir='ltr'><strong>concupiscentias</strong></span> 
     </span>
    </p>
   </div>
   <div class='ocr_carea' id='block_1_99' title="bbox 2059 3572 3643 3648">
    <p class='ocr_par' dir='ltr' id='par_1_99' title="bbox 2059 3572 3643 3648">
     <span class='ocr_line' id='line_1_101' title="bbox 2059 3572 3643 3648; baseline -0.005 -15"><span class='ocrx_word' id='word_1_756' title='bbox 2059 3581 2272 3645; x_wconf 86' lang='lat' dir='ltr'><strong>carnis,</strong></span> <span class='ocrx_word' id='word_1_757' title='bbox 2317 3580 2498 3634; x_wconf 88' lang='lat' dir='ltr'><strong>venies</strong></span> <span class='ocrx_word' id='word_1_758' title='bbox 2556 3580 2621 3632; x_wconf 88' lang='lat' dir='ltr'><strong>ad</strong></span> <span class='ocrx_word' id='word_1_759' title='bbox 2675 3579 3059 3648; x_wconf 81' lang='lat' dir='ltr'><strong>amplitudines</strong></span> <span class='ocrx_word' id='word_1_760' title='bbox 3112 3577 3395 3637; x_wconf 89' lang='lat' dir='ltr'><strong>atriorum,</strong></span> <span class='ocrx_word' id='word_1_761' title='bbox 3455 3572 3643 3625; x_wconf 79' lang='lat' dir='ltr'><strong>venies</strong></span> 
     </span>
    </p>
   </div>
   <div class='ocr_carea' id='block_1_100' title="bbox 2058 3668 3639 3739">
    <p class='ocr_par' dir='ltr' id='par_1_100' title="bbox 2058 3668 3639 3739">
     <span class='ocr_line' id='line_1_102' title="bbox 2058 3668 3639 3739; baseline -0.009 -10"><span class='ocrx_word' id='word_1_762' title='bbox 2058 3676 2123 3729; x_wconf 89' lang='lat' dir='ltr'><strong>ad</strong></span> <span class='ocrx_word' id='word_1_763' title='bbox 2180 3674 2587 3729; x_wconf 87' lang='lat' dir='ltr'><strong>beatitudinem.</strong></span> <span class='ocrx_word' id='word_1_764' title='bbox 2642 3671 2802 3724; x_wconf 84' lang='lat' dir='ltr'><strong>Beata</strong></span> <span class='ocrx_word' id='word_1_765' title='bbox 2853 3686 3086 3739; x_wconf 90' lang='lat' dir='ltr'><strong>namque</strong></span> <span class='ocrx_word' id='word_1_766' title='bbox 3142 3678 3229 3723; x_wconf 88' lang='lat' dir='ltr'><strong>est</strong></span> <span class='ocrx_word' id='word_1_767' title='bbox 3277 3668 3456 3721; x_wconf 89' lang='lat' dir='ltr'><strong>anima</strong></span> <span class='ocrx_word' id='word_1_768' title='bbox 3516 3678 3639 3732; x_wconf 61' lang='lat' dir='ltr'><strong>qua}</strong></span> 
     </span>
    </p>
   </div>
   <div class='ocr_carea' id='block_1_101' title="bbox 2060 3754 3635 3835">
    <p class='ocr_par' dir='ltr' id='par_1_101' title="bbox 2060 3754 3635 3835">
     <span class='ocr_line' id='line_1_103' title="bbox 2060 3754 3635 3835; baseline -0.009 -14"><span class='ocrx_word' id='word_1_769' title='bbox 2060 3768 2220 3821; x_wconf 89' lang='lat' dir='ltr'><strong>nullis</strong></span> <span class='ocrx_word' id='word_1_770' title='bbox 2255 3767 2364 3835; x_wconf 90' lang='lat' dir='ltr'><strong>jam</strong></span> <span class='ocrx_word' id='word_1_771' title='bbox 2404 3766 2550 3819; x_wconf 90' lang='lat' dir='ltr'><strong>vitiis</strong></span> <span class='ocrx_word' id='word_1_772' title='bbox 2600 3764 2780 3818; x_wconf 89' lang='lat' dir='ltr'><strong>carnis</strong></span> <span class='ocrx_word' id='word_1_773' title='bbox 2842 3772 3077 3832; x_wconf 82' lang='lat' dir='ltr'><strong>urgetur.</strong></span> <span class='ocrx_word' id='word_1_774' title='bbox 3139 3758 3267 3813; x_wconf 91' lang='lat' dir='ltr'><strong>Inde</strong></span> <span class='ocrx_word' id='word_1_775' title='bbox 3316 3757 3527 3810; x_wconf 89' lang='lat' dir='ltr'><strong>venitur</strong></span> <span class='ocrx_word' id='word_1_776' title='bbox 3578 3754 3635 3807; x_wconf 88' lang='lat' dir='ltr'><strong>in</strong></span> 
     </span>
    </p>
   </div>
   <div class='ocr_carea' id='block_1_102' title="bbox 2063 3852 3635 3911">
    <p class='ocr_par' dir='ltr' id='par_1_102' title="bbox 2063 3852 3635 3911">
     <span class='ocr_line' id='line_1_104' title="bbox 2063 3852 3635 3911; baseline -0.009 0"><span class='ocrx_word' id='word_1_777' title='bbox 2063 3858 2292 3911; x_wconf 81' lang='lat' dir='ltr'><strong>Ratltma</strong></span> <span class='ocrx_word' id='word_1_778' title='bbox 2348 3858 2461 3909; x_wconf 71' lang='lat' dir='ltr'><strong>sive</strong></span> <span class='ocrx_word' id='word_1_779' title='bbox 2505 3855 2761 3909; x_wconf 78' lang='lat' dir='ltr'><strong>Pharum.</strong></span> <span class='ocrx_word' id='word_1_780' title='bbox 2812 3852 3041 3906; x_wconf 77' lang='lat' dir='ltr'><strong>Ratlnna</strong></span> <span class='ocrx_word' id='word_1_781' title='bbox 3090 3852 3217 3904; x_wconf 86' lang='lat' dir='ltr'><strong>visio</strong></span> <span class='ocrx_word' id='word_1_782' title='bbox 3266 3855 3635 3901; x_wconf 80' lang='lat' dir='ltr'><strong>consummata</strong></span> 
     </span>
    </p>
   </div>
   <div class='ocr_carea' id='block_1_103' title="bbox 2061 3937 3641 4016">
    <p class='ocr_par' dir='ltr' id='par_1_103' title="bbox 2061 3937 3641 4016">
     <span class='ocr_line' id='line_1_105' title="bbox 2061 3937 3641 4016; baseline -0.006 -15"><span class='ocrx_word' id='word_1_783' title='bbox 2061 3950 2465 4016; x_wconf 89' lang='lat' dir='ltr'><strong>interpretatur,</strong></span> <span class='ocrx_word' id='word_1_784' title='bbox 2520 3946 2750 3999; x_wconf 84' lang='lat' dir='ltr'><strong>Pliaram</strong></span> <span class='ocrx_word' id='word_1_785' title='bbox 2799 3958 2925 3997; x_wconf 92' lang='lat' dir='ltr'><strong>vero</strong></span> <span class='ocrx_word' id='word_1_786' title='bbox 2972 3941 3172 3997; x_wconf 78' lang='lat' dir='ltr'><strong>visibile</strong></span> <span class='ocrx_word' id='word_1_787' title='bbox 3207 3958 3264 3994; x_wconf 92' lang='lat' dir='ltr'><strong>os</strong></span> <span class='ocrx_word' id='word_1_788' title='bbox 3296 3940 3431 4009; x_wconf 82' lang='grc'>(88).</span> <span class='ocrx_word' id='word_1_789' title='bbox 3458 3937 3641 4004; x_wconf 74' lang='lat' dir='ltr'><strong>Quid?</strong></span> 
     </span>
    </p>
   </div>
   <div class='ocr_carea' id='block_1_104' title="bbox 2062 4028 3623 4096">
    <p class='ocr_par' dir='ltr' id='par_1_104' title="bbox 2062 4028 3623 4096">
     <span class='ocr_line' id='line_1_106' title="bbox 2062 4028 3623 4096; baseline -0.008 -5"><span class='ocrx_word' id='word_1_790' title='bbox 2062 4039 2163 4092; x_wconf 90' lang='lat' dir='ltr'><strong>nisi</strong></span> <span class='ocrx_word' id='word_1_791' title='bbox 2211 4039 2278 4091; x_wconf 87' lang='lat' dir='ltr'><strong>ita</strong></span> <span class='ocrx_word' id='word_1_792' title='bbox 2323 4047 2534 4092; x_wconf 89' lang='lat' dir='ltr'><strong>crescat</strong></span> <span class='ocrx_word' id='word_1_793' title='bbox 2576 4037 2777 4096; x_wconf 90' lang='lat' dir='ltr'><strong>anima,</strong></span> <span class='ocrx_word' id='word_1_794' title='bbox 2821 4044 2877 4087; x_wconf 94' lang='lat' dir='ltr'><strong>ut</strong></span> <span class='ocrx_word' id='word_1_795' title='bbox 2913 4048 3032 4087; x_wconf 92' lang='lat' dir='ltr'><strong>cum</strong></span> <span class='ocrx_word' id='word_1_796' title='bbox 3090 4032 3307 4085; x_wconf 90' lang='lat' dir='ltr'><strong>desierit</strong></span> <span class='ocrx_word' id='word_1_797' title='bbox 3359 4028 3623 4082; x_wconf 86' lang='lat' dir='ltr'><strong>molestiis</strong></span> 
     </span>
    </p>
   </div>
   <div class='ocr_carea' id='block_1_105' title="bbox 2060 4128 3632 4199">
    <p class='ocr_par' dir='ltr' id='par_1_105' title="bbox 2060 4128 3632 4199">
     <span class='ocr_line' id='line_1_107' title="bbox 2060 4128 3632 4199; baseline -0.006 -16"><span class='ocrx_word' id='word_1_798' title='bbox 2060 4131 2242 4185; x_wconf 88' lang='lat' dir='ltr'><strong>carnis</strong></span> <span class='ocrx_word' id='word_1_799' title='bbox 2274 4130 2477 4199; x_wconf 84' lang='lat' dir='ltr'><strong>urgeri,</strong></span> <span class='ocrx_word' id='word_1_800' title='bbox 2502 4128 2737 4182; x_wconf 90' lang='lat' dir='ltr'><strong>visiones</strong></span> <span class='ocrx_word' id='word_1_801' title='bbox 2787 4129 2987 4181; x_wconf 87' lang='lat' dir='ltr'><strong>habeat</strong></span> <span class='ocrx_word' id='word_1_802' title='bbox 3029 4132 3451 4187; x_wconf 88' lang='lat' dir='ltr'><strong>consummatas,</strong></span> <span class='ocrx_word' id='word_1_803' title='bbox 3508 4135 3632 4190; x_wconf 77' lang='lat' dir='ltr'><strong>per-</strong></span> 
     </span>
    </p>
   </div>
   <div class='ocr_carea' id='block_1_106' title="bbox 2063 4210 3625 4286">
    <p class='ocr_par' dir='ltr' id='par_1_106' title="bbox 2063 4210 3625 4286">
     <span class='ocr_line' id='line_1_108' title="bbox 2063 4210 3625 4286; baseline -0.003 -17"><span class='ocrx_word' id='word_1_804' title='bbox 2063 4218 2372 4286; x_wconf 80' lang='lat' dir='ltr'><strong>fectamque</strong></span> <span class='ocrx_word' id='word_1_805' title='bbox 2404 4231 2586 4269; x_wconf 87' lang='lat' dir='ltr'><strong>rerum</strong></span> <span class='ocrx_word' id='word_1_806' title='bbox 2620 4215 2799 4285; x_wconf 85' lang='lat' dir='ltr'><strong>capiat</strong></span> <span class='ocrx_word' id='word_1_807' title='bbox 2833 4215 3262 4284; x_wconf 71' lang='lat' dir='ltr'><strong>intelligentmm,</strong></span> <span class='ocrx_word' id='word_1_808' title='bbox 3295 4228 3486 4267; x_wconf 87' lang='lat' dir='ltr'><strong>causas</strong></span> <span class='ocrx_word' id='word_1_809' title='bbox 3512 4210 3625 4266; x_wconf 53' lang='lat' dir='ltr'><strong>sei.</strong></span> 
     </span>
    </p>
   </div>
   <div class='ocr_carea' id='block_1_107' title="bbox 2180 4377 3626 4445">
    <p class='ocr_par' dir='ltr' id='par_1_107' title="bbox 2180 4377 3626 4445">
     <span class='ocr_line' id='line_1_109' title="bbox 2180 4377 3626 4445; baseline -0.002 -13"><span class='ocrx_word' id='word_1_810' title='bbox 2180 4381 2222 4411; x_wconf 74' lang='grc'><strong>¹¹⁵</strong></span> <span class='ocrx_word' id='word_1_811' title='bbox 2246 4380 2389 4432; x_wconf 85' lang='lat' dir='ltr'><strong>Psal.</strong></span> <span class='ocrx_word' id='word_1_812' title='bbox 2432 4396 2549 4445; x_wconf 81' lang='lat' dir='ltr'><strong>cm,</strong></span> <span class='ocrx_word' id='word_1_813' title='bbox 2582 4381 2630 4433; x_wconf 83' lang='grc'><strong>1,</strong></span> <span class='ocrx_word' id='word_1_814' title='bbox 2713 4381 2754 4410; x_wconf 81' lang='grc'><strong>¹⁸</strong></span> <span class='ocrx_word' id='word_1_815' title='bbox 2780 4380 2908 4431; x_wconf 89' lang='lat' dir='ltr'><strong>ibid.</strong></span> <span class='ocrx_word' id='word_1_816' title='bbox 2938 4380 2990 4432; x_wconf 84' lang='grc'><strong>’5.</strong></span> <span class='ocrx_word' id='word_1_817' title='bbox 3071 4380 3113 4409; x_wconf 83' lang='grc'><strong>¹⁸</strong></span> <span class='ocrx_word' id='word_1_818' title='bbox 3147 4378 3287 4442; x_wconf 87' lang='lat' dir='ltr'><strong>Psal,</strong></span> <span class='ocrx_word' id='word_1_819' title='bbox 3315 4393 3538 4439; x_wconf 70' lang='lat' dir='ltr'><strong>cxxvut,</strong></span> <span class='ocrx_word' id='word_1_820' title='bbox 3570 4377 3626 4437; x_wconf 76' lang='grc'><strong>2,</strong></span> 
     </span>
    </p>
   </div>
   <div class='ocr_carea' id='block_1_108' title="bbox 2114 4537 3629 4611">
    <p class='ocr_par' dir='ltr' id='par_1_108' title="bbox 2114 4537 3629 4611">
     <span class='ocr_line' id='line_1_110' title="bbox 2114 4537 3629 4611; baseline -0.005 -17"><span class='ocrx_word' id='word_1_821' title='bbox 2114 4542 2224 4611; x_wconf 80' lang='grc'>(86)</span> <span class='ocrx_word' id='word_1_822' title='bbox 2272 4548 2655 4605; x_wconf 80' lang='lat' dir='ltr'><strong>Interpretatur</strong></span> <span class='ocrx_word' id='word_1_823' title='bbox 2711 4552 2883 4593; x_wconf 84' lang='lat' dir='ltr'><strong>autem</strong></span> <span class='ocrx_word' id='word_1_824' title='bbox 2937 4537 3198 4604; x_wconf 67' lang='lat' dir='ltr'><strong>Rep/(idin</strong></span> <span class='ocrx_word' id='word_1_825' title='bbox 3251 4539 3367 4591; x_wconf 77' lang='lat' dir='ltr'><strong>luas</strong></span> <span class='ocrx_word' id='word_1_826' title='bbox 3407 4539 3629 4604; x_wconf 66' lang='lat' dir='ltr'><strong>judirii.</strong></span> 
     </span>
    </p>
   </div>
   <div class='ocr_carea' id='block_1_109' title="bbox 2052 4611 3625 4691">
    <p class='ocr_par' dir='ltr' id='par_1_109' title="bbox 2052 4611 3625 4691">
     <span class='ocr_line' id='line_1_111' title="bbox 2052 4611 3625 4691; baseline -0.004 -25"><span class='ocrx_word' id='word_1_827' title='bbox 2052 4611 2215 4666; x_wconf 89' lang='lat' dir='ltr'><strong>Forte</strong></span> <span class='ocrx_word' id='word_1_828' title='bbox 2254 4630 2279 4662; x_wconf 90' lang='lat' dir='ltr'><strong>a</strong></span> <span class='ocrx_word' id='word_1_829' title='bbox 2321 4620 2441 4671; x_wconf 63' lang='grc' dir='ltr'><strong>διεδ-ι</strong></span> <span class='ocrx_word' id='word_1_830' title='bbox 2479 4630 2496 4661; x_wconf 84' lang='grc' dir='ltr'><strong>ι</strong></span> <span class='ocrx_word' id='word_1_831' title='bbox 2536 4611 2777 4673; x_wconf 88' lang='lat' dir='ltr'><strong>sanavit,</strong></span> <span class='ocrx_word' id='word_1_832' title='bbox 2813 4620 3036 4663; x_wconf 84' lang='lat' dir='ltr'><strong>sanatus</strong></span> <span class='ocrx_word' id='word_1_833' title='bbox 3075 4611 3190 4673; x_wconf 78' lang='lat' dir='ltr'><strong>fuit,</strong></span> <span class='ocrx_word' id='word_1_834' title='bbox 3228 4630 3245 4660; x_wconf 76' lang='grc' dir='ltr'><strong>ι</strong></span> <span class='ocrx_word' id='word_1_835' title='bbox 3283 4621 3334 4663; x_wconf 89' lang='lat' dir='ltr'><strong>et</strong></span> <span class='ocrx_word' id='word_1_836' title='bbox 3378 4618 3454 4691; x_wconf 65' lang='grc' dir='ltr'><strong>Ῑπτ</strong></span> <span class='ocrx_word' id='word_1_837' title='bbox 3492 4628 3508 4658; x_wconf 91' lang='grc' dir='ltr'><strong>ι</strong></span> <span class='ocrx_word' id='word_1_838' title='bbox 3537 4611 3625 4676; x_wconf 90' lang='lat' dir='ltr'><strong>ju-</strong></span> 
     </span>
    </p>
   </div>
   <div class='ocr_carea' id='block_1_110' title="bbox 2052 4699 3625 4771">
    <p class='ocr_par' dir='ltr' id='par_1_110' title="bbox 2052 4699 3625 4771">
     <span class='ocr_line' id='line_1_112' title="bbox 2052 4699 3625 4771; baseline -0.004 -13"><span class='ocrx_word' id='word_1_839' title='bbox 2052 4704 2280 4767; x_wconf 87' lang='lat' dir='ltr'><strong>dicavit;</strong></span> <span class='ocrx_word' id='word_1_840' title='bbox 2316 4724 2333 4754; x_wconf 75' lang='grc' dir='ltr'><strong>ι</strong></span> <span class='ocrx_word' id='word_1_841' title='bbox 2362 4704 2485 4771; x_wconf 90' lang='lat' dir='ltr'><strong>quia</strong></span> <span class='ocrx_word' id='word_1_842' title='bbox 2512 4718 2703 4771; x_wconf 87' lang='lat' dir='ltr'><strong>nempe</strong></span> <span class='ocrx_word' id='word_1_843' title='bbox 2736 4717 2923 4756; x_wconf 86' lang='lat' dir='ltr'><strong>sanum</strong></span> <span class='ocrx_word' id='word_1_844' title='bbox 2965 4699 3229 4769; x_wconf 87' lang='lat' dir='ltr'><strong>judicium</strong></span> <span class='ocrx_word' id='word_1_845' title='bbox 3278 4701 3424 4752; x_wconf 92' lang='lat' dir='ltr'><strong>omni</strong></span> <span class='ocrx_word' id='word_1_846' title='bbox 3467 4700 3625 4751; x_wconf 86' lang='lat' dir='ltr'><strong>laude</strong></span> 
     </span>
    </p>
   </div>
   <div class='ocr_carea' id='block_1_111' title="bbox 2051 4776 2404 4844">
    <p class='ocr_par' dir='ltr' id='par_1_111' title="bbox 2051 4776 2404 4844">
     <span class='ocr_line' id='line_1_113' title="bbox 2051 4776 2404 4844; baseline -0.014 -15"><span class='ocrx_word' id='word_1_847' title='bbox 2051 4776 2269 4844; x_wconf 72' lang='lat' dir='ltr'><strong>dignum</strong></span> <span class='ocrx_word' id='word_1_848' title='bbox 2304 4783 2404 4827; x_wconf 85' lang='lat' dir='ltr'><strong>est.</strong></span> 
     </span>
    </p>
   </div>
   <div class='ocr_carea' id='block_1_112' title="bbox 2122 4837 3628 4913">
    <p class='ocr_par' dir='ltr' id='par_1_112' title="bbox 2122 4837 3628 4913">
     <span class='ocr_line' id='line_1_114' title="bbox 2122 4837 3628 4913; baseline -0.005 -16"><span class='ocrx_word' id='word_1_849' title='bbox 2122 4844 2240 4913; x_wconf 77' lang='lat'><strong>(87)</strong></span> <span class='ocrx_word' id='word_1_850' title='bbox 2272 4845 2488 4896; x_wconf 81' lang='lat' dir='ltr'><strong>Aserotli</strong></span> <span class='ocrx_word' id='word_1_851' title='bbox 2528 4844 2666 4912; x_wconf 87' lang='lat' dir='ltr'><strong>quod</strong></span> <span class='ocrx_word' id='word_1_852' title='bbox 2693 4845 3068 4913; x_wconf 59' lang='lat' dir='ltr'><strong>interpretatur</strong></span> <span class='ocrx_word' id='word_1_853' title='bbox 3109 4838 3504 4913; x_wconf 37' lang='lat' dir='ltr'><strong>atriaperfec‘ta</strong></span> <span class='ocrx_word' id='word_1_854' title='bbox 3550 4837 3628 4913; x_wconf 71' lang='grc' dir='ltr'><strong>ι·εέ</strong></span> 
     </span>
    </p>
   </div>
   <div class='ocr_carea' id='block_1_113' title="bbox 2050 4906 3622 4974">
    <p class='ocr_par' dir='ltr' id='par_1_113' title="bbox 2050 4906 3622 4974">
     <span class='ocr_line' id='line_1_115' title="bbox 2050 4906 3622 4974; baseline -0.006 -7"><span class='ocrx_word' id='word_1_855' title='bbox 2050 4906 2340 4968; x_wconf 73' lang='lat' dir='ltr'><strong>beatitudo.</strong></span> <span class='ocrx_word' id='word_1_856' title='bbox 2374 4923 2492 4974; x_wconf 63' lang='grc' dir='ltr'><strong>’ΊΪΠ</strong></span> <span class='ocrx_word' id='word_1_857' title='bbox 2536 4906 2554 4963; x_wconf 71' lang='grc' dir='ltr'><strong>ι</strong></span> <span class='ocrx_word' id='word_1_858' title='bbox 2599 4917 2790 4966; x_wconf 88' lang='lat' dir='ltr'><strong>atrium</strong></span> <span class='ocrx_word' id='word_1_859' title='bbox 2824 4933 2841 4962; x_wconf 71' lang='grc' dir='ltr'><strong>ι</strong></span> <span class='ocrx_word' id='word_1_860' title='bbox 2881 4924 2981 4965; x_wconf 80' lang='lat' dir='ltr'><strong>est.</strong></span> <span class='ocrx_word' id='word_1_861' title='bbox 3012 4910 3213 4961; x_wconf 82' lang='lat' dir='ltr'><strong>Plural.</strong></span> <span class='ocrx_word' id='word_1_862' title='bbox 3252 4910 3410 4961; x_wconf 77' lang='lat' dir='ltr'><strong>form.</strong></span> <span class='ocrx_word' id='word_1_863' title='bbox 3438 4906 3622 4958; x_wconf 79' lang='lat' dir='ltr'><strong>feinin.</strong></span> 
     </span>
    </p>
   </div>
   <div class='ocr_carea' id='block_1_114' title="bbox 2048 4977 3623 5045">
    <p class='ocr_par' dir='ltr' id='par_1_114' title="bbox 2048 4977 3623 5045">
     <span class='ocr_line' id='line_1_116' title="bbox 2048 4977 3623 5045; baseline -0.006 -10"><span class='ocrx_word' id='word_1_864' title='bbox 2048 4996 2231 5043; x_wconf 52' lang='lat' dir='ltr'><strong>mrum</strong></span> <span class='ocrx_word' id='word_1_865' title='bbox 2271 5002 2288 5033; x_wconf 81' lang='grc' dir='ltr'><strong>ι</strong></span> <span class='ocrx_word' id='word_1_866' title='bbox 2327 4987 2486 5044; x_wconf 84' lang='lat' dir='ltr'><strong>atria,</strong></span> <span class='ocrx_word' id='word_1_867' title='bbox 2515 4984 2672 5038; x_wconf 60' lang='lat' dir='ltr'><strong>villae.</strong></span> <span class='ocrx_word' id='word_1_868' title='bbox 2717 5001 2734 5031; x_wconf 72' lang='grc' dir='ltr'><strong>ι</strong></span> <span class='ocrx_word' id='word_1_869' title='bbox 2775 4981 2872 5045; x_wconf 89' lang='lat' dir='ltr'><strong>Qui</strong></span> <span class='ocrx_word' id='word_1_870' title='bbox 2922 4989 3099 5030; x_wconf 88' lang='lat' dir='ltr'><strong>autem</strong></span> <span class='ocrx_word' id='word_1_871' title='bbox 3152 4978 3377 5029; x_wconf 81' lang='lat' dir='ltr'><strong>Aserotli</strong></span> <span class='ocrx_word' id='word_1_872' title='bbox 3437 4994 3455 5025; x_wconf 80' lang='grc' dir='ltr'><strong>ι</strong></span> <span class='ocrx_word' id='word_1_873' title='bbox 3494 4977 3623 5028; x_wconf 85' lang='lat' dir='ltr'><strong>bea-</strong></span> 
     </span>
    </p>
   </div>
   <div class='ocr_carea' id='block_1_115' title="bbox 2056 5048 3623 5119">
    <p class='ocr_par' dir='ltr' id='par_1_115' title="bbox 2056 5048 3623 5119">
     <span class='ocr_line' id='line_1_117' title="bbox 2056 5048 3623 5119; baseline -0.007 -12"><span class='ocrx_word' id='word_1_874' title='bbox 2056 5057 2334 5107; x_wconf 88' lang='lat' dir='ltr'><strong>titudinem</strong></span> <span class='ocrx_word' id='word_1_875' title='bbox 2363 5073 2379 5104; x_wconf 76' lang='grc' dir='ltr'><strong>ι</strong></span> <span class='ocrx_word' id='word_1_876' title='bbox 2416 5052 2754 5119; x_wconf 85' lang='lat' dir='ltr'><strong>interpretati</strong></span> <span class='ocrx_word' id='word_1_877' title='bbox 2780 5058 2926 5119; x_wconf 87' lang='lat' dir='ltr'><strong>sunt,</strong></span> <span class='ocrx_word' id='word_1_878' title='bbox 2958 5050 3057 5099; x_wconf 85' lang='lat' dir='ltr'><strong>lioc</strong></span> <span class='ocrx_word' id='word_1_879' title='bbox 3078 5048 3623 5119; x_wconf 25' lang='lat' dir='ltr'><strong>nomen‘derivarunt</strong></span> 
     </span>
    </p>
   </div>
   <div class='ocr_carea' id='block_1_116' title="bbox 2052 5117 3621 5192">
    <p class='ocr_par' dir='ltr' id='par_1_116' title="bbox 2052 5117 3621 5192">
     <span class='ocr_line' id='line_1_118' title="bbox 2052 5117 3621 5192; baseline -0.004 -19"><span class='ocrx_word' id='word_1_880' title='bbox 2052 5126 2119 5175; x_wconf 86' lang='lat' dir='ltr'><strong>ab</strong></span> <span class='ocrx_word' id='word_1_881' title='bbox 2165 5134 2257 5182; x_wconf 65' lang='lat' dir='ltr'><strong>tm</strong></span> <span class='ocrx_word' id='word_1_882' title='bbox 2291 5127 2434 5192; x_wconf 90' lang='lat' dir='ltr'><strong>quod</strong></span> <span class='ocrx_word' id='word_1_883' title='bbox 2496 5117 2725 5190; x_wconf 23' lang='lat' dir='ltr'><strong>in‘pilicl</strong></span> <span class='ocrx_word' id='word_1_884' title='bbox 2774 5118 3062 5188; x_wconf 80' lang='lat' dir='ltr'><strong>signiticat,</strong></span> <span class='ocrx_word' id='word_1_885' title='bbox 3102 5134 3119 5165; x_wconf 83' lang='grc' dir='ltr'><strong>ι</strong></span> <span class='ocrx_word' id='word_1_886' title='bbox 3151 5117 3351 5180; x_wconf 84' lang='lat' dir='ltr'><strong>beavit,</strong></span> <span class='ocrx_word' id='word_1_887' title='bbox 3408 5117 3621 5169; x_wconf 84' lang='lat' dir='ltr'><strong>beatum</strong></span> 
     </span>
    </p>
   </div>
   <div class='ocr_carea' id='block_1_117' title="bbox 2050 5194 2257 5247">
    <p class='ocr_par' dir='ltr' id='par_1_117' title="bbox 2050 5194 2257 5247">
     <span class='ocr_line' id='line_1_119' title="bbox 2050 5194 2257 5247; baseline -0.014 -2"><span class='ocrx_word' id='word_1_888' title='bbox 2050 5194 2191 5247; x_wconf 77' lang='lat' dir='ltr'><strong>fecit.</strong></span> <span class='ocrx_word' id='word_1_889' title='bbox 2241 5212 2257 5243; x_wconf 70' lang='grc' dir='ltr'><strong>ι</strong></span> 
     </span>
    </p>
   </div>
   <div class='ocr_carea' id='block_1_118' title="bbox 2122 5254 3622 5330">
    <p class='ocr_par' dir='ltr' id='par_1_118' title="bbox 2122 5254 3622 5330">
     <span class='ocr_line' id='line_1_120' title="bbox 2122 5254 3622 5330; baseline -0.004 -15"><span class='ocrx_word' id='word_1_890' title='bbox 2122 5263 2233 5330; x_wconf 82' lang='grc'>(88)</span> <span class='ocrx_word' id='word_1_891' title='bbox 2267 5262 2489 5314; x_wconf 80' lang='lat' dir='ltr'><strong>Rat/mia</strong></span> <span class='ocrx_word' id='word_1_892' title='bbox 2519 5260 2647 5313; x_wconf 77' lang='lat' dir='ltr'><strong>cisio</strong></span> <span class='ocrx_word' id='word_1_893' title='bbox 2671 5266 3030 5330; x_wconf 63' lang='lat' dir='ltr'><strong>consummata</strong></span> <span class='ocrx_word' id='word_1_894' title='bbox 3063 5258 3459 5330; x_wconf 78' lang='lat' dir='ltr'><strong>imerpretatur,</strong></span> <span class='ocrx_word' id='word_1_895' title='bbox 3482 5254 3622 5310; x_wconf 50' lang='lat' dir='ltr'><strong>Pica.</strong></span> 
     </span>
    </p>
   </div>
   <div class='ocr_carea' id='block_1_119' title="bbox 2052 5326 3620 5393">
    <p class='ocr_par' dir='ltr' id='par_1_119' title="bbox 2052 5326 3620 5393">
     <span class='ocr_line' id='line_1_121' title="bbox 2052 5326 3620 5393; baseline -0.003 -10"><span class='ocrx_word' id='word_1_896' title='bbox 2052 5326 2166 5384; x_wconf 65' lang='lat' dir='ltr'><strong>rain</strong></span> <span class='ocrx_word' id='word_1_897' title='bbox 2218 5326 2335 5385; x_wconf 67' lang='lat' dir='ltr'><strong>cera</strong></span> <span class='ocrx_word' id='word_1_898' title='bbox 2404 5331 2602 5382; x_wconf 75' lang='lat' dir='ltr'><strong>uisibile</strong></span> <span class='ocrx_word' id='word_1_899' title='bbox 2657 5344 2731 5380; x_wconf 85' lang='lat' dir='ltr'><strong>os.</strong></span> <span class='ocrx_word' id='word_1_900' title='bbox 2780 5326 2834 5379; x_wconf 92' lang='lat' dir='ltr'><strong>In</strong></span> <span class='ocrx_word' id='word_1_901' title='bbox 2893 5328 3044 5381; x_wconf 87' lang='lat' dir='ltr'><strong>libris</strong></span> <span class='ocrx_word' id='word_1_902' title='bbox 3103 5338 3257 5380; x_wconf 90' lang='lat' dir='ltr'><strong>antea</strong></span> <span class='ocrx_word' id='word_1_903' title='bbox 3314 5328 3474 5381; x_wconf 87' lang='lat' dir='ltr'><strong>editis</strong></span> <span class='ocrx_word' id='word_1_904' title='bbox 3522 5340 3620 5393; x_wconf 86' lang='lat' dir='ltr'><strong>pro</strong></span> 
     </span>
    </p>
   </div>
   <div class='ocr_carea' id='block_1_120' title="bbox 2056 5397 3618 5466">
    <p class='ocr_par' dir='ltr' id='par_1_120' title="bbox 2056 5397 3618 5466">
     <span class='ocr_line' id='line_1_122' title="bbox 2056 5397 3618 5466; baseline -0.002 -14"><span class='ocrx_word' id='word_1_905' title='bbox 2056 5421 2074 5452; x_wconf 88' lang='grc' dir='ltr'><strong>ι</strong></span> <span class='ocrx_word' id='word_1_906' title='bbox 2123 5403 2349 5453; x_wconf 76' lang='lat' dir='ltr'><strong>Itatlnna</strong></span> <span class='ocrx_word' id='word_1_907' title='bbox 2400 5417 2417 5449; x_wconf 72' lang='grc' dir='ltr'><strong>ι</strong></span> <span class='ocrx_word' id='word_1_908' title='bbox 2464 5399 2659 5466; x_wconf 71' lang='lat' dir='ltr'><strong>legitur</strong></span> <span class='ocrx_word' id='word_1_909' title='bbox 2705 5415 2723 5447; x_wconf 88' lang='grc' dir='ltr'><strong>ι</strong></span> <span class='ocrx_word' id='word_1_910' title='bbox 2786 5397 3092 5461; x_wconf 74' lang='lat' dir='ltr'><strong>Ilatlianim,</strong></span> <span class='ocrx_word' id='word_1_911' title='bbox 3140 5416 3157 5448; x_wconf 76' lang='grc' dir='ltr'><strong>ι</strong></span> <span class='ocrx_word' id='word_1_912' title='bbox 3212 5398 3302 5451; x_wconf 86' lang='lat' dir='ltr'><strong>sed</strong></span> <span class='ocrx_word' id='word_1_913' title='bbox 3337 5398 3389 5450; x_wconf 86' lang='lat' dir='ltr'><strong>in</strong></span> <span class='ocrx_word' id='word_1_914' title='bbox 3433 5399 3618 5450; x_wconf 78' lang='lat' dir='ltr'><strong>codice</strong></span> 
     </span>
    </p>
   </div>
   <div class='ocr_carea' id='block_1_121' title="bbox 2050 5468 3611 5535">
    <p class='ocr_par' dir='ltr' id='par_1_121' title="bbox 2050 5468 3611 5535">
     <span class='ocr_line' id='line_1_123' title="bbox 2050 5468 3611 5535; baseline -0.002 -15"><span class='ocrx_word' id='word_1_915' title='bbox 2050 5470 2352 5525; x_wconf 85' lang='lat' dir='ltr'><strong>Turonensi</strong></span> <span class='ocrx_word' id='word_1_916' title='bbox 2390 5488 2407 5518; x_wconf 87' lang='grc' dir='ltr'><strong>ι</strong></span> <span class='ocrx_word' id='word_1_917' title='bbox 2443 5468 2671 5520; x_wconf 69' lang='grc' dir='ltr'><strong>Ιζειιιιιιιιι</strong></span> <span class='ocrx_word' id='word_1_918' title='bbox 2707 5488 2718 5519; x_wconf 89' lang='grc'>;</span> <span class='ocrx_word' id='word_1_919' title='bbox 2754 5488 2770 5520; x_wconf 76' lang='grc' dir='ltr'><strong>ι</strong></span> <span class='ocrx_word' id='word_1_920' title='bbox 2805 5468 2945 5535; x_wconf 85' lang='lat' dir='ltr'><strong>quod</strong></span> <span class='ocrx_word' id='word_1_921' title='bbox 2978 5487 2995 5518; x_wconf 80' lang='grc' dir='ltr'><strong>ι</strong></span> <span class='ocrx_word' id='word_1_922' title='bbox 3030 5470 3161 5518; x_wconf 72' lang='lat' dir='ltr'><strong>visio</strong></span> <span class='ocrx_word' id='word_1_923' title='bbox 3192 5480 3563 5521; x_wconf 81' lang='lat' dir='ltr'><strong>consummata</strong></span> <span class='ocrx_word' id='word_1_924' title='bbox 3590 5483 3611 5523; x_wconf 70' lang='grc' dir='ltr'><strong>ι</strong></span> 
     </span>
    </p>
   </div>
   <div class='ocr_carea' id='block_1_122' title="bbox 2050 5537 3618 5608">
    <p class='ocr_par' dir='ltr' id='par_1_122' title="bbox 2050 5537 3618 5608">
     <span class='ocr_line' id='line_1_124' title="bbox 2050 5537 3618 5608; baseline -0.001 -17"><span class='ocrx_word' id='word_1_925' title='bbox 2050 5543 2153 5593; x_wconf 84' lang='lat' dir='ltr'><strong>dici</strong></span> <span class='ocrx_word' id='word_1_926' title='bbox 2197 5550 2369 5608; x_wconf 82' lang='lat' dir='ltr'><strong>potest</strong></span> <span class='ocrx_word' id='word_1_927' title='bbox 2414 5558 2439 5589; x_wconf 90' lang='lat' dir='ltr'><strong>a</strong></span> <span class='ocrx_word' id='word_1_928' title='bbox 2476 5550 2595 5597; x_wconf 63' lang='lat' dir='ltr'><strong>mn</strong></span> <span class='ocrx_word' id='word_1_929' title='bbox 2650 5557 2666 5587; x_wconf 87' lang='grc' dir='ltr'><strong>ι</strong></span> <span class='ocrx_word' id='word_1_930' title='bbox 2701 5540 2851 5599; x_wconf 86' lang='lat' dir='ltr'><strong>vidit,</strong></span> <span class='ocrx_word' id='word_1_931' title='bbox 2886 5551 2974 5589; x_wconf 67' lang='lat' dir='ltr'><strong>iet</strong></span> <span class='ocrx_word' id='word_1_932' title='bbox 3001 5549 3137 5596; x_wconf 57' lang='grc' dir='ltr'><strong>εει-ι</strong></span> <span class='ocrx_word' id='word_1_933' title='bbox 3178 5557 3196 5589; x_wconf 79' lang='grc' dir='ltr'><strong>ι</strong></span> <span class='ocrx_word' id='word_1_934' title='bbox 3231 5537 3454 5603; x_wconf 85' lang='lat' dir='ltr'><strong>absolvi,</strong></span> <span class='ocrx_word' id='word_1_935' title='bbox 3496 5551 3618 5603; x_wconf 56' lang='lat' dir='ltr'><strong>pere</strong></span> 
     </span>
    </p>
   </div>
   <div class='ocr_carea' id='block_1_123' title="bbox 2052 5609 3617 5664">
    <p class='ocr_par' dir='ltr' id='par_1_123' title="bbox 2052 5609 3617 5664">
     <span class='ocr_line' id='line_1_125' title="bbox 2052 5609 3617 5664; baseline -0.001 -3"><span class='ocrx_word' id='word_1_936' title='bbox 2052 5610 2157 5662; x_wconf 82' lang='lat' dir='ltr'><strong>iici.</strong></span> <span class='ocrx_word' id='word_1_937' title='bbox 2200 5629 2216 5660; x_wconf 74' lang='grc' dir='ltr'><strong>ι</strong></span> <span class='ocrx_word' id='word_1_938' title='bbox 2251 5610 2509 5661; x_wconf 80' lang='lat' dir='ltr'><strong>Similiter</strong></span> <span class='ocrx_word' id='word_1_939' title='bbox 2553 5609 2784 5659; x_wconf 83' lang='lat' dir='ltr'><strong>Pltarant</strong></span> <span class='ocrx_word' id='word_1_940' title='bbox 2838 5626 2856 5657; x_wconf 83' lang='grc' dir='ltr'><strong>ι</strong></span> <span class='ocrx_word' id='word_1_941' title='bbox 2899 5624 2958 5661; x_wconf 92' lang='lat' dir='ltr'><strong>os</strong></span> <span class='ocrx_word' id='word_1_942' title='bbox 3008 5609 3215 5660; x_wconf 75' lang='lat' dir='ltr'><strong>vistliile</strong></span> <span class='ocrx_word' id='word_1_943' title='bbox 3261 5626 3280 5659; x_wconf 72' lang='grc' dir='ltr'><strong>ι</strong></span> <span class='ocrx_word' id='word_1_944' title='bbox 3324 5610 3532 5661; x_wconf 84' lang='lat' dir='ltr'><strong>dicetur</strong></span> <span class='ocrx_word' id='word_1_945' title='bbox 3584 5622 3617 5664; x_wconf 77' lang='grc' dir='ltr'><strong>ιι</strong></span> 
     </span>
    </p>
   </div>
   <div class='ocr_carea' id='block_1_124' title="bbox 2050 5677 3615 5752">
    <p class='ocr_par' dir='ltr' id='par_1_124' title="bbox 2050 5677 3615 5752">
     <span class='ocr_line' id='line_1_126' title="bbox 2050 5677 3615 5752; baseline -0.002 -21"><span class='ocrx_word' id='word_1_946' title='bbox 2050 5688 2126 5741; x_wconf 69' lang='lat' dir='ltr'><strong>n9</strong></span> <span class='ocrx_word' id='word_1_947' title='bbox 2173 5682 2312 5752; x_wconf 87' lang='lat' dir='ltr'><strong>quod</strong></span> <span class='ocrx_word' id='word_1_948' title='bbox 2346 5688 2424 5732; x_wconf 73' lang='lat' dir='ltr'><strong>cst</strong></span> <span class='ocrx_word' id='word_1_949' title='bbox 2460 5697 2477 5726; x_wconf 77' lang='grc' dir='ltr'><strong>ι</strong></span> <span class='ocrx_word' id='word_1_950' title='bbox 2512 5694 2593 5740; x_wconf 84' lang='lat' dir='ltr'><strong>os,</strong></span> <span class='ocrx_word' id='word_1_951' title='bbox 2630 5678 2761 5745; x_wconf 90' lang='lat' dir='ltr'><strong>oris,</strong></span> <span class='ocrx_word' id='word_1_952' title='bbox 2800 5698 2816 5728; x_wconf 78' lang='grc' dir='ltr'><strong>ι</strong></span> <span class='ocrx_word' id='word_1_953' title='bbox 2864 5689 2918 5733; x_wconf 90' lang='lat' dir='ltr'><strong>et</strong></span> <span class='ocrx_word' id='word_1_954' title='bbox 2958 5694 2986 5731; x_wconf 87' lang='lat' dir='ltr'><strong>a</strong></span> <span class='ocrx_word' id='word_1_955' title='bbox 3026 5689 3144 5739; x_wconf 67' lang='lat' dir='ltr'><strong>nm</strong></span> <span class='ocrx_word' id='word_1_956' title='bbox 3181 5698 3196 5721; x_wconf 68' lang='grc' dir='ltr'><em>ν</em></span> <span class='ocrx_word' id='word_1_957' title='bbox 3234 5680 3379 5743; x_wconf 80' lang='lat' dir='ltr'><strong>vidit,</strong></span> <span class='ocrx_word' id='word_1_958' title='bbox 3413 5698 3430 5730; x_wconf 73' lang='grc' dir='ltr'><strong>ι</strong></span> <span class='ocrx_word' id='word_1_959' title='bbox 3466 5677 3548 5738; x_wconf 79' lang='lat' dir='ltr'><strong>vel</strong></span> <span class='ocrx_word' id='word_1_960' title='bbox 3584 5691 3615 5735; x_wconf 71' lang='grc' dir='ltr'><strong>ιι</strong></span> 
     </span>
    </p>
   </div>
  </div>
