4104 6226
481 250 589 306 τ95

1927 232 2248 293 ORIGENiS

3637 246 3745 304 795

482 370 610 423 licet
659 363 1045 420 incarnationis
1088 362 1248 418 Verbi
1298 361 1424 425 Dei,
1480 360 2050 430 dispensationnmque
2083 362 2123 413 Α
2158 367 2285 405 vero
2330 360 2568 421 00103135
2620 350 2845 402 Ῐη⁴¹ίο³η⁹ί
2885 351 3122 417 Villi-4"“.
3163 364 3217 408 el
3253 360 3395 425 Quod
3447 362 3627 416 anima
3676 382 3745 418 eo

485 460 605 530 ejus
663 458 900 511 rationes
948 454 1159 523 plenius
1213 453 1481 523 altiusque
1512 450 1883 522 cognoscens?
1923 450 2058 503 lline

480 547 593 617 iam
630 548 845 601 venitur
869 547 920 599 in
951 545 1380 613 Remonphares,
1410 542 1551 610 quod
1584 543 1635 595 in
1663 550 1846 596 nostra
1874 540 2055 608 lingua

483 641 689 694 excelsa
716 634 1362 707 intercisiodicitur(89),
1396 636 1496 689 hoc
1539 645 1642 697 est,
1694 636 1783 688 ubi
1840 648 2061 702 magna-

486 745 606 785 rum
633 738 685 784 et
708 729 1004 783 caelestium
1050 742 1230 780 rerum
1262 742 1290 778 a
1319 725 1549 779 terrenis
1576 734 1628 778 et
1659 724 1861 777 inlimis
1906 738 2059 790 srpa-

488 823 631 875 ratio
660 820 730 874 sit
772 829 826 875 et
858 818 1469 875 discretio.‘Cresrente
1509 830 1739 882 namque
1786 814 2054 867 intellectu

482 912 699 974 animae,
730 920 783 966 et
812 912 1000 965 notitia
1034 912 1083 963 ei
1124 911 1459 964 excelsorum
1498 907 1789 978 prmbetur,
1825 919 1878 961 et
1914 906 2058 973 judi-

480 1005 624 1059 cium
657 1005 838 1066 datur,
862 1018 971 1071 quo
1010 1003 1147 1056 sciat
1179 1017 1205 1054 a
1237 1000 1622 1069 temporalibus
1650 1009 1850 1052 aeterna
1890 999 2055 1052 inter-

484 1093 686 1158 cidere,
718 1103 771 1146 et
816 1109 843 1145 ιι
878 1094 1153 1161 perpetuis
1198 1093 1398 1146 caduca
1446 1107 1718 1160 separare.
1770 1090 1897 1143 Post
1946 1092 2058 1145 ha-c

488 1183 705 1237 venitur
739 1181 944 1245 Lebna,
1001 1182 1141 1251 quod
1202 1184 1586 1250 interpretatur
1626 1182 1889 1236 dealbatio
1921 1182 2053 1251 (90).

484 1274 616 1327 Scio
650 1274 703 1326 in
732 1272 850 1326 aliis
881 1274 1275 1328 dealbationem
1304 1276 1643 1343 culpabiliter
1671 1274 1813 1343 poni,
1842 1285 1895 1327 ιιι
1933 1290 2054 1328 cum
2103 1318 2110 1326 .

487 1365 685 1435 dicitur
711 1365 888 1433 paries
923 1365 1219 1431 dealbatus,
1250 1376 1304 1420 et
1337 1376 1681 1420 monumenta
1716 1364 1959 1421 dealbata
1992 1367 2051 1419 ¹⁷.

488 1452 593 1506 Sed
622 1454 708 1508 hic
735 1454 1005 1510 dealbatio
1043 1456 1125 1508 illa
1150 1465 1256 1521 est,
1288 1458 1353 1511 de
1375 1473 1480 1526 qua
1511 1459 1640 1511 dicit
1668 1458 1937 1528 Propheta
1973 1460 2053 1512 ‘3:

488 1564 507 1596 ι
545 1544 775 1599 Lavabis
800 1562 904 1610 me,
937 1556 992 1601 et
1025 1563 1186 1615 super
1220 1549 1396 1603 nivem
1452 1550 1760 1604 dealhabor.
1810 1569 1827 1600 ι
1867 1550 1927 1604 Et
1959 1552 2059 1605 ite-

484 1655 602 1691 rum
656 1638 819 1693 Isaias
868 1639 909 1671 ¹⁹
955 1656 968 1692 :
1011 1658 1027 1689 ι
1071 1638 1128 1693 Si
1171 1640 1370 1693 fuerint
1432 1651 1652 1709 peccata
1703 1652 1879 1695 vestra
1915 1644 2055 1697 sicut

477 1731 833 1797 pltmnicium,
869 1741 925 1785 ut
957 1733 1132 1786 nivem
1166 1734 1447 1797 dealbabo,
1494 1744 1548 1788 et
1603 1744 1660 1787 ut
1717 1735 1888 1787 lanam
1923 1752 2053 1787 can—

480 1822 601 1874 dida
654 1822 764 1892 (91)
816 1822 1059 1877 eﬂieiam.
1117 1844 1135 1875 ι
1188 1823 1318 1878 Item
1376 1826 1427 1878 in
1489 1826 1772 1880 l‘salmo'o
1810 1844 1823 1881 :
1865 1844 1883 1877 ι
1925 1826 2056 1880 Nive

480 1914 873 1969 dealhabuntur
918 1917 969 1971 in
1021 1917 1257 1971 Selmon.
1298 1938 1315 1969 ι
1357 1919 1419 1972 Et
1452 1919 1657 1991 Vetustj
1709 1919 1913 1974 dierum
1969 1937 2055 1973 ca.

478 2004 590 2072 pilli
616 2003 867 2058 dicuntur
908 2021 1028 2059 esse
1052 2007 1290 2070 candidi,
1328 2008 1377 2060 id
1412 2018 1513 2070 est,
1545 2008 1648 2061 albi
1676 2008 1815 2062 sicut
1842 2009 1963 2062 lana
1983 2010 2050 2063 ¹¹.

478 2092 571 2147 Sic
612 2094 773 2162 igitur
804 2094 1073 2150 dealhatio
1110 2098 1220 2151 haec
1276 2112 1341 2151 ex
1386 2097 1675 2167 splendore
1723 2115 1863 2152 verte
1917 2100 2054 2151 lucis

476 2186 662 2239 venire
704 2185 1050 2256 intelligenda
1082 2196 1185 2249 est,
1223 2198 1277 2242 et
1319 2204 1385 2241 ex
1422 2191 1694 2245 visionum
1747 2191 2050 2245 etnlestium

478 2276 722 2331 claritate
746 2278 1094 2334 descendere.
1117 2278 1243 2334 Posr
1270 2280 1381 2335 haec
1414 2282 1625 2336 mansio
1652 2283 1710 2335 lit
1745 2283 1796 2336 in
1828 2284 1995 2337 Ressa
2036 2302 2048 2337 :

470 2367 617 2435 quod
655 2368 792 2433 apud
848 2383 945 2422 nos
980 2369 1081 2422 dici
1115 2378 1291 2437 potest
1345 2373 1562 2426 visibilis
1607 2374 1721 2427 sive
1764 2375 2050 2429 laudabilis

479 2460 702 2514 tentatio‘
736 2458 869 2530 (92).
904 2461 1045 2526 Quid
1081 2472 1164 2515 est
1197 2463 1316 2526 hoc,
1361 2465 1500 2532 quod
1539 2465 1782 2534 quamvis
1818 2466 2052 2535 grandes

480 2555 678 2607 haheat
713 2553 891 2607 anima
933 2555 1226 2623 profectus,
1275 2565 1451 2611 tamen
1506 2560 1828 2613 tentationes
1876 2559 1943 2613 ab
1988 2576 2050 2615 ea

480 2661 585 2698 ron
630 2645 987 2700 auferuntur?
1023 2644 1175 2701 Unde
1204 2660 1426 2716 apparet
1451 2649 1601 2717 quia,
1642 2650 1782 2703 velut
1809 2653 2049 2705 custodia

475 2738 719 2802 ιιιιεριιςιιιι
781 2746 834 2789 ει
879 2737 1179 2803 munimen,
1212 2737 1259 2791 ei
1327 2738 1652 2794 tentatioues
1700 2741 2046 2797 adhibentur.

478 2824 633 2878 Sicut
671 2827 811 2880 enim
843 2842 970 2881 caro
1000 2828 1042 2881 si
1081 2827 1193 2882 sale
1244 2844 1349 2882 non
1402 2840 1753 2899 aspergatur,
1800 2834 2049 2899 quamvis

475 2918 547 2970 sit
578 2934 767 2985 magna
798 2930 851 2973 et
882 2920 1172 2989 prrecipua,
1196 2924 1563 2989 corrumpitur
1603 2939 1618 2976 :
1661 2925 1733 2977 ita
1772 2935 1827 2979 et
1870 2925 2048 2978 anima

2164 457 2333 512 usque
2362 441 2679 510 profecerit,
2712 450 2765 494 ut
2801 443 3113 499 dominetur
3143 451 3384 519 corpori,
3425 463 3483 507 et
3538 455 3649 525 ipsa
3688 459 3739 511 in

2162 535 2290 587 illud
2323 535 2525 603 virgam
2573 536 2857 602 potestatis
2903 537 3198 605 obtineat;
3264 543 3372 597 imo
3415 561 3521 599 non
3566 549 3737 603 solum

2159 623 2394 692 corpmi,
2446 624 2539 679 sed
2594 634 2647 679 et
2688 624 2939 681 universo
3000 630 3233 695 mundo,
3279 617 3403 689 cum
3462 638 3593 693 dicit
3631 642 3675 672 “
3721 661 3734 697 :

2166 736 2183 767 t
2225 717 2349 771 Mihi
2378 728 2555 771 autent
2590 720 2819 772 mttndus
2858 724 3155 776 crucifixus
3186 738 3288 792 est,
3333 740 3388 783 et
3447 748 3546 800 ego
3582 750 3738 787 mun-

2162 812 2305 887 do.)
2345 808 2474 862 Inde
2508 812 2721 863 venitur
2750 812 2800 863 in
2841 824 3079 866 tnontem
3117 816 3347 885 Sepltar,
3378 824 3518 891 quod
3545 828 3735 878 tubici—

2162 901 2307 953 natio
2337 900 2637 969 appellatur
2666 901 2799 971 (94).
2838 902 2988 957 Tuba
3017 908 3233 975 signum
3267 913 3391 966 belli
3432 925 3533 968 est.
3566 916 3737 986 Igitur

2162 991 2249 1043 ubi
2286 1006 2346 1043 se
2380 992 2544 1046 tantis
2577 1007 2640 1045 ac
2670 993 2866 1047 talibus
2900 996 3194 1055 virtutibus
3238 1005 3415 1057 anima
3446 1008 3603 1061 sentit
3641 1023 3735 1063 ar-

2163 1092 2385 1146 matam,
2419 1085 2728 1138 necessario
2760 1088 3009 1153 procedit
3044 1092 3111 1144 ad
3146 1094 3365 1160 bellum,
3400 1099 3539 1166 quod
3575 1110 3652 1154 est
3677 1101 3728 1154 ei

2161 1173 2420 1226 adversus
2477 1175 2840 1243 principatus,
2894 1188 2950 1231 et
2995 1190 3308 1251 potestates,
3359 1196 3413 1241 et
3449 1189 3727 1243 adversum

2161 1262 2344 1313 tnundi
2382 1273 2659 1316 rectores:
2692 1265 2775 1317 vel
2806 1276 2955 1322 certe
2988 1270 3107 1323 tuba
3140 1274 3285 1328 canit
3314 1276 3367 1329 in
3416 1279 3583 1333 verbo
3612 1282 3729 1344 Dei,

2162 1355 2556 1421 prazdicatiOnis
2584 1357 2793 1410 scilicet
2822 1370 2870 1412 et
2898 1361 3167 1426 doctrinm,
3199 1375 3255 1417 ut
3288 1367 3380 1419 det
3416 1369 3731 1438 significan-

2164 1454 2267 1498 tem
2305 1461 2493 1500 vocem
2532 1462 2627 1517 per
2658 1451 2863 1514 tubam,
2910 1460 2964 1504 ιιι
2997 1454 3083 1520 qui
3122 1457 3375 1519 audierit,
3414 1475 3724 1527 pra‘parare

2160 1553 2218 1591 se
2252 1538 2420 1606 possit
2447 1540 2511 1591 ad
2542 1539 2759 1596 bellum.
2792 1541 2918 1595 Post
2943 1543 3052 1596 hac
3076 1547 3282 1599 venitur
3310 1563 3473 1617 super
3503 1551 3713 1606 Chara-

2161 1630 2312 1694 dath,
2346 1631 2485 1698 quod
2536 1632 2586 1684 in
2638 1642 2824 1687 nostra
2867 1633 3031 1703 382
3073 1634 3246 1705 lingua
3291 1651 3444 1693 sonat
3490 1643 3711 1699 idoneus

2159 1721 2371 1788 e/fectus
2390 1722 2501 1792 (93)
2532 1739 2543 1775 :
2574 1723 2818 1791 profecto
2845 1734 2901 1777 ut
2924 1735 2978 1778 et
3008 1726 3119 1794 ipse
3144 1726 3281 1781 dicat
3302 1732 3370 1795 “,
3398 1735 3517 1800 quia
3553 1755 3570 1785 ι
3598 1736 3714 1788 ido-

2159 1832 2289 1870 neos
2328 1834 2424 1872 nos
2482 1818 2611 1873 fecit
2654 1821 2935 1876 ministros
2970 1822 3094 1875 novi
3155 1828 3479 1880 testamenti.
3536 1847 3554 1879 ι
3589 1830 3714 1883 Inde

2159 1909 2363 1962 mansio
2391 1909 2619 1963 habetur
2641 1911 2779 1980 apud
2821 1910 3106 1981 Maceloth,
3140 1917 3284 1984 quod
3338 1918 3722 1987 interpretatur

2156 1999 2219 2051 ab
2247 2000 2397 2054 initio
2425 1999 2559 2070 (9G).
2582 2001 2995 2071 Coutemplatur
3021 2021 3255 2075 namque
3275 2008 3363 2076 qui
3398 2007 3463 2060 ad
3488 2020 3727 2062 contem-

2156 2091 2446 2160 plationem
2476 2094 2661 2157 tendit,
2696 2094 2904 2147 initium
2943 2111 3141 2160 rerum,
3178 2099 3283 2151 imo
3329 2099 3506 2167 potius
3537 2112 3726 2154 cuncta

2155 2184 2217 2234 ad
2254 2197 2375 2235 eum
2405 2183 2590 2249 refert,
2624 2186 2715 2253 qui
2755 2195 2871 2241 erat
2926 2187 2977 2240 in
3023 2188 3312 2257 principio,
3362 2204 3461 2244 nec
3507 2190 3574 2244 ab
3625 2192 3727 2245 isto

2157 2273 2308 2326 initio
2341 2272 2628 2342 aliquando
2677 2276 2929 2331 discedit.
2980 2278 3104 2333 Post
3152 2280 3268 2335 haec
3299 2278 3359 2334 fit
3408 2280 3618 2333 mansio
3673 2282 3724 2332 in

2152 2363 2342 2428 Caath,
2388 2366 2529 2434 quod
2556 2375 2640 2419 est
2673 2367 3003 2435 conﬁrmatio
3039 2369 3119 2422 vel
3162 2370 3421 2437 patientia
3459 2370 3593 2439 (97).
3624 2369 3725 2422 Ne-

2153 2472 2309 2512 cesse
2346 2466 2429 2511 est
2467 2456 2610 2511 enim
2659 2472 2783 2511 eum
2814 2459 2905 2528 qui
2936 2460 3046 2513 vult
3072 2461 3235 2513 etiam
3270 2460 3395 2515 aliis
3447 2462 3723 2528 prodesse.

2155 2549 2320 2601 multa
2352 2549 2482 2617 pati,
2508 2556 2562 2602 et
2592 2558 2784 2603 cuncta
2812 2548 2954 2604 ferre
2986 2551 3269 2619 patienter,
3301 2552 3441 2605 sicut
3466 2552 3531 2605 de
3556 2550 3725 2605 Paulo

2153 2641 2352 2694 dictum
2378 2641 2523 2697 est"
2553 2660 2565 2696 :
2599 2659 2617 2692 ι
2652 2641 2758 2709 Ego
2786 2641 2930 2696 enim
2949 2642 3228 2696 ostendam
3255 2644 3306 2697 ei
3330 2652 3533 2711 quanta
3555 2658 3717 2710 opor-

2154 2743 2265 2787 teat
2300 2748 2420 2787 eum
2470 2748 2569 2803 pro
2602 2734 2819 2789 nomine
2865 2733 2975 2802 pati
3036 2748 3178 2788 meo.
3243 2754 3261 2787 ι
3313 2733 3438 2788 Inde
3503 2734 3717 2789 venitur

2152 2825 2365 2890 Thara,
2425 2826 2567 2895 quod
2622 2826 2761 2893 apud
2826 2841 2926 2881 nos
2976 2825 3292 2895 intelligitur
3336 2826 3708 2893 contemplatio

2150 2920 2375 2986 stuporis
2402 2919 2535 2989 (98).
2569 2917 2684 2973 Non
2714 2933 3001 2988 possumus
3059 2920 3113 2973 in
3159 2919 3348 2974 Latina
3383 2920 3562 2989 lingua
3617 2936 3725 2975 uno

476 3010 581 3063 nisi
630 3013 1021 3066 tentationibus
1065 3013 1297 3069 assiduis
1348 3015 1748 3083 quodammodo
1800 3017 2045 3082 saltatur,
2075 3029 2115 3085 α
2150 3028 2403 3068 sermone
2423 3014 2727 3082 exprimere
2752 3012 2974 3067 verbum
2992 3013 3261 3079 Graecum,
3282 3014 3512 3083 quodilli
3532 3016 3724 3069 ἐκστα-

475 3102 734 3155 continuo
805 3103 1091 3158 resolvitur
1152 3120 1216 3160 ac
1271 3106 1561 3160 relaxatur.
1629 3107 1783 3162 Unde
1833 3119 2045 3163 constat

475 3201 693 3259 propter
737 3193 839 3249 hoc
893 3195 1093 3249 dictum
1143 3211 1283 3263 esse,
1323 3198 1464 3267 quod
1512 3214 1669 3253 omne
1710 3200 2040 3254 sacrificium

468 3285 587 3338 sale
616 3285 836 3339 salietur
862 3289 929 3341 “.
959 3286 1086 3341 lude
1115 3288 1347 3357 denique
1373 3300 1455 3343 est
1478 3292 1621 3356 quod
1648 3300 1701 3344 et
1731 3289 1929 3346 Paulus
1964 3291 2045 3345 di-

473 3375 694 3429 cebat"
731 3394 744 3430 :
784 3395 801 3427 ι
842 3377 907 3431 Ει
940 3393 1003 3433 ex
1035 3378 1364 3432 sublimitate
1400 3380 1789 3433 revelatiunum
1834 3397 1903 3434 ne
1950 3396 2047 3434 ex-

474 3466 651 3532 tollar,
678 3467 835 3523 datus
857 3477 940 3524 est
969 3471 1097 3523 mihi
1142 3470 1394 3525 stimulus
1436 3472 1617 3525 carnis
1644 3485 1776 3524 mea:
1819 3471 2043 3541 angelus

474 3556 710 3622 Sataute,
752 3560 843 3628 qui
877 3575 961 3614 me
987 3560 1307 3630 colaphizet.
1337 3582 1355 3613 ι
1385 3561 1507 3616 llaec
1536 3577 1664 3631 ergo
1689 3572 1772 3616 est
1796 3565 2042 3628 visibilis,

472 3648 557 3703 vel
589 3649 871 3705 laudabilis
904 3653 1147 3706 tentatio.
1181 3652 1254 3705 Ex
1290 3654 1390 3706 hac
1415 3653 1629 3706 venitur
1656 3652 1720 3705 ad
1753 3652 2043 3718 Macelath,

416 3752 420 3757 ’
473 3744 616 3809 quod
675 3751 756 3796 est
801 3745 1147 3812 principatus,
1193 3743 1273 3797 vel
1316 3745 1462 3815 virga
1510 3744 1651 3816 (93).
1689 3746 1765 3799 Ex
1818 3755 2046 3815 utroque

546 3881 586 3912 ¹⁷
613 3879 805 3935 Matth.
847 3882 1115 3948 xxttt,‘27.
1215 3882 1255 3911 ¹¹¹
1279 3880 1419 3937 Psal.
1454 3897 1526 3945 LI,
1566 3881 1616 3935 7.
1700 3882 1738 3911 ¹⁹
1768 3881 1867 3935 Isa.
1904 3898 1940 3944 ι,
1970 3881 2051 3935 18.

471 3948 520 3982 ’⁸
546 3950 589 4005 ll
614 3950 737 4005 Cor.
778 3967 874 4017 χιι,
907 3953 959 4007 7.
1039 3953 1083 3981 ’δ
1114 3949 1233 4005 Gal.
1270 3966 1341 4015 vt,
1371 3952 1456 4005 14.
1535 3952 1579 3982 ’⁸
1614 3951 1652 4003 ll
1678 3952 1802 4006 Cor.
1832 3968 1910 4017 ιιι,
1936 3956 1987 4005 ti.

471 4073 581 4123 ah
617 4082 634 4115 ι
673 4063 839 4116 altum
888 4079 1037 4123 esse,
1073 4082 1090 4114 ι
1127 4063 1382 4131 quoniam
1414 4063 1554 4132 quod
1591 4063 1886 4128 excelsum,
1919 4079 2045 4118 con-

473 4136 718 4202 spicuum
753 4140 837 4185 est
875 4133 1186 4202 etvisibile.

547 4201 657 4269 (89)
700 4200 1255 4269 liemonpltares,quod
1301 4200 1354 4252 in
1394 4213 1570 4253 nostra
1624 4200 1802 4269 lingua
1834 4204 2039 4257 excelsa

477 4272 1012 4356 iutercisiondicitur.
1063 4273 1105 4325 A
1153 4280 1257 4331 ΕΠ
1306 4288 1325 4322 ι
1364 4270 1529 4325 altum
1576 4287 1713 4335 esse,
1753 4291 1771 4323 ι
1820 4284 1874 4331 ει
1916 4282 2039 4356 ’γ’Ἵὲ

479 4359 498 4391 ι
546 4345 704 4408 rttpit,
735 4342 985 4410 disrupit.
1027 4363 1047 4393 ο

547 4412 660 4482 (90)
697 4411 892 4473 Lebna,
925 4416 1065 4482 quod
1108 4416 1483 4481 interpretatur
1531 4411 1815 4465 dealbatio.
1870 4411 2042 4467 Radix

474 4510 558 4556 est
595 4486 688 4586 τὺ
725 4520 743 4553 ι
785 4502 1084 4564 albescere.
1112 4502 1383 4586 dealbare.
1413 4522 1431 4553 ι

475 4654 508 4709 d
550 4583 663 4656 (at)
708 4587 859 4651 Mss,
905 4604 922 4637 ι
991 4586 1241 4641 candida.
1295 4605 1313 4638 ι
1371 4584 1527 4639 Liblt.
1570 4583 1725 4650 editi,
1789 4602 1805 4634 ι
1858 4585 2049 4639 canat.

516 4672 621 4709 am.
676 4675 694 4707 ι

516 4672 621 4711 am.
676 4675 694 4707 ι

549 4727 663 4794 (92)
717 4726 903 4792 Ressa,
954 4726 1093 4789 quod
1148 4725 1286 4791 apud
1332 4741 1425 4776 nos
1474 4725 1577 4777 dici
1618 4732 1788 4793 potest
1830 4724 2048 4777 visibilis

475 4796 583 4850 sive
626 4798 910 4850 laudabilis
962 4794 1202 4847 tentatio.
1249 4796 1289 4846 A
1342 4806 1461 4851 nam
1518 4814 1535 4844 ι
1578 4796 1728 4859 vidit,
1766 4814 1783 4846 ι
1845 4803 1899 4848 ει
1944 4805 2047 4853 TD:

473 4866 618 4936 quod
651 4868 703 4920 in
731 4866 845 4920 Pili.
875 4874 1053 4928 sonat,
1082 4883 1102 4914 ι
1150 4866 1394 4936 tentavit,
1426 4865 1693 4931 probavit.
1743 4884 1761 4918 ι

548 4937 659 5006 (95)
703 4936 991 4997 ΜασειαιΙι,
1043 4935 1181 5004 quod
1235 4946 1307 4989 est
1340 4935 1690 5006 principatus
1742 4934 1818 4987 vel
1874 4934 2044 5002 virga.

470 4987 1255 5091 ﬁvest—rbaculus,’virga.
1296 4987 1395 5059 tlit
1444 4987 1664 5058 Hebraeo
1710 4987 1888 5057 autem
1942 4987 2046 5057 ιῖοιι

475 5080 674 5155 Iégitnr
707 5107 727 5142 ι
760 5080 1043 5151 Macelatli.
1081 5109 1100 5143 ι
1138 5091 1231 5145 sed
1272 5108 1289 5141 ι
1320 5089 1645 5161 Cheltelath,
1691 5106 1709 5138 ι
1737 5088 1879 5157 quod
1909 5086 2046 5141 verti

476 5169 653 5231 potest
703 5179 731 5231 ε
763 5164 1122 5231 congregatio.
1162 5180 1180 5212 ι

549 5228 660 5298 (94)
697 5226 930 5299 Sephar,
964 5226 1120 5299 'quud
1172 5230 1477 5284 tubicinatio
1532 5226 1847 5297 appellatur.
1893 5234 2049 5287 -ιεπω

476 5308 555 5352 est
588 5319 604 5349 ι
649 5302 897 5363 buccina,
923 5304 1070 5355 tuba.
1108 5320 1126 5353 ι

548 5369 660 5441 (95)
678 5370 1022 5445 __Cltaratl_r_ttlt,
1058 5370 1197 5440 quod
1232 5370 1285 5422 in
1319 5379 1496 5421 nostra
1522 5370 1702 5445 lingua
1743 5379 1894 5419 sonut
1929 5366 2047 5445 ido-

477 5456 603 5493 neus
630 5442 863 5510 electus.
890 5441 1068 5494 [latret
1097 5456 1256 5508 aqua.
1291 5448 1405 5510 T"t_I"I
1446 5444 1587 5491 enim
1617 5454 1646 5492 a
1686 5452 1791 5510 quo
1818 5441 2045 5510 omnino

474 5505 829 5564 deriva'ndum
858 5505 1286 5565 videturnomen
1340 5508 1668 5571 Charadath,
1718 5507 1850 5561 nihil
1897 5505 2043 5558 aliud

474 5589 653 5643 sonat,
688 5596 871 5646 quam,
904 5599 923 5631 ι
960 5581 1200 5643 tremuit,
1232 5579 1494 5635 sollicitus
1521 5580 1639 5631 fuit.

543 5648 661 5720 (9'6)
695 5645 973 5717 Macelotlt,
994 5651 1132 5719 quod
1166 5654 1533 5721 interpretatur
1561 5650 1622 5703 ub
1653 5649 1821 5703 initio.
1854 5645 2041 5717 Suspi-

2143 3882 2187 3911 ³ο
2214 3880 2355 3935 Psal.
2386 3897 2571 3946 vant,
2599 3880 2686 3935 14.

2088 3952 2133 3983 ’⁸
2162 3953 2283 4007 Act.
2322 3967 2397 4016 Ix,
2429 3951 2512 4005 16.

2157 3122 2240 3157 σιν
2268 3115 2483 3168 vocant,
2515 3105 2566 3158 id
2598 3111 2702 3169 est,
2736 3119 2857 3158 cum
2884 3119 2982 3173 pro
3008 3104 3239 3171 alicujus
3275 3122 3483 3176 magna:
3511 3108 3587 3162 rei
3622 3109 3720 3160 ad-

2156 3194 2443 3249 miratione
2470 3193 2802 3262 obstupescit
2832 3194 3061 3249 animus.
3114 3194 3227 3249 Hoc
3269 3205 3354 3250 est
3406 3211 3533 3265 ergo
3558 3198 3718 3267 -quo.l

2153 3286 2282 3340 dicit
2306 3285 2688 3354 contemplatio
2722 3286 2980 3354 stuporis,
3023 3299 3145 3340 cum
3196 3286 3251 3340 in
3303 3286 3578 3355 agnitione
3611 3304 3725 3340 ma-

2150 3393 2377 3447 gnarum
2396 3388 2454 3433 et
2478 3378 2871 3432 admirabilium
2896 3394 3072 3433 rerum
3097 3393 3249 3433 mens
3278 3380 3505 3433 attonita
3525 3389 3719 3448 stupet.

2152 3469 2279 3524 Post
2312 3469 2426 3524 hare
2475 3470 2688 3523 venitur
2725 3474 2790 3524 ad
2832 3469 3102 3534 Matheca,
3144 3472 3287 3539 quod
3335 3470 3725 3539 interpretatur

2152 3577 2291 3615 mors
2320 3577 2452 3614 nova
2482 3560 2613 3631 (99).
2641 3562 2769 3627 Qua:
2794 3570 2879 3617 est
2905 3577 3041 3616 nova
3070 3563 3251 3617 mors?
3272 3563 3485 3631 quando
3506 3561 3723 3616 Christo

2153 3653 2543 3707 commorimur
2572 3664 2628 3709 ut
2656 3664 2712 3708 et
2743 3655 3094 3709 convivamus
3118 3655 3190 3709 ei.
3224 3655 3348 3709 Inde
3380 3655 3598 3709 Asenna
3632 3670 3724 3709 ve-

2154 3746 2320 3809 nitur,
2353 3748 2495 3815 quod
2527 3763 2584 3800 os
2621 3746 2703 3802 vel
2745 3764 2863 3800 ossa
2896 3747 3203 3816 signiﬁcare
3240 3746 3441 3801 dicitur
3474 3748 3574 3817 (l).
3610 3746 3724 3800 Vir-

2795 3881 2835 3912 ²¹
2873 3881 3109 3945 Dan.vn,
3143 3881 3195 3935 9.
3273 3882 3316 3912 ²¹
3340 3881 3510 3936 Levit.
3541 3899 3597 3949 ιι,
3635 3883 3717 3937 l3.

2149 4078 2248 4119 cor
2300 4062 2728 4151 etxtnologistant
2776 4078 2873 4132 pro
2922 4049 3127 4151 n‘mpt:
3173 4082 3192 4116 ι
3234 4065 3534 4121 Macheloth
3581 4088 3600 4121 ι
3647 4070 3720 4125 le-

2148 4150 2290 4217 gisse
2331 4133 2536 4209 n‘mnn
2569 4148 2710 4216 quod
2750 4159 2896 4203 recte
2940 4133 3073 4203 verii
3112 4159 3287 4217 potest
3330 4168 3349 4201 ι
3384 4152 3451 4205 ab
3480 4153 3651 4208 initio.
3694 4174 3712 4207 I

2145 4215 2299 4290 ξιιπιιπ
2340 4233 2479 4285 enim
2507 4215 2592 4285 est
2629 4250 2647 4283 ι
2692 4231 3038 4299 principium.
3064 4215 3295 4285 initium.
3332 4253 3350 4282 ι

2076 4339 2119 4394 D
2220 4302 2329 4371 (97)
2379 4300 2570 4363 Caath,
2604 4301 2742 4371 quod
2781 4312 2854 4354 est
2890 4303 3221 4369 conﬁrmatio
3257 4303 3332 4355 vel
3350 4303 3627 4370 patientia.
3662 4307 3714 4358 ltt

2149 4370 2371 4424 Ilehrteo
2411 4371 2604 4424 lenitur
2650 4381 2773 4424 nnn
2828 4390 2845 4421 ι
2877 4370 3141 4424 Tachath.
3176 4390 3195 4423 ›
3227 4374 3376 4424 Anud
3420 4372 3560 4424 LXX
3609 4375 3714 4424 Κα-

2197 4374 2371 4425 ehrteo
2411 4371 2604 4438 legitur
2650 4381 2773 4429 rm
2828 4390 2845 4421 ι
2877 4370 3141 4424 Tachath.
3176 4390 3195 4423 ›
3227 4374 3376 4437 Apud
3420 4372 3560 4426 LXX
3609 4375 3717 4428 Ka-

2151 4440 2307 4494 ταάθ.
2348 4442 2606 4514 Nimirtnn
2664 4456 2757 4514 pro
2804 4450 2966 4514 nun:
3023 4458 3041 4491 ι
3093 4442 3143 4493 in
3210 4442 3451 4495 Taehath
3488 4462 3507 4495 ι
3573 4443 3718 4514 lege.-

2152 4520 2277 4565 runt
2319 4521 2475 4569 nam
2516 4510 2762 4565 Καταάθ.
2824 4512 3153 4579 Quocunque
3208 4520 3384 4563 autem
3428 4515 3588 4564 modo
3627 4510 3714 4567 le-

2150 4590 2329 4650 gatur,
2359 4598 2462 4632 non
2498 4582 2650 4635 video
2684 4581 2827 4650 unde
2876 4582 2992 4632 erui
3049 4582 3215 4647 possit
3252 4599 3269 4630 ι
3308 4582 3648 4635 continuatio
3691 4604 3711 4635 ι

2150 4649 2236 4702 vel
2267 4668 2284 4701 ι
2317 4651 2593 4721 patientia.
2633 4669 2651 4703 ι
2689 4649 2956 4721 Caeterum
3002 4666 3105 4702 vox
3144 4668 3162 4700 ι
3201 4650 3378 4721 caath
3406 4669 3424 4702 ι
3462 4666 3717 4721 corrupta

2150 4730 2255 4841 eslt,
2300 4730 2353 4773 ει
2399 4720 2609 4790 legend.
2664 4738 2681 4771 t
2718 4720 2944 4773 Cataath
2990 4739 3007 4771 ι
3054 4734 3175 4772 cum
3245 4718 3384 4772 LXX
3447 4718 3717 4791 interpre-

2152 4798 2189 4841 ιι
2216 4806 2313 4841 ius.

2152 4798 2313 4842 tibus.

2222 4860 2333 4928 (98)
2369 4859 2563 4921 Tltara,
2610 4860 2750 4927 quod
2801 4859 2941 4925 apud
2996 4875 3089 4910 nos
3138 4859 3451 4927 intelligitur
3486 4872 3720 4914 contem-

2148 4929 2311 4997 platio
2339 4930 2589 4996 stuporis.
2619 4928 2837 4997 Aliquot
2876 4944 3002 4981 mss.
3032 4928 3249 4991 habent,
3306 4947 3322 4977 ι
3383 4934 3720 4998 contempla-

2152 4999 2223 5051 tio
2266 5006 2513 5067 stupens;
2553 5018 2570 5050 ι
2606 5012 2635 5049 a
2668 5001 2832 5053 verbo
2867 5007 2973 5059 am
3008 5017 3025 5049 ι
3063 4998 3380 5066 exploravit,
3412 5018 3430 5051 ι
3464 5011 3517 5054 ει
3555 5003 3720 5055 inter-

2143 5067 2378 5137 jcctione
2410 5079 2528 5127 ΠΠκ
2567 5088 2584 5120 ι
2617 5069 2713 5123 altl
2749 5088 2767 5120 ι

2220 5137 2329 5207 (99)
2389 5138 2654 5201 Mat/tem,
2722 5138 2864 5207 quod
2928 5138 3300 5205 interpretatur
3348 5155 3486 5191 mors
3561 5156 3714 5192 nova.

2150 5206 2292 5261 Mors
2327 5210 2541 5277 quidem
2575 5206 2833 5262 llebraice
2864 5207 3061 5260 dicitur
3097 5217 3231 5271 mm,
3258 5208 3348 5260 sed
3382 5224 3600 5274 prorsus
3633 5226 3718 5262 tne

2147 5277 2281 5329 latet
2328 5279 2596 5359 quomodo
2645 5293 2900 5361 exnvoee
2950 5277 3209 5361 llettrra'i‘ca
3257 5288 3434 5361 nan
3493 5296 3510 5327 ι
3573 5294 3719 5332 mors

2148 5362 2283 5401 nova
2322 5345 2490 5401 rerui
2516 5358 2695 5416 queat.
2725 5346 2939 5411 Melius,
2975 5350 3026 5399 ni
3060 5345 3232 5408 fallor,
3265 5345 3491 5401 a'vet'bn
3544 5357 3715 5431 Prin,

2155 5448 2173 5482 t
2213 5432 2390 5496 dulce,
2453 5444 2622 5484 suave
2668 5446 2823 5493 esse,
2884 5448 2901 5481 ι
2962 5432 3413 5498 interpretaretur
3473 5429 3714 5484 Ma'theca

2152 5520 2171 5553 ι
2196 5501 2421 5555 dulcedo
2444 5501 2576 5566 ejus.
2602 5520 2621 5553 ι

2217 5572 2293 5639 (1)
2328 5572 2534 5653 Arcana
2588 5570 3102 5653 νεηὶιιινθλῖιιοάποξ
3137 5568 3223 5653 pel
3260 5586 3377 5653 ossa
3417 5568 3717 5653 significare

2146 5633 2357 5697 dicitur.
2388 5640 2565 5696 Codex
2620 5640 2803 5695 Sancti
2834 5633 3148 5695 Theoderici
3195 5640 3374 5703 habet,
3414 5658 3431 5691 ι
3467 5633 3533 5694 ad
3558 5633 3709 5693 Sen-
