4104 6226
447 313 549 372 797

1578 310 1644 366 IN
1686 312 2018 370 NUMEROS
2057 312 2339 371 HOMILIA
2377 314 2586 371 XXV”.

3601 318 3706 375 798

450 439 532 485 tus
564 443 659 500 per
680 429 795 483 lucc
830 429 948 485 sine
974 429 1139 485 dubio
1166 438 1215 484 et
1256 431 1420 485 robur
1463 434 1736 502 patientiae
1786 436 2028 490 declara-
2060 443 2104 499 Α
2134 438 2251 492 silia
2282 441 2402 506 viri,
2435 440 2574 493 sicut
2601 448 2654 494 et
2686 439 2770 494 ille
2794 441 2881 509 qui
2914 439 3125 494 dicebat
3157 441 3203 472 ’θ
3248 457 3259 492 :
3294 459 3310 489 ‹
3355 438 3486 493 Cum
3521 450 3702 494 autem

450 532 554 576 tur.
580 520 697 576 Jam
730 520 855 576 hinc
880 522 1108 577 habetur
1141 523 1350 576 mansio
1380 525 1520 590 apud
1559 524 1850 591 Mesorotb,
1875 529 2018 596 quod

447 612 758 683 signiﬁcare
805 622 1027 681 putatur
1069 614 1352 667 excludens
1398 615 1498 687 (9.).
1550 615 1680 683 Qua:
1732 618 2021 673 excludcns

446 702 565 775 est?
623 705 742 758 sine
782 703 944 757 dubio
1012 703 1281 772 malignas
1337 707 1708 775 suggestiones
1761 708 2015 762 contrarii

446 795 665 861 Spiritus
692 793 756 847 de
783 793 1203 862 cogitationibus
1243 793 1375 847 suis.
1414 794 1505 850 Sic
1535 798 1677 850 enim
1714 808 1767 852 et
1796 803 1998 868 sapien-

445 884 515 936 tia
558 884 648 938 Dei
686 885 818 939 dicit
854 884 899 915 ⁸⁷
937 901 952 937 :
990 902 1008 936 ί
1044 884 1101 938 Si
1153 885 1377 955 spiritus
1414 897 1731 957 potestatem
1766 892 2016 948 habentis

438 978 746 1032 ascenderit
770 993 931 1046 super
966 988 1033 1041 te,
1057 978 1236 1032 locum
1265 988 1413 1034 tuum
1445 997 1513 1037 ne
1553 984 1811 1041 dimittas.
1856 1005 1875 1039 ι
1914 988 2016 1042 Te-

442 1070 651 1125 nendus
671 1080 753 1125 est
781 1085 909 1140 ergo
938 1071 1109 1135 locus,
1131 1079 1185 1125 et
1217 1073 1581 1131 excludendus
1632 1087 1712 1133 est
1757 1079 2015 1135 adversa-

441 1162 576 1226 rius,
604 1178 671 1218 ne
695 1162 935 1216 inveniat
966 1163 1141 1217 locum
1169 1164 1221 1218 in
1251 1169 1414 1223 corde
1447 1180 1651 1235 nostro,
1687 1172 1829 1228 sicut
1862 1174 2008 1244 Apo-

436 1252 607 1307 stolus
639 1254 767 1308 dicit
793 1255 839 1286 ²⁸
866 1272 878 1307 :
911 1272 929 1305 ‹
960 1254 1137 1309 Nolite
1167 1255 1344 1312 locum
1385 1260 1516 1314 dare
1543 1261 1780 1318 diabolo.
1833 1283 1851 1317 δ
1887 1265 2012 1320 Post

439 1344 552 1398 haec
599 1345 820 1399 Banaim
874 1348 1107 1415 venitur,
1164 1351 1308 1421 quod
1367 1352 1537 1421 fontes
1588 1354 1879 1424 signiﬁcat,
1929 1359 2010 1411 vel

433 1436 789 1491 uectatione:
820 1438 921 1507 (ὅ),
969 1440 1020 1492 id
1064 1449 1182 1506 est,
1240 1441 1328 1495 ubi
1378 1442 1677 1497 divinorum
1721 1447 2008 1500 verborum

434 1526 610 1581 fomes
640 1528 820 1582 haurit
849 1544 1131 1599 usquequo
1162 1531 1372 1586 excolet
1404 1548 1498 1587 eos
1535 1533 1789 1589 bibendo.
1834 1538 2008 1592 Exco-

432 1618 499 1670 lat
527 1628 703 1673 autem
728 1620 930 1673 dicitur
963 1622 1051 1675 hic
1077 1637 1107 1675 a
1136 1623 1388 1688 colando,
1434 1640 1537 1680 non
1566 1642 1594 1680 a
1619 1628 1864 1684 colendo.
1901 1632 2008 1685 Ex-

430 1710 573 1763 colat
604 1725 732 1780 ergo
756 1711 979 1765 verbum
1015 1712 1104 1766 Dei
1138 1715 1278 1781 quis,
1303 1730 1425 1769 cum
1460 1732 1526 1771 ne
1574 1720 1853 1775 minimum
1888 1725 2007 1787 qui-

2133 531 2305 584 l’actus
2333 547 2448 584 sum
2482 533 2583 595 vir,
2626 546 2744 599 quae
2770 531 2981 599 parvuli
3012 539 3169 583 erant
3213 531 3457 599 deposui.
3501 544 3521 583 ι
3561 530 3704 585 Sunt

2132 637 2261 690 ergo
2295 640 2486 691 magna
2510 624 2732 677 consilia
2766 624 2893 689 viri,
2919 624 3057 678 sicut
3093 634 3144 675 et
3175 623 3261 676 ille
3285 623 3359 675 ait
3392 623 3477 679 "z
3510 642 3528 675 ι
3554 624 3702 692 Aqua

2128 714 2252 775 alta,
2293 715 2574 768 consilium
2603 718 2652 768 in
2679 717 2841 769 corde
2879 716 3000 768 viri.
3041 733 3058 766 ι
3099 713 3233 766 llinc
3262 714 3460 766 iterum
3490 715 3697 768 venitur

2127 802 2243 855 Sin.
2268 804 2461 857 ltermn
2490 808 2706 859 tentatio
2732 815 2812 860 est
2838 807 2952 859 Sin.
2987 805 3226 857 Diximus
3254 805 3397 857 enim
3438 806 3562 872 quia
3599 821 3698 859 nec

2124 895 2282 948 aliter
2314 897 2527 964 expedit
2554 898 2655 950 iter
2678 898 2821 950 istud
2862 898 3111 951 incedere
3145 915 3156 950 :
3191 898 3350 961 sicut,
3381 897 3531 949 verbi
3576 910 3707 965 gra-g

2123 986 2217 1050 tia,
2255 987 2298 1039 si
2328 988 2449 1055 quis
2478 988 2689 1041 aurifex
2729 1004 2821 1040 vas
2863 989 3230 1042 necessarium
3271 987 3447 1040 facere
3493 987 3701 1051 volens,

2121 1077 2433 1148 frequenter
2460 1081 2587 1135 illud
2640 1082 2748 1151 igni
2790 1082 3095 1143 adnioveat,
3144 1080 3455 1148 frequenter
3492 1078 3704 1134 malleis

2120 1172 2335 1237 subdat,
2381 1175 2605 1227 rasoriis
2647 1190 2787 1243 saepe
2833 1174 3180 1242 perstringat,
3218 1184 3272 1224 ut
3318 1183 3367 1225 et
3418 1174 3702 1241 purgatius

2121 1264 2235 1329 ﬁat,
2267 1276 2321 1320 et
2359 1272 2425 1321 ad
2460 1269 2603 1320 illam
2658 1270 2928 1337 speciem,
2962 1283 3120 1336 quam
3170 1268 3431 1341 prospicit
3484 1268 3699 1331 artifex,

2125 1368 2287 1426 atque
2310 1360 2376 1412 ad
2403 1359 2546 1412 illam
2579 1361 3034 1429 pulchritmlinem
3071 1359 3389 1413 deducatur.
3430 1359 3556 1411 Post
3583 1361 3701 1413 haec

2118 1450 2426 1516 applicatur
2483 1451 2550 1503 ad
2610 1449 3007 1512 Pharancades,
3042 1452 3182 1517 quod
3220 1460 3298 1503 est
3347 1450 3700 1519 frnctiﬁcatio

2117 1549 2305 1593 sancta
2337 1540 2437 1609 (8).
2470 1540 2632 1593 Vides
2670 1541 2793 1593 inde
2818 1555 2923 1608 quo
2959 1542 3194 1603 venitur,
3234 1541 3384 1594 vides
3419 1542 3543 1607 quia
3580 1550 3701 1595 ten-

2119 1632 2379 1683 tationum
2451 1630 2630 1685 sulcos
2685 1630 3035 1685 fructiﬁcatiu
3086 1641 3274 1684 sancta
3330 1632 3697 1700 subsequitur.

2114 1720 2240 1776 Inde
2293 1722 2593 1791 applicatur
2642 1724 2693 1775 in
2740 1732 2976 1776 montem
3026 1721 3119 1787 Or,
3180 1721 3323 1792 quod
3373 1723 3701 1790 interpreta-

432 1798 554 1850 dem
606 1799 917 1850 mandatum
958 1800 1299 1867 prmterierit,
1338 1802 1445 1857 imo
1478 1820 1598 1857 cum
1645 1822 1711 1862 ne
1750 1807 1854 1862 iota
1887 1810 2007 1876 qui-
2039 1801 2081 1854 Β
2113 1826 2199 1867 tur
2230 1825 2511 1868 montanus
2544 1815 2646 1883 (9).
2684 1815 2837 1869 Venit
2890 1813 3033 1868 enim
3087 1814 3151 1867 ad
3204 1825 3440 1867 montem
3486 1814 3601 1878 Dei,
3641 1824 3699 1868 ut

429 1886 551 1939 dem
582 1902 768 1951 unum,
798 1888 877 1942 vel
908 1905 1045 1943 unus
1077 1905 1214 1960 apex
1256 1890 1322 1946 de
1374 1895 1537 1949 verbo
1569 1895 1659 1949 Dei
1704 1897 2005 1953 intellectus

431 1980 661 2033 habetur
690 1980 923 2035 otiosus.
964 1980 1091 2036 Post
1132 1982 1244 2036 bmc
1272 1985 1489 2038 venitur
1519 1986 1569 2039 in
1610 1986 1836 2058 Galgad,
1861 1990 2004 2057 quod

428 2070 817 2139 interpretatur
848 2081 1221 2125 tentamentum
1246 2076 1360 2128 sive
1382 2079 1699 2145 constipatio
1739 2081 1837 2149 (4).
1867 2082 1996 2137 For—

427 2160 601 2213 titudo
639 2161 908 2227 (praedam,
942 2171 999 2213 ut
1036 2162 1210 2229 video,
1238 2172 1289 2217 et
1324 2167 1602 2221 munimen
1651 2180 1734 2224 est
1786 2172 2000 2237 animm,

426 2260 838 2309 tentamentum.
890 2252 965 2306 lta
1010 2254 1152 2307 enim
1212 2255 1499 2312 virtutibus
1547 2262 1896 2325 admiscetur,
1946 2273 2003 2317 ut

423 2341 673 2396 videatur
717 2344 922 2411 absque
961 2345 1042 2397 his
1089 2345 1261 2399 virtus
1314 2362 1414 2402 nec
1460 2349 1655 2405 decora
1706 2367 1854 2416 esse,
1902 2369 2002 2408 nec

424 2430 599 2497 plena.
635 2429 702 2485 Et
725 2431 844 2485 ideo
870 2433 1278 2502 proﬁcientibus
1319 2437 1382 2489 ad
1414 2437 1687 2502 virtutem,
1751 2452 1803 2495 et
1844 2443 2001 2499 varia:

420 2530 474 2574 et
526 2520 838 2590 frequentes
893 2527 1205 2580 mansiones
1275 2528 1326 2580 in
1401 2532 1783 2587 tcntationibus
1844 2535 1996 2590 ﬁunt.

420 2612 565 2678 Quas
588 2628 709 2666 cum
729 2614 1035 2680 transieris,
1070 2617 1373 2686 applicabis
1411 2620 1463 2673 in
1500 2621 1771 2677 'l‘abatha.
1822 2626 1999 2679 Taba-

424 2704 512 2756 tha
547 2713 930 2773 Interpretatur
964 2708 1097 2761 bona
1134 2708 1233 2778 (5).
1261 2710 1341 2762 Ad
1393 2712 1535 2766 bona
1582 2729 1711 2782 ergo
1756 2731 1860 2769 non
1898 2718 1995 2771 nisi

422 2805 541 2862 post
573 2804 1031 2852 tentameutorum
1064 2802 1435 2870 experimenta
1474 2809 1708 2862 venitur.
1741 2809 1867 2865 Inde
1903 2828 1998 2880 ap-

421 2890 739 2957 plicuerunt,
796 2890 989 2960 inquit,
1044 2893 1095 2947 in
1154 2894 1389 2961 Ebrona,
1454 2900 1596 2967 quod
1648 2910 1732 2954 est
1795 2906 1995 2956 transi-

422 2996 508 3035 tus
568 2980 668 3051 (6).
720 2981 1070 3039 Transeunda
1127 3001 1361 3057 namque
1419 3000 1543 3045 sunt
1594 2994 1811 3056 omnia;
1863 2996 1989 3062 quia

417 3077 630 3130 etiamsi
665 3078 730 3131 ad
776 3078 914 3131 bona
970 3078 1176 3143 venias,
1228 3091 1441 3151 Oportet
1486 3094 1535 3137 te
1566 3092 1619 3138 et
1660 3084 1724 3139 ad
1771 3088 1991 3141 meliora

2108 1916 2159 1961 et
2194 1907 2307 1974 ipse
2357 1906 2449 1960 ﬁat
2508 1922 2659 1960 mons
2711 1908 2865 1971 uber,
2913 1917 2967 1960 et
3013 1920 3165 1959 mons
3213 1907 3552 1974 eoagnlatus,
3608 1908 3695 1960 vel

2106 1998 2173 2051 ab
2217 2013 2280 2051 eo
2316 1999 2459 2066 quod
2489 2013 2703 2067 semper
2751 1999 2803 2051 in
2854 2010 3036 2054 monte
3068 2000 3159 2052 Dei
3214 2001 3439 2065 habitet,
3486 2008 3699 2053 monta-

2105 2102 2206 2141 nus
2268 2087 2496 2140 dicatur.
2567 2087 2929 2155 Subsequitur
2982 2098 3101 2157 post
3152 2091 3265 2141 tunc
3324 2091 3534 2143 mansio
3572 2088 3694 2144 Sel-

2105 2194 2265 2232 mona
2302 2196 2315 2232 :
2348 2182 2491 2248 quod
2523 2162 2916 2248 interpretatur
2943 2181 3128 2233 umbra
3154 2182 3411 2249 partionis
3441 2181 3579 2251 (l0).
3620 2181 3688 2234 ll-

2105 2269 2208 2322 lam
2236 2281 2363 2338 puto
2386 2272 2634 2323 umbram
2664 2271 2766 2325 dici
2791 2273 2854 2326 de
2877 2287 2981 2340 qua
3008 2283 3060 2327 et
3086 2274 3345 2342 propheta
3367 2274 3578 2328 dicebat
3600 2274 3641 2306 ³⁸
3669 2290 3686 2327 :

2102 2360 2262 2430 383
2287 2379 2304 2410 ρ
2338 2361 2576 2429 Spiritus
2618 2361 2791 2417 vultus
2816 2364 2984 2417 nostri
3017 2364 3268 2417 Christus
3302 2365 3578 2431 Dominus,
3600 2367 3689 2420 cui

2108 2453 2375 2507 diximus:
2402 2455 2454 2508 ln
2486 2452 2680 2507 umbra
2708 2454 2823 2523 ejus
2852 2454 3100 2509 vivemus
3148 2457 3198 2509 in
3230 2457 3498 2523 gentibus.
3521 2482 3542 2509 ι
3573 2457 3682 2511 Sed

2101 2554 2155 2598 et
2205 2544 2292 2597 illa
2331 2543 2526 2598 similis
2576 2545 2702 2599 huic
2732 2548 2921 2599 umbra
2961 2555 3043 2600 est
3069 2588 3083 2613 ,
3113 2548 3178 2601 de
3222 2564 3326 2616 qna
3357 2549 3559 2602 dicitur
3591 2551 3674 2603 ³¹ε

2108 2650 2125 2681 ε
2166 2632 2405 2701 Spiritus
2438 2633 2646 2688 Detuini
2701 2635 3048 2690 obumbrabit
3087 2636 3201 2692 tibi.
3234 2657 3252 2689 ι
3310 2636 3511 2692 Umbra
3564 2655 3693 2708 ergo

2101 2725 2366 2793 portionis
2426 2737 2652 2787 nostum,
2682 2742 2801 2795 qua:
2842 2728 2997 2781 nobis
3023 2728 3351 2797 opacitatem
3380 2740 3599 2798 praestat
3627 2732 3693 2783 ab

2099 2816 2248 2869 omni
2298 2828 2434 2869 {lelt
2488 2818 2869 2882 tentatiounm,
2908 2818 3156 2874 Christus
3203 2830 3303 2883 est,
3351 2829 3407 2874 et
3454 2820 3693 2889 Spiritus

2098 2917 2338 2961 sanctus.
2381 2908 2520 2963 llinc
2547 2911 2657 2975 jam
2694 2909 2914 2964 venitur
2964 2911 3031 2963 ad
3070 2910 3281 2965 Phinon
3309 2952 3324 2976 ,
3353 2912 3495 2981 quod
3526 2913 3692 2966 inter-

2101 3000 2299 3067 pretari
2332 3010 2583 3070 putamus
2624 3003 2730 3055 oris
2774 3004 3160 3070 parcimoniam
3208 3001 3347 3075 (il).
3402 3004 3503 3071 Qui
3544 3005 3687 3058 enim

2100 3090 2301 3144 intueri
2331 3094 2572 3160 potuerit
2604 3095 2925 3166 mysterium
2957 3095 3020 3148 de
3048 3094 3269 3149 Christo
3298 3104 3351 3150 et
3379 3097 3445 3150 de
3476 3095 3685 3165 Spiritu

419 3168 972 3237 transire,usqnequo
1024 3172 1089 3222 ad
1122 3171 1251 3225 illud
1301 3174 1500 3227 bonum
1541 3175 1745 3238 venias,
1800 3176 1852 3229 in
1886 3195 1992 3244 quo
2021 3154 2061 3210 (ἶ
2104 3195 2309 3245 sancio,
2346 3194 2400 3237 et
2430 3185 2473 3239 si
2506 3186 2723 3253 viderit,
2757 3188 2872 3240 sive
2904 3187 3138 3241 audierit
3171 3205 3231 3242 ca
3266 3206 3383 3258 qua:
3418 3205 3523 3242 non
3557 3188 3690 3241 licet

417 3272 628 3324 semper
663 3257 860 3312 debeas
896 3274 1231 3326 permanere.
1269 3261 1397 3315 Post
1431 3265 1545 3318 hate
1577 3267 1891 3333 pervenitur
1928 3269 1993 3322 ad

416 3346 801 3416 Gasiongabcr,
834 3350 976 3416 quod
1008 3351 1398 3421 interpretatur
1420 3356 1648 3411 consilia
1675 3359 1771 3411 rirt‘
1804 3360 1903 3429 (7).
1933 3360 1991 3415 Si

418 3439 540 3506 quis
564 3439 716 3494 desiit
740 3456 876 3509 puer
906 3455 1027 3497 esse
1061 3443 1329 3509 sensibus,
1371 3447 1472 3500 iste
1501 3450 1751 3517 pervenit
1772 3450 1837 3504 ad
1860 3465 1990 3505 con-

484 3614 532 3649 "
559 3615 704 3671 Eccl.
737 3633 793 3685 ι,
826 3617 877 3672 4.
979 3619 1024 3651 ⁸⁸
1060 3620 1254 3691 Ephes.
1303 3635 1377 3687 tv,
1412 3622 1503 3675 27.

418 3806 562 3846 nam.
598 3808 617 3842 ι
667 3789 830 3843 Hebr.
874 3801 1088 3854 reian
1132 3811 1149 3843 ι
1192 3793 1557 3848 Cbasmonah.
1586 3815 1602 3846 ι
1641 3795 1782 3849 LXX
1825 3801 1990 3856 inter-

412 3871 595 3937 pretes
628 3861 909 3937 Zslpwvﬁ.
946 3862 1057 3937 Ego
1093 3878 1187 3937 pro
1238 3865 1474 3927 Asenna,
1527 3866 1808 3937 tegendum
1860 3882 1987 3937 puto

417 3950 437 3983 ι
468 3936 751 4001 Asemona.
788 3949 806 3981 ι
838 3932 1255 4001 Etymologistes
1281 3943 1462 3985 autem
1489 3937 1626 3988 nulla
1656 3932 1977 4001 litterarum,

410 4002 503 4053 sed
531 4000 698 4053 solius
731 4000 848 4053 soni
888 4000 1065 4053 habita
1114 4003 1317 4054 ratione
1350 4005 1615 4057 Asemuna
1666 4000 1984 4069 inter-prela?

413 4082 498 4122 tus
530 4070 691 4122 fuerit
718 4085 847 4143 (nos,
880 4088 898 4120 ›
942 4070 1025 4123 vel
1054 4090 1070 4121 ‹
1111 4085 1254 4123 ossa.
1291 4090 1309 4143 η
1356 4082 1479 4134 Dm:
1532 4089 1721 4143 nempe
1761 4078 1984 4130 llebrai.

410 4156 489 4192 re.
519 4149 703 4192 nostra
729 4139 906 4207 lingua
939 4150 1017 4192 est
1050 4158 1068 4191 ‹
1096 4156 1178 4203 os,
1207 4142 1365 4197 ossis.
1405 4162 1422 4193 ι
1464 4139 1669 4197 Vernnr
1686 4162 1785 4199 vox
1820 4148 1981 4201 llebr.

407 4216 616 4298 ῳωη
660 4209 860 4263 rectius
928 4209 1285 4291 deduceretur
1338 4213 1405 4267 ab
1456 4221 1619 4298 3mm
1666 4231 1773 4285 quo
1823 4216 1986 4285 signi-

410 4280 681 4347 licaturrt
719 4293 964 4343 magnas,
989 4280 1208 4347 primas.
1256 4300 1272 4330 ι

481 4347 558 4413 (2)
608 4346 924 4421 ﬂexuram,
978 4346 1116 4418 quod
1179 4352 1476 4421 signi/icore
1518 4363 1739 4421 putatur
1799 4359 1977 4411 exclu-

322 4468 325 4473 ν
409 4418 568 4490 deus.
606 4415 696 4470 Sic
723 4415 1122 4490 _haben_t_inss.
1178 4415 1321 4473 Libri
1371 4415 1547 4475 autem
1599 4426 1752 4490 editi,
1808 4447 1826 4479 ί
1872 4429 1984 4483 Mc-

409 4484 611 4557 saloth.
661 4505 679 4539 ι
719 4484 887 4557 Radix
923 4485 1186 4545 Mesoroth
1238 4500 1295 4542 ut
1344 4492 1680 4557 signiﬁcetur
1722 4484 1749 4547 ι’
1799 4503 1987 4553 exclu-

408 4556 563 4628 dens,
603 4574 622 4607 ι
670 4556 776 4628 erit
818 4567 937 4625 “no,
963 4559 1105 4628 quod
1160 4560 1212 4613 in
1267 4556 1441 4628 "ipltil
1483 4565 1750 4627 signiﬁcat
1785 4588 1801 4618 ‹
1840 4586 1989 4621 amo-

410 4624 508 4687 vit,
562 4625 808 4692 removit,
850 4646 868 4679 ι
910 4624 1013 4681 etc.
1064 4627 1216 4693 Quod
1266 4624 1610 4686 si'servatur
1655 4636 1813 4691 lectio
1856 4640 1986 4694 libb.

406 4723 565 4798 antea
587 4715 881 4798 editorum?
909 4735 927 4767 ι
960 4717 1246 4785 Mesaloth,
1288 4740 1308 4773 ι
1340 4721 1492 4776 radix
1522 4724 1623 4778 erit
1667 4710 1769 4786 n51
1800 4748 1813 4779 ι
1847 4746 1985 4798 pra:-

406 4794 527 4855 ter.)
545 4794 668 4855 nisi,
698 4797 939 4855 excepto.
968 4807 987 4839 ι

478 4854 1228 4935 (3)Banaint'nenitur,_qnod
1271 4862 1438 4931 fontes
1476 4865 1738 4935 signiﬁcat
1783 4869 1862 4923 rel
1886 4888 1980 4923 ea;-

404 4924 708 4996 cotationes.
773 4924 921 4980 Unus
975 4924 1143 4984 codex
1192 4924 1292 4985 ms.
1347 4951 1367 4983 Ι
1425 4924 1702 4992 Batieaim.
1760 4957 1779 4989 ι
1826 4942 1980 4996 Alius

409 5014 427 5041 ι
467 4993 845 5069 V:itiacliant._s
911 4997 1060 5069 Alius
1114 5018 1131 5051 ι
1175 5000 1472 5069 Vanacain.
1517 5005 1573 5057 ln
1623 5007 1846 5062 llehrzeo
1895 4993 1981 5069 ui

399 5069 521 5148 1pm
566 5082 584 5115 ι
615 5065 748 5119 bene
776 5062 1040 5136 Jaachan,
1085 5089 1103 5122 ›
1138 5074 1277 5141 apud
1316 5066 1458 5127 LXX
1497 5075 1719 5129 Βαναία.
1752 5062 1976 5132 Danai—in

400 5161 614 5235 verant
663 5155 982 5235 signiﬁcet}
1026 5160 1221 5225 fontes,
1272 5182 1291 5215 ι
1329 5174 1602 5235 utcunque
1640 5170 1978 5224 derivabitnr

401 5223 469 5273 ab
635 5223 741 5293 quo
782 5227 1118 5296 signiﬁcatur
1160 5249 1178 5283 ι
1211 5223 1417 5288 oculus
1457 5255 1474 5286 ι
1514 5223 1568 5290 et
1606 5223 1974 5312 metaphorice

405 5327 427 5364 ι
461 5312 756 5401 ςῳρςληθι
777 5324 852 5401 ,τι
880 5334 989 5401 que
1019 5321 1356 5401 signiﬁcatur
1381 5342 1399 5374 ι
1437 5326 1593 5385 titius.
1635 5347 1652 5377 ι

472 5380 563 5467 (4)⁸
583 5380 823 5467 Gut-qud}.
841 5380 983 5467 qu:0d_
1024 5380 1839 5467 inierpretutu[tutamentum,
1867 5403 1970 5458 sive

397 5455 737 5526 constipatio.
769 5455 1061 5526 Sic_habet
1082 5455 1183 5515 ms.
1216 5463 1383 5515 codex
1408 5455 1838 5525 TuronensisJii
1869 5455 1967 5526 mi;

397 5522 790 5606 teaﬁeditispro
808 5524 1086 5606 ¢_Ga|gad,
1112 5549 1131 5581 ι
1161 5531 1355 5606 legitur
1381 5552 1398 5583 ‹
1423 5534 1633 5606 Galgat,
1660 5522 1963 5606 apud—LXX

396 5588 626 5676 parte,
659 5588 713 5676 in
748 5588 989 5652 Hebrteo'
1011 5588 1156 5676 111:.
1189 5588 1256 5654 Aut
1286 5618 1390 5656 non
1424 5588 1580 5676 videb
1600 5588 1964 5676 tideiéaTéQ

393 5659 482 5785 :1):
508 5678 529 5712 ι
582 5671 975 5723 tentantentum
1010 5688 1028 5722 ι
1064 5671 1181 5727 sive
1218 5689 1237 5723 ι
1272 5674 1595 5745 constipatio
1619 5659 1649 5731 ’ξ
1683 5659 1964 5753 erui—pos:

1581 3622 1625 3653 ὀ
1658 3618 1825 3673 lCor.
1857 3639 1975 3691 sui,
2011 3626 2094 3681 ll.

2104 3274 2416 3330 hominibus
2479 3276 2663 3345 loqui,
2710 3280 3021 3334 necessario
3074 3281 3296 3335 habebit
3347 3284 3459 3336 oris
3510 3281 3691 3351 parci-

2109 3366 2381 3431 moniam,
2430 3368 2608 3421 sciens
2646 3369 2875 3436 quibus,
2905 3371 2986 3422 vel
3024 3373 3272 3439 quando,
3310 3374 3390 3425 vel
3415 3375 3687 3442 quomodo

2105 3456 2170 3509 de
2204 3458 2478 3526 mysteriis
2506 3459 2703 3515 divinis
2740 3469 2988 3530 oporteat
3025 3462 3193 3533 loqui.
3228 3463 3355 3519 Post
3393 3466 3507 3520 haec
3538 3466 3689 3521 veni-

2174 3630 2216 3660 “
2258 3632 2412 3687 Prov.
2449 3650 2540 3701 xx,
2566 3636 2617 3690 5.
2697 3638 2738 3669 ³¹
2774 3638 2978 3693 Tbrcn.
3007 3654 3081 3705 iV,
3110 3638 3201 3693 ἓξ).
3281 3640 3325 3671 ³⁸
3356 3639 3489 3696 an.
3524 3657 3559 3707 ι,
3590 3644 3680 3700 55.

2171 3802 2491 3873 (5)7'nbatltn
2524 3807 2904 3877 interpretatur
2926 3809 3081 3865 bona.
3111 3811 3154 3866 Α
3188 3813 3367 3868 radice
3394 3822 3503 3873 3T6
3535 3830 3553 3865 ι
3582 3814 3681 3869 b0-

2096 3887 2221 3923 Illllli
2256 3890 2392 3928 (,‘SSE.
2432 3896 2449 3926 ι
3306 3924 3313 3937 ν

2170 3890 2516 4027 ξδίῗξιῗὼῖω,
2550 3949 2690 4017 quod
2746 3961 2820 4003 est
2875 3951 3151 4007 transitus.
3214 3924 3387 4007 Radix
3433 3964 3517 4009 est
3561 3966 3679 4020 Tt!

2099 4034 2117 4067 ε
2159 4025 2391 4070 transiit.
2431 4036 2447 4067 ι

2099 4153 2111 4157 _
2140 4086 2245 4157 (7)
2268 4083 2649 4157 Gusiongaber,
2703 4090 2844 4155 quod
2872 4090 3255 4157 interpretatur
3297 4095 3521 4150 consilia
3553 4099 3672 4152 viri.

2094 4153 2184 4207 Sic
2239 4156 2405 4209 habet
2453 4153 2618 4210 codex
2686 4153 3051 4214 Ebroieensis.
3111 4162 3258 4215 Libri
3318 4178 3447 4218 vero
3507 4178 3670 4221 antea

2091 4226 2240 4296 editi,
2287 4224 2744 4296 «WGasiongabis.
2803 4248 2821 4279 ι
2880 4229 3021 4282 LXX
3092 4230 3414 4296 interpretes
3469 4235 3675 4291 Γεσιὼν

2096 4293 2293 4365 Γάϐερ,
2333 4293 2588 4351 Ηυίινωυέ
2642 4308 2820 4353 textus
2875 4310 2983 4361 '13:
3006 4308 3131 4384 rit}:
3165 4319 3181 4351 ι
3225 4293 3613 4375 llesiongaber.
3648 4328 3666 4360 ι

2091 4384 2482 4452 Interpretatur
2507 4396 2683 4440 autem
2714 4390 2817 4442 hoc
2839 4406 3033 4443 nomen
3063 4409 3080 4441 ι
3127 4394 3355 4448 consilia
3390 4397 3486 4449 viri
3532 4417 3549 4450 ι
3598 4401 3667 4453 ab

2095 4464 2213 4531 nm
2234 4458 2373 4531 qu‘o‘d
2412 4468 2514 4520 est,
2550 4477 2567 4508 ‹
2587 4459 2897 4531 λοοηδὶΙίιιιη,
2923 4479 2940 4511 ι
2965 4471 3019 4513 et
3040 4471 3169 4522 '13:,
3196 4465 3336 4531 quod
3364 4476 3449 4520 est
3476 4487 3494 4520 ε
3520 4470 3619 4523 vir.
3648 4490 3665 4521 ι

2165 4530 2239 4589 (8)
2278 4525 2675 4601 lfltaruncatles,
2709 4530 2849 4599 quod
2877 4540 2951 4583 est
2993 4525 3335 4601 fructiﬁéatio
3370 4550 3577 4592 sancta.
3623 4544 3665 4593 Α

2091 4605 2210 4717 .r-n;
2243 4614 2261 4646 ι
2295 4596 2530 4652 fructum
2557 4596 2747 4667 edidit,
2782 4619 2801 4652 ι
2842 4610 2896 4655 et
2934 4596 3060 4689 tU‘IP
3107 4622 3127 4653 ι
3154 4596 3402 4661 sanctum
3434 4624 3554 4664 esse
3585 4621 3667 4665 vet

2110 4682 2228 4717 ΙΘΙῚ.
2278 4686 2295 4717 ι
3386 4692 3397 4703 ί

2110 4682 2228 4719 ΙΘΙῚ.
2278 4686 2295 4718 ι
3025 4682 3033 4689 ”
3386 4692 3397 4703 ί

2161 4738 2236 4807 (9)
2285 4736 2382 4802 0r,
2428 4740 2567 4808 quod
2608 4740 2988 4806 interpretatur
3024 4753 3324 4799 montanus.
3380 4746 3553 4801 Radix
3580 4762 3663 4801 est

2085 4818 2206 4865 “nn
2245 4826 2263 4857 ι
2291 4823 2464 4873 mons,
2519 4833 2537 4863 ι
2565 4813 2707 4865 unde
2742 4821 2818 4867 "in
2860 4829 2878 4862 ι
2914 4828 3088 4876 mons,
3110 4825 3359 4866 montana
3395 4816 3528 4869 loca.
3566 4837 3585 4867 ι

2158 4876 2268 4947 (ill)
2294 4877 2565 4941 Selmona,
2589 4881 2728 4946 quod
2766 4881 3140 4948 interpretatur
3167 4884 3351 4933 umbra
3379 4887 3657 4950 partionis.

2082 4968 2124 5021 A
2148 4952 2251 5027 55}:
2281 4988 2298 5019 ί
2328 4969 2635 5023 obumbrari
2662 4954 2829 5028 iﬁtby
2849 4988 2865 5018 ι
2884 4970 3096 5028 umbra,
3116 4987 3133 5017 ι
3152 4967 3659 5034 cuisiadditurmn

2086 5056 2105 5088 ι
2142 5042 2338 5104 portio.
2374 5059 2392 5091 ι
2420 5038 2669 5093 Selmona
2722 5052 2870 5094 recte
2911 5042 3361 5110 interpretabitur
3393 5067 3410 5092 ς
3465 5049 3653 5099 umbra

2082 5121 2705 5250 p()iil|i(;||lpsiti:t0n,qtt0d
2740 5178 3074 5250 interpretari
3107 5192 3353 5246 putamus
3384 5182 3488 5234 oris
3527 5201 3656 5250 pur-

2076 5250 2377 5301 cimom‘am.
2417 5248 2506 5301 Sic
2538 5248 2699 5300 habet
2731 5250 2896 5302 codex
2932 5248 3267 5303 Turonensis
3294 5266 3346 5303 et
3383 5248 3658 5306 consentit

2075 5334 2194 5372 eum
2229 5316 2450 5371 Hebraeo
2495 5326 2640 5369 textu
2670 5318 2719 5371 in
2754 5334 2858 5385 quo
2886 5320 3085 5388 legitur
3124 5328 3258 5409 PE.
3298 5320 3443 5374 Libri
3492 5334 3649 5376 antea

2072 5409 2200 5480 editi
2228 5408 2477 5480 babent_¢
2506 5408 2663 5472 Fino,
2693 5430 2711 5461 ι
2747 5409 2888 5463 LXX
2929 5408 3253 5480 interpretes
3288 5412 3447 5467 Φινώ.
3484 5408 3648 5467 Puta-

2069 5477 2163 5553 hat
2202 5489 2380 5553 autem
2413 5477 2679 5546 Origenes
2712 5482 2914 5553 Phiuon
2949 5477 3299 5551 interpretari
3337 5502 3354 5534 ε
3385 5486 3494 5538 oris
3523 5502 3652 5553 par-

2069 5548 2358 5601 cimoniam
2389 5567 2406 5599 ι
2440 5564 2468 5601 a
2501 5557 2577 5609 ηε)
2606 5551 2745 5617 quod
2772 5560 2856 5605 est
2890 5569 2907 5601 ι
2937 5568 3018 5617 os,
3045 5548 3199 5615 oris,»
3231 5564 3286 5607 et
3312 5571 3339 5607 a
3370 5548 3535 5609 verbo
3560 5564 3654 5612 ns,

2067 5619 2370 5696 quoduest,
2415 5621 2749 5700 ropltressit.
2779 5640 2797 5673 ι
2851 5622 3045 5693 Magna
3089 5633 3171 5680 est
3207 5626 3350 5680 enim
3399 5627 3510 5681 oris
3548 5642 3650 5697 op-

2070 5702 2242 5757 lll'ESbl
2290 5702 2638 5758 parcnnonta.
