4104 6226
437 261 444 268 ι
455 231 560 287 799

1893 211 2210 272 ORIGEle

3595 202 3716 257 800

458 363 547 405 tur
571 349 770 412 Oboth,
802 349 958 418 cujus
984 345 1217 400 nominis
1249 345 1500 414 quamvis
1525 357 1630 396 non
1657 337 2025 395 invenerimus
2053 334 2102 391 Δ
2129 328 2273 384 enim
2307 341 2404 396 per
2439 327 2536 380 has
2565 338 2756 379 omnes
2792 322 3023 378 virtutes
3068 322 3174 376 iter
3213 319 3390 390 egerit
3419 321 3624 418 anima,
3657 331 3720 375 et

462 441 960 510 interpretationem
995 437 1129 506 (19.),
1165 445 1342 489 tamen
1371 450 1479 488 non
1511 433 1820 487 dubitamus
1840 470 1855 495 ,
1883 428 2024 482 sicut

453 543 510 584 et
543 532 593 584 in
621 530 832 584 caeteris
862 529 1135 594 omnibus,
1166 526 1329 579 etiam
1363 525 1414 578 in
1451 524 1554 578 hoc
1585 521 1804 575 nomine
1837 531 2026 572 conse-

455 620 732 689 quentiam
758 618 1098 688 profectuum
1125 615 1454 670 conservari.
1484 613 1740 681 Sequitur
1763 618 1883 679 post
1910 609 2026 661 hazc

457 711 668 765 ansio
720 725 840 777 qua:
890 707 1190 778 appellatur
1238 705 1337 760 Gai
1378 743 1395 769 ,
1442 703 1587 774 quod
1643 703 2026 768 interpretatur

454 801 618 855 chaos
651 801 788 871 (l5).
835 800 1133 869 Appmpiat
1179 796 1326 851 enim
1378 811 1476 864 per
1505 796 1602 848 hos
1642 791 1917 862 profectus
1961 791 2028 844 ad

456 892 609 945 sinus
629 890 884 954 Abrahat,
909 889 1002 956 qui
1027 889 1155 942 dicit
1182 887 1246 940 ad
1270 900 1365 939 eos
1384 885 1476 954 qui
1496 885 1546 937 in
1567 882 1850 936 tormentis
1877 889 2026 943 sunt,

453 983 580 1049 quia
615 1000 634 1033 ι
667 982 809 1034 inter
836 996 932 1035 vos
960 989 1010 1032 et
1041 994 1136 1032 nos
1165 979 1333 1031 chaos
1360 992 1614 1046 magnum
1645 973 2026 1029 conﬁrmatum

455 1083 539 1127 est
564 1072 632 1135 ³³,
667 1089 688 1123 ι
733 1079 790 1125 ιιι
817 1079 871 1125 et
903 1071 1016 1138 ipse
1047 1070 1097 1122 in
1133 1070 1344 1124 sinibus
1372 1071 1509 1136 ejus,
1537 1068 1677 1122 sicut
1710 1065 1901 1119 beatus
1926 1063 2029 1117 La-

455 1182 639 1230 zarus,
678 1165 1002 1234 requiescat.
1045 1163 1170 1217 Inde
1222 1165 1414 1217 iterum
1458 1164 1673 1217 venitur
1723 1142 2020 1228 Dibongad,

454 1259 596 1325 quod
651 1255 960 1322 signiﬁcare
1016 1254 1184 1308 fertur
1232 1257 1494 1323 apiarium
1556 1255 1927 1308 tentationum.
1983 1254 2027 1310 Ο

459 1350 651 1400 miram
687 1347 879 1399 divina:
909 1346 1256 1415 providentiae
1283 1346 1548 1400 cautelam
1573 1345 1584 1397 !
1617 1344 1882 1412 Eccejam
1912 1347 2028 1398 via-

458 1449 542 1490 tor
588 1437 674 1490 hic
707 1437 926 1490 itineris
966 1437 1238 1500 caelestis,
1285 1451 1510 1489 summa:
1544 1436 1865 1502 perfectioni
1901 1453 2026 1505 pro-

458 1529 633 1580 simus
662 1527 722 1579 lit
762 1527 1106 1580 successione
1144 1528 1426 1590 virtutum,
1462 1537 1516 1579 et
1549 1537 1724 1580 tamen
1763 1530 1810 1581 ei
1846 1536 2026 1582 tenta-

458 1625 634 1673 mcuta
669 1633 772 1672 non
811 1619 1026 1681 desunt,
1075 1617 1170 1670 sed
1223 1618 1340 1669 novi
1391 1619 1604 1683 generis
1641 1620 1802 1671 audio
1851 1628 2033 1673 tcnta-

460 1719 659 1763 menta.
687 1709 990 1778 Apiarium,
1023 1709 1219 1777 inquit,
1259 1709 1649 1763 tentationum.
1681 1712 1813 1779 Apis
1856 1711 2033 1764 lauda-

458 1801 565 1854 bile
591 1801 792 1854 animal
837 1802 888 1852 in
927 1800 1226 1869 Scripturis
1261 1800 1492 1869 positum
1519 1811 1621 1868 cst,
1664 1819 1730 1856 ex
1768 1802 1919 1871 cujus
1958 1805 2034 1858 la-

457 1892 680 1946 boribus
723 1907 878 1962 reges
908 1902 961 1944 et
991 1892 1290 1945 mediocres
1330 1892 1394 1943 ad
1439 1894 1726 1946 sanitatem
1761 1904 1987 1948 utuntur
2016 1913 2029 1961 ;

456 1983 598 2050 quod
633 1993 776 2040 recte
807 1985 872 2035 de
904 1981 1080 2035 verbis
1121 1983 1508 2050 prophetarum
1539 1993 1593 2036 et
1623 1985 2030 2054 apostolorum,

456 2084 622 2140 atque
652 2074 892 2126 omnium
928 2076 1016 2141 qui
1055 2090 1204 2128 sacra
1237 2075 1508 2128 volumina
1543 2078 1988 2146 conscripserunt
2014 2119 2030 2146 ,

456 2165 754 2233 accipitur;
800 2175 852 2218 ct
885 2165 1028 2220 istm]
1061 2182 1181 2220 esse
1235 2169 1496 2232 ap’arium
1525 2209 1538 2234 ,
1576 2168 1628 2221 id
1663 2179 1783 2230 est.
1814 2186 2030 2225 omnem

447 2276 743 2314 numerum
792 2261 1196 2330 Scriptnrarum
1244 2265 1546 2316 divinarum
1578 2265 1897 2333 dignissime
1952 2269 2034 2320 in-

459 2352 624 2422 telligi
669 2361 820 2420 puto.
872 2353 964 2406 Est
1005 2369 1138 2423 ergo
1181 2355 1246 2406 iis
1281 2356 1370 2422 qui
1405 2355 1468 2408 ad
1506 2356 1890 2422 perfectionem
1920 2370 2035 2412 tert-

447 2445 612 2506 4lunt,
647 2445 809 2498 etiam
845 2445 900 2499 in
933 2447 1034 2499 hoc
1061 2445 1300 2514 apiario,
1334 2447 1383 2500 id
1414 2456 1496 2500 est
1523 2449 1573 2500 in
1599 2449 1777 2502 verbis
1806 2452 2034 2518 prophe-

459 2535 582 2588 ticis
618 2545 672 2587 et
707 2537 1023 2605 apostolicis
1049 2576 1064 2600 ,
1101 2538 1362 2591 nonnulla
1416 2541 1664 2594 tentatio.
1719 2542 1806 2596 Vis
1851 2545 2033 2598 videre

455 2627 582 2692 quia
614 2627 682 2679 sit
715 2627 764 2679 itt
806 2628 888 2681 his
918 2627 1145 2682 leutatio
1174 2644 1278 2682 non
1311 2629 1570 2683 minima?
1597 2631 1651 2684 ltt
1691 2633 1792 2686 hoc
1825 2634 2033 2701 apiario

455 2716 716 2784 scriptum
756 2718 1007 2773 invenio:
1052 2737 1071 2770 ι
1103 2720 1235 2774 Vide
1259 2759 1275 2784 ,
1311 2721 1489 2790 inquit
1538 2721 1618 2784 “,
1650 2739 1716 2777 ne
1765 2724 2034 2792 aspiciens

455 2802 623 2862 Soiem
653 2819 705 2863 et
735 2810 939 2873 lunam,
978 2811 1174 2865 adores
1205 2828 1265 2864 ea
1306 2826 1425 2880 qme
1457 2817 1814 2881 sequestravit
1851 2815 2032 2869 Domi-

458 2916 561 2952 nus
611 2899 751 2955 Dcus
801 2912 925 2956 tuus
957 2904 1227 2973 gentibus.
1262 2925 1278 2958 ι
1341 2906 1502 2961 Vides
1543 2923 1662 2975 qum
1713 2909 1938 2962 tentatio
1968 2911 2034 2964 de

2127 421 2193 475 ad
2227 433 2499 474 summum
2527 416 2878 488 perfectionis
2903 415 3234 478 ascenderit,
3272 413 3466 467 transit
3492 414 3605 483 jam
3640 414 3716 470 de

2127 510 2345 574 saeculo,
2376 519 2431 564 et
2457 508 2734 564 abscedit:
2777 507 2916 560 sicut
2941 505 3204 574 scriptum
3232 514 3317 572 est
3347 503 3414 556 de
3444 503 3591 557 Enoc
3621 502 3666 534 ⁸³
3685 521 3707 556 :

2133 614 2152 648 ε
2181 597 2247 650 Ει
2273 613 2374 651 non
2401 596 2799 658 inveniebatur,
2828 594 2951 662 quia
2978 579 3471 647 transtuleraieum
3493 593 3650 646 Deus.
3680 611 3702 643 ι

2127 691 2278 759 Quod
2312 691 2412 745 etsi
2453 690 2702 744 videatur
2727 703 2848 742 esse
2873 686 3051 742 adhuc
3079 688 3130 740 in
3165 686 3364 740 saeculo
3393 687 3485 756 qui
3518 686 3707 755 hujus-

2128 786 2272 840 modi
2309 793 2422 849 est,
2449 792 2502 837 et
2527 784 2579 835 in
2608 794 2772 835 carne
2800 779 3085 843 habitare,
3111 786 3293 832 tamen
3323 794 3432 833 non
3465 777 3702 831 invenie-

2127 887 2234 932 tur.
2271 875 2328 929 ln
2361 891 2466 944 quo
2497 889 2605 928 non
2638 871 2980 926 invenietur?
3015 871 3070 924 In
3107 869 3256 925 nullo
3283 882 3407 924 actu
3435 870 3704 934 saeculari,

2132 970 2183 1024 in
2226 969 2372 1024 nulla
2409 984 2466 1022 re
2492 966 2720 1030 carnali,
2756 966 2812 1020 in
2845 963 2990 1019 nullo
3020 964 3297 1033 colloquio
3331 963 3581 1019 vanitatis
3615 965 3704 1018 in-

2130 1064 2365 1118 venitur.
2401 1059 2702 1114 Transtulit
2731 1059 2876 1113 enim
2913 1072 3037 1112 eum
3083 1057 3230 1113 Deus
3259 1056 3326 1110 ab
3363 1057 3428 1112 iis
3451 1097 3466 1122 ,
3497 1065 3552 1110 et
3583 1071 3704 1110 esse

2131 1155 2260 1208 fecit
2308 1153 2361 1207 in
2408 1151 2627 1218 regione
2671 1149 2954 1202 virtutum.
2993 1145 3200 1202 Ultima
3255 1147 3465 1201 mansio
3509 1156 3594 1201 est
3641 1149 3705 1200 ab

2130 1246 2414 1301 occidente
2447 1241 2604 1296 Moab
2624 1240 2776 1310 juxta
2802 1237 3116 1292 .lordanem.
3151 1236 3341 1292 Omnis
3364 1251 3594 1305 namque
3618 1237 3708 1290 hic

2131 1352 2320 1390 cursus
2351 1341 2633 1405 propterea
2673 1331 2852 1398 agitur
2873 1369 2886 1390 ,
2917 1337 2971 1382 et
3016 1334 3292 1396 propterea
3326 1325 3567 1379 curritur
3592 1365 3607 1388 ,
3648 1335 3706 1377 ut

2131 1427 2477 1497 perveniatur
2513 1426 2577 1479 ad
2619 1423 2815 1476 ﬁumen
2865 1421 2956 1474 Dei
2989 1460 3004 1483 ,
3033 1427 3090 1471 ut
3127 1417 3360 1488 proximi
3400 1415 3704 1470 elﬁciamur

2133 1519 2345 1574 ﬂuentis
2369 1516 2664 1586 sapien'im,
2691 1522 2743 1567 et
2773 1513 3010 1580 rigentur
3029 1508 3180 1561 undis
3207 1506 3442 1561 scientiae
3463 1505 3693 1560 divinae:

2134 1621 2192 1664 ut
2239 1611 2316 1665 sic
2350 1623 2445 1678 per
2476 1607 2654 1660 omnia
2691 1601 2962 1673 puriﬁcati
2986 1639 3001 1663 ,
3034 1607 3230 1653 terram
3261 1594 3690 1663 repromissionis

2137 1713 2444 1755 mereamur
2475 1697 2698 1750 intrare.
2731 1693 2854 1746 llazc
2882 1689 3098 1745 interim
3128 1687 3196 1741 de
3219 1685 3516 1739 lsraeliticis
3537 1701 3690 1738 man-

2136 1793 2379 1846 sionibus
2431 1789 2726 1844 secundum
2795 1797 2960 1836 unum
3022 1777 3332 1848 exponendi
3384 1775 3591 1829 modum
3641 1776 3693 1829 in

2137 1894 2451 1937 transcursu
2483 1878 2850 1952 perstringere
2870 1911 2886 1941 ,
2916 1881 3078 1942 atque
3108 1871 3160 1924 in
3195 1867 3432 1923 medium
3466 1865 3704 1935 proferre

2134 1976 2426 2045 potuimus.

2206 2087 2292 2140 15.
2331 2085 2527 2138 Verum
2569 2098 2638 2137 ne
2677 2080 2980 2149 hujusmodi
3012 2079 3300 2148 expositio,
3337 2095 3458 2147 qua:
3484 2093 3577 2148 per
3607 2077 3712 2132 lle-

2133 2178 2399 2232 brrcorum
2430 2175 2665 2246 linguam
2693 2183 2748 2228 et
2783 2172 3057 2226 nominum
3083 2169 3478 2238 signiﬁcantias
3516 2169 3707 2232 currit,

2137 2271 2510 2339 ignorantibus
2576 2268 2770 2338 lingua:
2828 2265 2971 2320 illius
3020 2265 3408 2334 proprietatem
3463 2262 3708 2317 affectata

2134 2361 2382 2415 videatur
2429 2367 2482 2412 et
2526 2357 2791 2411 violenter
2835 2364 3050 2410 extorta
3077 2395 3092 2420 ,
3137 2353 3390 2408 dabimus
3443 2353 3604 2406 etiam
3653 2353 3706 2404 in

2137 2463 2319 2506 nostra
2354 2452 2532 2520 lingua
2563 2448 2995 2508 similitudinem,
3039 2463 3141 2515 qua
3176 2445 3579 2514 consequentia!
3611 2446 3710 2496 huc

2130 2546 2218 2614 jus
2240 2545 2375 2598 ratio
2399 2551 2658 2612 patescat.
2694 2541 2748 2594 ltt
2775 2539 3038 2594 litterario
3069 2538 3214 2602 ludo,
3243 2537 3336 2590 ubi
3363 2536 3514 2606 pueri
3538 2535 3707 2605 prima

2136 2637 2401 2690 elementa
2429 2633 2731 2702 suscipiunt
2759 2675 2774 2698 ,
2823 2629 3127 2685 abccedarii
3161 2629 3416 2683 dicuntur
3444 2628 3662 2696 quidam
3689 2666 3705 2688 ,

2137 2729 2228 2782 alii
2260 2726 2564 2797 syllabarii,
2597 2725 2688 2778 alii
2734 2723 3048 2789 nominarii,
3080 2721 3170 2774 alii
3209 2720 3320 2790 jam
3353 2719 3710 2774 calculatores

2137 2816 2474 2885 appellantur
2504 2831 2519 2868 :
2555 2822 2612 2868 et
2645 2828 2769 2867 cum
2812 2811 3148 2865 audierimus
3183 2810 3298 2863 haec
3347 2810 3564 2863 nomina
3591 2850 3607 2874 ,
3643 2823 3708 2863 ex

2139 2910 2269 2978 ipsis
2291 2909 2381 2976 qui
2417 2907 2526 2960 sint
2558 2906 2610 2959 in
2639 2906 2822 2974 pueris
2847 2903 3124 2974 profectus
3153 2902 3516 2972 agnoscimus.
3548 2902 3712 2955 Simi-

459 2991 670 3058 apiario
695 2993 798 3046 isto
827 2995 1114 3062 procedit?
1141 2997 1201 3049 Et
1224 2999 1415 3051 iterum
1441 3015 1563 3051 cum
1588 2999 1714 3054 dicit
1735 3000 1814 3054 “2
1854 3019 1872 3050 ι
1898 3000 2034 3056 Deos
2061 3005 2104 3064 ο
2139 3001 2261 3054 liter
2295 3011 2350 3053 ct
2385 3000 2437 3052 in
2475 2997 2790 3051 liberalibus
2819 2996 3045 3060 studiis,
3075 3009 3197 3049 cum
3227 3005 3321 3047 aut
3356 2995 3534 3048 locant
3569 2997 3709 3048 reci-

451 3096 562 3134 non
581 3082 886 3139 maledices.
918 3104 936 3136 ι
969 3086 1247 3141 Etiterum
1278 3089 1328 3140 in
1357 3089 1484 3141 Novi
1511 3089 1848 3145 Testameoti
1880 3094 2028 3162 apia-

454 3173 539 3224 ario
566 3172 652 3225 ubi
681 3172 908 3242 legimus
939 3176 1018 3230 “:
1053 3196 1070 3229 ι
1105 3177 1242 3244 Quid
1275 3195 1358 3233 me
1384 3181 1546 3235 vultis
1570 3183 1818 3237 occidere
1853 3185 2030 3239 homi-

449 3279 578 3318 nem
615 3266 706 3334 qui
738 3267 1018 3322 veritatem
1057 3269 1266 3325 locutus
1297 3289 1415 3325 sum
1449 3274 1636 3328 vobis?
1665 3293 1686 3328 ›
1727 3275 1790 3327 ΕΙ.
1831 3275 2027 3331 iterum

459 3357 510 3408 in
546 3356 667 3410 aliis
708 3357 820 3426 ipse
855 3359 1116 3415 Dominus
1148 3362 1279 3417 dicit
1315 3363 1387 3417 "z
1427 3383 1444 3415 ‹
1468 3364 1760 3428 Propterea
1793 3367 1842 3421 in
1874 3384 2032 3436 para-

452 3448 598 3501 bolis
627 3449 817 3517 loquor
842 3450 940 3513 eis,
977 3461 1034 3504 ut
1063 3453 1303 3506 videntes
1329 3471 1432 3510 non
1462 3457 1696 3521 videant,
1725 3467 1778 3512 et
1809 3460 2032 3513 audien-

460 3548 539 3590 tcs
594 3553 698 3590 non
753 3535 1078 3609 intelligant,
1111 3558 1176 3596 ne
1229 3543 1365 3595 forte
1417 3555 1822 3611 convertantur,
1857 3559 1911 3602 et
1941 3564 2028 3603 sa-

459 3644 579 3681 nem
608 3643 720 3682 eos.
749 3650 768 3681 ι
809 3629 912 3684 Sed
945 3643 998 3686 et
1027 3649 1149 3687 cum
1181 3635 1470 3702 Apostolus
1501 3637 1630 3689 dicit
1655 3637 1727 3691 a":
1779 3657 1797 3689 ι
1825 3639 1881 3692 ln
1913 3640 2033 3708 qui-

458 3718 559 3771 bus
581 3719 890 3785 Deushujus
907 3723 1086 3775 δίνουΙί
1108 3725 1403 3779 μιιςειὶοτινίι
1421 3735 1630 3781 mentes
1652 3727 1949 3783 inﬁdelium
1973 3751 1984 3796 ;
2008 3751 2026 3783 ι

457 3819 515 3861 et
545 3809 711 3862 inulta
741 3813 1044 3876 hujusmodi
1070 3816 1119 3867 in
1149 3817 1248 3870 hoc
1265 3817 1447 3872 divino
1467 3819 1676 3887 apiario
1703 3831 2030 3876 tcntamenta

461 3903 721 3970 reperies,
754 3905 819 3959 ad
851 3921 970 3974 qua:
1010 3921 1234 3962 necesse
1270 3919 1353 3962 est
1379 3911 1566 3964 venire
1591 3928 2034 3984 unumquemque

461 4006 798 4062 sanctorum,
842 4007 899 4050 ut
926 3999 1087 4052 etiam
1121 4015 1216 4068 per
1249 4001 1384 4063 haec.
1413 4018 1574 4069 quam
1613 4004 1848 4071 perfecte
1871 4016 1921 4059 ct
1947 4009 2034 4076 pie

461 4089 528 4138 a'e
559 4086 665 4140 Deo
692 4088 916 4149 sentiat,
948 4100 1300 4158 agnoscatur.
1337 4091 1466 4146 Post
1517 4095 1633 4147 haec
1677 4094 1787 4161 jam
1817 4100 2036 4154 venitur

455 4175 687 4228 ﬁelmon
725 4177 1090 4242 Deblathaim,
1120 4182 1261 4249 quod
1291 4182 1684 4252 interpretatur
1711 4200 2033 4258 contemptus

455 4266 654 4330 [it-unm
679 4267 814 4336 (li),
857 4270 908 4324 id
941 4280 1026 4325 est
1057 4273 1145 4325 ubi
1195 4284 1616 4328 contemnuntur
1646 4287 1699 4331 et
1735 4278 2033 4348 despiciun-

2140 3106 2274 3155 tare.
2303 3103 2395 3146 aut
2425 3092 2832 3153 allocutionem,
2861 3087 2942 3140 vel
2973 3086 3208 3152 laudem,
3238 3087 3481 3154 aliasque
3504 3101 3598 3154 per
3624 3101 3714 3141 or-

2137 3185 2317 3240 dinem
2374 3184 2630 3236 materias
2677 3179 3040 3244 audierimus,
3089 3194 3153 3233 ex
3205 3179 3446 3234 materiae
3493 3181 3712 3233 nomine

2137 3275 2441 3348 profectum
2474 3274 2834 3328 adolescentis
2881 3270 3234 3326 advertimus.
3273 3271 3552 3337 Quomodo
3584 3285 3713 3339 ergo

2138 3378 2192 3424 et
2221 3381 2318 3436 per
2359 3366 2472 3419 lucc
2511 3377 2629 3430 qua:
2659 3361 2902 3416 locorum
2953 3361 3106 3428 quasi
3144 3361 3498 3414 materiarum
3540 3361 3715 3414 nomi-

2139 3474 2208 3512 na
2239 3464 2637 3516 memorantur,
2674 3467 2780 3506 non
2816 3453 3103 3505 credamus
3143 3450 3193 3502 in
3222 3448 3422 3504 divinis
3447 3450 3710 3503 eruditio-

2141 3549 2297 3603 nibus
2321 3545 2590 3616 profectus
2623 3542 2846 3597 indicari
2876 3557 3033 3611 posse
3063 3541 3424 3596 discentium?
3455 3539 3624 3612 384
3651 3541 3710 3594 Et

2141 3641 2282 3695 sicut
2328 3637 2439 3691 illic
2475 3634 2699 3702 singulis
2730 3633 3032 3701 quibusque
3074 3633 3288 3687 dicendi
3341 3634 3580 3686 materiis
3615 3635 3712 3686 int-

2141 3738 2441 3792 tuorantes,
2482 3727 2636 3796 quasi
2669 3723 2979 3779 mansiones
3023 3727 3075 3780 in
3102 3727 3182 3780 eis
3228 3727 3490 3794 quasdam
3533 3726 3715 3780 facere

2140 3823 2412 3885 videntur,
2450 3830 2506 3874 et
2539 3821 2604 3875 de
2638 3836 2742 3874 una
2776 3820 2844 3874 ad
2877 3820 3076 3885 aliam,
3113 3835 3176 3873 ac
3222 3821 3290 3874 de
3325 3819 3430 3872 alia
3482 3819 3608 3873 item
3647 3822 3710 3873 ad

2143 3916 2303 3970 aliam
2351 3912 2662 3983 proﬁcisci:
2703 3912 2774 3966 ita
2804 3912 2967 3966 etiam
3001 3911 3088 3964 hic
3133 3909 3474 3964 mansionum
3517 3925 3710 3964 nomen

2141 4018 2194 4060 et
2243 4005 2505 4075 profectio
2535 4004 2600 4058 ab
2636 4017 2742 4056 una
2778 4003 2844 4056 ad
2871 4001 3030 4055 aliam
3052 4043 3067 4067 ,
3100 4010 3154 4055 et
3177 3999 3248 4054 ab
3284 3999 3386 4054 alia
3420 4001 3616 4054 iterum
3646 3999 3710 4052 ad

2142 4096 2327 4159 aliam,
2355 4107 2456 4148 cur
2477 4107 2582 4147 non
2609 4089 2909 4158 profectum
2942 4091 3137 4144 mentis
3167 4090 3410 4143 indicare
3436 4090 3711 4153 credatur,

2140 4197 2188 4242 et
2219 4189 2552 4240 incrementa
2579 4182 2889 4252 signiﬁcare
2911 4181 3210 4235 virtutum?
3235 4181 3382 4235 Illam
3403 4198 3528 4238 vero
3550 4183 3712 4236 aliam

2141 4279 2499 4350 expositionis
2529 4287 2736 4347 partem
2781 4274 3136 4345 prudentibus
3176 4275 3481 4345 quibusque
3510 4291 3578 4329 ex
3609 4276 3710 4329 ista

459 4367 552 4412 tur
601 4361 814 4426 penitus
869 4372 1102 4422 terrena.
1142 4364 1252 4419 Nisi
1301 4367 1445 4421 enim
1498 4381 1679 4438 spreta
1729 4369 1932 4427 fuerint
1977 4385 2034 4428 et
2068 4355 2110 4410 θ
2143 4370 2534 4440 conjiciendam
2569 4376 2622 4422 et
2654 4364 3122 4434 contemplandam
3172 4360 3438 4442 relinquo.
3482 4363 3712 4432 Sapien-

455 4459 770 4518 a-ontempta
810 4469 870 4507 ea
915 4471 1034 4524 qua:
1073 4457 1344 4513 delectare
1377 4461 1630 4515 videntur
1662 4463 1712 4515 in
1748 4466 1930 4527 terris.
1967 4471 2034 4522 ad

459 4537 703 4594 roelestia
728 4545 961 4599 transire
991 4562 1092 4600 non
1113 4563 1418 4616 possumus.
1450 4551 1708 4620 Sequitur
1731 4555 1878 4609 enim
1907 4569 2030 4624 post

458 4631 576 4684 inec
608 4634 818 4688 mansio
847 4636 1065 4689 Abarim
1099 4649 1286 4692 contra
1317 4640 1503 4694 Naban
1523 4682 1537 4704 ,
1564 4644 1705 4710 quod
1730 4656 1812 4698 est
1838 4651 2037 4702 transi-

457 4733 566 4778 tus.
624 4724 807 4780 Nabau
847 4742 975 4783 vero
1015 4731 1274 4784 abscessio
1325 4733 1712 4800 interpretatur
1757 4738 1893 4807 (l5).
1933 4740 2032 4796 Ubi

534 4867 578 4898 ³³
615 4867 742 4924 Luc.
778 4885 890 4929 xw.
928 4869 1019 4923 26.
1095 4871 1139 4902 ”
1170 4873 1320 4924 Deut.
1362 4888 1432 4930 tv.
1483 4874 1569 4928 19.

461 4939 506 4972 ⁸⁸
537 4935 579 4990 ll
609 4939 733 4994 Cor.
784 4955 858 5000 tv,
891 4941 950 4997 4.
1024 4943 1067 4973 ³³
1105 4941 1238 4996 Gen.
1270 4959 1322 5008 v,
1347 4942 1436 4996 2i.

535 5058 645 5128 (l2)
688 5057 876 5120 Oboth,
909 5059 1060 5118 cuius
1103 5058 1325 5110 nominis
1364 5061 1600 5125 quamvis
1632 5078 1733 5114 non
1773 5063 2032 5115 inveneri-

460 5145 578 5180 mus
606 5129 1225 5203 t'ttlerprrtatt'onertt,etc.
1249 5140 1368 5186 n15:
1403 5130 1549 5183 reddi
1579 5141 1754 5200 potest
1791 5150 1808 5181 ι
1831 5132 2033 5203 Pytho-

461 5213 562 5252 ttcs
587 5216 604 5248 ι
642 5198 724 5249 Vel
762 5215 781 5247 ‹
809 5209 978 5250 utres.
1007 5217 1024 5248 ι
1059 5199 1225 5250 Radix
1269 5208 1350 5252 est
1382 5208 1502 5257 τινε.

539 5285 649 5355 (15)
683 5285 807 5350 Cui,
835 5289 972 5355 quod
1003 5289 1372 5352 interpretatur
1398 5290 1574 5340 chaos.
1607 5289 1660 5340 In
1692 5290 1843 5342 libris
1873 5301 2033 5345 antea

463 5359 627 5410 editis
669 5372 765 5425 pro
823 5377 840 5406 ι
868 5358 964 5410 Gai
998 5375 1015 5408 ι
1061 5357 1254 5424 legitur
1300 5375 1318 5407 ι
1347 5358 1464 5426 Gai,
1501 5378 1518 5409 ι
1557 5360 1647 5411 sed
1691 5361 1832 5426 apud
1893 5360 2034 5414 LXX

465 5429 656 5487 Tai,et
688 5428 738 5478 itt
776 5428 962 5480 codice
995 5426 1292 5480 Turottensi
1331 5446 1350 5478 ι
1377 5425 1497 5492 Gai,
1531 5448 1548 5479 ι
1586 5429 1638 5480 in
1677 5425 1898 5483 llehrmo
1941 5447 2038 5483 att-

471 5511 577 5549 tent
618 5502 722 5558 τιν.
756 5497 925 5568 Radix
955 5506 1185 5568 estiam,
1204 5499 1345 5568 quod
1383 5509 1468 5552 est
1503 5498 1662 5552 Mich.
1691 5516 1728 5562 t,
1756 5499 1808 5563 6,
1841 5517 1862 5551 ι
1892 5516 2040 5555 acer-

467 5579 595 5696 ;uq.
619 5567 888 5688 cuptu‘lus,
923 5586 940 5620 ι
979 5567 1062 5623 vel
1090 5586 1112 5622 ι
1136 5567 1417 5625 desolatio.
1447 5587 1465 5620 ι
1505 5568 1655 5624 Unde
1681 5581 1736 5625 et
1768 5587 1788 5621 ‹
1817 5571 1984 5626 chaos
2015 5589 2032 5622 ι

512 5651 576 5692 ιρι
615 5649 682 5695 po
710 5649 767 5689 es
800 5675 812 5686 .

512 5651 576 5692 lC]
615 5649 812 5695 νοιεδι.

1647 4874 1691 4906 ⁸⁸
1717 4875 1887 4934 Exod.
1942 4895 2076 4947 uti,
2127 4883 2216 4937 28.

2147 4465 2289 4516 tibus
2338 4461 2480 4515 enim
2526 4456 2720 4513 suﬁicit
2764 4455 3108 4510 occasionem
3163 4455 3417 4509 dedisse:
3453 4455 3578 4524 quia
3613 4469 3712 4508 nec

2141 4552 2357 4622 expedit
2391 4559 2450 4604 ut
2481 4548 2784 4603 auditorum
2817 4558 3008 4600 sensus
3042 4544 3256 4614 penitus
3279 4543 3715 4599 remaneatotio-

2142 4659 2234 4698 sus
2264 4654 2318 4697 et
2352 4642 2522 4710 piger.
2568 4639 2645 4693 Ex
2682 4639 2872 4693 horum
2916 4649 3045 4703 ergo
3087 4635 3378 4689 collatione
3410 4635 3576 4690 etiam
3624 4633 3712 4687 illa

2143 4739 2434 4792 meditetur
2459 4775 2474 4800 ,
2509 4735 2616 4788 imo
2648 4741 2703 4787 et
2735 4733 2935 4802 aliquid
2973 4732 3339 4800 perspicacius
3385 4747 3447 4783 ac
3485 4730 3716 4783 divinius

2325 4876 2551 4931 “Joan.
2585 4891 2701 4937 vttt,
2758 4873 2848 4927 40.
2926 4871 2968 4901 ³⁷
3009 4870 3194 4924 Matth.
3249 4886 3365 4934 xm,
3421 4870 3487 4922 l5
3537 4878 3589 4922 et
3627 4868 3712 4924 l5.

2218 5063 2263 5132 (1
2278 5058 2330 5128 4)
2367 5055 2583 5132 (Salutat:
2636 5048 2980 5132 Dalilatltaim:
3001 5045 3568 5132 quod“interpretatur!
3591 5059 3714 5132 rog-

2143 5113 2367 5198 teniptus
2420 5126 2638 5192 ﬁcuum.
2677 5119 2866 5173 Melius
2887 5113 3202 5170 redderetur
3229 5129 3288 5198 ε’(
3317 5114 3606 5167 occultatio
3655 5113 3714 5165 ﬁ-

2142 5187 2300 5277 cuuin
2333 5237 2350 5269 ι
2406 5187 2472 5268 ab
2514 5196 2629 5276 dm
2681 5229 2700 5262 ι
2747 5211 3033 5272 latitavit,»
3087 5214 3142 5257 et
3189 5220 3216 5258 a
3254 5187 3362 5266 ’τῇ
3410 5207 3708 5274 «palatha,

2145 5305 2320 5346 massa
2355 5286 2570 5338 ﬁcuum.
2602 5301 2619 5334 ι

2217 5358 2328 5427 (15)
2377 5355 2590 5427 Abarim
2631 5360 2815 5427 contra
2859 5345 3050 5399 Nabau
3076 5388 3090 5405 ,
3127 5344 3710 5427 (ιιιοίςιεει.ιι·σηεὶιιιε;

2148 5414 2342 5483 Νάὸαίι
2375 5440 2489 5477 rero
2509 5422 2766 5474 abscessio
2797 5419 3188 5480 interpretatur.
3234 5414 3453 5483 Abarim
3486 5431 3504 5463 ι
3531 5425 3715 5467 trans-

2146 5482 2253 5552 ittts
2277 5515 2295 5546 ι
2339 5496 2721 5559 interpretatur
2761 5491 2960 5550 uti-12y
3009 5505 3026 5536 ι
3049 5484 3281 5548 transiit,
3307 5503 3326 5535 ι
3361 5482 3716 5559 Νειὺιιιιμυῑο

2155 5586 2172 5618 t
2204 5553 2494 5625 abscessit),
2528 5579 2547 5612 ι
2590 5561 2632 5612 si
2660 5567 2744 5616 πω
2773 5561 3069 5613 deducatur
3097 5572 3124 5607 a
3149 5563 3252 5613 mn
3273 5575 3288 5604 ι
3321 5554 3522 5616 venit,»
3558 5553 3708 5620 item,

2152 5657 2172 5690 ι
2205 5635 2388 5698 abivit,
2428 5630 2666 5687 recessit.
2697 5647 2718 5680 ι
