4104 6226
360 401 453 456 801
1453 398 1518 450 1N
1553 394 1885 451 NUMEROS
1922 394 2207 451 HOMILIA
2246 396 2496 450 XXVIII;

3497 398 3606 451 803

358 519 801 587 contempletur:
848 537 865 569 ‹
899 518 1011 571 Non
1046 518 1185 571 enim
1221 523 1285 570 ad
1321 533 1631 572 mensuram
1665 520 1755 571 dat
1796 518 1933 570 Deus
1965 521 2012 576 A
2041 517 2240 571 buntur
2275 519 2326 570 in
2358 517 2473 585 lege
2498 554 2513 579 ,
2553 514 2772 567 umbras
2803 529 2923 568 esse
2962 515 3265 568 futurorum
3294 516 3561 568 bonorum
3584 551 3602 573 .

360 610 612 680 spiritum
642 611 721 676 "°;
750 630 767 662 ι
799 614 891 665 sed
919 613 1042 679 quia
1071 610 1328 665 Dominus
1354 620 1435 664 est
1456 612 1695 677 spiritus,
1728 611 1929 663 idcirco

364 715 387 753 ιι
420 700 507 753 ubi
546 698 694 764 vult,
724 700 891 767 spirat
931 701 998 764 δ¹,
1031 718 1049 751 ι
1096 708 1145 752 et
1180 709 1433 767 Optamus
1466 708 1524 752 ut
1571 700 1733 753 etiam
1776 702 1928 753 vobis

361 794 585 860 aspiret,
612 806 716 860 quo
746 792 968 845 meliora
998 792 1216 855 horum,
1242 802 1406 859 atque
1435 791 1628 844 altiora
1663 792 1715 843 in
1750 792 1928 843 Verbis

364 882 572 937 Domini
598 882 860 941 sentiatis,
887 883 990 935 iter
1017 892 1235 950 agentes
1271 896 1365 950 per
1394 882 1506 936 haec
1540 896 1659 949 qua:
1702 896 1798 949 pro
1834 897 1927 931 nn-

362 981 477 1027 stra
515 971 886 1025 mediocritate
912 972 1299 1040 descripsimus
1327 990 1341 1035 ;
1368 981 1426 1024 ttt
1454 980 1506 1025 et
1532 972 1582 1024 in
1611 970 1697 1023 illa
1725 970 1806 1023 via
1836 987 1923 1021 su.

364 1063 576 1129 periore
610 1072 663 1115 et
692 1061 1013 1125 excelsiore,
1039 1062 1199 1116 etiam
1231 1077 1332 1116 nos
1354 1062 1629 1116 vobiscum
1662 1062 1929 1131 possimus

364 1154 657 1219 incedere;
689 1153 985 1208 deducente
1020 1168 1119 1207 nos
1167 1153 1283 1222 ipso
1323 1154 1550 1208 Domino
1578 1161 1766 1207 nostro
1794 1151 1921 1205 Jesu

362 1243 605 1306 Christo,
639 1245 727 1311 qui
764 1255 842 1298 est
881 1246 963 1298 via
988 1286 1001 1309 ,
1033 1255 1087 1300 et
1116 1248 1351 1310 veritas,
1387 1255 1441 1299 et
1474 1246 1581 1298 vita
1604 1284 1619 1308 ,
1651 1260 1929 1312 usquequo

365 1336 744 1403 perveniamus
766 1336 830 1388 ad
854 1336 1089 1399 Patrem,
1116 1350 1238 1389 cum
1264 1336 1546 1389 tradiderit
1572 1348 1793 1404 regnum
1821 1336 1928 1388 Deo

364 1436 420 1480 et
470 1426 656 1492 Patri,
696 1436 747 1481 et
800 1427 1093 1496 subiecerit
1128 1427 1177 1481 ei
1227 1442 1441 1481 omnem
1474 1427 1836 1495 principatum
1877 1434 1930 1477 et

365 1526 708 1587 potestatem.
738 1517 841 1586 [psi
877 1517 1042 1586 gloria
1071 1525 1124 1571 et
1149 1518 1432 1584 imperium
1461 1518 1511 1569 in
1540 1516 1733 1569 saecula
1762 1530 1929 1570 szccn-

362 1606 553 1662 lorum.
596 1608 786 1661 Amen.

872 1696 1153 1752 llOMlLlA
1205 1695 1437 1752 XXVIII.

362 1787 495 1854 Qua!
542 1792 608 1842 sit
656 1800 810 1843 terrm
870 1800 1066 1843 saucia:
1118 1790 1443 1850 descriptio,
1487 1789 1930 1857 ter-minorumque

572 1861 685 1928 ejus
710 1870 756 1913 et
781 1860 968 1927 ﬁniunt
994 1877 1121 1929 quos
1148 1859 1399 1911 Dominus
1421 1859 1716 1926 descripsit.

432 1963 486 2017 1.
532 1962 729 2017 Ultima
764 1964 814 2016 in
851 1963 986 2017 libro
1021 1964 1372 2017 Numerorum
1412 1960 1635 2014 historia
1672 1960 1927 2024 refertur,

362 2052 416 2107 .’n
447 2068 549 2121 qua
584 2054 1014 2123 Dominusjubet
1046 2054 1209 2124 Moysi
1244 2064 1508 2123 prtccepta
1542 2054 1669 2107 dare
1704 2053 1827 2106 filiis
1856 2053 1931 2106 ls-

364 2144 475 2199 rael
501 2186 515 2212 ,
549 2154 605 2198 ut
652 2161 774 2200 cum
820 2148 1047 2217 ingressi
1086 2147 1280 2200 fuerint
1320 2156 1517 2199 terrain
1555 2156 1797 2200 sanctam
1843 2161 1931 2199 ca-

364 2252 495 2306 pere
528 2239 901 2292 hccreditatetn
952 2238 1089 2306 ejus,
1118 2238 1293 2292 sciant
1322 2253 1457 2306 quos
1487 2238 1537 2290 in
1573 2252 1633 2290 ca
1674 2240 1932 2292 terminos

365 2328 551 2382 finium
579 2345 797 2383 suorum
829 2330 1061 2382 debeant
1083 2330 1395 2383 observare.
1422 2329 1482 2381 Et
1506 2339 1616 2395 post
1640 2329 1928 2381 lueretiam

363 2419 479 2485 ipso
514 2418 740 2473 Domino
782 2419 890 2487 (l6)
929 2419 1270 2473 describente
1306 2419 1543 2473 dicitur:
1589 2423 1650 2471 ad
1690 2422 1928 2473 Africum

362 2510 604 2579 quidem,
634 2511 734 2564 hoc
763 2521 866 2572 ρει,
896 2512 960 2565 ad
985 2511 1318 2567 occidentem
1360 2512 1502 2566 illius
1531 2512 1635 2566 loci
1669 2516 1931 2568 terminus

361 2599 710 2666 observetur,
731 2609 786 2652 et
815 2600 959 2653 illius
985 2601 1049 2654 ad
1073 2601 1365 2662 orientem,
1397 2608 1453 2652 et
1482 2601 1558 2654 sic
1584 2614 1679 2669 per
1702 2610 1932 2669 quatuor

367 2688 491 2743 coeli
518 2689 701 2759 plagas
734 2691 949 2743 nomina
986 2690 1230 2759 quzedam
1264 2691 1521 2744 Dominus
1554 2692 1665 2759 ipse
1686 2691 1930 2760 designat

366 2792 486 2846 qua:
519 2778 572 2832 in
602 2778 783 2832 Iudaea
819 2780 917 2832 ista
953 2788 1168 2835 terrena
1215 2781 1445 2849 populus
1484 2780 1575 2835 Dei
1617 2782 1807 2836 debeat
1836 2798 1931 2835 cu-

364 2868 590 2926 stodire.
626 2868 764 2922 Dicit
797 2884 926 2937 ergo
960 2870 1009 2923 in
1040 2871 1105 2923 iis
1137 2870 1437 2940 simplicior
1468 2872 1696 2940 quisque
1723 2874 1932 2927 audito-

366 2974 485 3012 rum
510 3002 523 3025 ,
553 2962 676 3029 quia
724 2974 947 3029 possunt
993 2963 1105 3017 haec
1156 2962 1461 3016 necessaria
1492 2963 1663 3017 videri
1693 2973 1748 3017 et
1783 2964 1928 3017 utilia

363 3049 527 3103 etiam
555 3053 846 3106 secundum
890 3052 1147 3118 litteram,
1175 3068 1272 3121 pro
1298 3068 1362 3107 eo
1388 3062 1446 3106 ut
1473 3068 1627 3108 nemo
1656 3064 1932 3123 transgre-

363 3142 543 3196 diatur
567 3144 830 3197 terminos
858 3159 952 3211 per
984 3154 1311 3214 praaceptum
1340 3144 1554 3198 Domini
1582 3147 1928 3211 constitutos,

362 3245 415 3287 et
453 3236 589 3289 lines
618 3236 840 3290 alterius
875 3237 1049 3291 tribus
1087 3238 1192 3289 alia
1228 3237 1428 3291 violare
1466 3252 1570 3290 non
1610 3238 1830 3291 audeat.
1864 3237 1931 3291 Et

360 3328 487 3395 quid
525 3328 809 3391 faciemus,
844 3344 963 3381 cum
999 3331 1049 3380 in
1086 3330 1245 3382 terris
1284 3329 1402 3382 istis
1429 3344 1533 3381 non
1565 3329 1737 3382 solum
1774 3329 1929 3383 inva-

363 3417 521 3469 dendi
552 3417 775 3470 alterius
802 3419 935 3470 lines
956 3416 1154 3470 Judrcis
1174 3460 1188 3480 ,
1218 3420 1309 3471 sed
1333 3418 1784 3487 qualitercunque
1808 3433 1929 3486 pos-

366 3507 577 3560 sidendi
616 3508 841 3560 facultas
870 3508 1013 3561 nulla
1046 3509 1410 3561 remanserit?
1447 3508 1661 3578 Prolugi
1695 3523 1929 3576 namque

364 3598 433 3651 ab
463 3614 522 3652 ea
543 3640 558 3661 ,
590 3608 645 3652 et
684 3607 929 3651 extorres
956 3597 1240 3657 exsulant.
1276 3608 1329 3652 et
1363 3598 1498 3653 lines
1537 3615 1641 3652 non
1673 3614 1808 3667 quos
1842 3600 1928 3652 lex

360 3689 542 3741 divina
589 3690 818 3751 statuit,
874 3704 1015 3742 nunc
1060 3688 1399 3758 possidentes
1444 3690 1797 3753 custodiunt,
1836 3688 1928 3742 sed

361 3793 500 3844 quos
528 3778 796 3831 victorum
820 3778 941 3846 jura
973 3780 1319 3831 mandarunt.
1359 3777 1517 3843 Quid,
1553 3779 1793 3845 inquam,
1830 3792 1929 3831 nos

364 3869 624 3922 faciemus
648 3869 737 3938 qui
771 3868 883 3922 haec
910 3867 962 3920 in
990 3867 1231 3922 Ecclesia
1258 3867 1523 3937 legimus?
1558 3868 1611 3921 Si
1635 3870 1926 3922 secundum

361 3958 669 4014 Judazorum
695 3974 912 4013 sensum
955 3960 1221 4029 legamus,
1254 3960 1521 4028 superﬂua
1556 3961 1710 4014 nobis
1745 3961 1929 4029 profe-

362 4060 449 4104 cto
481 4050 810 4105 videbuntur
855 4058 910 4103 et
956 4049 1156 4103 inania.
1198 4049 1305 4103 Sed
1345 4058 1400 4103 et
1433 4064 1535 4118 ego
1580 4051 1673 4118 qui
1722 4051 1838 4121 lego
1866 4052 1930 4105 de

363 4143 620 4211 sapientia
652 4143 913 4209 scriptum
942 4142 1020 4197 "z
1057 4158 1076 4192 ι
1106 4141 1201 4194 Exi
1238 4150 1359 4209 post
1382 4155 1498 4195 eam
1525 4142 1663 4194 sicut
1695 4144 1930 4213 vestiga-

366 4243 470 4296 tor,
500 4252 519 4285 ι
568 4233 688 4286 volo
714 4233 862 4286 exire
905 4242 1023 4302 post
1065 4247 1210 4295 eam,
1257 4241 1312 4286 et
1341 4232 1465 4301 quia
1512 4232 1567 4285 in
1620 4234 1778 4287 rebus
1810 4249 1929 4287 eam

364 4325 745 4391 corporalibus
779 4339 881 4376 non
913 4323 1151 4387 invenio,
1186 4324 1395 4392 insequi
1427 4323 1543 4391 ejus
1577 4325 1798 4391 Vt'stigia
1837 4340 1931 4377 cu-

367 4418 454 4482 pio
481 4454 494 4476 ,
528 4424 582 4466 et
625 4416 955 4481 inveSIigare
990 4430 1096 4482 quo
1128 4426 1214 4467 eat
1241 4455 1255 4478 ,
1299 4430 1362 4468 ac
1391 4416 1571 4467 videre
1625 4416 1928 4468 intellectus

2037 607 2324 675 omnisque
2356 605 2641 660 luereditas
2671 613 2827 657 teme
2850 604 3010 666 illius,
3041 620 3157 672 qtue
3183 603 3238 656 in
3272 600 3452 656 Judtea
3492 612 3605 657 ter-

2035 712 2091 751 ra
2124 708 2307 751 sancta
2334 708 2387 751 et
2417 707 2558 750 terra
2588 696 2727 749 bona
2756 697 3079 763 appellatur,
3116 696 3294 764 imago
3329 695 3399 747 sit
3429 696 3603 748 bono-

2038 804 2153 841 rum
2185 789 2516 842 cmlcstium;
2550 803 2778 854 quorum
2816 791 2961 851 haec,
3010 799 3068 841 ut
3099 787 3355 851 diximus,
3390 783 3509 853 quin
3546 784 3600 839 iu

2036 880 2195 932 terris
2224 881 2362 934 bona
2410 889 2800 943 memorantur,
2837 881 3081 933 umbram
3123 888 3285 949 atque
3313 878 3603 950 imaginem

2037 978 2274 1022 teneant.

2102 1060 2158 1111 Ξ.
2186 1060 2291 1115 Sed
2326 1070 2378 1112 ut
2418 1064 2692 1132 paululum
2726 1074 2781 1117 et
2812 1078 2966 1117 meus
3006 1074 3205 1123 sermo,
3239 1072 3294 1113 et
3318 1068 3492 1112 vestra
3524 1057 3605 1111 iu-

2036 1152 2327 1221 telligentia
2377 1156 2702 1212 sublimetur
2726 1201 2739 1221 ,
2776 1168 2937 1224 atque
2984 1158 3286 1221 ingressum
3316 1150 3603 1219 quemdam

2034 1243 2100 1294 ad
2142 1258 2204 1294 ea
2248 1257 2369 1310 qua:
2407 1245 2640 1299 dicimus
2684 1244 3012 1300 advertenda
3040 1240 3350 1308 concipiat,
3390 1250 3608 1292 utamur

2036 1333 2215 1401 aliqua
2240 1334 2621 1390 similitudine.
2657 1336 2825 1389 Nemo
2855 1335 3063 1389 dubitat
3094 1332 3234 1400 quod
3264 1330 3317 1383 in
3345 1338 3488 1382 terra
3512 1326 3607 1381 Ju-

2038 1425 2151 1478 dma
2184 1426 2360 1478 omnis
2388 1426 2535 1480 locus
2554 1469 2568 1489 ,
2609 1430 2785 1500 omnis
2819 1443 2995 1489 mons,
3021 1423 3198 1479 omnis
3226 1422 3419 1477 civitas
3447 1428 3501 1473 et
3530 1418 3609 1469 vi-

2035 1530 2152 1580 cus,
2184 1518 2351 1570 certis
2374 1518 2677 1587 quibusque
2703 1517 2978 1572 vocabulis
3008 1516 3359 1583 designetur:
3397 1525 3496 1564 nec
3524 1521 3607 1562 cst

2040 1606 2186 1659 ullus
2217 1608 2437 1662 omnino
2471 1611 2589 1663 sine
2626 1610 2844 1663 nomine
2890 1608 3042 1661 locus
3063 1650 3076 1669 ,
3111 1606 3205 1659 sed
3237 1602 3471 1672 propriis
3496 1600 3615 1654 siu—

2036 1697 2158 1767 gula
2222 1714 2448 1769 qumque
2495 1701 2950 1771 appellationibus
3000 1699 3399 1767 designantur:
3458 1694 3604 1748 verbi

2036 1789 2226 1856 gratia,
2248 1792 2447 1858 quibus
2479 1802 2571 1844 aut
2598 1792 2887 1847 Chananazi
2926 1792 2975 1843 in
3009 1790 3123 1843 suis
3161 1788 3312 1851 locis,
3346 1794 3437 1839 aut
3467 1783 3607 1837 Phe-

1960 1867 2003 1921 Β
2036 1880 2184 1933 resmi
2213 1881 2566 1935 nihilominus
2592 1882 2644 1935 in
2678 1882 2811 1943 suis,
2852 1878 3286 1947 Amorrlueique,
3325 1886 3416 1929 aut
3441 1872 3608 1935 Eva-i,

2032 1970 2112 2023 vel
2146 1972 2307 2023 etiam
2366 1971 2575 2025 llebrrei
2608 1973 2977 2025 nominarunt.
3029 1969 3104 2021 Ita
3148 1984 3277 2037 ergo
3312 1962 3607 2021 secundum

2032 2060 2357 2113 sententiam
2398 2060 2567 2135 Pauli,
2635 2078 2737 2129 qua
2786 2062 3029 2113 umbram
3071 2069 3124 2112 et
3181 2056 3458 2123 exemplar
3493 2066 3608 2108 c03-

2032 2149 2246 2203 lcstium
2276 2152 2406 2204 dicit
2438 2167 2556 2205 esse
2592 2162 2825 2213 terrena,
2866 2151 3095 2202 fortasse
3127 2160 3178 2201 ct
3208 2147 3259 2200 in
3290 2143 3608 2199 cmlestibus

2034 2244 2347 2311 regionibus
2376 2253 2532 2296 erunt
2586 2242 2828 2297 locorum
2860 2239 3179 2293 differentim
3214 2253 3315 2289 non
3347 2235 3607 2288 minima'.

2034 2334 2238 2387 Videtis
2263 2336 2481 2402 quibus,
2511 2334 2594 2387 vel
2619 2348 2845 2400 quorum
2873 2330 3343 2400 appellationibus,
3374 2324 3611 2380 voeabu—

2033 2425 2209 2495 lisquc
2249 2426 2553 2490 distincta),
2595 2433 2650 2477 et
2698 2426 2917 2479 nomina
2966 2437 3070 2475 non
3108 2419 3277 2473 solum
3329 2417 3607 2486 plagarum

2034 2516 2156 2569 caeli
2196 2554 2212 2580 ,
2272 2515 2366 2569 sed
2421 2517 2583 2569 etiam
2643 2516 2885 2567 onmium
2937 2512 3214 2567 stellarum
3263 2508 3613 2575 siderumque

2034 2607 2270 2675 signata.
2322 2624 2340 2656 ι
2372 2605 2472 2672 Qui
2504 2606 2653 2660 enim
2687 2605 2811 2659 fecit
2858 2602 3256 2657 multitudinem
3285 2598 3563 2654 stellarum
3587 2639 3607 2660 ,

1996 2738 1997 2741 η
2035 2705 2092 2751 ut
2123 2697 2197 2750 ait
2225 2696 2489 2766 PrOpheta
2524 2696 2591 2763 ⁸⁸,
2619 2696 2870 2749 omnibus
2899 2694 2977 2747 eis
3008 2692 3223 2747 nomina
3256 2699 3432 2746 vocat.
3470 2708 3486 2740 ι
3533 2690 3608 2743 De.

2034 2788 2230 2857 quibus
2263 2788 2481 2857 quidem
2534 2789 2844 2842 nominibus
2890 2786 3117 2853 plurima
3156 2785 3208 2839 in
3264 2783 3468 2838 libellis
3516 2780 3605 2845 qui

2036 2880 2374 2951 appellantur
2406 2879 2593 2934 Enoch
2628 2876 2765 2949 (l7),
2801 2886 3009 2932 secreta
3040 2875 3388 2930 continentur
3432 2885 3486 2927 et
3517 2888 3608 2923 ar-

2037 2983 2207 3034 cana;
2241 2968 2335 3022 sed
2361 2968 2490 3036 quia
2539 2966 2704 3021 libelli
2755 2966 2854 3034 ipsi
2898 2979 3006 3019 non
3043 2964 3296 3016 videntur
3328 2963 3465 3031 apud
3503 2959 3609 3013 He-

2035 3061 2211 3115 braeos
2256 3060 2309 3113 in
2342 3057 2661 3112 auctoritate
2692 3057 2923 3119 haberi,
2960 3055 3171 3108 interitu
3206 3068 3347 3107 nunc
3389 3068 3452 3107 ea
3489 3066 3611 3120 qua:

2041 3151 2116 3204 ibi
2147 3150 2503 3204 nominantur
2529 3185 2543 3210 ,
2586 3148 2653 3199 ad
2690 3144 2997 3215 exemplum
3040 3158 3235 3197 vocare
3274 3140 3605 3197 dili'eramus.

2037 3243 2131 3297 sed
2153 3257 2219 3296 ex
2252 3241 2337 3294 bis
2366 3255 2484 3307 qua:
2515 3239 2781 3292 habemus
2809 3238 2861 3290 in
2892 3236 3164 3297 manibus,
3194 3236 3258 3288 de
3286 3233 3481 3302 quibus
3511 3234 3606 3285 du-

2035 3334 2195 3387 hitari
2227 3346 2332 3385 non
2374 3337 2589 3399 potest,
2629 3344 2811 3382 rerum
2853 3340 3241 3395 prosequamur
3269 3323 3606 3391 indaginem.

2036 3425 2369 3479 Describitur
2381 3437 2509 3491 ergo
2528 3420 2708 3475 verbis
2728 3419 2817 3472 Dei
2841 3420 2889 3471 in
2909 3418 3025 3487 lege
3039 3416 3213 3469 divina
3232 3425 3373 3469 terra
3388 3412 3611 3476 Judreac,

2034 3526 2087 3569 et
2111 3517 2223 3569 haec
2258 3514 2450 3568 referri
2469 3512 2667 3567 debere
2684 3510 2882 3566 dicitur
2896 3510 2960 3563 ad
2979 3509 3261 3575 imaginem
3282 3507 3609 3563 cmlestium.

2033 3607 2195 3677 385
2225 3607 2278 3659 ln
2315 3605 2467 3660 cmlis
2504 3611 2684 3658 autem
2721 3602 2998 3657 evidenter
3040 3614 3162 3654 esse
3201 3597 3494 3653 Jerusalem
3539 3598 3611 3651 ci-

2040 3699 2182 3751 vitas
2208 3695 2588 3766 pronuntiatur
2611 3694 2678 3747 ab
2706 3692 2987 3761 Apostolo,
3014 3700 3069 3745 et
3100 3704 3255 3744 mons
3279 3688 3428 3743 Sion.
3457 3687 3606 3743 Con-

2036 3800 2270 3854 sequens
2309 3785 2471 3852 igitur
2502 3791 2585 3837 est
2615 3790 2674 3835 ut
2710 3783 2850 3835 sicut
2872 3788 2998 3834 sunt
3023 3779 3183 3833 etiam
3220 3778 3337 3831 alia:
3361 3776 3611 3833 civitates

2034 3878 2177 3930 circa
2208 3872 2505 3927 Jerusalem
2534 3884 2807 3926 terrenam
2838 3871 2980 3933 sitae,
3028 3878 3083 3922 et
3129 3867 3256 3931 vici,
3290 3876 3347 3922 ct
3369 3867 3597 3919 diversze

2033 3984 2259 4040 qumque
2315 3969 2566 4037 regiones
2612 3985 2625 4019 :
2671 3967 2739 4019 ita
2760 3974 2838 4018 σει
2891 3962 2979 4017 illa
3023 3960 3261 4014 cmlestis
3305 3957 3604 4013 Jerusalem

2035 4062 2332 4118 secundum
2366 4059 2654 4129 imaginem
2687 4068 3025 4110 terrenarum
3056 4055 3250 4107 habeat
3277 4052 3425 4105 circa
3461 4066 3519 4105 se
3554 4062 3607 4102 ct

2034 4155 2172 4209 alias
2201 4152 2475 4211 civitates,
2522 4163 2585 4201 ac
2617 4148 2787 4210 vicos,
2833 4146 3191 4211 diversasque
3237 4141 3508 4211 regiones,
3548 4144 3604 4193 lu

2033 4245 2228 4313 quibus
2256 4238 2484 4308 populus
2520 4238 2607 4290 Dei
2659 4246 2713 4289 et
2758 4248 2916 4286 verus
2946 4231 3133 4293 Israel,
3176 4245 3273 4300 per
3304 4228 3484 4283 Jcsutn
3512 4243 3600 4282 ve—

2034 4351 2174 4394 rum,
2209 4332 2360 4399 cujus
2389 4330 2478 4383 ille
2506 4327 2663 4383 Jesus
2694 4325 2839 4379 Nave
2864 4324 3074 4379 ferebat
3120 4322 3438 4390 imaginem,
3487 4320 3594 4373 col-

2036 4425 2294 4478 locandus
2342 4430 2423 4473 est
2477 4420 2819 4489 quandoque,
2887 4426 2939 4469 et
3009 4414 3379 4468 lizcreditatetn
3443 4411 3606 4462 sortis

368 4521 519 4559 meus
547 4506 613 4558 ad
641 4521 761 4574 qua:
789 4521 870 4559 me
900 4506 1096 4557 cubilia
1121 4507 1417 4574 pertrahat.
1456 4506 1588 4559 Puto
1618 4508 1758 4558 enim
1785 4508 1924 4575 quod
1960 4539 2005 4593 Β
2039 4515 2455 4575 distributione,
2510 4512 2560 4563 id
2609 4520 2690 4562 est
2739 4508 3055 4561 meritorum
3109 4503 3566 4572 contemplatione
3591 4542 3607 4563 ,

362 4599 407 4650 si
438 4596 722 4665 diligenter
751 4611 869 4650 eam
903 4597 1053 4665 sequi
1084 4607 1333 4665 potuero,
1365 4606 1418 4650 et
1452 4600 1781 4666 investigare
1812 4599 1928 4650 vius

364 4692 479 4760 ejus
499 4731 513 4752 ,
543 4688 692 4742 dabit
722 4688 851 4741 milii
900 4688 1109 4757 aliquas
1142 4689 1462 4741 occasiones
1492 4704 1555 4742 ex
1597 4688 1893 4757 Scriptnris
1915 4727 1929 4750 ,

365 4782 631 4853 quomodo
669 4782 829 4834 etiam
876 4782 940 4834 de
984 4781 1064 4833 his
1103 4779 1237 4833 locis
1278 4780 1551 4848 explicare
1593 4781 1887 4835 debeamus
1915 4819 1931 4845 ,

364 4880 409 4933 si
459 4875 727 4931 credimus
760 4873 827 4926 iis
858 4887 979 4941 quae
1023 4870 1217 4924 Paulus
1256 4871 1309 4923 in
1364 4872 1621 4940 mysterio
1657 4872 1892 4939 loquitur
1916 4911 1932 4935 ,

362 4969 506 5036 quod
536 4982 625 5036 qut
659 4981 755 5036 per
781 4966 949 5035 legem
973 4965 1304 5027 deserviunt,
1343 4982 1362 5014 ι
1391 4964 1596 5017 umbra:
1625 4973 1680 5019 et
1710 4964 1931 5033 imagini

364 5059 678 5115 deserviunt
706 5057 1008 5112 caelestium
1039 5056 1104 5108 “.
1144 5073 1164 5106 ι
1212 5054 1278 5107 Et
1328 5055 1373 5107 si
1414 5056 1712 5108 sccundmn
1764 5055 1932 5124 ipsius

364 5148 710 5204 nihilominus
745 5148 1071 5202 sententiam
1108 5146 1217 5209 lex,
1244 5146 1400 5214 cujus
1433 5161 1560 5214 pars
1598 5156 1682 5200 est
1713 5146 1826 5201 lucc
1857 5147 1933 5200 le-

362 5243 470 5297 ctio
500 5255 663 5312 quam
692 5242 954 5296 habemus
987 5240 1041 5293 in
1081 5239 1354 5302 manibus,
1387 5240 1635 5293 umbram
1666 5240 1829 5295 habet
1855 5241 1933 5293 fu-

362 5347 604 5389 turorum
628 5335 889 5389 bonorum
907 5334 975 5400 “,
994 5346 1329 5400 consequens
1353 5333 1567 5386 videtur
1593 5342 1645 5387 et
1673 5348 1930 5388 necessa-

362 5428 543 5489 rium,
580 5426 757 5480 omnia
801 5441 918 5493 quae
945 5424 1097 5493 quasi
1143 5425 1209 5478 de
1256 5426 1418 5478 rebus
1451 5427 1680 5480 terrenis
1728 5428 1930 5482 descri-

962 5564 1004 5594 “
1040 5563 1169 5616 ibid.
1199 5563 1253 5619 αὖ.

434 5565 477 5597 ⁶⁰
514 5565 673 5622 Joan.
714 5566 769 5626 5,
797 5565 884 5617 Si.
962 5564 1004 5594 “
1040 5563 1169 5616 ibid.
1199 5563 1253 5619 li.
1330 5563 1372 5595 δ’
1418 5563 1580 5618 Ειςιί.
1614 5580 1722 5630 xw,
1747 5565 1835 5620 9.3.

438 5708 543 5779 (lii)
597 5711 748 5774 5155.,
804 5728 821 5760 ι
855 5710 918 5763 Et
960 5721 1083 5779 post
1114 5710 1229 5765 lucc
1260 5710 1424 5762 etiam
1478 5710 1591 5777 ipso
1625 5710 1868 5766 Domino.
1902 5731 1920 5762 ι

364 5780 516 5835 Libb.
548 5782 697 5847 editi,
742 5798 761 5830 ι
790 5789 844 5834 et
872 5792 989 5850 post
1010 5780 1120 5846 jam
1155 5783 1270 5850 ipso
1298 5780 1543 5833 Domino.
1580 5797 1600 5831 ι

1914 5567 1959 5597 ⁸³
1985 5567 2145 5621 Hebr.
2185 5580 2304 5623 vm,
2337 5561 2390 5615 5.

2035 4619 2311 4677 capturus.
2363 4604 2456 4659 Sic
2498 4618 2629 4673 ergo
2668 4616 2810 4654 nunc
2854 4599 3112 4653 Dominus
3160 4598 3291 4651 dicit
3339 4598 3390 4649 in
3427 4596 3608 4649 distri-

2035 4700 2258 4755 butione
2290 4708 2466 4758 teme,
2503 4693 2655 4749 verbi
2697 4692 2896 4761 gratia,
2940 4690 3202 4744 terminos
3253 4688 3426 4742 tribus
3463 4684 3609 4738 illius

2037 4804 2156 4846 esse
2184 4790 2338 4854 istos,
2368 4797 2424 4842 et
2460 4785 2689 4839 alterius
2723 4784 2860 4837 alios
2888 4800 2903 4839 :
2939 4797 3006 4835 ne
3031 4781 3195 4847 forte,
3222 4778 3475 4848 quoniam
3518 4776 3610 4829 di-

2036 4896 2194 4936 versa
2226 4890 2383 4937 erunt
2419 4878 2611 4934 merita
2640 4891 2830 4930 eorum
2861 4876 2955 4944 qui
2997 4873 3369 4925 lmreditatem
3411 4880 3605 4921 consc-

2037 4974 2213 5031 cutnri
2255 4981 2378 5026 sunt
2424 4969 2572 5040 regni
2627 4967 2916 5028 crelorum,
2973 4963 3178 5016 idcirco
3225 4959 3387 5014 etiam
3436 4958 3488 5010 in
3539 4957 3607 5009 iis

2039 5066 2290 5119 tribubus
2316 5063 2671 5117 observanter
2702 5053 3131 5121 dirituijubetur
3178 5050 3282 5104 ista
3328 5048 3607 5101 distinctio

2041 5157 2418 5217 terminorum,
2462 5160 2522 5205 ut
2546 5149 2782 5204 sciamus
2812 5146 2909 5199 has
2939 5158 3060 5197 esse
3104 5142 3421 5196 meritorum
3451 5138 3598 5191 diffe-

2035 5248 2237 5301 reutias
2280 5241 2651 5299 observandas
2693 5238 2745 5292 in
2785 5250 3129 5306 unoquoque.
3183 5230 3344 5286 Verbi
3390 5230 3563 5299 gratia
3591 5270 3606 5291 ,

2037 5340 2126 5408 qui
2153 5340 2223 5393 ita
2254 5336 2591 5406 negligenter
2615 5331 2814 5384 vixerit
2857 5340 2914 5382 ιιι
2964 5342 3062 5396 pro
3108 5326 3210 5381 fide
3239 5323 3463 5393 quidem
3506 5338 3600 5376 sua

2042 5438 2314 5486 mereatur
2340 5426 2524 5480 haberi
2555 5424 2696 5477 inter
2731 5423 2869 5475 filios
2908 5419 3094 5483 Israel,
3137 5432 3235 5487 pro
3282 5415 3605 5485 negligentia

2468 5559 2514 5591 δ”
2556 5558 2714 5613 llebr.
2750 5575 2802 5618 κ,
2842 5559 2890 5612 l.
2969 5556 3013 5586 ⁵⁵
3054 5554 3189 5607 Psal.
3217 5566 3414 5612 cuvu,
3445 5551 3497 5604 4.

2111 5708 2221 5777 (l7)
2268 5706 2329 5758 lu
2360 5703 2547 5756 libellis
2584 5702 2672 5770 qui
2704 5703 3034 5777 uppellunrur
3084 5700 3286 5777 Knoell,
3318 5706 3425 5751 etc.
3472 5692 3607 5749 Vide

2033 5770 2289 5834 nolas'asl
2316 5778 2410 5831 lib.
2448 5790 2473 5825 v
2506 5786 2686 5826 contra
2717 5771 2945 5832 Ccfsum,
2978 5788 3121 5822 nam.
3158 5770 3244 5823 54.
