4104 6226
549 314 653 368 805

1941 314 2027 369 EX
2054 311 2355 369 ORIGE'NE

3684 322 3793 379 804

550 446 676 484 vero
707 430 831 484 vita:
871 439 1261 499 gestorumque
1303 432 1509 486 desidia
1549 433 1601 487 in
1632 426 1772 489 tribu
1802 435 1989 489 Ruben
2027 446 2121 488 aut
2151 438 2195 493 Α
2228 433 2470 494 torridis,
2510 438 2601 485 attt
2631 432 2830 502 frigore
2863 433 3094 505 geluque
3136 438 3497 507 torpentibus,
3527 440 3610 496 vel
3645 454 3791 499 certe

547 523 678 582 Gud,
706 531 797 573 aut
823 522 1045 574 dimidia
1076 522 1217 575 tribu
1252 522 1499 577 Mmasse
1534 526 1724 579 debeat
1749 528 2016 595 reputari,
2058 539 2113 581 et

546 628 651 665 non
691 613 830 664 intra
855 610 1169 673 Jordancm,
1198 614 1292 667 sed
1323 625 1474 668 extra
1505 632 1651 680 eum,
1690 626 1890 671 sortem
1936 620 2112 673 luere-

543 703 730 757 ditatis
782 706 1052 773 accipere.
1104 704 1261 760 Alius
1306 722 1435 761 vero
1496 709 1588 776 qui
1634 723 1693 763 se
1738 712 2112 765 emendatione

545 796 669 848 vita:
694 804 747 850 et
775 798 1188 853 conversatione
1212 800 1478 867 propositi
1508 801 1669 855 talem
1698 802 2017 865 reddiderit,
2055 815 2113 857 ut

539 886 834 940 secundum
883 904 1016 955 quas
1058 887 1207 942 solus
1248 888 1392 942 Deus
1440 891 1585 943 novit
1628 892 1891 955 rationes,
1936 894 2109 947 autin

540 977 681 1030 tribu
729 974 885 1043 Juda,
942 988 1034 1030 aut
1068 980 1231 1032 etiam
1275 980 1325 1032 in
1377 981 1489 1048 ipsa
1522 982 1663 1034 tribu
1696 982 1996 1051 Benjamin,
2054 985 2107 1037 in

537 1083 639 1136 qua
690 1068 803 1136 ipsa
843 1066 1231 1126 Jerusalcm.et
1278 1071 1534 1140 templum
1581 1074 1673 1127 Dei
1723 1087 1889 1144 atque
1937 1075 2109 1130 altare

535 1162 800 1224 consistit,
850 1162 1042 1215 debeat
1090 1166 1370 1233 reputari:
1404 1177 1459 1219 et
1493 1167 1631 1222 alius
1682 1168 1736 1221 in
1787 1169 1914 1233 alia,
1945 1180 2107 1238 atque

534 1252 674 1305 alius
705 1250 757 1306 in
788 1253 915 1307 alia.
949 1255 1012 1307 Et
1055 1256 1155 1310 hoc
1182 1258 1341 1311 modo
1376 1260 1490 1313 hate
1517 1277 1635 1328 qua‘:
1684 1278 1826 1316 nunc
1864 1262 1915 1315 in
1964 1263 2106 1317 libro

534 1343 889 1400 Numerorum
908 1350 1107 1418 scripta
1133 1349 1464 1417 referuntur,
1489 1355 1831 1409 adumbratio
1855 1358 2102 1425 quaedam

535 1436 646 1489 sint
687 1436 881 1491 futura:
905 1440 1065 1494 sortis
1097 1441 1149 1493 in
1189 1441 1364 1505 cmlis,
1389 1458 1574 1496 eorum
1601 1444 1861 1497 duntaxat
1886 1446 1974 1514 qui
2010 1460 2106 1517 per

531 1526 711 1580 Jesum
760 1531 1044 1585 Dominum
1090 1549 1152 1587 ac
1191 1533 1533 1604 Salvatorem
1575 1546 1822 1589 nostrum
1870 1536 2102 1591 hmredi-

532 1628 716 1686 tatem,
766 1632 823 1674 ut
866 1623 1125 1687 diximus,
1184 1622 1399 1693 capient
1445 1630 1592 1695 regni
1646 1625 1935 1679 caelorum.
1989 1626 2101 1692 lbi,

528 1712 715 1775 credo,
747 1713 1035 1783 diligenter
1068 1716 1502 1770 observabuntur
1531 1718 1698 1771 etiam
1726 1719 1829 1771 ista
1857 1734 1978 1787 quae
2009 1719 2098 1773 hic

528 1802 925 1857 adumbrantur
954 1807 1235 1877 privilegia
1266 1809 1635 1870 sacerdotum,
1676 1810 1873 1878 quibus
1915 1812 2091 1864 vicina

525 1908 753 1963 quaeque
803 1896 1030 1950 urbibus
1068 1897 1205 1960 loca,
1233 1908 1288 1950 et
1330 1900 1463 1966 ipsis
1496 1901 1766 1953 mmnibus
1790 1900 1974 1968 juncta
2004 1918 2093 1956 se-

525 1985 734 2052 gregari
770 1987 1100 2039 mandantur
1128 2005 1155 2040 a
1186 1988 1309 2041 ﬁliis
1338 1988 1525 2043 Israel.
1556 1990 1659 2052 lbi,
1686 1993 1867 2051 credo,
1916 2001 1970 2045 et
2009 1993 2091 2046 ci-

523 2071 721 2126 vitates
749 2072 864 2127 ista:
894 2084 1072 2136 erunt,
1120 2090 1346 2143 quarunt
1397 2078 1484 2130 hic
1534 2080 1701 2147 ﬁgura
1735 2078 2089 2144 describitur,

522 2176 657 2229 quas
703 2164 893 2232 refugii
944 2165 1183 2217 nominat
1213 2167 1485 2227 civitates,
1518 2170 1582 2219 ad
1619 2185 1753 2236 (lliilS
1778 2170 2093 2240 confugiant

520 2269 626 2306 non
651 2268 838 2309 omnes
868 2255 1177 2319 llOﬂllCltliD,
1229 2258 1325 2312 sed
1376 2260 1469 2327 qui
1502 2261 1813 2328 ignoranter
1860 2264 2091 2318 homici»

520 2344 666 2396 dium
702 2346 1114 2401 commiserunt.
1143 2348 1279 2400 Sunt
1304 2350 1447 2402 enin:
1477 2350 1730 2407 fortassis
1760 2353 1938 2422 aliqua
1966 2368 2091 2421 pec-

518 2430 664 2497 cata,
697 2451 817 2505 quae
847 2437 889 2491 si
924 2439 1199 2505 proposito
1245 2456 1310 2494 ac
1350 2444 1630 2496 voluntate
1678 2444 2085 2509 committimus,

517 2524 815 2580 homicidas
864 2544 958 2582 nos
998 2528 1198 2582 faciunt
1228 2546 1241 2594 ;
1269 2541 1323 2584 et
1357 2544 1485 2585 sunt
1534 2532 1640 2585 alia
1688 2548 1812 2602 qua:
1854 2534 1899 2588 si
1938 2535 2089 2605 igno-

518 2626 702 2670 ranter
728 2618 1079 2682 admittimus,
1110 2620 1420 2675 decernitur
1446 2624 1626 2687 nobis,
1652 2626 1840 2689 credo,
1867 2635 1923 2681 et
1946 2640 2086 2694 prac-

517 2716 734 2773 paratnr
756 2723 821 2761 ex
850 2720 1118 2779 pratcepto
1158 2711 1250 2766 Dei
1295 2713 1490 2782 aliquis
1535 2714 1707 2781 locus,
1741 2716 1829 2770 ubi
1858 2718 1927 2771 ad
1968 2734 2087 2772 cer-

516 2804 628 2849 tum
650 2805 863 2865 tempus
882 2800 1130 2854 habitare
1151 2802 1521 2868 debeamus,si
1543 2805 1632 2873 qui
1654 2821 1759 2858 non
1783 2805 2082 2860 voluntaria

513 2896 735 2950 peccata
762 2890 1175 2954 commisimus;
1216 2893 1259 2945 si
1287 2901 1463 2948 tamen
1506 2896 1688 2949 mundi
1740 2896 2084 2951 inveniamur

510 2986 567 3029 et
612 2978 773 3032 alieni
817 2981 885 3033 ab
927 2982 992 3034 iis
1040 2983 1277 3049 peccatis
1322 3000 1442 3053 qua:
1488 2986 1765 3043 voluntate
1794 2990 2079 3044 commissa

512 3080 659 3124 sunt.
697 3073 760 3125 Et
801 3075 869 3127 ob
910 3076 1011 3129 hoc
1049 3088 1411 3132 secernuntur
1442 3083 1685 3149 quaedam
1719 3082 1970 3138 civitates
2012 3089 2079 3140 ad

517 3162 807 3231 refugium.
875 3165 1100 3220 Videtur
1164 3169 1489 3235 quibusdam
1537 3174 1680 3240 quod
1746 3175 2079 3245 singulorum

508 3272 725 3324 quoque
778 3258 1015 3312 siderum
1064 3261 1259 3327 positio
1299 3272 1348 3316 et
1407 3274 1581 3318 ccetus
1630 3266 1824 3322 civitas
1854 3270 1958 3322 dici
2000 3271 2080 3323 vel

508 3348 692 3402 haberi
730 3351 901 3419 possit
953 3352 1003 3404 in
1053 3353 1190 3408 caelo
1217 3372 1231 3409 ε
1263 3356 1409 3423 quod
1449 3372 1551 3425 ego
1593 3359 1811 3427 quidem
1858 3362 2081 3417 delinire

507 3453 611 3491 non
653 3440 847 3496 audeo.
877 3442 1047 3497 \‘ideo
1078 3445 1221 3499 enim
1271 3461 1486 3500 omnem
1525 3459 1838 3504 creatdram
1885 3453 1935 3505 in
1986 3470 2079 3522 spe

506 3530 722 3599 quidem
754 3542 971 3601 propter
1006 3550 1128 3589 eum
1176 3536 1268 3605 qui
1312 3536 1548 3604 subjecit
1592 3554 1715 3593 esse
1761 3541 2073 3608 subiectam,

485 3630 821 3698 exspectare
869 3632 1047 3678 tamen
1085 3624 1391 3680 libertatem
1435 3627 1488 3681 in
1528 3628 1895 3697 redemptione
1936 3633 2073 3688 ﬁlio-

507 3727 627 3768 rum
673 3711 766 3767 Dei
796 3714 913 3771 sine
961 3718 1144 3784 dubio,
1173 3728 1227 3773 et
1261 3719 1575 3790 prmelarius
1603 3720 1806 3792 aliquid
1852 3734 1943 3778 aut
1981 3741 2074 3780 su-

501 3803 720 3859 blimius
749 3808 991 3875 opperiri
1018 3808 1086 3864 δ⁶.
1682 3826 1683 3829 ‘

571 3894 623 3948 5.
670 3895 725 3949 Si
754 3912 903 3967 ergo,
936 3909 993 3951 ut
1037 3899 1293 3965 diximus,
1322 3903 1573 3957 dtttbram
1606 3904 1770 3960 habet
1800 3905 1883 3960 lex
1926 3906 2074 3960 futu-

503 4006 683 4043 rorum
710 3991 994 4054 bonorum,
1027 4002 1081 4046 et
1107 3996 1402 4061 exemplari
1433 4007 1487 4048 et
1526 3999 1729 4052 umbrae
1758 4001 2074 4056 deserviunt

500 4082 798 4135 caelestium
846 4084 937 4151 qui
998 4084 1049 4135 in
1103 4083 1218 4152 lege
1270 4086 1620 4151 deserviunt,
1674 4098 1724 4142 et
1784 4107 1925 4145 nttnc
1979 4109 2073 4161 per

501 4171 776 4237 speculum
822 4182 875 4225 et
923 4173 973 4225 in
1020 4174 1330 4240 :enigmate,
1361 4185 1486 4229 tunc
1515 4185 1693 4231 autem
1735 4180 1871 4233 facie
1896 4182 1959 4235 ad
1991 4181 2071 4236 fa-

499 4261 637 4315 ciem
670 4261 962 4316 habebitur
1001 4280 1179 4317 rerum
1206 4266 1615 4334 contemplatio,
1648 4270 1812 4323 credo
1844 4274 1985 4338 quod
2017 4283 2071 4326 ct

500 4369 640 4407 nunc
669 4358 1134 4410 conversationem
1183 4358 1412 4414 dicimur
1457 4362 1656 4417 habere
1697 4363 1748 4416 in
1784 4365 1939 4420 cmlis
1974 4382 2070 4436 per

497 4446 801 4513 speculum,
855 4461 909 4502 et
957 4450 1008 4501 in
1053 4450 1357 4517 :enigmate,
1418 4461 1545 4507 tunc
1593 4464 1771 4508 autem
1818 4456 1955 4511 faeie
2000 4459 2066 4512 ad
2102 4483 2144 4537 υ

498 4538 713 4600 faciem,
764 4538 925 4592 talem
965 4543 1435 4597 conversationem
1484 4546 1819 4600 merebimur
1867 4549 2068 4604 habere

498 4628 548 4679 in
578 4628 750 4682 cwlis.
784 4629 838 4682 Si
867 4646 996 4699 ergo
1020 4645 1116 4699 per
1145 4634 1592 4700 consequentiam
1634 4652 1812 4691 rerum
1849 4651 1901 4692 et
1936 4656 2063 4709 pro-

496 4719 813 4773 missionum
846 4720 1003 4774 ﬁdem
1032 4736 1131 4775 nos
1155 4720 1437 4775 transferri
1466 4726 1530 4776 de
1558 4726 1719 4779 terris
1750 4740 1966 4797 Oportet
1997 4733 2063 4785 ad

493 4812 710 4877 cmlnm,
759 4822 886 4880 puto
914 4811 1057 4881 quod
1107 4811 1160 4864 in
1196 4811 1326 4878 ipsis
1369 4812 1684 4867 cmlestibus
1728 4814 1860 4871 locis
1903 4818 2062 4875 Jesus

495 4904 753 4958 Dominus
783 4914 969 4958 noster
1003 4919 1106 4958 non
1134 4904 1340 4972 absque
1366 4905 1678 4958 meritorum
1706 4918 1851 4962 sorte
1873 4926 2061 4964 unum-

491 5009 761 5065 quemque
799 4997 852 5049 in
898 4996 984 5049 illa
1026 4996 1106 5050 vel
1152 4996 1238 5048 illa
1267 4997 1393 5051 cceli
1425 5008 1580 5065 parte
1626 5008 1680 5052 et
1728 5000 2062 5060 habitatione

491 5090 805 5141 constituat.
836 5088 941 5143 Sed
968 5089 1109 5143 sicut
1133 5088 1295 5142 multa
1320 5098 1402 5143 est
1440 5088 1744 5144 differentia
1792 5093 1842 5146 in
1874 5097 2059 5161 terris,

492 5178 638 5232 verbi
673 5181 866 5248 gratia,
904 5180 1155 5234 habitare
1184 5181 1235 5233 in
1260 5180 1394 5235 locis
1431 5180 1681 5237 fecundis
1727 5193 1780 5237 et
1821 5189 2059 5256 copiosis

489 5283 554 5324 ac
582 5272 735 5325 bonis
762 5274 1013 5327 omnibus
1035 5272 1464 5340 abundantibus,
1511 5275 1599 5328 ubi
1644 5284 1698 5329 et
1735 5277 1878 5331 aeris
1922 5290 2057 5335 tem-

489 5359 690 5429 peries,
720 5368 775 5413 et
800 5361 1037 5415 eruditio
1072 5363 1371 5429 hominum,
1413 5380 1476 5418 ac
1516 5364 1759 5419 liberalia
1810 5369 2052 5424 instituta

489 5462 594 5501 non
622 5451 849 5505 desunt:
878 5462 929 5506 ct
953 5453 1109 5521 longe
1137 5454 1283 5508 aliud
1315 5464 1397 5508 est
1423 5453 1687 5518 habitare,
1722 5467 1812 5509 aut
1841 5458 1892 5510 in
1920 5458 2053 5513 locis

490 5538 811 5609 infecundis,
858 5556 911 5600 et
953 5562 1128 5600 rerum
1165 5547 1392 5614 penuria
1447 5548 1730 5615 squalidis,
1782 5558 1876 5605 aut
1915 5562 2047 5605 testu

1152 5664 1194 5695 ‘7
1234 5664 1387 5718 Deut.
1421 5681 1586 5725 χχχιι,
1608 5665 1661 5719 8.

1484 5734 1740 5790 “Matth.
1763 5738 1974 5804 xrx,9.8.

562 5657 613 5725 ’ἦ
634 5658 785 5725 Rom.
836 5677 948 5722 vut,
987 5664 1075 5717 25.

491 5715 536 5745 ⁸⁸
581 5718 822 5781 ibid“.
895 5715 1401 5790 v’iiiinuulss.

1740 5666 1787 5697 ’⁵⁸
1830 5664 1843 5718 Ι
1893 5667 2016 5723 Cor.
2062 5686 2149 5728 xv.
2192 5666 2279 5720 45.

2050 5741 2094 5773 ⁸⁵
2119 5739 2272 5793 Jean.
2308 5752 2438 5801 xut,
2462 5736 2551 5789 24.

2221 522 2309 574 ubi
2359 522 2516 575 nulla:
2562 521 2726 590 leges,
2777 525 2871 575 sed
2924 523 3177 579 immanis
3217 536 3273 580 et
3311 542 3450 582 saeva
3485 529 3788 591 barbaries,

2220 614 2308 669 ubi
2347 614 2481 669 bella
2517 629 2730 684 semper
2776 623 2831 667 et
2878 631 3155 684 nunquam
3198 619 3373 687 quies,
3422 630 3478 675 et
3522 622 3641 676 haec
3681 637 3785 676 non

2219 706 2333 759 sine
2363 706 2568 760 occulta
2604 706 2839 774 quadam
2878 705 2973 758 Dei
3008 708 3437 776 dispensatione,
3483 722 3537 767 et
3581 712 3786 782 judicio

2217 798 2353 862 ejus,
2404 808 2455 851 et
2492 797 2707 865 iustitia
2748 797 3043 867 unicuique
3097 801 3501 858 decernuntur:
3534 807 3608 860 ita
3646 815 3704 860 et
3730 805 3783 860 in

2220 890 2326 942 illis
2354 889 2487 943 locis
2514 890 2617 943 erit
2646 889 2848 956 aliquid
2876 890 3008 957 tale,
3031 899 3086 944 ttt
3117 892 3168 944 in
3189 894 3334 947 nullo
3361 911 3583 964 prorsus
3609 896 3786 950 inanis

2218 980 2480 1036 habeatur
2531 982 2584 1036 in
2634 983 2795 1035 terris
2822 981 3018 1036 umbra
3054 985 3379 1042 cmlestium.
3427 987 3693 1057 Eritergo
3729 997 3785 1042 et

2218 1073 2313 1136 ibi,
2345 1085 2403 1126 ut
2429 1073 2689 1139 diximus,
2734 1073 2919 1144 aliqua
2953 1076 3147 1131 civitas
3189 1077 3409 1147 refugii,
3444 1088 3500 1133 et
3533 1080 3636 1133 erit
3673 1078 3780 1135 alia

2214 1164 2267 1218 in
2297 1166 2532 1227 deserto,
2559 1166 2697 1218 sicut
2718 1164 2919 1219 Bossor
2943 1166 2996 1221 in
3018 1168 3344 1223 hereditate
3367 1169 3560 1225 Ruben
3586 1171 3779 1227 civitas

2213 1272 2332 1309 esse
2359 1256 2555 1309 dicitur
2588 1256 2638 1309 in
2674 1258 2907 1311 deserto.

2312 1348 2367 1398 4.
2440 1346 2544 1399 Sed
2586 1354 2639 1399 et
2684 1347 2772 1399 illa
2833 1348 3176 1403 nihilominus
3227 1352 3622 1419 consequentia
3684 1369 3779 1407 ca-

2213 1437 2406 1503 pienda
2456 1446 2584 1491 est:
2626 1438 2749 1504 quia
2811 1439 2944 1491 sicut
3000 1457 3016 1489 ι
3062 1455 3185 1493 cum
3233 1440 3573 1509 dispergeret
3632 1441 3779 1497 Deus

2214 1528 2354 1581 ﬁlios
2408 1528 2601 1592 Adam,
2634 1530 2823 1582 statuit
2860 1529 2996 1585 ﬁnes
3040 1531 3271 1600 gentium
3318 1533 3617 1586 secundum
3668 1550 3776 1587 nu-

2213 1634 2421 1673 merum
2441 1619 2751 1689 angelorum
2772 1619 2887 1686 Dei,
2917 1638 2937 1672 ι
2957 1620 3062 1686 vel,
3081 1631 3140 1675 ut
3161 1623 3213 1676 in
3232 1623 3345 1677 aliis
3362 1623 3764 1691 exemplaribus

2213 1711 2461 1780 legimus,
2501 1729 2518 1760 ι
2548 1712 2841 1765 secundum
2868 1726 3153 1766 numerum
3182 1712 3402 1766 ﬁliorum
3430 1712 3591 1767 Israel
3614 1713 3657 1745 "
3684 1730 3699 1777 ;
3732 1731 3752 1763 ι

2135 1782 2173 1835 Β
2204 1802 2256 1855 in
2294 1802 2448 1855 initio
2480 1805 2664 1857 mundi
2712 1806 2786 1859 ita
2819 1806 3053 1875 dispersi
3103 1813 3227 1857 sunt
3264 1804 3356 1857 ﬁlii
3397 1804 3537 1857 illius
3566 1805 3751 1868 Adam,

2204 1893 2343 1945 sicut
2382 1892 2467 1944 vel
2513 1891 2729 1946 illorum
2757 1895 2968 1959 tnerita,
3022 1895 3101 1948 vel
3128 1894 3295 1963 ipsius
3332 1894 3501 1948 Adam
3525 1903 3761 1948 contem-

2202 1981 2367 2049 platio
2411 1983 2767 2050 postulabat:
2802 1985 2926 2051 quid
2956 1984 3199 2039 dicemus
3225 1984 3487 2047 futurum,
3523 1999 3641 2038 cum
3672 1999 3769 2037 no-

2201 2075 2410 2130 vissimi
2440 2075 2610 2127 Adam
2641 2074 2753 2143 (qui
2785 2090 2889 2128 non
2920 2076 2973 2129 in
2997 2057 3246 2129 animam.
3267 2077 3563 2138 viventem,
3592 2076 3683 2129 sed
3715 2076 3768 2127 lu

2199 2164 2447 2232 spiritum
2486 2162 2853 2217 viviﬁcantem
2904 2163 3079 2216 factus
3122 2172 3205 2218 est
3246 2164 3313 2234 ⁸⁸)
3364 2164 3592 2233 cmperit
3630 2162 3770 2217 ﬁlios

2200 2272 2306 2310 non
2342 2256 2676 2326 dispergere,
2703 2256 2800 2310 sed
2824 2256 3135 2324 dispensare
3158 2255 3342 2310 divina
3371 2257 3633 2327 dignatio,
3660 2272 3765 2310 non

2198 2347 2249 2400 in
2288 2348 2463 2415 initio,
2490 2348 2585 2402 sed
2613 2349 2666 2401 in
2694 2346 2798 2400 ﬁne
2832 2347 3012 2399 mundi
3043 2363 3056 2411 ;
3085 2356 3139 2401 et
3172 2362 3277 2400 non
3323 2355 3383 2401 ut
3421 2348 3543 2401 illos
3578 2348 3667 2416 qui
3708 2349 3763 2401 in

2195 2437 2367 2489 Adam
2391 2452 2580 2491 omnes
2610 2438 2803 2490 mortui
2831 2448 2976 2499 sunt,
3014 2438 3108 2490 sed
3139 2446 3194 2489 ut
3221 2452 3312 2491 eos
3355 2438 3447 2505 qui
3474 2437 3524 2489 in
3551 2437 3763 2491 Christo

2195 2544 2385 2582 omnes
2432 2528 2690 2583 viviﬁcati
2743 2528 2980 2583 sunt"?
3010 2526 3139 2582 Sine
3161 2527 3324 2582 dubio
3362 2528 3469 2582 erit
3512 2528 3761 2596 quaedam

2196 2620 2389 2673 divisio
2438 2631 2492 2675 et
2541 2618 2848 2674 distributio
2898 2620 3056 2685 talis,
3108 2634 3226 2688 qua:
3273 2635 3377 2673 non
3432 2620 3603 2673 soluat
3664 2635 3762 2689 pro

2194 2712 2405 2765 meritis
2437 2728 2625 2766 eorum
2661 2713 2752 2781 qui
2786 2713 3190 2781 dispensantur,
3219 2712 3311 2766 sed
3354 2720 3409 2767 et
3447 2726 3543 2780 pro
3577 2716 3763 2766 novis-

2192 2802 2314 2856 simi
2334 2804 2527 2867 Adam,
2557 2804 2607 2856 in
2636 2818 2741 2872 quo
2757 2817 2946 2858 omnes
2971 2803 3275 2857 viviﬁcandi
3307 2803 3580 2865 dicuntur,
3620 2816 3759 2855 con-

2194 2894 2552 2963 templatione
2593 2893 2866 2963 pensanda
2905 2895 2995 2947 sit.
3046 2893 3149 2949 Sed
3194 2894 3319 2964 quis
3362 2901 3603 2948 nostrum
3633 2893 3760 2946 talis

2191 2996 2294 3049 est,
2342 2995 2399 3040 nt
2438 2988 2503 3041 ad
2556 2985 2862 3054 hujusmodi
2906 2987 3367 3049 distributionem,
3411 2995 3467 3039 et
3505 2986 3571 3039 ad
3609 2985 3752 3039 illam

2191 3078 2429 3132 coclestis
2459 3078 2795 3133 htcrcditatis
2822 3088 3025 3132 sortem
3055 3079 3241 3132 venire
3280 3088 3555 3131 mereatur
3576 3077 3598 3129 ?
3619 3076 3752 3143 Quis

2191 3170 2263 3222 ita
2308 3170 2502 3223 beatus
2527 3170 2651 3233 erit,
2681 3169 2835 3238 cujus
2870 3184 2990 3224 sors
3028 3170 3078 3222 in
3121 3168 3421 3223 Jerusalem
3456 3170 3661 3233 veniat,
3694 3177 3754 3220 ut

2188 3261 2257 3313 sit
2288 3259 2358 3314 ibi
2388 3260 2474 3313 ubi
2503 3260 2758 3328 templum
2786 3260 2879 3314 Dci
2912 3269 3016 3324 est,
3046 3262 3152 3314 imo
3175 3270 3233 3313 ut
3264 3260 3377 3329 ipse
3403 3260 3475 3313 sit
3501 3260 3592 3314 Dei
3623 3268 3753 3314 tem-

2188 3350 2538 3419 plum?Quis
2591 3353 2663 3404 ita
2709 3352 2900 3405 beatus
2930 3360 3013 3405 est
3056 3362 3115 3405 ut
3158 3352 3230 3405 ibi
3273 3352 3386 3405 dies
3412 3352 3580 3406 festos
3604 3362 3749 3421 agat,

2186 3441 2277 3495 ubi
2310 3443 2479 3495 altare
2523 3440 2763 3497 divinum
2794 3444 3069 3512 perpetuis
3108 3442 3274 3513 386
3316 3443 3526 3512 ignibus
3566 3442 3750 3497 adole-

2188 3533 2326 3586 turT
2356 3532 2486 3598 Quis
2514 3533 2585 3586 ita
2620 3534 2807 3589 beatus
2855 3542 2954 3602 est,
2984 3534 3071 3601 qui
3118 3534 3448 3588 sacriﬁcium
3485 3548 3663 3598 suum,
3693 3544 3750 3587 et

2185 3624 2472 3678 incensum
2521 3626 2806 3680 suavitatis
2848 3639 3010 3692 supra
3050 3624 3197 3678 illum
3230 3625 3407 3694 ignem
3452 3634 3634 3693 ponat,
3681 3626 3748 3679 de

2182 3728 2289 3782 quo
2322 3714 2536 3768 dicebat
2576 3713 2826 3768 Salvator
2866 3714 2911 3745 ⁸ο
2941 3732 2955 3767 :
2989 3734 3006 3766 ι
3041 3714 3219 3783 Ignem
3264 3714 3384 3767 veni
3436 3716 3651 3768 mittere
3691 3715 3745 3766 iu

2184 3803 2422 3858 terram?
2454 3822 2473 3855 ι
2514 3802 2645 3869 Quis
2672 3804 2743 3856 ita
2776 3805 2967 3857 beatus
2996 3805 3201 3874 εει,ᾳυί
3254 3805 3325 3859 ibi
3373 3820 3588 3874 semper
3620 3819 3748 3874 agat

2182 3895 2387 3949 Pascha
2429 3895 2480 3948 in
2528 3898 2649 3949 loco
2702 3910 2861 3963 quem
2917 3896 3080 3965 elegit
3124 3897 3386 3952 Dominus
3438 3896 3619 3951 suus?
3665 3897 3740 3950 lbi

2181 3986 2526 4041 l’entecostes
2554 3987 2695 4040 diem
2726 3996 2899 4055 gerat,
2928 3999 2980 4043 et
3016 3989 3365 4044 festivitatem
3412 3989 3741 4059 reprOpitia-

2183 4078 2362 4142 tionis,
2392 4086 2445 4131 et
2474 4078 2947 4133 tabernaculorum
2998 4081 3422 4156 solemnitatem,
3470 4098 3574 4135 non
3620 4082 3732 4151 jam

2179 4183 2274 4235 per
2325 4169 2594 4232 umbram,
2651 4170 2743 4222 sed
2797 4184 2892 4237 per
2933 4170 3105 4239 ipsam
3154 4175 3389 4241 speciem
3454 4188 3743 4241 rerumque

2179 4260 2501 4313 veritatem?
2550 4259 2681 4326 Quis
2732 4269 2975 4315 nostrum
3027 4264 3223 4332 dignus
3286 4264 3577 4319 habebitur
3628 4275 3737 4318 tam

2180 4353 2349 4405 beatae
2386 4350 2552 4405 sortis
2592 4351 2876 4417 electione,
2909 4368 3032 4406 cum
3062 4354 3200 4408 Deus
3227 4357 3467 4411 dividere
3509 4358 3738 4425 cmperit

2180 4444 2319 4498 ﬁlios
2358 4444 2633 4498 novissimi
2679 4444 2895 4501 Adam:
2939 4461 3044 4499 non
3094 4449 3178 4499 cui
3232 4448 3377 4501 dicat
3406 4448 3451 4480 δι
3495 4465 3508 4501 :
3563 4466 3580 4498 ς
3619 4446 3741 4502 Eris

2172 4551 2336 4604 super
2379 4535 2619 4603 quinque
2665 4535 2916 4590 civitates
2961 4545 3280 4605 potestatem
3320 4538 3549 4604 habens,
3584 4558 3605 4591 ι
3645 4548 3741 4592 aut

2174 4629 2259 4682 cui
2312 4630 2458 4681 dicat
2492 4628 2537 4658 ⁸⁸
2574 4646 2588 4681 :
2627 4646 2645 4678 ι
2692 4628 2809 4681 Eris
2850 4644 3014 4697 super
3052 4630 3237 4683 decem
3289 4632 3538 4686 civitates
3584 4641 3741 4701 pote-

2170 4726 2364 4771 statem
2402 4717 2629 4784 habens,
2674 4735 2692 4768 ›
2746 4731 2845 4771 nec
2889 4718 2978 4772 cui
3010 4719 3254 4773 dicat”:
3291 4738 3310 4771 ι
3347 4720 3490 4775 Intra
3523 4722 3573 4775 in
3606 4736 3741 4788 gau-

2168 4811 2313 4862 dium
2364 4810 2574 4863 Domini
2632 4809 2704 4863 tui
2742 4828 2756 4876 ;
2799 4829 2818 4862 »
2855 4812 2949 4865 sed
2983 4812 3067 4864 cui
3097 4811 3242 4866 dicat
3260 4812 3349 4866 ’δε
3388 4830 3407 4863 ‹
3438 4814 3632 4867 Sedete
3679 4824 3741 4866 ct

2171 4917 2267 4955 vos
2290 4917 2497 4955 mecum
2540 4918 2702 4969 super
2728 4904 3009 4957 duodecim
3045 4905 3293 4970 thronos,
3333 4905 3644 4973 iudicantes
3679 4916 3739 4985 εεοι

2170 5010 2269 5049 vos
2302 4996 2585 5049 duodecim
2616 4997 2794 5051 tribus
2825 4996 2993 5050 Israel
3027 5015 3043 5064 ;
3082 5016 3100 5050 ι
3136 4999 3204 5052 de
3234 4998 3431 5064 quibus
3466 5000 3612 5053 dicat
3639 4999 3688 5032 ⁸⁸
3717 5017 3733 5053 :

2176 5108 2194 5141 ι
2226 5076 2407 5152 Pater,
2430 5090 2551 5142 volo
2580 5098 2640 5144 ut
2663 5090 2751 5144 ubi
2776 5104 2875 5159 ego
2900 5100 3125 5155 sum,.et
3150 5089 3253 5159 ipsi
3288 5090 3397 5144 sint
3428 5104 3665 5147 mecum.
3709 5110 3731 5143 ι

2175 5182 2308 5235 Volo
2342 5183 2508 5236 etiam
2536 5182 2670 5237 istos
2696 5198 2814 5238 esse
2844 5198 3021 5253 reges,
3048 5192 3105 5237 ut
3130 5198 3231 5255 ego
3256 5185 3358 5239 sim
3395 5200 3489 5238 rex
3522 5198 3731 5252 regum.

2168 5274 2301 5329 Volo
2328 5285 2383 5328 et
2415 5276 2547 5330 istos
2584 5275 2785 5329 habere
2832 5275 3285 5338 dominationem,
3313 5285 3371 5329 ut
3403 5284 3457 5328 et
3495 5289 3599 5345 ego
3626 5274 3733 5327 sint

2167 5365 2427 5419 Dominus
2472 5365 2896 5419 dominantium.
2938 5364 3089 5419 Beati
3135 5367 3225 5434 qui
3268 5367 3333 5419 ad
3375 5367 3513 5420 hanc
3543 5379 3733 5435 perve-

2165 5457 2316 5509 nient
2348 5457 2698 5511 beatitudinis
2728 5472 3016 5511 summam.
3055 5456 3204 5510 Beati
3251 5456 3343 5525 qui
3370 5458 3435 5509 ad
3471 5456 3574 5509 ista
3601 5470 3734 5508 con-

2161 5549 2427 5602 scendere
2454 5559 2709 5617 poterunt
2733 5549 2945 5619 fastigia
2970 5549 3308 5613 meritorum,
3328 5557 3381 5601 et
3411 5547 3732 5601 benedictus

2356 5668 2399 5696 δ’
2433 5666 2560 5719 ibid.
2592 5668 2682 5721 :22.
2758 5668 2803 5699 ³ο
2826 5666 2956 5721 an.
2983 5682 3078 5729 xu,
3103 5666 3190 5720 ιθ.
3255 5666 3297 5695 "
3326 5664 3457 5720 Luc.
3494 5679 3610 5730 xtx,
3637 5660 3739 5721 19.;
