4104 6226
473 369 579 426 8(ιῖ

1853 351 1944 405 EX
1982 349 2282 406 ORIGENE
3625 357 3740 412 803

481 489 802 558 promissum
837 491 939 542 est.
972 480 1259 543 obtinent;
1290 476 1564 546 digniores
1601 473 1808 528 tardius
1848 486 2029 526 conse-

2144 469 2329 539 τάχιον
2356 471 2413 521 ἐν
2445 470 2509 539 τῇ
2538 467 2842 540 ἐπαγγελίᾳ
2867 469 3113 538 γίνονται
3131 489 3143 501 ·
3176 474 3225 524 οἱ
3256 471 3312 525 δὲ
3338 467 3739 540 ἐπιεικέστεροι

479 586 735 643 quuntur.
773 572 847 626 Illi
891 570 1033 626 enim
1074 585 1103 623 a
1140 569 1320 638 Moyse
1362 567 1520 636 primi
1555 565 1919 618 ltazreditatem
1949 577 2038 614 ac-

2140 561 2356 631 βράδιον
2379 559 2873 630 ἀπολαμϐάνουσιν.
2911 563 2974 616 Oi
3009 563 3108 628 μὲν
3154 561 3263 634 γὰρ
3308 562 3415 616 ὑπὸ
3447 561 3739 622 Μωῦσέως

475 674 753 736 ceperunt,
791 663 843 716 hi
874 677 1003 716 vero
1028 676 1056 714 a
1087 660 1210 714 Jesu
1263 669 1470 728 postea.
1509 655 1647 720 Quin
1682 667 1737 708 et
1770 655 1835 707 de
1866 651 2029 706 omni-

2139 652 2344 720 πρῶτοι
2395 650 2646 721 εἰλήφασι
2694 650 2792 720 τὴν
2833 650 3233 722 κληρονομίαν’
3269 655 3318 706 oi
3372 653 3429 706 δέ
3483 651 3588 705 ὑπὸ
3635 649 3741 702 τοῦ

476 759 576 813 bus
599 755 757 823 justis
792 754 1012 814 dicitur,
1039 767 1142 805 non
1171 751 1236 804 de
1260 747 1612 818 quibuslibet.
1640 744 1773 797 Nam
1804 753 1863 796 ut
1890 742 2031 809 Apo-

474 846 648 900 stolns
678 846 755 898 ait
787 843 831 874 °°
863 861 877 896 :
913 859 930 892 ι
965 841 1023 894 ιιι
1053 855 1241 893 omnes
1280 835 1593 892 testimonio
1633 834 1754 887 lidei
1783 831 2034 900 probati,

478 953 583 992 non
617 943 945 1004 acceperunt
1001 929 1511 997 repromissionem,
1567 927 1678 979 Deo
1726 939 1824 992 pro
1881 923 2038 976 nobis

475 1027 666 1081 melius
697 1025 898 1093 aliquid
938 1022 1277 1092 providente,
1314 1029 1372 1073 ut
1406 1033 1508 1072 non
1552 1019 1669 1072 sine
1711 1015 1869 1071 nobis
1902 1029 2035 1069 con-

473 1129 896 1175 summarentur.
931 1135 950 1168 ι

549 1301 735 1354 Vocem
760 1300 1029 1354 verborum
1070 1314 1226 1368 quam
1256 1313 1342 1351 vos
1380 1296 1602 1350 audistis
1642 1295 1707 1350 ⁶¹.
1742 1293 1856 1346 Non
1892 1292 2034 1361 quod

473 1391 701 1444 visibilis
734 1405 830 1442 vox
865 1389 1045 1450 fuerit,
1076 1398 1164 1440 aut
1195 1397 1386 1440 natura
1425 1401 1608 1440 vocem
1635 1387 1831 1438 habeat
1859 1385 2030 1443 Deus;

475 1485 574 1537 hoc
603 1481 743 1534 enim
785 1480 1097 1545 composita:
1129 1489 1272 1532 esset
1307 1488 1512 1530 naturae
1564 1495 1576 1529 :
1624 1477 1716 1528 sed
1762 1475 1903 1544 quod
1947 1486 2032 1525 ιιι-

472 1575 660 1626 barum
688 1569 918 1633 sonitus,
945 1578 998 1620 et
1025 1583 1207 1633 voces,
1228 1578 1285 1619 ut
1307 1569 1418 1634 ipse
1449 1567 1599 1618 novit
1625 1566 1785 1621 Deus.
1810 1563 2036 1615 ederen-

473 1674 559 1714 tur
585 1675 648 1714 cx
687 1661 966 1714 sensilium
997 1660 1411 1719 elementorum,
1457 1655 1597 1725 ignis
1632 1669 1823 1722 nempe
1859 1663 1911 1704 et
1946 1667 2035 1703 ca-

473 1753 670 1821 liginis,
715 1751 1070 1804 connexioue.
1112 1749 1470 1814 Quamobrmn
1533 1757 1588 1800 ει
1639 1746 1857 1796 auditur
1905 1756 2029 1804 vox,

2154 741 2331 812 Ἰησοῦ
2361 741 2604 812 ὕστερον.
2656 741 2815 793 Ἀλλὰ
2844 744 2937 794 καὶ
2975 744 3106 814 περὶ
3143 745 3360 798 πάντων
3387 744 3613 798 δικαίων
3649 743 3740 796 λέ-

2136 850 2314 902 γεται,
2349 833 2408 886 οὐ
2438 834 2544 885 τῶν
2573 834 2862 903 τυχόντων⁸
2893 833 2970 896 ὡς
2993 835 3103 906 γὰρ
3128 835 3157 888 6
3193 837 3508 900 Ἀπόστολός
3530 853 3729 908 φησιν·

2143 947 2160 978 ι
2188 922 2346 980 Οὗτοι
2381 927 2579 989 πάντες
2633 927 3072 998 μαρτυρηθέντες
3107 929 3195 982 διὰ
3227 931 3326 1000 τῆς
3364 931 3592 994 πίστεως
3619 931 3726 984 οῦκ

2137 1020 2468 1088 ἐκομίσαντο
2501 1019 2597 1089 τὴν
2651 1019 3021 1086 ἐπαγγελίαν,
3062 1021 3154 1074 τοῦ
3213 1023 3349 1075 Θεοῦ
3385 1023 3510 1094 περὶ
3561 1022 3722 1093 ἡμῶν

2137 1112 2386 1181 κρεῖττόν
2413 1128 2465 1162 τι
2493 1109 2968 1182 προϐλεψαμένου,
2999 1112 3085 1166 ἵνα
3113 1112 3188 1183 μὴ
3217 1115 3387 1184 χωρὶς
3428 1114 3584 1184 ἡμῶν
3630 1131 3720 1167 τε·

2139 1201 2457 1257 λειωθῶσιν.
2487 1221 2506 1253 ι

2206 1291 2419 1359 Φωνὶιν
2456 1292 2736 1361 ῥημάτων
2791 1293 2871 1360 ἢν
2916 1293 3081 1362 ίῃιιεῖς
3125 1296 3466 1360 ἠκούσατε,
3513 1297 3605 1348 καὶ
3645 1297 3709 1348 τὰ

2137 1383 2281 1454 ἐξῆς.
2319 1385 2430 1454 Οὐχ
2459 1386 2540 1437 ὅτι
2586 1385 2753 1455 ὁρατὴ
2801 1387 2832 1455 ἡ
2877 1385 3057 1454 φωνὴ,
3090 1385 3198 1436 οὐδ’
3222 1385 3304 1437 ὄτι
3341 1385 3499 1452 φύσει
3528 1386 3710 1458 φωνὴν

2136 1475 2249 1544 ἔχει
2287 1477 2314 1527 6
2345 1476 2496 1538 Θεόςο
2529 1475 2684 1527 τοῦτο
2713 1476 2822 1545 γὰρ
2850 1475 2939 1527 καὶ
2976 1474 3222 1527 συνθέτου
3255 1475 3470 1542 φύσεως
3501 1475 3567 1529 ἂν
3593 1479 3701 1546 εἴη·

2137 1568 2249 1619 ἀλλ’
2271 1567 2458 1637 ἐπειδὴ
2491 1567 2584 1620 καὶ
2609 1568 2662 1619 αἱ
2701 1567 3020 1632 σάλπιγγες,
3037 1567 3126 1619 καὶ
3148 1569 3200 1620 αἱ
3229 1569 3422 1635 φωναὶ,
3440 1567 3513 1630 ὡς
3538 1569 3699 1632 αὐτὸς

2135 1655 2275 1709 οἶδεν
2305 1659 2332 1710 ὁ
2363 1657 2514 1718 Θεὸς,
2543 1655 2892 1708 ἐπετελοῦντο
2920 1658 2984 1708 ἐκ
3009 1656 3103 1724 τῆς
3126 1655 3229 1707 τῶν
3259 1657 3536 1728 ὁρωμένων
3566 1676 3690 1712 συν-

2138 1750 2319 1820 εχείας
2361 1749 2857 1820 δημιουργούμεναι
2902 1748 3194 1816 στοιχείων
3235 1747 3327 1799 τοῦ
3361 1748 3520 1818 πυρὸς
3554 1750 3689 1817 λέγω

468 1853 522 1897 et
569 1859 672 1895 non
724 1843 978 1906 videtur;
1025 1852 1080 1893 at
1131 1855 1258 1894 vero
1310 1840 1399 1892 ubi
1443 1838 1535 1891 Dei
1586 1836 1827 1906 prodigia
1874 1835 2029 1897 liunt,

2135 1843 2228 1896 καὶ
2276 1841 2369 1894 τοῦ
2418 1840 2639 1908 γνόφου’
2695 1839 2837 1891 ὥστε
2871 1840 2967 1892 καὶ
2997 1837 3252 1891 ἀκούεται
3297 1840 3468 1908 φωνὴ,
3493 1841 3696 1909 καῖιοῦχ

467 1935 630 1989 etiam
667 1949 767 1987 vox
801 1935 1032 1987 videtur.

535 2112 822 2184 Etjuravit
849 2113 987 2183 quod
1018 2129 1122 2166 non
1170 2122 1433 2165 transeam
1472 2111 1759 2165 Jordanem
1791 2109 1927 2161 lianc
1964 2109 2029 2161 ε’.

470 2207 602 2263 Cum
641 2207 850 2278 Moyses
874 2222 978 2260 non
1010 2206 1359 2275 gloriﬁcasset
1394 2204 1558 2258 Deum
1593 2220 1776 2258 coram
1815 2203 2028 2272 populo,

468 2317 571 2354 non
601 2301 923 2370 permissum
959 2309 1043 2352 est
1071 2308 1128 2352 ut
1161 2299 1299 2352 ultra
1335 2297 1751 2367 progrederetur
1778 2311 1896 2348 cum
1929 2295 2023 2348 eis.

466 2389 543 2444 Ne
571 2392 713 2444 cnim
755 2403 912 2457 quem
959 2389 1139 2442 vivum
1188 2387 1461 2452 colebant,
1493 2386 1787 2440 honoribus
1835 2387 2031 2438 divinis

468 2488 736 2532 mortuum
793 2476 1110 2540 allicerent,
1164 2478 1230 2529 ab
1277 2477 1452 2531 oculis
1499 2477 1740 2529 omnium
1803 2475 2032 2528 removit

466 2566 606 2620 Deus
631 2566 936 2634 sepulcrum
965 2565 1099 2632 ejus.

535 2658 809 2712 Contestor
844 2659 984 2712 vobis
1029 2657 1186 2710 Itotl'e
1230 2659 1412 2710 ratium
1467 2669 1514 2710 et
1569 2667 1756 2710 terram
1794 2659 1859 2713 ⁸³.
1889 2658 2030 2714 Deus

465 2751 546 2804 sui
580 2751 898 2804 adoratores
929 2766 1031 2803 non
1071 2750 1391 2818 permittens
1421 2765 1539 2800 ('um
1579 2751 1911 2805 daemonibus
1937 2767 2027 2805 so-

463 2846 718 2898 cietatem
750 2844 969 2907 habere,
1005 2845 1110 2895 imo
1141 2857 1234 2896 eos
1257 2844 1347 2910 qni
1381 2843 1548 2896 semel
1586 2859 1708 2896 eum
1757 2861 2024 2910 cognove-

467 2936 828 3003 runt,jubcns
859 2935 927 2987 ab
949 2935 1096 2988 omni
1130 2951 1252 3003 erga
1287 2935 1408 2989 illos
1439 2934 1630 2989 achctu
1657 2952 1776 2990 esse
1807 2939 2022 3002 liberos,

463 3026 623 3080 simul
657 3026 722 3078 ad
753 3025 1152 3079 tentulationem
1177 3040 1271 3079 eos
1305 3041 1607 3092 provocans
1630 3041 1692 3080 ex
1726 3029 2026 3083 defectione

2139 1937 2350 2006 ὁρᾶται·
2385 1933 2502 1987 ἀλλ’
2543 1928 2634 1985 οῦν
2655 1933 2746 1985 ἐπί
2776 1930 2882 1983 τῶν
2903 1929 2998 1982 τοῦ
3032 1929 3167 1982 Θεοῦ
3201 1929 3493 1999 θαυμάτων
3550 1933 3640 1982 καὶ
3673 1933 3703 2000 ἡ

2136 2026 2285 2096 φωνὴ
2310 2027 2520 2096 ὁρᾶται.

2203 2118 2312 2171 Καὶ
2340 2116 2576 2186 ὤμοσεν
2606 2117 2707 2170 ἵνα
2725 2116 2810 2185 μὴ
2831 2116 3011 2171 διαδῶ
3026 2119 3132 2172 τὸν
3159 2115 3462 2184 Ἰορδάνην
3475 2113 3705 2167 τοῦτον.

2133 2206 2392 2274 Μωῦσῆς,
2429 2206 2502 2277 μὴ
2523 2203 2750 2269 δοξάσας
2776 2207 2867 2258 τὸν
2893 2207 3024 2261 Θεὸν
3049 2208 3141 2260 ἐπὶ
3169 2206 3263 2260 τοῦ
3289 2205 3441 2270 λαοῦ,
3467 2203 3706 2268 ἐκωλύθη

2135 2297 2422 2366 παρελθεῖν
2453 2299 2568 2368 μετ’
2595 2297 2791 2364 αὐτῶν,
2831 2300 2918 2352 ἵνα
2975 2298 3047 2370 μὴ
3077 2299 3135 2352 ὃν
3171 2299 3373 2368 ἐτίμων
3414 2296 3608 2361 ζῶντα,
3649 2296 3704 2345 ἐν

2134 2386 2270 2440 θεῶν
2317 2387 2635 2458 θεραπείαις
2679 2389 2981 2458 τιμήσωσιν
3031 2389 3351 2443 ἀπελθόντα.
3401 2389 3492 2440 Διὸ
3516 2387 3577 2458 δὴ
3613 2387 3704 2438 καὶ

2132 2478 2491 2542 ἀποθανόντος
2522 2478 2702 2548 ἀφανῆ
2741 2480 2831 2537 τὸν
2861 2480 3028 2548 τάφον
3054 2481 3326 2550 ἐποίησεν.

2202 2676 2666 2744 Διαμαρτύρομαι
2680 2675 2820 2744 ὑμῖν
2837 2675 3102 2744 σήμερον
3125 2676 3230 2727 τόν
3247 2691 3307 2727 τε
3320 2673 3577 2742 οἰιρανὸν
3601 2671 3700 2725 καί

2129 2765 2244 2834 τὴν
2273 2766 2407 2834 γῆν.
2451 2767 2508 2819 Ὀ
2541 2767 2672 2830 Θεὸς
2693 2767 2821 2829 τοὺς
2836 2766 2998 2819 αὑτὸν
3025 2767 3458 2837 προσκυνοῦντας
3481 2767 3540 2818 οὐ
3573 2782 3702 2832 συγ-

2129 2855 2320 2927 χωρῶν
2357 2855 2573 2926 δαίμοσι
2607 2855 3006 2920 συνάπτεσθαι,
3039 2855 3174 2909 ἀλλὰ
3206 2857 3331 2918 τοὺς
3355 2857 3499 2920 ἆπαξ
3535 2855 3698 2910 αὑτὸν

2129 2946 2432 3014 ἐγνωκότας
2451 2946 2604 3011 ἐκτὸς
2635 2943 2772 3001 εἶναι
2799 2947 3034 3001 κελεύων
3051 2948 3149 3017 τῆς
3180 2948 3312 3018 πρὸς
3331 2948 3563 3010 ἐκείνους
3584 2947 3699 3000 δια-

2129 3037 2349 3100 θέσεως,
2384 3037 2473 3091 καὶ
2516 3037 2839 3108 παραζηλῶν
2879 3041 2936 3092 ἐν
2963 3043 3029 3111 τῇ
3057 3040 3360 3110 ἀποστασία
3392 3040 3499 3094 τῶν
3530 3040 3695 3102 λαῶν,

463 3117 735 3186 gentium,
778 3117 989 3170 futuras
1025 3117 1106 3170 cis
1139 3117 1375 3170 minatur
1408 3131 1593 3183 pmnas
1648 3119 1717 3171 ob
1769 3134 2021 3188 pervm-sa

2135 3129 2224 3191 τὰς
2273 3127 2568 3197 μελλούσας
2626 3130 2806 3193 αὐτοῖς
2864 3130 3113 3200 προλέγει
3157 3132 3420 3201 τιμωρίας
3464 3131 3548 3184 διὰ
3600 3132 3698 3202 τὴν

463 3225 646 3262 eorum
678 3209 924 3263 consilia.

532 3299 579 3352 Ε
632 3302 784 3354 domo
839 3302 1102 3355 seri-ituris
1137 3301 1203 3355 “.
1250 3303 1384 3357 Vere
1437 3305 1578 3359 enim
1623 3321 1707 3359 res
1754 3320 2029 3374 corporeae

461 3403 517 3447 et
554 3393 880 3457 materiales,
917 3393 1108 3448 domus
1142 3403 1268 3449 sunt
1298 3395 1598 3460 servitutis,
1629 3398 1770 3452 sicut
1807 3408 2027 3450 contra-

464 3485 575 3546 τίω,
621 3484 812 3538 domus
847 3493 973 3538 sunt
1001 3485 1283 3539 libertatis.

543 3572 644 3626 Vos
669 3575 803 3627 enim
830 3577 951 3627 estis
983 3577 1287 3643 paucissimi
1309 3593 1420 3642 prte
1445 3579 1683 3629 omnibus
1705 3579 1938 3646 gentibus
1960 3580 2028 3633 “.

465 3664 694 3718 Pulchre
754 3667 819 3719 iis
878 3667 972 3736 qui
1034 3683 1062 3720 a
1117 3681 1271 3736 parte
1335 3669 1426 3722 Dei
1474 3672 2024 3730 sunt.dictumcst:

468 3777 488 3809 ι
526 3758 840 3813 Paucissimi
883 3761 1017 3814 estis
1071 3775 1183 3829 prae
1237 3763 1488 3816 omnibus
1546 3763 1836 3831 gentibus;
1877 3782 1894 3813 ι
1942 3765 2026 3817 cui

464 3848 619 3903 aliine
659 3862 740 3904 cst
771 3851 909 3904 istud
939 3851 984 3881 “
1015 3868 1030 3904 :
1086 3871 1104 3902 ι
1140 3851 1298 3905 Pauci
1357 3863 1483 3907 sunt
1526 3856 1614 3921 qni
1666 3854 1970 3918 salvmitnr;
2005 3876 2022 3908 ι

464 3953 516 3996 ct
557 3941 598 3974 "
626 3959 638 3995 :
671 3961 688 3993 ι
725 3942 1046 3997 Contenditc
1079 3943 1279 3996 intrare
1322 3960 1416 4013 per
1446 3957 1727 4016 angustam
1759 3958 2023 4017 portam.»

532 4034 700 4104 388
736 4034 874 4100 Quia
909 4051 1011 4087 nou
1054 4035 1108 4090 in
1147 4053 1280 4102 pane
1315 4039 1424 4090 solo
1468 4040 1586 4093 vicit
1634 4041 1806 4104 homo,
1845 4043 1933 4092 set!
1967 4043 2030 4092 de

466 4128 604 4178 omni
639 4128 786 4179 verbo
811 4130 950 4196 quod
980 4131 1212 4198 procedit
1234 4147 1325 4197 per
1348 4147 1404 4183 os
1433 4130 1526 4182 Dei
1559 4131 1622 4181 “'.
1658 4131 1864 4185 Rursus
1895 4134 2029 4188 ilici-

467 4227 553 4269 tur
588 4230 782 4268 manna
815 4217 982 4272 fuisse
1014 4219 1259 4280 verbum,
1300 4218 1424 4270 licet
1453 4217 1503 4270 in
1541 4217 1723 4271 Exodo
1750 4219 1902 4287 panis
1931 4235 2028 4274 no—

468 4307 724 4361 minetur.
761 4327 779 4359 ι
817 4308 924 4362 Iste
955 4311 1121 4374 enim,
1154 4311 1329 4378 inquit
1354 4311 1422 4374 θ’,
1455 4320 1538 4364 est
1573 4311 1724 4379 panis
1755 4327 1912 4379 quem
1941 4313 2030 4366 de-

465 4399 544 4452 dit
573 4397 832 4453 Dominus
864 4401 1018 4454 vobis
1055 4403 1120 4454 ad
1160 4403 1449 4458 edendum.
1501 4403 1612 4457 lloc
1666 4415 1751 4458 est
1808 4406 2028 4459 verbum

2131 3221 2390 3292 πονηρίαν
2414 3221 2521 3274 τῶν
2553 3221 3000 3292 ἐπιτηδευμάτων
3031 3223 3228 3276 αὐτῶν.

2197 3314 2302 3376 Ἐξ
2335 3314 2505 3367 οἴκου
2537 3313 2834 3379 δουλείας.
2884 3315 2993 3367 Καὶ
3025 3315 3132 3385 γὰρ
3164 3313 3377 3384 ἀληθῶς
3409 3314 3474 3367 τὰ
3514 3331 3700 3384 σωμα-

2128 3407 2256 3462 τικᾶ
2311 3407 2611 3478 πράγματα
2669 3406 2761 3458 καὶ
2809 3404 2998 3468 ὑλικὰ,
3053 3401 3200 3468 οἶκός
3248 3408 3364 3458 ἐστι
3415 3406 3699 3471 δουλείας,

2129 3498 2318 3568 ὥσπερ
2351 3499 2415 3550 ἐκ
2442 3497 2548 3550 τῶν
2574 3497 2828 3551 ἐναντίων
2856 3491 3007 3560 οἶκός
3036 3499 3182 3550 ἐστιν
3215 3496 3542 3568 ἐλευθερίας.

2213 3586 2407 3654 ’Υμεῖς
2439 3585 2549 3656 γάρ
2585 3587 2724 3638 ἐστε
2767 3586 3066 3654 όλιγοστοὶ
3104 3585 3260 3654 παρὰ
3285 3585 3480 3638 πάντα
3509 3587 3580 3639 τὰ
3606 3587 3702 3640 ἕϐ-

2131 3695 2228 3745 νη.
2261 3676 2456 3740 Καλῶς
2488 3680 2600 3740 τοῖς
2649 3677 2758 3730 ἀπὸ
2798 3678 2896 3747 τῆς
2943 3677 3160 3747 μερίδος
3209 3677 3452 3748 εἴρηταιο
3511 3695 3528 3727 ι
3561 3677 3700 3729 Ὀλι-

2130 3768 2311 3836 γοστοί
2342 3770 2463 3820 ἐστε
2497 3767 2649 3838 παρὰ
2679 3768 2853 3821 πάντα
2887 3767 2953 3820 τὰ
3001 3766 3149 3839 ἔθνη.
3174 3785 3193 3818 ι
3227 3767 3507 3835 Συγγενῶς
3529 3785 3584 3819 τε
3616 3766 3722 3828 τὸ,

2137 3879 2155 3911 ι
2199 3859 2397 3928 Ὀλίγοι
2424 3862 2472 3912 oi
2505 3859 2833 3930 σωζόμενοι,
2874 3878 2892 3909 ι
2922 3858 3015 3910 καὶ
3033 3860 3113 3921 τὸ,
3141 3876 3161 3910 ι
3210 3857 3559 3926 Ἀγωνίζεσθε
3587 3858 3700 3908 εἰσ-

2133 3951 2305 4004 ελθεῖν
2334 3951 2421 4005 διὰ
2452 3952 2550 4021 τῆς
2597 3951 2786 4020 στενῆς
2816 3949 3010 4020 πύλης.
3034 3967 3050 3999 ι

2205 4045 2332 4098 Ὅτι
2360 4045 2468 4097 οὐκ
2489 4041 2580 4094 ἐπ’
2603 4040 2930 4110 ἅρτῳμόνῳ
2959 4039 3191 4107 ζήσεται
3214 4039 3542 4108 ἄνθρωπος,
3561 4040 3699 4095 ἀλλ’

2133 4134 2231 4187 ἐπὶ
2271 4133 2445 4186 παντί
2471 4131 2687 4199 ῥήματι
2710 4171 2724 4195 ,
2761 4130 2856 4183 καὶ
2887 4134 2952 4184 τὰ
2977 4129 3122 4197 ἑξῆς.
3156 4128 3322 4180 Πάλιν
3350 4145 3408 4180 τε
3439 4125 3505 4182 αὖ
3533 4129 3614 4180 ὅτι
3641 4127 3703 4179 τὸ

2136 4228 2310 4298 μάννα
2343 4225 2495 4294 λόγος
2524 4221 2612 4295 ἦν,
2652 4223 2700 4276 εἰ
2735 4223 2825 4275 καὶ
2871 4223 3029 4293 ἄρτος
3054 4219 3303 4293 δηλοῦται
3338 4222 3395 4272 ἐν
3434 4223 3496 4291 τῇ
3556 4219 3701 4284 Ἐξόο

2131 4317 2224 4386 δερ.
2265 4335 2284 4368 ι
2320 4307 2488 4377 υῦτος
2517 4315 2644 4385 γὰρ,
2678 4314 2874 4383 φησιν,
2917 4315 2944 4365 6
2979 4313 3139 4382 ἄρτος
3187 4311 3245 4362 ὃν
3291 4310 3458 4364 ἔδωκε
3500 4310 3700 4382 Κύριος

2135 4411 2262 4480 ὑμῖν
2293 4412 2505 4480 φαγεῖν.
2546 4408 2715 4461 Τοῦτο
2752 4409 2811 4460 τὺ
2856 4409 3006 4478 ῥῆμα
3059 4405 3087 4458 ὃ
3134 4404 3388 4471 συνέταξε
3427 4403 3646 4476 Κύριος.
3677 4423 3696 4454 ο

465 4491 609 4558 quod
639 4491 914 4544 constituit
948 4492 1225 4544 Dominus.
1260 4514 1278 4544 ι
1317 4495 1608 4564 Propterea
1640 4511 1831 4549 manna
1868 4514 1886 4546 ι
1925 4498 2026 4549 ιιιὶ-

2136 4501 2234 4552 Διὰ
2254 4501 2407 4552 τοῦτο
2435 4499 2491 4550 δέ
2513 4498 2573 4550 τὸ
2613 4500 2786 4568 μάννα
2831 4515 2848 4548 ι
2871 4496 3064 4548 λεπτὸν
3096 4489 3162 4563 ἦν
3201 4495 3330 4547 ὡσεὶ
3364 4493 3543 4566 κόριον
3581 4492 3721 4545 λευκ-

468 4591 654 4636 nutum
693 4590 812 4634 erat
853 4591 1109 4650 tauquam
1143 4585 1487 4638 coriandrum
1524 4586 1738 4652 album,
1779 4598 2030 4657 tanquam

463 4675 585 4743 gelu
617 4688 779 4742 super
807 4682 1004 4724 terram
1033 4674 1077 4703 7"
1105 4692 1118 4726 :
1149 4693 1166 4724 r
1200 4677 1635 4744 qnamquuitlem
1677 4681 1898 4734 verbum
1929 4698 2032 4736 cu-

459 4767 550 4834 jus
581 4765 883 4834 symbolum
931 4775 1048 4818 erat
1085 4781 1279 4818 manna
1316 4768 1476 4832 istud,
1519 4771 1782 4824 minutmn
1815 4783 1899 4826 est
1932 4790 2028 4830 sna

467 4867 678 4922 natura,
696 4867 747 4912 et
773 4867 1064 4927 penetrans
1089 4859 1154 4911 ad
1177 4874 1366 4912 omnes
1392 4863 1612 4930 spiritus
1646 4864 2026 4934 intelligentes,

468 4955 717 5014 mundos,
754 4955 1014 5006 minutos.
1042 4952 1136 5006 Est
1167 4954 1329 5006 etiam
1361 4957 1627 5024 sapientia
1675 4959 1898 5026 spiritus
1945 4961 2031 5015 in-

467 5042 734 5114 telligens,
770 5054 1026 5103 sanctus.
1067 5043 1407 5114 unigenitus,
1454 5047 1819 5111 multifarins,
1858 5054 2035 5108 minu-

470 5145 576 5197 tus,
609 5144 715 5189 etc.
747 5135 872 5189 Erat
901 5146 1082 5188 autem
1107 5137 1246 5190 sicut
1278 5138 1621 5193 coriandrum
1659 5141 1863 5196 album.
1897 5143 2033 5196 Tra-

466 5223 600 5277 dunt
629 5223 904 5277 coriandri
939 5234 1186 5278 naturam
1215 5225 1428 5294 penitus
1462 5227 1654 5281 semini
1683 5232 2029 5298 respondere,

467 5311 538 5365 ita
571 5322 624 5365 ut
661 5313 705 5366 si
741 5314 1050 5368 succidatur
1099 5315 1262 5369 etiam
1312 5317 1580 5370 coriandri
1635 5333 1817 5373 semen
1844 5360 1858 5382 ,
1923 5321 2027 5374 vim

468 5419 618 5456 suam
656 5419 761 5459 non
803 5406 1033 5468 amittat,
1071 5414 1326 5475 tanquam
1374 5412 1600 5464 sementi
1655 5411 1882 5480 amplius
1921 5428 2025 5465 non

470 5495 737 5548 idoneum.
788 5493 1105 5564 llujusmodi
1149 5499 1369 5553 omnino
1413 5502 1632 5554 verbum
1685 5512 1810 5568 est,
1875 5503 2028 5572 cujus

540 5695 583 5726 '°
616 5694 774 5748 llcbr.
804 5715 872 5756 τι,
901 5701 992 5754 59.

472 5779 587 5829 λιιι,
610 5765 700 5818 25.

1070 5703 1109 5734 ⁶¹
1148 5705 1298 5757 Dent.
1337 5720 1410 5765 tv,
1444 5705 1527 5758 19..

777 5767 818 5797 ⁸⁷
852 5769 980 5821 ἰὶιίιΙ.
1022 5772 1113 5824 24.

1604 5705 1650 5736 ⁶²
1685 5707 1812 5760 illiti.
1855 5707 1946 5760 21.

1216 5773 1262 5804 ⁸⁸
1292 5775 1442 5827 Deut.
1483 5792 1598 5841 νιιι,
1625 5777 1680 5831 5.

2028 5709 2072 5739 ⁸³
2104 5709 2235 5760 ιινὶιί.
2259 5710 2351 5764 20.

1757 5778 1801 5809 ⁸⁸
1825 5777 1997 5839 Exod.
2033 5795 2143 5839 xvi.
2177 5781 2262 5839 l5.
2292 5783 2376 5834 lli.

2137 4592 2251 4654 κον,
2288 4592 2417 4643 ὡσεὶ
2447 4591 2618 4658 πάγος
2646 4590 2738 4642 ἐπὶ
2787 4588 2883 4658 τῆς
2925 4587 3046 4655 γῆς·
3079 4607 3096 4639 ι
3133 4585 3429 4656 ἐπειδήπερ
3473 4586 3502 4636 ό
3546 4583 3701 4646 λόγος

2115 4678 2198 4738 ,οῦ
2235 4681 2499 4750 σύμϐολον
2541 4676 2607 4750 ἦν
2655 4679 2716 4730 τὸ
2756 4679 2926 4748 μάννα
2977 4679 3149 4730 ἐκεῖνο
3175 4715 3190 4735 ,
3242 4675 3436 4728 λεπτόν
3484 4676 3601 4726 ἐστι
3632 4675 3700 4742 τῇ

2140 4771 2299 4823 αὑτοῦ
2341 4769 2533 4839 φύσει,
2590 4770 2681 4820 καὶ
2724 4768 2906 4836 διῆκον
2952 4766 3037 4819 διὰ
3095 4765 3310 4818 πάντων
3374 4763 3702 4833 πνευμάτων

2139 4861 2338 4933 νοερῶν
2356 4901 2370 4923 ,
2407 4859 2678 4931 καθαρῶν,
2713 4858 3070 4916 λεπτοτάτων.
3107 4857 3334 4910 Ἐστιδέ
3363 4856 3453 4909 καὶ
3482 4856 3513 4925 ἡ
3542 4853 3704 4922 σοφία

2139 4953 2354 5022 πνεῦμα
2386 4952 2590 5023 νοερὸν,
2611 4951 2779 5018 ἅγιον,
2810 4949 3111 5020 μονογενὲς,
3135 4948 3458 5018 πολυμερὲς,
3487 4945 3701 5008 λεπτὺν,

2139 5047 2232 5099 καὶ
2261 5044 2328 5096 τὰ
2356 5043 2501 5112 ἐξῆς.
2535 5039 2643 5095 Ἦν
2681 5042 2737 5094 δὲ
2787 5043 2878 5095 καὶ
2923 5041 3053 5093 ὡσεὶ
3101 5041 3280 5110 κὸριον
3308 5039 3442 5108 πρὸς
3473 5038 3534 5090 τὸ
3563 5035 3703 5090 εἷναι

2137 5133 2345 5186 λευκόν.
2385 5131 2522 5185 Φασὶ
2567 5131 2622 5184 δὲ
2650 5131 2748 5201 τὴν
2779 5131 2868 5183 τοῦ
2899 5131 3080 5201 χορίου
3126 5130 3283 5198 φύσιν
3319 5129 3446 5198 ὃλην
3475 5128 3542 5180 δι’
3566 5128 3703 5180 ὅλων

2137 5228 2293 5296 λόγον
2310 5227 2452 5299 ἔχειν
2481 5225 2812 5298 σπέρματος,
2832 5226 2907 5288 ὡς
2929 5225 3060 5296 μηδέ
3091 5223 3241 5292 ἐντῷ
3264 5221 3705 5276 κατακόπτεσθαι

2138 5322 2199 5374 τὸ
2223 5321 2314 5374 τοῦ
2343 5321 2524 5393 κορίου
2556 5321 2798 5390 σπέρμα,
2831 5317 3241 5388 ἐξαφανίζεσθαι
3269 5315 3432 5370 αὑτοῦ
3474 5317 3574 5380 τὴν
3613 5313 3706 5366 δύ-

2137 5429 2316 5480 ναμιν,
2344 5412 2418 5474 ὡς
2443 5413 2539 5463 οῦκ
2560 5411 2639 5463 ἔτι
2658 5409 2967 5479 δυναμένην
2997 5408 3331 5480 σπείρεσθαι.
3364 5405 3617 5468 Τοιοῦτος
3643 5405 3705 5458 δὲ

2135 5505 2200 5560 δι’
2235 5507 2354 5560 ὅλου
2378 5508 2406 5558 6
2433 5507 2619 5575 λόγος·
2651 5507 2743 5563 καὶ
2770 5509 2874 5560 πᾶν
2914 5507 3098 5579 μόριον
3132 5506 3295 5559 αὑτοῦ
3340 5503 3706 5576 γεωργεῖσθαι

2429 5711 2474 5742 ⁸³
2510 5711 2662 5763 Deut.
2695 5724 2769 5771 vi,
2809 5710 2891 5764 l5.
2969 5709 3013 5740 “
3054 5708 3208 5763 Deut.
3242 5710 3414 5771 vn,7.
3495 5710 3542 5741 “
3570 5708 3703 5764 Luc.

2453 5781 2498 5811 ⁷⁸
2526 5779 2653 5833 ibid.
2687 5780 2768 5833 Η.

2969 5709 3013 5740 ⁸⁵
3054 5708 3208 5763 Deut.
3242 5710 3414 5774 vn,7.
