4104 6226
298 373 364 426 80
373 373 404 428 ἐξ

1512 363 1826 422 SELECTA
1858 362 1927 419 IN
1957 363 2353 421 DEUTERON.

3469 370 3572 427 810

299 492 542 561 πέφυκεν
573 490 631 544 ἐν
661 489 800 560 καλῇ
836 487 932 542 καὶ
971 485 1175 558 ἀγαθῇ,
1216 477 1464 537 τουτέστι
1496 484 1695 555 ψυχῆς.
1731 485 1878 537 Ἔστι

1994 485 2172 552 omnis
2205 488 2468 559 particula
2500 488 2566 543 ad
2603 498 2761 543 terrm
2797 486 3005 543 cultum
3041 498 3232 543 natura
3270 499 3391 561 apta
3433 501 3520 548 est
3547 533 3565 560 ,

297 587 354 640 δὲ
381 586 439 640 τὸ
458 585 655 656 ,μάννα
683 582 897 636 λευκόν.
927 578 1047 642 Φῶς
1076 580 1185 650 γὰρ
1225 580 1254 630 6
1281 577 1438 645 λόγος
1469 578 1564 630 καὶ
1593 577 1844 649 λαμπρὸν
1867 619 1881 642 ,

298 677 394 728 καὶ¹
427 675 568 728 κατὰ
596 672 755 726 τοῦτο
779 671 971 725 λευκὸν
987 710 1002 734 ,
1030 668 1106 739 τῷ
1129 670 1291 722 αὐτὸν
1315 667 1550 721 συνιέντι
1573 668 1668 721 καὶ
1693 686 1887 740 τρεφο-

301 768 448 838 μένῳ
488 767 579 820 ὐπ’
621 763 809 818 αὐτοῦ.
864 763 1019 814 Ἐστι
1069 760 1127 814 δέ
1165 761 1258 815 καὶ
1316 761 1451 814 ὡσεὶ
1495 760 1706 825 πάγος·
1762 779 1887 816 συν-

296 855 678 926 εστραμμένος
724 852 867 924 γὰρ,
916 853 1011 905 καὶ
1053 850 1290 922 οὐδαμοῦ
1335 851 1714 916 πλαδῶν,οὐδέ
1741 852 1884 924 διεῤ-

298 949 538 1020 ρυηκὼς,
565 947 701 1001 ἀλλά
727 947 945 1014 πάγιος,
966 943 1002 998 ἆ
1031 943 1095 1014 δὴ
1119 943 1349 1015 οὐρανοῦ
1380 943 1559 1012 λόγος,
1588 944 1682 998 καὶ
1702 945 1883 1013 ἀπαγ-

295 1040 504 1109 γέλλων
533 1040 665 1112 ἡμῖν
693 1039 765 1093 τὰ
795 1038 1043 1110 οὐράνια.

377 1225 442 1278 '0
465 1224 574 1294 γὰρ
603 1224 818 1292 Κύριος
849 1225 882 1277 ό
906 1223 1051 1287 Θεός
1084 1236 1201 1274 σου
1223 1221 1514 1290 εἰσαγάγῃ
1547 1235 1620 1275 σε
1653 1223 1740 1287 είς
1770 1219 1884 1291 γῆν

294 1314 530 1384 ἀγαθὴν
569 1313 667 1368 καί
713 1311 979 1378 πολλὴν.
1033 1311 1193 1382 Ἡμῖν
1247 1312 1277 1364 ὁ
1319 1310 1555 1381 Χριστὸς
1604 1311 1665 1363 οὐ
1707 1310 1884 1365 ταῦτα

294 1407 486 1460 δώσειν
519 1406 804 1476 ὑπέσχετο,
834 1402 972 1459 ἀλλά
1008 1401 1254 1474 οὐρανῶν
1298 1401 1575 1473 βασιλείαν
1598 1442 1613 1466 ,
1661 1404 1753 1457 καὶ
1779 1404 1884 1473 γῆν

294 1496 506 1567 ἀγαθὴν
539 1498 632 1549 καὶ
660 1495 852 1560 ἀΐδιόν,
879 1490 948 1565 ἧς
973 1493 1274 1565 χείμαρρος
1300 1493 1328 1544 6
1357 1493 1612 1564 Χριστὸς,
1646 1494 1884 1557 ποτίζων

295 1590 406 1650 τοῖς
437 1587 536 1659 τῆς
561 1586 752 1656 σοφίας
792 1586 1050 1656 νάμασιν.
1095 1583 1517 1654 Ἐκπορεύονται
1565 1584 1622 1636 δὲ
1665 1586 1714 1636 οί
1773 1586 1884 1655 χεί-

298 1683 496 1750 μαρῤοι
527 1679 616 1732 διὰ
649 1678 758 1731 τῶν
802 1677 1002 1730 πεδίων
1030 1677 1124 1729 καὶ
1169 1675 1444 1730 ταπεινῶν
1491 1677 1584 1729 καὶ
1642 1676 1884 1747 γονίμων

294 1769 392 1822 ἀνθ
405 1767 622 1840 ρώπων,
651 1770 746 1821 καὶ
771 1767 860 1820 διὰ
884 1766 992 1819 τῶν
1029 1765 1251 1836 uti/qlth
1285 1767 1475 1838 ὀρέων,
1518 1766 1626 1820 τῶν
1677 1769 1885 1822 ἀνατει-

1995 581 2039 633 si
2087 579 2367 632 mandetur
2414 576 2711 634 commodae
2758 587 2814 633 et
2862 578 3017 634 home
3071 588 3268 646 terrae,
3311 581 3411 651 hoc
3463 595 3571 651 est,

1995 671 2212 724 auium.
2252 669 2341 724 Est
2370 669 2536 724 etiam
2575 684 2772 724 manna
2801 669 3002 724 album.
3029 668 3236 725 Lumen
3268 650 3412 726 enim
3447 689 3574 728 ver-

1995 761 2120 814 bum
2134 770 2238 823 est,
2255 760 2415 829 idque
2436 759 2800 828 splendidum,
2820 773 2880 813 ac
2896 759 3125 829 proinde
3149 774 3364 828 quoque
3390 760 3571 816 album

1992 852 2040 905 ei
2075 851 2163 920 qui
2197 852 2370 920 ipsum
2410 851 2685 920 intelligit,
2715 852 2782 905 ab
2810 865 2984 920 eoque
3011 851 3268 906 nutritur.
3289 851 3382 906 Est
3407 853 3572 907 etiam

1995 952 2251 1011 tanquam
2293 941 2437 1012 gelu.
2481 940 2808 995 (loutortum
2857 942 3003 996 enim
3035 951 3120 1024 est
3150 953 3205 996 ct
3251 944 3572 1006 neutiquam

1992 1031 2275 1087 ﬂaccidum
2318 1047 2492 1102 neque
2540 1031 2769 1097 ﬂuxum,
2819 1035 2914 1088 sed
2967 1042 3304 1089 concretum.
3337 1034 3574 1091 leeste

1992 1127 2193 1194 quippe
2231 1127 2456 1180 verbum
2486 1133 2591 1190 est,
2623 1141 2688 1179 ac
2723 1125 2882 1180 nobis
2907 1123 3153 1180 coelestia
3183 1129 3497 1184 annuntiat.

2067 1216 2323 1271 Dominus
2371 1219 2510 1271 enim
2566 1217 2707 1272 Deus
2758 1228 2881 1272 tuus
2931 1218 3148 1272 inducet
3193 1228 3242 1272 le
3272 1219 3326 1273 in
3372 1229 3574 1274 terram

1992 1309 2182 1362 bonam
2231 1316 2283 1362 et
2343 1308 2565 1362 multum
2593 1309 2662 1363 '“.
2696 1309 2866 1366 Nobis
2918 1310 3169 1367 Christus
3209 1325 3317 1366 non
3353 1326 3414 1366 se
3456 1313 3574 1367 hac

1990 1399 2246 1452 daturum
2289 1400 2560 1468 promisit,
2591 1400 2688 1454 sed
2723 1400 2981 1456 cmlorum
3014 1416 3262 1471 regnum,
3288 1410 3344 1458 et
3370 1410 3573 1457 terram

1991 1490 2192 1542 bonam
2216 1500 2272 1545 et
2296 1500 2581 1558 aeternam,
2609 1493 2768 1562 cujus
2798 1501 3014 1549 torrens
3042 1492 3297 1550 Christus
3324 1493 3440 1565 ipse
3466 1503 3572 1565 est,

1990 1591 2187 1648 potans
2241 1583 2523 1652 sapientiae
2562 1599 2673 1639 sua:
2711 1584 2954 1640 ﬂuentis.
2996 1584 3266 1641 Caeterum
3299 1595 3573 1643 torrentes

1991 1685 2090 1738 per
2117 1673 2418 1744 explicatos
2450 1677 2732 1732 hominum
2771 1677 3176 1733 submissorum
3201 1677 3574 1748 fertiliumque

1991 1776 2216 1833 campos
2252 1774 2703 1835 erumpunt,'ncc
2740 1784 2845 1822 non
2877 1783 2974 1838 per
2997 1777 3211 1825 montes
3235 1769 3573 1826 sublimitate

294 1861 534 1931 νομένων
561 1859 648 1912 διὰ
676 1859 737 1911 τὸ
761 1858 894 1927 ὕψος
922 1859 1019 1929 τῆς
1049 1857 1284 1930 Θεωρίας
1303 1859 1383 1921 είς
1412 1857 1693 1929 οὐρανούς.
1737 1861 1878 1914 Ἐκεί

1989 1857 2466 1926 contemplationis
2507 1860 2575 1914 ad
2628 1860 2798 1916 caelos
2864 1875 3035 1931 usque
3086 1861 3280 1918 elatos.
3323 1861 3438 1918 Illic
3487 1875 3574 1920 est

296 1952 326 2003 6
345 1951 488 2013 σῖτος
506 1952 534 2003 6
557 1947 827 2019 στηρίζων
863 1949 1089 2020 καρδίαν
1114 1947 1426 2020 ἀνθρώπου,
1451 1950 1544 2004 καὶ
1570 1950 1732 2021 κριθὴ
1757 1952 1880 2016 τοὺς

296 2041 715 2113 ὑποδεεστέρους
743 2041 1034 2112 τρέφουσα.
1082 2041 1229 2094 Ἐκεῖ
1262 2041 1294 2111 ή
1332 2041 1558 2113 ἀληθινὴ
1583 2042 1824 2114 ἄμπελος
1853 2045 1880 2096 ὁ

293 2134 548 2205 Χριστός.
589 2135 733 2188 Ἐκεῖ
759 2135 819 2188 τὸ
846 2134 1024 2188 ἔλαιον
1048 2134 1109 2188 τὸ
1148 2134 1394 2187 λιπαῖνον
1430 2134 1538 2189 τῶν
1569 2136 1735 2189 ὁσίων
1781 2137 1879 2202 τὰς

293 2228 556 2297 κεφαλάς.
603 2227 833 2298 Ὁμοίως
887 2228 983 2282 καὶ
1029 2228 1180 2299 ῥοαὶ,
1216 2226 1278 2279 τὸ
1307 2227 1478 2296 γλυκύ
1521 2230 1620 2299 μὲν
1669 2230 1879 2285 ἔνδοθεν

293 2318 579 2392 φέρουσαι,
609 2321 710 2390 τῆς
750 2319 1024 2384 πολιτείας
1063 2318 1120 2372 δὲ
1146 2318 1209 2371 τὺ
1237 2318 1510 2390 αὐστηρὸν
1547 2319 1746 2388 ἔξωθεν
1793 2323 1880 2375 ἐν-

290 2411 610 2481 δυσάμενοιι.
657 2413 805 2465 Ἐκεῖ
832 2413 863 2482 ή
895 2411 1053 2482 συκῆ,
1081 2410 1178 2480 οὐχ
1205 2412 1238 2481 ή
1264 2409 1514 2484 ἄκαρπος
1543 2411 1636 2464 καὶ
1660 2412 1879 2481 φύλλοις

291 2504 542 2575 κομῶσα,
573 2504 686 2558 ἀλλ’
718 2506 752 2575 ἡ
784 2503 1085 2557 πλουτοῦσα
1119 2502 1214 2556 τοῦ
1246 2501 1553 2574 πνεύματος
1605 2504 1702 2576 τὴν
1751 2505 1878 2575 γλυ-

294 2596 521 2668 κύτητα.
565 2597 711 2649 Ἐκ;ῖ
739 2598 766 2649 6
798 2596 1117 2667 γλυκασμὸς
1142 2594 1237 2648 τοῦ
1274 2595 1556 2667 φάρυγγος
1583 2596 1676 2649 τοῦ
1701 2597 1876 2668 Σωτῆ-

295 2705 387 2759 ρος
426 2690 454 2740 ὁ
483 2687 848 2759 ἐπιθυμητὰς,
893 2688 986 2740 καὶ
1019 2687 1088 2740 τὰ
1117 2687 1268 2759 χείλη
1311 2687 1410 2758 τῆς
1455 2689 1512 2740 ἐν
1550 2687 1628 2758 τῷ
1671 2688 1878 2760 ᾅσματι

289 2779 510 2851 νύμφης
541 2780 731 2852 κηρίον
759 2779 1136 2844 ἀποστάζοντα
1155 2819 1170 2844 ,
1203 2779 1295 2834 καὶ
1317 2780 1368 2833 οἱ
1397 2778 1535 2833 λίθοι
1563 2783 1612 2834 οἱ
1635 2780 1801 2849 ἅγιοι,
1825 2782 1876 2836 oi

291 2871 387 2923 ἐπὶ
414 2872 511 2942 τῆς
534 2872 637 2942 γῆς
672 2872 1014 2934 κυλισθέντες
1043 2872 1179 2942 πρὸς
1208 2875 1549 2944 πειρασμοὺς
1585 2872 1875 2939 ἀνένδοτοι,

295 2963 388 3015 καὶ
414 2961 574 3032 φύσιν
603 2962 822 3034 σιδήρου
848 2960 1305 3033 ἀπομιμούμενοι.
1347 2963 1494 3016 Ἐκεῖ
1535 2961 1605 3016 τὰ
1641 2962 1878 3033 μέταλλα

290 3053 385 3106 τοῦ
452 3055 687 3124 χαλκοῦ,
739 3053 798 3121 ἐξ
845 3049 908 3106 οὐ
943 3053 1040 3125 τὴν
1087 3054 1284 3126 νοητὴν
1349 3055 1648 3110 πανοπλίαν
1710 3073 1875 3110 κατε-

293 3147 587 3204 σκεύασαν.
618 3148 724 3202 Καὶ
747 3147 808 3201 τὸ
834 3147 1034 3201 τούτων
1071 3147 1364 3218 κεφάλαιον
1394 3148 1689 3212 ἀπαύστως
1727 3149 1877 3203 εὐλο-

291 3241 408 3306 γεὶν
440 3240 531 3292 τὸν
559 3240 714 3293 Θεὸν.

371 3328 482 3381 Τοῦ
519 3328 725 3382 αὐτοῦ.
761 3329 876 3381 Οὐκ
899 3327 1012 3382 ἐστι
1037 3369 1052 3393 ,
1092 3329 1227 3400 φησὶ
1251 3369 1266 3393 ,
1307 3328 1465 3400 πηλῷ
1500 3330 1594 3384 καὶ
1628 3330 1876 3402 πλινθείᾳ.

296 3419 551 3490 μοχθεῖν,
595 3420 690 3472 καὶ
733 3419 1097 3492 ταλαιπωρεῖν
1122 3461 1137 3485 ,
1177 3421 1314 3475 ἀλλὰ
1353 3421 1535 3487 λίθους
1587 3422 1731 3493 ἐχειν
1781 3425 1875 3478 καὶ

292 3512 512 3575 τούτους
561 3512 930 3583 ἰταμωτάτους
951 3551 966 3576 ,
999 3514 1094 3566 καὶ
1125 3514 1198 3585 μὴ
1236 3514 1433 3587 ῥᾳδίως
1465 3515 1872 3586 διαλυομένους,

291 3607 368 3669 ὡς
394 3608 486 3660 καὶ
511 3607 843 3676 οἰκοδομίαις
875 3607 1127 3679 ἐξαρκεῖν
1157 3609 1251 3660 καὶ
1279 3609 1374 3662 ἐπὶ
1409 3609 1543 3662 πολύ
1577 3610 1870 3681 διαμένειν.

293 3697 478 3750 Ταῦτα
510 3697 565 3750 δέ
599 3697 745 3767 λέγει
803 3698 900 3770 τὴν
952 3699 1189 3752 διάνοιαν
1227 3699 1405 3753 αὐτῶν
1445 3701 1744 3772 ἀποστῆναι
1774 3701 1876 3771 τῆς

290 3789 568 3858 Αἰγύπτου
599 3789 942 3860 βουλόμενος.
967 3789 1066 3843 Διά
1089 3789 1198 3862 γὰρ
1221 3790 1316 3843 τοῦ
1342 3793 1536 3855 εἰπεῖν,
1564 3810 1580 3842 ι
1603 3793 1869 3864 ἀγαθὴν,›

289 3882 349 3935 τὸ
376 3883 599 3954 γόνιμον
630 3883 814 3948 ἔδειξε·
848 3883 934 3936 διὰ
963 3883 1017 3936 δὲ
1048 3883 1162 3945 τοῦ,
1197 3901 1216 3934 ‹
1241 3883 1458 3953 πολλὴν,
1491 3905 1508 3936 ι
1545 3885 1606 3938 τὸ
1647 3885 1874 3954 μέγεθος

292 3978 382 4029 καὶ
411 3977 470 4028 τὸ
497 3975 720 4039 πλάτος.
755 3995 772 4026 ι
807 3967 882 4027 υῦ
911 3973 1203 4046 χείμαρροι
1229 3974 1438 4029 ὑδάτων
1477 3974 1653 4045 (τοῦτο
1683 3977 1784 4029 οὐκ
1815 3979 1873 4029 ἐν

290 4067 592 4138 Αἰγύπτῳ),
625 4066 719 4120 καὶ
745 4067 919 4136 πηγαὶ
950 4065 1224 4119 ἀϐύσσων·
1259 4085 1277 4119 ι
1314 4067 1452 4136 ὅπερ
1480 4067 1757 4137 ἐξαίρετον
1805 4071 1869 4139 τῇ

291 4163 360 4230 γῇ
405 4161 503 4232 τῆς
547 4157 896 4227 ἐπαγγελίας.
951 4157 1266 4230 Προσέθηκε
1334 4157 1392 4210 δέ
1438 4159 1528 4210 καὶ
1591 4177 1608 4208 ι
1639 4157 1726 4211 διὰ
1765 4159 1872 4213 τῶν
1913 4216 1916 4217 ,

290 4252 476 4323 ὀρέων·
509 4273 527 4304 ›
565 4252 700 4323 ὅπερ
739 4253 806 4321 τῇ
841 4249 1099 4320 Αἰγύπτῳ
1128 4251 1191 4303 οὐ
1222 4249 1534 4320 πρόσεστιν,
1581 4250 1696 4302 ἀλλ’
1748 4250 1872 4302 οὐδέ

289 4343 554 4415 ἀμπέλοις
581 4343 746 4412 κομᾷ,
781 4341 903 4394 οὐδὲ
934 4341 1193 4410 ἀφθονίαν
1227 4340 1337 4411 ἔχει
1365 4340 1565 4393 ἐλαίου·
1604 4343 1635 4412 ή
1673 4341 1732 4394 δέ
1775 4341 1873 4410 τῆς

291 4434 622 4504 ἐπαγγελίας
649 4433 719 4503 γῆ
758 4431 935 4485 πάντα
973 4431 1263 4496 πλουσίως.

361 4614 628 4681 Πρόσεχε
657 4609 910 4675 σεαυτῷ,
933 4610 1018 4678 μὴ
1041 4610 1298 4678 ἐπιλάϐῃ
1322 4611 1540 4678 Κυρίου
1587 4609 1694 4664 τοῦ
1721 4611 1871 4665 Θεοῦ

290 4719 428 4759 σου.
457 4705 613 4759 Μετά
660 4703 755 4774 τὴν
804 4705 910 4758 τῶν
947 4704 1164 4773 ἀγαθῶν
1207 4704 1537 4773 ἐπαγγελίαν
1584 4705 1663 4767 είς
1709 4704 1872 4774 νῆψιν

291 4797 489 4859 αὐτοὺς
534 4795 892 4864 διανίστησιν,
939 4795 1031 4849 τοῦ
1074 4796 1364 4867 εὐεργέτου
1410 4795 1741 4867 μεμνῆσθαι,
1777 4799 1872 4850 καὶ

291 4893 366 4964 μὴ
397 4891 697 4963 ἐξυϐρίζειν
724 4891 800 4962 τῷ
830 4892 994 4962 κόρῳ,
1030 4891 1164 4962 μηδὲ
1195 4893 1542 4962 περιφρονεῖν
1571 4891 1665 4944 τοῦ
1698 4892 1872 4946 ταῦτα

285 4986 693 5057 δωρησαμένου,
721 4986 814 5053 καὶ
835 4986 914 5038 ὅτι
943 4987 1007 5037 ἐκ
1029 4984 1127 5055 τῆς
1151 4983 1208 5036 ἐν
1235 4981 1495 5053 Αἰγύπτῳ
1523 4981 1764 5058 δουλείας
1793 4985 1873 5047 εἰς

287 5080 598 5152 ἐλευθερίαν
625 5080 820 5144 αὐτοὺς
848 5081 1229 5152 μετεκόμισεν.

361 5172 443 5222 Οὐ
492 5169 768 5235 ποιήσεις
806 5169 993 5235 οὕτως
1028 5170 1224 5238 Κυρίῳ
1250 5167 1329 5235 τῷ
1357 5167 1480 5233 Θεῷ
1515 5184 1654 5226 σου.
1681 5169 1872 5222 Aleti-

287 5281 375 5316 ται
402 5263 463 5314 τὸ
489 5261 636 5314 θύειν
682 5261 751 5315 τὰ
790 5261 998 5314 ἑαυτῶν
1040 5261 1206 5315 τέκνα
1253 5263 1377 5324 τοὺς
1417 5260 1739 5332 ἀνθρώπους
1762 5265 1875 5326 τοῖς

287 5353 428 5416 θεοῖς
460 5352 568 5404 τῶν
594 5350 784 5415 ἐθνῶν,
815 5352 892 5414 ὡς
921 5351 1072 5422 ὠμὸν
1113 5353 1206 5404 καὶ
1231 5350 1619 5423 ἀπάνθρωπον·
1645 5351 1719 5416 ὡς
1751 5351 1870 5422 βδε-

292 5440 498 5496 λυγτόν.
527 5443 636 5494 Καὶ
662 5441 787 5502 τοὺς
818 5440 1079 5508 λέγοντας
1109 5442 1268 5496 θύσαι
1300 5443 1439 5502 θεοῖς
1463 5439 1569 5492 τῶν
1611 5443 1778 5497 ἐθνῶν
1811 5445 1870 5496 οὐ

289 5539 446 5607 μόνον
495 5537 936 5610 ἀποστρέφεσθαι
970 5537 1070 5603 δεῖ,
1105 5537 1241 5592 ἀλλὰ
1290 5538 1383 5590 καὶ
1422 5537 1518 5606 τὴν
1567 5539 1736 5608 ἀκοὴν
1763 5541 1874 5600 τοῖς

282 5627 462 5698 λόγοις
486 5629 666 5683 αὐτῶν
691 5629 766 5698 μὴ
789 5628 1034 5698 ὑπέχειν.

341 5788 401 5839 ’θ’
430 5809 587 5864 Deut.
620 5825 736 5873 vm,
773 5808 827 5866 7.
903 5811 950 5842 "
982 5810 1136 5864 Deut.
1168 5828 1248 5875 Ill,
1290 5810 1378 5870 Η.
1455 5809 1501 5841 ’³
1545 5807 1703 5866 Deut.
1737 5825 1832 5874 xu,
1857 5808 1911 5863 4.

604 5904 878 5967 Parnm.
922 5907 1039 5968 Gn.
1073 5907 1212 5968 XII.

1901 4570 1951 4630 1)

1994 1947 2324 2005 frumentum
2373 1953 2516 2022 quod
2574 1952 2852 2008 inferioris
2882 1954 3051 2009 sortis
3086 1954 3338 2010 homines
3374 1957 3569 2012 nutrit.

1988 2038 2102 2096 Illic
2153 2057 2276 2097 vera
2325 2044 2450 2098 vitis
2495 2052 2578 2099 est
2617 2042 2882 2100 Christus.
2921 2046 3036 2102 Illic
3076 2056 3160 2102 est
3204 2048 3408 2113 oleum,
3443 2065 3573 2105 san-

1987 2143 2200 2189 ctorum
2235 2135 2580 2207 impinguans
2615 2136 2816 2206 capita.
2847 2137 2928 2192 Ita
2962 2153 3181 2208 quoque
3208 2137 3410 2195 ﬂuenta
3442 2150 3572 2198 sunt

1987 2225 2332 2280 dulcedinem
2370 2225 2513 2280 intra
2566 2242 2627 2282 se
2677 2227 2932 2293 ferentia,
2959 2227 3163 2298 politiae
3193 2245 3324 2287 vero
3353 2233 3571 2288 acerbi-

1989 2325 2157 2371 tatem
2212 2315 2524 2372 forinsecus
2574 2318 3044 2374 circumlabentia.
3098 2318 3212 2376 lllic
3264 2320 3398 2377 ficus
3445 2340 3570 2394 qua

1987 2422 2184 2478 magna
2217 2408 2465 2463 ubertate
2513 2410 2741 2479 spiritus
2775 2409 3094 2465 suavitatem
3131 2411 3324 2482 gignit,
3366 2429 3472 2469 non
3505 2431 3568 2471 ea

1986 2515 2119 2555 vero
2149 2515 2269 2568 qua:
2294 2501 2502 2557 sterilis
2534 2512 2639 2568 est,
2692 2518 2756 2556 ac
2787 2501 2932 2556 foliis
2968 2501 3147 2557 solum
3173 2513 3424 2560 ornatur.
3457 2505 3570 2560 lllie

1983 2592 2214 2648 dulcedo
2252 2592 2492 2648 faucium
2539 2584 2844 2650 Salvato'ris
2874 2595 3207 2663 desiderata,
3247 2606 3303 2652 et
3331 2597 3472 2652 labia
3506 2599 3570 2652 il-

1987 2682 2089 2737 lius
2116 2684 2181 2738 de
2208 2699 2312 2754 qua
2356 2685 2408 2739 iu
2458 2685 2701 2750 cantico,
2739 2701 2951 2755 Sponsa:
2978 2689 3082 2744 mel
3123 2688 3410 2744 stillantia.
3454 2688 3570 2746 Illic

1983 2775 2196 2840 lapides
2218 2776 2420 2844 sancti,
2441 2791 2604 2847 super
2632 2787 2779 2832 terra
2807 2778 3037 2834 volutati
3063 2790 3120 2834 et
3141 2780 3209 2836 ad
3238 2781 3571 2838 tentationes

1986 2867 2230 2935 infracti,
2266 2881 2320 2924 et
2373 2868 2504 2925 ferri
2553 2880 2803 2927 naturam
2860 2872 3160 2930 imitantes.
3205 2873 3318 2929 Illic
3348 2875 3566 2932 metalla

1984 2961 2134 3026 teris,
2165 2975 2234 3015 ex
2269 2975 2377 3031 quo
2403 2973 2742 3017 armaturam
2781 2965 3123 3034 spiritualem
3164 2967 3428 3022 certaturi
3482 2969 3569 3026 iu-

1985 3060 2324 3108 struxerunt.
2378 3053 2582 3110 Horum
2632 3064 2794 3124 caput
2841 3065 2960 3120 est,
2996 3057 3163 3114 Deum
3196 3059 3571 3118 indesinenter

1986 3142 2241 3199 laudibus
2271 3145 2573 3200 celebrare.

2054 3323 2332 3392 Ejusdem.
2363 3322 2478 3378 Non
2508 3332 2616 3389 cst,
2643 3325 2820 3395 inquit
2847 3365 2864 3390 ,
2913 3326 3024 3381 illic
3058 3326 3110 3380 in
3159 3327 3273 3381 luto
3303 3337 3355 3382 ct
3383 3329 3568 3386 lateri-

1985 3412 2084 3468 bus
2121 3413 2299 3477 labor,
2334 3429 2512 3485 neque
2543 3415 2784 3482 miseria,
2820 3419 2916 3471 sed
2954 3416 3160 3486 lapides
3192 3417 3403 3474 aﬂ'atim
3437 3429 3569 3476 sunt

1984 3505 2079 3573 qui
2113 3515 2310 3575 sponte
2353 3518 2415 3560 se
2445 3504 2706 3570 oﬂ‘erunt,
2739 3522 2916 3577 neque
2961 3507 3122 3563 facile
3154 3509 3565 3575 dissolvuntur,

1985 3595 2057 3649 ila
2097 3607 2154 3650 ut
2197 3603 2254 3650 et
2299 3595 2544 3653 tediﬂciis
2576 3595 2867 3663 suﬂiciant,
2904 3608 2958 3654 et
2989 3599 3057 3654 ad
3092 3598 3318 3655 multum
3355 3611 3570 3673 tempus

1985 3688 2302 3757 perdurent.
2341 3688 2468 3744 Haec
2492 3699 2674 3744 autem
2703 3690 2857 3755 dicit,
2903 3699 2965 3744 ut
3001 3705 3192 3746 eorum
3226 3704 3462 3749 mentem
3496 3695 3565 3750 ab

1983 3780 2215 3852 [Egypto
2247 3791 2478 3838 avertat.
2511 3783 2645 3838 Cum
2683 3784 2829 3840 enirn
2872 3785 2970 3850 ait,
3005 3804 3023 3838 ι
3061 3786 3286 3854 bonam,
3322 3807 3340 3839 ι
3371 3788 3567 3844 fertili-

1984 3885 2148 3929 tatem
2181 3875 2351 3947 389
2396 3877 2656 3933 ostendit.
2705 3877 2842 3934 Cum
2891 3894 3023 3935 vero
3067 3880 3165 3946 ait,
3193 3898 3213 3933 ι
3241 3883 3504 3950 multam,
3538 3901 3560 3937 ι

1982 3967 2415 4032 magnitudinem
2447 3977 2502 4024 et
2543 3969 2887 4024 latitudinem
2939 3970 3226 4028 indicavit.
3263 3991 3283 4025 ι
3319 3973 3418 4030 Ubi
3453 3987 3566 4031 tor-

1985 4068 2168 4114 rentes
2216 4075 2483 4130 aquarum
2539 4060 2665 4132 (hoc
2715 4063 2910 4117 nonin
2961 4063 3222 4138 Egypto)
3279 4076 3333 4122 et
3383 4069 3566 4126 fontes

1982 4150 2344 4221 abyssorum,
2377 4171 2399 4206 ι
2450 4155 2597 4223 quod
2648 4163 2810 4210 terra:
2855 4156 3233 4226 promissionis
3283 4162 3565 4230 peculiare

1980 4251 2085 4296 est.
2135 4243 2362 4300 Addidit
2393 4246 2581 4315 etiam,
2622 4265 2642 4300 ι
2678 4263 2776 4316 per
2825 4261 3059 4317 montes,
3091 4270 3111 4304 ι
3164 4251 3362 4323 quibus
3413 4265 3566 4310 caret

1979 4329 2273 4402 Egyptus,
2300 4349 2421 4405 quae
2450 4350 2550 4394 nec
2587 4339 3044 4411 vineis‘abundat,
3074 4357 3176 4398 nec
3217 4343 3322 4400 olei
3345 4348 3560 4417 copiam

1985 4427 2179 4494 habet;
2215 4437 2357 4482 terra
2407 4439 2588 4483 autem
2632 4431 3004 4500 promissionis
3054 4432 3295 4486 omnium
3334 4434 3548 4486 abunde

1986 4519 2153 4575 ferax.

2055 4613 2276 4667 Attende
2320 4612 2443 4677 tibi,
2489 4631 2552 4667 ne
2597 4616 2914 4672 obliviscaris
2961 4618 3169 4672 Domini
3217 4619 3312 4674 Dei
3361 4623 3440 4674 tui
3483 4625 3549 4673 τ’.

1988 4703 2117 4758 Post
2159 4703 2424 4758 bonorum
2471 4707 2877 4774 promissionem
2901 4749 2914 4769 .
2954 4711 3020 4764 ad
3060 4711 3406 4766 sobrietatem
3459 4729 3554 4766 eos

1987 4805 2232 4861 revocat,
2275 4806 2335 4850 ut
2384 4797 2743 4855 benefactoris
2787 4801 3168 4867 meminerint,
3222 4819 3398 4873 neque
3441 4821 3552 4873 pra:

1988 4887 2232 4942 satietate
2268 4888 2620 4954 insolescant,
2673 4907 2849 4960 neque
2896 4903 3248 4948 contemnant
3288 4907 3410 4948 eum
3459 4894 3552 4963 qui

1987 4979 2067 5032 eis
2096 4979 2210 5033 haec
2240 4979 2380 5034 bona
2409 4981 2575 5042 dedit.
2607 4992 2661 5037 et
2685 4983 2752 5037 ab
2779 4983 2990 5055 Egypti
3020 4985 3281 5042 servitute
3307 4986 3361 5041 in
3389 4986 3550 5041 liber-

1988 5079 2151 5124 tatem
2180 5086 2274 5126 eos
2307 5076 2595 5129 transtulit.

2059 5165 2177 5220 Non
2211 5168 2371 5237 facies
2410 5171 2483 5222 sic
2531 5168 2748 5222 Domino
2789 5169 2898 5223 Deo
2928 5179 3016 5222 tuo
3045 5171 3111 5224 ⁷³.
3144 5171 3326 5243 Carpit
3355 5176 3551 5231 crude-

1991 5268 2131 5325 lem,
2189 5264 2539 5316 inhumanum
2602 5274 2761 5330 atque
2827 5265 3214 5320 exsecrandum
3271 5268 3553 5325 hominum

1981 5365 2188 5406 morem
2223 5347 2314 5418 qui
2367 5346 2618 5417 proprios
2652 5345 2856 5402 liberos
2886 5345 2989 5401 diis
3033 5346 3271 5416 gentium
3312 5343 3564 5400 immola-

1980 5443 2132 5498 bant.
2166 5439 2353 5510 Neque
2385 5438 2561 5495 solum
2598 5438 2836 5510 fugiendi
2870 5447 2995 5494 sunt
3025 5438 3116 5508 qui
3149 5438 3340 5492 dicunt
3366 5451 3425 5492 se
3455 5436 3564 5492 diis

1980 5533 2222 5602 gentium
2255 5529 2558 5596 iuuuolare,
2583 5533 2676 5586 sed
2711 5546 2882 5601 neque
2913 5530 3060 5586 auris
3084 5545 3272 5587 eorum
3295 5526 3564 5586 sermoni-

1983 5627 2081 5682 bus
2106 5625 2417 5696 praebenda.

3183 5903 3265 5962 QG
