  <div class='ocr_page' id='page_1' title='image "/cluster/home/n/w/nwhite01/storage/ocr_20150623/12/hvd.32044052796216/412.png"; bbox 0 0 4104 6226; ppageno 0'>
   <div class='ocr_carea' id='block_1_1' title="bbox 398 307 500 362">
    <p class='ocr_par' dir='ltr' id='par_1_1' title="bbox 398 307 500 362">
     <span class='ocr_line' id='line_1_1' title="bbox 398 307 500 362; baseline 0 0"><span class='ocrx_word' id='word_1_1' title='bbox 398 307 500 362; x_wconf 78' lang='grc' dir='ltr'><strong>8ίὸ</strong></span> 
     </span>
    </p>
   </div>
   <div class='ocr_carea' id='block_1_2' title="bbox 1593 300 2445 359">
    <p class='ocr_par' dir='ltr' id='par_1_2' title="bbox 1593 300 2445 359">
     <span class='ocr_line' id='line_1_2' title="bbox 1593 300 2445 359; baseline 0.005 -4"><span class='ocrx_word' id='word_1_2' title='bbox 1593 300 1903 358; x_wconf 62' lang='lat' dir='ltr'><strong>SELECTA</strong></span> <span class='ocrx_word' id='word_1_3' title='bbox 1941 302 2003 356; x_wconf 84' lang='lat' dir='ltr'><strong>IN</strong></span> <span class='ocrx_word' id='word_1_4' title='bbox 2049 301 2445 359; x_wconf 70' lang='lat' dir='ltr'><strong>[)EUTERON.</strong></span> 
     </span>
    </p>
   </div>
   <div class='ocr_carea' id='block_1_3' title="bbox 3574 314 3683 369">
    <p class='ocr_par' dir='ltr' id='par_1_3' title="bbox 3574 314 3683 369">
     <span class='ocr_line' id='line_1_3' title="bbox 3574 314 3683 369; baseline 0 -1"><span class='ocrx_word' id='word_1_5' title='bbox 3574 314 3683 369; x_wconf 70' lang='lat' dir='ltr'><strong>8H</strong></span> 
     </span>
    </p>
   </div>
   <div class='ocr_carea' id='block_1_4' title="bbox 472 421 1978 499">
    <p class='ocr_par' dir='ltr' id='par_1_4' title="bbox 472 421 1978 494">
     <span class='ocr_line' id='line_1_4' title="bbox 472 421 1978 494; baseline 0 -17"><span class='ocrx_word' id='word_1_6' title='bbox 472 424 571 489; x_wconf 79' lang='grc' dir='ltr'>Τίς</span> <span class='ocrx_word' id='word_1_7' title='bbox 612 426 645 477; x_wconf 83' lang='grc' dir='ltr'><em>ὀ</em></span> <span class='ocrx_word' id='word_1_8' title='bbox 688 423 1002 489; x_wconf 70' lang='grc' dir='ltr'>ἅνθρωπος</span> <span class='ocrx_word' id='word_1_9' title='bbox 1046 424 1076 474; x_wconf 86' lang='grc' dir='ltr'><strong><em>ό</em></strong></span> <span class='ocrx_word' id='word_1_10' title='bbox 1118 421 1508 490; x_wconf 59' lang='grc' dir='ltr'>φοϐούμενος.</span> <span class='ocrx_word' id='word_1_11' title='bbox 1552 423 1609 474; x_wconf 82' lang='lat' dir='ltr'><strong>&#39;U</strong></span> <span class='ocrx_word' id='word_1_12' title='bbox 1640 426 1752 486; x_wconf 80' lang='grc' dir='ltr'>τοῖς</span> <span class='ocrx_word' id='word_1_13' title='bbox 1782 426 1978 494; x_wconf 66' lang='grc' dir='ltr'>γηΐνοιε</span> 
     </span>
    </p>
   </div>
   <div class='ocr_carea' id='block_1_5' title="bbox 2084 421 3683 499">
    <p class='ocr_par' dir='ltr' id='par_1_5' title="bbox 2168 426 3683 499">
     <span class='ocr_line' id='line_1_5' title="bbox 2168 426 3683 499; baseline 0.012 -25"><span class='ocrx_word' id='word_1_14' title='bbox 2168 426 2298 490; x_wconf 72' lang='lat' dir='ltr'><strong>Quis</strong></span> <span class='ocrx_word' id='word_1_15' title='bbox 2343 437 2418 478; x_wconf 77' lang='lat' dir='ltr'><strong>est</strong></span> <span class='ocrx_word' id='word_1_16' title='bbox 2456 427 2611 480; x_wconf 80' lang='lat' dir='ltr'><strong>homo</strong></span> <span class='ocrx_word' id='word_1_17' title='bbox 2654 430 2840 484; x_wconf 80' lang='lat' dir='ltr'><strong>timens</strong></span> <span class='ocrx_word' id='word_1_18' title='bbox 2876 430 2942 483; x_wconf 75' lang='grc'><strong>⁸⁸.</strong></span> <span class='ocrx_word' id='word_1_19' title='bbox 2991 431 3091 499; x_wconf 77' lang='lat' dir='ltr'><strong>Qui</strong></span> <span class='ocrx_word' id='word_1_20' title='bbox 3145 433 3380 490; x_wconf 74' lang='lat' dir='ltr'><strong>terrenis</strong></span> <span class='ocrx_word' id='word_1_21' title='bbox 3435 434 3683 492; x_wconf 78' lang='lat' dir='ltr'><strong>addictus</strong></span> 
     </span>
    </p>
   </div>
   <div class='ocr_carea' id='block_1_6' title="bbox 395 517 1992 592">
    <p class='ocr_par' dir='ltr' id='par_1_6' title="bbox 395 517 1992 592">
     <span class='ocr_line' id='line_1_6' title="bbox 395 517 1992 592; baseline -0.001 -18"><span class='ocrx_word' id='word_1_22' title='bbox 395 521 716 592; x_wconf 70' lang='grc' dir='ltr'>ἐγκείμενος</span> <span class='ocrx_word' id='word_1_23' title='bbox 741 517 833 572; x_wconf 71' lang='grc' dir='ltr'>καὶ</span> <span class='ocrx_word' id='word_1_24' title='bbox 853 518 1032 571; x_wconf 73' lang='grc' dir='ltr'>οἰκίαν</span> <span class='ocrx_word' id='word_1_25' title='bbox 1059 517 1380 586; x_wconf 73' lang='grc' dir='ltr'>οἰκοδομῶν,</span> <span class='ocrx_word' id='word_1_26' title='bbox 1411 519 1506 569; x_wconf 74' lang='grc' dir='ltr'><strong>καὶ</strong></span> <span class='ocrx_word' id='word_1_27' title='bbox 1537 519 1780 584; x_wconf 69' lang='grc' dir='ltr'>φυτεύων</span> <span class='ocrx_word' id='word_1_28' title='bbox 1810 521 1992 589; x_wconf 83' lang='grc' dir='ltr'>ἀμπε-</span> 
     </span>
    </p>
   </div>
   <div class='ocr_carea' id='block_1_7' title="bbox 397 608 1992 680">
    <p class='ocr_par' dir='ltr' id='par_1_7' title="bbox 397 608 1992 680">
     <span class='ocr_line' id='line_1_7' title="bbox 397 608 1992 680; baseline -0.002 -14"><span class='ocrx_word' id='word_1_29' title='bbox 397 611 594 678; x_wconf 83' lang='grc' dir='ltr'>λῶνας,</span> <span class='ocrx_word' id='word_1_30' title='bbox 637 616 758 675; x_wconf 86' lang='grc' dir='ltr'>ταῖς</span> <span class='ocrx_word' id='word_1_31' title='bbox 798 611 1176 680; x_wconf 79' lang='grc' dir='ltr'>φιλοσαρκίαις</span> <span class='ocrx_word' id='word_1_32' title='bbox 1220 609 1423 680; x_wconf 79' lang='grc' dir='ltr'>ἡδονῶν</span> <span class='ocrx_word' id='word_1_33' title='bbox 1465 608 1796 679; x_wconf 76' lang='grc' dir='ltr'><strong>ἡττώμενος,</strong></span> <span class='ocrx_word' id='word_1_34' title='bbox 1841 611 1992 666; x_wconf 73' lang='grc' dir='ltr'>ἔσται</span> 
     </span>
    </p>
   </div>
   <div class='ocr_carea' id='block_1_8' title="bbox 396 704 1312 772">
    <p class='ocr_par' dir='ltr' id='par_1_8' title="bbox 396 704 1312 772">
     <span class='ocr_line' id='line_1_8' title="bbox 396 704 1312 772; baseline -0.008 -10"><span class='ocrx_word' id='word_1_35' title='bbox 396 709 619 772; x_wconf 85' lang='grc' dir='ltr'>πάντως</span> <span class='ocrx_word' id='word_1_36' title='bbox 642 706 814 769; x_wconf 83' lang='grc' dir='ltr'>δειλός</span> <span class='ocrx_word' id='word_1_37' title='bbox 844 717 904 758; x_wconf 87' lang='grc' dir='ltr'><strong>τε</strong></span> <span class='ocrx_word' id='word_1_38' title='bbox 946 706 1040 758; x_wconf 72' lang='grc' dir='ltr'>καὶ</span> <span class='ocrx_word' id='word_1_39' title='bbox 1065 704 1312 765; x_wconf 81' lang='grc' dir='ltr'>ἄναλκις.</span> 
     </span>
    </p>
   </div>
   <div class='ocr_carea' id='block_1_9' title="bbox 485 789 1991 867">
    <p class='ocr_par' dir='ltr' id='par_1_9' title="bbox 485 789 1991 867">
     <span class='ocr_line' id='line_1_9' title="bbox 485 789 1991 867; baseline -0.009 -13"><span class='ocrx_word' id='word_1_40' title='bbox 485 801 624 854; x_wconf 83' lang='grc' dir='ltr'><strong>Ἐὰν</strong></span> <span class='ocrx_word' id='word_1_41' title='bbox 663 799 731 852; x_wconf 79' lang='grc' dir='ltr'>δέ</span> <span class='ocrx_word' id='word_1_42' title='bbox 769 815 886 851; x_wconf 82' lang='grc' dir='ltr'>τινι</span> <span class='ocrx_word' id='word_1_43' title='bbox 915 796 1043 862; x_wconf 78' lang='grc' dir='ltr'>υἱὸς</span> <span class='ocrx_word' id='word_1_44' title='bbox 1069 795 1320 862; x_wconf 80' lang='grc' dir='ltr'><strong>ἀπειθὴς</strong></span> <span class='ocrx_word' id='word_1_45' title='bbox 1356 789 1418 866; x_wconf 78' lang='grc' dir='ltr'><strong>ᾖ.</strong></span> <span class='ocrx_word' id='word_1_46' title='bbox 1449 795 1561 866; x_wconf 80' lang='grc' dir='ltr'><strong>Οὐχ</strong></span> <span class='ocrx_word' id='word_1_47' title='bbox 1585 795 1773 860; x_wconf 82' lang='grc' dir='ltr'>ἁπλῶς</span> <span class='ocrx_word' id='word_1_48' title='bbox 1809 797 1991 867; x_wconf 72' lang='grc' dir='ltr'>βούλε-</span> 
     </span>
    </p>
   </div>
   <div class='ocr_carea' id='block_1_10' title="bbox 394 889 1989 962">
    <p class='ocr_par' dir='ltr' id='par_1_10' title="bbox 394 889 1989 962">
     <span class='ocr_line' id='line_1_10' title="bbox 394 889 1989 962; baseline -0.012 -14"><span class='ocrx_word' id='word_1_49' title='bbox 394 910 486 948; x_wconf 83' lang='grc' dir='ltr'><strong>ται</strong></span> <span class='ocrx_word' id='word_1_50' title='bbox 507 889 844 962; x_wconf 74' lang='grc' dir='ltr'>ἀναιρεῖσθαι</span> <span class='ocrx_word' id='word_1_51' title='bbox 894 889 1092 952; x_wconf 71' lang='grc' dir='ltr'>αὐτοὺς</span> <span class='ocrx_word' id='word_1_52' title='bbox 1139 892 1680 960; x_wconf 83' lang='grc' dir='ltr'>παραπικραίνοντας</span> <span class='ocrx_word' id='word_1_53' title='bbox 1726 891 1850 952; x_wconf 75' lang='grc' dir='ltr'>τοὺς</span> <span class='ocrx_word' id='word_1_54' title='bbox 1895 907 1989 958; x_wconf 73' lang='grc' dir='ltr'>γο-</span> 
     </span>
    </p>
   </div>
   <div class='ocr_carea' id='block_1_11' title="bbox 399 979 1991 1052">
    <p class='ocr_par' dir='ltr' id='par_1_11' title="bbox 399 979 1991 1052">
     <span class='ocr_line' id='line_1_11' title="bbox 399 979 1991 1052; baseline -0.001 -16"><span class='ocrx_word' id='word_1_55' title='bbox 399 985 529 1047; x_wconf 79' lang='grc' dir='ltr'>νεϊς’</span> <span class='ocrx_word' id='word_1_56' title='bbox 574 982 688 1036; x_wconf 78' lang='grc' dir='ltr'>ἀλλ’</span> <span class='ocrx_word' id='word_1_57' title='bbox 729 981 861 1034; x_wconf 83' lang='grc' dir='ltr'>ὅταν</span> <span class='ocrx_word' id='word_1_58' title='bbox 903 979 1208 1052; x_wconf 76' lang='grc' dir='ltr'>ἀμφότεροι</span> <span class='ocrx_word' id='word_1_59' title='bbox 1256 983 1690 1050; x_wconf 78' lang='grc' dir='ltr'><strong>συμφωνήσωσιν</strong></span> <span class='ocrx_word' id='word_1_60' title='bbox 1728 982 1776 1033; x_wconf 86' lang='grc' dir='ltr'>οἱ</span> <span class='ocrx_word' id='word_1_61' title='bbox 1818 986 1991 1049; x_wconf 89' lang='grc' dir='ltr'>γονεῖς</span> 
     </span>
    </p>
   </div>
   <div class='ocr_carea' id='block_1_12' title="bbox 397 1070 1989 1145">
    <p class='ocr_par' dir='ltr' id='par_1_12' title="bbox 397 1070 1989 1145">
     <span class='ocr_line' id='line_1_12' title="bbox 397 1070 1989 1145; baseline -0.009 -16"><span class='ocrx_word' id='word_1_62' title='bbox 397 1073 544 1130; x_wconf 75' lang='grc' dir='ltr'>κατὰ</span> <span class='ocrx_word' id='word_1_63' title='bbox 573 1070 683 1127; x_wconf 80' lang='grc' dir='ltr'>’τοῦ</span> <span class='ocrx_word' id='word_1_64' title='bbox 721 1074 930 1136; x_wconf 80' lang='grc' dir='ltr'>παιδός.</span> <span class='ocrx_word' id='word_1_65' title='bbox 969 1072 1186 1142; x_wconf 80' lang='grc' dir='ltr'><strong>Ἐπειδὴ</strong></span> <span class='ocrx_word' id='word_1_66' title='bbox 1227 1073 1338 1142; x_wconf 83' lang='grc' dir='ltr'>γὰρ</span> <span class='ocrx_word' id='word_1_67' title='bbox 1370 1071 1435 1125; x_wconf 78' lang='grc' dir='ltr'>ἄν</span> <span class='ocrx_word' id='word_1_68' title='bbox 1466 1089 1522 1124; x_wconf 86' lang='grc' dir='ltr'><strong>τε</strong></span> <span class='ocrx_word' id='word_1_69' title='bbox 1552 1074 1580 1124; x_wconf 88' lang='grc' dir='ltr'><strong>ὀ</strong></span> <span class='ocrx_word' id='word_1_70' title='bbox 1623 1072 1805 1144; x_wconf 80' lang='grc' dir='ltr'>πατὴρ</span> <span class='ocrx_word' id='word_1_71' title='bbox 1836 1075 1989 1145; x_wconf 72' lang='grc' dir='ltr'>ἀργι-</span> 
     </span>
    </p>
   </div>
   <div class='ocr_carea' id='block_1_13' title="bbox 399 1165 1985 1240">
    <p class='ocr_par' dir='ltr' id='par_1_13' title="bbox 399 1165 1985 1240">
     <span class='ocr_line' id='line_1_13' title="bbox 399 1165 1985 1240; baseline -0.001 -18"><span class='ocrx_word' id='word_1_72' title='bbox 399 1167 524 1239; x_wconf 72' lang='grc' dir='ltr'>σθῇ,</span> <span class='ocrx_word' id='word_1_73' title='bbox 554 1167 648 1220; x_wconf 73' lang='grc' dir='ltr'><strong>καὶ</strong></span> <span class='ocrx_word' id='word_1_74' title='bbox 679 1167 888 1221; x_wconf 77' lang='grc' dir='ltr'>ἀνελεῖν</span> <span class='ocrx_word' id='word_1_75' title='bbox 923 1166 1145 1240; x_wconf 81' lang='grc' dir='ltr'><strong>ὁρμήσῃ</strong></span> <span class='ocrx_word' id='word_1_76' title='bbox 1177 1165 1270 1218; x_wconf 81' lang='grc' dir='ltr'><strong>τὸν</strong></span> <span class='ocrx_word' id='word_1_77' title='bbox 1311 1166 1445 1229; x_wconf 81' lang='grc' dir='ltr'>υἱὸν,</span> <span class='ocrx_word' id='word_1_78' title='bbox 1481 1168 1513 1237; x_wconf 78' lang='grc' dir='ltr'>ἡ</span> <span class='ocrx_word' id='word_1_79' title='bbox 1558 1169 1741 1238; x_wconf 77' lang='grc' dir='ltr'>μήτηρ</span> <span class='ocrx_word' id='word_1_80' title='bbox 1778 1169 1985 1239; x_wconf 77' lang='grc' dir='ltr'>ἐπέχειο</span> 
     </span>
    </p>
   </div>
   <div class='ocr_carea' id='block_1_14' title="bbox 397 1261 1990 1334">
    <p class='ocr_par' dir='ltr' id='par_1_14' title="bbox 397 1261 1990 1334">
     <span class='ocr_line' id='line_1_14' title="bbox 397 1261 1990 1334; baseline -0.001 -18"><span class='ocrx_word' id='word_1_81' title='bbox 397 1263 466 1316; x_wconf 79' lang='grc' dir='ltr'><strong>διν</strong></span> <span class='ocrx_word' id='word_1_82' title='bbox 491 1279 550 1315; x_wconf 85' lang='grc' dir='ltr'><strong>τε</strong></span> <span class='ocrx_word' id='word_1_83' title='bbox 578 1263 717 1334; x_wconf 77' lang='grc' dir='ltr'>αὑτὴ</span> <span class='ocrx_word' id='word_1_84' title='bbox 753 1261 1086 1334; x_wconf 70' lang='grc' dir='ltr'><strong>παροξυνθῇ,</strong></span> <span class='ocrx_word' id='word_1_85' title='bbox 1112 1262 1142 1313; x_wconf 88' lang='lat'><strong>6</strong></span> <span class='ocrx_word' id='word_1_86' title='bbox 1184 1261 1368 1334; x_wconf 87' lang='grc' dir='ltr'>πατὴρ</span> <span class='ocrx_word' id='word_1_87' title='bbox 1399 1264 1499 1316; x_wconf 81' lang='grc' dir='ltr'>οὐκ</span> <span class='ocrx_word' id='word_1_88' title='bbox 1523 1264 1608 1333; x_wconf 74' lang='grc' dir='ltr'><strong>ἑᾷ·</strong></span> <span class='ocrx_word' id='word_1_89' title='bbox 1645 1263 1739 1316; x_wconf 81' lang='grc' dir='ltr'><strong>καὶ</strong></span> <span class='ocrx_word' id='word_1_90' title='bbox 1765 1262 1990 1314; x_wconf 75' lang='grc' dir='ltr'>σπάνιον</span> 
     </span>
    </p>
   </div>
   <div class='ocr_carea' id='block_1_15' title="bbox 397 1351 1986 1424">
    <p class='ocr_par' dir='ltr' id='par_1_15' title="bbox 397 1351 1986 1424">
     <span class='ocr_line' id='line_1_15' title="bbox 397 1351 1986 1424; baseline -0.001 -17"><span class='ocrx_word' id='word_1_91' title='bbox 397 1353 548 1407; x_wconf 79' lang='grc' dir='ltr'>ἔσται</span> <span class='ocrx_word' id='word_1_92' title='bbox 577 1353 934 1424; x_wconf 84' lang='grc' dir='ltr'>συμφωνῆσαι</span> <span class='ocrx_word' id='word_1_93' title='bbox 973 1355 1106 1416; x_wconf 88' lang='grc' dir='ltr'>τοὺς</span> <span class='ocrx_word' id='word_1_94' title='bbox 1136 1355 1312 1421; x_wconf 82' lang='grc' dir='ltr'>γονεῖς</span> <span class='ocrx_word' id='word_1_95' title='bbox 1357 1355 1497 1408; x_wconf 82' lang='grc' dir='ltr'>κατὰ</span> <span class='ocrx_word' id='word_1_96' title='bbox 1530 1353 1623 1406; x_wconf 87' lang='grc' dir='ltr'><strong>τοῦ</strong></span> <span class='ocrx_word' id='word_1_97' title='bbox 1659 1353 1784 1406; x_wconf 76' lang='grc' dir='ltr'>ἰδίου</span> <span class='ocrx_word' id='word_1_98' title='bbox 1809 1351 1986 1406; x_wconf 77' lang='grc' dir='ltr'>αὐτῶν</span> 
     </span>
    </p>
   </div>
   <div class='ocr_carea' id='block_1_16' title="bbox 394 1443 1990 1516">
    <p class='ocr_par' dir='ltr' id='par_1_16' title="bbox 394 1443 1990 1516">
     <span class='ocr_line' id='line_1_16' title="bbox 394 1443 1990 1516; baseline -0.001 -17"><span class='ocrx_word' id='word_1_99' title='bbox 394 1446 608 1513; x_wconf 80' lang='grc' dir='ltr'>τέκνου,</span> <span class='ocrx_word' id='word_1_100' title='bbox 640 1443 966 1516; x_wconf 71' lang='grc' dir='ltr'>προστάττει</span> <span class='ocrx_word' id='word_1_101' title='bbox 999 1448 1027 1499; x_wconf 98' lang='lat'><strong>6</strong></span> <span class='ocrx_word' id='word_1_102' title='bbox 1069 1445 1222 1509; x_wconf 81' lang='grc' dir='ltr'>Θεὸς,</span> <span class='ocrx_word' id='word_1_103' title='bbox 1260 1446 1387 1499; x_wconf 79' lang='grc' dir='ltr'>ὅταν</span> <span class='ocrx_word' id='word_1_104' title='bbox 1426 1445 1729 1516; x_wconf 80' lang='grc' dir='ltr'>ἀμφότεροι</span> <span class='ocrx_word' id='word_1_105' title='bbox 1765 1462 1990 1514; x_wconf 74' lang='grc' dir='ltr'>συμφω-</span> 
     </span>
    </p>
   </div>
   <div class='ocr_carea' id='block_1_17' title="bbox 393 1535 1987 1609">
    <p class='ocr_par' dir='ltr' id='par_1_17' title="bbox 393 1535 1987 1609">
     <span class='ocr_line' id='line_1_17' title="bbox 393 1535 1987 1609; baseline -0.002 -17"><span class='ocrx_word' id='word_1_106' title='bbox 393 1539 601 1609; x_wconf 78' lang='grc' dir='ltr'>νήσωσι</span> <span class='ocrx_word' id='word_1_107' title='bbox 647 1538 787 1591; x_wconf 73' lang='grc' dir='ltr'>κατὰ</span> <span class='ocrx_word' id='word_1_108' title='bbox 815 1535 910 1590; x_wconf 83' lang='grc' dir='ltr'><strong>τοῦ</strong></span> <span class='ocrx_word' id='word_1_109' title='bbox 948 1537 1156 1601; x_wconf 75' lang='grc' dir='ltr'>παιδὸς,</span> <span class='ocrx_word' id='word_1_110' title='bbox 1185 1537 1304 1590; x_wconf 84' lang='grc' dir='ltr'>τότε</span> <span class='ocrx_word' id='word_1_111' title='bbox 1336 1535 1658 1591; x_wconf 76' lang='grc' dir='ltr'>καταλεύειν</span> <span class='ocrx_word' id='word_1_112' title='bbox 1705 1535 1888 1599; x_wconf 80' lang='grc' dir='ltr'>αὑτὸν,</span> <span class='ocrx_word' id='word_1_113' title='bbox 1924 1538 1987 1589; x_wconf 73' lang='grc' dir='ltr'><strong>οὐ</strong></span> 
     </span>
    </p>
   </div>
   <div class='ocr_carea' id='block_1_18' title="bbox 391 1627 1524 1701">
    <p class='ocr_par' dir='ltr' id='par_1_18' title="bbox 391 1627 1524 1701">
     <span class='ocr_line' id='line_1_18' title="bbox 391 1627 1524 1701; baseline -0.002 -17"><span class='ocrx_word' id='word_1_114' title='bbox 391 1633 518 1694; x_wconf 83' lang='grc' dir='ltr'>τοὺς</span> <span class='ocrx_word' id='word_1_115' title='bbox 545 1632 933 1701; x_wconf 83' lang='grc' dir='ltr'>γεννήσαντας,</span> <span class='ocrx_word' id='word_1_116' title='bbox 969 1627 1105 1682; x_wconf 72' lang='grc' dir='ltr'>ἀλλὰ</span> <span class='ocrx_word' id='word_1_117' title='bbox 1135 1629 1260 1691; x_wconf 76' lang='grc' dir='ltr'>τοὺς</span> <span class='ocrx_word' id='word_1_118' title='bbox 1284 1628 1524 1691; x_wconf 83' lang='grc' dir='ltr'>λοιπούς.</span> 
     </span>
    </p>
   </div>
   <div class='ocr_carea' id='block_1_19' title="bbox 469 1718 1982 1789">
    <p class='ocr_par' dir='ltr' id='par_1_19' title="bbox 469 1718 1982 1789">
     <span class='ocr_line' id='line_1_19' title="bbox 469 1718 1982 1789; baseline -0.003 -12"><span class='ocrx_word' id='word_1_119' title='bbox 469 1725 551 1777; x_wconf 79' lang='grc' dir='ltr'><strong>οὐ</strong></span> <span class='ocrx_word' id='word_1_120' title='bbox 577 1720 975 1789; x_wconf 80' lang='grc' dir='ltr'>κατασπερεῖς</span> <span class='ocrx_word' id='word_1_121' title='bbox 1004 1718 1112 1772; x_wconf 78' lang='grc' dir='ltr'><strong>τὸν</strong></span> <span class='ocrx_word' id='word_1_122' title='bbox 1147 1718 1474 1789; x_wconf 75' lang='grc' dir='ltr'>ἀμπελῶνὰ</span> <span class='ocrx_word' id='word_1_123' title='bbox 1515 1735 1632 1774; x_wconf 86' lang='grc' dir='ltr'><strong>σου</strong></span> <span class='ocrx_word' id='word_1_124' title='bbox 1677 1719 1982 1788; x_wconf 60' lang='grc' dir='ltr'>διάφορον.</span> 
     </span>
    </p>
   </div>
   <div class='ocr_carea' id='block_1_20' title="bbox 2098 518 3683 593">
    <p class='ocr_par' dir='ltr' id='par_1_20' title="bbox 2098 518 3683 593">
     <span class='ocr_line' id='line_1_20' title="bbox 2098 518 3683 593; baseline 0.009 -23"><span class='ocrx_word' id='word_1_125' title='bbox 2098 528 2203 576; x_wconf 84' lang='lat' dir='ltr'><strong>est.</strong></span> <span class='ocrx_word' id='word_1_126' title='bbox 2228 527 2282 570; x_wconf 84' lang='lat' dir='ltr'><strong>et</strong></span> <span class='ocrx_word' id='word_1_127' title='bbox 2314 518 2533 570; x_wconf 87' lang='lat' dir='ltr'><strong>domum</strong></span> <span class='ocrx_word' id='word_1_128' title='bbox 2567 521 2826 586; x_wconf 67' lang='lat' dir='ltr'><strong>mditicat,</strong></span> <span class='ocrx_word' id='word_1_129' title='bbox 2858 533 2914 576; x_wconf 88' lang='lat' dir='ltr'><strong>et</strong></span> <span class='ocrx_word' id='word_1_130' title='bbox 2963 523 3177 591; x_wconf 77' lang='lat' dir='ltr'><strong>plantat</strong></span> <span class='ocrx_word' id='word_1_131' title='bbox 3204 527 3412 593; x_wconf 85' lang='lat' dir='ltr'><strong>vineas,</strong></span> <span class='ocrx_word' id='word_1_132' title='bbox 3443 539 3500 582; x_wconf 87' lang='lat' dir='ltr'><strong>et</strong></span> <span class='ocrx_word' id='word_1_133' title='bbox 3529 531 3683 585; x_wconf 73' lang='lat' dir='ltr'><strong>volu-</strong></span> 
     </span>
    </p>
   </div>
   <div class='ocr_carea' id='block_1_21' title="bbox 2095 611 3682 681">
    <p class='ocr_par' dir='ltr' id='par_1_21' title="bbox 2095 611 3682 681">
     <span class='ocr_line' id='line_1_21' title="bbox 2095 611 3682 681; baseline 0.013 -22"><span class='ocrx_word' id='word_1_134' title='bbox 2095 611 2337 676; x_wconf 83' lang='lat' dir='ltr'><strong>ptatibus</strong></span> <span class='ocrx_word' id='word_1_135' title='bbox 2364 611 2546 665; x_wconf 86' lang='lat' dir='ltr'><strong>carnis</strong></span> <span class='ocrx_word' id='word_1_136' title='bbox 2588 613 2843 681; x_wconf 74' lang='lat' dir='ltr'><strong>vincitur,</strong></span> <span class='ocrx_word' id='word_1_137' title='bbox 2881 615 2924 670; x_wconf 91' lang='lat' dir='ltr'><strong>is</strong></span> <span class='ocrx_word' id='word_1_138' title='bbox 2963 618 3192 674; x_wconf 85' lang='lat' dir='ltr'><strong>omnino</strong></span> <span class='ocrx_word' id='word_1_139' title='bbox 3247 621 3352 675; x_wconf 84' lang='lat' dir='ltr'><strong>erit</strong></span> <span class='ocrx_word' id='word_1_140' title='bbox 3393 623 3682 679; x_wconf 81' lang='lat' dir='ltr'><strong>meticulo-</strong></span> 
     </span>
    </p>
   </div>
   <div class='ocr_carea' id='block_1_22' title="bbox 2096 703 2634 760">
    <p class='ocr_par' dir='ltr' id='par_1_22' title="bbox 2096 703 2634 760">
     <span class='ocr_line' id='line_1_22' title="bbox 2096 703 2634 760; baseline 0.009 -5"><span class='ocrx_word' id='word_1_141' title='bbox 2096 717 2190 756; x_wconf 90' lang='lat' dir='ltr'><strong>sus</strong></span> <span class='ocrx_word' id='word_1_142' title='bbox 2213 712 2268 755; x_wconf 89' lang='lat' dir='ltr'><strong>et</strong></span> <span class='ocrx_word' id='word_1_143' title='bbox 2301 703 2634 760; x_wconf 82' lang='lat' dir='ltr'><strong>instrenuus.</strong></span> 
     </span>
    </p>
   </div>
   <div class='ocr_carea' id='block_1_23' title="bbox 2171 792 3675 875">
    <p class='ocr_par' dir='ltr' id='par_1_23' title="bbox 2171 792 3675 875">
     <span class='ocr_line' id='line_1_23' title="bbox 2171 792 3675 875; baseline 0.006 -27"><span class='ocrx_word' id='word_1_144' title='bbox 2171 792 2232 848; x_wconf 84' lang='lat' dir='ltr'><strong>Si</strong></span> <span class='ocrx_word' id='word_1_145' title='bbox 2259 795 2345 847; x_wconf 81' lang='lat' dir='ltr'><strong>cui</strong></span> <span class='ocrx_word' id='word_1_146' title='bbox 2386 804 2561 849; x_wconf 81' lang='lat' dir='ltr'><strong>autem</strong></span> <span class='ocrx_word' id='word_1_147' title='bbox 2603 797 2749 864; x_wconf 71' lang='lat' dir='ltr'><strong>ﬁlius</strong></span> <span class='ocrx_word' id='word_1_148' title='bbox 2779 800 2940 866; x_wconf 72' lang='lat' dir='ltr'><strong>fuerit</strong></span> <span class='ocrx_word' id='word_1_149' title='bbox 2967 801 3178 855; x_wconf 76' lang='lat' dir='ltr'><strong>rebellis</strong></span> <span class='ocrx_word' id='word_1_150' title='bbox 3209 803 3274 855; x_wconf 79' lang='grc'><strong>⁸³.</strong></span> <span class='ocrx_word' id='word_1_151' title='bbox 3324 800 3441 858; x_wconf 85' lang='lat' dir='ltr'><strong>Non</strong></span> <span class='ocrx_word' id='word_1_152' title='bbox 3474 804 3675 875; x_wconf 78' lang='lat' dir='ltr'><strong>simpli—</strong></span> 
     </span>
    </p>
   </div>
   <div class='ocr_carea' id='block_1_24' title="bbox 2095 885 3681 960">
    <p class='ocr_par' dir='ltr' id='par_1_24' title="bbox 2095 885 3681 960">
     <span class='ocr_line' id='line_1_24' title="bbox 2095 885 3681 960; baseline 0.008 -22"><span class='ocrx_word' id='word_1_153' title='bbox 2095 885 2236 940; x_wconf 89' lang='lat' dir='ltr'><strong>citer</strong></span> <span class='ocrx_word' id='word_1_154' title='bbox 2278 885 2390 938; x_wconf 87' lang='lat' dir='ltr'><strong>vult</strong></span> <span class='ocrx_word' id='word_1_155' title='bbox 2440 887 2671 941; x_wconf 76' lang='lat' dir='ltr'><strong>interﬁci</strong></span> <span class='ocrx_word' id='word_1_156' title='bbox 2729 904 2758 941; x_wconf 87' lang='lat' dir='ltr'><strong>a</strong></span> <span class='ocrx_word' id='word_1_157' title='bbox 2811 893 3130 958; x_wconf 85' lang='lat' dir='ltr'><strong>parentibus</strong></span> <span class='ocrx_word' id='word_1_158' title='bbox 3178 895 3550 960; x_wconf 83' lang='lat' dir='ltr'><strong>exaeerbatis,</strong></span> <span class='ocrx_word' id='word_1_159' title='bbox 3586 899 3681 951; x_wconf 82' lang='lat' dir='ltr'><strong>sed</strong></span> 
     </span>
    </p>
   </div>
   <div class='ocr_carea' id='block_1_25' title="bbox 2095 984 3675 1046">
    <p class='ocr_par' dir='ltr' id='par_1_25' title="bbox 2095 984 3675 1046">
     <span class='ocr_line' id='line_1_25' title="bbox 2095 984 3675 1046; baseline 0.009 -18"><span class='ocrx_word' id='word_1_160' title='bbox 2095 990 2217 1028; x_wconf 90' lang='lat' dir='ltr'><strong>cum</strong></span> <span class='ocrx_word' id='word_1_161' title='bbox 2269 986 2498 1044; x_wconf 84' lang='lat' dir='ltr'><strong>uterque</strong></span> <span class='ocrx_word' id='word_1_162' title='bbox 2565 994 2764 1046; x_wconf 84' lang='lat' dir='ltr'><strong>parens</strong></span> <span class='ocrx_word' id='word_1_163' title='bbox 2818 984 3160 1036; x_wconf 79' lang='lat' dir='ltr'><strong>consenserit</strong></span> <span class='ocrx_word' id='word_1_164' title='bbox 3213 996 3408 1040; x_wconf 89' lang='lat' dir='ltr'><strong>contra</strong></span> <span class='ocrx_word' id='word_1_165' title='bbox 3482 987 3675 1043; x_wconf 89' lang='lat' dir='ltr'><strong>ﬁlium.</strong></span> 
     </span>
    </p>
   </div>
   <div class='ocr_carea' id='block_1_26' title="bbox 2096 1065 3681 1139">
    <p class='ocr_par' dir='ltr' id='par_1_26' title="bbox 2096 1065 3681 1139">
     <span class='ocr_line' id='line_1_26' title="bbox 2096 1065 3681 1139; baseline 0.01 -23"><span class='ocrx_word' id='word_1_166' title='bbox 2096 1065 2544 1136; x_wconf 86' lang='lat' dir='ltr'><strong>Quandoquidem</strong></span> <span class='ocrx_word' id='word_1_167' title='bbox 2573 1070 2719 1122; x_wconf 89' lang='lat' dir='ltr'><strong>enim</strong></span> <span class='ocrx_word' id='word_1_168' title='bbox 2756 1070 2799 1122; x_wconf 92' lang='lat' dir='ltr'><strong>si</strong></span> <span class='ocrx_word' id='word_1_169' title='bbox 2843 1083 2996 1139; x_wconf 83' lang='lat' dir='ltr'><strong>pater</strong></span> <span class='ocrx_word' id='word_1_170' title='bbox 3023 1071 3196 1125; x_wconf 89' lang='lat' dir='ltr'><strong>iratus</strong></span> <span class='ocrx_word' id='word_1_171' title='bbox 3220 1074 3474 1129; x_wconf 84' lang='lat' dir='ltr'><strong>occidere</strong></span> <span class='ocrx_word' id='word_1_172' title='bbox 3501 1077 3681 1131; x_wconf 88' lang='lat' dir='ltr'><strong>volue-</strong></span> 
     </span>
    </p>
   </div>
   <div class='ocr_carea' id='block_1_27' title="bbox 2098 1157 3682 1226">
    <p class='ocr_par' dir='ltr' id='par_1_27' title="bbox 2098 1157 3682 1226">
     <span class='ocr_line' id='line_1_27' title="bbox 2098 1157 3682 1226; baseline 0.007 -16"><span class='ocrx_word' id='word_1_173' title='bbox 2098 1159 2166 1210; x_wconf 86' lang='lat' dir='ltr'><strong>rit</strong></span> <span class='ocrx_word' id='word_1_174' title='bbox 2201 1157 2392 1221; x_wconf 88' lang='lat' dir='ltr'><strong>ﬁlimu,</strong></span> <span class='ocrx_word' id='word_1_175' title='bbox 2427 1168 2600 1214; x_wconf 84' lang='lat' dir='ltr'><strong>mater</strong></span> <span class='ocrx_word' id='word_1_176' title='bbox 2625 1162 2881 1226; x_wconf 80' lang='lat' dir='ltr'><strong>cohibet;</strong></span> <span class='ocrx_word' id='word_1_177' title='bbox 2917 1162 2960 1215; x_wconf 88' lang='lat' dir='ltr'><strong>si</strong></span> <span class='ocrx_word' id='word_1_178' title='bbox 2989 1172 3167 1216; x_wconf 87' lang='lat' dir='ltr'><strong>autem</strong></span> <span class='ocrx_word' id='word_1_179' title='bbox 3202 1164 3318 1219; x_wconf 73' lang='lat' dir='ltr'><strong>tunc</strong></span> <span class='ocrx_word' id='word_1_180' title='bbox 3346 1166 3529 1221; x_wconf 85' lang='lat' dir='ltr'><strong>animo</strong></span> <span class='ocrx_word' id='word_1_181' title='bbox 3556 1184 3682 1221; x_wconf 80' lang='lat' dir='ltr'><strong>exa-</strong></span> 
     </span>
    </p>
   </div>
   <div class='ocr_carea' id='block_1_28' title="bbox 2093 1250 3678 1320">
    <p class='ocr_par' dir='ltr' id='par_1_28' title="bbox 2093 1250 3678 1320">
     <span class='ocr_line' id='line_1_28' title="bbox 2093 1250 3678 1320; baseline 0.004 -15"><span class='ocrx_word' id='word_1_182' title='bbox 2093 1250 2312 1305; x_wconf 85' lang='lat' dir='ltr'><strong>cerbatn</strong></span> <span class='ocrx_word' id='word_1_183' title='bbox 2347 1251 2529 1312; x_wconf 80' lang='lat' dir='ltr'><strong>fuerit,</strong></span> <span class='ocrx_word' id='word_1_184' title='bbox 2563 1263 2716 1320; x_wconf 83' lang='lat' dir='ltr'><strong>pater</strong></span> <span class='ocrx_word' id='word_1_185' title='bbox 2768 1269 2873 1308; x_wconf 91' lang='lat' dir='ltr'><strong>non</strong></span> <span class='ocrx_word' id='word_1_186' title='bbox 2918 1254 3067 1317; x_wconf 85' lang='lat' dir='ltr'><strong>sinit,</strong></span> <span class='ocrx_word' id='word_1_187' title='bbox 3109 1263 3164 1308; x_wconf 91' lang='lat' dir='ltr'><strong>et</strong></span> <span class='ocrx_word' id='word_1_188' title='bbox 3208 1270 3392 1310; x_wconf 89' lang='lat' dir='ltr'><strong>rarum</strong></span> <span class='ocrx_word' id='word_1_189' title='bbox 3423 1267 3508 1311; x_wconf 89' lang='lat' dir='ltr'><strong>est</strong></span> <span class='ocrx_word' id='word_1_190' title='bbox 3541 1273 3678 1313; x_wconf 60' lang='lat' dir='ltr'><strong>cou«</strong></span> 
     </span>
    </p>
   </div>
   <div class='ocr_carea' id='block_1_29' title="bbox 2094 1342 3680 1418">
    <p class='ocr_par' dir='ltr' id='par_1_29' title="bbox 2094 1342 3680 1418">
     <span class='ocr_line' id='line_1_29' title="bbox 2094 1342 3680 1418; baseline 0.006 -25"><span class='ocrx_word' id='word_1_191' title='bbox 2094 1342 2298 1395; x_wconf 88' lang='lat' dir='ltr'><strong>sentire</strong></span> <span class='ocrx_word' id='word_1_192' title='bbox 2332 1352 2589 1411; x_wconf 83' lang='lat' dir='ltr'><strong>parentes</strong></span> <span class='ocrx_word' id='word_1_193' title='bbox 2620 1355 2810 1397; x_wconf 88' lang='lat' dir='ltr'><strong>contra</strong></span> <span class='ocrx_word' id='word_1_194' title='bbox 2865 1345 3142 1414; x_wconf 83' lang='lat' dir='ltr'><strong>preprium</strong></span> <span class='ocrx_word' id='word_1_195' title='bbox 3191 1344 3384 1413; x_wconf 84' lang='lat' dir='ltr'><strong>ﬁlium,</strong></span> <span class='ocrx_word' id='word_1_196' title='bbox 3435 1350 3680 1418; x_wconf 57' lang='lat' dir='ltr'><strong>praecipit</strong></span> 
     </span>
    </p>
   </div>
   <div class='ocr_carea' id='block_1_30' title="bbox 2094 1432 3678 1506">
    <p class='ocr_par' dir='ltr' id='par_1_30' title="bbox 2094 1432 3678 1506">
     <span class='ocr_line' id='line_1_30' title="bbox 2094 1432 3678 1506; baseline 0.008 -22"><span class='ocrx_word' id='word_1_197' title='bbox 2094 1432 2235 1486; x_wconf 88' lang='lat' dir='ltr'><strong>Deus</strong></span> <span class='ocrx_word' id='word_1_198' title='bbox 2272 1447 2329 1486; x_wconf 89' lang='lat' dir='ltr'><strong>ut</strong></span> <span class='ocrx_word' id='word_1_199' title='bbox 2363 1451 2484 1488; x_wconf 86' lang='lat' dir='ltr'><strong>cum</strong></span> <span class='ocrx_word' id='word_1_200' title='bbox 2525 1437 2682 1489; x_wconf 88' lang='lat' dir='ltr'><strong>ambo</strong></span> <span class='ocrx_word' id='word_1_201' title='bbox 2707 1438 3080 1491; x_wconf 84' lang='lat' dir='ltr'><strong>consenserint</strong></span> <span class='ocrx_word' id='word_1_202' title='bbox 3110 1448 3297 1492; x_wconf 83' lang='lat' dir='ltr'><strong>contra</strong></span> <span class='ocrx_word' id='word_1_203' title='bbox 3328 1439 3521 1506; x_wconf 89' lang='lat' dir='ltr'><strong>ﬁlium,</strong></span> <span class='ocrx_word' id='word_1_204' title='bbox 3553 1452 3678 1496; x_wconf 77' lang='lat' dir='ltr'><strong>tunc</strong></span> 
     </span>
    </p>
   </div>
   <div class='ocr_carea' id='block_1_31' title="bbox 2094 1526 3461 1602">
    <p class='ocr_par' dir='ltr' id='par_1_31' title="bbox 2094 1526 3461 1602">
     <span class='ocr_line' id='line_1_31' title="bbox 2094 1526 3461 1602; baseline 0.006 -24"><span class='ocrx_word' id='word_1_205' title='bbox 2094 1526 2333 1596; x_wconf 80' lang='lat' dir='ltr'><strong>lapident</strong></span> <span class='ocrx_word' id='word_1_206' title='bbox 2363 1543 2511 1595; x_wconf 89' lang='lat' dir='ltr'><strong>eum,</strong></span> <span class='ocrx_word' id='word_1_207' title='bbox 2543 1545 2648 1582; x_wconf 91' lang='lat' dir='ltr'><strong>non</strong></span> <span class='ocrx_word' id='word_1_208' title='bbox 2685 1529 2784 1599; x_wconf 88' lang='lat' dir='ltr'><strong>ipsi</strong></span> <span class='ocrx_word' id='word_1_209' title='bbox 2815 1541 3091 1599; x_wconf 86' lang='lat' dir='ltr'><strong>parentes,</strong></span> <span class='ocrx_word' id='word_1_210' title='bbox 3123 1531 3218 1586; x_wconf 85' lang='lat' dir='ltr'><strong>sed</strong></span> <span class='ocrx_word' id='word_1_211' title='bbox 3241 1531 3461 1602; x_wconf 81' lang='lat' dir='ltr'><strong>reliqui.</strong></span> 
     </span>
    </p>
   </div>
   <div class='ocr_carea' id='block_1_32' title="bbox 2169 1708 3679 1776">
    <p class='ocr_par' dir='ltr' id='par_1_32' title="bbox 2169 1708 3679 1776">
     <span class='ocr_line' id='line_1_32' title="bbox 2169 1708 3679 1776; baseline 0.009 -14"><span class='ocrx_word' id='word_1_212' title='bbox 2169 1708 2291 1762; x_wconf 85' lang='lat' dir='ltr'><strong>Non</strong></span> <span class='ocrx_word' id='word_1_213' title='bbox 2320 1709 2604 1763; x_wconf 75' lang='lat' dir='ltr'><strong>senzinabis</strong></span> <span class='ocrx_word' id='word_1_214' title='bbox 2631 1712 2834 1765; x_wconf 76' lang='lat' dir='ltr'><strong>vineam</strong></span> <span class='ocrx_word' id='word_1_215' title='bbox 2866 1724 3008 1767; x_wconf 87' lang='lat' dir='ltr'><strong>luam</strong></span> <span class='ocrx_word' id='word_1_216' title='bbox 3039 1716 3239 1770; x_wconf 82' lang='lat' dir='ltr'><strong>variam</strong></span> <span class='ocrx_word' id='word_1_217' title='bbox 3267 1717 3333 1771; x_wconf 65' lang='grc'><strong>⁸⁸.</strong></span> <span class='ocrx_word' id='word_1_218' title='bbox 3362 1717 3440 1772; x_wconf 83' lang='lat' dir='ltr'><strong>Ne</strong></span> <span class='ocrx_word' id='word_1_219' title='bbox 3468 1719 3679 1776; x_wconf 74' lang='lat' dir='ltr'><strong>scilicet</strong></span> 
     </span>
    </p>
   </div>
   <div class='ocr_carea' id='block_1_33' title="bbox 396 1790 1978 1886">
    <p class='ocr_par' dir='ltr' id='par_1_33' title="bbox 396 1811 1978 1886">
     <span class='ocr_line' id='line_1_33' title="bbox 396 1811 1978 1886; baseline -0.005 -15"><span class='ocrx_word' id='word_1_220' title='bbox 396 1817 513 1871; x_wconf 84' lang='grc' dir='ltr'>Ἵνα</span> <span class='ocrx_word' id='word_1_221' title='bbox 545 1815 618 1886; x_wconf 84' lang='grc' dir='ltr'>μὴ</span> <span class='ocrx_word' id='word_1_222' title='bbox 647 1813 958 1882; x_wconf 82' lang='grc' dir='ltr'>ἁτονωτέρα</span> <span class='ocrx_word' id='word_1_223' title='bbox 1003 1811 1228 1881; x_wconf 82' lang='grc' dir='ltr'>γένηται</span> <span class='ocrx_word' id='word_1_224' title='bbox 1259 1813 1290 1882; x_wconf 69' lang='grc' dir='ltr'><strong>ἡ</strong></span> <span class='ocrx_word' id='word_1_225' title='bbox 1323 1811 1416 1882; x_wconf 81' lang='grc' dir='ltr'>γῆ,</span> <span class='ocrx_word' id='word_1_226' title='bbox 1453 1813 1528 1874; x_wconf 87' lang='grc' dir='ltr'>ὼς</span> <span class='ocrx_word' id='word_1_227' title='bbox 1561 1814 1698 1884; x_wconf 82' lang='grc' dir='ltr'>μήτε</span> <span class='ocrx_word' id='word_1_228' title='bbox 1726 1811 1789 1864; x_wconf 78' lang='grc' dir='ltr'>τὸ</span> <span class='ocrx_word' id='word_1_229' title='bbox 1820 1813 1978 1884; x_wconf 77' lang='grc' dir='ltr'>σπέρ-</span> 
     </span>
    </p>
   </div>
   <div class='ocr_carea' id='block_1_34' title="bbox 2084 1790 3677 1886">
    <p class='ocr_par' dir='ltr' id='par_1_34' title="bbox 2092 1799 3677 1878">
     <span class='ocr_line' id='line_1_34' title="bbox 2092 1799 3677 1878; baseline 0.011 -26"><span class='ocrx_word' id='word_1_230' title='bbox 2092 1799 2361 1856; x_wconf 85' lang='lat' dir='ltr'><strong>inﬁrmior</strong></span> <span class='ocrx_word' id='word_1_231' title='bbox 2387 1804 2588 1857; x_wconf 80' lang='lat' dir='ltr'><strong>evadat</strong></span> <span class='ocrx_word' id='word_1_232' title='bbox 2621 1815 2787 1864; x_wconf 86' lang='lat' dir='ltr'><strong>terra.</strong></span> <span class='ocrx_word' id='word_1_233' title='bbox 2833 1806 2904 1860; x_wconf 86' lang='lat' dir='ltr'><strong>ita</strong></span> <span class='ocrx_word' id='word_1_234' title='bbox 2963 1817 3022 1860; x_wconf 92' lang='lat' dir='ltr'><strong>ut</strong></span> <span class='ocrx_word' id='word_1_235' title='bbox 3074 1824 3253 1878; x_wconf 89' lang='lat' dir='ltr'><strong>neque</strong></span> <span class='ocrx_word' id='word_1_236' title='bbox 3302 1825 3483 1868; x_wconf 90' lang='lat' dir='ltr'><strong>semen</strong></span> <span class='ocrx_word' id='word_1_237' title='bbox 3536 1813 3677 1868; x_wconf 60' lang='lat' dir='ltr'><strong>llilt’r</strong></span> 
     </span>
    </p>
   </div>
   <div class='ocr_carea' id='block_1_35' title="bbox 398 1900 1987 1977">
    <p class='ocr_par' dir='ltr' id='par_1_35' title="bbox 398 1900 1987 1977">
     <span class='ocr_line' id='line_1_35' title="bbox 398 1900 1987 1977; baseline -0.001 -19"><span class='ocrx_word' id='word_1_238' title='bbox 398 1924 473 1977; x_wconf 89' lang='grc' dir='ltr'><strong>μα</strong></span> <span class='ocrx_word' id='word_1_239' title='bbox 513 1905 718 1976; x_wconf 85' lang='grc' dir='ltr'>πλῆρες</span> <span class='ocrx_word' id='word_1_240' title='bbox 753 1902 1082 1965; x_wconf 78' lang='grc' dir='ltr'><strong>ἀποδιδόναι,</strong></span> <span class='ocrx_word' id='word_1_241' title='bbox 1128 1904 1265 1973; x_wconf 82' lang='grc' dir='ltr'>μήτε</span> <span class='ocrx_word' id='word_1_242' title='bbox 1318 1903 1418 1972; x_wconf 82' lang='grc' dir='ltr'>τῆς</span> <span class='ocrx_word' id='word_1_243' title='bbox 1449 1900 1695 1974; x_wconf 82' lang='grc' dir='ltr'>ἀμπέλου</span> <span class='ocrx_word' id='word_1_244' title='bbox 1741 1903 1832 1956; x_wconf 80' lang='grc' dir='ltr'><strong>τὸν</strong></span> <span class='ocrx_word' id='word_1_245' title='bbox 1860 1921 1987 1976; x_wconf 75' lang='grc' dir='ltr'>καρο</span> 
     </span>
    </p>
   </div>
   <div class='ocr_carea' id='block_1_36' title="bbox 400 1993 1342 2061">
    <p class='ocr_par' dir='ltr' id='par_1_36' title="bbox 400 1993 1342 2061">
     <span class='ocr_line' id='line_1_36' title="bbox 400 1993 1342 2061; baseline -0.002 -11"><span class='ocrx_word' id='word_1_246' title='bbox 400 1997 522 2061; x_wconf 81' lang='grc' dir='ltr'>πδν,</span> <span class='ocrx_word' id='word_1_247' title='bbox 558 1995 695 2050; x_wconf 82' lang='grc' dir='ltr'>ἀλλὰ</span> <span class='ocrx_word' id='word_1_248' title='bbox 721 1995 845 2047; x_wconf 86' lang='grc' dir='ltr'>καθ’</span> <span class='ocrx_word' id='word_1_249' title='bbox 872 1993 1066 2048; x_wconf 76' lang='grc' dir='ltr'>ἑαυτοῦ</span> <span class='ocrx_word' id='word_1_250' title='bbox 1088 1993 1342 2048; x_wconf 69' lang='grc' dir='ltr'>ἕκαστον.</span> 
     </span>
    </p>
   </div>
   <div class='ocr_carea' id='block_1_37' title="bbox 471 2085 1984 2156">
    <p class='ocr_par' dir='ltr' id='par_1_37' title="bbox 471 2085 1984 2156">
     <span class='ocr_line' id='line_1_37' title="bbox 471 2085 1984 2156; baseline 0 -13"><span class='ocrx_word' id='word_1_251' title='bbox 471 2091 594 2144; x_wconf 85' lang='grc' dir='ltr'><strong>Οὐκ</strong></span> <span class='ocrx_word' id='word_1_252' title='bbox 643 2086 1018 2156; x_wconf 82' lang='grc' dir='ltr'>ἀροτριάσεις</span> <span class='ocrx_word' id='word_1_253' title='bbox 1067 2085 1139 2138; x_wconf 78' lang='grc' dir='ltr'><strong>ἐν</strong></span> <span class='ocrx_word' id='word_1_254' title='bbox 1193 2087 1409 2155; x_wconf 79' lang='grc' dir='ltr'>μόσχῳ</span> <span class='ocrx_word' id='word_1_255' title='bbox 1456 2086 1554 2140; x_wconf 77' lang='grc' dir='ltr'>καὶ</span> <span class='ocrx_word' id='word_1_256' title='bbox 1614 2087 1732 2152; x_wconf 79' lang='grc' dir='ltr'><strong>ὄνῳ</strong></span> <span class='ocrx_word' id='word_1_257' title='bbox 1775 2088 1872 2142; x_wconf 79' lang='grc' dir='ltr'><strong>ἐπὶ</strong></span> <span class='ocrx_word' id='word_1_258' title='bbox 1920 2089 1984 2143; x_wconf 80' lang='grc' dir='ltr'>τὸ</span> 
     </span>
    </p>
   </div>
   <div class='ocr_carea' id='block_1_38' title="bbox 395 2173 1985 2250">
    <p class='ocr_par' dir='ltr' id='par_1_38' title="bbox 395 2173 1985 2250">
     <span class='ocr_line' id='line_1_38' title="bbox 395 2173 1985 2250; baseline -0.002 -18"><span class='ocrx_word' id='word_1_259' title='bbox 395 2180 562 2232; x_wconf 78' lang='grc' dir='ltr'>αὑτό.</span> <span class='ocrx_word' id='word_1_260' title='bbox 599 2178 672 2231; x_wconf 86' lang='grc' dir='ltr'><strong>Τὸ</strong></span> <span class='ocrx_word' id='word_1_261' title='bbox 705 2176 909 2247; x_wconf 84' lang='grc' dir='ltr'>γαῦρον</span> <span class='ocrx_word' id='word_1_262' title='bbox 935 2175 1035 2245; x_wconf 83' lang='grc' dir='ltr'>τῆς</span> <span class='ocrx_word' id='word_1_263' title='bbox 1062 2173 1242 2244; x_wconf 77' lang='grc' dir='ltr'>ψυχῆς</span> <span class='ocrx_word' id='word_1_264' title='bbox 1272 2177 1365 2228; x_wconf 83' lang='grc' dir='ltr'><strong>καὶ</strong></span> <span class='ocrx_word' id='word_1_265' title='bbox 1399 2175 1685 2245; x_wconf 85' lang='grc' dir='ltr'>φιλόπονον</span> <span class='ocrx_word' id='word_1_266' title='bbox 1723 2177 1802 2248; x_wconf 79' lang='grc' dir='ltr'>τῷ</span> <span class='ocrx_word' id='word_1_267' title='bbox 1831 2177 1985 2250; x_wconf 80' lang='grc' dir='ltr'>φιλη-</span> 
     </span>
    </p>
   </div>
   <div class='ocr_carea' id='block_1_39' title="bbox 393 2266 1384 2342">
    <p class='ocr_par' dir='ltr' id='par_1_39' title="bbox 393 2266 1384 2342">
     <span class='ocr_line' id='line_1_39' title="bbox 393 2266 1384 2342; baseline -0.004 -16"><span class='ocrx_word' id='word_1_268' title='bbox 393 2272 528 2342; x_wconf 84' lang='grc' dir='ltr'>δόνῳ</span> <span class='ocrx_word' id='word_1_269' title='bbox 562 2271 657 2324; x_wconf 72' lang='grc' dir='ltr'><strong>καὶ</strong></span> <span class='ocrx_word' id='word_1_270' title='bbox 687 2267 971 2340; x_wconf 80' lang='grc' dir='ltr'>παθητικῷ</span> <span class='ocrx_word' id='word_1_271' title='bbox 999 2266 1072 2338; x_wconf 86' lang='grc' dir='ltr'>μὴ</span> <span class='ocrx_word' id='word_1_272' title='bbox 1102 2267 1384 2341; x_wconf 79' lang='grc' dir='ltr'>συζεύξῃς.</span> 
     </span>
    </p>
   </div>
   <div class='ocr_carea' id='block_1_40' title="bbox 469 2351 1983 2434">
    <p class='ocr_par' dir='ltr' id='par_1_40' title="bbox 469 2351 1983 2434">
     <span class='ocr_line' id='line_1_40' title="bbox 469 2351 1983 2434; baseline -0.002 -15"><span class='ocrx_word' id='word_1_273' title='bbox 469 2363 580 2419; x_wconf 71' lang='grc' dir='ltr'>Τοῦ</span> <span class='ocrx_word' id='word_1_274' title='bbox 615 2361 823 2416; x_wconf 84' lang='grc' dir='ltr'>αὑτοῦ.</span> <span class='ocrx_word' id='word_1_275' title='bbox 863 2351 1089 2424; x_wconf 72' lang='grc' dir='ltr'>Ἡσαΐας</span> <span class='ocrx_word' id='word_1_276' title='bbox 1129 2360 1187 2414; x_wconf 82' lang='grc' dir='ltr'>δὲ</span> <span class='ocrx_word' id='word_1_277' title='bbox 1241 2360 1404 2416; x_wconf 86' lang='grc' dir='ltr'>πάλιν</span> <span class='ocrx_word' id='word_1_278' title='bbox 1440 2362 1642 2434; x_wconf 77' lang='grc' dir='ltr'>γράφει</span> <span class='ocrx_word' id='word_1_279' title='bbox 1666 2380 1680 2394; x_wconf 79' lang='grc' dir='ltr'><strong><em>ο</em></strong></span> <span class='ocrx_word' id='word_1_280' title='bbox 1719 2381 1737 2414; x_wconf 83' lang='grc' dir='ltr'><strong>ι</strong></span> <span class='ocrx_word' id='word_1_281' title='bbox 1789 2362 1983 2416; x_wconf 84' lang='grc' dir='ltr'><strong>Μακά-</strong></span> 
     </span>
    </p>
   </div>
   <div class='ocr_carea' id='block_1_41' title="bbox 395 2451 1982 2526">
    <p class='ocr_par' dir='ltr' id='par_1_41' title="bbox 395 2451 1982 2526">
     <span class='ocr_line' id='line_1_41' title="bbox 395 2451 1982 2526; baseline 0 -20"><span class='ocrx_word' id='word_1_282' title='bbox 395 2471 499 2525; x_wconf 90' lang='grc' dir='ltr'>ριοι</span> <span class='ocrx_word' id='word_1_283' title='bbox 525 2454 576 2506; x_wconf 88' lang='grc' dir='ltr'><strong>οί</strong></span> <span class='ocrx_word' id='word_1_284' title='bbox 605 2453 918 2525; x_wconf 77' lang='grc' dir='ltr'>σπείροντες</span> <span class='ocrx_word' id='word_1_285' title='bbox 964 2453 1058 2505; x_wconf 74' lang='grc' dir='ltr'>ἐπὶ</span> <span class='ocrx_word' id='word_1_286' title='bbox 1088 2453 1194 2505; x_wconf 78' lang='grc' dir='ltr'>πᾶν</span> <span class='ocrx_word' id='word_1_287' title='bbox 1228 2451 1394 2523; x_wconf 75' lang='grc' dir='ltr'>ὕδωρ.</span> <span class='ocrx_word' id='word_1_288' title='bbox 1447 2472 1466 2504; x_wconf 76' lang='grc' dir='ltr'><strong>ι</strong></span> <span class='ocrx_word' id='word_1_289' title='bbox 1504 2454 1663 2508; x_wconf 89' lang='grc' dir='ltr'>Ποῖον</span> <span class='ocrx_word' id='word_1_290' title='bbox 1699 2453 1864 2526; x_wconf 74' lang='grc' dir='ltr'>ὕδωρ,</span> <span class='ocrx_word' id='word_1_291' title='bbox 1897 2457 1982 2523; x_wconf 79' lang='grc' dir='ltr'><strong>ἐφ’</strong></span> 
     </span>
    </p>
   </div>
   <div class='ocr_carea' id='block_1_42' title="bbox 389 2540 1981 2616">
    <p class='ocr_par' dir='ltr' id='par_1_42' title="bbox 389 2540 1981 2616">
     <span class='ocr_line' id='line_1_42' title="bbox 389 2540 1981 2616; baseline 0.001 -19"><span class='ocrx_word' id='word_1_292' title='bbox 389 2540 538 2612; x_wconf 80' lang='grc' dir='ltr'>ᾧδεῖ</span> <span class='ocrx_word' id='word_1_293' title='bbox 575 2545 822 2615; x_wconf 81' lang='grc' dir='ltr'>σπείρειν</span> <span class='ocrx_word' id='word_1_294' title='bbox 859 2543 919 2596; x_wconf 78' lang='grc' dir='ltr'>τὸ</span> <span class='ocrx_word' id='word_1_295' title='bbox 964 2543 1128 2596; x_wconf 76' lang='grc' dir='ltr'>καλὸν</span> <span class='ocrx_word' id='word_1_296' title='bbox 1160 2544 1382 2614; x_wconf 83' lang='grc' dir='ltr'>σπέρμα</span> <span class='ocrx_word' id='word_1_297' title='bbox 1409 2560 1422 2609; x_wconf 93' lang='grc'><strong>;</strong></span> <span class='ocrx_word' id='word_1_298' title='bbox 1451 2545 1550 2615; x_wconf 78' lang='grc' dir='ltr'>Εῖη</span> <span class='ocrx_word' id='word_1_299' title='bbox 1596 2545 1654 2598; x_wconf 85' lang='grc' dir='ltr'>δὲ</span> <span class='ocrx_word' id='word_1_300' title='bbox 1693 2545 1851 2598; x_wconf 88' lang='grc' dir='ltr'>τοῦτο</span> <span class='ocrx_word' id='word_1_301' title='bbox 1886 2547 1981 2616; x_wconf 80' lang='grc' dir='ltr'><strong>βά-</strong></span> 
     </span>
    </p>
   </div>
   <div class='ocr_carea' id='block_1_43' title="bbox 393 2635 1976 2708">
    <p class='ocr_par' dir='ltr' id='par_1_43' title="bbox 393 2635 1976 2708">
     <span class='ocr_line' id='line_1_43' title="bbox 393 2635 1976 2708; baseline 0 -16"><span class='ocrx_word' id='word_1_302' title='bbox 393 2655 608 2708; x_wconf 83' lang='grc' dir='ltr'>·πτισμα</span> <span class='ocrx_word' id='word_1_303' title='bbox 639 2637 738 2708; x_wconf 84' lang='grc' dir='ltr'><strong>τῆς</strong></span> <span class='ocrx_word' id='word_1_304' title='bbox 767 2636 1060 2706; x_wconf 80' lang='grc' dir='ltr'>σωτηρίας,</span> <span class='ocrx_word' id='word_1_305' title='bbox 1085 2639 1145 2688; x_wconf 84' lang='grc' dir='ltr'><strong>τὸ</strong></span> <span class='ocrx_word' id='word_1_306' title='bbox 1160 2635 1383 2707; x_wconf 73' lang='grc' dir='ltr'>λουτρὸν</span> <span class='ocrx_word' id='word_1_307' title='bbox 1408 2636 1510 2706; x_wconf 84' lang='grc' dir='ltr'>τῆς</span> <span class='ocrx_word' id='word_1_308' title='bbox 1537 2637 1976 2705; x_wconf 77' lang='grc' dir='ltr'>παλιγγενεσίας.</span> 
     </span>
    </p>
   </div>
   <div class='ocr_carea' id='block_1_44' title="bbox 393 2726 1982 2800">
    <p class='ocr_par' dir='ltr' id='par_1_44' title="bbox 393 2726 1982 2800">
     <span class='ocr_line' id='line_1_44' title="bbox 393 2726 1982 2800; baseline -0.001 -17"><span class='ocrx_word' id='word_1_309' title='bbox 393 2730 588 2800; x_wconf 83' lang='grc' dir='ltr'>Σπεῖρε</span> <span class='ocrx_word' id='word_1_310' title='bbox 617 2728 708 2780; x_wconf 75' lang='grc' dir='ltr'>ἐπὶ</span> <span class='ocrx_word' id='word_1_311' title='bbox 740 2727 802 2780; x_wconf 81' lang='grc' dir='ltr'>τὸ</span> <span class='ocrx_word' id='word_1_312' title='bbox 824 2727 1123 2798; x_wconf 84' lang='grc' dir='ltr'>μυστήριον</span> <span class='ocrx_word' id='word_1_313' title='bbox 1147 2726 1242 2780; x_wconf 84' lang='grc' dir='ltr'><strong>τοῦ</strong></span> <span class='ocrx_word' id='word_1_314' title='bbox 1267 2726 1513 2798; x_wconf 76' lang='grc' dir='ltr'>λουτροῦ,</span> <span class='ocrx_word' id='word_1_315' title='bbox 1540 2727 1632 2779; x_wconf 75' lang='grc' dir='ltr'>καὶ</span> <span class='ocrx_word' id='word_1_316' title='bbox 1657 2727 1780 2798; x_wconf 85' lang='grc' dir='ltr'>γίνῃ</span> <span class='ocrx_word' id='word_1_317' title='bbox 1812 2732 1982 2799; x_wconf 76' lang='grc' dir='ltr'>μακά-</span> 
     </span>
    </p>
   </div>
   <div class='ocr_carea' id='block_1_45' title="bbox 395 2821 1980 2899">
    <p class='ocr_par' dir='ltr' id='par_1_45' title="bbox 395 2821 1980 2899">
     <span class='ocr_line' id='line_1_45' title="bbox 395 2821 1980 2899; baseline -0.001 -20"><span class='ocrx_word' id='word_1_318' title='bbox 395 2843 528 2899; x_wconf 84' lang='grc' dir='ltr'>ριος.</span> <span class='ocrx_word' id='word_1_319' title='bbox 577 2822 725 2878; x_wconf 59' lang='grc' dir='ltr'><strong>Ἐκ]</strong></span> <span class='ocrx_word' id='word_1_320' title='bbox 773 2822 899 2893; x_wconf 91' lang='grc' dir='ltr'>βοῦς</span> <span class='ocrx_word' id='word_1_321' title='bbox 931 2822 1024 2875; x_wconf 77' lang='grc' dir='ltr'>καὶ</span> <span class='ocrx_word' id='word_1_322' title='bbox 1058 2821 1177 2885; x_wconf 72' lang='grc' dir='ltr'>ὄνος</span> <span class='ocrx_word' id='word_1_323' title='bbox 1213 2825 1392 2887; x_wconf 87' lang='grc' dir='ltr'>πατεῖ,</span> <span class='ocrx_word' id='word_1_324' title='bbox 1433 2821 1560 2891; x_wconf 88' lang='grc' dir='ltr'>βοῦς</span> <span class='ocrx_word' id='word_1_325' title='bbox 1603 2824 1631 2874; x_wconf 91' lang='lat'><strong>6</strong></span> <span class='ocrx_word' id='word_1_326' title='bbox 1684 2821 1924 2894; x_wconf 85' lang='grc' dir='ltr'>καθαρὸς</span> <span class='ocrx_word' id='word_1_327' title='bbox 1951 2827 1980 2877; x_wconf 86' lang='grc' dir='ltr'>ὁ</span> 
     </span>
    </p>
   </div>
   <div class='ocr_carea' id='block_1_46' title="bbox 406 2913 1980 2989">
    <p class='ocr_par' dir='ltr' id='par_1_46' title="bbox 406 2913 1980 2989">
     <span class='ocr_line' id='line_1_46' title="bbox 406 2913 1980 2989; baseline -0.001 -18"><span class='ocrx_word' id='word_1_328' title='bbox 406 2917 766 2989; x_wconf 65' lang='grc' dir='ltr'>Ἰσραηλείτης,</span> <span class='ocrx_word' id='word_1_329' title='bbox 803 2917 897 2968; x_wconf 74' lang='grc' dir='ltr'>καὶ</span> <span class='ocrx_word' id='word_1_330' title='bbox 942 2915 1064 2976; x_wconf 68' lang='lat' dir='ltr'><strong>ovo;</strong></span> <span class='ocrx_word' id='word_1_331' title='bbox 1110 2913 1424 2986; x_wconf 78' lang='grc' dir='ltr'>ἀκάθαρτος</span> <span class='ocrx_word' id='word_1_332' title='bbox 1470 2916 1535 2966; x_wconf 78' lang='grc' dir='ltr'><strong>ἐκ</strong></span> <span class='ocrx_word' id='word_1_333' title='bbox 1565 2914 1758 2983; x_wconf 80' lang='grc' dir='ltr'>γένους</span> <span class='ocrx_word' id='word_1_334' title='bbox 1803 2917 1831 2968; x_wconf 93' lang='lat'><strong>6</strong></span> <span class='ocrx_word' id='word_1_335' title='bbox 1872 2916 1980 2969; x_wconf 85' lang='grc' dir='ltr'>ἀπὸ</span> 
     </span>
    </p>
   </div>
   <div class='ocr_carea' id='block_1_47' title="bbox 390 3003 1977 3081">
    <p class='ocr_par' dir='ltr' id='par_1_47' title="bbox 390 3003 1977 3081">
     <span class='ocr_line' id='line_1_47' title="bbox 390 3003 1977 3081; baseline -0.001 -17"><span class='ocrx_word' id='word_1_336' title='bbox 390 3009 498 3064; x_wconf 80' lang='grc' dir='ltr'><strong>τῶν</strong></span> <span class='ocrx_word' id='word_1_337' title='bbox 522 3009 708 3063; x_wconf 70' lang='grc' dir='ltr'><strong>ὲθνὼψ</strong></span> <span class='ocrx_word' id='word_1_338' title='bbox 739 3009 826 3062; x_wconf 79' lang='grc' dir='ltr'>ἵνα</span> <span class='ocrx_word' id='word_1_339' title='bbox 852 3007 1122 3078; x_wconf 74' lang='grc' dir='ltr'>σύμϐολον</span> <span class='ocrx_word' id='word_1_340' title='bbox 1215 3007 1502 3079; x_wconf 79' lang='grc' dir='ltr'>ἀμφότερα</span> <span class='ocrx_word' id='word_1_341' title='bbox 1527 3008 1596 3061; x_wconf 81' lang='grc' dir='ltr'>τὰ</span> <span class='ocrx_word' id='word_1_342' title='bbox 1624 3006 1738 3071; x_wconf 79' lang='grc' dir='ltr'><strong>ζῶα</strong></span> <span class='ocrx_word' id='word_1_343' title='bbox 1768 3007 1862 3062; x_wconf 87' lang='grc' dir='ltr'><strong>τοῦ</strong></span> <span class='ocrx_word' id='word_1_344' title='bbox 1889 3008 1977 3063; x_wconf 84' lang='grc' dir='ltr'><strong>λό-</strong></span> 
     </span>
    </p>
   </div>
   <div class='ocr_carea' id='block_1_48' title="bbox 2093 1897 3673 1967">
    <p class='ocr_par' dir='ltr' id='par_1_48' title="bbox 2093 1897 3673 1967">
     <span class='ocr_line' id='line_1_48' title="bbox 2093 1897 3673 1967; baseline 0.009 -23"><span class='ocrx_word' id='word_1_345' title='bbox 2093 1909 2247 1961; x_wconf 76' lang='lat' dir='ltr'><strong>grum</strong></span> <span class='ocrx_word' id='word_1_346' title='bbox 2285 1897 2511 1952; x_wconf 78' lang='lat' dir='ltr'><strong>reddere</strong></span> <span class='ocrx_word' id='word_1_347' title='bbox 2558 1899 2748 1966; x_wconf 83' lang='lat' dir='ltr'><strong>possit,</strong></span> <span class='ocrx_word' id='word_1_348' title='bbox 2791 1913 2968 1967; x_wconf 88' lang='lat' dir='ltr'><strong>neque</strong></span> <span class='ocrx_word' id='word_1_349' title='bbox 3002 1900 3174 1956; x_wconf 77' lang='lat' dir='ltr'><strong>vinea:</strong></span> <span class='ocrx_word' id='word_1_350' title='bbox 3218 1902 3458 1958; x_wconf 77' lang='lat' dir='ltr'><strong>fructum</strong></span> <span class='ocrx_word' id='word_1_351' title='bbox 3509 1921 3527 1961; x_wconf 90' lang='lat'><strong>:</strong></span> <span class='ocrx_word' id='word_1_352' title='bbox 3577 1907 3673 1960; x_wconf 82' lang='lat' dir='ltr'><strong>sed</strong></span> 
     </span>
    </p>
   </div>
   <div class='ocr_carea' id='block_1_49' title="bbox 2100 1990 3209 2057">
    <p class='ocr_par' dir='ltr' id='par_1_49' title="bbox 2100 1990 3209 2057">
     <span class='ocr_line' id='line_1_49' title="bbox 2100 1990 3209 2057; baseline 0.009 -20"><span class='ocrx_word' id='word_1_353' title='bbox 2100 1990 2531 2057; x_wconf 80' lang='lat' dir='ltr'><strong>unumquodque</strong></span> <span class='ocrx_word' id='word_1_354' title='bbox 2566 1990 2863 2056; x_wconf 81' lang='lat' dir='ltr'><strong>separatim</strong></span> <span class='ocrx_word' id='word_1_355' title='bbox 2891 1991 3153 2046; x_wconf 87' lang='lat' dir='ltr'><strong>seminetu</strong></span> <span class='ocrx_word' id='word_1_356' title='bbox 3165 2010 3209 2048; x_wconf 93' lang='lat' dir='ltr'><strong>r.</strong></span> 
     </span>
    </p>
   </div>
   <div class='ocr_carea' id='block_1_50' title="bbox 2164 2075 3676 2154">
    <p class='ocr_par' dir='ltr' id='par_1_50' title="bbox 2164 2075 3676 2154">
     <span class='ocr_line' id='line_1_50' title="bbox 2164 2075 3676 2154; baseline 0.009 -24"><span class='ocrx_word' id='word_1_357' title='bbox 2164 2075 2290 2131; x_wconf 81' lang='lat' dir='ltr'><strong>Non</strong></span> <span class='ocrx_word' id='word_1_358' title='bbox 2330 2083 2505 2133; x_wconf 75' lang='lat' dir='ltr'><strong>arabis</strong></span> <span class='ocrx_word' id='word_1_359' title='bbox 2534 2081 2585 2134; x_wconf 81' lang='lat' dir='ltr'><strong>in</strong></span> <span class='ocrx_word' id='word_1_360' title='bbox 2611 2081 2774 2134; x_wconf 82' lang='lat' dir='ltr'><strong>vitulo</strong></span> <span class='ocrx_word' id='word_1_361' title='bbox 2818 2091 2867 2134; x_wconf 82' lang='lat' dir='ltr'><strong>et</strong></span> <span class='ocrx_word' id='word_1_362' title='bbox 2917 2081 3067 2136; x_wconf 77' lang='lat' dir='ltr'><strong>asino</strong></span> <span class='ocrx_word' id='word_1_363' title='bbox 3089 2085 3144 2136; x_wconf 82' lang='lat' dir='ltr'><strong>in</strong></span> <span class='ocrx_word' id='word_1_364' title='bbox 3171 2085 3399 2151; x_wconf 79' lang='lat' dir='ltr'><strong>idipsum</strong></span> <span class='ocrx_word' id='word_1_365' title='bbox 3425 2085 3491 2141; x_wconf 79' lang='grc'><strong>⁸⁵.</strong></span> <span class='ocrx_word' id='word_1_366' title='bbox 3517 2087 3676 2154; x_wconf 79' lang='lat' dir='ltr'><strong>Quod</strong></span> 
     </span>
    </p>
   </div>
   <div class='ocr_carea' id='block_1_51' title="bbox 2088 2171 3678 2240">
    <p class='ocr_par' dir='ltr' id='par_1_51' title="bbox 2088 2171 3678 2240">
     <span class='ocr_line' id='line_1_51' title="bbox 2088 2171 3678 2240; baseline 0.009 -17"><span class='ocrx_word' id='word_1_367' title='bbox 2088 2181 2170 2224; x_wconf 90' lang='lat' dir='ltr'><strong>est</strong></span> <span class='ocrx_word' id='word_1_368' title='bbox 2201 2171 2398 2224; x_wconf 84' lang='lat' dir='ltr'><strong>elatum</strong></span> <span class='ocrx_word' id='word_1_369' title='bbox 2449 2183 2502 2226; x_wconf 85' lang='lat' dir='ltr'><strong>et</strong></span> <span class='ocrx_word' id='word_1_370' title='bbox 2532 2172 2859 2228; x_wconf 86' lang='lat' dir='ltr'><strong>laboriosum</strong></span> <span class='ocrx_word' id='word_1_371' title='bbox 2897 2175 3174 2240; x_wconf 88' lang='lat' dir='ltr'><strong>inanima,</strong></span> <span class='ocrx_word' id='word_1_372' title='bbox 3203 2192 3270 2231; x_wconf 91' lang='lat' dir='ltr'><strong>ne</strong></span> <span class='ocrx_word' id='word_1_373' title='bbox 3295 2193 3420 2232; x_wconf 91' lang='lat' dir='ltr'><strong>cum</strong></span> <span class='ocrx_word' id='word_1_374' title='bbox 3449 2195 3515 2235; x_wconf 88' lang='lat' dir='ltr'><strong>eo</strong></span> <span class='ocrx_word' id='word_1_375' title='bbox 3547 2195 3678 2236; x_wconf 88' lang='lat' dir='ltr'><strong>con-</strong></span> 
     </span>
    </p>
   </div>
   <div class='ocr_carea' id='block_1_52' title="bbox 2081 2264 3467 2336">
    <p class='ocr_par' dir='ltr' id='par_1_52' title="bbox 2081 2264 3467 2336">
     <span class='ocr_line' id='line_1_52' title="bbox 2081 2264 3467 2336; baseline 0.008 -21"><span class='ocrx_word' id='word_1_376' title='bbox 2081 2264 2331 2333; x_wconf 80' lang='lat' dir='ltr'><strong>jumtcrls</strong></span> <span class='ocrx_word' id='word_1_377' title='bbox 2369 2264 2515 2332; x_wconf 90' lang='lat' dir='ltr'><strong>quod</strong></span> <span class='ocrx_word' id='word_1_378' title='bbox 2542 2264 2702 2318; x_wconf 88' lang='lat' dir='ltr'><strong>molle</strong></span> <span class='ocrx_word' id='word_1_379' title='bbox 2733 2275 2788 2318; x_wconf 88' lang='lat' dir='ltr'><strong>et</strong></span> <span class='ocrx_word' id='word_1_380' title='bbox 2822 2266 3115 2336; x_wconf 83' lang='lat' dir='ltr'><strong>voluptatis</strong></span> <span class='ocrx_word' id='word_1_381' title='bbox 3148 2284 3338 2326; x_wconf 90' lang='lat' dir='ltr'><strong>amans</strong></span> <span class='ocrx_word' id='word_1_382' title='bbox 3363 2281 3467 2326; x_wconf 82' lang='lat' dir='ltr'><strong>est.</strong></span> 
     </span>
    </p>
   </div>
   <div class='ocr_carea' id='block_1_53' title="bbox 2160 2353 3676 2433">
    <p class='ocr_par' dir='ltr' id='par_1_53' title="bbox 2160 2353 3676 2433">
     <span class='ocr_line' id='line_1_53' title="bbox 2160 2353 3676 2433; baseline 0.01 -29"><span class='ocrx_word' id='word_1_383' title='bbox 2160 2353 2437 2423; x_wconf 75' lang='lat' dir='ltr'><strong>Ejusdem.</strong></span> <span class='ocrx_word' id='word_1_384' title='bbox 2473 2355 2642 2410; x_wconf 89' lang='lat' dir='ltr'><strong>Isaias</strong></span> <span class='ocrx_word' id='word_1_385' title='bbox 2674 2372 2863 2411; x_wconf 87' lang='lat' dir='ltr'><strong>rursus</strong></span> <span class='ocrx_word' id='word_1_386' title='bbox 2897 2357 3087 2412; x_wconf 82' lang='lat' dir='ltr'><strong>scribit</strong></span> <span class='ocrx_word' id='word_1_387' title='bbox 3112 2357 3159 2389; x_wconf 71' lang='grc'>⁸⁸</span> <span class='ocrx_word' id='word_1_388' title='bbox 3188 2376 3202 2412; x_wconf 92' lang='lat'><strong>:</strong></span> <span class='ocrx_word' id='word_1_389' title='bbox 3241 2379 3257 2411; x_wconf 84' lang='grc' dir='ltr'><strong>ι</strong></span> <span class='ocrx_word' id='word_1_390' title='bbox 3294 2357 3447 2417; x_wconf 83' lang='lat' dir='ltr'><strong>Beati</strong></span> <span class='ocrx_word' id='word_1_391' title='bbox 3476 2365 3568 2433; x_wconf 87' lang='lat' dir='ltr'><strong>qui</strong></span> <span class='ocrx_word' id='word_1_392' title='bbox 3596 2379 3676 2421; x_wconf 85' lang='lat' dir='ltr'><strong>se-</strong></span> 
     </span>
    </p>
   </div>
   <div class='ocr_carea' id='block_1_54' title="bbox 2091 2448 3672 2525">
    <p class='ocr_par' dir='ltr' id='par_1_54' title="bbox 2091 2448 3672 2525">
     <span class='ocr_line' id='line_1_54' title="bbox 2091 2448 3672 2525; baseline 0.006 -25"><span class='ocrx_word' id='word_1_393' title='bbox 2091 2448 2312 2502; x_wconf 85' lang='lat' dir='ltr'><strong>minatis</strong></span> <span class='ocrx_word' id='word_1_394' title='bbox 2338 2464 2501 2517; x_wconf 80' lang='lat' dir='ltr'><strong>super</strong></span> <span class='ocrx_word' id='word_1_395' title='bbox 2547 2463 2763 2502; x_wconf 87' lang='lat' dir='ltr'><strong>omnem</strong></span> <span class='ocrx_word' id='word_1_396' title='bbox 2801 2465 3020 2518; x_wconf 91' lang='lat' dir='ltr'><strong>aquam.</strong></span> <span class='ocrx_word' id='word_1_397' title='bbox 3055 2468 3074 2500; x_wconf 74' lang='lat' dir='ltr'><strong>i</strong></span> <span class='ocrx_word' id='word_1_398' title='bbox 3127 2451 3384 2516; x_wconf 74' lang='lat' dir='ltr'><strong>Quaenam</strong></span> <span class='ocrx_word' id='word_1_399' title='bbox 3415 2463 3496 2507; x_wconf 86' lang='lat' dir='ltr'><strong>est</strong></span> <span class='ocrx_word' id='word_1_400' title='bbox 3529 2472 3672 2525; x_wconf 84' lang='lat' dir='ltr'><strong>aqua</strong></span> 
     </span>
    </p>
   </div>
   <div class='ocr_carea' id='block_1_55' title="bbox 2088 2540 3673 2608">
    <p class='ocr_par' dir='ltr' id='par_1_55' title="bbox 2088 2540 3673 2608">
     <span class='ocr_line' id='line_1_55' title="bbox 2088 2540 3673 2608; baseline 0.005 -15"><span class='ocrx_word' id='word_1_401' title='bbox 2088 2540 2272 2608; x_wconf 89' lang='lat' dir='ltr'><strong>inqua</strong></span> <span class='ocrx_word' id='word_1_402' title='bbox 2316 2540 2696 2594; x_wconf 87' lang='lat' dir='ltr'><strong>seminandum</strong></span> <span class='ocrx_word' id='word_1_403' title='bbox 2738 2549 2822 2594; x_wconf 87' lang='lat' dir='ltr'><strong>est</strong></span> <span class='ocrx_word' id='word_1_404' title='bbox 2871 2543 3073 2594; x_wconf 83' lang='lat' dir='ltr'><strong>bonum</strong></span> <span class='ocrx_word' id='word_1_405' title='bbox 3125 2540 3349 2598; x_wconf 84' lang='lat' dir='ltr'><strong>semen?</strong></span> <span class='ocrx_word' id='word_1_406' title='bbox 3405 2543 3524 2599; x_wconf 86' lang='lat' dir='ltr'><strong>Erit</strong></span> <span class='ocrx_word' id='word_1_407' title='bbox 3581 2542 3673 2602; x_wconf 81' lang='lat' dir='ltr'><strong>illa</strong></span> 
     </span>
    </p>
   </div>
   <div class='ocr_carea' id='block_1_56' title="bbox 2087 2631 3669 2704">
    <p class='ocr_par' dir='ltr' id='par_1_56' title="bbox 2087 2631 3669 2704">
     <span class='ocr_line' id='line_1_56' title="bbox 2087 2631 3669 2704; baseline 0.004 -18"><span class='ocrx_word' id='word_1_408' title='bbox 2087 2647 2219 2686; x_wconf 84' lang='lat' dir='ltr'><strong>sane</strong></span> <span class='ocrx_word' id='word_1_409' title='bbox 2268 2631 2570 2701; x_wconf 85' lang='lat' dir='ltr'><strong>baptismus</strong></span> <span class='ocrx_word' id='word_1_410' title='bbox 2629 2632 2845 2696; x_wconf 87' lang='lat' dir='ltr'><strong>salutis,</strong></span> <span class='ocrx_word' id='word_1_411' title='bbox 2893 2632 3170 2687; x_wconf 81' lang='lat' dir='ltr'><strong>lavacrum</strong></span> <span class='ocrx_word' id='word_1_412' title='bbox 3218 2638 3669 2704; x_wconf 81' lang='lat' dir='ltr'><strong>regenerationis.</strong></span> 
     </span>
    </p>
   </div>
   <div class='ocr_carea' id='block_1_57' title="bbox 2089 2721 3673 2794">
    <p class='ocr_par' dir='ltr' id='par_1_57' title="bbox 2089 2721 3673 2794">
     <span class='ocr_line' id='line_1_57' title="bbox 2089 2721 3673 2794; baseline 0.005 -18"><span class='ocrx_word' id='word_1_413' title='bbox 2089 2721 2310 2777; x_wconf 88' lang='lat' dir='ltr'><strong>Semina</strong></span> <span class='ocrx_word' id='word_1_414' title='bbox 2346 2738 2514 2792; x_wconf 87' lang='lat' dir='ltr'><strong>super</strong></span> <span class='ocrx_word' id='word_1_415' title='bbox 2546 2724 2863 2793; x_wconf 84' lang='lat' dir='ltr'><strong>mysterium</strong></span> <span class='ocrx_word' id='word_1_416' title='bbox 2918 2725 3144 2794; x_wconf 85' lang='lat' dir='ltr'><strong>lavacri,</strong></span> <span class='ocrx_word' id='word_1_417' title='bbox 3190 2735 3248 2781; x_wconf 92' lang='lat' dir='ltr'><strong>et</strong></span> <span class='ocrx_word' id='word_1_418' title='bbox 3293 2729 3403 2784; x_wconf 85' lang='lat' dir='ltr'><strong>eris</strong></span> <span class='ocrx_word' id='word_1_419' title='bbox 3455 2729 3673 2788; x_wconf 83' lang='lat' dir='ltr'><strong>beatus.</strong></span> 
     </span>
    </p>
   </div>
   <div class='ocr_carea' id='block_1_58' title="bbox 2082 2816 3668 2893">
    <p class='ocr_par' dir='ltr' id='par_1_58' title="bbox 2082 2816 3668 2893">
     <span class='ocr_line' id='line_1_58' title="bbox 2082 2816 3668 2893; baseline 0.004 -21"><span class='ocrx_word' id='word_1_420' title='bbox 2082 2817 2196 2872; x_wconf 88' lang='lat' dir='ltr'><strong>Illic</strong></span> <span class='ocrx_word' id='word_1_421' title='bbox 2229 2821 2328 2871; x_wconf 81' lang='lat' dir='ltr'><strong>bos</strong></span> <span class='ocrx_word' id='word_1_422' title='bbox 2350 2825 2405 2870; x_wconf 89' lang='lat' dir='ltr'><strong>et</strong></span> <span class='ocrx_word' id='word_1_423' title='bbox 2437 2816 2624 2870; x_wconf 86' lang='lat' dir='ltr'><strong>asinus</strong></span> <span class='ocrx_word' id='word_1_424' title='bbox 2647 2817 2985 2884; x_wconf 82' lang='lat' dir='ltr'><strong>gradiuntur,</strong></span> <span class='ocrx_word' id='word_1_425' title='bbox 3018 2818 3114 2874; x_wconf 87' lang='lat' dir='ltr'><strong>bos</strong></span> <span class='ocrx_word' id='word_1_426' title='bbox 3145 2821 3379 2877; x_wconf 90' lang='lat' dir='ltr'><strong>mundus</strong></span> <span class='ocrx_word' id='word_1_427' title='bbox 3404 2819 3668 2893; x_wconf 73' lang='lat' dir='ltr'><strong>Israelita,</strong></span> 
     </span>
    </p>
   </div>
   <div class='ocr_carea' id='block_1_59' title="bbox 2083 2908 3672 2988">
    <p class='ocr_par' dir='ltr' id='par_1_59' title="bbox 2083 2908 3672 2988">
     <span class='ocr_line' id='line_1_59' title="bbox 2083 2908 3672 2988; baseline 0.006 -23"><span class='ocrx_word' id='word_1_428' title='bbox 2083 2922 2136 2965; x_wconf 87' lang='lat' dir='ltr'><strong>et</strong></span> <span class='ocrx_word' id='word_1_429' title='bbox 2160 2909 2348 2963; x_wconf 85' lang='lat' dir='ltr'><strong>asinus</strong></span> <span class='ocrx_word' id='word_1_430' title='bbox 2378 2908 2693 2963; x_wconf 87' lang='lat' dir='ltr'><strong>immundus</strong></span> <span class='ocrx_word' id='word_1_431' title='bbox 2725 2924 2794 2964; x_wconf 79' lang='lat' dir='ltr'><strong>ex</strong></span> <span class='ocrx_word' id='word_1_432' title='bbox 2829 2926 3058 2980; x_wconf 80' lang='lat' dir='ltr'><strong>genere,</strong></span> <span class='ocrx_word' id='word_1_433' title='bbox 3097 2913 3325 2981; x_wconf 82' lang='lat' dir='ltr'><strong>pepulus</strong></span> <span class='ocrx_word' id='word_1_434' title='bbox 3351 2916 3442 2988; x_wconf 86' lang='lat' dir='ltr'><strong>qui</strong></span> <span class='ocrx_word' id='word_1_435' title='bbox 3489 2928 3574 2974; x_wconf 87' lang='lat' dir='ltr'><strong>est</strong></span> <span class='ocrx_word' id='word_1_436' title='bbox 3603 2934 3672 2975; x_wconf 74' lang='lat' dir='ltr'><strong>ex</strong></span> 
     </span>
    </p>
   </div>
   <div class='ocr_carea' id='block_1_60' title="bbox 2087 2995 3672 3075">
    <p class='ocr_par' dir='ltr' id='par_1_60' title="bbox 2087 2995 3672 3075">
     <span class='ocr_line' id='line_1_60' title="bbox 2087 2995 3672 3075; baseline 0.011 -22"><span class='ocrx_word' id='word_1_437' title='bbox 2087 3000 2344 3072; x_wconf 77' lang='lat' dir='ltr'><strong>gentibus</strong></span> <span class='ocrx_word' id='word_1_438' title='bbox 2375 3018 2390 3055; x_wconf 91' lang='lat'><strong>:</strong></span> <span class='ocrx_word' id='word_1_439' title='bbox 2420 3012 2478 3055; x_wconf 90' lang='lat' dir='ltr'><strong>ut</strong></span> <span class='ocrx_word' id='word_1_440' title='bbox 2505 3012 2804 3071; x_wconf 87' lang='lat' dir='ltr'><strong>utrumque</strong></span> <span class='ocrx_word' id='word_1_441' title='bbox 2840 2995 3042 3057; x_wconf 71' lang='lat' dir='ltr'><strong>anima‘l</strong></span> <span class='ocrx_word' id='word_1_442' title='bbox 3076 3007 3386 3075; x_wconf 85' lang='lat' dir='ltr'><strong>symbolum</strong></span> <span class='ocrx_word' id='word_1_443' title='bbox 3419 3011 3491 3065; x_wconf 88' lang='lat' dir='ltr'><strong>sit</strong></span> <span class='ocrx_word' id='word_1_444' title='bbox 3520 3014 3672 3072; x_wconf 81' lang='lat' dir='ltr'><strong>verbi</strong></span> 
     </span>
    </p>
   </div>
   <div class='ocr_carea' id='block_1_61' title="bbox 390 3094 1978 3190">
    <p class='ocr_par' dir='ltr' id='par_1_61' title="bbox 390 3096 1976 3173">
     <span class='ocr_line' id='line_1_61' title="bbox 390 3096 1976 3173; baseline -0.002 -15"><span class='ocrx_word' id='word_1_445' title='bbox 390 3117 494 3173; x_wconf 84' lang='grc' dir='ltr'><strong>γου</strong></span> <span class='ocrx_word' id='word_1_446' title='bbox 519 3103 612 3157; x_wconf 82' lang='grc' dir='ltr'><strong>τοῦ</strong></span> <span class='ocrx_word' id='word_1_447' title='bbox 647 3103 758 3167; x_wconf 83' lang='grc' dir='ltr'>τοῖς</span> <span class='ocrx_word' id='word_1_448' title='bbox 802 3101 979 3155; x_wconf 73' lang='grc' dir='ltr'>ἔθνεσι</span> <span class='ocrx_word' id='word_1_449' title='bbox 1026 3101 1467 3172; x_wconf 74' lang='grc' dir='ltr'>κεκηρυγμένον.</span> <span class='ocrx_word' id='word_1_450' title='bbox 1516 3101 1688 3155; x_wconf 86' lang='grc' dir='ltr'>Πατεῖ</span> <span class='ocrx_word' id='word_1_451' title='bbox 1718 3096 1813 3157; x_wconf 85' lang='grc' dir='ltr'><strong>οῦν</strong></span> <span class='ocrx_word' id='word_1_452' title='bbox 1849 3101 1976 3172; x_wconf 82' lang='grc' dir='ltr'>βοῦς</span> 
     </span>
    </p>
   </div>
   <div class='ocr_carea' id='block_1_62' title="bbox 2084 3094 3670 3190">
    <p class='ocr_par' dir='ltr' id='par_1_62' title="bbox 2084 3094 3670 3174">
     <span class='ocr_line' id='line_1_62' title="bbox 2084 3094 3670 3174; baseline 0.011 -30"><span class='ocrx_word' id='word_1_453' title='bbox 2084 3094 2228 3164; x_wconf 88' lang='lat' dir='ltr'><strong>quod</strong></span> <span class='ocrx_word' id='word_1_454' title='bbox 2257 3094 2517 3162; x_wconf 77' lang='lat' dir='ltr'><strong>gentibus</strong></span> <span class='ocrx_word' id='word_1_455' title='bbox 2540 3094 2700 3165; x_wconf 81' lang='lat'><strong>391</strong></span> <span class='ocrx_word' id='word_1_456' title='bbox 2723 3096 3071 3164; x_wconf 73' lang='lat' dir='ltr'><strong>prwdicatur.</strong></span> <span class='ocrx_word' id='word_1_457' title='bbox 3100 3099 3393 3156; x_wconf 81' lang='lat' dir='ltr'><strong>Ambulant</strong></span> <span class='ocrx_word' id='word_1_458' title='bbox 3415 3118 3543 3174; x_wconf 76' lang='lat' dir='ltr'><strong>ergo</strong></span> <span class='ocrx_word' id='word_1_459' title='bbox 3573 3107 3670 3162; x_wconf 66' lang='lat' dir='ltr'><strong>bos</strong></span> 
     </span>
    </p>
   </div>
   <div class='ocr_carea' id='block_1_63' title="bbox 391 3193 1978 3267">
    <p class='ocr_par' dir='ltr' id='par_1_63' title="bbox 391 3193 1978 3267">
     <span class='ocr_line' id='line_1_63' title="bbox 391 3193 1978 3267; baseline -0.006 -16"><span class='ocrx_word' id='word_1_460' title='bbox 391 3197 486 3252; x_wconf 77' lang='grc' dir='ltr'>καὶ</span> <span class='ocrx_word' id='word_1_461' title='bbox 521 3197 660 3262; x_wconf 81' lang='grc' dir='ltr'>δνος,</span> <span class='ocrx_word' id='word_1_462' title='bbox 712 3196 866 3266; x_wconf 84' lang='grc' dir='ltr'>φησὶ,</span> <span class='ocrx_word' id='word_1_463' title='bbox 900 3195 1060 3248; x_wconf 85' lang='grc' dir='ltr'>τοῦτο</span> <span class='ocrx_word' id='word_1_464' title='bbox 1095 3195 1158 3246; x_wconf 86' lang='grc' dir='ltr'>τὺ</span> <span class='ocrx_word' id='word_1_465' title='bbox 1191 3193 1334 3267; x_wconf 73' lang='grc' dir='ltr'>ὕδωρ</span> <span class='ocrx_word' id='word_1_466' title='bbox 1361 3195 1494 3249; x_wconf 77' lang='grc' dir='ltr'>ὅπου</span> <span class='ocrx_word' id='word_1_467' title='bbox 1532 3195 1776 3267; x_wconf 60' lang='grc' dir='ltr'>σπεῖρειν</span> <span class='ocrx_word' id='word_1_468' title='bbox 1828 3198 1978 3254; x_wconf 82' lang='grc' dir='ltr'>θέλο-</span> 
     </span>
    </p>
   </div>
   <div class='ocr_carea' id='block_1_64' title="bbox 396 3304 518 3358">
    <p class='ocr_par' dir='ltr' id='par_1_64' title="bbox 396 3304 518 3358">
     <span class='ocr_line' id='line_1_64' title="bbox 396 3304 518 3358; baseline 0 -19"><span class='ocrx_word' id='word_1_469' title='bbox 396 3304 518 3358; x_wconf 87' lang='grc' dir='ltr'>μεν.</span> 
     </span>
    </p>
   </div>
   <div class='ocr_carea' id='block_1_65' title="bbox 471 3359 2022 3452">
    <p class='ocr_par' dir='ltr' id='par_1_65' title="bbox 471 3359 2022 3452">
     <span class='ocr_line' id='line_1_65' title="bbox 471 3359 2022 3452; baseline 0.005 -22"><span class='ocrx_word' id='word_1_470' title='bbox 471 3378 608 3430; x_wconf 77' lang='grc' dir='ltr'><strong>Ἐὰν</strong></span> <span class='ocrx_word' id='word_1_471' title='bbox 655 3375 723 3429; x_wconf 80' lang='grc' dir='ltr'>δὲ</span> <span class='ocrx_word' id='word_1_472' title='bbox 760 3379 1000 3446; x_wconf 69' lang='grc' dir='ltr'>γένηται</span> <span class='ocrx_word' id='word_1_473' title='bbox 1045 3375 1186 3442; x_wconf 82' lang='grc' dir='ltr'>παῖς</span> <span class='ocrx_word' id='word_1_474' title='bbox 1235 3359 1532 3446; x_wconf 76' lang='grc' dir='ltr'>παρθένος</span> <span class='ocrx_word' id='word_1_475' title='bbox 1588 3397 1976 3452; x_wconf 79' lang='grc' dir='ltr'>μεμν-ηστευ-</span> <span class='ocrx_word' id='word_1_476' title='bbox 2019 3379 2022 3382; x_wconf 68' lang='grc'><em>’</em></span> 
     </span>
    </p>
   </div>
   <div class='ocr_carea' id='block_1_66' title="bbox 393 3466 1979 3543">
    <p class='ocr_par' dir='ltr' id='par_1_66' title="bbox 393 3466 1979 3543">
     <span class='ocr_line' id='line_1_66' title="bbox 393 3466 1979 3543; baseline 0.009 -26"><span class='ocrx_word' id='word_1_477' title='bbox 393 3468 543 3537; x_wconf 67' lang='grc' dir='ltr'><strong>μένῃ</strong></span> <span class='ocrx_word' id='word_1_478' title='bbox 567 3467 761 3535; x_wconf 77' lang='grc' dir='ltr'>ἀνδρί.</span> <span class='ocrx_word' id='word_1_479' title='bbox 791 3466 904 3538; x_wconf 83' lang='grc' dir='ltr'>Τὴν</span> <span class='ocrx_word' id='word_1_480' title='bbox 936 3466 1035 3539; x_wconf 66' lang='grc' dir='ltr'>ἤδη</span> <span class='ocrx_word' id='word_1_481' title='bbox 1089 3473 1578 3543; x_wconf 84' lang='grc' dir='ltr'>μεμνηστευμένην</span> <span class='ocrx_word' id='word_1_482' title='bbox 1613 3479 1851 3542; x_wconf 79' lang='grc' dir='ltr'>γυναῖκα</span> <span class='ocrx_word' id='word_1_483' title='bbox 1881 3493 1979 3530; x_wconf 87' lang='grc' dir='ltr'>κα-</span> 
     </span>
    </p>
   </div>
   <div class='ocr_carea' id='block_1_67' title="bbox 393 3557 1976 3634">
    <p class='ocr_par' dir='ltr' id='par_1_67' title="bbox 393 3557 1976 3634">
     <span class='ocr_line' id='line_1_67' title="bbox 393 3557 1976 3634; baseline 0.006 -24"><span class='ocrx_word' id='word_1_484' title='bbox 393 3557 511 3611; x_wconf 73' lang='grc' dir='ltr'><strong>)εῐο</strong></span> <span class='ocrx_word' id='word_1_485' title='bbox 560 3557 704 3612; x_wconf 76' lang='grc' dir='ltr'>οὕτω</span> <span class='ocrx_word' id='word_1_486' title='bbox 747 3559 842 3611; x_wconf 77' lang='grc' dir='ltr'>καὶ</span> <span class='ocrx_word' id='word_1_487' title='bbox 889 3559 986 3611; x_wconf 67' lang='grc' dir='ltr'>ἐπὶ</span> <span class='ocrx_word' id='word_1_488' title='bbox 1031 3559 1122 3611; x_wconf 89' lang='grc' dir='ltr'><strong>τοῦ</strong></span> <span class='ocrx_word' id='word_1_489' title='bbox 1167 3560 1367 3631; x_wconf 75' lang='grc' dir='ltr'>Ἰωσὴφ</span> <span class='ocrx_word' id='word_1_490' title='bbox 1420 3563 1514 3616; x_wconf 72' lang='grc' dir='ltr'><strong>καὶ</strong></span> <span class='ocrx_word' id='word_1_491' title='bbox 1569 3565 1670 3634; x_wconf 78' lang='grc' dir='ltr'>τῆς</span> <span class='ocrx_word' id='word_1_492' title='bbox 1727 3565 1976 3620; x_wconf 82' lang='grc' dir='ltr'>θεοτόκου</span> 
     </span>
    </p>
   </div>
   <div class='ocr_carea' id='block_1_68' title="bbox 395 3649 614 3722">
    <p class='ocr_par' dir='ltr' id='par_1_68' title="bbox 395 3649 614 3722">
     <span class='ocr_line' id='line_1_68' title="bbox 395 3649 614 3722; baseline 0.005 -19"><span class='ocrx_word' id='word_1_493' title='bbox 395 3649 614 3722; x_wconf 79' lang='grc' dir='ltr'><strong>ἐλέχθη.</strong></span> 
     </span>
    </p>
   </div>
   <div class='ocr_carea' id='block_1_69' title="bbox 462 3741 1979 3822">
    <p class='ocr_par' dir='ltr' id='par_1_69' title="bbox 462 3741 1979 3822">
     <span class='ocr_line' id='line_1_69' title="bbox 462 3741 1979 3822; baseline 0.006 -26"><span class='ocrx_word' id='word_1_494' title='bbox 462 3743 571 3796; x_wconf 75' lang='grc' dir='ltr'><strong>Καὶ</strong></span> <span class='ocrx_word' id='word_1_495' title='bbox 596 3741 706 3808; x_wconf 78' lang='grc' dir='ltr'>ἕως</span> <span class='ocrx_word' id='word_1_496' title='bbox 729 3745 816 3809; x_wconf 85' lang='grc' dir='ltr'>εἰς</span> <span class='ocrx_word' id='word_1_497' title='bbox 839 3742 946 3796; x_wconf 75' lang='grc' dir='ltr'><strong>τὸν</strong></span> <span class='ocrx_word' id='word_1_498' title='bbox 969 3742 1174 3798; x_wconf 76' lang='grc' dir='ltr'><strong>αἰῶνα.</strong></span> <span class='ocrx_word' id='word_1_499' title='bbox 1212 3745 1431 3818; x_wconf 78' lang='grc' dir='ltr'>Ἐπειδὴ</span> <span class='ocrx_word' id='word_1_500' title='bbox 1467 3748 1560 3800; x_wconf 69' lang='grc' dir='ltr'><strong>καὶ</strong></span> <span class='ocrx_word' id='word_1_501' title='bbox 1586 3741 1731 3803; x_wconf 77' lang='grc' dir='ltr'>οῦτοι</span> <span class='ocrx_word' id='word_1_502' title='bbox 1756 3752 1821 3804; x_wconf 78' lang='grc' dir='ltr'><strong>ἐκ</strong></span> <span class='ocrx_word' id='word_1_503' title='bbox 1845 3766 1979 3822; x_wconf 85' lang='grc' dir='ltr'>πορ-</span> 
     </span>
    </p>
   </div>
   <div class='ocr_carea' id='block_1_70' title="bbox 391 3837 1977 3915">
    <p class='ocr_par' dir='ltr' id='par_1_70' title="bbox 391 3837 1977 3915">
     <span class='ocr_line' id='line_1_70' title="bbox 391 3837 1977 3915; baseline 0.004 -24"><span class='ocrx_word' id='word_1_504' title='bbox 391 3837 540 3901; x_wconf 88' lang='grc' dir='ltr'>νείας</span> <span class='ocrx_word' id='word_1_505' title='bbox 576 3840 716 3891; x_wconf 65' lang='grc' dir='ltr'>εἰσιν</span> <span class='ocrx_word' id='word_1_506' title='bbox 746 3838 854 3892; x_wconf 75' lang='grc' dir='ltr'><strong>ἀπὸ</strong></span> <span class='ocrx_word' id='word_1_507' title='bbox 888 3839 998 3891; x_wconf 83' lang='grc' dir='ltr'><strong>τῶν</strong></span> <span class='ocrx_word' id='word_1_508' title='bbox 1041 3838 1360 3912; x_wconf 82' lang='grc' dir='ltr'>θυγατέρων</span> <span class='ocrx_word' id='word_1_509' title='bbox 1389 3841 1485 3896; x_wconf 88' lang='grc' dir='ltr'><strong>τοῦ</strong></span> <span class='ocrx_word' id='word_1_510' title='bbox 1531 3842 1682 3895; x_wconf 83' lang='grc' dir='ltr'><strong>Λώτ·</strong></span> <span class='ocrx_word' id='word_1_511' title='bbox 1711 3845 1774 3897; x_wconf 82' lang='grc' dir='ltr'><strong>οὐ</strong></span> <span class='ocrx_word' id='word_1_512' title='bbox 1815 3845 1977 3915; x_wconf 90' lang='grc' dir='ltr'>μόνον</span> 
     </span>
    </p>
   </div>
   <div class='ocr_carea' id='block_1_71' title="bbox 390 3929 1976 4007">
    <p class='ocr_par' dir='ltr' id='par_1_71' title="bbox 390 3929 1976 4007">
     <span class='ocr_line' id='line_1_71' title="bbox 390 3929 1976 4007; baseline 0.003 -23"><span class='ocrx_word' id='word_1_513' title='bbox 390 3929 451 3984; x_wconf 78' lang='grc' dir='ltr'>δὲ</span> <span class='ocrx_word' id='word_1_514' title='bbox 492 3931 596 3993; x_wconf 77' lang='grc' dir='ltr'>ἕως</span> <span class='ocrx_word' id='word_1_515' title='bbox 633 3932 827 3998; x_wconf 79' lang='grc' dir='ltr'>γενεᾶς</span> <span class='ocrx_word' id='word_1_516' title='bbox 880 3930 1112 4000; x_wconf 80' lang='grc' dir='ltr'>δεκάτης</span> <span class='ocrx_word' id='word_1_517' title='bbox 1162 3931 1379 3986; x_wconf 82' lang='grc' dir='ltr'>ἄδεκτοι</span> <span class='ocrx_word' id='word_1_518' title='bbox 1423 3937 1490 4005; x_wconf 81' lang='grc' dir='ltr'>τῇ</span> <span class='ocrx_word' id='word_1_519' title='bbox 1540 3939 1828 4007; x_wconf 81' lang='grc' dir='ltr'>συναγωγῇ</span> <span class='ocrx_word' id='word_1_520' title='bbox 1881 3937 1976 3989; x_wconf 85' lang='grc' dir='ltr'><strong>τοῦ</strong></span> 
     </span>
    </p>
   </div>
   <div class='ocr_carea' id='block_1_72' title="bbox 403 4021 1976 4099">
    <p class='ocr_par' dir='ltr' id='par_1_72' title="bbox 403 4021 1976 4099">
     <span class='ocr_line' id='line_1_72' title="bbox 403 4021 1976 4099; baseline 0.003 -24"><span class='ocrx_word' id='word_1_521' title='bbox 403 4022 622 4093; x_wconf 81' lang='grc' dir='ltr'>Ἰσραήλ</span> <span class='ocrx_word' id='word_1_522' title='bbox 651 4023 812 4085; x_wconf 78' lang='grc' dir='ltr'>εἰσιν,</span> <span class='ocrx_word' id='word_1_523' title='bbox 831 4021 968 4075; x_wconf 76' lang='grc' dir='ltr'>ἀλλὰ</span> <span class='ocrx_word' id='word_1_524' title='bbox 995 4023 1088 4074; x_wconf 67' lang='grc' dir='ltr'><strong>καὶ</strong></span> <span class='ocrx_word' id='word_1_525' title='bbox 1113 4024 1192 4085; x_wconf 81' lang='grc' dir='ltr'><strong>είς</strong></span> <span class='ocrx_word' id='word_1_526' title='bbox 1217 4024 1309 4076; x_wconf 85' lang='grc' dir='ltr'><strong>τὸν</strong></span> <span class='ocrx_word' id='word_1_527' title='bbox 1331 4025 1522 4099; x_wconf 75' lang='grc' dir='ltr'>αἰῶνα.</span> <span class='ocrx_word' id='word_1_528' title='bbox 1547 4026 1704 4079; x_wconf 68' lang='grc' dir='ltr'>Οὕτω</span> <span class='ocrx_word' id='word_1_529' title='bbox 1729 4027 1976 4096; x_wconf 85' lang='grc' dir='ltr'>βούλεται</span> 
     </span>
    </p>
   </div>
   <div class='ocr_carea' id='block_1_73' title="bbox 388 4110 1976 4190">
    <p class='ocr_par' dir='ltr' id='par_1_73' title="bbox 388 4110 1976 4190">
     <span class='ocr_line' id='line_1_73' title="bbox 388 4110 1976 4190; baseline 0.004 -23"><span class='ocrx_word' id='word_1_530' title='bbox 388 4114 572 4176; x_wconf 79' lang='grc' dir='ltr'>αὐτοῖς</span> <span class='ocrx_word' id='word_1_531' title='bbox 596 4113 694 4184; x_wconf 78' lang='grc' dir='ltr'>τὴν</span> <span class='ocrx_word' id='word_1_532' title='bbox 733 4112 934 4184; x_wconf 80' lang='grc' dir='ltr'>ἔχθραν</span> <span class='ocrx_word' id='word_1_533' title='bbox 976 4113 1148 4168; x_wconf 78' lang='grc' dir='ltr'>ἀΐδιον</span> <span class='ocrx_word' id='word_1_534' title='bbox 1195 4110 1361 4167; x_wconf 82' lang='grc' dir='ltr'>εἶναι·</span> <span class='ocrx_word' id='word_1_535' title='bbox 1397 4117 1540 4170; x_wconf 78' lang='grc' dir='ltr'>κατὰ</span> <span class='ocrx_word' id='word_1_536' title='bbox 1573 4117 1674 4188; x_wconf 85' lang='grc' dir='ltr'>μὲν</span> <span class='ocrx_word' id='word_1_537' title='bbox 1712 4119 1772 4172; x_wconf 82' lang='grc' dir='ltr'><strong>τὸ</strong></span> <span class='ocrx_word' id='word_1_538' title='bbox 1801 4120 1976 4190; x_wconf 79' lang='grc' dir='ltr'>νόημα</span> 
     </span>
    </p>
   </div>
   <div class='ocr_carea' id='block_1_74' title="bbox 388 4206 1975 4282">
    <p class='ocr_par' dir='ltr' id='par_1_74' title="bbox 388 4206 1975 4282">
     <span class='ocr_line' id='line_1_74' title="bbox 388 4206 1975 4282; baseline 0.003 -22"><span class='ocrx_word' id='word_1_539' title='bbox 388 4207 484 4260; x_wconf 73' lang='grc' dir='ltr'>καὶ</span> <span class='ocrx_word' id='word_1_540' title='bbox 511 4206 610 4278; x_wconf 82' lang='grc' dir='ltr'>τὴν</span> <span class='ocrx_word' id='word_1_541' title='bbox 654 4206 827 4276; x_wconf 82' lang='grc' dir='ltr'>ἀληθῆ</span> <span class='ocrx_word' id='word_1_542' title='bbox 853 4206 1031 4260; x_wconf 82' lang='grc' dir='ltr'>αἰτίαν</span> <span class='ocrx_word' id='word_1_543' title='bbox 1064 4207 1163 4277; x_wconf 82' lang='grc' dir='ltr'>τῆς</span> <span class='ocrx_word' id='word_1_544' title='bbox 1187 4206 1338 4271; x_wconf 85' lang='grc' dir='ltr'>θείας</span> <span class='ocrx_word' id='word_1_545' title='bbox 1388 4210 1626 4281; x_wconf 81' lang='grc' dir='ltr'>Γραφῆς,</span> <span class='ocrx_word' id='word_1_546' title='bbox 1656 4211 1846 4282; x_wconf 73' lang='grc' dir='ltr'>ἐπειδὴ</span> <span class='ocrx_word' id='word_1_547' title='bbox 1885 4211 1975 4264; x_wconf 81' lang='grc' dir='ltr'><strong>τὸν</strong></span> 
     </span>
    </p>
   </div>
   <div class='ocr_carea' id='block_1_75' title="bbox 388 4284 1975 4374">
    <p class='ocr_par' dir='ltr' id='par_1_75' title="bbox 388 4284 1975 4374">
     <span class='ocr_line' id='line_1_75' title="bbox 388 4284 1975 4374; baseline 0.004 -24"><span class='ocrx_word' id='word_1_548' title='bbox 388 4296 622 4366; x_wconf 71' lang='grc' dir='ltr'>Βαλαὰμ</span> <span class='ocrx_word' id='word_1_549' title='bbox 671 4294 1065 4366; x_wconf 78' lang='grc' dir='ltr'>ἐμισθώσαντο,</span> <span class='ocrx_word' id='word_1_550' title='bbox 1113 4297 1200 4366; x_wconf 73' lang='grc' dir='ltr'><strong>ἐφ’</strong></span> <span class='ocrx_word' id='word_1_551' title='bbox 1241 4289 1346 4364; x_wconf 80' lang='grc' dir='ltr'><strong>ᾧτε</strong></span> <span class='ocrx_word' id='word_1_552' title='bbox 1406 4284 1817 4374; x_wconf 69' lang='grc' dir='ltr'>καταράσασθαι</span> <span class='ocrx_word' id='word_1_553' title='bbox 1862 4305 1975 4366; x_wconf 86' lang='grc' dir='ltr'>τοῖς</span> 
     </span>
    </p>
   </div>
   <div class='ocr_carea' id='block_1_76' title="bbox 402 4386 1976 4460">
    <p class='ocr_par' dir='ltr' id='par_1_76' title="bbox 402 4386 1976 4460">
     <span class='ocr_line' id='line_1_76' title="bbox 402 4386 1976 4460; baseline 0.007 -21"><span class='ocrx_word' id='word_1_554' title='bbox 402 4387 697 4459; x_wconf 77' lang='grc' dir='ltr'>Ἑϐραίοις,</span> <span class='ocrx_word' id='word_1_555' title='bbox 743 4386 878 4440; x_wconf 74' lang='grc' dir='ltr'>ἀλλὰ</span> <span class='ocrx_word' id='word_1_556' title='bbox 916 4389 1010 4441; x_wconf 74' lang='grc' dir='ltr'><strong>καὶ</strong></span> <span class='ocrx_word' id='word_1_557' title='bbox 1046 4389 1145 4452; x_wconf 78' lang='grc' dir='ltr'><strong>τὰς</strong></span> <span class='ocrx_word' id='word_1_558' title='bbox 1191 4389 1372 4444; x_wconf 83' lang='grc' dir='ltr'>αὐτῶν</span> <span class='ocrx_word' id='word_1_559' title='bbox 1427 4396 1694 4460; x_wconf 87' lang='grc' dir='ltr'>γυναῖκας</span> <span class='ocrx_word' id='word_1_560' title='bbox 1743 4397 1836 4449; x_wconf 77' lang='grc' dir='ltr'><strong>καὶ</strong></span> <span class='ocrx_word' id='word_1_561' title='bbox 1877 4396 1976 4459; x_wconf 78' lang='grc' dir='ltr'><strong>τὰς</strong></span> 
     </span>
    </p>
   </div>
   <div class='ocr_carea' id='block_1_77' title="bbox 2083 3185 3662 3263">
    <p class='ocr_par' dir='ltr' id='par_1_77' title="bbox 2083 3185 3662 3263">
     <span class='ocr_line' id='line_1_77' title="bbox 2083 3185 3662 3263; baseline 0.007 -21"><span class='ocrx_word' id='word_1_562' title='bbox 2083 3195 2138 3242; x_wconf 89' lang='lat' dir='ltr'><strong>et</strong></span> <span class='ocrx_word' id='word_1_563' title='bbox 2161 3185 2371 3250; x_wconf 82' lang='lat' dir='ltr'><strong>asinus,</strong></span> <span class='ocrx_word' id='word_1_564' title='bbox 2409 3186 2606 3256; x_wconf 86' lang='lat' dir='ltr'><strong>inquit,</strong></span> <span class='ocrx_word' id='word_1_565' title='bbox 2636 3202 2801 3256; x_wconf 88' lang='lat' dir='ltr'><strong>super</strong></span> <span class='ocrx_word' id='word_1_566' title='bbox 2850 3187 2998 3244; x_wconf 89' lang='lat' dir='ltr'><strong>illam</strong></span> <span class='ocrx_word' id='word_1_567' title='bbox 3029 3202 3228 3260; x_wconf 87' lang='lat' dir='ltr'><strong>aquam</strong></span> <span class='ocrx_word' id='word_1_568' title='bbox 3264 3191 3320 3246; x_wconf 92' lang='lat' dir='ltr'><strong>in</strong></span> <span class='ocrx_word' id='word_1_569' title='bbox 3365 3209 3472 3263; x_wconf 89' lang='lat' dir='ltr'><strong>qua</strong></span> <span class='ocrx_word' id='word_1_570' title='bbox 3502 3199 3662 3255; x_wconf 84' lang='lat' dir='ltr'><strong>semi-</strong></span> 
     </span>
    </p>
   </div>
   <div class='ocr_carea' id='block_1_78' title="bbox 2085 3281 2532 3335">
    <p class='ocr_par' dir='ltr' id='par_1_78' title="bbox 2085 3281 2532 3335">
     <span class='ocr_line' id='line_1_78' title="bbox 2085 3281 2532 3335; baseline 0.004 -2"><span class='ocrx_word' id='word_1_571' title='bbox 2085 3293 2220 3334; x_wconf 83' lang='lat' dir='ltr'><strong>nare</strong></span> <span class='ocrx_word' id='word_1_572' title='bbox 2259 3281 2532 3335; x_wconf 88' lang='lat' dir='ltr'><strong>volumus.</strong></span> 
     </span>
    </p>
   </div>
   <div class='ocr_carea' id='block_1_79' title="bbox 2158 3369 3658 3445">
    <p class='ocr_par' dir='ltr' id='par_1_79' title="bbox 2158 3369 3658 3445">
     <span class='ocr_line' id='line_1_79' title="bbox 2158 3369 3658 3445; baseline 0.005 -20"><span class='ocrx_word' id='word_1_573' title='bbox 2158 3369 2219 3425; x_wconf 85' lang='lat' dir='ltr'><strong>Si</strong></span> <span class='ocrx_word' id='word_1_574' title='bbox 2249 3384 2423 3425; x_wconf 80' lang='lat' dir='ltr'><strong>autent</strong></span> <span class='ocrx_word' id='word_1_575' title='bbox 2457 3372 2616 3440; x_wconf 77' lang='lat' dir='ltr'><strong>fuerit</strong></span> <span class='ocrx_word' id='word_1_576' title='bbox 2647 3372 2822 3441; x_wconf 84' lang='lat' dir='ltr'><strong>puella</strong></span> <span class='ocrx_word' id='word_1_577' title='bbox 2851 3375 2996 3445; x_wconf 84' lang='lat' dir='ltr'><strong>virgo</strong></span> <span class='ocrx_word' id='word_1_578' title='bbox 3027 3385 3274 3439; x_wconf 76' lang='lat' dir='ltr'><strong>sponsam</strong></span> <span class='ocrx_word' id='word_1_579' title='bbox 3309 3375 3419 3430; x_wconf 82' lang='lat' dir='ltr'><strong>viro</strong></span> <span class='ocrx_word' id='word_1_580' title='bbox 3435 3377 3502 3431; x_wconf 79' lang='grc'><strong>³⁷.</strong></span> <span class='ocrx_word' id='word_1_581' title='bbox 3536 3377 3658 3433; x_wconf 85' lang='lat' dir='ltr'><strong>Eam</strong></span> 
     </span>
    </p>
   </div>
   <div class='ocr_carea' id='block_1_80' title="bbox 2086 3467 3669 3532">
    <p class='ocr_par' dir='ltr' id='par_1_80' title="bbox 2086 3467 3669 3532">
     <span class='ocr_line' id='line_1_80' title="bbox 2086 3467 3669 3532; baseline 0.007 -16"><span class='ocrx_word' id='word_1_582' title='bbox 2086 3478 2209 3531; x_wconf 68' lang='lat' dir='ltr'><strong>quze</strong></span> <span class='ocrx_word' id='word_1_583' title='bbox 2255 3473 2460 3517; x_wconf 87' lang='lat' dir='ltr'><strong>tantum</strong></span> <span class='ocrx_word' id='word_1_584' title='bbox 2503 3473 2759 3531; x_wconf 85' lang='lat' dir='ltr'><strong>sponsata</strong></span> <span class='ocrx_word' id='word_1_585' title='bbox 2806 3474 2909 3532; x_wconf 87' lang='lat' dir='ltr'><strong>est,</strong></span> <span class='ocrx_word' id='word_1_586' title='bbox 2955 3481 3183 3522; x_wconf 78' lang='lat' dir='ltr'><strong>uxorem</strong></span> <span class='ocrx_word' id='word_1_587' title='bbox 3233 3478 3411 3523; x_wconf 88' lang='lat' dir='ltr'><strong>vocat.</strong></span> <span class='ocrx_word' id='word_1_588' title='bbox 3461 3467 3554 3525; x_wconf 88' lang='lat' dir='ltr'><strong>Sic</strong></span> <span class='ocrx_word' id='word_1_589' title='bbox 3599 3470 3669 3526; x_wconf 82' lang='lat' dir='ltr'><strong>de</strong></span> 
     </span>
    </p>
   </div>
   <div class='ocr_carea' id='block_1_81' title="bbox 2080 3553 3172 3626">
    <p class='ocr_par' dir='ltr' id='par_1_81' title="bbox 2080 3553 3172 3626">
     <span class='ocr_line' id='line_1_81' title="bbox 2080 3553 3172 3626; baseline 0.003 -17"><span class='ocrx_word' id='word_1_590' title='bbox 2080 3553 2282 3626; x_wconf 81' lang='lat' dir='ltr'><strong>Josepli</strong></span> <span class='ocrx_word' id='word_1_591' title='bbox 2309 3564 2366 3610; x_wconf 88' lang='lat' dir='ltr'><strong>et</strong></span> <span class='ocrx_word' id='word_1_592' title='bbox 2396 3555 2490 3609; x_wconf 87' lang='lat' dir='ltr'><strong>Dei</strong></span> <span class='ocrx_word' id='word_1_593' title='bbox 2525 3565 2706 3611; x_wconf 86' lang='lat' dir='ltr'><strong>matre</strong></span> <span class='ocrx_word' id='word_1_594' title='bbox 2738 3557 2937 3610; x_wconf 88' lang='lat' dir='ltr'><strong>dictum</strong></span> <span class='ocrx_word' id='word_1_595' title='bbox 2968 3569 3072 3612; x_wconf 81' lang='lat' dir='ltr'><strong>est.</strong></span> <span class='ocrx_word' id='word_1_596' title='bbox 3117 3600 3172 3624; x_wconf 42' lang='grc' dir='ltr'>,ς</span> 
     </span>
    </p>
   </div>
   <div class='ocr_carea' id='block_1_82' title="bbox 2154 3737 3664 3808">
    <p class='ocr_par' dir='ltr' id='par_1_82' title="bbox 2154 3737 3664 3808">
     <span class='ocr_line' id='line_1_82' title="bbox 2154 3737 3664 3808; baseline 0.01 -17"><span class='ocrx_word' id='word_1_597' title='bbox 2154 3737 2225 3791; x_wconf 81' lang='lat' dir='ltr'><strong>Et</strong></span> <span class='ocrx_word' id='word_1_598' title='bbox 2247 3754 2410 3807; x_wconf 80' lang='lat' dir='ltr'><strong>usque</strong></span> <span class='ocrx_word' id='word_1_599' title='bbox 2436 3739 2491 3792; x_wconf 81' lang='lat' dir='ltr'><strong>in</strong></span> <span class='ocrx_word' id='word_1_600' title='bbox 2516 3741 2849 3794; x_wconf 66' lang='lat' dir='ltr'><strong>internum“.</strong></span> <span class='ocrx_word' id='word_1_601' title='bbox 2877 3741 3142 3808; x_wconf 81' lang='lat' dir='ltr'><strong>Quoniam</strong></span> <span class='ocrx_word' id='word_1_602' title='bbox 3167 3753 3220 3798; x_wconf 88' lang='lat' dir='ltr'><strong>et</strong></span> <span class='ocrx_word' id='word_1_603' title='bbox 3245 3745 3300 3798; x_wconf 89' lang='lat' dir='ltr'><strong>hi</strong></span> <span class='ocrx_word' id='word_1_604' title='bbox 3329 3759 3396 3800; x_wconf 78' lang='lat' dir='ltr'><strong>ex</strong></span> <span class='ocrx_word' id='word_1_605' title='bbox 3421 3745 3664 3806; x_wconf 79' lang='lat' dir='ltr'><strong>fornica-</strong></span> 
     </span>
    </p>
   </div>
   <div class='ocr_carea' id='block_1_83' title="bbox 2086 3829 3661 3909">
    <p class='ocr_par' dir='ltr' id='par_1_83' title="bbox 2086 3829 3661 3909">
     <span class='ocr_line' id='line_1_83' title="bbox 2086 3829 3661 3909; baseline 0.01 -25"><span class='ocrx_word' id='word_1_606' title='bbox 2086 3829 2232 3884; x_wconf 86' lang='lat' dir='ltr'><strong>tione</strong></span> <span class='ocrx_word' id='word_1_607' title='bbox 2265 3841 2394 3886; x_wconf 85' lang='lat' dir='ltr'><strong>sunt</strong></span> <span class='ocrx_word' id='word_1_608' title='bbox 2417 3832 2521 3885; x_wconf 85' lang='lat' dir='ltr'><strong>orti</strong></span> <span class='ocrx_word' id='word_1_609' title='bbox 2567 3848 2596 3885; x_wconf 88' lang='lat' dir='ltr'><strong>a</strong></span> <span class='ocrx_word' id='word_1_610' title='bbox 2635 3833 2847 3889; x_wconf 88' lang='lat' dir='ltr'><strong>liliabus</strong></span> <span class='ocrx_word' id='word_1_611' title='bbox 2877 3833 3004 3899; x_wconf 85' lang='lat' dir='ltr'><strong>Lot,</strong></span> <span class='ocrx_word' id='word_1_612' title='bbox 3034 3851 3146 3891; x_wconf 88' lang='lat' dir='ltr'><strong>non</strong></span> <span class='ocrx_word' id='word_1_613' title='bbox 3191 3837 3366 3892; x_wconf 85' lang='lat' dir='ltr'><strong>solum</strong></span> <span class='ocrx_word' id='word_1_614' title='bbox 3397 3851 3524 3909; x_wconf 86' lang='lat' dir='ltr'><strong>post</strong></span> <span class='ocrx_word' id='word_1_615' title='bbox 3562 3846 3661 3899; x_wconf 84' lang='lat' dir='ltr'><strong>de-</strong></span> 
     </span>
    </p>
   </div>
   <div class='ocr_carea' id='block_1_84' title="bbox 2084 3923 3664 4005">
    <p class='ocr_par' dir='ltr' id='par_1_84' title="bbox 2084 3923 3664 4005">
     <span class='ocr_line' id='line_1_84' title="bbox 2084 3923 3664 4005; baseline 0.008 -27"><span class='ocrx_word' id='word_1_616' title='bbox 2084 3923 2282 3978; x_wconf 86' lang='lat' dir='ltr'><strong>cimam</strong></span> <span class='ocrx_word' id='word_1_617' title='bbox 2326 3926 2731 3994; x_wconf 78' lang='lat' dir='ltr'><strong>generationem</strong></span> <span class='ocrx_word' id='word_1_618' title='bbox 2781 3929 3076 3997; x_wconf 87' lang='lat' dir='ltr'><strong>recipiendi</strong></span> <span class='ocrx_word' id='word_1_619' title='bbox 3111 3945 3218 3985; x_wconf 88' lang='lat' dir='ltr'><strong>non</strong></span> <span class='ocrx_word' id='word_1_620' title='bbox 3257 3941 3382 3986; x_wconf 88' lang='lat' dir='ltr'><strong>sunt</strong></span> <span class='ocrx_word' id='word_1_621' title='bbox 3413 3936 3465 3987; x_wconf 92' lang='lat' dir='ltr'><strong>in</strong></span> <span class='ocrx_word' id='word_1_622' title='bbox 3499 3950 3664 4005; x_wconf 83' lang='lat' dir='ltr'><strong>syna-</strong></span> 
     </span>
    </p>
   </div>
   <div class='ocr_carea' id='block_1_85' title="bbox 2086 4016 3660 4087">
    <p class='ocr_par' dir='ltr' id='par_1_85' title="bbox 2086 4016 3660 4087">
     <span class='ocr_line' id='line_1_85' title="bbox 2086 4016 3660 4087; baseline 0.006 -17"><span class='ocrx_word' id='word_1_623' title='bbox 2086 4033 2276 4087; x_wconf 75' lang='lat' dir='ltr'><strong>gogam</strong></span> <span class='ocrx_word' id='word_1_624' title='bbox 2329 4016 2519 4080; x_wconf 81' lang='lat' dir='ltr'><strong>Israel,</strong></span> <span class='ocrx_word' id='word_1_625' title='bbox 2565 4017 2658 4073; x_wconf 88' lang='lat' dir='ltr'><strong>sed</strong></span> <span class='ocrx_word' id='word_1_626' title='bbox 2709 4035 2806 4074; x_wconf 87' lang='lat' dir='ltr'><strong>nec</strong></span> <span class='ocrx_word' id='word_1_627' title='bbox 2841 4021 2896 4074; x_wconf 87' lang='lat' dir='ltr'><strong>in</strong></span> <span class='ocrx_word' id='word_1_628' title='bbox 2946 4032 3233 4077; x_wconf 65' lang='lat' dir='ltr'><strong>internum.</strong></span> <span class='ocrx_word' id='word_1_629' title='bbox 3269 4021 3344 4078; x_wconf 87' lang='lat' dir='ltr'><strong>Ita</strong></span> <span class='ocrx_word' id='word_1_630' title='bbox 3380 4026 3494 4080; x_wconf 87' lang='lat' dir='ltr'><strong>vult</strong></span> <span class='ocrx_word' id='word_1_631' title='bbox 3535 4043 3660 4081; x_wconf 89' lang='lat' dir='ltr'><strong>cum</strong></span> 
     </span>
    </p>
   </div>
   <div class='ocr_carea' id='block_1_86' title="bbox 2081 4109 3661 4178">
    <p class='ocr_par' dir='ltr' id='par_1_86' title="bbox 2081 4109 3661 4178">
     <span class='ocr_line' id='line_1_86' title="bbox 2081 4109 3661 4178; baseline 0.008 -17"><span class='ocrx_word' id='word_1_632' title='bbox 2081 4109 2219 4178; x_wconf 80' lang='lat' dir='ltr'><strong>ipsis</strong></span> <span class='ocrx_word' id='word_1_633' title='bbox 2261 4119 2522 4164; x_wconf 64' lang='lat' dir='ltr'><strong>aeternam</strong></span> <span class='ocrx_word' id='word_1_634' title='bbox 2555 4125 2674 4163; x_wconf 71' lang='lat' dir='ltr'><strong>esse</strong></span> <span class='ocrx_word' id='word_1_635' title='bbox 2708 4111 3094 4168; x_wconf 81' lang='lat' dir='ltr'><strong>inimicitiam:</strong></span> <span class='ocrx_word' id='word_1_636' title='bbox 3129 4131 3234 4170; x_wconf 89' lang='lat' dir='ltr'><strong>non</strong></span> <span class='ocrx_word' id='word_1_637' title='bbox 3267 4115 3426 4169; x_wconf 89' lang='lat' dir='ltr'><strong>aliam</strong></span> <span class='ocrx_word' id='word_1_638' title='bbox 3475 4132 3661 4174; x_wconf 81' lang='lat' dir='ltr'><strong>veram</strong></span> 
     </span>
    </p>
   </div>
   <div class='ocr_carea' id='block_1_87' title="bbox 2078 4203 3656 4277">
    <p class='ocr_par' dir='ltr' id='par_1_87' title="bbox 2078 4203 3656 4277">
     <span class='ocr_line' id='line_1_87' title="bbox 2078 4203 3656 4277; baseline 0.006 -24"><span class='ocrx_word' id='word_1_639' title='bbox 2078 4204 2146 4255; x_wconf 88' lang='lat' dir='ltr'><strong>ob</strong></span> <span class='ocrx_word' id='word_1_640' title='bbox 2181 4214 2422 4266; x_wconf 82' lang='lat' dir='ltr'><strong>causam,</strong></span> <span class='ocrx_word' id='word_1_641' title='bbox 2458 4213 2515 4255; x_wconf 92' lang='lat' dir='ltr'><strong>ut</strong></span> <span class='ocrx_word' id='word_1_642' title='bbox 2546 4203 2862 4273; x_wconf 77' lang='lat' dir='ltr'><strong>intelligitur</strong></span> <span class='ocrx_word' id='word_1_643' title='bbox 2895 4221 2960 4259; x_wconf 80' lang='lat' dir='ltr'><strong>ex</strong></span> <span class='ocrx_word' id='word_1_644' title='bbox 2983 4205 3286 4275; x_wconf 89' lang='lat' dir='ltr'><strong>Scriptura,</strong></span> <span class='ocrx_word' id='word_1_645' title='bbox 3313 4221 3476 4276; x_wconf 87' lang='lat' dir='ltr'><strong>quam</strong></span> <span class='ocrx_word' id='word_1_646' title='bbox 3510 4213 3656 4277; x_wconf 88' lang='lat' dir='ltr'><strong>quod</strong></span> 
     </span>
    </p>
   </div>
   <div class='ocr_carea' id='block_1_88' title="bbox 2078 4292 3654 4370">
    <p class='ocr_par' dir='ltr' id='par_1_88' title="bbox 2078 4292 3654 4370">
     <span class='ocr_line' id='line_1_88' title="bbox 2078 4292 3654 4370; baseline 0.007 -25"><span class='ocrx_word' id='word_1_647' title='bbox 2078 4292 2393 4347; x_wconf 85' lang='lat' dir='ltr'><strong>Balaamum</strong></span> <span class='ocrx_word' id='word_1_648' title='bbox 2422 4295 2796 4350; x_wconf 72' lang='lat' dir='ltr'><strong>conduxerunt</strong></span> <span class='ocrx_word' id='word_1_649' title='bbox 2833 4307 2888 4351; x_wconf 90' lang='lat' dir='ltr'><strong>ut</strong></span> <span class='ocrx_word' id='word_1_650' title='bbox 2921 4294 3159 4354; x_wconf 67' lang='lat' dir='ltr'><strong>llebraris</strong></span> <span class='ocrx_word' id='word_1_651' title='bbox 3191 4300 3332 4354; x_wconf 84' lang='lat' dir='ltr'><strong>mala</strong></span> <span class='ocrx_word' id='word_1_652' title='bbox 3383 4301 3654 4370; x_wconf 82' lang='lat' dir='ltr'><strong>impreca-</strong></span> 
     </span>
    </p>
   </div>
   <div class='ocr_carea' id='block_1_89' title="bbox 2082 4387 3660 4464">
    <p class='ocr_par' dir='ltr' id='par_1_89' title="bbox 2082 4387 3660 4464">
     <span class='ocr_line' id='line_1_89' title="bbox 2082 4387 3660 4464; baseline 0.006 -26"><span class='ocrx_word' id='word_1_653' title='bbox 2082 4397 2250 4451; x_wconf 88' lang='lat' dir='ltr'><strong>retur,</strong></span> <span class='ocrx_word' id='word_1_654' title='bbox 2280 4397 2335 4442; x_wconf 89' lang='lat' dir='ltr'><strong>et</strong></span> <span class='ocrx_word' id='word_1_655' title='bbox 2369 4405 2568 4443; x_wconf 77' lang='lat' dir='ltr'><strong>uxores</strong></span> <span class='ocrx_word' id='word_1_656' title='bbox 2602 4387 2846 4458; x_wconf 81' lang='lat' dir='ltr'><strong>ﬁliasque</strong></span> <span class='ocrx_word' id='word_1_657' title='bbox 2883 4405 3010 4444; x_wconf 88' lang='lat' dir='ltr'><strong>suas</strong></span> <span class='ocrx_word' id='word_1_658' title='bbox 3053 4403 3320 4462; x_wconf 85' lang='lat' dir='ltr'><strong>quotquot</strong></span> <span class='ocrx_word' id='word_1_659' title='bbox 3351 4404 3509 4448; x_wconf 88' lang='lat' dir='ltr'><strong>erant</strong></span> <span class='ocrx_word' id='word_1_660' title='bbox 3542 4394 3660 4464; x_wconf 84' lang='lat' dir='ltr'><strong>pul-</strong></span> 
     </span>
    </p>
   </div>
   <div class='ocr_carea' id='block_1_90' title="bbox 389 4474 1978 4558">
    <p class='ocr_par' dir='ltr' id='par_1_90' title="bbox 389 4474 1975 4558">
     <span class='ocr_line' id='line_1_90' title="bbox 389 4474 1975 4558; baseline 0.005 -27"><span class='ocrx_word' id='word_1_661' title='bbox 389 4476 720 4548; x_wconf 81' lang='grc' dir='ltr'>θυγατέρας,</span> <span class='ocrx_word' id='word_1_662' title='bbox 767 4479 885 4530; x_wconf 70' lang='grc' dir='ltr'>ὅσαι</span> <span class='ocrx_word' id='word_1_663' title='bbox 918 4474 1057 4549; x_wconf 81' lang='grc' dir='ltr'>ἦσαν</span> <span class='ocrx_word' id='word_1_664' title='bbox 1086 4479 1280 4551; x_wconf 80' lang='grc' dir='ltr'>ὡραῖαι</span> <span class='ocrx_word' id='word_1_665' title='bbox 1310 4483 1376 4551; x_wconf 82' lang='grc' dir='ltr'>τῇ</span> <span class='ocrx_word' id='word_1_666' title='bbox 1405 4482 1524 4552; x_wconf 75' lang='grc' dir='ltr'>ὄψει</span> <span class='ocrx_word' id='word_1_667' title='bbox 1563 4485 1656 4538; x_wconf 84' lang='grc' dir='ltr'>καὶ</span> <span class='ocrx_word' id='word_1_668' title='bbox 1698 4485 1861 4538; x_wconf 79' lang='grc' dir='ltr'>καλαὶ</span> <span class='ocrx_word' id='word_1_669' title='bbox 1898 4487 1975 4558; x_wconf 82' lang='grc' dir='ltr'>τῷ</span> 
     </span>
    </p>
   </div>
   <div class='ocr_carea' id='block_1_91' title="bbox 2084 4474 3660 4558">
    <p class='ocr_par' dir='ltr' id='par_1_91' title="bbox 2086 4477 3660 4550">
     <span class='ocr_line' id='line_1_91' title="bbox 2086 4477 3660 4550; baseline 0.006 -20"><span class='ocrx_word' id='word_1_670' title='bbox 2086 4477 2231 4532; x_wconf 73' lang='lat' dir='ltr'><strong>cln&#39;a:</strong></span> <span class='ocrx_word' id='word_1_671' title='bbox 2279 4490 2538 4548; x_wconf 87' lang='lat' dir='ltr'><strong>aspectu,</strong></span> <span class='ocrx_word' id='word_1_672' title='bbox 2589 4481 2973 4550; x_wconf 74' lang='lat' dir='ltr'><strong>prwmiserunt</strong></span> <span class='ocrx_word' id='word_1_673' title='bbox 3023 4493 3080 4536; x_wconf 89' lang='lat' dir='ltr'><strong>ut</strong></span> <span class='ocrx_word' id='word_1_674' title='bbox 3129 4484 3194 4539; x_wconf 90' lang='lat' dir='ltr'><strong>ad</strong></span> <span class='ocrx_word' id='word_1_675' title='bbox 3245 4484 3660 4542; x_wconf 82' lang='lat' dir='ltr'><strong>fornicationem</strong></span> 
     </span>
    </p>
   </div>
   <div class='ocr_carea' id='block_1_92' title="bbox 390 4567 1970 4641">
    <p class='ocr_par' dir='ltr' id='par_1_92' title="bbox 390 4567 1970 4641">
     <span class='ocr_line' id='line_1_92' title="bbox 390 4567 1970 4641; baseline 0.008 -22"><span class='ocrx_word' id='word_1_676' title='bbox 390 4569 541 4629; x_wconf 82' lang='grc' dir='ltr'>εῖδει,</span> <span class='ocrx_word' id='word_1_677' title='bbox 575 4568 916 4638; x_wconf 70' lang='grc' dir='ltr'>προέστησαν</span> <span class='ocrx_word' id='word_1_678' title='bbox 957 4570 1051 4622; x_wconf 87' lang='grc' dir='ltr'><strong>τοῦ</strong></span> <span class='ocrx_word' id='word_1_679' title='bbox 1098 4572 1316 4641; x_wconf 75' lang='grc' dir='ltr'>γένους,</span> <span class='ocrx_word' id='word_1_680' title='bbox 1371 4573 1514 4627; x_wconf 83' lang='grc' dir='ltr'>ὥστε</span> <span class='ocrx_word' id='word_1_681' title='bbox 1571 4567 1741 4640; x_wconf 52' lang='lat' dir='ltr'><strong>aut};</strong></span> <span class='ocrx_word' id='word_1_682' title='bbox 1787 4577 1970 4631; x_wconf 87' lang='grc' dir='ltr'>δοῦναι</span> 
     </span>
    </p>
   </div>
   <div class='ocr_carea' id='block_1_93' title="bbox 387 4658 1970 4740">
    <p class='ocr_par' dir='ltr' id='par_1_93' title="bbox 387 4658 1970 4740">
     <span class='ocr_line' id='line_1_93' title="bbox 387 4658 1970 4740; baseline 0.009 -31"><span class='ocrx_word' id='word_1_683' title='bbox 387 4658 528 4728; x_wconf 78' lang='grc' dir='ltr'>πρὸς</span> <span class='ocrx_word' id='word_1_684' title='bbox 577 4659 832 4728; x_wconf 86' lang='grc' dir='ltr'>πορνείαν</span> <span class='ocrx_word' id='word_1_685' title='bbox 871 4662 983 4723; x_wconf 85' lang='grc' dir='ltr'>τοῖς</span> <span class='ocrx_word' id='word_1_686' title='bbox 1024 4662 1409 4733; x_wconf 82' lang='grc' dir='ltr'>Ἰσραηλίταις,</span> <span class='ocrx_word' id='word_1_687' title='bbox 1443 4667 1540 4719; x_wconf 78' lang='grc' dir='ltr'><strong>καὶ</strong></span> <span class='ocrx_word' id='word_1_688' title='bbox 1592 4670 1855 4740; x_wconf 87' lang='grc' dir='ltr'>πορνείαν</span> <span class='ocrx_word' id='word_1_689' title='bbox 1883 4670 1970 4724; x_wconf 73' lang='grc' dir='ltr'><strong>διὰ</strong></span> 
     </span>
    </p>
   </div>
   <div class='ocr_carea' id='block_1_94' title="bbox 389 4746 1968 4830">
    <p class='ocr_par' dir='ltr' id='par_1_94' title="bbox 389 4746 1968 4830">
     <span class='ocr_line' id='line_1_94' title="bbox 389 4746 1968 4830; baseline 0.009 -32"><span class='ocrx_word' id='word_1_690' title='bbox 389 4746 548 4800; x_wconf 81' lang='grc' dir='ltr'>τοῦτο</span> <span class='ocrx_word' id='word_1_691' title='bbox 584 4746 972 4820; x_wconf 80' lang='grc' dir='ltr'>χαλεπωτάτην</span> <span class='ocrx_word' id='word_1_692' title='bbox 997 4753 1324 4824; x_wconf 80' lang='grc' dir='ltr'>προξενῆσαι</span> <span class='ocrx_word' id='word_1_693' title='bbox 1367 4759 1478 4819; x_wconf 85' lang='grc' dir='ltr'>τοῖς</span> <span class='ocrx_word' id='word_1_694' title='bbox 1505 4756 1803 4828; x_wconf 77' lang='grc' dir='ltr'>Ἑϐραίοις”</span> <span class='ocrx_word' id='word_1_695' title='bbox 1831 4759 1968 4830; x_wconf 78' lang='grc' dir='ltr'>αὕτη</span> 
     </span>
    </p>
   </div>
   <div class='ocr_carea' id='block_1_95' title="bbox 383 4834 1969 4920">
    <p class='ocr_par' dir='ltr' id='par_1_95' title="bbox 383 4834 1969 4920">
     <span class='ocr_line' id='line_1_95' title="bbox 383 4834 1969 4920; baseline 0.007 -30"><span class='ocrx_word' id='word_1_696' title='bbox 383 4838 445 4890; x_wconf 85' lang='grc' dir='ltr'><strong>δὲ</strong></span> <span class='ocrx_word' id='word_1_697' title='bbox 471 4834 537 4909; x_wconf 78' lang='grc' dir='ltr'>ἦν</span> <span class='ocrx_word' id='word_1_698' title='bbox 571 4840 630 4891; x_wconf 83' lang='grc' dir='ltr'><strong>τὸ</strong></span> <span class='ocrx_word' id='word_1_699' title='bbox 662 4840 965 4911; x_wconf 81' lang='grc' dir='ltr'>ἀποστῆναι</span> <span class='ocrx_word' id='word_1_700' title='bbox 1009 4844 1106 4911; x_wconf 74' lang='grc' dir='ltr'><strong>μὲν</strong></span> <span class='ocrx_word' id='word_1_701' title='bbox 1134 4843 1228 4896; x_wconf 89' lang='grc' dir='ltr'><strong>τοῦ</strong></span> <span class='ocrx_word' id='word_1_702' title='bbox 1261 4845 1418 4909; x_wconf 79' lang='grc' dir='ltr'>Θεοῦ,</span> <span class='ocrx_word' id='word_1_703' title='bbox 1456 4846 1773 4920; x_wconf 77' lang='grc' dir='ltr'>τελεσθῆναι</span> <span class='ocrx_word' id='word_1_704' title='bbox 1811 4848 1864 4901; x_wconf 83' lang='grc' dir='ltr'>δὲ</span> <span class='ocrx_word' id='word_1_705' title='bbox 1891 4849 1969 4919; x_wconf 83' lang='grc' dir='ltr'>τῷ</span> 
     </span>
    </p>
   </div>
   <div class='ocr_carea' id='block_1_96' title="bbox 387 4930 1929 5005">
    <p class='ocr_par' dir='ltr' id='par_1_96' title="bbox 387 4930 1929 5005">
     <span class='ocr_line' id='line_1_96' title="bbox 387 4930 1929 5005; baseline 0.011 -24"><span class='ocrx_word' id='word_1_706' title='bbox 387 4930 742 5002; x_wconf 71' lang='grc' dir='ltr'>Βεελφεγὼρ·</span> <span class='ocrx_word' id='word_1_707' title='bbox 775 4934 909 5004; x_wconf 78' lang='grc' dir='ltr'>ὅπερ</span> <span class='ocrx_word' id='word_1_708' title='bbox 935 4936 1028 4988; x_wconf 74' lang='grc' dir='ltr'><strong>καὶ</strong></span> <span class='ocrx_word' id='word_1_709' title='bbox 1063 4937 1308 5005; x_wconf 76' lang='grc' dir='ltr'>γέγονεν.</span> <span class='ocrx_word' id='word_1_710' title='bbox 1927 4996 1929 4998; x_wconf 78' lang='lat'>.</span> 
     </span>
    </p>
   </div>
   <div class='ocr_carea' id='block_1_97' title="bbox 460 5024 1972 5100">
    <p class='ocr_par' dir='ltr' id='par_1_97' title="bbox 460 5024 1972 5100">
     <span class='ocr_line' id='line_1_97' title="bbox 460 5024 1972 5100; baseline 0.009 -26"><span class='ocrx_word' id='word_1_711' title='bbox 460 5026 583 5076; x_wconf 74' lang='grc' dir='ltr'><strong>Οὐκ</strong></span> <span class='ocrx_word' id='word_1_712' title='bbox 616 5024 1003 5093; x_wconf 64' lang='grc' dir='ltr'>ἐνεχιιοάσεις</span> <span class='ocrx_word' id='word_1_713' title='bbox 1040 5029 1244 5096; x_wconf 74' lang='grc' dir='ltr'>μύλων</span> <span class='ocrx_word' id='word_1_714' title='bbox 1287 5029 1431 5083; x_wconf 78' lang='grc' dir='ltr'>οὐδὲ</span> <span class='ocrx_word' id='word_1_715' title='bbox 1478 5031 1817 5100; x_wconf 49' lang='lat' dir='ltr'><strong>cantuum».</strong></span> <span class='ocrx_word' id='word_1_716' title='bbox 1851 5037 1972 5088; x_wconf 87' lang='grc' dir='ltr'>Ὅτι</span> 
     </span>
    </p>
   </div>
   <div class='ocr_carea' id='block_1_98' title="bbox 389 5114 1969 5196">
    <p class='ocr_par' dir='ltr' id='par_1_98' title="bbox 389 5114 1969 5196">
     <span class='ocr_line' id='line_1_98' title="bbox 389 5114 1969 5196; baseline 0.01 -31"><span class='ocrx_word' id='word_1_717' title='bbox 389 5114 685 5184; x_wconf 88' lang='grc' dir='ltr'>μονόλιθον,</span> <span class='ocrx_word' id='word_1_718' title='bbox 740 5117 926 5187; x_wconf 64' lang='grc' dir='ltr'>φησιν,</span> <span class='ocrx_word' id='word_1_719' title='bbox 978 5119 1242 5174; x_wconf 83' lang='grc' dir='ltr'>ἀδύνατον</span> <span class='ocrx_word' id='word_1_720' title='bbox 1301 5124 1588 5196; x_wconf 70' lang='grc' dir='ltr'>συντρίψαι</span> <span class='ocrx_word' id='word_1_721' title='bbox 1633 5127 1724 5179; x_wconf 84' lang='grc' dir='ltr'><strong>τὸν</strong></span> <span class='ocrx_word' id='word_1_722' title='bbox 1789 5131 1969 5180; x_wconf 82' lang='grc' dir='ltr'>σῖτον·</span> 
     </span>
    </p>
   </div>
   <div class='ocr_carea' id='block_1_99' title="bbox 384 5203 1971 5287">
    <p class='ocr_par' dir='ltr' id='par_1_99' title="bbox 384 5203 1971 5287">
     <span class='ocr_line' id='line_1_99' title="bbox 384 5203 1971 5287; baseline 0.008 -29"><span class='ocrx_word' id='word_1_723' title='bbox 384 5203 604 5274; x_wconf 78' lang='grc' dir='ltr'>δίδυμον</span> <span class='ocrx_word' id='word_1_724' title='bbox 677 5206 786 5278; x_wconf 76' lang='grc' dir='ltr'><strong>γὰρ</strong></span> <span class='ocrx_word' id='word_1_725' title='bbox 850 5211 1189 5280; x_wconf 72' lang='grc' dir='ltr'>ἀρῤενόοηλυ</span> <span class='ocrx_word' id='word_1_726' title='bbox 1256 5216 1723 5280; x_wconf 74' lang='grc' dir='ltr'>κατασκευάζεται</span> <span class='ocrx_word' id='word_1_727' title='bbox 1787 5217 1971 5287; x_wconf 83' lang='grc' dir='ltr'>μύλος.</span> 
     </span>
    </p>
   </div>
   <div class='ocr_carea' id='block_1_100' title="bbox 313 5295 1968 5377">
    <p class='ocr_par' dir='ltr' id='par_1_100' title="bbox 313 5295 1968 5377">
     <span class='ocr_line' id='line_1_100' title="bbox 313 5295 1968 5377; baseline 0.007 -28"><span class='ocrx_word' id='word_1_728' title='bbox 313 5313 317 5316; x_wconf 88' lang='grc'><strong>·</strong></span> <span class='ocrx_word' id='word_1_729' title='bbox 398 5298 549 5350; x_wconf 83' lang='grc' dir='ltr'>Ἐπεὶ</span> <span class='ocrx_word' id='word_1_730' title='bbox 596 5295 688 5351; x_wconf 78' lang='grc' dir='ltr'>οὖν</span> <span class='ocrx_word' id='word_1_731' title='bbox 741 5302 832 5352; x_wconf 76' lang='grc' dir='ltr'>καὶ</span> <span class='ocrx_word' id='word_1_732' title='bbox 890 5301 1157 5354; x_wconf 80' lang='grc' dir='ltr'>Ἰουδαῖοι·</span> <span class='ocrx_word' id='word_1_733' title='bbox 1197 5304 1326 5372; x_wconf 87' lang='grc' dir='ltr'>μίαν</span> <span class='ocrx_word' id='word_1_734' title='bbox 1388 5305 1652 5377; x_wconf 70' lang='grc' dir='ltr'>διαθήκην</span> <span class='ocrx_word' id='word_1_735' title='bbox 1723 5307 1968 5377; x_wconf 80' lang='grc' dir='ltr'>ἔχουσιν·</span> 
     </span>
    </p>
   </div>
   <div class='ocr_carea' id='block_1_101' title="bbox 383 5387 1971 5470">
    <p class='ocr_par' dir='ltr' id='par_1_101' title="bbox 383 5387 1971 5470">
     <span class='ocr_line' id='line_1_101' title="bbox 383 5387 1971 5470; baseline 0.007 -29"><span class='ocrx_word' id='word_1_736' title='bbox 383 5387 586 5457; x_wconf 83' lang='grc' dir='ltr'>ὁμοίως</span> <span class='ocrx_word' id='word_1_737' title='bbox 630 5390 687 5442; x_wconf 82' lang='grc' dir='ltr'>δὲ</span> <span class='ocrx_word' id='word_1_738' title='bbox 742 5393 834 5443; x_wconf 72' lang='grc' dir='ltr'><strong>καὶ</strong></span> <span class='ocrx_word' id='word_1_739' title='bbox 877 5395 1026 5465; x_wconf 65' lang='grc' dir='ltr'>πᾶξσα</span> <span class='ocrx_word' id='word_1_740' title='bbox 1081 5394 1292 5464; x_wconf 84' lang='grc' dir='ltr'>αἵρεσις</span> <span class='ocrx_word' id='word_1_741' title='bbox 1339 5396 1572 5461; x_wconf 78' lang='grc' dir='ltr'>δοκοῦσα</span> <span class='ocrx_word' id='word_1_742' title='bbox 1619 5398 1823 5469; x_wconf 75' lang='grc' dir='ltr'>ταύτην</span> <span class='ocrx_word' id='word_1_743' title='bbox 1873 5402 1971 5470; x_wconf 72' lang='grc' dir='ltr'>τὴν</span> 
     </span>
    </p>
   </div>
   <div class='ocr_carea' id='block_1_102' title="bbox 383 5479 1965 5561">
    <p class='ocr_par' dir='ltr' id='par_1_102' title="bbox 383 5479 1965 5561">
     <span class='ocr_line' id='line_1_102' title="bbox 383 5479 1965 5561; baseline 0.008 -29"><span class='ocrx_word' id='word_1_744' title='bbox 383 5479 574 5550; x_wconf 75' lang='grc' dir='ltr'>καινὴν</span> <span class='ocrx_word' id='word_1_745' title='bbox 627 5481 796 5552; x_wconf 78' lang='grc' dir='ltr'>μόνην</span> <span class='ocrx_word' id='word_1_746' title='bbox 851 5482 1030 5552; x_wconf 82' lang='grc' dir='ltr'>ἔχειν,</span> <span class='ocrx_word' id='word_1_747' title='bbox 1083 5486 1183 5537; x_wconf 75' lang='grc' dir='ltr'><strong>οὐκ</strong></span> <span class='ocrx_word' id='word_1_748' title='bbox 1231 5486 1490 5557; x_wconf 77' lang='grc' dir='ltr'>ἀλήθουσι</span> <span class='ocrx_word' id='word_1_749' title='bbox 1543 5491 1600 5542; x_wconf 81' lang='grc' dir='ltr'><strong>ἐν</strong></span> <span class='ocrx_word' id='word_1_750' title='bbox 1656 5491 1732 5561; x_wconf 78' lang='grc' dir='ltr'>τῷ</span> <span class='ocrx_word' id='word_1_751' title='bbox 1763 5492 1965 5561; x_wconf 77' lang='grc' dir='ltr'>μυλῶνι</span> 
     </span>
    </p>
   </div>
   <div class='ocr_carea' id='block_1_103' title="bbox 385 5569 1963 5652">
    <p class='ocr_par' dir='ltr' id='par_1_103' title="bbox 385 5569 1963 5652">
     <span class='ocr_line' id='line_1_103' title="bbox 385 5569 1963 5652; baseline 0.008 -28"><span class='ocrx_word' id='word_1_752' title='bbox 385 5569 579 5641; x_wconf 79' lang='grc' dir='ltr'>τούτῳ,</span> <span class='ocrx_word' id='word_1_753' title='bbox 621 5575 708 5626; x_wconf 86' lang='grc' dir='ltr'><strong>ἵνα</strong></span> <span class='ocrx_word' id='word_1_754' title='bbox 757 5574 1063 5643; x_wconf 79' lang='grc' dir='ltr'>γεύσωνται</span> <span class='ocrx_word' id='word_1_755' title='bbox 1116 5576 1210 5629; x_wconf 80' lang='grc' dir='ltr'><strong>τοῦ</strong></span> <span class='ocrx_word' id='word_1_756' title='bbox 1266 5581 1592 5650; x_wconf 78' lang='grc' dir='ltr'>ἐπουρανίου</span> <span class='ocrx_word' id='word_1_757' title='bbox 1640 5584 1832 5652; x_wconf 70' lang='grc' dir='ltr'>ἄρτου·</span> <span class='ocrx_word' id='word_1_758' title='bbox 1869 5583 1963 5637; x_wconf 73' lang='grc' dir='ltr'>ἐὰν</span> 
     </span>
    </p>
   </div>
   <div class='ocr_carea' id='block_1_104' title="bbox 456 5687 1475 5754">
    <p class='ocr_par' dir='ltr' id='par_1_104' title="bbox 456 5687 1475 5754">
     <span class='ocr_line' id='line_1_104' title="bbox 456 5687 1475 5754; baseline 0.009 -17"><span class='ocrx_word' id='word_1_759' title='bbox 456 5687 500 5716; x_wconf 76' lang='grc'><strong>⁸³</strong></span> <span class='ocrx_word' id='word_1_760' title='bbox 531 5687 684 5740; x_wconf 89' lang='lat' dir='ltr'><strong>Deut.</strong></span> <span class='ocrx_word' id='word_1_761' title='bbox 719 5704 810 5751; x_wconf 77' lang='lat' dir='ltr'><strong>xx,</strong></span> <span class='ocrx_word' id='word_1_762' title='bbox 847 5689 902 5741; x_wconf 87' lang='lat'><strong>8.</strong></span> <span class='ocrx_word' id='word_1_763' title='bbox 981 5688 1028 5722; x_wconf 84' lang='grc'><strong>⁸³</strong></span> <span class='ocrx_word' id='word_1_764' title='bbox 1062 5690 1216 5743; x_wconf 84' lang='lat' dir='ltr'><strong>Deut.</strong></span> <span class='ocrx_word' id='word_1_765' title='bbox 1249 5709 1358 5754; x_wconf 75' lang='lat' dir='ltr'><strong>xu,</strong></span> <span class='ocrx_word' id='word_1_766' title='bbox 1391 5693 1475 5746; x_wconf 89' lang='lat' dir='ltr'><strong>l8.</strong></span> 
     </span>
    </p>
   </div>
   <div class='ocr_carea' id='block_1_105' title="bbox 369 5755 1487 5832">
    <p class='ocr_par' dir='ltr' id='par_1_105' title="bbox 369 5755 1487 5832">
     <span class='ocr_line' id='line_1_105' title="bbox 369 5755 1487 5832; baseline 0.011 -25"><span class='ocrx_word' id='word_1_767' title='bbox 369 5820 378 5830; x_wconf 24' lang='lat'><strong><em>§</em></strong></span> <span class='ocrx_word' id='word_1_768' title='bbox 409 5757 432 5787; x_wconf 79' lang='grc'><strong><em>⁸</em></strong></span> <span class='ocrx_word' id='word_1_769' title='bbox 467 5755 623 5814; x_wconf 86' lang='lat' dir='ltr'><strong>Deut.</strong></span> <span class='ocrx_word' id='word_1_770' title='bbox 669 5773 798 5813; x_wconf 60' lang='grc' dir='ltr'>χχιιι</span> <span class='ocrx_word' id='word_1_771' title='bbox 823 5797 836 5824; x_wconf 95' lang='grc'><strong>,</strong></span> <span class='ocrx_word' id='word_1_772' title='bbox 868 5760 922 5819; x_wconf 81' lang='grc'><strong>5.</strong></span> <span class='ocrx_word' id='word_1_773' title='bbox 1000 5759 1045 5792; x_wconf 73' lang='grc'><strong>⁸³</strong></span> <span class='ocrx_word' id='word_1_774' title='bbox 1087 5761 1402 5832; x_wconf 74' lang='lat' dir='ltr'><strong>Deut.xuv,</strong></span> <span class='ocrx_word' id='word_1_775' title='bbox 1435 5768 1487 5819; x_wconf 72' lang='lat' dir='ltr'><strong>ti.</strong></span> 
     </span>
    </p>
   </div>
   <div class='ocr_carea' id='block_1_106' title="bbox 2073 4569 3663 4647">
    <p class='ocr_par' dir='ltr' id='par_1_106' title="bbox 2073 4569 3663 4647">
     <span class='ocr_line' id='line_1_106' title="bbox 2073 4569 3663 4647; baseline 0.006 -25"><span class='ocrx_word' id='word_1_776' title='bbox 2073 4569 2350 4624; x_wconf 87' lang='lat' dir='ltr'><strong>lsraelitas</strong></span> <span class='ocrx_word' id='word_1_777' title='bbox 2381 4570 2720 4640; x_wconf 74' lang='lat' dir='ltr'><strong>pellicerent,</strong></span> <span class='ocrx_word' id='word_1_778' title='bbox 2755 4570 3174 4628; x_wconf 85' lang='lat' dir='ltr'><strong>fornicationem</strong></span> <span class='ocrx_word' id='word_1_779' title='bbox 3218 4583 3368 4631; x_wconf 87' lang='lat' dir='ltr'><strong>certe</strong></span> <span class='ocrx_word' id='word_1_780' title='bbox 3395 4577 3663 4647; x_wconf 67' lang='lat' dir='ltr'><strong>gl‘ilV’lSSl&#39;</strong></span> 
     </span>
    </p>
   </div>
   <div class='ocr_carea' id='block_1_107' title="bbox 2076 4663 3658 4735">
    <p class='ocr_par' dir='ltr' id='par_1_107' title="bbox 2076 4663 3658 4735">
     <span class='ocr_line' id='line_1_107' title="bbox 2076 4663 3658 4735; baseline 0.007 -22"><span class='ocrx_word' id='word_1_781' title='bbox 2076 4677 2239 4725; x_wconf 87' lang='lat' dir='ltr'><strong>mam,</strong></span> <span class='ocrx_word' id='word_1_782' title='bbox 2279 4678 2342 4716; x_wconf 78' lang='lat' dir='ltr'><strong>ex</strong></span> <span class='ocrx_word' id='word_1_783' title='bbox 2387 4677 2491 4730; x_wconf 84' lang='lat' dir='ltr'><strong>qua</strong></span> <span class='ocrx_word' id='word_1_784' title='bbox 2530 4663 2681 4716; x_wconf 88' lang='lat' dir='ltr'><strong>ﬁeret</strong></span> <span class='ocrx_word' id='word_1_785' title='bbox 2729 4675 2783 4716; x_wconf 91' lang='lat' dir='ltr'><strong>ut</strong></span> <span class='ocrx_word' id='word_1_786' title='bbox 2814 4663 3110 4719; x_wconf 82' lang='lat' dir='ltr'><strong>deﬁcerent</strong></span> <span class='ocrx_word' id='word_1_787' title='bbox 3153 4684 3182 4720; x_wconf 91' lang='lat' dir='ltr'><strong>a</strong></span> <span class='ocrx_word' id='word_1_788' title='bbox 3222 4669 3353 4735; x_wconf 84' lang='lat' dir='ltr'><strong>Deo,</strong></span> <span class='ocrx_word' id='word_1_789' title='bbox 3383 4681 3438 4725; x_wconf 89' lang='lat' dir='ltr'><strong>et</strong></span> <span class='ocrx_word' id='word_1_790' title='bbox 3471 4670 3658 4725; x_wconf 82' lang='lat' dir='ltr'><strong>initia-</strong></span> 
     </span>
    </p>
   </div>
   <div class='ocr_carea' id='block_1_108' title="bbox 2077 4755 3156 4826">
    <p class='ocr_par' dir='ltr' id='par_1_108' title="bbox 2077 4755 3156 4826">
     <span class='ocr_line' id='line_1_108' title="bbox 2077 4755 3156 4826; baseline 0.007 -18"><span class='ocrx_word' id='word_1_791' title='bbox 2077 4766 2262 4809; x_wconf 86' lang='lat' dir='ltr'><strong>rentur</strong></span> <span class='ocrx_word' id='word_1_792' title='bbox 2289 4755 2646 4826; x_wconf 72' lang='lat' dir='ltr'><strong>Beelpliegor.</strong></span> <span class='ocrx_word' id='word_1_793' title='bbox 2675 4757 2826 4824; x_wconf 83' lang='lat' dir='ltr'><strong>Quod</strong></span> <span class='ocrx_word' id='word_1_794' title='bbox 2858 4769 2910 4813; x_wconf 91' lang='lat' dir='ltr'><strong>et</strong></span> <span class='ocrx_word' id='word_1_795' title='bbox 2939 4761 3156 4816; x_wconf 82' lang='lat' dir='ltr'><strong>accidit.</strong></span> 
     </span>
    </p>
   </div>
   <div class='ocr_carea' id='block_1_109' title="bbox 2147 5030 3649 5104">
    <p class='ocr_par' dir='ltr' id='par_1_109' title="bbox 2147 5030 3649 5104">
     <span class='ocr_line' id='line_1_109' title="bbox 2147 5030 3649 5104; baseline 0.003 -20"><span class='ocrx_word' id='word_1_796' title='bbox 2147 5030 2271 5084; x_wconf 82' lang='lat' dir='ltr'><strong>Non</strong></span> <span class='ocrx_word' id='word_1_797' title='bbox 2298 5034 2598 5102; x_wconf 77' lang='lat' dir='ltr'><strong>pignorabis</strong></span> <span class='ocrx_word' id='word_1_798' title='bbox 2627 5034 2843 5096; x_wconf 84' lang='lat' dir='ltr'><strong>molam,</strong></span> <span class='ocrx_word' id='word_1_799' title='bbox 2873 5050 3038 5102; x_wconf 60' lang='lat' dir='ltr'><strong>neque</strong></span> <span class='ocrx_word' id='word_1_800' title='bbox 3067 5033 3387 5100; x_wconf 72' lang='lat' dir='ltr'><strong>superiore»:</strong></span> <span class='ocrx_word' id='word_1_801' title='bbox 3421 5035 3649 5104; x_wconf 83' lang='lat' dir='ltr'><strong>lapidem</strong></span> 
     </span>
    </p>
   </div>
   <div class='ocr_carea' id='block_1_110' title="bbox 2077 5123 3653 5196">
    <p class='ocr_par' dir='ltr' id='par_1_110' title="bbox 2077 5123 3653 5196">
     <span class='ocr_line' id='line_1_110' title="bbox 2077 5123 3653 5196; baseline 0.007 -24"><span class='ocrx_word' id='word_1_802' title='bbox 2077 5123 2229 5176; x_wconf 80' lang='lat' dir='ltr'><strong>mola:</strong></span> <span class='ocrx_word' id='word_1_803' title='bbox 2247 5125 2312 5176; x_wconf 69' lang='lat'><strong>3&quot;.</strong></span> <span class='ocrx_word' id='word_1_804' title='bbox 2347 5126 2636 5190; x_wconf 84' lang='lat' dir='ltr'><strong>Quoniam,</strong></span> <span class='ocrx_word' id='word_1_805' title='bbox 2668 5128 2863 5193; x_wconf 88' lang='lat' dir='ltr'><strong>inquit,</strong></span> <span class='ocrx_word' id='word_1_806' title='bbox 2897 5126 2965 5178; x_wconf 86' lang='lat' dir='ltr'><strong>ab</strong></span> <span class='ocrx_word' id='word_1_807' title='bbox 3000 5141 3107 5177; x_wconf 90' lang='lat' dir='ltr'><strong>uno</strong></span> <span class='ocrx_word' id='word_1_808' title='bbox 3137 5125 3312 5194; x_wconf 84' lang='lat' dir='ltr'><strong>lapide</strong></span> <span class='ocrx_word' id='word_1_809' title='bbox 3340 5141 3444 5180; x_wconf 88' lang='lat' dir='ltr'><strong>non</strong></span> <span class='ocrx_word' id='word_1_810' title='bbox 3472 5138 3653 5196; x_wconf 84' lang='lat' dir='ltr'><strong>potest</strong></span> 
     </span>
    </p>
   </div>
   <div class='ocr_carea' id='block_1_111' title="bbox 2076 5215 3653 5287">
    <p class='ocr_par' dir='ltr' id='par_1_111' title="bbox 2076 5215 3653 5287">
     <span class='ocr_line' id='line_1_111' title="bbox 2076 5215 3653 5287; baseline 0.004 -21"><span class='ocrx_word' id='word_1_811' title='bbox 2076 5215 2406 5271; x_wconf 74' lang='lat' dir='ltr'><strong>frumentum</strong></span> <span class='ocrx_word' id='word_1_812' title='bbox 2459 5221 2687 5272; x_wconf 80' lang='lat' dir='ltr'><strong>conteri.</strong></span> <span class='ocrx_word' id='word_1_813' title='bbox 2717 5216 3004 5270; x_wconf 85' lang='lat' dir='ltr'><strong>Geminum</strong></span> <span class='ocrx_word' id='word_1_814' title='bbox 3055 5218 3198 5271; x_wconf 84' lang='lat' dir='ltr'><strong>enim</strong></span> <span class='ocrx_word' id='word_1_815' title='bbox 3249 5217 3523 5287; x_wconf 85' lang='lat' dir='ltr'><strong>quidpiam</strong></span> <span class='ocrx_word' id='word_1_816' title='bbox 3575 5219 3653 5274; x_wconf 76' lang='lat' dir='ltr'><strong>l&#39;c-</strong></span> 
     </span>
    </p>
   </div>
   <div class='ocr_carea' id='block_1_112' title="bbox 2075 5308 3653 5381">
    <p class='ocr_par' dir='ltr' id='par_1_112' title="bbox 2075 5308 3653 5381">
     <span class='ocr_line' id='line_1_112' title="bbox 2075 5308 3653 5381; baseline 0.004 -22"><span class='ocrx_word' id='word_1_817' title='bbox 2075 5309 2236 5362; x_wconf 84' lang='lat' dir='ltr'><strong>tninei</strong></span> <span class='ocrx_word' id='word_1_818' title='bbox 2279 5321 2332 5361; x_wconf 73' lang='lat' dir='ltr'><strong>et.</strong></span> <span class='ocrx_word' id='word_1_819' title='bbox 2382 5310 2604 5363; x_wconf 74' lang='lat' dir='ltr'><strong>maswli</strong></span> <span class='ocrx_word' id='word_1_820' title='bbox 2659 5309 2874 5378; x_wconf 77' lang='lat' dir='ltr'><strong>generis</strong></span> <span class='ocrx_word' id='word_1_821' title='bbox 2921 5311 3082 5363; x_wconf 88' lang='lat' dir='ltr'><strong>ellicit</strong></span> <span class='ocrx_word' id='word_1_822' title='bbox 3137 5308 3295 5364; x_wconf 87' lang='lat' dir='ltr'><strong>mola.</strong></span> <span class='ocrx_word' id='word_1_823' title='bbox 3330 5310 3466 5376; x_wconf 85' lang='lat' dir='ltr'><strong>Quia</strong></span> <span class='ocrx_word' id='word_1_824' title='bbox 3517 5325 3653 5381; x_wconf 81' lang='lat' dir='ltr'><strong>ergo</strong></span> 
     </span>
    </p>
   </div>
   <div class='ocr_carea' id='block_1_113' title="bbox 2071 5398 3652 5466">
    <p class='ocr_par' dir='ltr' id='par_1_113' title="bbox 2071 5398 3652 5466">
     <span class='ocr_line' id='line_1_113' title="bbox 2071 5398 3652 5466; baseline 0.003 -14"><span class='ocrx_word' id='word_1_825' title='bbox 2071 5400 2235 5452; x_wconf 73' lang='lat' dir='ltr'><strong>etiam</strong></span> <span class='ocrx_word' id='word_1_826' title='bbox 2275 5398 2444 5454; x_wconf 65' lang='lat' dir='ltr'><strong>Judaei</strong></span> <span class='ocrx_word' id='word_1_827' title='bbox 2479 5418 2642 5453; x_wconf 91' lang='lat' dir='ltr'><strong>unum</strong></span> <span class='ocrx_word' id='word_1_828' title='bbox 2694 5411 3080 5455; x_wconf 86' lang='lat' dir='ltr'><strong>testamentum</strong></span> <span class='ocrx_word' id='word_1_829' title='bbox 3131 5402 3354 5466; x_wconf 83' lang='lat' dir='ltr'><strong>habent,</strong></span> <span class='ocrx_word' id='word_1_830' title='bbox 3399 5403 3652 5457; x_wconf 84' lang='lat' dir='ltr'><strong>similiter</strong></span> 
     </span>
    </p>
   </div>
   <div class='ocr_carea' id='block_1_114' title="bbox 2067 5493 3648 5562">
    <p class='ocr_par' dir='ltr' id='par_1_114' title="bbox 2067 5493 3648 5562">
     <span class='ocr_line' id='line_1_114' title="bbox 2067 5493 3648 5562; baseline 0.003 -17"><span class='ocrx_word' id='word_1_831' title='bbox 2067 5502 2119 5545; x_wconf 91' lang='lat' dir='ltr'><strong>et</strong></span> <span class='ocrx_word' id='word_1_832' title='bbox 2145 5494 2396 5560; x_wconf 69' lang='lat' dir='ltr'><strong>qnmliliet</strong></span> <span class='ocrx_word' id='word_1_833' title='bbox 2441 5493 2664 5547; x_wconf 83' lang='lat' dir='ltr'><strong>haeresis</strong></span> <span class='ocrx_word' id='word_1_834' title='bbox 2705 5510 2822 5562; x_wconf 83' lang='lat' dir='ltr'><strong>qua:</strong></span> <span class='ocrx_word' id='word_1_835' title='bbox 2859 5496 2960 5548; x_wconf 86' lang='lat' dir='ltr'><strong>hoc</strong></span> <span class='ocrx_word' id='word_1_836' title='bbox 3007 5510 3206 5549; x_wconf 85' lang='lat' dir='ltr'><strong>novum</strong></span> <span class='ocrx_word' id='word_1_837' title='bbox 3237 5495 3409 5550; x_wconf 90' lang='lat' dir='ltr'><strong>solum</strong></span> <span class='ocrx_word' id='word_1_838' title='bbox 3447 5496 3648 5550; x_wconf 83' lang='lat' dir='ltr'><strong>habere</strong></span> 
     </span>
    </p>
   </div>
   <div class='ocr_carea' id='block_1_115' title="bbox 2067 5585 3642 5658">
    <p class='ocr_par' dir='ltr' id='par_1_115' title="bbox 2067 5585 3642 5658">
     <span class='ocr_line' id='line_1_115' title="bbox 2067 5585 3642 5658; baseline 0.004 -22"><span class='ocrx_word' id='word_1_839' title='bbox 2067 5585 2298 5648; x_wconf 85' lang='lat' dir='ltr'><strong>videtur,</strong></span> <span class='ocrx_word' id='word_1_840' title='bbox 2343 5602 2447 5639; x_wconf 88' lang='lat' dir='ltr'><strong>non</strong></span> <span class='ocrx_word' id='word_1_841' title='bbox 2484 5586 2694 5639; x_wconf 87' lang='lat' dir='ltr'><strong>molunt</strong></span> <span class='ocrx_word' id='word_1_842' title='bbox 2741 5588 2791 5640; x_wconf 90' lang='lat' dir='ltr'><strong>in</strong></span> <span class='ocrx_word' id='word_1_843' title='bbox 2839 5589 2940 5643; x_wconf 82' lang='lat' dir='ltr'><strong>hoc</strong></span> <span class='ocrx_word' id='word_1_844' title='bbox 2973 5588 3219 5658; x_wconf 85' lang='lat' dir='ltr'><strong>pristino,</strong></span> <span class='ocrx_word' id='word_1_845' title='bbox 3267 5597 3324 5643; x_wconf 87' lang='lat' dir='ltr'><strong>ut</strong></span> <span class='ocrx_word' id='word_1_846' title='bbox 3369 5589 3642 5647; x_wconf 74' lang='lat' dir='ltr'><strong>cmlesteat</strong></span> 
     </span>
    </p>
   </div>
   <div class='ocr_carea' id='block_1_116' title="bbox 1556 5695 2438 5762">
    <p class='ocr_par' dir='ltr' id='par_1_116' title="bbox 1556 5695 2438 5762">
     <span class='ocr_line' id='line_1_116' title="bbox 1556 5695 2438 5762; baseline 0.008 -15"><span class='ocrx_word' id='word_1_847' title='bbox 1556 5696 1602 5726; x_wconf 65' lang='grc'><strong>⁸³</strong></span> <span class='ocrx_word' id='word_1_848' title='bbox 1630 5695 1763 5752; x_wconf 85' lang='lat' dir='ltr'><strong>Deut</strong></span> <span class='ocrx_word' id='word_1_849' title='bbox 1819 5714 1953 5762; x_wconf 57' lang='lat' dir='ltr'><strong>san,</strong></span> <span class='ocrx_word' id='word_1_850' title='bbox 1987 5698 2039 5753; x_wconf 80' lang='lat'><strong>9.</strong></span> <span class='ocrx_word' id='word_1_851' title='bbox 2115 5700 2158 5729; x_wconf 74' lang='grc'><strong>⁸⁵</strong></span> <span class='ocrx_word' id='word_1_852' title='bbox 2186 5699 2317 5754; x_wconf 88' lang='lat' dir='ltr'><strong>ibid.</strong></span> <span class='ocrx_word' id='word_1_853' title='bbox 2355 5699 2438 5754; x_wconf 85' lang='lat' dir='ltr'><strong>lO.</strong></span> 
     </span>
    </p>
   </div>
   <div class='ocr_carea' id='block_1_117' title="bbox 2518 5700 3640 5771">
    <p class='ocr_par' dir='ltr' id='par_1_117' title="bbox 2518 5700 3640 5771">
     <span class='ocr_line' id='line_1_117' title="bbox 2518 5700 3640 5771; baseline 0.002 -15"><span class='ocrx_word' id='word_1_854' title='bbox 2518 5700 2562 5732; x_wconf 72' lang='grc'><strong>⁸⁵</strong></span> <span class='ocrx_word' id='word_1_855' title='bbox 2587 5701 2688 5756; x_wconf 86' lang='lat' dir='ltr'><strong>lsa.</strong></span> <span class='ocrx_word' id='word_1_856' title='bbox 2721 5718 2892 5768; x_wconf 75' lang='lat' dir='ltr'><strong>xxx&quot;,</strong></span> <span class='ocrx_word' id='word_1_857' title='bbox 2920 5701 3008 5759; x_wconf 73' lang='lat'><strong>9.0.</strong></span> <span class='ocrx_word' id='word_1_858' title='bbox 3087 5705 3130 5736; x_wconf 83' lang='grc'><strong>⁸⁷</strong></span> <span class='ocrx_word' id='word_1_859' title='bbox 3172 5705 3328 5762; x_wconf 89' lang='lat' dir='ltr'><strong>Deut.</strong></span> <span class='ocrx_word' id='word_1_860' title='bbox 3371 5718 3520 5771; x_wconf 63' lang='grc' dir='ltr'>χχιι,</span> <span class='ocrx_word' id='word_1_861' title='bbox 3547 5700 3640 5760; x_wconf 71' lang='grc'><strong>25.</strong></span> 
     </span>
    </p>
   </div>
  </div>
