4104 6226
564 243 667 299 8ίῦ

1920 251 2014 309 EX
2043 251 2343 310 ORIGENE

3723 271 3841 327 810

567 377 760 432 panem
795 370 1027 433 gustcnt.
1076 362 1187 419 Nisi
1224 364 1390 429 enim,
1437 364 1645 435 inquit,
1692 377 2032 435 conteratur,
2075 382 2117 425 el

2235 373 2362 442 γὰρ,
2390 372 2554 443 φησὶ,
2589 371 2663 444 μὴ
2705 375 2965 448 συντριϐῇ
3002 380 3097 432 καὶ
3141 380 3316 454 ἁληθῇ
3357 384 3386 437 ὁ
3429 385 3596 449 σῖτος,
3642 387 3839 443 ἄσιτοι

570 455 802 511 molatur
845 457 1204 520 l'rmncntnm,
1250 457 1421 525 jejuni
1468 470 1706 514 manent.
1757 461 1892 516 llinc
1924 473 1979 516 et
2013 463 2128 532 ipse

568 558 884 617 praesentem
932 551 1212 619 aggredior
1260 551 1538 620 explicare
1574 552 1745 622 legem
1779 578 1789 608 ;
1829 574 1845 605 ι
1877 553 1992 608 Non
2046 556 2128 624 pi-

571 639 830 707 gnorabis
865 640 1080 705 molam,
1115 660 1133 691 ι
1174 642 1274 695 hoc
1317 652 1440 706 est,
1478 657 1583 696 non
1627 644 1934 712 profanabis
1979 654 2130 700 vetus

568 738 966 793 testamentum,
994 747 1167 800 neque
1190 733 1374 800 t-jicies
1411 733 1539 787 illud
1574 749 1604 788 e
1633 736 1792 788 domo
1829 746 1947 802 tua;
1987 754 2005 788 ι
2038 753 2131 792 ne-

561 836 666 888 que
708 823 1040 890 superiorem
1089 823 1314 892 lapidein
1362 825 1536 889 mola},
1565 843 1582 875 ι
1637 825 1737 879 boc
1777 837 1888 892 est,
1928 843 2125 881 novum

559 921 985 978 testamentum;
1027 932 1045 964 ι
1073 914 1196 982 quia
1248 915 1482 968 animam
1516 915 1620 969 iste
1669 916 1940 986 pignorat,
1967 936 1985 969 ι
2024 921 2127 975 boc

559 1013 642 1057 est
703 1004 786 1058 his
846 1004 1080 1057 nutritur
1144 1003 1369 1070 anima,
1422 1005 1754 1075 spiritalibus
1807 1008 1943 1063 cibis
2000 1025 2127 1080 per-

559 1097 751 1164 cepﬁs.

633 1186 684 1239 Ν
692 1201 867 1238 umero
899 1185 1256 1256 quadraginta
1281 1188 1622 1257 ﬂagellabant
1660 1207 1779 1246 eum
1803 1192 1871 1245 ⁹⁰.
1899 1190 2127 1262 Semper

555 1278 963 1330 observavimus
997 1294 1288 1334 numerum
1335 1282 1694 1351 quadraginta
1747 1283 1902 1338 malis
1948 1284 2122 1339 obno—
2166 1289 2170 1292 ’

557 1369 704 1422 xium
749 1383 890 1424 esse.
918 1367 1078 1424 Unde
1110 1370 1322 1440 Moyses
1353 1373 1714 1440 quadraginta
1754 1374 1952 1428 diebus
1980 1373 2120 1444 jeju-

557 1461 726 1521 navit,
756 1470 808 1512 et
845 1469 964 1528 post
993 1477 1114 1514 eum
1144 1463 1310 1515 Elias.
1353 1462 1491 1528 Quin
1535 1473 1588 1517 et
1626 1464 1890 1518 ‘Salva‘tor
1938 1475 2124 1519 noster

553 1567 582 1603 a
634 1549 851 1604 diabolo
904 1560 1140 1605 tentatus
1191 1569 1298 1605 non
1353 1553 1698 1606 manducavit
1765 1556 2121 1624 quadraginta

552 1641 741 1694 diebus
775 1651 830 1695 ct
863 1642 1220 1711 quadraginta
1273 1642 1544 1708 noctibus,
1595 1653 1650 1698 et
1682 1659 1934 1715 magnum
1979 1645 2122 1700 dilu-

551 1733 696 1786 vium
753 1733 806 1787 in
869 1743 1011 1788 terra
1067 1735 1330 1804 contigit,
1382 1749 1503 1788 cum
1559 1736 1700 1790 Deus
1758 1737 1984 1792 imbrem
2037 1738 2109 1792 fe-
2153 1718 2192 1773 Β

549 1824 711 1879 cisset
749 1825 1110 1896 quadraginta
1170 1827 1361 1881 diebus
1404 1837 1458 1882 et
1517 1828 1882 1899 quadraginta
1945 1831 2118 1885 nocti-

552 1917 672 1970 bus.

621 2031 746 2084 Non
787 2030 1031 2086 immilles
1055 2029 1131 2084 eis
1167 2031 1361 2100 ferrum
1389 2032 1457 2087 ³³.
1503 2031 1860 2098 Quaerendum
1895 2041 1978 2086 est
2023 2046 2121 2086 cur

543 2121 698 2176 Terro
724 2136 828 2176 non
868 2123 1012 2177 sinat
1043 2122 1181 2176 Deus
1215 2122 1361 2192 tangi
1406 2122 1612 2192 lapides
1642 2123 1733 2192 qni
1770 2122 2117 2176 aedilicatioai

547 2210 736 2265 altaris
777 2211 1099 2267 inserviunt.
1134 2209 1239 2265 Sed
1281 2219 1336 2265 et
1373 2221 1566 2278 postea
1597 2211 1663 2266 ad
1699 2211 2116 2266 aediﬁcationem

554 2304 736 2372 templi
777 2303 1023 2372 praecipit
1061 2305 1378 2373 congregari
1407 2304 1621 2373 lapides
1656 2304 1831 2358 securi
1878 2317 1984 2356 non
2026 2303 2118 2356 do-

547 2395 703 2460 latos,
743 2404 796 2450 et
840 2411 904 2451 ex
946 2396 1047 2450 illis
1077 2395 1493 2450 aediﬁcationem
1540 2395 1676 2449 ﬁeri.
1723 2391 1782 2448 Si
1827 2395 1970 2447 enim
2023 2395 2117 2449 ab-

546 2489 767 2543 surdum
798 2497 883 2542 est
915 2485 1058 2542 ferro
1090 2488 1232 2558 tangi
1269 2486 1499 2555 lapidem
1541 2486 1877 2540 aediﬁcationi
1907 2495 2112 2556 aptum,

543 2580 811 2649 quomodo
838 2578 1122 2645 columnaa,
1155 2578 1426 2648 quomodo
1460 2578 1676 2643 tabulm,
1717 2585 1772 2632 et
1801 2571 1987 2631 eorum
2021 2593 2114 2632 ca-

543 2671 725 2741 pitella
765 2671 1042 2726 elaborata
1101 2670 1270 2725 sunt?
1313 2673 1422 2724 Aut
1467 2669 1739 2738 quomodo
1779 2685 2115 2739 qmecunqne

539 2778 608 2817 ex
654 2777 759 2816 mre
792 2762 873 2816 vel
908 2777 1042 2816 auro
1094 2761 1234 2815 facta
1279 2771 1402 2815 sunt
1444 2761 1525 2816 vel
1571 2769 1814 2828 argento,
1860 2761 2112 2816 fabricari

543 2861 832 2921 potuerunt
861 2851 978 2906 sine
1006 2852 1189 2922 ferrg?
1221 2851 1298 2905 Ex
1333 2851 1613 2920 liis‘liquet
1657 2864 1759 2903 non
1794 2850 2115 2918 simpliciter

540 2949 726 2996 vetare
753 2957 818 2995 ne
849 2941 1068 2995 ‘l'errum
1118 2950 1304 3010 tangat
1351 2942 1575 3011 lapides.
1606 2941 1766 3012 392
1799 2941 1935 3007 Quid
1983 2955 2112 3012 ergo

539 3047 717 3086 causa:
748 3032 840 3099 sit,
880 3032 1114 3086 dicimus
1146 3048 1248 3087 non
1297 3033 1648 3088 aliirmantes.
1688 3033 1810 3086 [Lee
1859 3033 1991 3086 velle
2035 3034 2113 3086 vi-
2139 3072 2184 3134 Ο

539 3123 713 3178 detur.
736 3123 948 3177 Durum
989 3124 1126 3180 duro
1163 3125 1383 3179 immitti
1412 3135 1470 3180 et
1503 3125 1680 3180 collidi
1705 3133 1880 3179 vetat.
1917 3124 2106 3196 Magna

538 3216 681 3269 enim
733 3216 910 3270 solent
956 3216 1090 3271 oriri
1142 3217 1278 3271 mala
1314 3233 1381 3272 ex
1420 3217 1680 3272 durornm
1725 3217 2104 3273 commistione

536 3319 590 3361 et
616 3308 911 3363 collisione.
947 3307 1039 3362 Vel
1079 3309 1433 3364 homicidium
1468 3311 1623 3379 longe
1662 3325 1690 3362 a
1725 3309 1889 3364 corde
1932 3308 2106 3361 bomi-

538 3415 664 3452 num
688 3401 943 3468 expellit:
976 3409 1031 3454 et
1057 3402 1283 3456 omnino
1301 3401 1473 3472 ‘juste.
1502 3403 1558 3456 Si
1605 3401 1749 3456 enim
1781 3401 1832 3454 lu
1876 3399 2104 3468 lapidem

535 3493 629 3560 qui
659 3493 1009 3548 mdilicalioni
1055 3494 1244 3549 altaris
1275 3494 1356 3548 vel
1381 3495 1573 3564 templi
1620 3493 1864 3554 inservit,
1901 3491 2104 3544 ferrum

535 3599 641 3638 non
681 3595 764 3639 est
816 3586 1232 3651 immittendmn,
1262 3594 1465 3654 quanto
1500 3585 1671 3653 magis
1697 3583 1986 3636 vetandum
2017 3587 2102 3633 est

535 3692 601 3731 ne
634 3677 832 3732 ferrum
857 3679 1150 3746 arripiatur
1179 3681 1244 3732 ad
1276 3679 1506 3750 proximi
1543 3676 1919 3732 homicidium.

2239 463 2509 532 μένουσιν.
2550 463 2644 514 Ἐκ
2669 463 2858 516 τούτου
2898 461 2992 519 οῦν
3034 469 3128 521 καὶ
3165 472 3329 535 αὐτὸς
3369 473 3704 545 ὁρμώμενος
3743 478 3840 531 τὸν

2233 551 2591 622 προκείμενον
2620 553 2896 624 σαφηνίζω
2923 557 3108 627 νόμον,
3145 580 3162 610 ι
3193 562 3307 614 Ούκ
3331 565 3696 637 ἐνεχυράσεις
3728 569 3837 637 μύ-

2232 643 2342 705 λον,
2367 663 2384 694 ι
2417 645 2710 711 τουτέστιν,
2737 647 2797 698 ού
2826 647 2900 718 μὴ
2957 647 3287 720 βεϐηλώσεις
3312 654 3408 725 τὴν
3445 658 3694 712 παλαιὰν
3733 662 3832 714 καὶ

2231 735 2294 787 ού
2330 734 2403 805 μὴ
2443 736 2686 800 ἀπῶσεις
2710 738 2880 810 αὐτὴν
2905 742 3005 812 τῆς
3049 745 3148 815 σῆς
3182 745 3357 808 οἰκίας
3379 764 3392 777 ·
3425 767 3442 798 ι
3467 749 3586 803 οὐδὲ
3611 749 3827 821 ἐπιμύ-

2231 825 2366 878 λιον·
2393 847 2410 876 ι
2449 826 2568 879 ἀντὶ
2601 827 2716 889 τοῦ,
2743 828 2840 896 τὴν
2887 833 3106 902 καινὴν,
3147 853 3165 884 ι
3190 834 3272 887 ὅτι
3297 836 3476 909 ψυχὴν
3513 833 3662 903 οὗτος
3699 844 3822 894 ὲνεο

2231 915 2477 988 χυράζει,
2502 937 2520 970 ι
2544 919 2784 971 τουτέστι
2808 921 3021 986 τούτοις
3047 925 3305 995 σρέφεται
3328 929 3362 998 ἡ
3395 929 3544 1000 ψυχὴ
3572 931 3819 987 ἀπολαύ-

2227 1023 2363 1060 ουσα
2387 1008 2592 1078 νοητῶν
2617 1009 2955 1080 ἐδεσμάτων.

2309 1186 2544 1255 Ἀριθμῷ
2580 1190 3032 1257 τεσσαράκοντα
3073 1198 3567 1266 μαστιγώσουσιν
3588 1205 3793 1258 αὐτόν.

2243 1276 2352 1328 Ἀεί
2394 1295 2457 1345 γε
2495 1281 2877 1352 τετηρήκαμεν
2915 1287 3216 1339 κακωτικὸν
3255 1289 3384 1342 ὄντα
3445 1293 3538 1345 τὸν
3579 1301 3632 1364 μ’
3679 1297 3799 1366 ἀρι-

2227 1365 2391 1430 θμόν·
2432 1369 2553 1420 ὅθεν
2575 1371 2813 1441 Μωύσῆς
2849 1371 2876 1422 ὁ
2918 1373 3086 1441 μέγας
3130 1379 3537 1447 τεσσαράκοντα
3580 1365 3798 1454 ἡμέρας

2224 1458 2542 1528 νηστεύσας,
2589 1463 2680 1514 καὶ
2735 1463 2872 1532 μετὰ
2909 1463 3091 1517 τοῦτον
3135 1469 3400 1533 δἨλίας·
3456 1473 3596 1525 ἀλλά
3641 1478 3732 1527 καὶ
3758 1478 3792 1530 ὁ

2227 1549 2418 1620 Σωτὴρ
2446 1551 2602 1620 ἡμῶν
2626 1551 3020 1624 πειραζόμενος
3043 1557 3144 1609 ὑπὸ
3164 1559 3255 1611 τοῦ
3273 1561 3514 1614 διαϐόλου
3535 1564 3634 1617 οὐκ
3662 1565 3796 1633 ἔφα-

2223 1655 2316 1706 γεν
2345 1647 2396 1708 μ’
2438 1640 2651 1712 ἡμέρας
2679 1645 2774 1696 καὶ
2807 1651 2857 1714 μ’
2904 1645 3106 1709 νύκτας
3124 1663 3137 1676 ·
3166 1650 3258 1701 καὶ
3297 1653 3324 1703 ὁ
3353 1653 3518 1721 μέγας
3541 1654 3594 1707 δὲ
3619 1673 3804 1709 κατα-

2223 1727 2462 1799 κλυσμὸς
2503 1730 2595 1784 ἐπὶ
2633 1733 2731 1804 τῆς
2759 1733 2860 1804 γῆς
2894 1734 3128 1804 γίνεται,
3156 1735 3336 1802 ῦοντος
3355 1740 3448 1793 τοῦ
3477 1742 3627 1806 Θεοῦ,
3658 1761 3780 1799 τεσο

2225 1823 2529 1892 σαράκοντα
2560 1824 2770 1896 ἡμέρας
2795 1827 2886 1879 καὶ
2911 1828 3319 1898 τεσσαράκοντα
3348 1831 3566 1896 νύκτας.

2266 2041 2267 2044 η
2295 2024 2414 2076 Οὐκ
2451 2023 2752 2090 ἐπιϐαλεῖς
2777 2026 2982 2093 αὐτοῖς
3009 2028 3282 2098 σίδηρον.
3322 2033 3595 2105 Ζητητέον
3623 2035 3710 2088 διὰ
3739 2037 3792 2089 τί

2223 2114 2438 2186 σίδηρον
2464 2116 2564 2169 ούκ
2602 2119 2666 2187 ἐᾷ
2706 2117 2814 2171 τῶν
2855 2119 3016 2172 λίθων
3053 2121 3296 2190 ἅψασθαι
3327 2127 3408 2188 είς
3446 2126 3547 2196 τὴν
3591 2128 3787 2181 οἰκοδο-

2223 2204 2328 2276 μὴν
2370 2205 2464 2258 τοῦ
2527 2206 2914 2280 θυσιαστηρίου
2969 2214 3432 2282 χρησιμευόντων.
3493 2217 3650 2271 Ἀλλὰ
3698 2221 3790 2274 καὶ

2222 2294 2362 2364 μετὰ
2393 2295 2564 2350 ταῦτα
2598 2299 2676 2361 εἰς
2702 2297 2802 2368 τὴν
2829 2301 3112 2372 οἰκοδομὴν
3143 2303 3236 2356 τοῦ
3264 2304 3394 2357 ναοῦ
3438 2304 3618 2372 λίθους
3659 2311 3790 2364 ἀπε-

2219 2384 2477 2457 λεκήτους
2525 2389 2850 2460 προστάττει
2897 2397 3238 2461 συναγαγεῖν,
3283 2396 3378 2448 καὶ
3421 2399 3788 2471 οἰκοδομῆσαι.

2212 2480 2282 2531 Εἰ
2317 2479 2428 2550 γάρ
2465 2481 2664 2534 ἄτοπον
2693 2482 2754 2534 τὸ
2782 2483 2996 2555 σίδηρον
3040 2486 3304 2540 ἅπτεσθαι
3335 2487 3426 2541 τοῦ
3465 2490 3613 2544 λίθου
3652 2495 3790 2564 πρὸς

2203 2570 2503 2641 οίκοδομὴν
2531 2573 2911 2645 ἁρμόττοντος,
2951 2576 3067 2640 πῶς
3097 2573 3188 2630 οὖν
3215 2577 3323 2648 ἄρα
3349 2581 3397 2633 οί
3428 2581 3623 2648 κίονες.
3669 2583 3790 2650 πῶς

2216 2657 2307 2714 οὖν
2335 2663 2390 2714 αἱ
2415 2663 2620 2727 σανίδες
2643 2665 2734 2718 καὶ
2765 2667 2820 2718 αἱ
2845 2666 3047 2720 τούτων
3076 2667 3359 2737 κεφαλίδες
3383 2672 3785 2743 είργάσθησαν;

2215 2755 2290 2807 ’Ὴ
2321 2755 2436 2819 πῶς
2466 2756 2566 2808 ὅσα
2603 2757 2666 2808 ὲκ
2701 2757 2901 2827 χαλκοῦ
2944 2759 3163 2828 γέγονεν
3203 2760 3235 2830 ἢ
3280 2762 3486 2832 χρυσοῦ
3533 2764 3565 2834 ἢ
3609 2766 3785 2836 ἀργύ-

2217 2863 2331 2918 ρου,
2349 2847 2761 2918 κατεσκευάσθη
2777 2849 2884 2919 ἄρα
2907 2849 3033 2903 ἄνευ
3053 2841 3168 2921 σιδη
3177 2851 3292 2920 ροῦ;
3315 2855 3422 2905 Καὶ
3439 2854 3552 2916 πῶς
3568 2851 3677 2908 οἷόν
3690 2871 3784 2924 τις

2215 2935 2314 2988 Διὰ
2338 2936 2540 2992 τούτων
2557 2938 2792 3009 φανερὸν
2811 2938 2929 3010 μὲν,
2950 2940 3025 2994 ὅτι
3050 2940 3148 3010 οὐχ
3169 2942 3353 3007 ἁπλῶς
3374 2945 3698 3018 ἀπαγορεύει
3719 2947 3784 3001 τι

2217 3027 2433 3100 σίδηρον
2467 3030 2706 3099 ἅψασθαι
2740 3032 2844 3084 τῶν
2875 3031 3057 3086 λίθων.
3084 3035 3180 3098 Τίς
3213 3032 3306 3088 οὖν
3336 3038 3368 3107 ἡ
3399 3038 3576 3100 αἰτίας
3610 3039 3784 3108 Λέγο-

2217 3137 2316 3190 μεν
2357 3121 2417 3173 ού
2459 3121 2934 3192 δείσχυριξόμενοι.
2985 3123 3169 3178 Ταῦτα
3205 3125 3268 3197 δὴ
3308 3127 3505 3183 τοίνυν.
3540 3130 3783 3202 Σκληρδν

2216 3210 2435 3282 σκληρῷ
2473 3212 2780 3266 ἐπιϐάλλειν
2818 3213 2911 3266 καὶ
2951 3215 3274 3286 συγκρούειν
3304 3218 3519 3273 κωλύει.
3557 3221 3782 3290 Μεγάλι

2214 3303 2322 3374 γὰρ
2347 3302 2489 3372 φιλεῖ
2519 3305 2801 3359 τίκτεσθαι
2835 3305 2980 3360 κακὰ
3008 3309 3070 3360 ὲκ
3093 3307 3194 3378 τῆς
3228 3310 3334 3362 τῶν
3365 3312 3610 3383 σκληρῶν
3643 3332 3780 3384 συμ-

2216 3393 2412 3464 μίξεως
2456 3394 2550 3448 καὶ
2584 3395 2985 3466 συγκρούσεως.
3021 3399 3091 3451 Ἣ
3127 3400 3218 3452 τὸν
3253 3401 3411 3469 φόνον
3443 3403 3517 3466 ὼς
3563 3407 3780 3478 πορρω-

2211 3485 2358 3540 τάτω
2401 3486 2500 3556 τῆς
2553 3487 2778 3558 καρδίας
2837 3488 2945 3543 τῶν
2999 3490 3300 3562 ἀνθρώπων
3351 3495 3635 3548 ἐκϐάλλει·
3687 3501 3780 3552 καὶ

2211 3577 2357 3648 μάλα
2383 3577 2623 3642 δικαίως.
2645 3579 2710 3630 Ei
2738 3577 2846 3651 γὰρ
2877 3580 2938 3632 ού
2966 3580 3068 3651 χρὴ
3098 3581 3229 3652 λίθῳ
3253 3582 3329 3653 τῷ
3349 3586 3781 3658 οἰκοδομουμένῳ

2208 3669 2288 3730 εἰς
2319 3665 2415 3738 τὴν
2441 3667 2534 3721 τοῦ
2576 3668 2957 3740 θυσιαστηρίου
3000 3673 3378 3743 κατασκευὴν,
3420 3675 3452 3744 ἢ
3493 3677 3584 3729 τοῦ
3623 3678 3776 3743 ναοῦ,

531 3769 769 3842 σιδήριον
814 3769 1139 3835 ἐπιϐάλλειν,
1187 3770 1302 3834 πῶς
1337 3771 1396 3823 ού
1445 3769 1643 3841 μᾶλλον
1690 3761 2092 3837 ἀπαγορευτέον
2139 3757 2199 3812 τὸ
2241 3757 2456 3828 σίδηρον
2507 3759 2806 3829 ἁρπάζειν,
2846 3761 2940 3814 καὶ
2981 3763 3130 3817 ,κατὰ
3162 3763 3256 3816 τοῦ
3303 3765 3528 3836 πλησίον
3579 3771 3775 3840 φονᾷν;

603 3885 675 3938 lli
715 3887 926 3940 stabunt
978 3887 1276 3942 benedicere
1320 3889 1568 3957 papulum
1589 3888 1657 3941 θ’.
1691 3883 2099 3942 Observandum

2280 3871 2457 3932 Οὗτοι
2485 3877 2820 3945 στήσονται
2862 3881 3136 3950 εὐλογεῖν
3159 3881 3268 3935 τὸν
3296 3885 3467 3939 λαόν.
3524 3883 3777 3959 Παρατη-

527 3989 612 4033 cst
656 3995 752 4033 eos
793 3980 883 4048 qui
917 3981 982 4032 ad
1019 3981 1442 4035 benedicendum
1491 3989 1827 4044 statuuntur,
1857 3993 1887 4033 e
1917 3975 2100 4031 liberis

2216 3972 2394 4039 ρητέον
2421 3969 2504 4022 ὅτι
2531 3971 2579 4021 oi
2609 3969 2851 4038 εὐλογεῖν
2877 3971 3164 4042 ταχθέντες
3193 3973 3302 4028 ἀπὸ
3325 3976 3433 4030 τῶν
3471 3977 3772 4050 ἐλευθέρων

529 4083 583 4125 et
613 4073 856 4141 cognatis
880 4071 1047 4127 Jacob
1075 4072 1394 4128 mulieribus
1421 4083 1575 4127 natos
1600 4089 1756 4138 esse;
1795 4071 1888 4141 qui
1919 4079 2097 4124 autem

2216 4058 2475 4126 γυναικῶν
2525 4060 2619 4112 καὶ
2668 4063 2944 4129 συγγενῶν
2992 4065 3087 4117 τοῦ
3127 4065 3320 4120 Ἰακὼϐ
3370 4070 3769 4142 ἐγεννήθησαν

530 4165 596 4214 ad
631 4161 1056 4217 maledicendum
1103 4162 1154 4216 in
1192 4172 1373 4218 monte
1419 4162 1588 4219 Gebal
1633 4162 1993 4226 collocantur,
2027 4175 2093 4214 ex

2216 4151 2345 4203 >ύτω
2369 4152 2418 4202 οἱ
2453 4151 2520 4228 δε
2536 4152 2880 4221 καταρᾶσθαι
2924 4155 3308 4227 ἅφορισθέντες
3337 4161 3445 4213 ἀπὸ
3480 4162 3574 4216 τοῦ
3614 4163 3775 4233 ὅρους

527 4254 741 4308 ancillis
767 4262 914 4308 ortos
941 4269 1089 4318 esse,
1116 4257 1358 4326 exceptis
1389 4255 1577 4311 Ruben
1607 4264 1661 4312 et
1697 4253 1954 4310 Zabulon.
1982 4251 2099 4308 Stat

2216 4241 2396 4306 Γεϐὰλ,
2427 4242 2534 4298 ἀπὸ
2560 4243 2669 4297 τῶν
2716 4245 3016 4302 παιδισκῶν
3049 4245 3208 4320 ἦσαν,
3255 4252 3393 4324 πλὴν
3418 4254 3516 4308 τ.ῦ
3551 4255 3774 4326 Ῥουσὶμ

533 4345 727 4398 Ιιιιὺοη
771 4359 893 4399 cum
947 4344 1420 4416 maledicentibns,
1445 4356 1631 4418 utpote
1689 4346 2002 4400 maledictus
2044 4353 2098 4396 et

2216 4337 2298 4390 καὶ
2328 4336 2421 4390 τοῦ
2463 4336 2764 4393 Ζαϐουλὼν.
2792 4339 3059 4393 Τέτακται
3085 4341 3140 4394 δὲ
3165 4345 3201 4396 ὁ
3242 4344 3468 4416 Ῥουϐὶμ
3503 4349 3639 4416 μετὰ
3665 4347 3771 4400 τῶν

535 4438 649 4504 ipse
677 4453 705 4489 a
741 4447 916 4506 patre.
946 4439 1097 4504 Quod
1124 4441 1168 4494 si
1199 4449 1252 4493 et
1288 4438 1566 4492 maledixit
1591 4436 1744 4504 Levi,
1786 4445 1840 4490 at
1881 4438 2095 4490 redem-

526 4541 654 4598 ptus
687 4538 769 4583 est
802 4531 1119 4585 sacerdotali
1166 4531 1446 4600 dignitate.
1478 4528 1609 4582 Nam
1641 4530 1874 4581 maxime
1913 4539 2097 4580 sacer-

527 4620 668 4674 dotis
706 4629 784 4673 est
835 4621 1086 4690 populum
1133 4621 1474 4674 benedicere.
1531 4616 1801 4672 Praeterea
1843 4615 2090 4679 Simeon,

521 4714 716 4784 quippe
742 4713 834 4782 qui
872 4713 923 4766 in
961 4714 1136 4766 medio
1177 4713 1349 4767 tribus
1399 4710 1550 4765 Iudae
1579 4710 1872 4772 habitaret,
1908 4718 1962 4761 et
1994 4719 2090 4760 ceu

521 4820 646 4872 pars
677 4804 821 4859 illius
859 4812 1022 4866 cssct,
1068 4803 1271 4857 idcirco
1317 4802 1406 4857 ubi
1434 4800 1634 4866 ludas,
1675 4799 1748 4854 ibi
1777 4807 1831 4854 et
1869 4797 1957 4852 bic
1993 4811 2091 4850 nu-

519 4908 784 4952 moratur.

595 5099 658 5153 Et
696 5102 807 5154 lucc
852 5101 1157 5162 benedictio,
1186 5116 1289 5170 qua
1319 5097 1578 5152 benedixit
1627 5095 1834 5165 Moyses
1855 5094 1923 5147 ³³.
1952 5093 2088 5147 Pro-

515 5193 710 5261 pbctia:
737 5187 924 5256 Jacob,
954 5205 1059 5242 non
1096 5203 1287 5242 omnes
1327 5187 1733 5241 benedictioncs
1769 5193 1948 5248 erant,
1981 5197 2084 5237 non

512 5298 702 5338 omnes
735 5281 1160 5336 rnaledictiones.
1202 5278 1402 5349 Moysis
1447 5286 1629 5331 autem
1681 5275 2082 5346 praedictiones,

513 5388 720 5429 cuncta:
751 5383 906 5430 erant
935 5373 1355 5429 benedictiones.

583 5467 651 5520 Et
683 5468 946 5537 festinavit
984 5481 1050 5522 ea:
1086 5476 1259 5519 monte
1306 5464 1524 5519 Pltaran
1550 5464 1617 5518 ³⁵.
1665 5462 1776 5518 Hoc
1818 5471 1933 5528 est,
1979 5473 2083 5513 non

2203 4430 2622 4500 καταρωμένων,
2647 4431 2723 4494 ὡς
2756 4433 2849 4485 καὶ
2881 4432 3264 4505 καταρώμενος
3290 4436 3394 4489 ὑπὸ
3426 4436 3520 4490 τοῦ
3550 4439 3766 4509 πατρός.

2202 4519 2264 4571 Εἰ
2291 4519 2346 4572 δὲ
2397 4521 2489 4573 καὶ
2524 4521 2613 4575 τὸν
2654 4523 2786 4574 Λευὶ
2836 4527 3202 4596 κατηράσατο,
3258 4525 3394 4579 ἀλλὰ
3441 4526 3770 4598 λελύτρωται

2201 4611 2364 4674 αὐτὸς
2390 4615 2454 4682 τῇ
2481 4613 2726 4684 ίερατικῇ
2754 4613 2898 4685 ἀξίᾳ.
2934 4614 3185 4668 Μάλιστα
3213 4613 3321 4685 γὰρ
3348 4617 3538 4688 ίερὲως
3566 4618 3682 4670 ἐστὶ
3709 4619 3771 4670 τὸ

2197 4703 2290 4757 τὸν
2317 4703 2444 4756 λαὸν
2471 4704 2727 4772 εὐλογεῖν.
2764 4705 2922 4758 Ἀλλὰ
2955 4705 3052 4758 καὶ⁸
3077 4708 3106 4759 ὁ
3144 4705 3366 4776 Συμεὼν
3409 4707 3485 4771 ὡς
3525 4711 3581 4762 ὲν
3618 4709 3768 4779 μέσῳ

2199 4795 2299 4865 τῆς
2343 4795 2506 4849 Ἰούδα
2537 4797 2705 4868 φυλῆς
2744 4799 2989 4868 οἰκήσας,
3029 4798 3122 4850 καὶ
3155 4797 3345 4869 ὥσπερ
3393 4799 3558 4872 μέρος
3598 4800 3769 4871 αὐτῆς

2199 4888 2466 4956 γεγονὼς,
2515 4890 2603 4944 διὰ
2659 4889 2815 4943 τοῦτο
2863 4891 2998 4943 ὅπου
3038 4889 3271 4953 Ἰούδας,
3308 4892 3425 4944 ἐκεῖ
3459 4894 3551 4945 καὶ
3603 4892 3769 4957 αὐτὸς

2191 4980 2532 5050 ἀριθμεῖται,

2260 5094 2372 5146 Καὶ
2400 5095 2550 5163 αὕτη
2589 5096 2627 5164 ἡ
2659 5094 2903 5164 εὐλογία
2938 5093 3018 5162 ἣν
3053 5095 3363 5166 ηὑλόγησε
3391 5098 3670 5167 Μωῦσῆς.
3697 5101 3766 5153 Δί

2195 5187 2346 5257 παρὰ
2384 5187 2576 5240 Ἰακὼϐ
2604 5175 2954 5258 προρρήσεις,
2982 5186 3106 5240 ο-ύτε
3135 5191 3302 5244 πᾶσαι
3335 5189 3576 5259 εὐλογίαι
3597 5187 3760 5262 ἦσαν,

2191 5277 2314 5330 οὔτε
2349 5281 2518 5334 πᾶσαι
2554 5281 2717 5352 ἀραί·
2749 5283 2802 5334 αἱ
2836 5280 2892 5332 δὲ
2935 5280 3084 5351 παρὰ
3123 5283 3420 5348 Μωῦσέως,
3452 5285 3625 5336 πᾶσαι
3665 5282 3756 5336 εὖ·

2195 5368 2394 5437 λογίαι.

2265 5465 2376 5517 Καὶ
2423 5463 2842 5521 κατέσπευσεν
2886 5464 2956 5530 ἐξ
3007 5465 3185 5534 ὅρους
3223 5465 3446 5534 Φαράν.
3495 5464 3761 5522 Τουτέστι

583 5621 628 5653 θθ
665 5619 820 5675 Deut.
849 5637 973 5691 xxv,
1005 5621 1058 5676 5.
1136 5621 1178 5655 ⁹¹
1218 5620 1370 5678 Deut.
1402 5634 1568 5687 xxvn,
1601 5619 1654 5677 5.
1725 5618 1770 5652 "
1812 5618 1968 5675 Deut.
2003 5631 2178 5685 xxv",
2209 5616 2293 5674 l2.
2365 5601 2416 5672 ’ἒ
2451 5619 2604 5674 Deut.
2634 5633 2831 5687 xum,
2861 5619 2911 5673 l.
2988 5618 3034 5652 ”
3070 5618 3200 5675 ibid.
3224 5620 3278 5672 2.
