4104 6226
456 317 561 374 8ξ5
755 361 768 374 ,
1482 313 1551 368 ΙΝ
1588 310 1850 368 LIBRUM
1887 311 2052 367 JESU
2085 311 2269 366 NAVE
2307 312 2593 368 llOMlLIA
2620 314 2661 370 I.
3629 325 3732 386 826

456 429 764 486 venerabilis
789 437 939 498 pater
973 429 1265 497 Chromati,
1296 430 1552 502 injungis,
1584 441 1630 484 et
1668 430 1913 498 prtccipis
1945 429 2118 492 nobis,
2147 439 2199 482 ut
2236 429 2438 500 aliquid
2465 432 2533 484 ad
2565 432 2973 500 mdiﬁcationent
3002 442 3050 488 et
3098 436 3543 493 constructionem
3574 437 3738 496 divini

458 522 786 577 tabernaculi
822 538 887 576 ea:
921 518 1226 576 Grtecorum
1263 524 1448 590 apibus
1487 523 1602 596 (25)
1631 533 1678 578 et
1711 523 1875 592 copiis
1911 524 2271 590 conferamus,
2297 527 2662 580 oratiunculas
2695 543 2821 581 xxvr
2852 528 2904 580 in
2936 528 3123 582 Jesum
3149 529 3319 596 Nave,
3361 551 3493 604 quas
3514 546 3734 590 extem-

459 629 584 682 pore
610 615 666 668 in
702 613 942 668 Ecclesia
966 614 1230 680 peroravit
1253 613 1611 668 Adamantius
1643 629 1822 678 senex,
1866 630 1930 667 ex
1953 610 2137 666 (Συ-ατο
2173 613 2286 684 (ει)
2328 613 2512 668 Latine
2541 617 2637 668 tibi
2670 633 2765 684 pro
2796 617 2986 692 virium
3019 634 3256 672 mearum
3283 623 3544 688 parvitate
3575 625 3740 680 disse-

457 710 683 762 ruimus.
719 707 818 762 Tui
853 725 980 762 sane
1015 708 1183 762 nostri
1213 711 1466 779 temporis
1504 707 1820 763 Beselehelis
1859 708 2058 776 judicii
2101 708 2191 770 sit,
2227 709 2282 762 in
2316 710 2398 763 his
2424 727 2542 778 qua:
2569 713 2864 780 offerimus,
2891 715 3103 768 etiamsi
3142 717 3274 770 nihil
3311 719 3578 773 invenitur
3614 723 3738 776 au'i

462 802 584 872 puri
611 801 750 869 quod
785 801 854 854 ad
894 799 1064 854 altare
1095 802 1342 870 proficiat
1368 841 1384 868 ,
1416 820 1509 856 nec
1556 803 1760 872 argenti
1800 801 1940 870 quod
1979 800 2345 854 columnarum
2384 802 2635 858 Ecclesite
2666 806 2815 858 bases
2857 808 3045 876 efﬁciat
3074 818 3168 862 aut
3212 812 3393 880 capita
3439 815 3667 881 decoret,
3690 817 3737 870 si

461 891 637 945 nu'lus
666 907 730 945 ea:
758 892 838 944 Itis
867 892 919 944 in
954 891 1063 946 illis
1093 891 1361 962 lapidibus
1387 894 1615 948 inven—iri
1654 902 1823 962 potest
1855 892 1949 960 qui
1997 890 2138 959 logia
2184 892 2415 948 insertus
2444 894 2752 964 pontiﬁcale
2785 907 3010 952 vestrum
3055 913 3105 952 et
3142 901 3443 957 divinorum
3471 904 3582 977 (25)
3620 922 3743 961 con-

458 984 624 1037 scium
659 994 841 1050 pectus
872 995 1107 1044 exornet,
1161 995 1214 1038 at
1253 995 1388 1041 certe
1429 987 1728 1056 perspicere
1760 983 1874 1054 (26)
1921 984 1969 1038 si
1999 984 2076 1036 vel
2104 1001 2361 1054 purpura:
2388 987 2579 1058 aliquis
2611 989 2666 1042 in
2704 989 2786 1042 Itis
2807 1028 2821 1052 ,
2867 999 2913 1042 et
2944 991 3074 1059 regii
3108 991 3337 1058 decoris,
3383 1002 3473 1046 aut
3506 995 3664 1060 cocci,
3687 1005 3737 1050 et

461 1076 667 1143 mystici
697 1076 902 1128 cruoris
927 1075 1070 1129 color
1092 1075 1208 1145 (27)
1237 1077 1527 1132 intexitur:
1556 1078 1602 1132 si
1633 1078 1761 1147 quid
1786 1077 2075 1146 puritatem
2107 1073 2247 1145 byssi
2274 1079 2532 1145 imitetur,
2566 1089 2616 1133 et
2654 1079 3022 1149 fortitudinem
3057 1082 3178 1144 lini,
3210 1091 3257 1135 et
3289 1083 3508 1151 dignum
3532 1085 3736 1154 aliquid

460 1167 650 1220 habent
673 1168 1094 1222 sacerdotalibus
1130 1171 1456 1225 indumentis
1481 1187 1500 1225 :
1534 1180 1802 1239 postremo
1825 1170 1870 1223 si
1895 1170 1972 1223 vel
2009 1173 2198 1226 rubras
2221 1172 2366 1242 apud
2397 1187 2490 1225 nos
2518 1171 2697 1237 pelles,
2729 1173 3097 1227 verecundiam
3135 1173 3330 1241 frontis
3369 1177 3637 1229 invenias:
3665 1176 3736 1230 ad

462 1261 703 1313 u’timum
732 1262 778 1314 si
802 1261 877 1316 vel
911 1279 1192 1331 caprarum
1233 1276 1370 1319 certe
1415 1265 1650 1331 reperias
1683 1263 1842 1333 pilos,
1875 1266 2065 1333 quibus
2091 1264 2173 1318 vel
2196 1267 2475 1334 penuriam
2507 1274 2741 1318 nostram
2765 1274 3022 1333 legamus,
3049 1275 3140 1317 aut
3167 1266 3216 1318 si
3247 1281 3379 1335 quas
3413 1267 3733 1320 incurrimus

459 1351 640 1409 culpas
667 1353 958 1418 paenitendo
983 1370 1288 1424 purgemus.
1341 1354 1530 1409 Totum
1560 1371 1684 1424 ergo
1725 1353 1823 1407 Itoc
1863 1355 1928 1407 de
1961 1365 2051 1409 tuo
2073 1354 2286 1424 judicio
2317 1356 2559 1421 pendeat.
2603 1354 2662 1410 Si
2694 1357 2821 1425 quid
2859 1372 2984 1410 sane
3010 1367 3088 1410 est
3113 1357 3254 1425 quod
3285 1356 3492 1425 placere
3536 1367 3730 1428 potest,

459 1441 555 1492 hoc
573 1443 638 1494 sit
666 1446 896 1499 auctoris
914 1460 933 1497 :
953 1461 1116 1514 neque
1146 1447 1285 1498 enim
1312 1462 1430 1515 qua:
1453 1445 1574 1499 aliis
1591 1445 1771 1498 labore
1793 1456 1950 1514 parta
1974 1456 2096 1500 sunt
2121 1447 2374 1516 diripere,
2397 1456 2442 1500 et
2462 1456 2656 1501 nostra:
2679 1447 2827 1500 laudi
2852 1447 3128 1516 applicare
3141 1447 3346 1517 justum
3373 1461 3645 1518 putamus.
3674 1452 3733 1506 Si

457 1548 574 1586 vero
603 1535 705 1587 vim
737 1553 1006 1598 sensuum,
1033 1536 1202 1590 oratio
1231 1537 1419 1590 inculti
1452 1537 1706 1590 sermonis
1736 1547 2031 1606 exasperat,
2068 1540 2166 1593 Itoc
2199 1539 2274 1593 vel
2309 1539 2471 1605 mihi,
2500 1539 2603 1606 vel,
2630 1549 2686 1594 ut
2725 1555 2846 1593 cum
2894 1546 2988 1593 tua
3043 1541 3189 1594 venia
3231 1540 3479 1607 dixerint,
3512 1543 3608 1598 tibi
3636 1543 3736 1613 ipsi

459 1637 722 1696 reputato,
750 1629 839 1697 qui
871 1646 1001 1697 opus
1028 1630 1169 1699 qttod
1196 1633 1420 1684 eruditis
1447 1633 1654 1686 deberet
1686 1631 1801 1702 (28)
1836 1631 2065 1702 injungi,
2099 1634 2296 1702 expetis
2327 1634 2391 1687 ab
2421 1634 2668 1687 indoctis.

506 1780 3736 1810 ._._______________________________________

1755 1913 2432 2029 ORIGENIS

1024 2146 1604 2241 HOMIle
1691 2147 1816 2240 t-N
1899 2133 2360 2238 IIBRUM
2436 2113 2721 2241 JESU
2801 2153 3160 2248 NAVE.

862 2447 1026 2519 397
1069 2446 1351 2502 ilOMlLIA
1389 2447 1626 2505 PRIML
2063 2455 2108 2510 Α
2140 2451 2322 2516 Isaac;
2357 2451 2452 2504 sed
2491 2465 2593 2505 nec
2641 2448 3018 2519 supplantator
3042 2449 3214 2506 Jacob
3240 2491 3256 2517 ,
3310 2465 3410 2507 nec
3451 2451 3741 2522 quisquam

532 2543 583 2596 l.
630 2541 858 2596 Donavit.
892 2541 1036 2596 Deus
1071 2557 1269 2595 nomen
1295 2583 1310 2608 ,
1367 2544 1510 2612 quod
1552 2553 1637 2597 est
1679 2559 1843 2612 super
1885 2559 2046 2598 omne

461 2648 654 2688 nomen
675 2632 810 2704 (29),
833 2632 1058 2688 Domino
1075 2640 1123 2686 et
1146 2631 1412 2686 Salvatori
1443 2645 1626 2686 nostro
1651 2632 1778 2688 Jesu
1804 2635 2042 2690 Christo.

462 2727 560 2780 list
607 2735 788 2780 autem
850 2739 1044 2778 nomen
1077 2725 1219 2793 quod
1277 2735 1360 2778 est
1417 2740 1579 2792 super
1623 2741 1788 2780 omne
1848 2742 2044 2780 nomen

459 2815 637 2872 lesus.
680 2815 744 2870 Et
779 2815 904 2885 quia
935 2825 1019 2869 est
1045 2815 1186 2869 istud
1212 2829 1409 2869 nomen
1443 2831 1605 2883 super
1633 2832 1792 2870 Otllnc
1825 2833 2044 2883 nomen,

461 2912 664 2966 idcirco
706 2912 757 2964 in
795 2911 1014 2964 nomine
1055 2907 1179 2965 lesu
1229 2925 1392 2965 omne
1437 2924 1574 2980 genu
1615 2909 1850 2963 ﬂectitur
1883 2910 2046 2964 cmic-

461 3005 649 3068 stium,
683 3002 1026 3058 terrestrium
1049 3041 1063 3065 .
1099 3009 1154 3057 et
1189 3001 1525 3056 inlernorum
1561 3003 1628 3055 "'.
1679 3001 1744 3055 Et
1796 3002 1923 3070 quia
1965 3011 2049 3057 est

462 3097 564 3150 hoc
601 3110 796 3149 nomen
843 3111 1008 3165 super
1045 3109 1207 3149 omne
1239 3109 1437 3148 nomen
1472 3111 1486 3150 :
1517 3093 1721 3149 idcirco
1757 3095 1810 3149 in
1863 3095 2048 3150 multis

461 3185 909 3253 generationibus
980 3199 1010 3236 a
1082 3183 1230 3238 nullo
1285 3185 1728 3254 cognominatum
1779 3195 1862 3241 est
1909 3185 2044 3256 (50).

461 3275 697 3345 Scripsit
725 3275 934 3344 Moyses
957 3275 1153 3328 librum
1172 3275 1420 3341 Genesis,
1441 3278 1491 3330 in
1511 3293 1618 3346 quo
1639 3278 1868 3346 legimus
1882 3286 1918 3333 Α
1932 3280 2052 3333 bra-

463 3367 614 3430 hnn,
640 3375 696 3420 et
735 3381 830 3420 eos
855 3364 947 3435 qui
977 3379 1042 3416 ex
1071 3379 1137 3418 eo
1163 3365 1405 3433 generati
1441 3376 1592 3430 sunt,
1619 3368 1670 3419 in
1701 3367 1899 3434 quibus
1922 3374 2050 3421 sunt

457 3459 588 3528 justi
628 3459 1047 3527 quamplurimi;
1081 3457 1174 3510 sed
1205 3455 1380 3510 nullus
1409 3472 1472 3509 ex
1498 3457 1629 3525 ipsis
1656 3455 1817 3512 Jesus
1843 3455 2046 3511 meruit

465 3551 759 3607 nominari.
795 3549 980 3618 Neque
1009 3548 1144 3602 Abel
1181 3547 1337 3602 lesus
1362 3549 1537 3604 dictus
1570 3558 1653 3603 est
1677 3589 1691 3612 ,
1739 3564 1916 3618 neque
1959 3549 2048 3604 ille

464 3643 554 3713 qui
583 3642 746 3710 cmpit
782 3641 1037 3695 invocare
1070 3654 1266 3692 nomen
1305 3639 1516 3693 Domini
1549 3639 1678 3705 Dei;
1732 3655 1912 3708 neque
1959 3640 2048 3694 ille

460 3737 552 3807 qui
611 3735 815 3804 placuit
855 3734 988 3796 Deo,
1043 3741 1094 3786 et
1128 3729 1425 3785 translatos
1492 3741 1616 3795 est,
1684 3732 1839 3801 cujus
1902 3746 2047 3785 mors

2149 2557 2214 2596 ex
2272 2543 2398 2597 ﬁliis
2456 2542 2595 2611 ejus.
2664 2541 2880 2613 Moyses
2908 2543 3084 2597 ﬁdelis
3127 2550 3246 2597 erat.
3289 2543 3342 2598 in
3389 2544 3536 2598 omni
3580 2546 3744 2600 domo

2148 2631 2264 2699 ejus
2300 2632 2437 2701 ('52).
2467 2642 2521 2686 et
2555 2633 2794 2686 nomium
2830 2642 3008 2687 tamen
3041 2642 3268 2688 vocatus
3297 2643 3379 2689 est
3405 2633 3584 2690 lesus.
3632 2634 3740 2690 Sed

2147 2723 2272 2780 Jesu
2313 2739 2508 2779 nomen
2550 2726 2727 2791 primo
2777 2724 2891 2793 (55)
2943 2724 3163 2778 invenio
3192 2726 3244 2779 in
3275 2725 3464 2780 Exodo
3490 2745 3504 2792 ;
3535 2735 3588 2781 et
3617 2726 3742 2782 volo

2151 2816 2344 2870 intueri
2372 2817 2592 2884 quando
2624 2815 2860 2883 primum
2901 2828 3096 2868 nomen
3126 2812 3252 2869 lesn
3293 2816 3740 2886 cognominatur.

2154 2924 2173 2958 ι
2199 2904 2381 2966 Venit,
2412 2905 2589 2974 inquit
2612 2905 2680 2967 ’⁸,
2711 2901 2956 2966 Amalec,
2986 2911 3041 2957 et
3067 2905 3414 2974 expugnabat
3445 2904 3608 2960 Israel
3639 2945 3654 2970 ,
3689 2914 3745 2959 et

2150 2999 2286 3052 dixit
2314 2998 2526 3068 Moyses
2555 2997 2619 3050 ad
2644 2995 2829 3050 lesum
2864 3000 2918 3054 in
2947 2997 3235 3068 Bapbidim
3271 2996 3406 3066 (54).
3441 3016 3460 3050 ι
3498 2996 3625 3052 ll:ec
3657 3004 3742 3051 est

2151 3083 2324 3160 prima
2361 3089 2648 3158 appellatio
2682 3092 2919 3148 nominis
2945 3091 3096 3146 Jesu.
3132 3107 3150 3141 ι
3192 3088 3364 3160 Elige,
3394 3089 3592 3158 inquit,
3642 3089 3741 3144 tibi

2149 3182 2299 3234 viros
2330 3189 2581 3250 potentes
2609 3196 2676 3236 ex
2704 3183 2956 3237 omnibus
2989 3181 3114 3235 ﬁliis
3148 3179 3346 3244 Israel,
3375 3189 3432 3235 et
3456 3182 3742 3249 egredere,

2151 3283 2207 3328 et
2234 3271 2468 3342 conﬂige
2493 3287 2616 3326 cum
2660 3273 2885 3328 Amalec
2919 3273 3186 3328 crastino.
3210 3291 3228 3322 ι
3265 3271 3478 3342 Moyses
3513 3271 3741 3326 conﬁte-

2155 3374 2241 3418 tnr
2267 3380 2372 3418 non
2413 3379 2572 3432 posse
2604 3378 2663 3419 se
2705 3365 3009 3419 exercitum
3060 3366 3291 3430 ducere,
3350 3363 3643 3417 confitetur
3681 3376 3744 3417 se

2153 3473 2258 3511 non
2287 3471 2445 3525 posse
2470 3456 2715 3512 obtinere
2736 3495 2750 3519 ,
2780 3457 3031 3526 quamvis
3055 3472 3181 3511 eum
3233 3457 3301 3512 de
3336 3466 3480 3511 terra
3517 3453 3738 3526 Epypti

2152 3549 2425 3604 eduxerit.
2488 3547 2553 3601 Et
2602 3547 2746 3613 ideo,
2789 3547 2970 3618 inquit
3015 3548 3156 3618 (55),
3199 3549 3419 3603 vocavit
3466 3546 3649 3603 lesum
3685 3557 3740 3602 et

2150 3641 2330 3694 dixit:
2366 3657 2384 3690 t
2412 3639 2564 3709 Elige
2607 3639 2700 3693 tibi
2749 3638 2934 3703 viros,
2972 3647 3028 3693 et
3061 3640 3346 3709 egredere.
3385 3658 3404 3692 ι
3453 3639 3612 3693 Vides
3653 3641 3737 3694 cui

2151 3733 2377 3786 cesserit
2434 3731 2635 3785 bellum
2685 3746 2880 3802 gerere
2922 3731 3214 3786 adversum
3257 3731 3498 3787 Amalec.
3547 3732 3604 3785 ln
3638 3733 3741 3786 hoc

461 3829 678 3882 inventa
711 3842 816 3880 non
854 3833 969 3889 est;
1019 3839 1192 3892 neque
1233 3823 1321 3876 ille
1348 3823 1441 3891 qni
1479 3823 1532 3876 in
1565 3823 1920 3893 generatione
1949 3839 2044 3877 sua
2079 3810 2119 3863 Β
2151 3824 2384 3892 primum
2407 3821 2519 3892 (56)
2549 3837 2744 3878 nomen
2765 3823 3024 3878 discimus
3051 3820 3204 3883 lesu,
3225 3821 3313 3876 ubi
3347 3837 3471 3876 eum
3502 3822 3738 3890 primmn

461 3919 608 3973 solus
651 3918 830 3986 justus
859 3917 1111 3970 inventus
1149 3927 1234 3970 est
1278 3915 1420 3985 apud
1457 3915 1623 3970 Deum
1655 3913 1770 3970 Noe
1800 3932 1813 3968 :
1847 3917 1940 3970 sed
1981 3933 2048 3972 ne

457 4013 578 4082 ipse
630 4011 846 4080 quidem
891 4008 985 4076 qui
1037 4007 1496 4077 rcpromissiones
1548 4019 1838 4077 acceperat
1884 4016 2050 4062 testa-

459 4103 625 4159 menti
674 4101 947 4154 Abrabam
981 4099 1136 4166 (3|);
1181 4115 1279 4154 nec
1313 4100 1402 4153 ille
1428 4099 1521 4168 qui
1553 4113 1619 4154 ex
1665 4113 1731 4154 eo
1766 4110 1925 4156 natus
1960 4110 2046 4155 est.

529 4217 576 4248 "
603 4215 798 4284 Philip.
833 4231 892 4278 ιι,
921 4214 1090 4279 9,10.
1167 4215 1212 4247 ²⁹
1239 4213 1406 4268 Exod.
1430 4230 1564 4281 ml,
1588 4214 1644 4284 8,
1668 4215 1702 4271 9

535 4333 648 4404 (9.5)
671 4333 890 4405 Opibus.
923 4332 1264 4405 Unnscodex
1287 4333 1636 4389 Ebroicensis
1665 4351 1684 4386 t
1713 4334 1996 4405 operibus,
2025 4354 2044 4387 ι

465 4403 653 4470 sicque
679 4404 841 4455 etiam
880 4404 1039 4456 habet
1071 4403 1482 4458 Cemeticensis.

479 4502 482 4504 —
532 4474 646 4544 (ει)
674 4470 756 4524 Ex
781 4471 988 4544 Grteco.
1020 4474 1178 4526 Deest
1212 4475 1261 4526 in
1291 4475 1678 4542 Sangerman.,
1706 4476 2048 4541 Ebroicensi,

461 4557 518 4600 et
546 4543 942 4614 'Gemeticgnsi.
977 4543 1140 4596 Paulo
1185 4553 1307 4612 post
1338 4548 1508 4598 codex
1539 4545 1828 4614 Sangerm.
1860 4547 2045 4610 habet,

466 4633 486 4666 ι
524 4613 776 4668 disserui.
810 4611 910 4665 Tui
937 4628 1066 4666 sane
1109 4611 1272 4669 nostri
1311 4616 1572 4682 temporis
1601 4655 1614 4679 ,
1653 4611 1815 4671 ietc.
1863 4615 2046 4671 Codex

460 4684 874 4747 Cemeticensis,
911 4701 930 4733 ι
962 4684 1322 4738 disseruimus
1347 4723 1361 4747 ,
1398 4694 1456 4736 ιιι
1489 4686 1564 4738 ιιιί
1618 4701 1748 4740 sane
1778 4701 1921 4740 nunc
1952 4702 2049 4740 no-

464 4755 563 4809 Sll'i
590 4754 846 4820 temporis
875 4753 1116 4825 Boseleel
1145 4753 1471 4825 beneficium
1506 4755 1595 4819 sit,
1637 4775 1654 4806 ι
1685 4756 1872 4825 sicque
1903 4771 2044 4811 unus

464 4825 827 4885 Ebroieensis,
864 4823 964 4875 nisi
1010 4824 1152 4892 quod
1201 4839 1298 4890 pro
1356 4842 1374 4873 ι
1415 4823 1826 4879 disseruimus}
1885 4827 2046 4880 habet

467 4914 487 4945 ι
521 4894 856 4948 disserimus.
891 4913 910 4945 ι
937 4892 1082 4947 Libri
1111 4903 1269 4948 antea
1294 4895 1445 4953 editi,
1481 4913 1501 4945 ι
1536 4896 1792 4961 disserui,
1828 4904 1887 4948 ιιι
1913 4911 2044 4950 sane

459 4980 608 5019 nunc
643 4967 813 5018 nOStri
848 4966 1108 5032 temporis
1133 4963 1462 5017 Beselehelis
1486 4967 1675 5033 judicii
1709 4967 1800 5020 sit.
1841 4984 1859 5016 ι
1901 4965 2042 5018 Infra

459 5035 630 5088 codex
667 5033 1069 5088 Gemeticensis
1109 5045 1162 5087 et
1212 5049 1350 5086 unus
1399 5035 1784 5098 Ebt'oicensis,
1837 5052 1856 5084 ι
1899 5035 2040 5102 quod

462 5105 620 5156 altari
648 5103 916 5172 proﬁciat,
954 5121 1053 5158 nec
1079 5105 1286 5174 argenti
1322 5107 1464 5171 quod
1509 5107 1790 5160 columnas
1825 5104 1909 5158 vel
1938 5105 2040 5158 Ec—

459 5175 640 5228 clesia:
668 5175 848 5236 bases,
891 5192 908 5224 ι
942 5184 1049 5228 etc.

534 5244 649 5311 (‘25)
687 5244 844 5298 Libb.
871 5255 1032 5296 antea
1059 5245 1227 5306 editi,
1265 5267 1282 5297 ι
1323 5254 1413 5297 ant
1439 5244 1684 5309 eapitella
1717 5245 1954 5303 decoret,
1993 5244 2038 5295 si

463 5315 642 5369 nullus
672 5314 723 5366 in
759 5315 841 5368 bis
873 5313 979 5366 illis
1008 5315 1277 5382 lapidibus
1305 5317 1396 5382 qui
1431 5317 1572 5382 Iogio
1597 5316 1831 5367 insertus
1861 5315 2045 5378 ponti-

461 5385 617 5439 ﬁCale
653 5386 1035 5436 vestimentum
1087 5395 1139 5438 et
1184 5398 1422 5437 vestrum
1473 5386 1778 5438 divinorum
1807 5425 1821 5446 ,
1861 5401 1878 5433 ι
1912 5393 2048 5447 etc.,

461 5457 554 5510 sed
585 5469 774 5506 omnes
809 5471 938 5506 mss.
971 5465 1028 5506 ιιι
1058 5456 1110 5507 in
1147 5466 1337 5508 nostro
1369 5466 1536 5508 texto.

533 5526 646 5588 (26)
679 5525 859 5578 Codex
891 5523 1288 5578 Gemetirensis
1315 5565 1329 5587 ,
1365 5545 1381 5572 ι
1423 5525 1474 5576 id
1507 5532 1658 5577 certe
1709 5522 1955 5593 perspice
2002 5521 2045 5575 si

461 5594 549 5648 vel
593 5609 724 5661 pure
757 5593 963 5660 aliquid
1002 5595 1053 5646 in
1092 5597 1174 5648 his
1209 5595 1406 5664 egregii
1457 5594 1690 5656 decoris,
1731 5605 1787 5646 ιιι
1816 5594 1961 5664 ωιζυί
1996 5602 2049 5645 et

463 5655 914 5736 ittygsiiciicoloris
945 5665 1222 5721 intcxitut'.
1242 5655 1272 5718 ἶ
1309 5655 1382 5720 Ιῦι
1412 5681 1476 5734 qu
1503 5682 1621 5736 "(ne
1646 5655 1838 5735 legitur
1863 5655 1922 5717 ut
1943 5679 2047 5718 uno

461 5734 650 5790 codice
683 5734 1022 5791 Ebt'oiccnsi.

2149 3915 2394 3968 videmus
2444 3913 2559 3983 (57)
2614 3915 2806 3968 ducem
2864 3914 3318 3969 exercitus:non
3387 3916 3472 3968 cui
3523 3913 3737 3982 Moyses

2148 4004 2451 4073 injunxerit
2478 4004 2842 4074 principatum
2873 4043 2889 4068 ,
2919 4004 3013 4058 sed
3049 4005 3135 4058 cui
3179 4004 3410 4059 cesserit
3441 4003 3732 4074 primatum

2152 4096 2293 4170 (58).
2351 4094 2470 4152 Non
2527 4104 2708 4166 potest
2760 4095 2976 4166 Moyses
3031 4095 3233 4167 eligere
3273 4097 3419 4152 viros
3471 4104 3739 4166 potentes.

2226 4332 2339 4400 (27)
2375 4330 2556 4386 Color.
2584 4329 2748 4385 Deest
2778 4331 2830 4384 in
2867 4345 2964 4383 ms.
3003 4328 3488 4399 Sangermancnsi.

2232 4402 2343 4537 (28)
2379 4401 2504 4455 Mss.
2544 4419 2562 4452 t
2603 4401 2850 4454 deberet.
2901 4418 2918 4450 ι
2955 4400 3125 4461 Alias,
3163 4417 3182 4450 ι
3215 4401 3391 4452 debet.
3439 4418 3456 4451 ι

2232 4473 2320 4537 (29
2381 4472 2563 4525 Codex
2609 4471 2895 4537 Sangerm.
2936 4488 2955 4519 ι
2980 4485 3142 4537 supra
3176 4485 3338 4522 onine
3372 4486 3456 4522 not

2227 4471 2341 4539 (:29)
2381 4472 2563 4525 Codex
2609 4471 2895 4538 Sangerm.
2936 4488 2955 4519 ι
2980 4485 3142 4537 supra
3176 4485 3338 4522 onine
3372 4485 3585 4522 nomen.
3619 4487 3638 4520 ι

2227 4541 2342 4610 (50)
2383 4542 2562 4595 Codex
2599 4540 3013 4599 Gemetieensis,
3059 4557 3077 4589 ι
3116 4540 3320 4593 idcirco
3358 4541 3543 4610 multis
3580 4553 3744 4603 gene-

2158 4612 2458 4667 rationibus
2485 4611 2536 4662 in
2567 4611 2712 4665 nullo
2737 4611 3178 4681 cognominatum
3209 4621 3346 4674 est,»
3371 4609 3555 4678 sicque
3579 4610 3743 4662 habet

2155 4698 2292 4736 unus
2329 4681 2694 4736 Ebroicensis.

2224 4754 2337 4823 (⁸51)
2378 4751 2549 4823 Codd.
2606 4749 3018 4823 Gemeticensis
3062 4759 3116 4823 et
3174 4747 3542 4806 EbroiCensis,
3599 4746 3738 4799 «sed

2157 4820 2257 4876 nec
2293 4825 2403 4892 ipse
2420 4822 2640 4892 quidem
2664 4822 2755 4889 qui
2783 4820 3228 4888 repromissionis
3263 4827 3549 4885 acceperat
3574 4828 3740 4870 testa-

2152 4902 2413 4946 mentum.
2441 4911 2458 4942 υ

2222 4961 2334 5031 (52)
2380 4961 2546 5015 Domo
2597 4961 2732 5030 ejus.
2783 4960 2836 5012 In
2868 4957 3056 5012 codice
3091 4956 3553 5024 Sangermanensi
3587 4955 3742 5010 deest

2155 5050 2173 5081 ι
2218 5047 2356 5094 ejus.
2396 5051 2414 5083 ι

2222 5102 2334 5171 (55)
2366 5101 2535 5153 Codd.
2562 5100 2846 5171 Sangerm.
2878 5107 2933 5150 et
2963 5095 3382 5160 Cemeticensis,
3411 5096 3733 5166 «primuth

2070 5149 2112 5205 C
2153 5149 2836 5236 ιεῖιῖῖεῦἷιῖξ’ἱῇὶὲἰῖῖιόῖί»

2223 5243 2334 5312 (δι)
2377 5240 2556 5312 Codex
2596 5240 2904 5312 stingui-ni,
2941 5255 2958 5286 t
2993 5235 3260 5312 Ral'mlitn.
3289 5257 3306 5288 ι

2225 5304 2338 5380 (55)
2381 5311 2445 5362 Et
2473 5311 2610 5380 ideo,
2642 5304 2832 5380 inquit,
2866 5309 3072 5380 vocavit
3105 5307 3286 5362 Jesttut
3326 5317 3372 5360 et
3413 5307 3577 5362 dixit.
3615 5304 3739 5361 llaec

2155 5377 2350 5434 desunt
2388 5381 2438 5430 in
2481 5379 2670 5432 codice
2702 5377 3095 5432 Genteticensi.

2221 5453 2334 5516 (56)
2377 5449 2528 5508 Μςςη
2586 5467 2602 5497 t
2639 5451 2893 5514 primunt.
2927 5468 2943 5498 ι
2979 5447 3132 5500 Libb.
3169 5447 3324 5506 editi,
3366 5465 3385 5498 ι
3413 5448 3608 5515 primo.
3641 5466 3659 5496 ι

2219 5523 2332 5584 (57)
2380 5518 2619 5570 Primum
2657 5519 2909 5571 videmus.
2958 5519 3012 5571 In
3047 5521 3235 5572 codice
3267 5520 3555 5586 Sangerm.
3585 5521 3740 5572 deest

2157 5613 2172 5643 t
2205 5594 2462 5660 primum.
2497 5608 2514 5639 ι

2224 5662 2334 5729 (53)
2379 5661 2532 5727 Μδδη
2589 5677 2608 5710 ι
2635 5661 2952 5729 primatum.
2983 5676 3003 5710 ›
3058 5657 3210 5713 Libb.
3255 5657 3380 5714 editi
3409 5698 3422 5723 ,
3487 5676 3503 5708 t
3531 5655 3739 5726 princi-

2149 5743 2358 5802 patum.
2393 5749 2411 5784 ι
