4104 6226
434 259 538 314 827

1900 246 2216 308 ORIGENIS

3603 242 3726 306 828

438 375 582 441 «Τιι,
619 375 808 444 inquit,
844 375 984 444 elige
1017 374 1108 430 tibi
1157 373 1304 428 viros
1351 381 1598 442 potentes
1645 388 1711 428 ex
1756 372 2007 430 omnibus
2038 376 2082 432 Α
2181 369 2237 423 3-
2300 367 2418 433 QUO
2469 365 2630 436 ῑείιιιν
2694 363 2849 424 ηουίδ
2897 363 3014 426 hinc
3075 377 3270 423 ευηειθ
3323 371 3726 446 ιποερῑεῑυηιῖ

442 465 563 522 liliis
603 467 786 525 lsrael.
821 486 841 519 ι
899 466 997 520 llic
1040 481 1170 536 ergo
1201 467 1288 520 ubi
1341 467 1575 534 primum
1609 468 1759 521 disco
1812 482 2006 520 nomen

429 555 585 623 Jesu,
615 559 685 612 ilti
717 560 972 614 continuo
1004 559 1167 612 etiam
1201 560 1444 630 mystcrii
1496 560 1652 614 video
1698 574 2009 616 sacramenn

433 655 546 702 tum
580 666 596 706 :
629 649 777 703 ducit
802 650 944 703 enim
972 651 1271 704 exercitum
1297 648 1478 703 Jesns.

501 741 556 794 2.
604 759 622 791 ι
654 741 719 794 Ει
757 741 958 796 factum
995 754 1079 798 est
1115 758 1236 796 cum
1278 742 1564 798 extolleret
1610 760 1804 800 manus
1855 761 2006 814 snas,

432 831 803 887 invalescebat
856 834 1044 890 lsrael.
1104 835 1237 889 Cum
1291 845 1470 889 autem
1508 836 1767 905 dejiceret
1816 857 2010 895 manus

353 941 363 970 ι
430 937 578 985 suas,
613 923 974 978 invalescebat
998 924 1216 979 Amalec
1239 926 1304 980 ⁸ο.
1338 947 1356 979 ι
1394 927 1545 981 Tunc
1575 943 1700 996 ergo
1723 928 2008 985 invalescit

427 1013 585 1069 Jesus
611 1017 801 1086 magis.
852 1027 904 1071 et
935 1027 1061 1072 tunc
1103 1019 1294 1085 vincit,
1343 1019 1561 1088 quando
1591 1020 1808 1092 Moyses
1845 1024 2008 1092 erigit

430 1122 620 1158 manus
647 1122 792 1160 suas.
836 1108 1021 1163 Victus
1042 1117 1124 1164 est
1149 1120 1330 1164 autem
1356 1111 1584 1179 p0pulus
1623 1113 1712 1166 ille
1741 1116 1808 1169 ab
1843 1117 2006 1177 Ama-

430 1195 510 1250 lec
541 1196 674 1266 (39),
701 1198 954 1266 quoniam
981 1199 1093 1268 jam
1119 1217 1224 1255 non
1251 1204 1493 1272 erigebat
1519 1222 1707 1262 manus
1731 1222 1880 1271 suas,
1911 1211 2004 1266 sed

424 1296 584 1339 erant
646 1289 897 1343 demissa:
951 1292 1205 1346 deorsum
1252 1312 1266 1348 :
1306 1295 1378 1348 illi
1427 1307 1554 1351 sunt
1606 1300 1748 1353 enim
1807 1301 2004 1369 quibus

426 1377 628 1430 dicitur
657 1378 697 1410 ³⁸
729 1394 744 1432 :
781 1397 798 1430 α
825 1379 880 1434 Si
913 1383 1210 1438 crederetis
1242 1385 1448 1456 Moysi,
1489 1391 1790 1445 crederetis
1817 1393 2004 1461 utique

424 1476 474 1520 et
509 1469 657 1523 mibi.
690 1471 753 1525 Et
779 1488 906 1527 ecce
938 1490 1022 1528 me
1063 1477 1229 1532 vultis
1263 1481 1515 1538 occidere
1563 1485 1654 1550 qui
1687 1483 1859 1553 legem
1895 1501 2000 1540 non

426 1560 677 1615 facitis?)
716 1565 974 1620 Cessante
1006 1583 1240 1638 namque
1269 1570 1386 1639 lege
1415 1573 1552 1642 apud
1584 1574 1703 1629 illos
1731 1586 1785 1630 ot
1817 1578 1997 1644 operi-

422 1652 524 1711 bus
554 1653 717 1724 legis.
769 1657 897 1724 quia
941 1660 1067 1719 dum
1103 1676 1255 1723 suam
1289 1663 1558 1731 justitiam
1600 1675 1850 1735 unacrunt
1884 1677 1997 1720 sla-

425 1753 597 1810 tuere,
627 1745 852 1813 Ῑιιειὶίὶίε
875 1751 965 1804 Dei
997 1769 1100 1806 non
1135 1765 1259 1807 sunt
1303 1756 1556 1823 subiecti,
1587 1758 1838 1812 demissae
1869 1767 1994 1811 sunt

422 1853 616 1891 manus
645 1839 834 1912 Moysi,
872 1845 1096 1898 invaluit
1127 1847 1478 1903 incredulitas
1499 1891 1512 1913 ,
1562 1852 1796 1914 vinciIur
1827 1867 1996 1929 popu—

422 1926 523 1982 lus.
553 1928 658 1983 Sed
695 1943 747 1986 et
775 1931 983 2004 Nabad,
1020 1946 1069 1989 et
1098 1937 1276 1992 Abind
1301 1978 1314 2002 ,
1345 1951 1399 1992 et
1426 1940 1649 1994 Eleazar
1678 1926 1993 2011 relinquun-

421 2027 509 2070 tur
552 2021 602 2073 in
627 2027 845 2087 castris,
891 2038 945 2080 ut
977 2028 1218 2096 judicent
1246 2031 1496 2108 populum
1531 2033 1598 2083 ".
1651 2033 1996 2103 Relinquitur

417 2109 580 2164 etiam
613 2111 802 2170 Jotbor
827 2119 940 2188 (40)
969 2128 1023 2172 et
1078 2121 1193 2190 ipse
1250 2131 1307 2174 ut
1343 2121 1548 2190 judicet
1584 2124 1834 2193 populum
1868 2141 1992 2180 cum

415 2205 588 2263 eis”.
621 2207 779 2263 Jesus
828 2225 956 2265 vero
1008 2229 1111 2268 non
1158 2216 1574 2284 derelinquitur,
1609 2221 1703 2272 sed
1748 2223 1994 2288 sequitur

416 2293 635 2365 Moysen
689 2298 744 2352 itt
779 2310 1015 2357 utentem
1060 2319 1181 2359 cum
1220 2310 1454 2376 quadam
1491 2310 1793 2376 adjectione
1839 2315 1992 2368 verbi

418 2387 708 2453 mirabilis,
749 2393 800 2444 iu
844 2409 910 2447 eo
943 2397 1085 2464 quod
1124 2398 1254 2452 dicit
1299 2401 1423 2470 quia
1476 2403 1762 2459 assistebat
1800 2403 1991 2476 Moysi.

416 2477 697 2548 Quomodo
726 2484 1060 2538 assistebat?
1084 2503 1189 2541 non
1223 2499 1280 2542 ut
1308 2494 1600 2556 secundus,
1631 2511 1736 2549 non
1768 2506 1826 2550 ut
1859 2497 1994 2550 infe-

417 2576 550 2634 rior,
591 2576 686 2626 sed
747 2584 803 2628 ut
845 2577 1060 2644 adjutor
1096 2590 1148 2634 et
1189 2595 1497 2660 protegens.
1548 2589 1651 2642 Sed
1695 2589 1820 2642 illud
1877 2591 1991 2660 (41)

414 2667 574 2730 quale
603 2675 706 2730 est,
733 2669 874 2735 quod
903 2684 1026 2722 cum
1069 2672 1243 2738 primo
1273 2674 1579 2728 nominatus
1621 2688 1721 2740 est,
1774 2693 1877 2731 non
1906 2689 1992 2734 est

416 2755 709 2820 iudicatum
768 2775 961 2814 nomen
997 2765 1164 2831 patris
1195 2765 1336 2834 ejus,
1387 2783 1563 2836 neque
1617 2769 1668 2821 in
1730 2773 1990 2837 secundo,

415 2864 593 2917 neque
639 2850 691 2912 itt
735 2853 931 2918 tertio;
990 2871 1111 2909 eum
1147 2871 1276 2910 vero
1317 2868 1469 2926 pater
1513 2861 1630 2926 ejus
1680 2865 1994 2918 nominatur

414 2940 584 3005 Nave,
616 2953 739 2997 tunc
775 2945 886 3013 ipse
922 2962 1028 3000 non
1062 2946 1240 3010 Jesus,
1270 2951 1364 3003 sed
1396 2951 1539 3005 Ause
1571 2951 1808 3006 dicitur?
1847 2953 1994 3007 [uter

413 3048 508 3087 cos
553 3035 696 3086 enim
740 3035 829 3102 qui
880 3036 1216 3104 exploratum
1261 3039 1372 3110 (42)
1417 3041 1565 3095 missi
1601 3051 1746 3108 sunt,
1787 3058 1987 3098 nomen
2020 3079 2064 3139 C

448 3124 460 3136 ι
568 3126 581 3139 ι
826 3126 857 3139 ιι
884 3127 914 3139 ο.
1113 3130 1150 3139 ιι.
1212 3129 1232 3139 ι.
1412 3132 1424 3139 .
1652 3133 1683 3139 --
1713 3134 1724 3139 -
1787 3135 1798 3139 -
1827 3136 1838 3139 -
2047 3118 2064 3139 Δ

2114 459 2318 528 Nempe
2359 473 2425 518 eo
2449 459 2590 526 quod
2633 459 2769 516 liber
2803 461 2893 518 hic
2927 477 3029 522 non
3065 474 3176 524 tam
3207 475 3360 536 gesta
3397 469 3554 524 nobis
3587 469 3725 544 (st)

2116 551 2211 604 lilii
2258 548 2401 614 Nave
2449 549 2668 613 indit-et,
2714 565 2878 619 quam
2931 548 3058 610 Jesn
3114 554 3218 614 mei
3277 555 3490 617 Domini
3543 560 3726 622 nobis

2113 650 2455 702 sacramenta
2491 641 2764 711 depingat.
2810 641 2929 716 Ipse
2965 654 3049 700 est
3075 645 3220 706 enim
3261 649 3354 724 qui
3396 658 3518 725 post
3549 666 3722 710 utor-

2113 743 2221 795 tem
2255 734 2422 802 Moysi
2453 734 2690 803 suscepit
2725 734 3018 803 imperium
3046 777 3060 801 ς
3102 737 3217 806 ipse
3273 750 3358 798 est
3403 742 3491 809 qui
3547 743 3715 804 ducit

2111 827 2434 890 exercitum,
2489 835 2544 888 et
2574 824 2819 896 conﬂigit
2848 826 3115 891 adversus.
3158 832 3378 896 Amalec
3407 853 3420 889 :
3451 849 3505 899 et
3548 842 3710 914 quod

2112 917 2184 974 ibi
2217 919 2645 980 adnutbrabatut‘
2673 918 2786 986 (45)
2834 918 2886 976 in
2919 930 3108 983 monte
3149 926 3397 987 manibus
3433 931 3699 994 extensis,

2109 1009 2274 1078 aliigit
2304 1011 2453 1072 cruci
2485 1025 2594 1071 suae
2628 1009 2794 1084 398
2831 1012 3182 1082 triumphans
3222 1019 3592 1094 prittcipa‘ns,
3639 1035 3696 1080 ct

2109 1101 2477 1170 polusmtesin
2511 1103 2822 1170 sctnctipso.
2883 1104 3192 1172 Defunctus
3234 1122 3314 1174 est
3354 1113 3518 1189 igitur
3545 1115 3692 1186 Moy-

2108 1194 2497 1256 soszcessavit
2525 1194 2671 1254 enim
2706 1194 2812 1256 lex.
2867 1197 3136 1271 Quoniam
3183 1204 3267 1265 lex
3317 1216 3368 1266 et
3416 1209 3692 1285 protthctm

2107 1301 2278 1355 usque
2337 1286 2403 1340 ad
2438 1285 2702 1350 Joannem
2733 1285 2796 1339 ³⁸.
2821 1286 3104 1354 Visatttcm
3125 1293 3192 1354 de
3234 1295 3539 1365 Scriptttris
3571 1318 3690 1368 pro-

2109 1373 2276 1436 feram
2332 1375 2680 1448 documenta,
2737 1381 2877 1447 quod
2929 1381 3014 1442 lc;
3070 1382 3276 1454 Moyses
3332 1389 3684 1459 apprllatnr?

2105 1466 2244 1528 Audi
2288 1465 2414 1536 quid
2461 1467 2591 1531 dicit
2623 1469 2675 1530 iu
2711 1470 3005 1544 Evangelia
3031 1471 3075 1503 ³⁵
3108 1491 3121 1526 :
3155 1493 3171 1522 ι
3204 1473 3412 1537 [labent
3459 1477 3676 1547 Moysen

2105 1565 2158 1614 et
2184 1557 2496 1626 prottbetas,
2518 1560 2742 1622 audiant
2775 1561 2913 1628 illos;
2951 1581 2968 1616 ι
3001 1561 3214 1639 Moysen
3242 1567 3421 1644 utique
3448 1569 3531 1622 ltic
3554 1571 3674 1623 sine

2105 1646 2266 1700 dubio
2290 1648 2460 1717 legem
2488 1649 2776 1704 nominans
2807 1651 2946 1720 (46).
2971 1651 3261 1708 Defunctus
3283 1669 3508 1726 estergo
3529 1657 3668 1726 Moy-

2026 1723 2068 1776 B
2095 1751 2181 1792 ses
2202 1738 2430 1792 famulus
2455 1740 2543 1795 Dei
2565 1761 2578 1796 :
2597 1743 2847 1797 defuncta
2875 1755 2956 1798 est
2979 1744 3123 1799 enim
3145 1745 3247 1809 lex,
3266 1758 3319 1801 et
3340 1747 3520 1817 lcgalia
3539 1767 3670 1818 prte-

2098 1840 2252 1896 c-epta
2270 1828 2380 1895 jam
2397 1843 2637 1892 cessant.
2663 1833 2772 1887 Aut
2796 1835 2838 1886 si
2861 1849 3052 1901 parum
3079 1835 3194 1904 (47)
3231 1837 3323 1890 tibi
3349 1841 3675 1894 auctoritatis

2098 1919 2337 1986 videtur,
2355 1937 2478 1975 cum
2504 1938 2532 1975 a
2560 1939 2644 1977 me
2673 1924 2772 1978 ista
2800 1925 3172 1991 proferuntur,
3192 1943 3422 1996 sequere
3443 1931 3689 1999 Apostoli-

2099 2010 2500 2075 auctorizatem,
2548 2013 2779 2070 dicentis
2809 2017 2852 2047 ³⁸
2883 2019 3142 2086 quoniam
3193 2040 3210 2071 ι
3236 2021 3430 2076 mulier
3475 2023 3698 2078 vivente

2100 2099 2216 2152 viro
2233 2100 2448 2172 alligata
2467 2117 2548 2161 est
2569 2106 2693 2177 legi,
2714 2117 2769 2162 et
2793 2110 3036 2174 adultera
3059 2113 3434 2172 nominabitur
3453 2114 3498 2167 si
3526 2115 3690 2170 fuerit

2097 2207 2217 2245 cum
2237 2193 2342 2248 alio
2368 2196 2506 2262 viro;
2533 2199 2577 2252 si
2614 2216 2742 2255 vero
2775 2212 3023 2257 ntortnns
3047 2203 3208 2258 fuerit
3241 2205 3324 2258 vir
3345 2205 3485 2275 ejus.
3511 2205 3687 2261 soluta

2096 2291 2178 2336 est
2205 2299 2233 2336 a
2269 2285 2386 2356 lege
2412 2289 2533 2352 viri,
2566 2301 2621 2343 ut
2644 2291 2756 2358 jam
2790 2310 2894 2347 non
2920 2295 2991 2348 sit
3016 2295 3283 2359 adultera,
3305 2298 3347 2350 si
3379 2297 3536 2351 fuerit
3565 2315 3684 2351 cmn

2098 2385 2203 2440 alio
2243 2384 2379 2436 viro.
2418 2403 2436 2436 ι
2483 2382 2764 2450 Mulierem
2813 2386 2932 2452 sine
2960 2387 3124 2441 dubio
3168 2390 3405 2444 animant
3443 2393 3686 2444 nominat

2097 2475 2228 2547 (48),
2285 2489 2404 2543 dum
2431 2475 2532 2533 sub
2562 2475 2728 2545 Moysi
2758 2476 2874 2545 lege
2902 2478 3211 2543 tenebatur,
3252 2481 3319 2534 de
3368 2497 3472 2552 qua
3502 2483 3630 2540 dicit
3667 2499 3680 2534 :

2103 2567 2358 2630 «Vivente
2395 2568 2510 2620 viro
2552 2567 2774 2638 alligata
2808 2580 2893 2632 est
2934 2571 3059 2648 legi.
3111 2570 3165 2645 S_i
3218 2555 3401 2636 autem
3435 2585 3683 2636 mortuus

2097 2657 2258 2720 fuerit
2290 2659 2370 2716 vir
2391 2658 2562 2727 ejus,t
2598 2661 2718 2715 sine
2749 2661 2912 2724 dubio
2943 2662 3374 2726 lex.altsoiutam
3406 2667 3536 2730 dicit
3563 2683 3682 2729 eam

2096 2752 2330 2814 animam
2355 2767 2474 2820 qua:
2501 2752 2786 2812 videbatur
2815 2769 2936 2820 esse
2975 2757 3240 2826 subjecta.
3291 2756 3504 2814 Idcirco
3552 2775 3681 2830 ergo

2095 2844 2266 2915 legem
2303 2859 2530 2909 necesse
2553 2854 2636 2902 est
2661 2848 2818 2912 mori,
2851 2858 2909 2911 ut
2933 2851 3021 2918 qui
3045 2853 3276 2912 credunt
3313 2853 3365 2916 in
3388 2851 3514 2920 Jesu
3540 2855 3678 2923 (49).

2095 2951 2438 3004 nequaquam
2481 2936 2732 2998 adulterii
2761 2940 2967 3003 crimen
3000 2940 3304 3004 incurrant.

2171 3029 2223 3084 4.
2265 3027 2423 3090 Jesus
2455 3029 2620 3098 igitur
2657 3029 2917 3098 Dominus
2944 3042 2996 3096 et
3031 3032 3285 3096 Salvator
3320 3051 3472 3094 meus
3499 3053 3681 3100 susce-

413 3124 530 3202 ejns
556 3126 699 3178 Ause
733 3126 990 3180 scribitur
1014 3165 1031 3183 .
1109 3130 1177 3186 Et
1209 3129 1477 3195 fortassis,
1505 3141 1560 3186 ut
1594 3133 1724 3185 mibi
1753 3135 1992 3201 videtur,

2100 3120 2178 3189 pit
2205 3121 2572 3190 principatum
2604 3140 2616 3175 :
2647 3132 2721 3190 et,
2759 3123 2802 3176 si
2855 3125 3091 3190 videtur,
3141 3125 3488 3188 conferamus
3529 3139 3682 3196 gesta»

415 3229 517 3293 pro
552 3216 914 3282 exploratoris
941 3218 1116 3272 otlicio
1149 3236 1251 3274 non
1288 3220 1482 3286 Jesus,
1519 3223 1612 3278 sed
1642 3225 1788 3279 Ause
1819 3225 1996 3282 dictus

412 3315 517 3369 est,
554 3317 605 3371 et
636 3306 778 3360 Nave
810 3308 948 3362 tilius
987 3311 1314 3366 nominatur.
1349 3314 1481 3368 Cum
1509 3332 1636 3371 vero
1668 3318 1805 3372 redit
1832 3333 1994 3387 Opere

413 3398 663 3472 expleto,
698 3409 748 3453 et
786 3401 1091 3468 perterritis
1133 3406 1384 3460 omnibus
1433 3408 1579 3462 solus
1616 3410 1864 3464 sublevat
1912 3411 1994 3463 la-

413 3505 566 3558 psos,
601 3491 1139 3562 desperationemqne
1177 3496 1354 3565 populi
1397 3499 1546 3552 solus
1578 3501 1758 3568 erigit,
1792 3511 1918 3557 tunc
1963 3518 1990 3555 τι

413 3579 597 3651 Moyse
655 3582 811 3637 Jesns
853 3587 1161 3641 nominatus
1201 3597 1283 3642 est
1313 3607 1325 3642 :
1357 3605 1453 3643 nec
1495 3589 1640 3644 Nave
1684 3593 1823 3646 lilins
1854 3593 1988 3647 diei-

413 3681 522 3739 tur,
551 3677 646 3727 sed
684 3674 771 3729 ille
800 3677 867 3729 ad
895 3693 1052 3744 quem
1079 3681 1292 3734 dixerat
1323 3680 1569 3752 Moyses:
1602 3701 1619 3732 ι
1657 3683 1804 3736 Educ
1839 3699 1992 3737 exer-

413 3762 605 3832 citum,
634 3776 687 3820 et
714 3768 944 3839 conﬂige
973 3785 1095 3824 cum
1123 3772 1398 3828 Amalec»
1426 3773 1557 3827 lllml
1585 3774 1748 3827 etiam
1783 3774 1990 3828 intuen-

415 3864 515 3921 tes,
550 3859 974 3926 magnitudinem
1009 3859 1126 3928 ejus
1156 3863 1501 3931 pervidemus
1528 3904 1543 3929 ,
1591 3866 1735 3933 quod
1779 3882 1900 3920 cum
1934 3868 1985 3919 in

413 3947 888 4019 transtiguratione
909 3953 1090 4006 vultus
1118 3951 1318 4022 Moysei
1359 3953 1492 4023 (4³5),
1535 3956 1713 4008 omnis
1759 3956 1987 4010 ﬁliorum

410 4037 574 4092 Israel
605 4032 884 4094 hebetaret
919 4052 1193 4111 aspectus,
1231 4056 1331 4096 nec
1357 4044 1553 4112 aliquis
1579 4037 1762 4113 posset
1788 4048 1986 4102 intueri

412 4129 608 4184 faciem
648 4131 828 4183 vultus
858 4131 994 4200 ejus,
1027 4131 1183 4187 Jesus
1213 4147 1317 4186 non
1350 4135 1522 4187 solum
1548 4135 1736 4188 faciem
1761 4147 1988 4191 contue-

411 4231 516 4282 tur,
555 4236 740 4278 vernm
777 4223 938 4276 etiam
969 4222 1022 4276 in
1051 4223 1398 4290 interioribus
1430 4226 1758 4292 tabernaculi
1791 4237 1991 4298 myste-

413 4314 618 4366 riorutn
656 4313 912 4369 conscius
939 4325 1280 4384 perseverat.

480 4500 524 4531 ³⁰
551 4500 695 4552 Evoti
729 4516 857 4562 xvtt,
885 4501 971 4556 ll.
1037 4501 1077 4532 ³¹
1105 4503 1262 4556 .loan.
1289 4517 1341 4568 v,
1372 4503 1462 4567 46,
1487 4511 1539 4570 ει
1563 4519 1656 4566 vtt,
1690 4504 1770 4558 l9.
1829 4505 1872 4536 ³³
1905 4504 1996 4557 Ειιι

2098 4519 2283 4568 xxvnl,
2309 4505 2359 4558 ί.

407 4586 518 4636 xvr,
552 4573 643 4627 9.9.
723 4571 767 4602 ³⁶
797 4571 952 4624 Rom.
980 4587 1076 4637 vn,
1099 4572 1154 4636 ἢ,
1177 4572 1227 4624 3.

2095 3213 2265 3285 Moysi
2294 3229 2418 3274 cum
2461 3215 2762 3284 principatu
2792 3215 2940 3280 Jesu.
2992 3218 3123 3272 Cum
3170 3218 3382 3289 Moyses
3424 3223 3682 3284 educeret

2094 3306 2355 3374 populum
2393 3307 2459 3370 de
2495 3316 2641 3370 terra
2682 3307 2898 3377 [Egypti
2921 3349 2936 3372 ,
2968 3310 3142 3372 nullus
3174 3315 3306 3370 ordo
3340 3312 3390 3368 in
3446 3313 3678 3384 populis,

2095 3397 2238 3454 nulla
2275 3397 2327 3450 in
2362 3397 2741 3464 sacerdotibus
2763 3400 3125 3463 observantia.
3156 3400 3678 3473 Transeuntaquam

2095 3491 2283 3555 maris,
2313 3504 2508 3558 aquam
2535 3492 2755 3555 salsam,
2787 3507 2884 3550 nec
2904 3494 3195 3562 quidquam
3216 3495 3268 3552 in
3293 3511 3350 3552 se
3373 3496 3680 3564 dulcedinis

2091 3583 2486 3645 continentem,
2517 3591 2570 3635 et
2597 3598 2784 3644 umrns
2818 3595 2937 3646 erat
2980 3583 3060 3650 eis
3096 3600 3235 3656 aqua
3281 3587 3471 3648 dextra
3512 3587 3677 3641 irevav

2090 3691 2212 3742 que.
2252 3674 2378 3728 llaec
2423 3674 2640 3745 Moysen
2688 3677 2823 3738 duce
2869 3685 3019 3743 gusta
3075 3679 3476 3754 cognoscimus.
3537 3679 3672 3746 Cum

2091 3781 2218 3820 vero
2273 3767 2532 3824 Dominus
2587 3786 2740 3830 meus
2801 3770 2951 3835 ducit
3010 3770 3336 3834 exercitum,
3393 3785 3516 3840 quae
3551 3777 3679 3832 sunt

2088 3873 2210 3926 quze
2259 3861 2424 3916 etiam
2479 3871 2605 3918 tunc
2657 3862 3125 3920 adumbrabantnr
3187 3861 3299 3930 (50)
3369 3861 3672 3918 videamus.

2091 3949 2416 4008 Sacerdotes
2447 3955 2780 4021 prmreduut,
2810 3969 2938 4008 arca
2987 3954 3294 4018 testamenti
3331 3964 3580 4023 portatur
3622 3955 3672 4010 itt

2092 4042 2333 4100 buntevis
2362 4045 2730 4106 sacerdotum.
2758 4060 3022 4110 Itusquam
3056 4044 3160 4118 jam
3196 4060 3377 4110 mare,
3411 4060 3672 4112 nusquam

2089 4131 2264 4185 salsus
2296 4131 2490 4186 fluctus
2534 4135 2797 4201 occurrit,
2834 4136 2925 4190 sed
2969 4136 3104 4188 duce
3136 4135 3360 4189 Domino
3390 4152 3510 4189 meo
3543 4136 3673 4190 Jesu

2091 4224 2251 4278 venio
2310 4225 2374 4276 ad
2409 4223 2736 4286 Jordaueut,
2794 4236 2848 4279 et
2899 4229 3056 4281 venio
3099 4245 3205 4282 tton
3259 4229 3671 4297 perturbatione

2094 4317 2251 4386 fugin,
2289 4331 2463 4386 neque
2487 4317 2809 4386 perterritus
2835 4330 3005 4382 metu,
3026 4321 3120 4373 sed
3152 4319 3309 4372 venio
3339 4335 3460 4373 cum
3491 4335 3669 4373 sacer-

2928 4509 2970 4539 δ”
2996 4503 3182 4568 Matth,
3207 4519 3282 4565 vt,
3310 4506 3394 4559 15.

2434 4504 2479 4547 ³δ
2507 4504 2672 4558 Exod.
2697 4520 2848 4558 xvtu.
2928 4509 2970 4539 δ”
2996 4503 3182 4568 Matth,
3207 4519 3282 4565 vt.
3310 4506 3394 4559 15.
3473 4505 3517 4536 ³⁵
3538 4503 3667 4573 ιιιις.

484 4688 596 4758 (‘59)
642 4686 799 4741 Libb.
836 4701 993 4740 antea
1023 4689 1177 4749 editi,
1220 4707 1236 4738 ‹
1264 4699 1438 4742 victus
1466 4700 1647 4741 autem
1692 4702 1775 4743 est
1815 4705 1984 4757 popu-
2018 4696 2061 4749 D
2091 4690 2229 4759 liber
2262 4688 2424 4759 Jusue
2453 4691 2590 4757 apud
2625 4689 2876 4741 Hebraeos
2905 4697 2984 4741 est
3015 4692 3400 4758 prophetarum
3443 4691 3671 4759 primus.

409 4763 492 4816 lus
524 4759 613 4812 ille
653 4759 721 4812 ab
771 4760 1011 4812 Amalec.
1044 4778 1061 4809 ι
1102 4759 1206 4830 Sed
1255 4761 1422 4830 codex
1470 4761 1983 4830 Sangermanenms,

411 4853 432 4894 ς
467 4833 637 4884 victor
667 4838 748 4882 est
773 4839 952 4883 autem
981 4829 1207 4896 populus
1235 4829 1321 4882 ille.
1354 4829 1605 4883 Amalec.
1625 4851 1642 4880 ι

479 4901 596 4971 (40)
639 4901 790 4965 Μεε.,
847 4917 871 4971 «γ
893 4899 1221 4971 relinquitur
1267 4901 1432 4952 etiam
1481 4899 1697 4971 ξΙωιΙιον.
1739 4918 1756 4949 ι
1823 4899 1983 4954 Libb.

408 4969 571 5034 antea
601 4971 764 5036 editi,
803 4989 820 5020 ι
845 4969 1246 5038 derelinquitnr
1278 4972 1440 5022 etiam
1470 4969 1680 5021 .lntbro.
1719 4991 1735 5020 ι

480 5041 593 5111 (41)
644 5041 798 5111 Libb.
851 5041 1002 5111 editi,
1071 5040 1336 5108 «adjutor
1399 5051 1710 5109 protegens.
1771 5038 1878 5093 Sed
1938 5048 1990 5094 et

408 5109 610 5167 illud.'t
652 5109 775 5164 Mss.
807 5120 860 5160 ut
893 5110 942 5162 in
975 5121 1160 5163 nostro
1187 5120 1354 5163 textu.

483 5181 596 5251 (42)
639 5182 816 5236 (Index
845 5180 1166 5251 Sangerttt.,
1197 5197 1214 5228 ι
1241 5181 1330 5248 qui
1371 5179 1736 5247 exploratum.
1761 5197 1779 5234 t
1827 5177 1984 5233 Libb.

408 5250 583 5311 etliti,
627 5270 645 5302 ι
668 5252 757 5318 qni
783 5251 846 5301 ad
875 5250 1286 5318 exploranduttt.
1330 5269 1347 5299 ι

481 5320 594 5394 (45)
629 5317 780 5394 idem
817 5317 956 5394 tus”;
981 5339 998 5369 ι
1030 5319 1602 5394 inAtranstiguratiOt-te
1624 5320 1804 5373 vultus
1843 5317 1961 5394 M‘oy

411 5390 513 5444 Sei‘.
555 5390 583 5442 »⁷
627 5391 784 5445 Libb.
821 5390 946 5442 editi
975 5431 990 5450 ,
1044 5407 1062 5439 ι
1096 5390 1148 5442 in
1214 5391 1745 5459 tt‘ansligttrationem
1812 5390 1990 5442 vultus

412 5461 638 5529 Moysi.»
676 5461 845 5515 Codd.
878 5460 1144 5513 Getnetic.
1184 5469 1238 5512 et
1289 5461 1526 5525 libitum,
1583 5481 1600 5510 ε
1634 5460 1989 5522 transﬁgura-

415 5535 618 5584 tionent
657 5533 833 5584 vultus
890 5529 1053 5598 Moysi
1099 5531 1276 5584 omnis
1317 5532 1545 5583 lilioruut
1589 5529 1749 5583 Israel
1796 5529 1989 5584 vitaret

410 5609 680 5669 asperius.
723 5618 741 5650 ι

484 5670 596 5744 (44)
640 5668 795 5724 Liber
820 5671 901 5723 hic
931 5687 1033 5724 non
1071 5679 1174 5725 tum
1204 5680 1346 5740 gesta
1385 5669 1562 5739 nobis,
1591 5680 1697 5726 etc.
1731 5669 1796 5724 Et
1842 5677 1987 5724 certe

2163 4758 2276 4828 (45)
2319 4758 2498 4813 Codex
2535 4759 2844 4823 S:tngerut.,
2884 4776 2902 4808 ι
2932 4761 3308 4813 :ulnmbratnr.
3342 4779 3359 4811 ι

2163 4827 2275 4897 (Mi)
2329 4828 2498 4882 Codd.
2545 4829 2827 4894 Sitttgct‘ttt.
2890 4841 2940 4880 et
2995 4828 3377 4893 Ebroit-ensis,
3437 4849 3454 4881 ι
3491 4832 3667 4887 nomi-

2089 4915 2246 4954 natts.
2287 4918 2303 4948 ι
2385 4898 2538 4951 Libb.
2572 4897 2722 4960 editi,
2762 4914 2780 4946 ι
2810 4901 3075 4952 nominat.
3105 4918 3122 4948 ι

2161 4969 2273 5036 (£7)
2318 4968 2442 5020 Mss.
2498 4986 2514 5016 ι
2544 4984 2794 5032 ικιιιιιιι.»
2845 4966 2993 5020 Libb.
3024 4971 3178 5030 editi,
3218 4987 3234 5019 t
3264 4986 3387 5022 nott.
3423 4989 3440 5022 ι

2162 5039 2278 5107 (48)
2335 5037 2482 5092 Unus
2515 5037 2892 5101 Ebroieensis,
2921 5048 2971 5091 et
3007 5040 3388 5109 Sangerman.,
3453 5059 3469 5090 ι
3494 5042 3639 5096 uomi

2092 5124 2246 5164 nans.
2278 5126 2294 5158 ι

2167 5179 2276 5245 (49)
2330 5177 2509 5231 Codex
2557 5176 2950 5232 Gemetieeusis
2993 5193 3115 5229 eum
3170 5194 3278 5229 ttno
3324 5178 3669 5240 Ebroirensi,

2094 5242 2273 5315 itaque
2302 5263 2430 5315 ergo
2469 5263 2691 5300 necesse
2725 5257 2804 5298 est
2838 5247 2938 5314 legi
2973 5251 3107 5300 mori
3139 5257 3195 5300 ut
3224 5250 3312 5316 qui
3348 5248 3577 5302 credunt
3615 5251 3668 5300 itt

2093 5318 2299 5372 Jesum.
2331 5337 2346 5368 ι
2401 5317 2551 5370 Alter
2605 5316 2973 5380 Ebroicensis,
3022 5337 3037 5367 ι
3073 5318 3277 5371 ideirco
3331 5333 3551 5372 necesse
3585 5329 3668 5372 est

2094 5387 2310 5456 Moysen
2345 5387 2502 5450 mori,
2529 5407 2546 5438 ι
2581 5402 2685 5440 etc.
2723 5387 3005 5456 Sangertn.
3037 5397 3092 5439 ιιι
3127 5387 3177 5440 in
3216 5399 3400 5441 nostro
3427 5397 3596 5440 textu.

2165 5460 2278 5526 (50)
2319 5458 2499 5511 Codex
2556 5458 2865 5524 Sangario,
2922 5476 2938 5506 ι
2964 5473 3082 5523 utut:
3118 5458 3280 5511 etiam
3313 5467 3440 5510 tunc
3474 5460 3668 5510 adnut-

2095 5528 2455 5581 ltrabantur.t
2527 5527 2639 5578 Duo
2703 5527 3060 5582 lflbroicenscs
3115 5538 3169 5577 et
3235 5527 3668 5591 Getttt-ticettsis,

2104 5617 2120 5646 ι
2146 5613 2259 5665 qmc
2287 5598 2398 5664 jztnt
2433 5606 2558 5649 tunc
2582 5597 2997 5651 oimmbrantur.
3037 5616 3052 5648 t
3096 5597 3249 5654 Libb.
3301 5600 3452 5665 editi,
3506 5613 3524 5647 ι
3548 5611 3670 5668 qua:

2089 5670 2200 5738 jam
2238 5677 2363 5721 tunc
2392 5669 2801 5722 adumbrnutur.
2831 5685 2849 5718 ι
