4104 6226
410 250 507 305 831

1867 213 2204 290 ontcsuts'

3547 233 3661 289 83"!

412 366 551 422 Ecce
574 379 673 433 ego
700 361 976 418 vobiscum
1012 373 1129 413 sum
1171 355 1421 412 omnibus
1450 354 1658 410 diebus.
1694 371 1711 404 ι
1744 351 1858 405 Non
1888 367 1977 406 so-
2008 355 2053 411 Α
2150 351 2207 407 7.
2238 347 2348 401 Sub
2376 345 2557 400 M0860
2581 358 2683 399 non
2719 353 2799 400 εει
2828 344 3034 400 ditium
3073 344 3177 401 hoc
3212 348 3355 416 quod
3401 349 3501 403 sub
3530 350 3661 407 Jcsn

412 453 523 507 lum
556 462 732 506 autem
770 451 1040 519 duplicato
1065 449 1150 501 die
1177 447 1454 501 nobiscum
1480 455 1586 509 est,
1610 445 1703 499 sed
1728 444 1980 497 omnibus

414 544 604 597 diebus
630 550 712 596 est
742 556 910 610 usque
941 540 1006 593 ad
1038 539 1558 593 consummationem
1580 534 1783 599 saeculi,
1810 534 1982 587 donec

412 645 465 687 et
491 649 586 687 nos
612 635 956 688 obtineamus
976 629 1315 684 adversarios
1339 636 1571 681 nostros.

491 729 544 779 6.
574 724 678 779 Sed
708 734 762 777 et
790 723 915 777 illud
956 722 1251 784 videmnus,
1283 720 1513 788 quidcst
1540 716 1680 787 quod
1719 716 1980 786 repromi-

413 819 483 871 sit
509 814 664 870 Jesus
700 813 960 866 militibus
1009 813 1159 863 suis:
1199 827 1217 859 ι
1253 807 1465 874 Omnis,
1512 808 1688 874 inquit
1717 806 1786 868 “,
1836 805 1982 859 locus

413 918 792 977 quemcunque
842 902 1194 956 subdideritis
1240 899 1487 968 vestigiis
1528 898 1719 966 pedum
1769 907 1982 951 vestro-

414 1016 558 1058 rom,
596 1007 775 1052 vester
803 995 927 1049 erit.
968 1013 984 1045 ι
1024 994 1236 1047 Dixerat
1273 993 1374 1045 hoc
1402 991 1506 1045 illis
1528 992 1615 1060 qui
1648 1000 1774 1043 tunc.
1801 999 1975 1052 erant,

414 1090 478 1143 de
518 1087 830 1156 regionibus
863 1086 1317 1145 Chananmorum,
1349 1083 1783 1145 Pherezzeorum,
1812 1081 1978 1135 Jebu-

414 1194 663 1240 senrum,
702 1185 1132 1243 czeterarumque
1183 1173 1421 1243 gentium
1455 1188 1687 1241 quorum
1733 1173 1980 1241 regiones

410 1270 650 1337 expulsis
678 1268 910 1335 indignis
940 1266 1357 1326 habitatoribus,
1404 1265 1503 1332 ipsi
1548 1265 1864 1318 inmeditate
1892 1279 1977 1318 ce-

414 1369 606 1425 ιιυιυιιι
636 1375 649 1410 :
684 1356 774 1410 sed
807 1357 959 1409 nobis
986 1357 1037 1408 in
1073 1356 1153 1408 his
1184 1355 1361 1407 verbis
1389 1354 1518 1421 quid
1555 1354 1976 1423 repromittitur,

414 1449 708 1499 videamus.
748 1446 883 1499 Sunt
912 1446 1156 1512 quaedam
1183 1445 1615 1499 adversariorum
1650 1453 1978 1514 potestatum

413 1547 601 1605 gentes
646 1536 945 1600 diabolicze,
981 1535 1265 1587 adversum
1306 1550 1445 1603 quas
1496 1534 1652 1587 nobis
1698 1545 1979 1589 certamen

413 1627 643 1697 geritur,
691 1639 746 1678 et
795 1641 993 1695 agones
1021 1625 1076 1678 in
1114 1625 1214 1678 hac
1252 1626 1361 1678 vita
1412 1625 1767 1678 desudantur.
1798 1626 1983 1691 Quan-

417 1729 715 1785 tascunque
746 1731 876 1785 ergo
912 1732 978 1769 ex
1012 1715 1096 1769 his
1126 1725 1315 1783 gentes
1346 1715 1572 1783 pedibus
1602 1718 1807 1771 nostris
1848 1718 1983 1771 sub-

414 1807 729 1867 dideriinus.
776 1818 1221 1877 quantoscunque
1253 1808 1303 1861 in
1328 1810 1625 1864 certamine
1667 1811 1981 1872 vicerimus,

414 1900 653 1967 ipsorum
684 1900 949 1969 regiones,
980 1901 1219 1968 ipsorum
1244 1900 1557 1968 provincias
1582 1910 1633 1954 et
1657 1902 1980 1971 rcgna,Jesu

414 1991 568 2044 nobis
584 1990 811 2043 Domino
843 1991 1222 2058 distribuente,
1251 1991 1547 2059 capiemus.
1569 1991 1811 2047 Fuerunt
1837 1994 1982 2048 enim

414 2088 484 2139 illi
511 2086 796 2153 aliquando
820 2085 1019 2155 angeli,
1054 2088 1270 2141 fuerunt
1304 2084 1354 2137 in
1386 2100 1550 2153 regno
1570 2084 1665 2140 Dei
1691 2086 1982 2156 magnifici.

413 2179 606 2231 Annon
635 2178 859 2246 legimus
890 2178 1032 2246 quod
1060 2175 1230 2231 Isaias
1258 2178 1388 2232 dicit
1422 2180 1486 2232 de
1512 2194 1619 2231 uno
1648 2194 1713 2233 ex
1747 2178 1875 2247 ipsis
1896 2178 1980 2233 “:

416 2256 437 2316 ἆ
466 2268 745 2331 Quomodo
771 2266 968 2320 cecidit
988 2265 1201 2320 Lucifer
1222 2267 1312 2336 qui
1338 2282 1493 2321 mane
1513 2268 1793 2321 oriebatur
1813 2266 1977 2338 (64)?»

416 2355 632 2409 Lucifer
685 2356 788 2410 iste
847 2356 967 2409 sine
1001 2354 1167 2408 dubio
1198 2354 1382 2409 sedem
1420 2354 1655 2410 habebat
1698 2357 1749 2409 in
1782 2356 1935 2409 cmlis
1967 2372 1982 2412 :

416 2455 598 2513 postea
633 2459 763 2498 vero
794 2460 951 2513 quam
985 2444 1160 2498 factus
1187 2454 1269 2499 est
1300 2445 1524 2513 angelus
1553 2446 1761 2515 refuga,
1789 2447 1832 2499 si
1862 2460 1982 2500 eum

418 2539 634 2590 vincere
686 2546 910 2605 potuero
937 2546 991 2591 et
1037 2536 1304 2604 subjicere
1346 2540 1571 2606 pedibus
1606 2539 1759 2601 meis,
1791 2540 1832 2592 si
1876 2555 1987 2592 me-

417 2642 577 2681 rnero
608 2636 664 2679 ut
689 2627 947 2681 Dominus
975 2642 1125 2681 meus
1153 2627 1307 2681 Jesus
1331 2638 1581 2682 conterat
1610 2629 1867 2682 Satanam
1888 2630 1987 2685 sub

418 2714 643 2783 [edibus
673 2717 827 2782 meis,
854 2728 1251 2784 consequenter
1278 2719 1452 2773 locum
1484 2718 1719 2773 Luciferi
1743 2721 1987 2790 accipere

419 2808 670 2861 merebor
713 2809 763 2861 in
818 2809 988 2863 cmlis.
1025 2809 1113 2863 Sic
1142 2825 1271 2878 ergo
1320 2810 1669 2877 intelligimus
1719 2813 1830 2881 (65)
1862 2829 1989 2883 pro-

422 2900 556 2952 mitti
607 2901 761 2955 nobis
799 2904 865 2955 ab
913 2900 1043 2955 Jesu
1088 2902 1317 2957 Domino
1358 2914 1564 2970 nostro,
1616 2906 1758 2974 quod
1807 2906 1987 2961 omnis

2083 439 2285 495 dicitur
2316 438 2384 502 ",
2412 438 2535 505 quia
2569 455 2587 488 ι
2627 436 2858 490 cessavit
2890 445 3032 491 terra
3063 452 3091 491 a
3133 438 3357 507 procliis.
3390 458 3408 491 ι
3438 440 3660 498 Certum

2082 538 2167 585 est
2198 529 2339 597 quod
2366 538 2421 582 et
2454 538 2596 581 terra
2622 538 2806 581 nostra
2835 528 2972 593 hare,
3004 529 3055 581 in
3098 544 3207 598 qua
3237 546 3443 598 agones
3486 533 3659 587 habe-

2083 634 2223 681 mus,
2254 626 2309 671 et
2345 616 2650 671 certamina
2703 617 3061 679 sustinemus,
3089 618 3262 674 solius
3288 618 3414 674 Jesu
3448 623 3666 679 Domini

2081 707 2282 760 virtute
2326 721 2543 762 cessare
2599 708 2801 776 poterit
2826 722 2853 759 a
2880 707 3102 776 pra-liis.
3134 708 3281 764 Intra
3325 728 3424 766 nos
3459 716 3661 768 etenim

2083 810 2209 853 sunt
2231 813 2421 853 ornnes
2452 808 2639 867 gentes
2665 798 2780 852 istae
2806 800 3082 862 vitiorum,
3109 818 3233 871 qua:
3262 804 3495 857 animam
3516 806 3664 874 jugi-

2094 898 2177 942 ter
2199 899 2250 943 et
2290 890 2666 944 indesinenter
2695 900 3023 960 oppugnant.
3062 890 3209 946 Intra
3243 910 3341 950 nos
3369 908 3493 951 sunt
3518 898 3658 952 Cha-

2086 978 2261 1032 nanzei
2287 978 2421 1048 (69),
2470 979 2610 1032 intra
2665 994 2764 1032 uos
2790 989 2915 1032 sunt
2951 978 3252 1047 Pherczzei,
3290 986 3376 1040 hic
3415 998 3539 1041 sunt
3570 986 3658 1042 Je-

2083 1069 2272 1121 buszei.
2305 1068 2551 1135 Qualiter
2576 1083 2705 1137 ergo
2736 1068 2890 1122 nobis
2918 1069 3279 1126 laborandum
3307 1086 3406 1138 est,
3429 1077 3659 1146 qualiter

2082 1160 2438 1230 vigilandum,
2467 1159 2549 1213 vel
2580 1170 2785 1229 quanto
2815 1170 3055 1230 tempore
3090 1170 3567 1231 perseverandum,
3600 1176 3657 1221 nt

2082 1252 2334 1305 omnibus
2367 1252 2485 1305 istis
2526 1251 2593 1304 de
2624 1252 2781 1305 nobis
2809 1254 3062 1305 vitiorum
3096 1256 3345 1323 gentibus
3366 1257 3651 1327 eﬂ'ttgatis,

2086 1343 2300 1396 tandem
2352 1351 2494 1395 terra
2539 1352 2723 1395 nostra
2759 1353 2937 1397 cesset
2982 1359 3010 1395 a
3042 1345 3225 1399 bellis?
3254 1346 3317 1399 Et
3354 1347 3477 1400 ideo
3513 1348 3653 1403 Pro-

2085 1434 2243 1502 pheta
2272 1442 2585 1487 conunonet
2618 1432 2684 1497 “,
2724 1440 2783 1485 ut
2820 1433 2871 1487 in
2925 1432 3040 1503 leg'e
3080 1435 3285 1489 Domini
3316 1438 3649 1491 meditemur

2083 1525 2171 1578 die
2195 1539 2257 1578 ac
2286 1534 2461 1577 nocte.
2498 1523 2629 1589 Qum
2660 1524 2844 1592 utique
2880 1522 3182 1580 divinorum
3210 1529 3487 1582 verborum
3523 1544 3645 1583 ine-

2084 1616 2295 1677 dilatio.
2322 1616 2465 1669 velut
2496 1617 2619 1669 tuba
2643 1616 2887 1684 quaedam
2914 1625 2997 1670 est
3032 1617 3243 1671 animos
3272 1627 3384 1672 tuos
3409 1620 3469 1671 ad
3503 1636 3638 1688 prae-

2084 1707 2211 1760 lium
2262 1709 2547 1763 concitans
2588 1708 2725 1777 (70),
2773 1723 2840 1763 ne
2889 1707 3030 1763 forte
3054 1708 3371 1763 adversario
3396 1711 3651 1779 vigilante

2084 1808 2140 1853 tu
2170 1800 2432 1857 dormias.
2489 1800 2613 1854 Ideo
2643 1815 2742 1855 nec
2781 1801 2895 1854 dies
2924 1801 2987 1853 ad
3027 1801 3403 1855 meditandum
3437 1802 3652 1865 sullicit,

2084 1891 2176 1944 sed
2200 1900 2253 1943 et
2286 1906 2391 1943 nox
2419 1891 2745 1961 adjuugitur.
2765 1892 2872 1947 Vos
2890 1908 3018 1946 vero
3036 1892 3165 1960 quid
3183 1891 3417 1956 facietis,
3438 1894 3530 1962 qui
3552 1909 3658 1947 non

2084 1982 2257 2034 solum
2279 1990 2433 2034 nocte
2454 1981 2727 2046 dormitis,
2744 1983 2836 2036 sed
2856 1992 2908 2037 et
2936 1992 3043 2035 tota
3066 1982 3153 2035 die
3170 1992 3262 2035 aut
3280 1984 3657 2052 occupationi-

2085 2071 2375 2125 bosszeculi
2389 2112 2403 2137 ,
2422 2082 2513 2125 aut
2529 2074 2710 2127 carnis
2724 2073 2928 2128 deliciis
2947 2073 3255 2140 deservitis,
3272 2082 3327 2127 ct
3346 2075 3432 2128 vix
3451 2089 3577 2127 raro
3592 2078 3658 2130 ad

2085 2162 2369 2216 eet-lesiam
2398 2162 2592 2217 diebus
2617 2163 2953 2218 solemnibus
2979 2166 3318 2219 convenitis?
3359 2166 3540 2236 Aliqui
3566 2184 3661 2223 auo

2087 2262 2194 2306 tem
2224 2268 2293 2307 ex
2325 2253 2478 2308 vobis
2512 2254 2679 2307 etiam
2708 2255 2985 2310 venientes
3008 2271 3113 2309 non
3143 2258 3383 2321 veniunt,
3413 2260 3540 2327 quia
3570 2274 3662 2314 ve-

2086 2350 2292 2402 nientes
2316 2363 2419 2402 non
2439 2353 2602 2403 verbo
2631 2348 2743 2413 Dei,
2766 2351 2861 2404 sed
2894 2349 3086 2405 fabulis
3104 2350 3267 2422 509
3294 2363 3489 2408 vacant
3521 2354 3656 2425 (7|).

2086 2439 2318 2509 Propter
2348 2441 2492 2509 quod
2525 2441 2658 2494 dicit
2691 2442 2757 2494 ad
2784 2456 2880 2495 vos
2930 2455 3111 2495 sermo
3136 2444 3348 2501 divinus
3372 2444 3419 2475 ⁵³
3452 2461 3467 2497 :
3499 2463 3518 2496 ι
3557 2445 3663 2497 Ex-

2086 2546 2248 2599 surge
2278 2533 2369 2602 qui
2396 2533 2621 2597 dormis,
2651 2544 2704 2587 et
2723 2548 2954 2602 exsurge
2985 2548 3013 2585 a
3045 2534 3273 2588 mortuis
3297 2545 3348 2589 et
3374 2538 3661 2606 continges

2086 2625 2362 2679 Christum
2401 2624 2535 2695 (7'2).
2572 2643 2592 2677 ι
2634 2625 2878 2693 Exsurge
2920 2626 3064 2678 enim
3114 2641 3143 2677 a
3185 2627 3430 2689 mortuis,
3460 2628 3661 2682 dicitur

2089 2717 2155 2771 iis
2183 2717 2344 2786 quiin
2369 2717 2621 2788 operibus
2644 2728 2969 2785 permanent
2991 2718 3242 2782 mortuis,
3278 2718 3330 2772 in
3369 2720 3663 2773 immundi»-

2092 2807 2179 2862 tiis
2196 2809 2307 2863 suis
2323 2817 2376 2862 et
2396 2808 2691 2863 sceleribus
2720 2809 2833 2878 (73)
2860 2810 3027 2876 perdu
3038 2819 3220 2863 rantes
3237 2826 3251 2863 :
3276 2825 3397 2879 quae
3414 2811 3538 2864 licet
3561 2813 3663 2864 he-

2089 2899 2332 2953 minibus
2363 2914 2469 2953 non
2499 2900 2609 2954 sint
2640 2899 2951 2961 manifesta,
2989 2898 3096 2954 Deo
3125 2910 3304 2954 tamen
3330 2910 3458 2954 sunt
3480 2902 3664 2972 cogni-

420 2990 571 3044 Iocus
624 3006 783 3060 quem
825 2992 1225 3047 subdideritnus
1257 2995 1499 3064 vestigiis
1547 2996 1739 3065 pedum
1770 3006 1985 3052 nostro-

2094 2999 2170 3046 ta.
2201 2990 2307 3045 Sed
2335 2995 2415 3045 vel
2441 3006 2505 3045 ex
2537 2992 2638 3046 hoc
2667 2990 3067 3061 pmnitudinem
3107 2992 3271 3061 agite,
3301 3002 3355 3046 et
3387 2994 3667 3048 converti-

421 3096 564 3144 rum,
614 3090 795 3134 noster
830 3082 950 3135 erit.
1006 3082 1110 3137 Sed
1150 3098 1252 3135 non
1300 3092 1547 3152 putemus
1596 3085 1708 3155 (66)
1754 3088 1881 3155 quia
1931 3088 1983 3141 in

424 3169 565 3223 hanc
596 3170 966 3226 ltmreditatem
1018 3187 1114 3241 per
1144 3173 1312 3226 otium
1342 3184 1395 3227 et
1425 3175 1808 3245 negligentiam
1845 3177 1989 3231 osci-

420 3272 596 3317 tantes
643 3272 700 3317 et
750 3262 1104 3318 dormitantes
1153 3264 1356 3318 intrare
1409 3266 1695 3335 possimus.
1750 3266 1832 3320 lra
1878 3282 1989 3321 sua:

420 3355 598 3423 gentis
630 3352 875 3423 angelum
906 3354 1089 3408 habet.
1128 3354 1275 3410 llanc
1304 3356 1405 3409 nisi
1439 3356 1632 3411 viceris
1667 3358 1778 3427 (67)
1823 3360 1873 3410 in
1914 3367 1995 3412 te-

420 3446 671 3514 metipso,
705 3456 759 3499 et
792 3446 1088 3500 abscideris
1113 3447 1208 3501 abs
1239 3457 1288 3501 te
1320 3463 1512 3501 omnes
1541 3458 1719 3503 motus
1769 3448 1987 3502 iracun-

419 3539 523 3592 dize
553 3554 616 3591 ac
664 3538 885 3604 furoris,
941 3540 1114 3594 locum
1140 3555 1300 3609 quem
1345 3540 1635 3609 aliquando
1674 3541 1860 3593 habuit
1900 3541 1989 3594 ille

420 3630 660 3699 angelus,
691 3646 885 3699 capere
914 3633 965 3685 in
994 3634 1314 3687 haereditate
1349 3636 1463 3704 (68)
1495 3648 1600 3686 non
1638 3634 1861 3703 poteris,
1892 3648 1990 3701 pro

422 3738 488 3776 co
517 3722 657 3791 quod
683 3724 885 3776 desidia
919 3733 1005 3777 tua
1035 3738 1372 3792 nequaquam
1401 3738 1522 3777 eum
1544 3727 1609 3777 de
1640 3734 1781 3777 terra
1804 3737 1991 3792 repro-

425 3812 705 3866 missionis
737 3813 1035 3880 cxpuleris.
1071 3812 1332 3866 Similiter
1380 3821 1437 3866 et
1488 3812 1755 3881 superbia:
1777 3822 1830 3866 et
1864 3812 1988 3876 teli,

424 3913 478 3957 et
506 3904 748 3957 mantia:
783 3918 845 3953 ac
868 3900 1108 3955 libidinis
1123 3914 1251 3955 sunt
1270 3900 1436 3971 aliqui
1464 3902 1771 3957 incentores
1792 3901 1991 3972 angeli,

423 4002 473 4047 et
512 3994 863 4046 instinctorcs
894 3994 1084 4046 horum
1118 3992 1381 4046 malorum
1404 4033 1419 4057 ,
1457 4008 1689 4061 quorum
1722 3994 1825 4047 nisi
1861 3994 1991 4048 vitia

427 4087 480 4137 in
510 4085 795 4151 temetipso
832 4085 1049 4148 viceris,
1079 4093 1242 4153 atque
1259 4099 1323 4138 ea
1356 4083 1421 4136 de
1446 4092 1535 4137 tua
1567 4093 1711 4137 terra
1738 4099 1858 4153 qua”:
1881 4084 1992 4152 jam

427 4189 523 4241 per
557 4174 786 4243 gratiam
826 4174 1073 4243 baptismi
1110 4174 1445 4229 sanctiﬁcata
1484 4182 1565 4227 est
1597 4175 1995 4229 exterminave-

427 4265 522 4327 ris,
561 4266 705 4317 nullo
745 4266 898 4320 modo
924 4266 1306 4334 plenitudinem
1342 4267 1680 4336 repromissae
1710 4266 1994 4323 haeredita-

429 4358 497 4410 tis
521 4359 772 4425 accipies.

496 4471 542 4504 "
571 4470 679 4525 Jos.
725 4488 762 4538 t,
790 4472 843 4525 ὃ.
918 4473 963 4503 ⁸⁰
997 4472 1118 4529 lsai.
1153 4491 1265 4538 xiv,
1297 4474 1383 4527 η.
1455 4474 1501 4505 ⁸¹
1526 4472 1638 4527 Jos.
1670 4472 1856 4535 “.23.

497 4581 607 4654 (64)
644 4583 824 4637 Codex
870 4583 1287 4646 Gemeticensis,
1325 4603 1343 4635 ι
1374 4584 1646 4652 quomodo
1701 4582 1991 4654 cecidisti,

428 4655 661 4716 Lucifer,
698 4655 788 4722 qui
816 4670 972 4708 mane
998 4655 1289 4712 oriebaris?
1312 4673 1330 4707 ι
1355 4654 1447 4708 Sic
1477 4654 1642 4708 etiam
1676 4653 1835 4707 habet
1858 4667 1996 4706 unus

429 4725 799 4780 Ehroieensis.‘

500 4795 610 4865 (65)
655 4794 805 4865 Unus
837 4792 1206 4865 Ebroicensis,
1234 4811 1255 4865 ι
1286 4791 1670 4859 intelligamus.
1703 4810 1722 4844 ι

500 4859 613 4931 (66)
655 4864 853 4917 Omnes
906 4879 1032 4917 mss.
1079 4883 1099 4916 ι
1138 4862 1245 4917 Sed
1292 4878 1398 4917 non
1453 4871 1724 4930 putemus.
1777 4880 1796 4915 ι
1835 4859 1992 4917 Libb.

428 4935 581 4992 editi.
614 4954 632 4985 ι
655 4932 713 4986 Si
744 4950 847 4987 non
878 4944 1144 5000 putemus.
1182 4951 1201 4984 ι

502 5005 614 5071 (67)
655 5004 832 5055 Codex
867 5005 1177 5068 Sangerm.,
1214 5022 1231 5053 ι
1275 5002 1416 5056 hunc
1450 5002 1550 5055 nisi
1584 5001 1800 5071 viceris.
1834 5018 1852 5051 ι

502 5068 638 5141 (68))
676 5072 858 5127 Codex
895 5072 1287 5127 Gemeticensis
1326 5088 1448 5126 cuni
1488 5087 1594 5127 uno
1639 5068 1951 5125 Ebroicensi
1982 5110 1995 5132 ,

436 5160 455 5194 ι
496 5145 545 5196 iu
573 5144 957 5196 ltiereilitatetn.
995 5160 1013 5191 ι

510 5214 621 5283 (69)
658 5212 805 5265 Intra
837 5228 929 5283 nos
963 5220 1083 5283 sunt
1123 5209 1433 5283 Cliattana’i.
1459 5211 1581 5267 lla'c
1606 5210 1799 5266 desunt
1827 5209 1880 5263 itt
1905 5223 2002 5260 att-

434 5281 526 5337 tea‘
551 5281 732 5347 editis,
777 5284 872 5335 sed
900 5281 1166 5334 habentur
1192 5282 1241 5332 in
1275 5284 1527 5335 omnibus
1553 5296 1682 5337 mss.

505 5352 614 5424 (70)
655 5354 854 5424 Codex?
874 5349 1264 5424 Genieticensis
1289 5366 1408 5424 cum
1435 5367 1540 5404 uno
1566 5351 1803 5424 Ebroi_c._,
1833 5370 1848 5399 ι
1882 5351 2000 5424 aui-

434 5420 762 5478 mum'tunm
792 5423 857 5474 ad
888 5420 1133 5489 praelium
1165 5420 1626 5476 couei!at.rLibb.
1664 5421 1815 5485 editi,
1847 5436 1866 5471 ι
1891 5422 2007 5473 atti-

436 5508 552 5547 nios
580 5501 699 5543 tuos
726 5493 789 5542 ad
826 5492 1065 5559 prteliuiu
1092 5491 1390 5543 concitans.
1427 5510 1443 5541 ι

508 5560 619 5628 (Ἡ)
654 5558 1000 5617 ιὶιὶριιιιιιςις..
1040 5580 1055 5611 ι
1087 5577 1150 5613 ex
1197 5563 1346 5613 vobis
1385 5564 1660 5616 Venientes
1699 5578 1801 5614 non
1842 5558 2001 5613 verbo

451 5630 540 5685 [lci
570 5634 661 5682 s-td
695 5630 887 5681 fabulis
913 5644 1118 5683 vneam,
1162 5650 1177 5680 ι

2092 3084 2222 3137 mini
2251 3084 2317 3138 ad
2349 3083 2515 3139 Deum
2551 3101 2615 3139 ex
2648 3093 2762 3139 toto
2795 3085 2958 3139 corde
2991 3095 3195 3150 vestro,
3249 3097 3436 3142 vacate
3461 3089 3671 3143 oratio-

2090 3175 2270 3241 nibus,
2296 3187 2485 3230 vacate
2508 3176 2673 3229 verbo
2701 3176 2814 3230 Dei.
2842 3176 2979 3243 Quid
3021 3178 3243 3246 prodest
3286 3179 3329 3233 si
3354 3179 3668 3249 jejunainus

2090 3281 2188 3336 pro
2214 3269 2471 3335 peccatis,
2508 3276 2565 3322 et
2591 3268 2786 3321 iterum
2811 3279 3035 3336 peccata
3064 3272 3454 3327 committimus
3480 3273 3667 3339 ?Quid

2090 3357 2313 3426 prodest
2343 3358 2543 3413 lavisse
2611 3368 2665 3412 et
2708 3360 2761 3413 in
2792 3374 2953 3413 emno
3001 3362 3179 3415 denuo
3213 3362 3486 3417 volutari?
3516 3361 3667 3431 Jeju-

2092 3448 2233 3501 nasti
2266 3449 2543 3519 aliquanto
2573 3450 2856 3519 tempore?
2900 3449 3030 3504 Tale
3058 3459 3140 3505 est
3176 3452 3338 3519 quale
3364 3454 3409 3508 si
3446 3453 3667 3509 interim

2091 3552 2159 3591 ex
2208 3538 2442 3609 IEgypto
2488 3540 2827 3595 discesseris.
2868 3538 3135 3594 Transisti
3190 3556 3341 3595 mare
3401 3539 3669 3608 Rubrum,

2093 3641 2315 3684 secutus
2342 3646 2402 3685 es
2435 3631 2651 3701 Moysen
2673 3672 2689 3698 ,
2736 3642 3005 3702 prmecpta
3056 3632 3271 3687 scilicet
3304 3642 3361 3687 et
3414 3634 3671 3689 mandata

2094 3718 2227 3788 legis
2258 3719 2551 3777 observans
2605 3722 2717 3793 (74)
2748 3740 2763 3776 :
2795 3724 2891 3780 sed
2929 3723 3041 3791 jam
3074 3732 3124 3777 te
3156 3738 3185 3777 a
3218 3722 3402 3778 Moseo
3431 3723 3672 3793 suscepit

2092 3809 2269 3874 Jcsus,
2297 3812 2387 3880 qui
2425 3821 2475 3867 te
2500 3813 2661 3867 etiam
2687 3813 3044 3869 circumcidat
3074 3813 3333 3879 secundo,
3360 3814 3412 3868 in
3440 3813 3556 3868 loco
3578 3814 3672 3882 qui

2092 3899 2296 3953 dicitur
2335 3899 2493 3957 collis
2528 3902 2937 3972 prmputiorum.
2977 3903 3461 3958 Circumcidendus
3506 3904 3670 3974 igitur

2097 3991 2193 4045 tibi
2225 4000 2308 4045 est
2334 4006 2441 4046 non
2463 3992 2637 4046 solum
2669 3992 2938 4047 idolorum
2969 3992 3169 4059 cultus,
3195 4008 3355 4061 quem
3409 3995 3465 4047 in
3499 3993 3674 4047 initiis

2097 4081 2366 4151 abiecisti,
2415 4082 2509 4135 sed
2560 4082 2738 4137 denuo
2771 4083 2867 4136 tibi
2896 4083 3063 4136 etiam
3114 4084 3344 4137 avaritia
3380 4084 3674 4138 circumcio

2096 4173 2274 4227 denda
2312 4182 2419 4237 est,
2451 4187 2571 4242 quae
2596 4182 2681 4228 est
2713 4173 2826 4247 (75)
2867 4174 3132 4228 idolorum
3172 4174 3426 4228 subtilior
3472 4174 3669 4229 cultus.

2098 4263 2342 4335 Denique
2367 4264 2527 4320 Jcsus
2550 4266 2787 4320 secunda
2818 4262 3239 4319 circumcisione
3284 4262 3535 4333 populum
3564 4262 3673 4317 cir-

2021 4335 2068 4391 Ι)
2095 4357 2405 4412 cuntcidens
2430 4356 2542 4426 (76)
2576 4356 2656 4411 sic
2680 4355 2925 4411 dixit“:
2967 4376 2985 4407 ι
3018 4354 3189 4410 llodie
3228 4353 3426 4409 abstuli
3452 4369 3482 4407 a
3525 4352 3676 4408 vobis

1932 4472 1979 4503 ⁸¹
2013 4471 2151 4526 Psal.
2182 4487 2219 4539 ι,
2253 4472 2308 4525 2.

2408 4472 2454 4504 ³³
2480 4470 2620 4541 Eph.
2654 4486 2706 4536 v,
2741 4470 2827 4525 14.
2928 4470 2975 4503 ⁵⁵
2999 4470 3112 4525 Jos.
3144 4484 3195 4535 v,
3227 4468 3281 4523 9.

2175 4583 2291 4654 (η)
2333 4580 2397 4636 Et
2430 4585 2695 4652 continge:
2724 4582 3010 4654 Christum.
3038 4581 3114 4635 lta
3144 4577 3675 4654 codex_Gemetieen-

2100 4648 2195 4705 sis.
2233 4648 2379 4705 Libri
2422 4648 2797 4707 autem'antea
2843 4652 2996 4715 editi,
3033 4670 3051 4702 ι
3088 4662 3145 4703 ιιι
3180 4652 3461 4716 contingas
3514 4648 3677 4700 Chri-

2100 4733 2265 4776 stum.
2288 4741 2305 4773 ι
2325 4723 2524 4777 Tcxtus
2551 4722 2769 4777 Graecus
2808 4724 2906 4775 hoc
2931 4722 3047 4775 loco
3067 4720 3295 4782 ferebat,
3326 4718 3419 4769 καὶ
3446 4718 3679 4786 ἐπιψαύ-

2102 4809 2215 4865 σεις
2244 4792 2337 4845 τοῦ
2372 4792 2629 4865 Χριστοῦ.
2657 4793 2761 4865 Sed
2794 4792 2897 4845 alia
2924 4792 3075 4865 plura
3115 4790 3365 4865 Epistolae
3394 4790 3457 4840 ad
3491 4788 3680 4865 lilibe-

2102 4863 2211 4915 sins
2240 4856 2567 4929 exemplaria
2607 4863 2901 4925 habebant,
2924 4856 3025 4913 'xal.
3050 4856 3341 4929 ἐπιφαύσει
3369 4873 3448 4929 eo:
3480 4856 3509 4907 ὁ
3541 4858 3679 4925 Χρι-

2104 4932 2246 4995 στός.
2295 4927 2424 4987 Vide
2462 4932 2607 4985 Millii
2636 4943 2815 4986 notam
2848 4932 2912 4983 ad
2939 4931 3135 4998 Eplies.
3161 4927 3221 4995 7v,
3254 4927 3339 4981 M.
3367 4927 3484 4980 Mox
3504 4930 3678 4979 codex

2105 5000 2498 5056 Gemeticensis
2537 5018 2660 5056 cum
2706 5016 2814 5055 uno
2858 4999 3206 5062 Ebroicensi,
3256 5012 3354 5065 pro
3388 5016 3404 5046 ι
3442 5009 3680 5059 exsurge

2107 5072 2251 5123 enim
2289 5086 2318 5123 a
2347 5073 2599 5135 mortuis,
2621 5091 2640 5124 ι
2680 5072 2881 5125 habent
2912 5087 2929 5119 ι
2964 5083 3258 5139 exsurgere
3299 5066 3443 5120 enim
3472 5083 3500 5119 a
3531 5081 3679 5118 mor-

2111 5141 2234 5193 luis.
2275 5158 2293 5190 ι
3538 5168 3547 5174 .

2180 5207 2292 5285 (Ῐᾷ)
2329 5211 2409 5285 Co
2431 5212 2511 5263 lex
2542 5209 2953 5285 Gemeticensis,
2987 5226 3004 5259 ι
3043 5206 3358 5285 perdurant.
3397 5222 3416 5254 ι
3474 5233 3509 5285 ί.

2182 5276 2293 5351 (μ)
2329 5280 2468 5351 idem
2503 5295 2625 5333 cum
2660 5294 2765 5332 uno
2797 5276 3534 5351 Elil'plCCIlSl,_sOIDSCDVDSli.
3572 5286 3594 5324 ι

2338 5348 2486 5422 Mss,
2529 5366 2547 5399 ι
2582 5365 2699 5416 qua}
2720 5359 2822 5402 est.
2854 5367 2870 5397 ι
2897 5348 3051 5422 Libb.
3079 5348 3230 5422 editi,
3265 5363 3282 5393 ι
3328 5343 3377 5397 id
3403 5353 3506 5422 est.
3550 5360 3570 5393 ι
3604 5411 3615 5422 ⁸

2184 5413 2298 5488 (76)
2342 5419 2490 5482 Mss,
2536 5437 2555 5469 ί
2594 5413 2827 5471 secunda
2860 5418 3276 5471 circumcisione
3298 5413 3680 5488 populumcir-

2113 5484 2446 5543 cainridens.
2494 5507 2510 5537 ι
2549 5488 2705 5542 Libb.
2748 5488 2913 5553 editi,
2950 5506 2966 5536 ι
3009 5489 3247 5541 secundo
3295 5484 3678 5540 circumcisum

2115 5558 2365 5627 populum
2399 5559 2810 5612 circumcidens.
2849 5577 2866 5609 ι
