4104 6226
473 270 578 326 835

1936 245 2256 313 ORIGENIS

3641 251 3752 310 836

473 383 647 444 Filius
685 382 800 436 Dei.
836 379 970 446 Quia
1011 393 1028 428 t
1076 387 1198 429 cum
1249 371 1482 426 venisset
1531 369 1807 440 plenitudo
1845 381 2054 438 tempo.
2085 378 2127 432 Α
2156 376 2237 420 est
2289 364 2457 434 gloria
2487 373 2540 417 et
2582 362 2872 432 imperium
2919 375 3044 416 cum
3082 360 3292 430 Spiritu
3329 373 3518 419 sancto
3546 365 3656 437 (95)
3689 369 3750 426 in

471 491 618 539 rtuu,
675 465 820 527 misit
858 469 996 524 Dens
1050 462 1243 542 Filium
1283 479 1436 520 suum
1481 473 1663 516 natum
1706 463 1816 532 (88)
1847 474 1908 516 ex
1939 479 2054 514 tutt-

473 566 630 630 Iiere,
673 559 874 618 factum
910 557 1010 614 sub
1048 557 1162 628 lege
1192 555 1260 611 δ’.
1300 571 1318 610 t
1353 552 1456 609 i’er
1489 555 1590 610 hoc
1621 570 1748 623 ergo
1784 555 1927 622 quod
1979 553 2057 605 fa-

474 667 596 712 ctus
621 664 704 710 est
736 649 836 708 sub
866 645 1004 720 iege,
1039 645 1205 704 Musei
1241 644 1489 702 minister
1521 646 1744 701 effectus
1771 655 1878 700 est.
1919 645 2054 698 Dicit

473 757 653 802 autem
683 743 842 806 Deus,
871 755 926 796 ut
961 747 1239 796 transeant
1271 739 1384 810 (89)
1418 737 1468 792 in
1499 748 1718 798 terram,
1755 748 1858 790 non
1889 749 2054 805 quam

471 836 620 890 dedit
652 829 884 905 Moyses,
917 833 1009 888 sed
1049 850 1067 884 ‹
1104 839 1290 900 quam,
1344 825 1536 898 inquit,
1575 841 1673 896 ego
1708 828 1776 880 do
1829 827 1998 880 vobis.
2033 843 2051 879 ι

479 922 640 981 Vides
667 939 795 993 ergo
819 919 1154 994 quia,.\loseo
1196 917 1576 979 morttto,Deus
1615 920 1705 972 dat
1730 927 1930 971 terram
1958 931 2054 986 p0-

475 1013 598 1089 pnio
629 1034 723 1086 per
751 1013 959 1072 Jesum.
985 1015 1155 1080 Quam
1194 1011 1435 1066 terram?
1462 1012 1611 1066 illam
1638 1011 1755 1064 sine
1793 1007 1956 1063 dubio
1991 1008 2058 1062 de

474 1125 577 1176 qua
601 1107 731 1161 dicit
767 1103 1024 1161 Dominus
1058 1101 1144 1158 ἐς
1193 1117 1210 1153 t
1261 1101 1408 1155 Beati
1462 1096 1756 1163 mansueti,
1792 1099 1920 1168 quia
1953 1099 2056 1169 ipsi

476 1199 789 1255 hmreditate
824 1191 1176 1266 possidebunt
1202 1204 1423 1250 terram.
1466 1208 1484 1246 ι

543 1288 595 1344 5.
633 1310 651 1340 ι
688 1285 940 1350 Omnem,
962 1282 1221 1355 inquit”,
1245 1286 1423 1339 locum
1458 1295 1840 1354 quemcunque
1863 1295 2057 1340 ascen-

473 1375 664 1428 deritis
684 1371 924 1444 vestigiis
942 1375 1136 1442 pedum
1159 1379 1485 1438 vestrorum,
1515 1372 1669 1430 vobis
1693 1375 1833 1429 dabo
1860 1387 2005 1428 eum.
2033 1394 2050 1426 ι

473 1469 604 1533 ρειτε
650 1474 776 1520 sum
821 1464 933 1520 loca
995 1479 1115 1535 quze
1171 1465 1514 1520 ascendimus
1567 1466 1813 1535 vestigiis
1862 1466 2057 1535 pedum

475 1555 832 1612 nostrorum?
855 1551 1016 1625 chis
1040 1554 1211 1610 littera
1230 1553 1374 1610 humi
1395 1555 1568 1626 posita
1594 1563 1696 1619 est,
1728 1562 1782 1609 et
1805 1556 2057 1611 deorsum

469 1647 636 1714 jacet.
664 1641 938 1716 Nos-qnam
969 1661 1096 1716 ergo
1127 1647 1376 1701 ascendit
1406 1646 1499 1715 qui
1530 1645 1665 1715 legis
1697 1646 1936 1701 litteram
1966 1661 2054 1702 se-

2155 457 2350 513 saecuia
2381 455 2730 511 somniorum.
2764 456 2962 506 Amen.

2747 555 3031 613 ilOMlLIA
3059 558 3147 614 ill.

2160 654 2232 712 De
2255 656 2460 710 duabus
2505 665 2552 709 et
2580 653 2734 708 semis
2769 651 3030 723 tribubus,
3062 651 3118 704 id
3159 664 3236 706 eu
3283 654 3426 706 tribu
3473 652 3750 723 Ruben,“

2227 730 2365 780 tribu
2385 727 2523 787 Gud,
2547 737 2594 778 ει
2627 725 2758 777 senti
2796 723 2938 774 tribu
2976 721 3228 777 Manasse
3252 724 3387 795 (94),
3411 736 3458 778 et
3490 721 3668 779 novent
3694 737 3747 781 et

2229 799 2382 852 semis
2408 798 2669 850 tribubus.

2230 912 2282 965 1.
2318 910 2529 980 Moyses
2553 905 2926 962 lnereditatetn
2961 914 3126 961 terra)
3147 907 3424 962 distribuit
3452 917 3603 963 trans
3624 909 3750 964 Jor-

2159 1002 2353 1059 danem
2388 1002 2596 1057 duabus
2623 1009 2678 1055 et
2707 997 2874 1052 semis
2906 998 3185 1064 tribubus,
3223 1000 3276 1054 id
3302 1009 3406 1066 est,
3441 1001 3598 1055 tribui
3629 999 3748 1070 (95)

2160 1096 2374 1158 Ruben,
2419 1104 2474 1149 et
2522 1092 2682 1147 tribui
2721 1091 2872 1156 Gad,
2905 1100 2961 1145 et
2991 1091 3228 1147 dimidia:
3272 1093 3436 1146 tribui
3480 1091 3748 1147 Manasse.

2161 1187 2406 1256 Reliquis
2435 1201 2565 1241 vero
2598 1185 2869 1250 tribubus,
2907 1199 3013 1237 non
3059 1183 3296 1254 Moyses,
3335 1185 3431 1240 sed
3471 1183 3630 1239 Jesns
3662 1186 3747 1238 di-

2158 1280 2291 1333 vidit
2326 1287 2551 1333 terram.
2593 1275 2824 1330 Pactum
2861 1284 3035 1329 tamen
3082 1277 3278 1329 initum
3327 1284 3413 1330 est
3453 1291 3580 1330 cum
3637 1276 3746 1330 iliis

2161 1369 2369 1424 duabus
2390 1378 2444 1424 et
2470 1368 2632 1423 sentis
2666 1367 2908 1421 tribubus
2936 1381 3054 1435 qute
3079 1375 3227 1420 trans
3254 1365 3553 1421 Iordanem
3585 1383 3745 1422 acce-

2161 1471 2352 1532 perant
2403 1472 2626 1523 terram,
2666 1467 2727 1512 ttt
2772 1457 2975 1511 relictis
3005 1456 3318 1511 mulieribus
3341 1466 3396 1511 et
3436 1458 3740 1512 infamibus

2160 1553 2274 1610 suis
2297 1553 2349 1606 in
2375 1551 2462 1605 illa
2499 1561 2642 1604 terra
2678 1559 2827 1603 trans
2854 1548 3166 1614 Jordanem,
3192 1548 3294 1617 ipsi
3317 1563 3438 1603 eum
3467 1547 3736 1602 fratribus

2162 1646 2277 1700 suis
2334 1652 2578 1714 pugnent
2636 1655 2919 1710 usquequo
2960 1643 3129 1694 etiam
3179 1640 3279 1710 ipsi
3331 1650 3732 1708 consequantur

473 1713 680 1807 quitur.
712 1735 769 1792 Si
795 1713 932 1793 rcro
965 1713 1208 1806 potueris
1238 1751 1266 1789 a
1299 1713 1480 1791 littera
1518 1713 1816 1791 ascendere
1855 1738 1921 1791 ad
1949 1738 2058 1808 spi-
2091 1713 2132 1772 Β
2167 1713 2561 1793 hareditatem.
2589 1735 2841 1806 Opertuit
2868 1735 3038 1802 igitur
3067 1743 3162 1803 per
3191 1733 3397 1788 obitum
3427 1731 3605 1794 Musei,
3632 1746 3683 1798 qi
3709 1728 3726 1784 i

477 1829 661 1891 ritum,
707 1830 858 1883 etab
911 1825 1140 1883 historia
1192 1828 1258 1881 ad
1298 1824 1632 1881 intellectum
1688 1829 2058 1881 conscendere

473 1919 779 1985 ocis-iorem,
835 1931 966 1974 tunc
1018 1933 1145 1973 vere
1192 1919 1492 1973 ascendisti
1538 1917 1715 1972 locum
1752 1917 1958 1970 editum
2005 1929 2060 1970 et

474 2013 771 2079 excelsum,
805 2023 964 2080 quem
991 2023 1021 2064 a
1059 2007 1170 2064 Deo
1211 2008 1264 2063 iu
1317 2008 1634 2063 hmreditate
1665 2007 1951 2078 percipies.
2003 2009 2057 2062 Si

473 2103 615 2160 cnim
644 2106 694 2158 in
728 2101 793 2158 iis
823 2113 942 2174 quae
962 2098 1162 2173 scripta
1195 2112 1341 2169 sunt,
1375 2111 1530 2172 typos
1553 2095 1845 2169 intelligas,
1878 2108 1933 2154 et
1956 2100 2045 2153 ad-

474 2204 664 2260 vertas,
690 2191 892 2250 formas
924 2205 1045 2250 esse
1087 2189 1414 2258 caelestium,
1468 2199 1521 2247 et
1562 2199 1742 2246 tuente
1789 2205 1852 2246 ac
1896 2205 2058 2245 sensu

479 2309 498 2340 ι
548 2299 670 2358 quae
715 2301 933 2342 sursum
983 2293 1111 2342 sunt
1164 2299 1404 2356 «inieras,
1455 2285 1543 2340 ubi
1590 2284 1841 2340 Christus
1889 2286 2056 2339 estin

473 2381 695 2434 dextera
721 2377 810 2435 Dei
834 2377 1026 2434 sedens
1058 2377 1133 2443 ⁸ος
1170 2394 1189 2429 ι
1223 2388 1350 2430 tunc
1379 2383 1433 2432 et
1467 2374 1616 2429 illum
1658 2377 1830 2430 locum
1853 2378 1902 2429 in
1942 2376 2058 2430 11.n-

477 2471 708 2524 reditate
772 2465 1059 2538 percipies,
1114 2462 1329 2521 dicente
1383 2464 1611 2520 Domino
1665 2473 1720 2518 et
1775 2464 2059 2520 Salvatore

475 2565 662 2613 nostro
693 2558 761 2622 ⁸³,
791 2559 915 2627 quia
957 2569 975 2608 t
1022 2551 1113 2608 ubi
1157 2569 1254 2623 ego
1282 2567 1425 2619 sont,
1457 2555 1528 2608 ibi
1565 2555 1673 2607 erit
1711 2566 1767 2608 et
1800 2555 2049 2609 minister

476 2665 648 2704 meus.
694 2670 712 2701 ι
757 2645 813 2703 Si
865 2659 996 2718 ergo
1045 2659 1214 2717 usque
1265 2647 1332 2700 ad
1375 2647 1652 2700 Christum
1694 2648 1972 2702 sedentem
2004 2649 2056 2702 in

475 2743 695 2796 dextera
728 2742 816 2794 Dei
846 2741 1156 2810 perveneris
1191 2740 1313 2803 fide,
1349 2740 1478 2792 vita:
1501 2739 1736 2808 puritate
1771 2739 1908 2809 (90),
1951 2741 2059 2792 vir-

475 2843 610 2897 tute,
640 2842 694 2887 et
728 2833 834 2887 iliis
861 2833 1104 2902 vestigiis
1140 2834 1333 2902 pedum
1368 2841 1583 2884 tuorunt
1629 2845 1750 2899 qua:
1792 2830 1928 2884 lavit
1970 2831 2058 2885 Je-

476 2943 590 2990 sus,
624 2927 770 2980 illum
801 2927 979 2981 Ιοιυιιι
1023 2925 1336 2988 iucesseris,
1386 2922 1535 2976 dabit
1574 2923 1668 2975 tibi
1704 2937 1828 2976 eum
1877 2921 2054 2977 Deus:

2164 1839 2378 1899 pactum
2399 1828 2544 1883 istud
2577 1829 2797 1889 inierat,
2831 1825 3018 1881 Jesum
3055 1824 3326 1894 promissa
3357 1823 3729 1890 deposcere,tt

2161 1933 2508 1976 comntonere
2529 1935 2620 1974 eos
2643 1919 2905 1973 auxilium
2940 1916 3257 1986 pugnaturis
3289 1914 3548 1966 fratribus
3572 1911 3731 1966 ferre.

2163 2011 2289 2067 llaec
2329 2012 2549 2080 quidem
2599 2010 2839 2064 historia:
2874 2019 3055 2062 textus
3103 2015 3329 2060 enarrat
3364 2002 3499 2074 (96),
3551 2016 3737 2056 verum

2161 2104 2288 2173 quia
2314 2119 2411 2158 nos
2433 2101 2697 2171 fortejatn
2720 2100 2974 2155 conversi
3008 2099 3074 2153 ad
3111 2098 3400 2151 Doruiuutu
3425 2109 3630 2157 smnus,
3647 2092 3744 2162 qui

2163 2195 2345 2250 aufert
2401 2194 2644 2250 velamen
2672 2207 2737 2248 ex
2772 2192 3008 2246 lectione
3034 2189 3249 2245 Veteris
3300 2187 3659 2248 Testamenti,
3686 2192 3741 2239 et

2163 2290 2328 2342 donat
2352 2287 2523 2341 servis
2554 2287 2667 2340 suis
2709 2283 3058 2339 credentibus
3092 2283 3144 2335 in
3182 2295 3262 2345 se,
3299 2288 3360 2332 ιιι
3398 2278 3634 2334 revelata
3660 2275 3742 2329 fa-

2162 2380 2244 2433 cie
2277 2379 2500 2447 gloriam
2540 2376 2749 2430 Domini
2801 2372 3170 2438 speculentur,
3214 2372 3330 2425 base
3383 2370 3567 2424 omnia
3619 2383 3741 2436 qua:

2165 2471 2464 2540 ﬁguraliter
2495 2469 2598 2522 illis
2638 2467 2986 2529 accidebant,
3011 2475 3237 2533 propter
3269 2478 3368 2517 nos
3390 2462 3588 2530 scripta
3614 2474 3740 2514 esse

2163 2564 2480 2623 sentiamus,
2509 2581 2528 2611 ι
2550 2562 2601 2614 in
2621 2574 2760 2628 quos
2779 2557 2912 2612 fines
2936 2556 3258 2611 saeculorum
3282 2552 3734 2608 devenerunt“.-t

2162 2655 2228 2708 Et
2272 2655 2412 2718 ideo,
2457 2655 2598 2720 sicut
2638 2662 2766 2705 ante
2795 2649 2907 2717 jam
2934 2650 3197 2712 diximus,
3238 2646 3538 2701 ascendere
3568 2651 3742 2699 tente-

2162 2761 2282 2799 mus
2315 2762 2344 2798 a
2385 2745 2563 2797 littera
2599 2743 2665 2796 ad
2703 2741 2983 2810 spiritum,
3011 2756 3040 2792 ιι
3083 2739 3271 2809 ﬁguris
3297 2737 3365 2791 ad
3411 2737 3691 2791 veritatem
3720 2751 3736 2799 ;

2159 2836 2321 2908 402
2365 2846 2418 2891 et
2444 2835 2852 2889 consideremus
2898 2847 3059 2902 quam
3100 2831 3330 2885 formam
3356 2837 3580 2884 teneant
3619 2828 3739 2882 ista:

2161 2930 2279 2982 dna:
2311 2937 2364 2981 et
2392 2928 2557 2981 semis
2587 2925 2781 2991 tribus,
2811 2917 2934 2993 qua!
2956 2935 3053 2993 per
3083 2922 3300 2992 Moysen
3330 2929 3529 2975 terram
3562 2919 3737 2974 haire‘

475 3027 531 3071 et
568 3025 696 3070 tunc
733 3031 838 3070 non
873 3015 1049 3069 solum
1077 3010 1188 3084 (9|)
1228 3013 1403 3068 [iteres
1435 3010 1688 3067 efﬁcieris
1728 3012 1842 3079 Dei,
1878 3014 1972 3067 sed
2003 3022 2055 3068 et

2162 3019 2343 3074 ditatis
2376 3018 2655 3086 accipiunt
2686 3033 2699 3069 :
2727 3025 2782 3070 et
2816 3029 2979 3084 quam
3012 3013 3244 3069 formam
3274 3019 3494 3066 teneant
3516 3008 3739 3078 reliqua:

475 3109 721 3164 cohmres
751 3107 979 3161 Christi.

545 3197 598 3252 4.
641 3212 658 3250 t
695 3199 872 3260 Sicut,
907 3197 1080 3264 inquit
1114 3198 1180 3263 ",
1214 3196 1322 3250 dixi
1361 3190 1552 3268 Moysi,
1596 3210 1840 3250 eremum
1865 3204 1918 3249 et
1951 3197 2061 3248 An-

477 3293 755 3346 tilibanutn
787 3291 927 3344 hunc
960 3303 1128 3357 usque
1166 3289 1232 3344 ad
1282 3288 1482 3342 ﬂumen
1539 3303 1818 3358 magnum,
1859 3286 2057 3340 ﬂumen

477 3384 829 3450 Euphratem,
879 3401 897 3432 ι
931 3395 1174 3434 eretuum
1213 3380 1354 3435 Deus
1388 3379 1619 3459 subiecit
1664 3380 1788 3436 Jesn
1821 3379 1956 3450 (9‘2),
2007 3380 2060 3433 id

473 3485 562 3527 est
593 3475 826 3535 deserta,
866 3473 930 3526 de
965 3473 1160 3540 quibus
1202 3471 1332 3525 dicit
1372 3470 1627 3541 prepbela
1664 3471 1752 3525 ⁶³;
1794 3489 1812 3522 α
1851 3473 2059 3525 chtare

477 3573 696 3613 eretnns
733 3557 958 3623 sitiens;
999 3575 1016 3610 ι
1057 3570 1108 3614 et
1139 3576 1155 3615 :
1186 3576 1204 3610 ι
1243 3558 1394 3612 Multi
1442 3561 1535 3613 filii
1581 3560 1835 3624 desertm,
1889 3562 2060 3630 magis

478 3667 638 3719 quam
676 3649 792 3719 ejus
821 3664 940 3719 quae
969 3649 1133 3704 habet
1166 3648 1362 3704 virum.
1394 3669 1412 3702 ›
1454 3650 1517 3704 Et
1546 3651 1741 3704 iterum
1779 3665 1886 3704 non
1927 3652 2062 3706 d.xit

476 3743 769 3808 Libanum,
817 3741 912 3797 sed
965 3743 1365 3810 Antilibanum,
1403 3759 1562 3812 quem
1613 3759 1643 3796 a
1695 3745 1804 3797 Deo
1847 3746 2061 3812 accepit

474 3831 651 3888 Jesus.
691 3825 1034 3887 Antilibanus
1065 3844 1249 3887 autem
1281 3834 1480 3887 dicitur
1511 3835 1662 3903 quasi
1697 3851 1793 3903 pro
1833 3833 2058 3889 Libano.

477 3923 535 3980 Si
584 3939 713 3994 ergo
751 3926 935 3979 videas
969 3925 1204 3994 priorem
1254 3925 1510 3993 populum
1562 3925 1711 3978 illum
1760 3928 2054 3980 secundum

475 4032 694 4071 carnem
733 4016 924 4080 Israel,
949 4018 1042 4086 qui
1077 4027 1198 4070 erat
1230 4032 1358 4071 vera
1399 4018 1540 4072 oliva
1563 4057 1578 4082 ,
1614 4018 1788 4087 ipsum
1824 4019 2058 4087 iuteliige

475 4107 641 4160 fuisse
678 4107 940 4160 Libanum
993 4121 1178 4161 verum
1210 4122 1224 4160 :
1255 4108 1351 4162 sed
1396 4121 1520 4162 cum
1555 4109 1754 4162 videris
1785 4109 1908 4176 quia
1960 4123 2058 4176 pro

476 4199 853 4253 incredulitaze
886 4211 981 4252 Sua
1029 4199 1276 4254 aufertur
1307 4199 1375 4254 ab
1425 4215 1489 4254 eo
1532 4213 1780 4269 regnum,
1821 4213 1874 4256 et
1903 4204 2060 4256 dalur

474 4291 620 4363 genti
668 4289 884 4346 facienti
935 4295 1170 4346 fructum
1211 4293 1379 4360 ejus:
1434 4290 1596 4346 istum
1643 4293 1901 4361 populum
1964 4295 2054 4362 qui

2165 3128 2356 3169 novem
2411 3122 2467 3166 et
2519 3113 2684 3166 semis
2739 3125 2859 3180 qua:
2896 3124 2992 3178 per
3021 3107 3206 3163 Jesum
3264 3103 3737 3174 repromissionem

2160 3214 2323 3260 terra:
2369 3214 2573 3260 sancta)
2613 3203 2934 3272 suscipiunt.
2987 3200 3052 3255 Et
3092 3201 3270 3269 primo
3313 3199 3554 3254 omnium
3606 3207 3740 3266 pulo

2162 3294 2304 3363 quod
2329 3293 2662 3366 impossibile
2690 3291 2855 3348 fuerit
2885 3293 3104 3348 fortuitu
3140 3289 3425 3354 accidisse,
3453 3297 3511 3342 ut
3539 3287 3592 3340 bi
3643 3287 3738 3354 qui

2163 3401 2260 3454 per
2287 3385 2502 3456 Moysen
2527 3386 2804 3453 accipiunt
2829 3385 3153 3453 portionem,
3177 3396 3365 3436 omnes
3393 3377 3738 3451 primogeniti

2162 3481 2364 3527 essent.
2391 3471 2577 3526 Ruben
2605 3481 2838 3540 naane
2855 3472 3247 3541 primogenitus
3280 3475 3365 3525 est
3388 3484 3450 3524 ex
3473 3467 3592 3535 Lia,
3625 3467 3740 3521 Gad

2165 3566 2556 3635 primogenitus
2600 3579 2665 3618 ex
2710 3565 2884 3630 Gcll’a,
2933 3573 2987 3619 et
3042 3563 3314 3617 Manasses
3346 3561 3744 3629 primogenitns

2161 3672 2226 3710 ex
2263 3655 2538 3711 Asseneclt
2575 3656 2827 3726 AEgyptia
2861 3656 2970 3710 tilia
3004 3651 3272 3722 Petephre
3302 3652 3412 3724 (97)
3439 3652 3740 3706 sacerdotis

2166 3747 2529 3817 lleliopoleos,
2566 3765 2727 3817 quam
2782 3748 2993 3816 accepit
3038 3745 3257 3815 Joscpb.
3302 3744 3586 3813 Nunquam
3640 3759 3738 3808 ego

2165 3841 2294 3893 tuihi
2331 3841 2633 3908 persuadeo
2666 3849 2723 3892 ut
2767 3839 2994 3894 fortuitu
3042 3837 3300 3892 acciderit
3354 3837 3738 3906 primogenitos

2162 3947 2279 3985 esse
2312 3947 2504 3986 omnes
2558 3932 2755 3999 quibus
2789 3945 2884 4000 per
2918 3929 3134 4000 Moysen
3186 3928 3581 3983 decernebatur
3623 3927 3737 3980 lue-

2165 4023 2382 4087 rcditas,
2407 4023 2502 4075 sed
2535 4021 2706 4090 magis
2729 4023 2830 4076 hoc
2850 4021 3088 4075 arbitror
3123 4019 3344 4089 quodin
3381 4017 3578 4086 iisjam
3611 4029 3737 4072 tunc

2162 4115 2389 4166 duorum
2438 4111 2868 4165 adumbrabatur
2921 4110 3094 4166 forma
3149 4108 3460 4179 pepulerunt
3505 4125 3516 4160 :
3577 4109 3737 4161 unius

2161 4206 2374 4272 quidem
2404 4205 2492 4272 qui
2527 4203 2922 4272 primogenitus
2945 4218 3043 4271 per
3072 4211 3281 4255 natura:
3309 4201 3555 4253 ordinent
3597 4200 3743 4252 vidc-

2165 4307 2340 4363 retnr;
2365 4295 2589 4351 alterius
2614 4298 2704 4365 qui
2730 4312 2826 4364 per
2855 4295 3013 4348 [idem
3042 4303 3094 4346 et
3121 4293 3372 4362 gratiam,
3404 4289 3739 4344 benedicdo-

473 4397 572 4452 pro
627 4383 717 4438 illo
743 4383 964 4452 exliulso
998 4384 1358 4438 introducitur
1389 4387 1441 4438 in
1498 4399 1744 4452 regnum,
1784 4385 2050 4440 Antiliba-
2088 4393 2128 4446 ι)
2162 4405 2282 4442 nem
2339 4390 2613 4458 acciperet
2649 4388 3000 4442 bmreditatis.
3046 4383 3158 4440 Nec
3188 4385 3338 4454 prius
3379 4383 3482 4436 illis
3517 4383 3609 4451 qui
3643 4398 3738 4451 per

476 4489 603 4529 num
651 4476 815 4540 senti,
851 4489 971 4543 qua:
1005 4487 1086 4529 cst
1117 4475 1352 4530 Ecclesia
1388 4475 1480 4530 Dei
1523 4489 1587 4528 e-x
1620 4478 1870 4545 gentibus
1922 4493 2052 4532 con-

473 4578 693 4640 gregata
723 4584 818 4638 per
839 4561 1021 4623 JeSum
1055 4569 1328 4623 Christum
1359 4571 1647 4625 Dominum
1667 4581 1932 4636 nostrum,
1964 4573 2048 4624 cui

513 4682 516 4684 ’
548 4682 592 4716 ⁵⁷
624 4683 740 4740 Gal.
775 4699 848 4742 tv,
872 4682 924 4734 4.
1005 4681 1051 4714 ⁸⁸
1077 4681 1268 4737 Matth.
1300 4698 1352 4748 γ,
1378 4683 1430 4738 4.

472 4767 580 4822 LIV,
617 4759 663 4810 1.
743 4755 787 4786 ⁸⁸
818 4753 984 4808 lCor.
1030 4768 1083 4818 x,
1115 4753 1200 4808 lt.

468 4917 640 4972 germ.
667 4891 1030 4972 etGemelic'"
1069 4917 1088 4950 ι
1138 4897 1416 4967 plenitudo
1459 4906 1783 4966 temporum.
1829 4915 1844 4946 ο
1884 4893 2041 4952 Libb.

467 4974 622 5035 editi,
662 4989 679 5021 ι
719 4971 998 5040 plenitudo
1028 4972 1302 5036 temporis.
1351 4987 1370 5019 ι

541 5042 655 5112 (88)
713 5034 892 5094 Codex
946 5034 1251 5109 Sattgertn.,
1295 5056 1312 5090 t
1357 5047 1565 5091 natum.
1612 5052 1629 5085 ι
1687 5034 1840 5088 Libb.
1891 5036 2045 5099 editi,

472 5130 495 5164 ι
539 5113 758 5164 factum.
790 5130 808 5160 ι

544 5181 822 5252 (ὃεὶγὶάυιιι
853 5195 955 5232 ms.
979 5193 1099 5232 cum
1124 5177 1308 5231 codice
1331 5175 1619 5239 Gemetic.,
1649 5190 1668 5224 ι
1697 5184 1997 5232 transeant.
2022 5196 2040 5228 ›

471 5250 628 5307 Libb.
660 5252 820 5311 edit.,
853 5270 869 5298 ι
906 5257 1170 5300 transeat.
1211 5267 1228 5299 ι

543 5319 656 5387 (90)
687 5319 867 5374 Codex
902 5316 1317 5374 Gemeticensis.
1339 5333 1358 5366 ‹
1385 5317 1505 5369 vita:
1532 5318 1788 5384 puritate.
1834 5336 1851 5368 ι
1888 5316 2048 5370 Libb.

472 5391 624 5453 editi,
661 5409 678 5440 ‹
717 5391 848 5449 vita,
882 5397 1135 5456 puritate.
1175 5405 1194 5438 ι

543 5461 654 5533 (9|)
699 5455 893 5533 Codex
927 5457 1236 5526 Sangerm.,
1282 5476 1306 5533 _¢
1344 5465 1398 5511 et
1446 5467 1572 5512 tunc
1624 5470 1730 5510 non
1789 5455 1984 5510 solum.
2025 5474 2042 5506 υ

471 5527 822 5592 [ιίιιιι.ἐι11ιί,
859 5549 876 5580 ‹
913 5532 1038 5582 dum
1071 5543 1178 5580 non
1216 5528 1411 5582 solnnt.
1454 5545 1472 5576 ι

545 5598 658 5667 (92)
681 5597 825 5667 ldent
859 5616 987 5667 ms.,
1024 5615 1041 5647 ι
1084 5611 1322 5651 eremum
1355 5595 1446 5649 Dei
1474 5593 1707 5667 subjecit
1740 5592 1914 5648 Jesus.
1952 5612 1970 5644 ι

545 5665 656 5739 (95)
681 5666 812 5723 Cum
841 5666 1041 5736 Spiritu
1069 5680 1270 5723 sancto.
1303 5668 1463 5724 Deest
1490 5666 1543 5721 iu
1568 5665 1727 5723 codd.
1762 5666 2044 5735 Sanget‘m.

1536 4684 1579 4716 ⁵³
1615 4683 1727 4740 Jos.
1763 4697 1798 4746 ι,
1830 4685 1883 4739 5.
1962 4685 2005 4715 ⁴⁵⁰
2032 4686 2240 4740 Coloss.
2278 4703 2359 4753 Ill,
2390 4687 2442 4742 i.

2161 4479 2374 4549 Moysen
2403 4479 2676 4547 accipiunt
2712 4478 3107 4542 hmreditatetn,
3132 4476 3183 4528 id
3207 4483 3290 4527 est
3314 4474 3403 4542 qui
3442 4489 3538 4540 per
3565 4474 3737 4539 Ιθεζιίιι

2162 4572 2478 4641 placuerunt
2531 4571 2666 4635 Deo,
2721 4572 2935 4638 requies
2992 4570 3171 4632 datur,
3230 4566 3330 4621 nisi
3380 4566 3634 4634 adjnvent
3685 4565 3735 4615 iu

2520 4685 2737 4742 “Joan.
2771 4701 2869 4749 xu,
2895 4684 2986 4742 9.6.
3057 4685 3099 4715 ⁸³
3123 4682 3240 4738 Jos.
3277 4697 3313 4747 ι,
3348 4682 3404 4746 5,
3437 4683 3493 4739 4.
3566 4681 3612 4712 ⁵⁸
3636 4683 3739 4736 lsa.

2153 4906 2206 4951 et
2234 4897 2624 4952 Gemclicensi.

2226 4967 2338 5036 (at)
2374 4968 2542 5022 Codd.
2601 4969 2881 5038 Sangerm.
2943 4978 2997 5022 et
3045 4967 3311 5022 Gemetic.
3356 4967 3407 5019 in
3435 4966 3552 5038 hoc
3577 4965 3734 5018 titulo

2154 5041 2431 5099 omittunt,
2472 5057 2489 5088 ι
2531 5040 2583 5094 id
2615 5037 2876 5104 est,tribu
2917 5039 3129 5104 ltuben,
3163 5047 3218 5092 et
3241 5040 3378 5091 tribu
3403 5037 3537 5100 Gad,
3571 5046 3626 5088 et
3651 5052 3742 5089 se-

2157 5109 2376 5161 tnitribtt
2408 5108 2677 5164 Manasse.
2718 5125 2739 5162 ι

2230 5179 2340 5248 (93')
2377 5178 2530 5232 Libb.
2556 5190 2716 5233 antea
2759 5180 2908 5243 editi,
2942 5196 2960 5229 ι
3007 5176 3220 5248 Moyses
3250 5179 3459 5232 duabus
3487 5187 3539 5228 ct
3569 5174 3736 5248 semis

2161 5243 2409 5304 tribubus
2433 5260 2651 5329 uterrattt
2682 5251 2936 5318 partitur,
2976 5250 3027 5303 id
3056 5243 3160 5315 est,
3197 5251 3384 5313 tribui,
3432 5266 3450 5299 ι
3481 5257 3587 5301 etc.
3630 5243 3737 5298 Srd

2161 5335 2316 5378 ωδε..
2346 5331 2403 5372 ut
2434 5334 2486 5372 tu
2522 5329 2705 5374 nostro
2732 5332 2904 5373 textu.

2232 5390 2343 5460 (96)
2387 5389 2534 5453 ilss.,
2574 5407 2593 5440 ι
2625 5392 2864 5444 historia:
2908 5399 3084 5444 textus
3105 5397 3343 5445 enarrat.
3388 5385 3586 5442 iLibb.
3620 5380 3738 5436 etii-

2162 5460 2223 5526 ti,
2258 5479 2274 5509 t
2316 5461 2544 5515 historia
2576 5470 2784 5526 narrat.
2827 5479 2843 5510 ι
3199 5483 3202 5486 ~

2192 5523 2343 5610 ,t97i
2375 5529 2524 5598 Mss.,
2560 5549 2580 5584 ι
2614 5524 2906 5602 Pet-cribro.
2943 5550 2961 5584 ι
3007 5529 3165 5586 Libb.
3203 5528 3360 5595 editi,
3412 5546 3430 5580 ι
3479 5523 3738 5595 ιιυιίιιιια-

2161 5616 2256 5656 HS.
2297 5617 2314 5651 I
