4104 6226
480 324 582 379 837

1491 318 1556 371 lN
1584 316 1844 372 LIBRUM
1868 314 2033 371 JESU
2064 310 2249 367 NAVE
2288 310 2572 371 iiOMlLlA
2613 315 2701 373 Ill.

3652 324 3757 379 8.78

480 444 685 517 praeliis
720 441 917 497 fratres
973 456 1120 495 suos.
1172 436 1425 493 Mulieres
1478 449 1683 494 tanttun
1730 448 1782 493 et
1827 438 2065 492 infantes
2097 440 2140 495 A
2181 425 2288 517 hic.
2316 435 2370 482 οι
2413 428 2484 483 ibi
2514 442 2706 484 novem
2760 432 3021 496 Clsemis,
3055 441 3107 489 et
3153 434 3252 489 ista
3279 450 3385 491 una
3422 434 3593 491 tribus
3624 436 3764 490 divi-

482 537 1015 607 accipiuutquietem
1051 550 1148 603 per
1185 534 1399 603 Moysen
1440 550 1452 586 :
1502 534 1685 587 caeleri
1720 539 1899 585 autem
1957 547 2063 586 non

483 630 863 698 requiescunt,
904 627 997 682 sed
1026 622 1229 680 exeunt
1263 627 1327 679 ad
1365 624 1626 679 auxilium
1658 623 1890 676 fratrum
1939 636 2063 678 suo-

483 736 626 775 rum.
658 719 788 774 Vide
818 720 951 773 mihi
989 718 1147 773 hodie
1191 716 1459 772 laboranti
1500 717 1550 769 in
1581 730 1751 785 agone
1781 714 1904 769 vita}
1960 715 2063 767 hu-

478 814 587 881 jus,
613 822 667 867 et
695 811 914 894 habenti
953 821 1227 865 certamen
1270 808 1530 863 adversus
1575 808 1847 871 inimicos,
1885 806 1935 860 id
1983 815 2066 861 est

484 903 787 958 contrarias
805 911 1122 972 potestates,
1156 902 1427 970 quomodo
1457 899 1511 953 in
1541 899 1802 953 auxilium
1838 899 2062 953 veniunt

484 994 559 1049 illi
600 996 693 1065 qui
726 1004 855 1050 ante
890 996 1181 1050 adventum
1219 992 1347 1047 Jesu
1390 990 1591 1047 Christi
1627 990 1837 1045 Domini
1871 992 1974 1046 tnei
2009 992 2061 1044 ιιι

486 1086 602 1157 lege
655 1086 938 1155 iustificati
994 1095 1140 1143 sunt.
1192 1083 1327 1139 Vide
1379 1082 1649 1153 quomodo
1710 1084 1877 1139 isaias
1929 1084 2060 1139 mihi

484 1187 706 1247 praestat
729 1177 1007 1239 auxilium,
1032 1191 1154 1231 cum
1188 1192 1272 1230 me
1289 1176 1632 1231 sermonibus
1669 1188 1781 1229 sua:
1807 1174 2062 1231 lectionis

484 1270 774 1325 illuminat.
803 1268 936 1323 Vide
959 1270 1257 1322 accinctum
1291 1252 1357 1321 ἐι
1405 1267 1715 1336 expeditum
1757 1268 2059 1322 venientem

482 1359 772 1413 Jerentiam
814 1359 880 1412 ad
933 1354 1189 1412 auxilium
1248 1369 1515 1422 nostrum,
1556 1366 1610 1413 et
1647 1358 1934 1415 voluminis
1978 1362 2061 1416 sui

477 1450 673 1517 jacnlis
716 1451 898 1505 hostes
942 1449 1258 1514 acerrimos,
1303 1450 1484 1504 cordis
1514 1450 1615 1503 mei
1654 1450 1905 1505 tenebras
1929 1446 2062 1506 effu-

481 1553 725 1609 gautem.
759 1542 1075 1610 Accingitur
1106 1550 1160 1594 et
1197 1536 1383 1593 Daniel
1419 1538 1761 1594 adauxilium
1790 1552 2061 1607 nostrum,

483 1651 605 1686 cum
630 1648 726 1687 nos
751 1633 817 1685 de
849 1632 1051 1686 Christi
1090 1632 1376 1700 przesentia
1413 1644 1476 1685 ac
1512 1646 1698 1700 regno,
1740 1640 1793 1687 et
1816 1634 1879 1688 de
1906 1633 2063 1687 Anti-

484 1724 672 1777 christi
703 1723 883 1775 futura
904 1716 1094 1775 fraude
1130 1721 1345 1775 instruit
1373 1729 1428 1773 et
1451 1732 1766 1789 prtemonet.
1804 1724 1974 1778 Adest
2005 1734 2060 1779 et

486 1812 735 1868 Ezechiel
762 1821 1101 1867 sacramenta
1130 1811 1286 1867 nobis
1318 1812 1558 1867 caelestia
1586 1815 1637 1867 in
1671 1814 2057 1883 quadriformi-
2093 1794 2133 1848 Β

489 1906 590 1959 bus
630 1915 866 1958 retarntn
904 1899 1120 1957 circulis
1160 1904 1407 1972 signans,
1436 1913 1491 1959 et
1522 1914 1693 1958 rotatu
1727 1906 2059 1963 concludens

490 1996 541 2047 in
578 2002 713 2048 rota.
758 1988 912 2047 Ducit
959 2003 1011 2047 et
1043 1992 1179 2048 Osee
1220 1994 1461 2048 bissenas
1492 1994 1792 2063 prophetici
1828 1999 2061 2069 agminis

490 2095 717 2148 turmas,
743 2093 798 2138 et
821 2082 1117 2153 procedunt
1143 2094 1332 2138 otnnes
1356 2086 1615 2139 succiuCti
1650 2082 1861 2142 lumbos
1888 2087 1940 2140 in
1969 2098 2054 2143 ve-

489 2180 651 2230 ritate
683 2192 842 2243 quam
880 2175 1177 2244 praedicant
1211 2177 1276 2228 ad
1308 2172 1567 2229 auxilium
1593 2192 1835 2237 suorum.
1876 2190 1935 2233 ut
1963 2196 2060 2236 eo-

487 2282 604 2320 rum
638 2262 997 2321 voluminibus
1043 2264 1313 2333 instrueti,
1348 2263 1646 2321 diabolicas
1698 2282 1802 2322 non
1841 2270 2059 2339 ignore-

488 2376 607 2414 mus
660 2356 907 2412 astutias.
960 2354 1049 2411 lsti
1097 2374 1223 2427 ergo
1253 2359 1343 2427 qui
1389 2356 1559 2412 fortes
1593 2370 1741 2425 sunt,
1770 2363 1967 2416 armati
2007 2373 2057 2418 et

485 2452 760 2521 pracciucii
810 2451 1020 2505 lumbos
1074 2450 1125 2505 in
1172 2449 1406 2505 veritate
1458 2460 1658 2506 eXeunt
1711 2454 1761 2507 itt
1799 2454 2058 2510 auxilium

486 2552 753 2605 nostrum,
786 2550 838 2597 et
876 2546 1119 2612 pugnant
1158 2538 1459 2597 uobiscum.
1508 2542 1746 2599 Infantes
1777 2559 1956 2601 autem
2006 2558 2063 2602 ct

485 2635 738 2688 mulieres
771 2646 873 2687 non
906 2641 1103 2687 exeunt
1130 2636 1196 2688 ad
1234 2636 1474 2704 praelium
1521 2646 1789 2693 nostram.
1822 2634 1930 2694 Nec
1957 2643 2060 2695 mi-

486 2741 626 2789 rum,
659 2722 833 2779 infans
855 2712 997 2778 enim
1027 2725 1228 2779 dicitur
1258 2726 1348 2795 qui
1382 2740 1485 2782 non
1513 2728 1772 2798 loquitur.
1799 2727 1939 2797 Quid
1978 2747 2063 2787 me

483 2818 827 2887 ergojuvare
868 2816 1159 2887 potuitille
1191 2820 1280 2887 qui
1318 2815 1447 2874 nihil
1494 2821 1703 2877 locutus
1739 2822 1861 2878 est?
1908 2826 2063 2894 cujus

487 2912 621 2965 nihil
661 2912 877 2967 invenio
905 2909 1049 2981 quod
1088 2908 1296 2981 legam?
1326 2912 1478 2983 cujtts
1507 2928 1590 2967 me
1626 2926 1804 2969 sermo
1835 2932 1939 2970 non
1983 2918 2063 2970 iu-

485 3004 686 3057 struiti
723 3000 1004 3057 Mulierem
1036 3017 1165 3056 vero
1194 2999 1325 3056 dicit
1353 3002 1627 3073 aposwius
1656 3000 1931 3060 infirmum
1970 3019 2063 3062 vas

485 3110 604 3149 esse
650 3089 716 3147 ⁸³.
772 3090 924 3149 Unde
971 3100 1024 3148 et
1067 3102 1460 3162 consequenter
1510 3092 1789 3151 inﬁrmum
1853 3112 1949 3153 vas
1996 3096 2061 3152 ad

478 3189 794 3247 Conflictum
822 3204 925 3242 non
953 3188 1115 3251 venit,
1142 3196 1209 3241 ne
1238 3186 1621 3260 confringatur
1650 3198 1704 3245 et
1730 3200 1939 3260 pereat.
1972 3188 2063 3246 Sic

485 3298 718 3351 namque
740 3291 793 3335 et
828 3282 892 3336 de
914 3276 1038 3336 Jcsu
1077 3276 1302 3338 Domino
1330 3280 1381 3336 itt
1419 3282 1731 3351 Evangeliis
1765 3282 1964 3337 dicitur
1990 3282 2059 3347 ⁸⁸,

486 3373 608 3440 quia
641 3391 661 3423 ι
709 3373 974 3427 calamum
1010 3383 1323 3443 quassatum
1364 3389 1468 3427 non
1511 3374 1821 3444 confringet
1856 3373 1989 3443 (98).
2038 3394 2055 3423 ι

485 3464 624 3529 Quia
655 3480 784 3535 ergo
812 3465 1063 3521 mulieres
1088 3485 1116 3522 a
1146 3470 1277 3525 viris
1315 3470 1431 3525 suis
1468 3466 1610 3523 domi
1652 3466 1835 3521 doceri
1866 3464 2064 3537 juben-

488 3564 596 3620 tur,
630 3565 687 3610 et
714 3554 884 3626 magis
914 3552 965 3611 itt
996 3556 1379 3628 discipulorum
1405 3574 1568 3629 quam
1597 3559 1907 3612 docentium
1938 3570 2060 3627 per-

486 3664 619 3703 sona
654 3658 949 3718 ponuntur,
1000 3651 1065 3704 ad
1103 3650 1361 3705 auxilium
1408 3668 1585 3705 meum
1621 3666 1728 3704 non
1774 3650 1924 3704 venit
1972 3648 2061 3717 qui

486 3741 681 3795 docere
715 3757 799 3795 me
829 3758 935 3796 non
982 3748 1176 3811 potest,
1209 3752 1264 3798 et
1293 3741 1448 3811 cujus
1479 3738 1610 3796 nihil
1649 3736 1865 3796 invenio
1917 3743 2063 3810 quod

486 3836 688 3888 imitari
724 3834 977 3900 debeam,
1003 3828 1085 3891 vel
1115 3845 1318 3889 tenere.

553 3926 608 3981 2.
640 3927 927 3981 Videamus
962 3941 1090 3998 ergo
1118 3927 1246 3996 quid
1272 3926 1461 3980 dicunt
1507 3924 1572 3981 ad
1616 3926 1799 3981 Jcsum
1834 3922 1919 3982 iSIi
1970 3926 2062 3995 qui

484 4020 713 4073 veniunt
773 4036 840 4073 ex
901 4016 990 4072 illa
1051 4032 1194 4073 terra
1259 4028 1421 4087 Quam
1481 4016 1757 4072 distribuit
1811 4016 2059 4089 Moyses:

489 4130 509 4163 ι
549 4111 703 4167 Sicut
742 4112 1077 4179 audivimus,
1102 4112 1255 4167 aiunt
1291 4106 1361 4171 ⁸⁷,
1394 4106 1636 4176 Moysen,
1672 4110 1741 4163 ita
1781 4110 2062 4165 audiemus

484 4216 541 4259 et
590 4216 660 4258 te.
706 4223 725 4255 ›
756 4203 901 4257 Nihil
935 4199 1050 4256 tam
1086 4219 1294 4269 verum,
1351 4218 1511 4267 quant
1554 4201 1697 4271 quod
1741 4205 1917 4257 omnis
1973 4204 2062 4273 qui

484 4297 635 4349 audit
673 4296 916 4365 Moysen,
958 4296 1141 4349 audiat
1175 4305 1226 4348 et
1258 4294 1438 4349 Jesum
1472 4297 1759 4349 Dominum
1789 4307 2060 4349 no.,,trum.

492 4388 565 4440 De
609 4384 735 4439 Jcsu
793 4388 933 4441 enitn
995 4388 1081 4440 ille
1114 4387 1349 4455 scripsit.
1386 4384 1536 4442 Unde
1586 4397 1639 4442 et
1701 4384 1961 4441 Dominus
2010 4388 2060 4440 in

490 4476 780 4547 Evangelia
813 4492 1045 4547 arguens
1080 4493 1195 4545 eos,
1247 4480 1374 4547 quia
1409 4492 1471 4530 ex
1524 4493 1589 4533 eo
1619 4478 1763 4546 quod
1800 4480 1906 4533 sibi
1954 4492 2058 4533 non
2097 4453 2137 4513 Ῑ)

485 4571 735 4633 credunt,
774 4586 874 4624 nec
905 4569 1085 4625 Moseo
1138 4571 1383 4635 credant,
1425 4568 1556 4624 dicit
1590 4568 1677 4622 5°:
1729 4590 1746 4621 ι
1785 4566 1839 4626 Si
1875 4572 2064 4626 crede-

490 4664 621 4716 retis
637 4662 829 4732 Moysi,
866 4665 1160 4718 crederetis
1205 4666 1389 4733 utiqne
1421 4674 1474 4717 et
1506 4662 1660 4716 mihi.
1698 4660 1772 4717 De
1800 4680 1882 4717 me
1916 4664 2061 4717 enim

492 4752 582 4808 ille
618 4750 853 4822 scripsit.
882 4774 901 4805 ι
943 4754 1068 4809 ΜΗιὶ
1095 4765 1274 4811 tatnen
1313 4769 1413 4809 nec
1445 4756 1544 4808 hoc
1567 4755 1799 4809 Otiosum
1830 4756 2061 4819 videtur,

488 4844 630 4913 quod
677 4862 785 4899 non
820 4857 930 4902 tres
986 4848 1210 4916 integra:
1249 4848 1419 4902 tribus
1470 4858 1594 4901 sunt
1635 4852 1749 4901 isne
1799 4865 1919 4918 qua:
1970 4866 2065 4917 per

492 4938 709 5010 MOysen
740 4938 1143 5009 dispensantnr,
1198 4950 1255 4993 et
1292 4941 1393 4994 illa:
1436 4942 1656 5009 integra:
1706 4957 1898 4995 novem
1948 4958 2067 5010 quc

488 5044 583 5099 per
608 5028 790 5086 Jcsutn
836 5032 1155 5087 btereditate
1202 5032 1501 5100 potiuntur,
1544 5030 1635 5084 sed
1668 5033 1785 5085 duae
1815 5040 1868 5084 et
1902 5033 2065 5087 semis

549 5150 596 5182 “
624 5146 775 5203 iPet.
803 5168 883 5215 Ill,
928 5151 978 5203 7.
1058 5146 1104 5180 “
1152 5148 1338 5202 Matth.
1395 5165 1489 5213 xit,
1521 5148 1611 5201 20.
1690 5147 1863 5203 67.Ios.
1896 5166 1931 5212 ι,
1964 5148 2049 5205 17.

487 5219 529 5251 ⁷⁸
563 5222 691 5276 ibid.
728 5221 807 5273 i-‘i.

558 5338 670 5407 (98)
712 5340 893 5391 Codex
941 5338 1360 5401 Gentcliceusis,
1408 5356 1424 5387 ι
1462 5338 1787 5408 confringet.
1822 5359 1841 5390 ι
1886 5340 2055 5405 Alias,

488 5424 512 5460 ι
545 5408 830 5468 confregit.
873 5428 889 5458 ι

557 5478 670 5546 (99)
702 5477 846 5538 Mss,
886 5498 903 5527 ι
948 5479 1267 5546 agt-bantur.
1316 5497 1331 5527 ι
1383 5476 1552 5533 Mitis,
1586 5495 1601 5524 ι
1642 5476 1989 5531 hahehantur.
2038 5498 2055 5529 ›

559 5546 835 5617 (i)Eliam
879 5548 969 5601 Dei
1012 5549 1263 5616 ttnigeniti
1305 5549 1739 5617 incarmtlionem.
1782 5548 1854 5599 Ita
1904 5550 2062 5601 habet

486 5616 653 5673 codex
681 5618 1106 5677 GctneticenSts;
1140 5618 1257 5669 libri
1296 5632 1425 5670 vero
1469 5626 1625 5668 antea
1662 5616 1811 5681 editi,
1848 5634 1865 5666 ι
1894 5621 2059 5672 etiam

488 5692 553 5743 de
602 5686 866 5756 uuigeniti
897 5688 1289 5741 incarnatione.
1332 5705 1349 5738 ι

560 5758 635 5827 ('1)
693 5752 877 5813 Codex
933 5757 1331 5814 Gemcticensis
1380 5771 1504 5811 cum
1556 5772 1661 5811 uno
1721 5752 2059 5822 Ebroicensi,

2131 5152 2175 5183 (⁵⁸
2198 5153 2355 5208 Joan.
2382 5168 2434 5215 v,
2464 5150 2554 5204 46.

2175 516 2322 572 ditur
2368 520 2421 573 in
2478 520 2615 576 duas
2643 530 2845 591 partes,
2882 534 2977 593 per
3032 539 3193 593 quam
3229 540 3404 597 neque
3433 527 3523 583 hic
3563 530 3758 584 tertius

2171 622 2434 665 numerus
2480 613 2687 681 integer
2749 615 3097 685 aditnpletur,
3156 630 3332 688 neque
3391 620 3461 674 ibi
3512 622 3761 676 decimus

2170 701 2406 769 perfecte
2453 712 2505 757 et
2548 706 2753 775 integre
2805 720 3238 765 consummatur.
3278 710 3333 764 in
3378 720 3486 780 quo
3525 716 3761 769 arbitror

2168 794 2302 849 illud
2368 795 2617 863 indicari,
2670 800 2815 867 quod
2863 808 2917 854 et
2967 796 3041 854 illi
3095 803 3306 871 priores
3344 804 3435 872 qui
3470 814 3562 873 per
3588 806 3757 874 legent

2171 892 2469 963 agebantur
2512 874 3006 964 (99),.contigerint
3058 890 3277 965 quidem
3311 894 3539 952 scientia
3563 915 3592 949 ιι
3626 897 3752 951 Tri-

2170 980 2373 1049 nitatis,
2406 1000 2513 1039 non
2553 996 2728 1040 tanten
2759 988 2964 1056 integre
2987 997 3039 1041 et
3078 987 3330 1057 perfecte,
3363 990 3458 1043 Sed
3483 1000 3546 1043 ex
3576 994 3748 1059 parte.

2171 1078 2365 1131 Deerat
2404 1072 2547 1132 enim
2594 1074 2698 1133 illis
2732 1076 2783 1133 in
2814 1078 3103 1145 Trinitate,
3148 1081 3310 1134 etiam
3358 1083 3447 1136 Dei
3490 1084 3751 1152 unigeniti

2172 1168 2603 1223 incarnationem
2640 1168 2714 1241 (i)
2750 1184 3094 1240 cognoscere.
3130 1166 3265 1225 Nam
3299 1169 3424 1227 licet
3458 1170 3524 1229 de
3547 1175 3750 1229 adven-

2171 1270 2225 1311 tu
2254 1252 2373 1327 eius
2405 1259 2712 1326 crederent,
2744 1262 2884 1315 etde
2927 1256 3149 1331 reliquis
3176 1263 3290 1330 eius
3330 1258 3751 1331 dispensationi-

2169 1351 2270 1407 bus
2298 1364 2402 1405 non
2449 1351 2624 1405 solum
2658 1348 2965 1420 crederent,
3011 1352 3102 1408 sed
3139 1356 3300 1408 etiam
3335 1352 3695 1425 praedicarent
3736 1372 3749 1411 :

2172 1455 2275 1495 non
2308 1449 2487 1495 tamen
2534 1442 2699 1495 etiam
2753 1442 2955 1507 videre,
2998 1452 3051 1496 et
3080 1438 3304 1512 adipisci
3331 1456 3393 1498 ea
3426 1456 3546 1513 quae
3577 1444 3754 1500 credi«

2171 1530 2385 1596 derant,
2422 1542 2747 1602 potuerunt;
2786 1534 2929 1588 sicut
2956 1541 3010 1587 et
3040 1530 3302 1589 Dominus
3334 1530 3611 1604 discipulis
3639 1537 3754 1593 suis

2171 1618 2299 1680 dicit
2329 1626 2394 1679 de
2424 1625 2504 1680 eis
2532 1625 2599 1692 ⁸⁸,
2624 1625 2747 1694 quia
2782 1644 2800 1676 ι
2838 1625 2991 1680 multi
3030 1626 3306 1695 propinata:
3329 1634 3384 1681 et
3408 1624 3540 1695 justi
3572 1623 3755 1697 cupio.

2170 1726 2299 1772 runt
2348 1717 2532 1773 videre
2565 1734 2686 1788 qua:
2734 1730 2829 1774 vos
2870 1720 3087 1785 videtis,
3126 1728 3181 1773 et
3226 1734 3333 1775 non
3380 1716 3649 1783 viderunt,
3698 1730 3756 1776 ct

2162 1806 2350 1862 audire
2380 1823 2499 1877 qua:
2531 1822 2627 1863 vos
2677 1810 2900 1874 auditis,
2945 1820 2999 1865 et
3046 1824 3153 1865 non
3197 1806 3508 1864 audierunt.
3551 1830 3570 1863 ι
3626 1808 3756 1866 Erat

2160 1899 2301 1953 enim
2334 1900 2465 1955 fides
2490 1916 2676 1955 eorum
2714 1916 2819 1955 non
2862 1903 3093 1973 integra,
3124 1916 3220 1974 pro
3246 1919 3310 1960 eo
3338 1902 3480 1973 quod
3512 1905 3752 1957 nondum

2161 1990 2213 2044 in
2241 1989 2457 2046 Christo
2480 1991 2653 2046 fuerat
2674 1991 3007 2061 dispensatio
3044 1996 3222 2049 carnis
3247 1992 3498 2063 impleta;
3518 2004 3572 2049 et
3598 1990 3745 2062 quod

2162 2096 2261 2137 nos
2308 2098 2450 2136 nunc
2500 2082 2703 2137 factum
2746 2081 2859 2148 jam
2900 2086 3177 2139 credimus
3228 2096 3283 2140 et
3331 2084 3633 2154 impletum,
3667 2081 3743 2139 illi

2164 2174 2533 2229 tantummodo
2577 2170 2823 2228 futurum
2889 2174 3208 2230 credebant.
3268 2174 3563 2245 Propterea
3612 2190 3745 2245 ergo

2165 2267 2335 2321 tribus
2367 2265 2469 2320 illa:
2502 2281 2677 2335 neque
2705 2268 2822 2321 dua:
2843 2276 2989 2329 sunt,
3026 2281 3094 2321 ne
3123 2276 3303 2336 patres
3322 2278 3476 2321 extra
3512 2266 3672 2321 fidem
3699 2277 3755 2321 et

2165 2358 2399 2412 salutem
2433 2356 2541 2412 sint
2566 2357 2854 2412 Trinitatis
2882 2376 2895 2413 :
2930 2366 3105 2427 neque
3134 2366 3245 2414 tres
3282 2359 3506 2429 integra:
3536 2367 3591 2415 et
3621 2374 3751 2429 per-

2162 2448 2337 2514 fectae,
2367 2464 2434 2503 ne
2466 2450 2641 2504 beatae
2666 2448 2954 2504 Trinitatis
2986 2452 3037 2504 in
3071 2451 3176 2504 illis
3198 2449 3310 2518 jam
3343 2460 3753 2505 sacramentum

2166 2543 2440 2599 videretur
2462 2545 2757 2616 expletum.
2780 2547 2884 2602 Sed
2906 2550 3254 2617 contigerunt
3285 2550 3499 2618 quidem
3533 2552 3752 2605 tertium

2165 2652 2470 2701 numerum,
2504 2646 2578 2702 et,
2613 2636 2755 2693 sicut
2788 2639 2925 2694 dixit
2968 2638 3248 2703 Dominus,
3284 2636 3574 2711 cupierunt
3600 2638 3755 2697 vide-

2166 2748 2224 2786 re
2250 2747 2370 2801 quae
2400 2731 2671 2799 videmus,
2697 2742 2753 2786 et
2777 2730 2967 2787 audire
2985 2748 3103 2802 quae
3119 2732 3395 2800 audimus;
3417 2732 3507 2789 sed
3530 2732 3751 2793 minime

2168 2832 2484 2893 potuerunt,
2513 2823 2638 2887 quia
2666 2818 2903 2878 nondum
2932 2818 3102 2878 Filius
3144 2822 3378 2879 hominis
3404 2823 3578 2878 fuerat
3608 2827 3758 2880 exal-

2172 2923 2337 2981 tatus,
2364 2931 2463 2970 nec
2492 2910 2923 2985 temporumjam
2952 2925 3181 2970 venerat
3210 2915 3512 2986 plenitudo.
3545 2913 3643 2971 llic
3670 2932 3757 2971 nte

2166 3008 2330 3062 etiam
2384 3008 2589 3079 aliquid
2629 3008 2860 3077 amplius
2904 3018 3106 3063 movet.
3134 3003 3244 3078 Ego
3286 3020 3414 3079 puto
3467 3009 3608 3081 quod
3641 3008 3755 3065 fore

2093 3131 2137 3189 ο
2172 3110 2312 3155 tasse
2332 3116 2431 3156 nec
2467 3101 2520 3155 in
2555 3102 2786 3155 adventu
2814 3099 2963 3165 Jesu,
3003 3110 3056 3156 et
3091 3101 3472 3157 incarnatione
3506 3102 3621 3171 ejus
3652 3105 3751 3158 ad-

2171 3193 2273 3247 huc
2330 3193 2475 3261 quod
2535 3191 2835 3261 perfectum
2893 3201 2977 3246 est
3020 3202 3075 3247 et
3127 3193 3397 3261 integrum
3454 3191 3753 3248 discimus:

2169 3286 2262 3337 sed
2317 3299 2415 3338 nec
2478 3284 2524 3337 si
2592 3284 2658 3337 ad
2722 3298 2939 3337 crucem
3003 3283 3235 3337 ducatur
3289 3286 3441 3350 jam,
3505 3296 3561 3339 et
3624 3301 3755 3340 con-

2168 3386 2467 3429 summetur
2512 3374 2588 3444 (2)
2634 3374 2685 3428 in
2725 3374 2998 3437 omnibus,
3058 3388 3155 3427 nec
3202 3374 3246 3427 si
3299 3388 3328 3427 a
3389 3376 3619 3430 mortuis
3670 3392 3753 3430 re-

2167 3466 2424 3527 surrexit,
2477 3465 2640 3536 403
2692 3474 2887 3519 cuncta
2942 3465 3098 3519 nobis
3132 3480 3229 3535 per
3250 3467 3601 3536 semetipsum
3640 3483 3759 3537 quze

2177 3566 2421 3633 perfecta
2452 3575 2598 3628 sunt,
2633 3565 2854 3633 pandet.
2883 3561 3003 3615 Alio
3020 3564 3195 3618 adhuc
3217 3579 3354 3633 opus
3382 3565 3640 3621 habemus
3665 3566 3759 3636 qui

2170 3652 2325 3711 nobis
2371 3657 2577 3725 aperiat
2636 3654 2711 3726 (ὅ)
2759 3660 2813 3711 et
2851 3654 3055 3711 revelet
3108 3657 3382 3712 universa.
3412 3658 3547 3710 Audi
3582 3658 3758 3728 ipsum

2170 3750 2458 3803 Dominum
2497 3746 2549 3801 in
2586 3744 2894 3820 Evattgrliis
2926 3750 3191 3805 dicentetu
3222 3749 3269 3783 7°
3298 3769 3312 3803 :
3350 3766 3366 3801 t
3397 3748 3557 3803 Multa
3583 3750 3758 3804 adhuc

2168 3838 2343 3896 habeo
2401 3854 2522 3908 qua:
2576 3841 2729 3895 vobis
2770 3840 2959 3910 loquar
2995 3841 3095 3911 (4),
3139 3841 3230 3895 sed
3280 3855 3383 3895 non
3414 3843 3642 3911 potestis
3667 3842 3754 3895 illa

2171 3931 2329 3985 modo
2353 3933 2563 3986 audire.
2596 3930 2791 3987 Veniet
2844 3942 3023 3985 autetn
3059 3930 3293 4001 Spiritus
3330 3931 3577 3986 veritatis
3601 3932 3691 4001 qui
3724 3948 3755 3989 a

2166 4025 2325 4083 Patre
2383 4022 2645 4093 procedit,
2677 4043 2694 4074 ›
2725 4032 2779 4079 et
2827 4020 2953 4075 “:t
2995 4026 3060 4079 de
3093 4038 3213 4079 meo
3261 4025 3515 4094 accipiet,
3569 4030 3624 4076 et
3670 4022 3757 4077 ille

2170 4112 2320 4168 vobis
2354 4112 2614 4168 indicabit
2644 4113 2848 4167 omnia.
2879 4132 2897 4165 ι
2931 4112 3092 4168 Vides
3128 4114 3251 4181 quia
3281 4128 3385 4168 non
3418 4113 3591 4167 solum
3617 4113 3758 4182 apud

2167 4208 2386 4278 Moysen
2416 4210 2518 4262 iste
2544 4208 2739 4263 tertius
2772 4218 3033 4261 numerus
3064 4218 3170 4259 non
3218 4205 3624 4261 demonstratur
3658 4208 3761 4260 in:-

2168 4301 2363 4371 pictns,
2407 4301 2502 4355 sed
2547 4298 2722 4353 adhuc
2782 4307 2835 4351 et
2883 4294 3040 4351 Jcsus
3083 4294 3215 4351 dicit
3278 4296 3555 4364 discipulis
3594 4296 3755 4352 suis:

2172 4392 2416 4447 Nondum
2454 4393 2685 4461 potestis
2715 4390 2930 4455 audire,
2973 4386 3075 4443 nisi
3104 4387 3191 4443 ille
3239 4387 3550 4442 Paracietus
3577 4389 3761 4444 veniat

2172 4486 2395 4556 spiritus
2426 4483 2671 4539 veritatis
2701 4501 2716 4538 :
2749 4482 2872 4552 qnia
2906 4498 3001 4553 per
3032 4483 3228 4547 ipsum,
3256 4490 3308 4535 et
3344 4481 3395 4534 in
3438 4482 3553 4550 ipso
3580 4481 3759 4535 adim-

2175 4578 2352 4647 pletur
2390 4576 2656 4645 perfectio
2688 4571 2993 4627 Trinitatis.
3034 4570 3167 4627 Nam
3202 4574 3343 4642 quod
3370 4583 3424 4627 et
3451 4586 3639 4627 novem
3671 4586 3762 4628 se.

2176 4672 2277 4722 tuis
2302 4670 2473 4722 tribus
2525 4675 2649 4721 sunt
2688 4678 2808 4736 quae
2866 4664 2966 4719 sub
3006 4664 3133 4719 .iesu
3166 4667 3302 4718 duce
3349 4674 3539 4731 agunt,
3567 4675 3615 4717 et
3648 4679 3755 4718 non

2174 4760 2395 4827 integra:
2422 4761 2630 4823 decent,
2662 4756 2755 4825 qui
2810 4771 3071 4811 numerus
3104 4756 3157 4809 in
3192 4756 3445 4809 Omnibus
3494 4770 3756 4809 consum-

2174 4861 2350 4904 matus
2380 4849 2579 4903 dicitur
2619 4858 2673 4901 et
2706 4845 3005 4916 perfectus,
3043 4846 3231 4899 eadem
3266 4847 3383 4898 sine
3425 4845 3586 4898 dttbio
3615 4847 3755 4899 ratio

2177 4942 2473 5003 invenitur,
2518 4948 2575 4991 ιιι
2634 4939 2734 4991 hoc
2780 4938 2923 5005 quod
2960 4951 2990 4988 a
3047 4936 3271 4988 Domino
3305 4933 3431 4989 Jesu
3481 4937 3756 4993 reservari

2176 5036 2375 5089 dicitur
2428 5033 2653 5101 Spiritui
2699 5040 2888 5083 sancto
2916 5067 2930 5092 ,
2987 5029 3345 5098 setniplenum
3394 5029 3645 5083 videatur
3688 5045 3755 5083 ac

2635 5150 2679 5179 ‘9
2714 5148 2903 5201 Matth.
2944 5162 3061 5212 χιιι,
3090 5147 3171 5200 i7.
3251 5148 3296 5177 ⁷⁰
3318 5146 3476 5201 Joan.
3506 5163 3616 5215 xvt,
3662 5148 3751 5203 12.

2184 5356 2201 5388 ι
2235 5339 2428 5389 tinctus
2451 5335 2563 5402 jam
2591 5343 2644 5387 et
2670 5337 3099 5402 consummatus.
3142 5348 3158 5378 ι

2237 5406 2313 5476 (5)
2343 5396 2482 5459 luem
2513 5419 2643 5457 mss,
2679 5420 2714 5476 ¢_
2737 5398 2944 5476 pandit.
2982 5396 3150 5476 l_|_ahet
3205 5397 3379 5451 adhuc
3412 5411 3551 5465 opus
3588 5396 3754 5476 lsraei

2168 5490 2221 5531 et
2244 5467 2581 5537 ‘at'tdirequa:
2614 5471 2936 5525 audivimus.
2994 5467 3264 5522 llabcmus
3285 5478 3337 5520 et
3370 5482 3467 5521 nos
3493 5484 3627 5537 Opus
3660 5468 3753 5537 qui

2170 5547 2329 5601 nobis
2357 5546 2586 5612 aperiat.
2634 5561 2651 5593 ι

2239 5618 2315 5685 (4)
2344 5605 2639 5685 Qitre‘ttobis
2658 5613 2861 5685 loquar.
2877 5607 2955 5685 ita
2973 5610 3128 5685 codd.
3151 5610 3462 5685 ’ἰθιιιηειξιξιῐιςν
3482 5605 3752 5685 Getnetic.

2168 5673 2408 5741 et'u'n'us
2457 5673 2821 5740 Ebroicen'sis.
2877 5676 3031 5732 Libb.
3079 5673 3479 5735 autem'editi:
3523 5694 3543 5729 ι
3600 5673 3751 5732 vobis

2170 5756 2339 5825 loqui.
2379 5773 2396 5807 ι
