4104 6226
433 243 536 300 839

1851 227 2166 288 ORICENIS

3564 207 3692 289 διὰ

435 355 692 412 medium.
723 350 979 418 Quamvis
1021 349 1165 403 enim
1211 363 1306 418 per
1345 348 1629 402 Dominum
1674 359 1726 403 et
1757 349 1988 406 Salvato-
2023 357 2068 411 Α
2097 347 2420 417 susceperit,
2459 363 2552 417 per
2575 361 2713 416 quos
2755 357 2811 401 et
2869 346 2937 402 de
2966 346 3198 403 interitu
3237 348 3404 404 totius
3444 349 3686 407 inimica:

436 461 549 498 rem
584 441 898 512 poenitentia
930 438 1272 509 praedicetur,
1305 446 1359 490 et
1386 437 1668 491 conversio
1696 454 1724 492 a
1753 440 1904 492 malis
1934 441 1995 494 ad

437 537 599 595 bona,
628 541 681 587 et
713 533 871 587 detur
910 531 1162 584 omnibus
1203 530 1547 584 credentibus
1592 531 1837 584 remissio
1872 548 1994 599 pee-

437 635 710 684 ratorum,
762 632 816 676 et
863 621 1042 676 omnia
1085 637 1204 690 qua:
1249 620 1314 673 ad
1357 620 1742 689 perfectionem
1788 621 1996 677 decadar

437 716 690 770 videntur
725 713 969 774 tendere,
1001 711 1372 780 compleantur
1407 727 1418 763 :
1451 719 1628 764 tamen
1661 712 1920 779 perfectio
1950 724 1998 766 ei

438 817 647 856 summa
673 809 989 855 cunctorum
1016 799 1280 852 bonorum
1326 800 1380 850 in
1412 812 1477 851 eo
1503 798 1776 860 consistit,
1805 801 1848 854 si
1881 810 1998 870 post

438 891 556 944 haec
599 888 778 944 omnia
824 888 991 942 sancti
1032 887 1260 956 Spiritus
1301 887 1422 956 quis
1465 887 1689 958 gratiam
1732 901 2000 946 mereatur

438 982 704 1052 accipere.
751 980 958 1048 Alioqui
1005 979 1136 1032 nihil
1187 979 1242 1031 in
1276 994 1340 1032 eo
1381 979 1677 1046 perfectum
1705 982 2000 1050 putabitur,

439 1074 526 1128 cui
572 1081 790 1126 sanctus
839 1069 1070 1137 Spiritus
1116 1069 1298 1129 deest,
1338 1085 1435 1137 per
1486 1086 1645 1138 quem
1691 1074 2003 1142 mysterium

439 1164 610 1216 beatae
657 1159 933 1213 Trinitatis
983 1158 1254 1226 impletur.
1294 1158 1386 1211 V'is
1422 1169 1480 1213 ut
1527 1161 1703 1214 adhuc
1749 1163 1840 1215 tibi
1889 1164 2004 1217 evi-

441 1253 658 1306 dentius
716 1250 974 1318 probem.
1037 1249 1178 1317 apud
1227 1249 1458 1317 priorem
1513 1252 1769 1320 populum
1817 1254 2002 1318 illum,

440 1356 599 1409 quem
644 1338 849 1406 Moyses
894 1337 946 1390 in
993 1337 1201 1390 duabus
1236 1336 1398 1389 semis
1433 1336 1679 1390 tribubus
1721 1339 2006 1393 adumbra-

439 1430 549 1488 bat.
585 1445 693 1482 non
726 1428 888 1482 fuisse
914 1428 1091 1480 omnia
1122 1427 1325 1498 integra
1347 1470 1360 1490 ,
1391 1443 1493 1481 nec
1522 1417 1795 1497 perfecta?
1825 1431 2005 1485 deela-

439 1530 525 1576 rat
567 1522 671 1574 hoc
706 1521 866 1574 etiam
898 1519 982 1572 illa
1031 1520 1252 1573 historia
1284 1534 1402 1586 qua:
1443 1519 1493 1572 in
1543 1520 1646 1573 hoc
1678 1521 1792 1589 ipso
1826 1522 2004 1578 libello

439 1610 568 1666 Jcsu
601 1609 748 1663 Nave
778 1609 973 1677 scripta
1001 1618 1099 1670 est,
1130 1624 1250 1662 cum
1287 1609 1413 1662 dicit
1448 1609 1568 1677 quia
1598 1611 1763 1664 altare
1789 1613 2003 1680 quidem

440 1717 628 1755 verum
671 1708 786 1753 erat
830 1700 881 1752 in
927 1700 1012 1752 illa
1064 1709 1205 1753 terra
1249 1715 1407 1767 quam
1442 1700 1597 1754 Jesus
1635 1701 2003 1770 dispensabat,
2030 1687 2069 1743 Β

441 1793 528 1847 isti
576 1803 754 1846 tamen
798 1790 888 1859 qui
932 1800 1087 1844 erant
1135 1800 1282 1844 trans
1319 1790 1641 1853 Jordanem,
1671 1792 1720 1845 id
1752 1801 1854 1855 est,
1892 1793 2005 1848 Ru-

441 1883 579 1945 ben,
609 1893 662 1936 et
696 1882 842 1942 Gad,
890 1892 943 1936 et
985 1881 1202 1935 dimidia
1254 1881 1422 1935 tribus
1468 1882 1726 1945 Manasse,
1763 1883 2008 1940 fecerunt

442 1972 543 2026 sibi
576 1973 772 2033 altare,
819 1972 913 2024 sed
944 1988 1050 2026 non
1093 1988 1275 2025 verum
1314 1972 1500 2034 altare,
1531 1973 1623 2025 sed
1651 1973 1790 2041 quod
1826 1983 2006 2042 typum

442 2064 668 2117 haberet
697 2073 750 2116 et
793 2062 1016 2116 formam
1046 2062 1157 2115 veri
1188 2061 1368 2115 altaris
1407 2062 1548 2130 quod
1582 2072 1697 2116 erat
1728 2065 1869 2132 apud
1915 2065 2009 2118 Je-

442 2170 581 2208 sum.
619 2153 760 2206 Nihil
790 2168 916 2222 ergo
945 2153 1156 2206 mireris
1199 2153 1241 2206 si
1285 2169 1392 2206 non
1437 2153 1697 2224 integram
1727 2155 2005 2210 scientiam

443 2244 721 2298 Trinitatis
754 2253 1070 2313 acceperant
1110 2244 1202 2308 illi,
1236 2244 1325 2312 qui
1361 2259 1461 2298 nec
1487 2244 1753 2314 integrum
1780 2261 1880 2301 nec
1914 2263 2008 2301 vc-

442 2351 562 2388 rum
600 2336 764 2389 altare
811 2345 1244 2389 construxerant.
1295 2335 1420 2388 ideo
1463 2336 1695 2404 denique
1727 2352 1826 2390 nec
1855 2338 2007 2392 multi

443 2425 648 2485 hostes,
687 2440 861 2491 neque
910 2425 1092 2491 plures
1137 2440 1289 2494 reges
1329 2425 1717 2480 contrariarum
1749 2427 2006 2482 virtutum

443 2515 512 2567 ab
536 2515 638 2566 illis
662 2513 914 2566 dicuntur
939 2529 1058 2566 esse
1085 2514 1300 2582 dejecti.
1326 2513 1526 2577 Sehon,
1557 2517 1746 2586 inquit,
1780 2525 2011 2572 tantum-

445 2605 604 2658 modo
639 2619 815 2673 regem
847 2603 1302 2669 Amorrhaeorum,
1334 2614 1388 2659 et
1418 2605 1494 2675 0g
1530 2622 1705 2676 regem
1735 2608 1926 2674 Basan,
1955 2619 2010 2663 et

443 2694 766 2749 Amalecitas
798 2695 1112 2764 dejcccrunt
1158 2704 1308 2750 trans
1353 2694 1664 2753 Jordanem.
1702 2699 1851 2756 lesus
1878 2716 2008 2756 vero

443 2787 534 2840 ubi
565 2786 712 2840 ducit
736 2787 1030 2841 exercitum
1051 2825 1065 2850 ,
1100 2801 1246 2841 nunc
1287 2786 1523 2856 quinque
1552 2804 1704 2860 reges
1732 2790 1890 2845 simul
1919 2809 2007 2847 ca-

443 2877 581 2933 dunt
617 2877 708 2934 aui
747 2877 1098 2940 confugerant
1136 2876 1192 2932 in
1231 2878 1547 2939 sneluncas.
1587 2890 1643 2934 et
1686 2896 1795 2935 non
1833 2883 2006 2937 solum

432 2963 652 3024 eadunt,
686 2963 779 3013 sed
820 2972 875 3014 et
904 2962 1312 3028 suspenduntur
1345 2965 1395 3015 in
1429 2963 1597 3031 ligno,
1632 2979 1774 3018 nunc
1809 2963 2001 3033 viginti

433 3065 627 3104 novem
665 3051 868 3118 pariter
888 3049 1174 3118 jngulantu
1189 3067 1231 3118 r,
1254 3063 1309 3106 et
1330 3053 1609 3108 immensae
1639 3054 2010 3115 multitudines

431 3143 640 3196 adversi
678 3142 953 3197 exercitus
1001 3153 1452 3209 prosternuntur,
1493 3154 1548 3199 ct
1576 3148 2009 3204 exterminantur

431 3251 618 3289 omnes
648 3237 735 3304 qui
758 3246 1002 3289 sanctam
1030 3244 1228 3289 terram
1256 3237 1307 3290 in
1336 3237 1691 3293 immunditiis
1707 3240 2006 3309 possident,

431 3329 522 3396 qui
557 3337 755 3381 terram
791 3327 1045 3382 fluentem
1090 3327 1172 3383 lac
1199 3338 1253 3382 et
1281 3330 1385 3384 mel
1422 3330 1474 3384 in
1504 3333 1870 3388 amaritudine
1895 3352 2007 3390 ma-

431 3426 556 3478 litia:
586 3424 852 3477 detinent.

497 3550 546 3602 5.
579 3547 789 3601 Interea
825 3545 1113 3599 mittuntur
1145 3545 1212 3598 ah
1235 3543 1363 3600 Jesu
1399 3547 1777 3617 capioratores
1817 3546 1870 3599 in
1903 3545 1995 3600 Je-

427 3642 598 3704 richo,
622 3650 677 3694 et
711 3623 1084 3708 suscipiuntur
1113 3652 1143 3690 a
1201 3641 1491 3694 meretrice
1529 3637 1700 3692 Raab.
1729 3637 1998 3708 Explora-

425 3746 573 3790 tores
600 3735 687 3790 isti
717 3734 805 3802 qui
848 3735 1137 3788 mittuntur
1181 3741 1307 3788 ante
1340 3731 1538 3786 faciem
1585 3729 1734 3794 Jesu,
1771 3740 1997 3801 possunt

421 3827 670 3897 etangeli
708 3827 798 3882 Dei
830 3827 1033 3896 putari,
1068 3827 1208 3880 sicut
1250 3825 1514 3895 scriptum
1560 3835 1642 3877 est
1674 3824 1720 3854 "
1755 3843 1768 3877 :
1806 3841 1825 3874 ‹
1858 3823 1998 3878 Ecce

434 3922 642 3976 mittam
670 3921 922 3990 angelum
957 3935 1134 3974 meum
1165 3926 1293 3973 ante
1327 3917 1523 3971 faciem
1552 3927 1696 3970 tuam
1729 3916 1823 3986 qui
1856 3930 1998 3986 pra:-

428 4012 644 4080 parabit
664 4013 780 4065 vias
813 4020 935 4065 tuas
970 4010 1069 4082 (5).
1101 4028 1120 4060 ›
1149 4008 1302 4075 Quod
1339 4021 1435 4075 per
1459 4005 1593 4060 alios
1617 4005 1832 4074 quidem
1867 4005 1998 4060 invi-

425 4104 672 4166 sibiliter,
699 4118 794 4171 per
824 4101 1086 4156 Joannem
1105 4115 1236 4154 vero
1259 4096 1546 4154 visibiliter
1569 4097 1943 4166 complebatur
1979 4116 1993 4152 :

426 4195 492 4247 de
522 4209 629 4261 quo
655 4204 709 4247 et
745 4194 1033 4262 hocipsum
1063 4192 1322 4261 scriptum
1347 4198 1451 4244 est.
1477 4187 1720 4256 Denique
1748 4189 1814 4244 de
1834 4186 1998 4243 Joan-

428 4287 512 4340 nis
543 4287 808 4356 baptismo
828 4287 1027 4342 dicitur
1055 4303 1084 4341 a
1124 4286 1373 4351 Domino,
1405 4283 1530 4354 quia
1555 4284 1749 4338 scribae
1777 4293 1833 4338 et
1855 4282 1998 4337 Pha-

2096 439 2272 509 gentis
2305 437 2541 492 refertur
2568 449 2776 507 erepta.

2163 532 2217 585 Δ.
2251 532 2356 586 Sed
2377 533 2657 586 videamus
2679 532 2894 584 tandem
2915 547 3039 601 qum
3078 533 3151 586 sit
3175 534 3278 587 ista
3310 533 3565 587 meretrix
3583 531 3693 604 (6).

2098 621 2250 676 Raab
2284 624 2508 686 dicitur,
2538 623 2688 677 Raab
2717 638 2848 677 vero
2889 623 3291 692 interpretatur
3326 625 3553 677 latitudo
3580 626 3688 696 (7).

2095 714 2226 781 Quae
2252 727 2335 770 est
2387 731 2518 784 ergo
2567 714 2815 778 latitudo,
2857 715 2958 768 nisi
3020 716 3268 770 Ecclesia
3305 718 3419 772 hzec
3460 717 3691 786 Christi,

2096 822 2215 876 qua:
2271 823 2337 861 ex
2390 806 2772 875 peccatoribus
2829 805 2984 860 velut
3029 822 3097 860 ex
3144 809 3586 862 meretricatione
3609 807 3690 878 (8)

2097 899 2323 953 collecta
2355 901 2471 952 est?
2508 900 2572 952 lit
2603 898 2737 952 dicit
2761 897 2806 928 ⁷⁵
2841 915 2856 952 :
2894 917 2913 948 ι
2957 900 3240 968 Angustus
3297 901 3427 954 mihi
3484 911 3567 955 est
3608 901 3690 952 lo-

2096 1006 2216 1055 cus,
2251 991 2336 1046 fac
2370 991 2500 1044 mibi
2533 993 2708 1044 locum
2743 990 2831 1043 ubi
2873 990 3141 1045 habitent.
3189 991 3299 1046 llos
3343 1002 3521 1046 autem
3555 991 3685 1045 mihi

2096 1083 2219 1150 quis
2244 1082 2548 1136 cnutrivit?
2591 1103 2609 1135 ι
2659 1082 2724 1136 Et
2778 1083 2979 1136 iterum
3039 1086 3104 1137 ad
3142 1101 3310 1154 quam
3353 1086 3554 1139 dicitur
3590 1085 3683 1138 "t

2101 1194 2121 1227 ι
2154 1176 2326 1229 Dilata
2379 1176 2529 1245 palos
2581 1177 2656 1247 (9)
2692 1185 2840 1239 tuos,
2888 1184 2944 1230 et
2970 1179 3198 1231 extende
3249 1180 3484 1232 tentoria
3509 1190 3616 1232 tua.
3659 1198 3680 1232 ι

2099 1264 2200 1319 Ista
2232 1281 2362 1334 ergo
2386 1265 2844 1329 latitudoestquae
2862 1264 3492 1334 suscepitexplomtores
3527 1269 3682 1324 Jesu.

2100 1357 2224 1413 Scio
2256 1373 2340 1412 me
2372 1357 2664 1426 aliqu:me
2691 1356 2742 1408 in
2772 1355 2989 1421 quadam
3018 1353 3253 1409 ECelcsia
3299 1359 3676 1426 disputantem

2098 1451 2164 1504 de
2189 1451 2399 1504 duabus
2451 1448 2851 1514 meretricibus,
2879 1448 2942 1501 de
2973 1447 3161 1514 quibus
3206 1449 3470 1518 scriptum
3507 1462 3594 1504 est
3619 1452 3668 1483 "

2100 1543 2151 1596 in
2181 1543 2340 1595 tertio
2377 1541 2518 1595 libro
2549 1539 2879 1609 Regnorum,
2901 1553 3016 1606 qua:
3039 1537 3365 1606 adjudicium
3397 1550 3658 1594 venerant

2103 1632 2436 1696 Salomonis,
2473 1647 2702 1700 quarum
2736 1647 2839 1683 una
2873 1631 3075 1693 vivum,
3114 1630 3220 1682 alia
3263 1640 3516 1684 mortuum
3550 1631 3648 1683 ha-

2099 1723 2261 1776 bebat
2297 1709 2586 1786 infantem,
2631 1720 2960 1773 discussisse
3002 1717 3336 1788 diligentius,
3365 1728 3418 1770 et
3467 1717 3652 1770 dixisse

2097 1819 2222 1887 quia
2255 1816 2345 1870 illa
2373 1816 2632 1870 meretrix
2672 1815 2787 1868 haec
2816 1823 2964 1868 esset
2999 1814 3086 1868 cui
3125 1812 3382 1868 Salomon
3436 1809 3660 1871 nonille,

2099 1913 2193 1964 sed
2221 1910 2308 1964 hic
2336 1909 2426 1978 qui
2460 1922 2650 1979 pacem
2677 1907 2826 1961 venit
2849 1907 3031 1962 facere
3062 1921 3254 1962 eorum
3305 1920 3424 1973 quae
3449 1903 3500 1956 in
3527 1901 3672 1956 etelis

2098 2011 2221 2054 sunt
2253 2011 2309 2055 et
2339 2017 2463 2070 Qtlll‘
2495 2003 2548 2054 in
2589 2001 2770 2065 terris,
2800 1998 2946 2052 reddi
2977 1999 3161 2052 vivum
3187 1998 3356 2067 jussit
3384 1994 3673 2049 infantem:

2101 2093 2192 2146 illa
2228 2108 2362 2147 vero
2394 2092 2497 2146 alia
2540 2107 2660 2161 quin
2695 2100 2964 2145 mortuum
2997 2087 3237 2141 habebat
3291 2087 3574 2148 infantem,
3597 2080 3679 2137 vel

2101 2184 2247 2238 illius
2275 2194 2418 2239 esset
2447 2182 2643 2253 prioris
2669 2179 2844 2250 populi
2887 2189 3187 2245 synagoga,
3217 2177 3304 2230 vel
3359 2191 3558 2230 eorum
3588 2172 3676 2243 qui

2101 2274 2153 2326 in
2185 2275 2435 2328 bmresim
2475 2272 2836 2327 declinarunt.
2867 2267 2959 2321 Est
2988 2277 3043 2321 et
3081 2266 3187 2319 alia
3219 2267 3486 2320 meretrix
3515 2281 3678 2332 quam

2100 2368 2153 2420 iu
2190 2365 2330 2421 Osee
2391 2365 2608 2435 jubetur
2665 2361 2916 2431 accipere
2969 2359 3234 2430 prapheta
3277 2358 3350 2420 ",
3392 2357 3444 2409 in
3505 2356 3678 2425 figura

2100 2459 2220 2512 sine
2253 2458 2416 2512 dubio
2468 2456 2622 2525 hujus
2670 2469 2790 2523 qua:
2818 2469 2883 2508 ex
2934 2453 3180 2523 gentibus
3207 2457 3536 2523 congregata
3565 2456 3669 2502 est.

2099 2549 2249 2604 Talis
2275 2564 2402 2617 ergo
2430 2558 2483 2602 et
2514 2549 2627 2602 haec
2679 2545 2942 2600 meretrix
2969 2559 3089 2600 esse
3114 2543 3311 2598 dicitur
3333 2555 3450 2610 qua:
3475 2540 3670 2608 explo-

2101 2650 2316 2696 ratores
2339 2641 2575 2708 suscepit
2603 2638 2731 2693 Jesu
2759 2658 2773 2692 :
2801 2638 2898 2692 sed
2934 2638 3049 2691 haec
3077 2642 3356 2703 susceptos
3383 2647 3476 2688 eos
3504 2632 3557 2685 in
3581 2647 3674 2686 su-

2101 2733 2405 2802 perioribus
2432 2730 2690 2795 collocat,
2725 2738 2894 2800 atque
2924 2729 2977 2783 in
3023 2728 3183 2784 editis
3213 2735 3269 2782 et
3293 2725 3524 2780 excelsis
3553 2723 3673 2777 lidei

2100 2822 2388 2877 constituit
2413 2821 2790 2876 sacramentis.
2823 2819 2993 2875 Nemo
3019 2817 3270 2887 enimqui
3296 2818 3364 2871 ab
3389 2814 3517 2870 Jesu
3549 2813 3674 2866 mit-

2103 2915 2259 2979 titur,
2293 2915 2570 2969 invenitur
2592 2913 2846 2968 deorsum
2876 2922 2931 2967 et
2965 2912 3113 2966 humi
3137 2910 3347 2980 jacens,
3377 2908 3473 2964 sed
3502 2907 3554 2961 in
3581 2919 3673 2959 su-

2026 3028 2070 3086 ο
2103 3007 2410 3076 perioribus
2458 3014 2740 3076 permanet
2773 3023 2786 3059 :
2817 3015 2875 3059 et
2911 3019 3015 3059 non
3049 3003 3222 3060 solum
3275 3003 3390 3072 ipse
3429 3001 3485 3056 in
3514 3012 3675 3068 supe-

2105 3097 2342 3153 rioribus
2367 3106 2655 3166 permanet
2681 3105 2734 3152 et
2760 3096 3014 3162 excelsis,
3046 3094 3138 3151 sed
3176 3105 3229 3149 et
3277 3095 3375 3148 ista
3422 3091 3673 3147 meretrix

2104 3203 2225 3256 qua:
2281 3202 2376 3243 eos
2427 3187 2690 3256 suscepit,
2722 3201 2788 3240 ex
2818 3187 3101 3241 meretrice
3150 3183 3510 3252 efﬁciturjam
3547 3195 3665 3250 pro-

2105 3281 2268 3351 pheta
2318 3279 2455 3349 (10),
2490 3280 2621 3335 dicit
2670 3279 2816 3334 enim
2846 3279 2934 3331 ἐς
2977 3295 2996 3329 ‹
3051 3277 3182 3332 Scio
3241 3277 3364 3345 quia
3415 3274 3676 3330 Dominus

2105 3373 2248 3426 Deus
2295 3381 2476 3426 vester
2526 3369 2749 3424 tradidit
2801 3369 2951 3425 vobis
2993 3378 3192 3423 terram
3245 3366 3407 3421 hanc.
3447 3384 3466 3417 ι
3516 3363 3676 3418 Vides

2104 3466 2374 3533 quomodo
2418 3462 2507 3516 illa
2551 3477 2671 3531 qua:
2712 3460 3001 3531 aliquando
3033 3466 3153 3514 erat
3195 3455 3358 3529 [‘05
3391 3454 3677 3518 meretrix,

2103 3567 2157 3613 et
2179 3556 2365 3626 impia,
2397 3564 2451 3609 et
2479 3555 2779 3619 immunda,
2815 3568 2956 3606 nunc
2980 3551 3094 3621 jam
3133 3551 3336 3621 Spiritu
3362 3557 3550 3602 sancto
3593 3563 3674 3600 re-

2104 3652 2246 3720 pleta
2302 3657 2405 3712 est,
2466 3647 2618 3701 etde
2673 3643 2965 3714 przeteritis
2994 3642 3214 3712 quidem
3261 3641 3575 3702 confitetur,
3607 3639 3676 3694 de

2104 3740 2466 3813 praesentibus
2506 3752 2637 3792 vero
2675 3738 2871 3798 credit,
2919 3734 3206 3805 prophetat
3247 3741 3425 3788 autem
3460 3743 3673 3802 etprae-

2104 3833 2327 3889 nunciat
2352 3832 2416 3886 de
2439 3828 2655 3882 futuris.
2689 3827 2780 3882 Sic
2809 3840 2939 3895 ergo
2965 3824 3137 3887 Raab,
3168 3839 3288 3893 qua:
3318 3823 3546 3877 latitudo
3589 3823 3670 3876 iu-

2105 3931 2465 3994 terpretatur,
2491 3919 2749 3974 dilatatur
2777 3927 2831 3972 et
2865 3916 3101 3988 prolicit,
3143 3929 3424 3985 usquequo
3456 3915 3506 3967 in
3559 3927 3674 3964 om-

2106 4033 2228 4072 nem
2273 4027 2474 4070 terram
2507 4021 2664 4068 exeat
2700 4025 2868 4067 sonus
2920 4008 3054 4077 ejus.
3083 4005 3282 4076 Japhet
3323 4007 3483 4060 etiam
3513 4004 3673 4060 simili

2105 4106 2268 4162 modo
2320 4103 2566 4157 dilatatio
2619 4101 3011 4170 interpretatur
3044 4098 3154 4171 (11)
3185 4097 3331 4168 ιλιιιί
3379 4097 3568 4163 utique
3621 4104 3677 4151 et

2105 4197 2223 4266 ipse
2266 4193 2496 4248 formam
2555 4189 2734 4260 populi
2774 4189 2932 4257 hujus
2962 4189 3183 4250 ferebat,
3213 4188 3303 4255 qui
3345 4186 3584 4241 salvator
3607 4203 3674 4242 ex

2104 4287 2381 4359 gentibus,
2437 4293 2491 4338 et
2545 4281 2801 4336 Chanaan
2837 4297 2968 4352 puer
2998 4295 3188 4335 servus
3231 4280 3279 4335 ei
3324 4278 3611 4346 subjicitur
3645 4296 3675 4335 a

430 4379 568 4433 riszci
596 4393 699 4432 non
729 4381 1084 4436 crediderunt
1129 4382 1202 4446 ei,
1245 4381 1561 4437 meretrices
1605 4389 1786 4433 autem
1819 4390 1874 4432 et
1896 4393 1997 4448 pu-
2031 4383 2074 4437 D
2105 4389 2280 4451 patre,
2313 4388 2367 4432 et
2399 4375 2552 4430 fratri
2578 4375 2689 4447 (l2)
2719 4390 2818 4430 suo
2848 4375 2998 4439 Sent,
3023 4375 3112 4444 qui
3155 4374 3383 4427 formam
3418 4374 3556 4440 gerit
3583 4388 3701 4426 eoo-

427 4465 628 4519 blicani
660 4467 944 4522 credentes
986 4469 1244 4538 baptizati
1280 4477 1407 4524 sunt
1447 4469 1514 4522 '".
1548 4467 1638 4522 Sic
1671 4483 1800 4537 ergo
1833 4469 1996 4522 etiam

427 4556 481 4611 in
514 4558 614 4612 hoc
639 4557 936 4627 completur
969 4560 1111 4630 quod
1158 4562 1413 4615 meretrix
1463 4561 1588 4615 Jesu
1622 4561 1998 4628 exploratores

2107 4489 2226 4527 rum
2257 4471 2348 4540 qui
2381 4485 2446 4524 ex
2485 4469 2899 4524 circumcisione
2945 4467 3240 4522 salvantur.
3282 4466 3335 4519 In
3369 4481 3475 4534 quo
3503 4465 3674 4519 admi-

2108 4564 2274 4619 randa
2303 4572 2388 4618 est
2413 4561 2717 4630 benignitas
2760 4570 2814 4614 et
2857 4559 3188 4628 providentia
3215 4557 3332 4622 Dei,
3372 4559 3464 4627 qui
3488 4559 3676 4614 volens

497 4695 543 4728 "
571 4696 734 4752 Marc.
765 4713 804 4764 ι,
831 4697 888 4752 ‘2.
938 4697 982 4728 ⁷³
1003 4698 1194 4752 Matth.
1219 4714 1332 4754 xxi.
1396 4699 1438 4730 ⁷⁸
1461 4698 1564 4753 lsa.
1596 4716 1742 4763 χιιι,
1765 4699 1856 4763 20,
1879 4701 2000 4768 21.,

2106 4703 2210 4759 lsa.
2243 4701 2423 4767 uv,2.
2475 4701 2522 4732 ⁷⁸
2555 4699 2618 4753 Ill
2642 4700 2772 4769 Reg.
2815 4715 2893 4752 ιιι.
2946 4699 2988 4728 ⁷⁷
3018 4697 3174 4752 Osee.
3212 4713 3250 4750 I.
3311 4697 3357 4729 ⁷⁸
3392 4695 3508 4754 Jos.
3532 4713 3591 4762 ll,
3616 4697 3672 4752 9.

501 4814 576 4888 (5)
612 4811 947 4888 Ρνανραταὺίὶμεγ
968 4814 1077 4868 uias
1105 4823 1247 4888 tuas.
1278 4812 1351 4888 lt_a
1371 4813 1538 4888 codex
1570 4815 1998 4888 Sangermanen-

431 4883 675 4938 sis‘cum
736 4883 847 4938 uno
894 4886 1241 4949 Ebroiceusi;
1300 4883 1697 4938 Gemeticensis
1772 4895 1990 4938 autem:

435 4955 981 5035 epraeparabitviam
1015 4965 1181 5007 tuam.
1219 4953 1411 5008 :Libb.
1445 4955 1575 5008 editi
1605 4970 1618 5006 :
1656 4973 1676 5004 ι
1716 4951 1995 5023 Prcharet

433 5041 546 5077 νιδιιι
580 5036 715 5077 tuas.
759 5042 778 5075 δ

504 5094 578 5165 (ϐ)
616 5094 770 5148 Libb.
803 5092 930 5165 editi
966 5111 979 5146 :
1009 5110 1027 5144 ι
1064 5091 1347 5165 videamus
1372 5092 1586 5161 quidem
1618 5108 1739 5161 quae
1772 5104 1855 5165 est
1881 5111 1993 5151 me-

434 5162 625 5243 retrix.
660 5164 810 5216 Raab
837 5164 1054 5217 dicitur.
1093 5162 1242 5217 Raab
1277 5168 1683 5232 interpretatur.
1716 5183 1736 5217 ι
1773 5164 1903 5220 Mss.
1936 5177 1993 5220 ιιι

432 5247 486 5286 111
514 5246 700 5286 llOSll‘O
735 5243 901 5286 textu.

503 5303 579 5369 (7)
610 5301 753 5355 Raab
785 5318 900 5357 vero
921 5303 1293 5370 interpretatur
1318 5302 1561 5358 latitudo.
1587 5306 1626 5357 Α
1653 5315 1770 5364 :n‘i
1811 5324 1829 5356 ‹
1863 5305 1996 5360 dita-

432 5375 556 5425 tari.
595 5390 613 5422 ι

504 5441 578 5509 (8)
610 5441 793 5496 Codex
840 5439 1234 5496 Gemeticensis
1268 5456 1281 5492 :
1315 5459 1334 5492 ι
1386 5443 1691 5495 meretrice.
1731 5461 1747 5492 ι

503 5511 580 5585 (9)
605 5511 804 5585 Omnes
836 5512 960 5585 Mss.
981 5513 1224 5585 _¢_palos.
1259 5531 1276 5564 ι
1300 5515 1454 5585 Apud
1475 5511 1616 5565 LXX
1637 5513 1834 5584 legitur
1858 5526 1992 5564 πασ-

433 5579 664 5648 σάλους.)
687 5581 829 5635 Libri
865 5582 992 5634 editi
1030 5579 1231 5635 habent
1260 5600 1272 5634 :
1308 5599 1324 5631 ι
1351 5579 1547 5648 pedes.
1588 5601 1604 5630 ι

501 5650 611 5722 (10)
644 5647 749 5705 ,δεά
785 5661 831 5706 ει
859 5651 959 5706 ista
990 5653 1240 5706 meretrix
1267 5647 1381 5721 qua:
1396 5666 1482 5706 eos
1506 5661 1756 5719 suscepti,
1782 5663 1845 5703 ex
1879 5659 1992 5710 mc‘.

2100 4817 2283 4868 retrire
2309 4814 2524 4882 eﬂicitur
2558 4811 2673 4880 jam
2710 4813 2983 4882 propheta,
3013 4820 3118 4882 etc.
3151 4809 3241 4865 Sic
3269 4819 3504 4882 sanctus
3550 4808 3676 4865 Cle-

2101 4900 2253 4939 mens
2316 4879 2594 4937 Romauus
2660 4879 2818 4948 epist.
2864 4896 2880 4933 ι
2933 4883 3000 4933 ad
3072 4880 3386 4934 Corinthios
3447 4881 3498 4933 in
3567 4884 3674 4937 line

2099 4971 2245 5007 num.
2265 4952 2344 5007 1‘2.
2365 4966 2381 5003 :
2400 4953 2612 5022 Ὁρᾶτε,
2627 4950 2919 5022 ἀγαπητοὶ,
2932 4950 2992 5004 οὐ
3013 4949 3172 5018 μόνον
3187 4950 3388 5022 πίστις.
3402 4949 3537 5003 ἀλλὰ
3549 4967 3677 5021 προ-

2099 5025 2294 5093 φητεία
2320 5025 2379 5074 ὲν
2407 5020 2473 5092 τῇ
2496 5021 2715 5089 γυναικὶ
2743 5020 2983 5090 γέγονεν.
3045 5039 3063 5072 σ
3091 5023 3298 5085 Videte,
3319 5020 3493 5074 dilecti
3518 5036 3532 5076 :
3564 5020 3674 5078 non

2099 5099 2272 5147 solum
2362 5093 2665 5160 lides,sed
2711 5093 2873 5145 etiam
2934 5093 3218 5161 prophetia
3300 5093 3353 5143 in
3438 5095 3669 5146 muliere

2097 5163 2327 5219 exstitit.
2367 5181 2383 5213 ι

2177 5231 2290 5302 (11)
2322 5232 2509 5298 anhet
2534 5231 2689 5283 etiam
2724 5230 2884 5283 simili
2923 5230 3077 5282 modo
3125 5228 3370 5281 dilatatio
3416 5229 3673 5302 interpre-

2107 5299 2280 5354 tatur.
2304 5303 2688 5371 Etymologiam
2709 5316 2902 5368 nempe
2924 5301 3262 5354 deduxerunt
3278 5314 3306 5350 a
3323 5307 3596 5371 nnqunou
3615 5299 3672 5371 in

2107 5371 2287 5439 Hiphil
2320 5367 2610 5440 signiﬁcat,
2648 5386 2667 5418 ι
2701 5367 2960 5440 dilatavit.
2992 5387 3010 5419 ι
3045 5371 3312 5440 Cancrum
3366 5369 3495 5440 libb.
3541 5367 3673 5440 ed.ti

2107 5443 2212 5494 hoc
2235 5441 2349 5493 loco
2379 5439 2574 5495 habent
2611 5460 2623 5492 ;
2655 5457 2672 5488 ι
2707 5439 2798 5492 sed
2831 5451 2886 5492 et
2923 5439 3116 5507 Japhet
3149 5439 3399 5494 similiter
3426 5439 3675 5492 ditat-alio

2111 5512 2492 5577 interpretatur
2531 5508 2686 5562 illss.
2718 5520 2776 5562 ut
2805 5510 2858 5562 in
2890 5519 3073 5562 nostro
3104 5518 3273 5563 textu.

2175 5579 2287 5648 (12)
2323 5578 2385 5631 Et
2413 5580 2584 5646 fratri.
2619 5577 2743 5632 Hice
2772 5594 2891 5646 qua:
2916 5579 2967 5631 in
2984 5588 3141 5631 antea
3176 5578 3336 5634 editis
3384 5590 3674 5649 perperam

2105 5651 2308 5707 omissa
2328 5657 2476 5720 sunt,
2513 5648 3064 5726 bodie_restituuutur
3085 5663 3115 5702 e
3149 5663 3280 5705 mss.
