4104 6226
410 309 509 367 8H

1402 302 1469 356 ιε
1509 298 1767 355 LIBRUM
1805 294 1970 352 JESU
2010 293 2197 350 NAVE
2236 295 2522 350 llOMlLlA
2562 294 2651 351 IV.

3549 300 3655 356 849.

411 427 684 499 peccatori
708 426 968 482 Chanaan
997 432 1259 495 praestare
1288 423 1608 484 remedium,
1640 430 1695 474 et
1725 417 1979 473 conferre
2008 420 2050 477 Α
2082 424 2237 471 extra
2272 415 2567 471 Ecclesiam
2599 428 2757 469 nemo
2812 413 3070 469 salvatur.
3108 412 3241 469 Nam
3276 416 3321 471 si
3353 416 3476 487 quis
3507 417 3654 473 foras

412 525 461 576 ei
495 522 749 586 Salutem,
784 534 1001 574 servum
1022 533 1147 571 eum
1185 515 1310 571 fecit
1354 514 1616 568 fratribus
1668 512 1805 577 suis,
1842 512 1983 564 sicut

414 613 557 669 Esau
587 612 761 667 factus
793 621 897 674 est,
932 619 987 663 ut
1040 609 1270 663 serviret
1298 607 1454 660 fratri
1492 618 1591 659 suo
1624 602 1794 657 Jacob
1824 616 1838 654 :
1877 615 1980 655 non

416 708 604 777 utique
628 714 684 759 ut
720 704 947 775 periret,
1001 702 1095 756 sed
1149 709 1206 755 ut
1230 699 1459 754 salutem
1509 696 1825 751 melioribus
1853 694 1982 748 obe-

411 797 607 853 diendo
665 794 1033 860 conquireret.
1092 789 1390 844 Praestatur
1424 787 1564 841 enim
1615 784 1768 838 malis
1819 782 1983 853 pluri-

412 905 579 951 mum,
614 897 667 940 et
691 884 1070 954 peccatoribus
1099 882 1187 951 qui
1226 879 1548 949 semetipsos
1594 886 1740 931 recte
1788 888 1981 945 gerere

412 973 680 1037 nesciunt,
711 980 767 1025 ut
796 987 900 1025 non
933 970 1284 1038 sibimetipsis
1319 968 1749 1028 committantur,
1783 962 1877 1019 sed
1922 971 1979 1015 ut

410 1063 551 1118 servi
580 1062 716 1118 liant
746 1059 1499 1126 sanctorum,etsubjaceant
1549 1056 1884 1121 melioribus,
1922 1064 1981 1108 ut

412 1172 520 1210 non
569 1172 669 1212 suo
709 1171 871 1211 sensu
922 1152 1084 1219 maio,
1119 1152 1212 1207 sed
1258 1151 1470 1206 illorum
1526 1150 1668 1203 bono
1699 1157 1977 1215 regantur.

415 1249 621 1304 Videtis
645 1262 806 1317 quam
863 1244 1030 1300 multa
1070 1243 1375 1313 benignitas
1406 1242 1520 1304 Dei,
1557 1254 1717 1308 quam
1750 1238 1980 1292 abscon-

408 1340 508 1404 dit,
543 1348 598 1392 et
654 1335 889 1390 occultat
942 1336 1011 1389 ab
1058 1334 1282 1389 auribus
1324 1332 1571 1401 vulgi,et
1601 1344 1767 1399 quam
1799 1328 1979 1382 verbis

411 1429 788 1494 asperioribus
824 1426 974 1496 tegit,
1002 1442 1066 1480 ne
1091 1424 1232 1479 forte
1256 1422 1631 1478 servusmalns
1654 1432 1712 1476 et
1730 1421 1979 1490 ingratus

403 1528 746 1587 contemptor
777 1518 1064 1581 eiliciatur,
1097 1531 1223 1571 eum
1252 1515 1474 1569 nimiam
1532 1511 1742 1568 Domini
1778 1512 1860 1566 sui
1888 1513 1976 1567 in-

411 1610 683 1668 tellexerit
710 1608 1027 1663 bonitatem.

473 1704 530 1760 5.
561 1701 671 1756 Sed
725 1700 1008 1754 videamus
1058 1698 1187 1767 quid
1224 1696 1333 1767 egit
1377 1711 1499 1752 cum
1545 1692 1976 1765 exploratoribus

405 1798 507 1850 ista
541 1792 758 1861 sapiens
786 1790 1069 1844 meretrix.
1111 1787 1409 1844 Consilium
1446 1787 1526 1842 eis
1565 1788 1656 1841 dat
1684 1784 1974 1855 mysticum

404 1895 459 1937 et
484 1883 726 1944 caeleste,
760 1879 891 1933 nihil
925 1879 1127 1934 habens
1166 1887 1461 1932 terrenum.
1495 1896 1515 1928 ι
1558 1876 1660 1931 Per
1698 1884 1975 1942 montana,

408 1973 580 2042 inquit
601 1972 669 2036 τ’,
698 1971 863 2033 abite,
899 1988 917 2022 ι
953 1969 1119 2024 nolite
1165 1982 1261 2037 per
1318 1967 1485 2021 valles
1546 1967 1823 2033 incedere,
1872 1967 1975 2021 hu-

407 2063 550 2119 milia
589 2074 645 2119 et
668 2061 870 2129 dejecta
901 2058 1148 2128 refugite,
1197 2074 1316 2127 qua:
1338 2056 1545 2112 excelsa
1583 2067 1785 2112 suntet
1810 2056 1977 2112 subli-

407 2156 509 2207 mia
543 2154 851 2223 praedicate.
886 2149 1005 2220 Ipsa
1045 2159 1226 2203 autem
1253 2149 1461 2217 signum
1476 2149 1790 2204 coccineum
1825 2148 1976 2217 ponit

406 2247 459 2299 in
489 2246 648 2299 domo
673 2258 767 2297 sua
801 2257 898 2312 per
927 2241 1068 2310 quod
1099 2238 1295 2294 salvari
1328 2239 1394 2293 de
1420 2238 1633 2293 excidio
1662 2238 1855 2292 debeat
1886 2238 1975 2293 ci-

405 2335 606 2389 vitatis.
640 2334 799 2389 Aliud
840 2332 1044 2386 nulium
1092 2330 1193 2384 fuit
1230 2330 1443 2399 signum
1491 2329 1633 2398 quod
1675 2328 1968 2398 acciperet,

405 2427 506 2481 nisi
546 2425 883 2490 coccineum,
936 2423 1080 2493 quod
1122 2421 1403 2492 sanguinis
1455 2419 1681 2475 formam
1724 2421 1967 2492 gerebat.

403 2520 617 2576 Sciebat
646 2520 848 2575 etenim
877 2516 988 2589 (15)
1015 2517 1145 2587 quia
1199 2516 1335 2571 uulli
1396 2522 1540 2570 esset
1580 2514 1748 2578 salus.
1778 2514 1882 2569 nisi
1915 2514 1968 2569 in

402 2611 661 2680 sanguine
686 2609 909 2666 Christi.
944 2610 1113 2663 Datur
1144 2608 1308 2662 etiam
1344 2607 1445 2662 hoc
1491 2605 1803 2661 mandatum
1844 2605 1970 2660 huic

400 2716 519 2772 qua:
550 2700 824 2771 quondam
876 2699 1131 2754 meretrix
1185 2697 1325 2753 iuit:
1363 2715 1381 2749 ι
1416 2696 1638 2761 Omnes,
1669 2695 1846 2765 inquit
1895 2695 1964 2761 ⁸⁸,

401 2794 494 2864 qui
526 2793 727 2848 inventi
769 2790 972 2848 fuerint
1014 2790 1065 2845 in
1110 2790 1271 2845 domo
1304 2798 1414 2853 tua,
1449 2788 1823 2843 salvabuntur.
1860 2788 1965 2855 Qui

399 2896 577 2941 autem
612 2884 844 2940 exierint
895 2883 960 2937 de
1009 2882 1189 2945 domo,
1235 2880 1500 2935 immunes
1548 2893 1736 2935 sumus
1765 2895 1864 2935 nos
1895 2879 1965 2934 ab

402 2980 505 3033 hoc
565 2977 874 3048 juramento
920 2985 1030 3030 tuo.
1071 2992 1090 3027 ο
1129 2973 1184 3029 Si
1246 2972 1369 3044 quis
1403 2986 1534 3042 ergo
1582 2971 1780 3027 salvari
1827 2972 1963 3038 vult,

390 3064 577 3125 'veniat
613 3072 664 3123 in
697 3070 836 3124 hanc
882 3069 1100 3123 domum
1136 3066 1298 3137 hujus
1336 3079 1456 3135 qua:
1478 3064 1750 3133 quondam
1786 3078 1963 3120 mere-

400 3163 503 3218 trix
536 3161 659 3216 fuit.
692 3159 917 3214 Etiamsi
955 3159 1020 3214 de
1046 3158 1135 3213 illo
1152 3156 1346 3228 populo
1369 3155 1480 3209 vult
1511 3155 1709 3225 aliquis
1734 3154 1958 3223 snlvari,
1989 3137 2032 3196 (ἶ

399 3253 464 3306 ad
498 3252 639 3306 hanc
669 3250 885 3304 domum
919 3248 1104 3303 veniat
1138 3256 1196 3302 ut
1221 3247 1450 3303 salutem
1474 3246 1728 3316 consequi
1766 3247 1956 3315 possit.

399 3340 480 3395 Ad
520 3341 659 3393 hanc
689 3338 873 3393 veniat
920 3338 1159 3403 domum,
1192 3337 1245 3391 in
1278 3352 1383 3407 qua
1423 3337 1626 3393 Christi
1654 3337 1876 3408 sanguis
1904 3338 1956 3391 in

397 3431 555 3501 signo
598 3429 985 3498 redemptionis
1024 3439 1127 3483 est.
1177 3428 1313 3483 Nam
1360 3431 1498 3498 apud
1545 3431 1662 3485 illos
1689 3432 1778 3501 qui
1804 3431 1958 3485 dixe-

399 3531 523 3575 runt
551 3521 593 3552 “
637 3534 651 3572 :
693 3538 711 3571 ι
745 3519 975 3589 Sanguis
1028 3518 1144 3588 ejus
1190 3534 1353 3587 super
1409 3533 1506 3573 nos
1555 3517 1667 3590 (14)
1708 3529 1761 3573 et
1791 3534 1956 3587 super

397 3612 535 3666 ﬁlios
557 3620 790 3673 nostros,
835 3629 853 3663 ι
885 3609 1088 3664 Chris'i
1120 3610 1343 3679 sanguis
1369 3611 1422 3664 in
1449 3610 1953 3666 condemnationem

395 3711 494 3757 est.
527 3701 733 3757 Positus
760 3700 901 3755 enim
932 3700 1106 3754 fuerat
1131 3699 1288 3755 Jesus
1321 3701 1371 3755 in
1424 3702 1632 3755 ruinam
1684 3712 1738 3757 et
1772 3716 1953 3757 resur-

394 3793 685 3848 rectionem
710 3791 1026 3855 multorum,
1045 3800 1097 3845 et
1125 3791 1245 3846 ideo
1271 3792 1765 3848 contradicentibus
1802 3793 1955 3863 signo

395 3884 516 3955 ejus
561 3883 790 3937 eliicitur
825 3882 1046 3952 sanguis
1078 3883 1195 3953 ejus
1231 3883 1296 3936 ad
1342 3898 1578 3954 ptenam,
1611 3886 1957 3941 credentibus

398 3976 460 4029 ad
491 3975 738 4029 salutem.
771 3971 939 4028 Nemo
965 3987 1094 4043 ergo
1130 3975 1230 4029 sibi
1276 3977 1615 4042 persuadeat,
1670 3993 1828 4032 nemo
1868 3996 1956 4035 se-

391 4071 676 4138 metipsum
724 4069 999 4139 decipiat:
1034 4080 1187 4122 extra
1249 4069 1387 4123 hanc
1449 4071 1693 4135 domum,
1744 4072 1796 4126 id
1870 4086 1957 4128 est

461 4208 504 4239 "
537 4206 719 4273 Josat,
754 4208 840 4262 l6.
915 4208 959 4240 ⁶⁰
991 4209 1117 4263 ibid.
1146 4206 1230 4275 i7,
1264 4208 1348 4262 l8.

464 4324 579 4395 (l3)
610 4322 768 4376 Aliud
824 4324 1026 4395 nullum
1075 4326 1282 4393 signum
1338 4326 1439 4392 fuit
1480 4327 1619 4394 quod
1668 4329 1947 4395 acciperet,

392 4394 494 4451 nisi
517 4394 1002 4464 coccineum,‘qttod
1029 4396 1302 4464 sanguinis
1319 4395 1543 4464 formam
1564 4399 1792 4463 gerebat.
1810 4396 1948 4451 Scie-

394 4469 481 4520 bat
507 4464 665 4525 euim,
688 4474 793 4515 etc.
825 4461 1071 4517 Clemens
1101 4461 1379 4517 Romanus
1408 4461 1631 4531 cpistola
1668 4466 1689 4517 l
1729 4469 1794 4520 ad
1846 4467 1947 4521 Co-

395 4534 631 4609 rinthios
655 4532 944 4609 subﬁuem
989 4549 1135 4585 num.
1175 4533 1415 4609 12;th
1444 4534 1771 4609 aggregent)
1810 4538 1949 4609 αὐτῇ

391 4606 575 4677 δᾳῦναι
620 4603 866 4677 σημεῖοκ,
901 4602 1055 4677 Δὅπως
1094 4605 1444 4677 κρεμάςῃηὲκ
1473 4602 1567 4677 ’ῥοῦ
1602 4604 1752 4677 οἴκου
1774 4602 1951 4677 ναὺτῆξ

393 4675 674 4745 κὸδκξνογ·
729 4672 988 4745 πρόδηλον
1025 4672 1433 4745 ποιόῦύτεςξότι
1474 4674 1564 4726 διὰ
1589 4674 1682 4727 τοῦ
1722 4672 1950 4745 αἵματός

388 4742 483 4795 τοῦ
508 4742 709 4813 Κυρίου
734 4741 996 4813 λύτρωσις
1016 4743 1166 4797 ἔσται
1194 4746 1327 4798 πᾶσι
1357 4747 1465 4806 τοῖς
1491 4741 1833 4799 πιστεύουσὶν
1861 4750 1952 4800 καὶ

390 4812 700 4886 ἐλπίζουσιν
731 4812 1118 4886 ὲπὶέεὸνᾼθερν.
1156 4833 1171 4865 ι
1214 4815 1277 4868 Ει
1314 4815 1631 4886 addiderunt
1658 4821 1947 4886 utsignuni

393 4884 581 4945 daret;
612 4897 797 4949 nempe
845 4882 1139 4935 funiculum
1185 4884 1497 4938 coccineum
1526 4882 1853 4952 appeiider'et
1884 4887 1951 4941 de

390 4954 715 5026 tlﬂltlfLSle:
741 4955 1082 5026 manifestum
1112 4953 1388 5015 facientes,
1422 4956 1562 5019 quod
1595 4970 1689 5021 per
1728 4958 1949 5026 sangui-

392 5037 513 5075 nem
545 5021 752 5074 Domini
789 5021 965 5074 futura
996 5032 1145 5076 esset
1201 5026 1494 5089 redemptio
1529 5027 1795 5079 universis
1830 5021 1949 5080 cre-

393 5092 644 5144 dentibus
667 5102 717 5143 et
754 5093 1100 5157 sperantibus
1152 5093 1202 5145 in
1244 5094 1433 5146 Deum.
1467 5112 1484 5144 ι
1515 5096 1661 5157 Quot
1684 5103 1864 5146 autem
1892 5106 1947 5148 et

390 5172 620 5229 quantos
651 5160 1031 5227 suifragatores
1067 5162 1257 5214 habeat
1307 5164 1420 5215 hinc
1453 5162 1619 5231 ﬁgura
1659 5173 1710 5214 el
1744 5163 1947 5226 allego-

392 5234 493 5293 ria,
524 5232 679 5284 docet
703 5231 998 5284 L'otclcrius
1027 5233 1079 5285 in
1105 5231 1254 5285 Notis
1276 5233 1344 5286 ad
1374 5233 1596 5285 citatum
1626 5233 1799 5286 locum
1826 5233 1948 5289 Cle-

384 5300 598 5354 mentis.

458 5370 567 5440 (14)
616 5370 671 5422 In
704 5378 861 5440 antea
921 5367 1081 5423 editis
1110 5369 1368 5423 omissum
1403 5380 1485 5423 est
1519 5388 1538 5421 ‹
1569 5387 1733 5439 super
1756 5386 1872 5436 nos,
1919 5391 1938 5425 ι

384 5441 526 5506 quod
562 5439 904 5509 reperiturin
947 5442 1200 5494 omnibus
1233 5455 1359 5495 mss.
1400 5440 1568 5493 Paulo
1616 5451 1735 5509 post
1782 5442 1944 5497 iidem

386 5526 512 5561 mss.
547 5510 746 5561 habent
788 5525 800 5558 :
837 5526 855 5557 ι
902 5509 953 5560 in
1015 5512 1523 5564 condemnatimiem
1568 5524 1669 5565 est.
1731 5512 1946 5566 Positus

384 5581 622 5633 enim....
649 5579 699 5630 iu
737 5578 944 5629 ruinam
969 5590 1021 5630 et
1056 5582 1529 5633 resurrectionem.
1562 5599 1579 5632 ν
1606 5581 1760 5635 Libb.
1783 5585 1939 5637 editi:

383 5646 435 5697 in
497 5648 947 5700 condemnatione
996 5660 1097 5702 est.
1158 5650 1373 5705 l’osittts
1395 5654 1630 5705 enim...
1684 5652 1737 5707 in
1789 5654 1939 5706 ruina

382 5722 437 5767 et
472 5716 885 5770 resurrectione.
930 5736 946 5767 ι

662 5808 925 5868 Parnm.
967 5813 1081 5870 (in.
1130 5810 1241 5869 ΧΗ

1424 4210 1466 4241 ⁸¹
1504 4210 1695 4265 Matth.
1724 4228 1892 4280 xxvu,
1919 4224 1971 4268 ct
1996 4214 2124 4269 Luc.
2153 4227 2212 4266 ιι.

2086 507 2307 573 exierit,
2358 509 2548 562 mortis
2573 520 2682 560 suze
2727 506 2845 576 ipse
2892 507 2949 560 fit
2998 520 3141 563 reus.
3171 506 3273 560 llic
3317 510 3538 576 sanguis
3572 521 3657 564 est

2085 597 2321 665 signum,
2353 600 2478 666 quia
2517 598 2604 652 hic
2650 606 2733 650 est
2781 597 3100 665 purificatio,
3142 613 3260 667 quze
3295 614 3389 666 per
3431 600 3652 669 sangui-

2086 705 2207 748 nem
2239 698 2470 744 constat.
2507 689 2659 755 Quod
2694 698 2872 741 autem
2900 689 2951 741 in
2996 689 3229 742 fenestra
3261 688 3524 757 dependet
3553 692 3658 746 hoc

2084 783 2320 853 signum,
2371 780 2499 833 illud
2554 781 2795 835 arbitror
2838 781 3088 841 indicari.
3116 780 3239 849 quia
3290 779 3526 836 fenestra
3569 793 3653 837 est

2084 890 2203 945 quae
2230 874 2497 927 illuminat
2522 872 2764 934 domum,
2793 881 2848 926 et
2875 887 2969 939 per
3009 888 3169 940 quam
3215 888 3318 927 non
3357 874 3648 943 integrum,

2083 967 2176 1022 sed
2206 975 2411 1020 tantum
2443 972 2705 1034 quantum
2743 962 2916 1016 oculis
2943 971 2999 1016 et
3034 963 3171 1016 visui
3209 974 3394 1017 nostro
3426 963 3654 1019 sufﬁciat

2085 1057 2303 1112 luminis
2328 1057 2588 1125 capimus.
2623 1055 2755 1122 Quia
2776 1068 2904 1124 ergo
2927 1062 2981 1107 et
3006 1054 3311 1108 incarnatio
3354 1054 3652 1110 Salvatoris

2084 1166 2187 1203 non
2254 1149 2409 1203 nobis
2461 1162 2664 1201 nierum
2717 1146 2945 1214 ingessit
2994 1153 3048 1199 et
3104 1146 3374 1215 integrum
3427 1146 3652 1201 Deitatis

2088 1249 2388 1308 aspectum,
2422 1240 2513 1293 sed
2541 1248 2795 1308 tanquam
2814 1249 2911 1304 per
2929 1236 3221 1291 fenestram
3262 1236 3374 1308 (15)
3405 1238 3531 1293 fecit
3554 1254 3652 1294 nos

2083 1348 2179 1401 per
2207 1330 2637 1386 incarnationem
2684 1343 2841 1382 suam
2895 1328 3073 1381 lumen
3108 1328 3334 1382 Deitatis
3377 1331 3650 1398 aspicere,

2084 1422 2286 1476 idcirco
2324 1420 2452 1474 mihi
2504 1418 2717 1473 videtur
2751 1417 2961 1486 signum
3003 1414 3192 1470 salutis
3229 1431 3323 1485 per
3353 1417 3648 1474 fenestram

2081 1511 2266 1565 datum
2307 1528 2320 1564 :
2355 1526 2462 1580 quo
2514 1510 2671 1579 signo
2729 1508 2955 1562 salutem
2994 1518 3397 1576 consequantur
3437 1526 3650 1575 omnes,

2078 1602 2168 1670 qui
2200 1602 2251 1655 in
2283 1602 2442 1655 domo
2466 1599 2582 1671 ejus
2609 1614 2732 1669 qua:
2759 1600 3047 1668 aliquando
3070 1608 3185 1653 erat
3216 1602 3499 1664 meretrix,
3536 1602 3654 1657 fne-

2081 1695 2189 1748 rint
2217 1693 2444 1757 inventi,
2483 1693 2725 1747 mundati
2754 1693 2804 1744 in
2834 1706 2971 1759 aqua
3003 1700 3059 1746 et
3103 1692 3309 1761 Spiritu
3355 1706 3566 1760 saneto,
3598 1708 3651 1750 et

2008 1772 2049 1826 Β
2080 1786 2132 1840 in
2160 1786 2423 1854 sanguine
2449 1784 2658 1838 Domini
2689 1792 2743 1838 et
2774 1782 3076 1837 Salvatoris
3117 1787 3284 1839 nostri
3324 1785 3450 1840 Jesu
3487 1789 3648 1842 Chri-

2076 1877 2167 1941 sti,
2194 1879 2279 1933 cui
2314 1887 2399 1932 est
2433 1876 2606 1947 gloria
2653 1885 2708 1931 ct
2760 1876 3048 1944 imperium
3086 1875 3138 1930 in
3187 1880 3379 1932 Sthtlla
3420 1880 3649 1934 szeculo-

2075 1984 2215 2025 rum.
2242 1969 2436 2024 Amen.

2666 2058 2946 2115 liOMlLlA
2981 2059 3067 2113 IV.

2458 2152 2536 2206 De
2563 2155 2791 2206 transitu
2833 2153 3086 2207 Iordanis
3120 2151 3246 2222 (l6).

2145 2242 2198 2297 l.
2233 2242 2509 2297 Peccatori
2539 2240 2754 2310 quidem
2787 2242 2964 2296 omnis
3003 2252 3145 2297 terra
3179 2243 3226 2314 (i
3241 2242 3293 2311 '7)
3331 2244 3504 2300 hostis
3538 2254 3648 2315 est,

2075 2333 2217 2389 sicut
2264 2334 2329 2388 de
2369 2331 2643 2403 [Egyptiis
2685 2333 2947 2401 scriptum
2980 2342 3063 2388 est
3095 2352 3109 2387 :
3146 2344 3288 2387 terra
3335 2350 3429 2390 eos
3472 2339 3649 2407 impu-

2072 2423 2514 2494 gnabat,iluvius
2544 2425 2917 2493 impugnabat,
2966 2439 3062 2478 aer
3110 2426 3225 2495 ipse
3277 2427 3640 2496 impugnabat.

2070 2512 2223 2569 Justo
2252 2530 2386 2570 vero
2412 2530 2531 2584 qtae
2576 2515 2969 2571 inaceessibilia
3019 2517 3291 2581 videntur,
3343 2520 3500 2588 plana
3526 2520 3641 2575 etii.

2072 2605 2295 2661 eiuntur
2325 2613 2379 2660 et
2408 2604 2690 2677 proclivia.
2739 2605 2885 2661 Mare
2916 2607 3157 2661 Rubrum
3188 2606 3366 2676 justus
3393 2621 3644 2680 tanquam

2072 2713 2169 2769 per
2198 2700 2405 2753 aridam
2437 2699 2630 2753 transit
2658 2716 2673 2753 :
2707 2697 2996 2769 [Egyptius
3036 2714 3164 2754 vero
3196 2702 3241 2754 si
3282 2704 3514 2757 transire
3554 2720 3647 2754 vo—

2071 2791 2235 2847 luerit
2282 2792 2680 2860 submergetur,
2714 2807 2814 2846 nec
2846 2793 2937 2846 fiet
2967 2791 3015 2846 ei
3047 2806 3183 2863 aqua
3225 2808 3409 2847 murus
3456 2798 3641 2847 dextra

2070 2882 2327 2950 ltevaque.
2391 2880 2580 2937 Justus
2628 2884 2843 2937 etiamsi
2897 2898 3139 2938 cremqu
3201 2884 3513 2939 horribilem
3563 2887 3645 2940 in-

2068 2974 2347 3043 grediatur
2402 2984 2457 3028 et
2516 2983 2752 3039 vastam,
2795 2974 2951 3029 cibus
3000 2975 3052 3030 ei
3099 2976 3493 3033 ministrature
3532 2993 3646 3034 ca:-

2070 3065 2157 3119 lis.
2199 3064 2272 3119 Ita
2329 3079 2460 3135 ergo
2497 3077 2549 3120 et
2582 3065 2633 3119 in
2667 3064 2960 3121 Jordanem
2992 3082 3115 3121 arca
3149 3067 3481 3123 Testameuti
3532 3071 3638 3126 dux

2066 3168 2185 3215 erat
2230 3160 2426 3229 popqu
2485 3159 2575 3211 Dei
2609 3157 2743 3229 (18),
2793 3159 3055 3213 Consistit
3113 3162 3246 3215 ordo
3293 3164 3645 3219 sacerdotalis

2066 3266 2122 3306 et
2157 3251 2451 3313 Leviticus,
2507 3260 2561 3305 et
2617 3266 2771 3319 aqua:
2838 3251 2981 3305 velut
3039 3253 3397 3308 reverentiam
3444 3269 3641 3323 quam-

2066 3341 2189 3393 dam
2237 3338 2329 3393 Dei
2391 3337 2653 3392 ministris
2682 3338 2990 3394 deferentes
3042 3339 3176 3410 (i9),
3225 3355 3440 3396 cursum
3485 3359 3639 3398 suum

2064 3430 2225 3501 ωε
2258 3429 2552 3496 refrenant,
2579 3439 2633 3485 et
2673 3440 3070 3485 coacervantur
3100 3430 3154 3485 in
3200 3435 3499 3499 cumulum,
3539 3437 3640 3493 iter

2069 3520 2160 3575 Dei
2205 3520 2399 3590 populo
2450 3520 2729 3574 innoxium
2777 3518 3157 3576 concedentes.
3206 3521 3271 3575 Et
3319 3539 3385 3578 ne
3429 3526 3641 3581 mireris

2062 3624 2184 3667 cum
2218 3613 2332 3667 hzec
2356 3621 2508 3681 gesta
2536 3612 2629 3666 tibi
2656 3626 2784 3682 erga
2824 3614 3061 3679 priorem
3100 3615 3357 3683 populum
3391 3618 3641 3674 referun-

2066 3714 2172 3767 tur,
2202 3704 2316 3772 tibi,
2358 3703 2682 3769 Cbristiane,
2717 3705 2805 3773 qui
2832 3719 2929 3774 per
2958 3706 3213 3775 baptismi
3237 3722 3637 3765 sacramentum

2062 3794 2313 3850 .lordanis
2344 3794 2545 3849 fluenta
2580 3795 2859 3865 digressus
2880 3812 2960 3861 es,
2994 3798 3207 3852 divinus
3236 3814 3413 3854 sermo
3436 3801 3635 3869 majora

2066 3887 2236 3940 multo
2256 3896 2309 3941 et
2341 3885 2564 3941 celsiora
2592 3887 2878 3956 promittit,
2905 3888 3008 3942 iter
3035 3889 3127 3943 tibi
3172 3904 3265 3959 per
3302 3907 3430 3945 aera
3464 3893 3636 3962 ipsum

2065 3992 2118 4035 et
2154 3981 2445 4036 transitum
2470 3981 2930 4049 pollicetur.Audi
2962 3982 3160 4036 etenim
3204 3983 3426 4038 Paulum
3453 3987 3639 4041 dicen-

2068 4078 2172 4124 tem
2204 4071 2269 4124 de
2287 4069 2478 4137 justis:
2502 4085 2519 4119 ι
2560 4068 2872 4137 liapiemur,
2906 4068 3238 4138 inquit",in
3272 4070 3504 4127 nubibus
3524 4068 3636 4144 (“20)

2290 4209 2335 4241 ⁸³
2372 4210 2386 4262 l
2419 4208 2608 4263 Thess.
2653 4224 2726 4273 tv,
2765 4207 2850 4262 16.

2130 4325 2240 4397 (l5)
2265 4325 2391 4397 Mss.
2421 4343 2439 4375 r
2476 4324 2791 4397 fenestram.
2816 4323 3011 4397 μίλῳ).
3034 4324 3167 4397 editi
3196 4342 3209 4377 :
3250 4344 3265 4375 ι
3303 4325 3626 4382 fenestras.»

2127 4393 2239 4465 (ιϐ)
2279 4395 2351 4448 De
2375 4397 2602 4449 transitu
2622 4393 2898 4465 Iordanis.
2929 4394 3045 4448 Non
3081 4396 3244 4449 alium
3279 4397 3492 4449 titulum
3529 4399 3629 4450 ha‘

1981 4453 2023 4507 Ι)
2055 4453 2179 4519 bent
2206 4453 2419 4519 codices
2467 4480 2597 4517 mss.
2656 4463 3013 4532 Saugerman.
3044 4475 3097 4518 et
3149 4465 3539 4521 Cemeticensis
3576 4479 3630 4522 et

2059 4550 2195 4590 unus
2226 4535 2591 4605 Ebroiceusis.
2617 4534 2673 4588 in
2709 4534 2837 4588 libb.
2867 4546 3025 4588 antea
3055 4536 3217 4589 editis
3248 4536 3441 4605 legitur
3467 4552 3483 4591 :
3509 4555 3529 4590 ι
3560 4538 3629 4592 De

2057 4620 2123 4661 eo
2149 4605 2291 4676 quod
2321 4604 2611 4659 Jordanem
2655 4606 2845 4676 transit
2881 4618 3007 4676 arca
3043 4604 3376 4676 'l‘estamciiti
3412 4608 3622 4661 Domini

2054 4674 2179 4731 cuni
2204 4676 2579 4729 sacerdotibus
2624 4686 2677 4729 et
2721 4674 2927 4728 Levitis
2957 4685 3008 4728 et
3036 4678 3255 4745 populo,
3295 4675 3382 4729 ubi
3421 4679 3625 4730 dicitur

2054 4749 2118 4799 ad
2146 4746 2328 4800 .Iesum
2374 4762 2386 4799 :
2439 4745 2492 4797 lu
2545 4745 2632 4799 die
2678 4746 2779 4799 hac
2830 4745 3030 4812 incipio
3077 4746 3319 4799 exaltare
3372 4755 3423 4797 te
3464 4763 3478 4798 :
3529 4746 3620 4798 ubi

2054 4815 2363 4886 prmcipitur
2391 4815 2585 4883 populo
2616 4824 2673 4869 ut
2716 4815 2872 4886 longe
2918 4817 2989 4870 sit
3020 4818 3087 4871 ab
3117 4831 3242 4868 arca
3285 4814 3619 4869 Testameuti

2053 4889 2158 4938 duo
2189 4884 2351 4937 millia
2378 4886 2578 4938 cubita.
2610 4904 2628 4936 ι

2124 4955 2237 5023 (l7)
2283 4953 2465 5025 Codex
2519 4956 2845 5025 Sangerm.:

2062 5022 2362 5077 «creatura.
2390 5042 2408 5073 ο
2434 5023 2603 5078 Paulo
2629 5022 2749 5092 post
2779 5025 2829 5077 in
2864 5024 3050 5075 iisdem
3079 5024 3209 5075 libb.
3240 5022 3402 5074 editis
3430 5022 3616 5075 deest:

2060 5112 2076 5143 ι
2116 5093 2309 5163 ﬂuvius
2364 5094 2801 5163 impugnabat....
2830 5092 3026 5163 cazluin
3058 5107 3152 5145 eos
3194 5092 3559 5158 iiupuguabat,
3593 5108 3613 5141 >

2051 5165 2144 5216 sed
2201 5162 2342 5217 istud
2407 5161 2715 5218 restituitur
2772 5161 3101 5216 auctoritate
3134 5176 3375 5215 Oillllitlllt
3430 5176 3615 5212 manu-

2051 5234 2396 5301 scriptorum.

2122 5297 2232 5370 (t8)
2257 5301 2415 5357 Libb.
2447 5302 2576 5357 editi
2604 5320 2616 5355 :
2652 5320 2669 5353 ‹
2699 5300 2756 5355 iu
2796 5298 3088 5353 Jordanem
3125 5315 3249 5353 arca
3278 5297 3616 5353 Testamcnti

2050 5371 2278 5425 duxerat
2302 5373 2553 5440 populum
2591 5372 2706 5437 Dei,
2737 5389 2756 5423 ι
2782 5371 2876 5427 sed
2899 5384 3088 5425 omnes
3111 5384 3239 5424 mss.
3273 5380 3328 5422 ut
3357 5370 3409 5422 in
3428 5380 3618 5421 nostro

2050 5449 2219 5496 textu.

2120 5512 2229 5582 (l9)
2259 5509 2742 5582 COtIii._Saiigeriit.
2789 5518 2841 5563 et
2890 5508 3147 5582 Gemetic.
3189 5506 3505 5582 «ministris
3531 5504 3619 5557 de—

2048 5578 2307 5650 ferentes.
2341 5599 2358 5631 ι
2394 5579 2455 5633 Li
2479 5581 2544 5633 ll).
2576 5578 2703 5633 editi
2740 5598 2754 5635 :
2786 5599 2805 5632 ι
2840 5579 3114 5650 mysteriis
3156 5578 3471 5650 referentes.
3517 5592 3535 5625 ι

2119 5648 2229 5720 (‘20)
2275 5649 2340 5703 In
2366 5651 2608 5703 nubibus.
2646 5651 2799 5704 Deest
2834 5643 3063 5704 iu'libb.
3104 5658 3263 5703 antea
3310 5648 3481 5712 cdltiS,
3524 5643 3619 5700 sed

2050 5731 2318 5790 reperitur
2348 5720 2399 5774 in
2438 5720 2690 5774 outuibus
2724 5735 2856 5779 mss.

2888 4971 2907 5005 ί
2952 4963 3119 5006 terra.
3156 4970 3174 5003 ι
3235 4950 3390 5004 Libb.
3434 4952 3562 5004 editi
3604 4968 3617 5003 :

3228 5809 3303 5867 27
