4104 6226
522 249 627 304 845

1989 250 2315 312 ORIGENIS

3658 286 3769 347 8H

521 370 735 425 obviam
762 368 978 425 Christo
1004 368 1059 424 in
1095 382 1245 470 aera,
1271 377 1327 423 et
1360 368 1434 424 ita
1471 385 1685 439 semper
1707 387 1829 429 cum
1866 375 2096 433 Domino
2127 383 2169 437 Α
2202 380 2492 451 unicuique
2545 384 2780 441 ﬂdelium
2832 397 2956 445 tunc
3009 392 3241 462 primum
3284 393 3444 453 Jesus
3474 398 3772 470 cxaltatnr,

517 464 741 520 erimus.
770 480 790 516 ι
825 461 969 517 Nihil
1003 460 1224 516 omnino
1243 463 1487 532 estquod
1517 473 1718 520 metuat
1737 466 1939 537 justus,
1971 483 2089 523 om-

522 556 605 612 nis
630 555 681 610 ei
729 563 976 610 creatura
1012 551 1323 607 famulatur.
1355 552 1492 608 Audi
1541 554 1777 625 denique
1816 559 2089 626 quomodo

517 648 680 704 etiam
704 662 799 717 per
832 646 1152 716 prophetam
1199 644 1467 715 promittit
1509 646 1557 700 ei
1595 646 1737 702 Deus
1778 648 1963 703 dicens
1987 648 2033 680 ⁸³
2074 664 2089 703 :

2196 484 2317 574 eum
2352 475 2416 528 ad
2465 480 2790 574 mysterium
2834 483 3081 551 baptismi
3125 488 3439 555 pervenitur
3466 492 3597 563 (29),
3637 498 3769 565 quia

2194 567 2272 617 sic
2294 575 2348 618 et
2372 567 2635 636 scriptum
2670 580 2755 624 est
2785 570 2853 638 ⁸⁸,
2882 576 3023 641 quod
3057 595 3075 627 ι
3121 578 3379 633 exaltavit
3404 581 3554 637 illum
3598 586 3767 651 Deus,

2192 662 2249 708 et
2276 655 2501 712 donavit
2534 659 2581 712 ei
2628 675 2849 725 nomen,
2884 666 3023 733 quod
3047 675 3131 721 est
3162 682 3324 737 super
3351 686 3512 728 omne
3544 691 3764 742 nomen,

523 761 538 791 ι
576 738 631 794 Si
655 747 903 793 transeas
927 750 1021 806 per
1051 735 1250 806 ignem,
1272 736 1483 790 ﬂamma
1517 751 1620 789 non
1652 736 1843 791 aduret
1872 745 1944 800 te,
1961 753 2091 807 quo-
2192 750 2250 794 ut
2281 743 2332 795 in
2369 747 2586 801 nomine
2624 747 2753 804 Jesu
2801 768 2958 807 omne
2995 771 3132 825 genu
3180 735 3429 815 ﬂectatur
3460 735 3763 822 caelestia";

512 829 658 883 niam
688 842 787 898 ego
812 827 1074 882 Dominus
1100 826 1241 880 Deus
1272 836 1414 881 tuus.
1456 845 1474 878 ι
1513 826 1701 881 Omnis
1731 826 1895 895 igitur
1936 828 2087 886 locus

511 920 739 989 suscipit
761 918 991 987 justum,
1011 926 1066 973 et
1097 917 1273 972 omnis
1305 925 1557 972 creatura
1589 918 1807 973 exhibet
1843 918 2083 973 debitum

514 1009 849 1065 famulatum.
875 1008 940 1062 Et
962 1021 1029 1062 ne
1065 1007 1344 1062 existimes
1374 1006 1485 1079 (21)
1519 1006 1660 1076 quod
1694 1008 1808 1063 haec
1838 1009 1890 1061 itt
1936 1010 2082 1079 prio-

514 1105 661 1159 ribus
688 1101 904 1172 quidem
930 1108 1078 1170 gesta
1122 1109 1267 1165 sunt,
1302 1099 1354 1153 in
1380 1107 1432 1154 te
1464 1114 1589 1154 vero
1629 1100 1721 1170 qui
1762 1115 1902 1155 nunc
1931 1101 2085 1154 audi-

512 1204 599 1251 tor
630 1195 823 1250 hornm
860 1205 919 1245 es
949 1188 1082 1243 nihil
1111 1190 1214 1243 tale
1239 1199 1460 1258 geratur
1490 1206 1504 1245 :
1539 1189 1719 1243 omnia
1746 1188 2084 1260 complentur

512 1288 564 1341 in
603 1295 656 1341 te
693 1280 1298 1351 secundummysticam
1327 1280 1612 1335 rationem.
1636 1278 1846 1334 Etenim
1902 1288 1956 1332 tu
1986 1279 2077 1348 qui

511 1392 679 1448 nuper
733 1374 1049 1431 idololatria:
1106 1372 1344 1428 tenebris
1389 1371 1665 1427 derelictis
1691 1371 1843 1440 cupis
1880 1372 1947 1425 ad
1985 1385 2082 1424 au-

508 1470 766 1529 dientiam
800 1468 994 1523 divinae
1013 1466 1149 1536 legis
1177 1466 1459 1529 secedere,
1479 1479 1621 1521 nunc
1652 1466 1883 1536 primum
1910 1463 2080 1534 Egy-

509 1572 656 1635 ptum
685 1559 1008 1630 derelinquis
1034 1557 1316 1629 (22).Οιιηι
1340 1559 1854 1615 catechumenorum
1880 1572 2077 1628 aggre-

507 1666 664 1728 gatus
694 1668 753 1709 es
791 1666 1043 1716 numero,
1064 1659 1118 1704 et
1144 1651 1426 1719 praeceptis
1453 1648 1851 1705 Ecclesiasﬁcis
1889 1664 2079 1719 parere

2189 838 2244 885 et
2298 838 2635 892 terrestrium
2684 849 2738 894 et
2781 844 3135 900 infernorum.
3174 868 3191 899 ι
3238 849 3620 911 Verumtamen
3663 873 3766 928 per

2189 926 2501 982 sacerdotes
2528 930 2811 987 deducitur
2834 937 3084 1006 pupuius,
3112 950 3164 994 et
3196 942 3299 996 iter
3318 946 3429 1015 agit
3454 948 3517 1002 ad
3557 926 3758 1008 terram

2189 1021 2621 1112 repromissionis
2666 1028 2980 1096 magisterio
3008 1034 3379 1092 sacerdotum.
3420 1038 3489 1094 Et
3514 1043 3632 1112 quis
3659 1045 3760 1100 ho-

2191 1108 2275 1163 die
2300 1110 2349 1165 in
2375 1114 2745 1170 sacerdotibus
2769 1125 2948 1174 tantus
2970 1137 3034 1176 ac
3071 1124 3195 1178 talis
3217 1136 3321 1192 est,
3348 1130 3441 1198 qui
3472 1108 3640 1191 in—illo
3669 1152 3760 1191 or-

2185 1200 2308 1254 dine
2334 1213 2597 1259 mereatur
2630 1209 2874 1263 ascribi?
2898 1209 2958 1265 Si
2992 1212 3141 1266 enim
3164 1214 3235 1268 sit
3257 1217 3458 1287 aliquis
3493 1225 3640 1288 talis,
3665 1242 3756 1281 ce-

2187 1290 2385 1347 dentei
2416 1293 2608 1350 ﬂuenta
2636 1297 2748 1369 (50)
2784 1299 3057 1366 Jordanis,
3090 1312 3145 1357 et
3186 1304 3297 1373 ipsa
3354 1310 3630 1369 elementa
3664 1333 3758 1370 vc-

2183 1381 2469 1450 rebuntur,
2498 1400 2620 1455 pars
2651 1402 2904 1458 aquarum
2928 1391 3167 1446 ﬂuminis
3194 1402 3493 1452 retrorsum
3521 1403 3756 1469 resiliet,

2183 1488 2245 1527 ac
2277 1485 2398 1544 post
2443 1485 2652 1547 tergum
2680 1480 3003 1549 frenabitur,
3034 1499 3163 1553 pars
3199 1488 3400 1543 veroin
3428 1504 3584 1547 mare
3635 1497 3757 1548 sal-

2180 1578 2301 1618 sum
2343 1567 2531 1636 rapido
2587 1570 2740 1640 lapsu
2788 1572 3021 1644 diﬂ'ugiet
3056 1576 3189 1647 (3i).
3217 1578 3365 1645 Quod
3410 1588 3593 1637 tamen
3638 1602 3745 1640 nec

2183 1656 2353 1724 ipsum
2401 1659 2607 1730 absque
2659 1662 2901 1732 mysterii
2953 1668 3160 1721 ratione
3203 1670 3425 1724 arbitror
3451 1673 3735 1740 scriptum,

507 1745 741 1817 ccepisti,
771 1744 1046 1813 digressus
1090 1754 1150 1795 es
1184 1753 1334 1795 mare
1362 1740 1605 1795 “librum
1628 1782 1643 1807 ,
1677 1748 1732 1795 ει
1776 1740 1829 1793 ill
1871 1739 2073 1795 deserti
2107 1720 2149 1776 Β
2178 1748 2318 1816 quod
2347 1762 2474 1818 pars
2498 1720 2767 1820 aquaruin
2796 1754 3050 1811 ‘Jordunis
3085 1768 3353 1828 mergatur
3381 1760 3435 1814 in
3457 1720 3621 1828 marre',
3647 1720 3733 1817 at:

504 1836 828 1894 stationibus
855 1832 1083 1902 positus,
1115 1830 1183 1885 ad
1218 1830 1539 1885 audiendam
1565 1830 1658 1884 Dei
1686 1828 1877 1898 legem,
1905 1840 1962 1884 et
1992 1830 2074 1884 in-

506 1929 761 1986 tuendum
779 1925 986 1996 Moysis
1012 1922 1217 1978 vultum
1247 1936 1345 1993 per
1369 1921 1592 1993 gloriam
1626 1920 1836 1977 Domini
1866 1922 2072 1977 revela-

505 2032 618 2077 tum
641 2020 884 2091 quotidie
923 2030 1107 2071 vacas.
1135 2014 1193 2070 Si
1235 2006 1362 2068 vero
1398 2014 1465 2068 ad
1496 2014 1790 2084 mysticum
1820 2014 2071 2084 baptismi

502 2112 718 2167 veneris
756 2108 981 2174 fontem,
1024 2114 1080 2161 et
1132 2104 1468 2160 consistente
1521 2103 1843 2159 sacerdotali
1878 2103 1993 2174 (25)
2019 2111 2074 2158 et

501 2200 743 2257 Levitico
784 2199 974 2253 ordine
1003 2196 1246 2251 initiatus
1282 2193 1447 2250 fueris
1476 2194 1797 2251 venerandis
1815 2192 1922 2249 illis
1952 2208 2070 2247 ma-

501 2293 817 2364 gniﬂcisque
845 2287 1227 2352 sacramentis,
1264 2301 1385 2357 quae
1412 2285 1705 2341 noruntilli
1740 2299 1877 2354 quos
1912 2299 2074 2341 nosse

501 2386 582 2436 fas
602 2393 705 2446 est,
732 2391 862 2435 tunc
874 2378 1038 2434 etiam
1056 2377 1399 2432 sacerdotum
1418 2375 1734 2431 ministeriis
1752 2374 1983 2430 Jordane
1999 2376 2075 2431 di-

501 2486 691 2540 gresso
717 2480 913 2522 terram
942 2465 1377 2536 repromissionis
1400 2465 1648 2531 intrabis,
1673 2464 1726 2518 in
1750 2479 1855 2534 qua
1878 2473 1932 2520 te
1950 2474 2073 2535 post

502 2562 721 2632 Moysen
756 2559 868 2630 (24)
900 2557 1124 2627 suscipit
1147 2555 1305 2613 Jesus
1335 2565 1390 2611 et
1415 2556 1527 2626 ipse
1562 2556 1659 2610 tibi
1691 2553 1920 2611 eﬂicitur
1946 2558 2068 2612 novi

501 2652 712 2710 itineris
741 2653 870 2706 dux.
894 2650 972 2704 Tu
1010 2664 1140 2704 vero
1180 2656 1452 2702 tantarum
1482 2660 1553 2701 ac
1593 2646 1779 2701 talium
1810 2646 2068 2702 virtutum

501 2744 598 2799 Dei
648 2755 875 2805 memor,
908 2737 1051 2809 quod
1091 2736 1187 2792 tibi
1233 2750 1385 2791 mare
1429 2735 1659 2791 divisum
1694 2742 1794 2801 est,
1828 2743 1887 2790 et
1923 2734 2069 2804 quod

498 2846 635 2903 aqua
664 2830 902 2886 ﬂuminis
931 2827 1098 2895 stetit,
1130 2840 1433 2882 conversus
1447 2824 1514 2880 ad
1536 2839 1599 2879 ea
1620 2825 1864 2881 dices“:
1887 2844 1905 2878 ι
1930 2825 2068 2893 Quid

501 2924 593 2980 tibi
623 2920 1053 2990 est,mare,quod
1084 2915 1305 2991 fugisti?
1325 2929 1379 2975 et
1411 2928 1464 2974 tu
1491 2918 1768 2985 Iordanis,
1787 2920 1911 2989 quia
1939 2933 2070 2975 eon-

502 3030 693 3072 versus
722 3028 782 3069 es
814 3011 1155 3069 retrorsum?
1179 3009 1410 3077 Montes,
1447 3011 1573 3081 quid
1605 3008 1716 3083 (25)
1758 3008 2067 3065 exsultastis

497 3107 637 3163 sicut
659 3104 883 3170 arietes,
918 3111 972 3158 et
1016 3100 1182 3158 colles
1209 3100 1350 3156 sicut
1383 3101 1504 3172 agni
1532 3100 1757 3155 ovium?
1796 3118 1815 3152 ι
1843 3098 1949 3154 Sed
1976 3114 2063 3155 re-

497 3197 776 3271 spondebit
797 3195 892 3251 tibi
924 3207 1104 3255 sermo
1130 3191 1344 3249 divinus
1374 3199 1431 3247 et
1456 3192 1629 3248 dicet:
1659 3210 1677 3244 ι
1706 3193 1751 3247 Α
1784 3191 1920 3247 facie
1960 3191 2067 3249 Do-

498 3293 627 3349 mini
658 3297 921 3347 commota
953 3297 1036 3343 est
1056 3296 1221 3352 terra,
1250 3301 1280 3339 a
1310 3282 1448 3340 facie
1472 3283 1564 3339 Dei
1588 3281 1780 3349 Iacob,
1814 3283 1906 3353 qui
1935 3298 2065 3341 con-

494 3383 655 3441 vertit
688 3390 893 3453 petram
942 3377 1056 3451 (26)
1087 3377 1141 3432 in
1197 3385 1445 3447 stagnum
1495 3389 1670 3443 aquaa,
1695 3382 1748 3429 et
1782 3389 1967 3444 rupem
2005 3376 2061 3430 in

494 3476 669 3531 fontes
695 3485 980 3544 aquarum.
1032 3488 1051 3520 ι
1352 3501 1356 3505 -

561 3568 620 3627 2.
650 3563 861 3633 Quanta
892 3571 1014 3619 ante
1034 3568 1183 3632 gesta
1210 3562 1360 3614 sunt!
1389 3555 1536 3613 Mare
1560 3554 1802 3621 Rubrum
1839 3555 2068 3627 pedibus.

500 3658 788 3714 transitum
816 3663 920 3720 est,
952 3666 1150 3707 manna
1178 3651 1245 3705 de
1280 3647 1421 3707 casio
1461 3647 1645 3705 datum
1676 3656 1782 3712 est,
1807 3647 1983 3703 fontes
2009 3650 2060 3703 in

491 3762 675 3807 eremo
716 3744 941 3816 disrupti
969 3751 1116 3810 sunt,
1148 3742 1233 3798 lex
1286 3754 1381 3812 per
1411 3738 1630 3810 Moysen
1656 3739 1779 3794 data
1816 3747 1899 3795 est
1923 3737 2059 3811 (27),

492 3843 645 3913 signa
702 3850 755 3896 et
802 3837 1046 3910 prodigia
1098 3834 1262 3890 multa
1309 3835 1365 3888 in
1411 3846 1595 3887 eremo
1635 3840 1783 3902 gesta
1828 3839 1977 3897 sunt,
2008 3840 2063 3888 et

492 3948 757 4005 nusquam
783 3931 981 3988 dicitur
1011 3927 1427 4011 exaltatuswesse
1448 3925 1626 3980 Jesus.
1664 3924 1764 3981 Ubi
1800 3922 2063 3995 veredos.

493 4026 649 4083 tinnis
680 4023 962 4086 transitur,
991 4021 1062 4076 ibi
1088 4020 1284 4073 dicitur
1310 4018 1378 4071 ad
1407 4015 1588 4071 Jesum
1610 4016 1657 4055 "
1682 4032 1694 4068 :
1725 4033 1743 4066 ι
1772 4015 1826 4070 In
1849 4016 1949 4071 hac
1975 4016 2062 4071 die

495 4117 695 4186 incipio
741 4114 985 4169 exaltare
1029 4120 1082 4166 te
1134 4111 1187 4165 in
1239 4117 1532 4180 conspectu
1574 4106 1781 4175 populi.
1814 4124 1833 4159 ι
1876 4105 2061 4176 Neque

490 4210 632 4264 enim
659 4216 784 4263 ante
822 4205 1138 4278 mysterium
1185 4204 1435 4274 baptismi
1470 4200 1739 4257 exaltatur
1760 4200 2057 4265 Jesus,scd

492 4299 745 4357 exaltatio
771 4297 887 4368 ejus
916 4306 967 4354 et
1010 4297 1265 4354 exaltatio
1300 4297 1352 4351 in
1382 4306 1671 4381 conspectu
1712 4295 1892 4368 populi
1934 4294 2059 4349 inde

2177 1854 2281 1908 que
2303 1840 2355 1895 in
2381 1844 2799 1901 amaritudinem
2825 1847 3074 1917 proﬂuat,
3093 1865 3367 1919 pars-vero
3387 1852 3438 1904 in
3463 1852 3741 1909 dulcedine

2175 1943 2505 1999 perseveret.
2535 1932 2592 1989 Si
2628 1936 2772 1991 enim
2824 1951 3011 1995 omnes
3050 1940 3142 2010 qui
3180 1940 3547 2009 baptizantur,
3591 1959 3743 1999 acce-

2175 2030 2318 2091 ptam
2343 2025 2455 2097 (52)
2480 2028 2715 2084 εωιεειίε
2752 2032 2941 2100 gratia:
2986 2032 3330 2088 dulcedinem
3370 2036 3701 2091 custodirent
3731 2076 3749 2102 ,

2184 2120 2241 2165 et
2273 2113 2451 2170 nullus
2493 2116 2543 2170 in
2589 2128 2934 2186 peccatorum
2972 2121 3391 2177 amaritudinem
3422 2133 3749 2187 verteretur,

2175 2214 2280 2255 non
2311 2202 2496 2271 utique
2538 2216 2685 2261 esset
2715 2206 2979 2275 scriptum
3009 2209 3136 2278 quia
3182 2224 3311 2279 pars
3345 2209 3583 2267 ﬂuminis
3620 2212 3747 2268 salsi

2175 2290 2343 2345 maris
2379 2292 2679 2363 gurgitibus
2718 2294 2908 2353 fuisset
2946 2298 3220 2355 immersa.
3248 2300 3315 2355 Et
3351 2300 3634 2356 ideomibi
3666 2302 3746 2355 vi-

2172 2382 2331 2436 detur
2350 2383 2421 2437 in.
2440 2384 2526 2440 his
2558 2386 2736 2441 verbis
2760 2386 3151 2459 baptizatorum
3176 2391 3412 2446 varietas
3444 2392 3742 2461 designari,

2171 2490 2330 2544 quam
2385 2475 2598 2546 quidem
2636 2492 2732 2532 nos
2768 2479 2932 2550 (quod
2957 2495 3078 2535 cum
3126 2482 3312 2537 dolore
3351 2485 3739 2555 commemoro)

2171 2580 2311 2636 saepe
2347 2567 2592 2623 videmus
2632 2569 2903 2635 accidere,
2934 2580 2993 2625 ut
3023 2571 3076 2625 bi
3108 2573 3199 2641 qui
3225 2583 3471 2628 sanctum
3504 2574 3617 2644 (55)
3653 2575 3741 2627 ba-

2170 2656 2366 2727 ptisma
2417 2669 2838 2729 consequuntur,
2897 2674 3019 2716 cum
3055 2677 3115 2718 se
3169 2678 3387 2718 rursum
3416 2665 3483 2719 ad
3526 2666 3735 2735 negotia

2170 2748 2353 2803 saeculi
2410 2759 2464 2803 et
2493 2749 2774 2805 illecebras
2812 2751 3092 2807 libidinum
3115 2754 3354 2820 tradunt,
3378 2765 3435 2810 et
3455 2770 3578 2810 cum
3610 2771 3736 2810 ava-

2170 2836 2313 2893 ritia:
2337 2838 2541 2894 salsum
2579 2840 2828 2909 poculum
2869 2842 3077 2903 bibunt,
3106 2843 3158 2898 in
3190 2859 3253 2898 ea
3293 2860 3555 2914 aquarum
3584 2855 3733 2916 parte

2169 2926 2473 2984 formentur
2499 2928 2631 3001 (54).
2664 2944 2785 2998 quae
2813 2931 2865 2984 in
2904 2946 3055 2986 mare
3083 2930 3320 3001 proﬂuit,
3344 2943 3505 3002 atque
3541 2935 3592 2989 in
3621 2934 3732 2988 sal-

2172 3018 2248 3073 sis
2279 3018 2533 3074 ﬂuctibus
2562 3021 2767 3090 deperit
2803 3038 2815 3074 :
2845 3034 2973 3089 pars
3006 3034 3137 3076 vero
3175 3020 3261 3078 illa
3300 3037 3419 3091 quae
3467 3038 3588 3080 cum
3628 3032 3749 3077 star

2169 3109 2375 3165 bilitate
2412 3119 2697 3180 permanet
2731 3119 2784 3165 et
2812 3111 3152 3167 dulcedinem
3181 3126 3333 3167 suam
3357 3126 3556 3177 servat,
3591 3114 3731 3168 ἀρετ-

2165 3207 2291 3270 gnet
2338 3213 2430 3254 eos
2466 3201 2557 3269 qui
2606 3209 2882 3270 acceptum
2918 3202 3009 3258 Dei
3045 3217 3240 3259 munus
3285 3203 3731 3259 indeclinabiliter

2166 3301 2371 3347 tenent.
2396 3293 2463 3347 Et
2488 3302 2636 3349 recte
2659 3309 2764 3348 una
2805 3309 2934 3364 pars
2971 3304 3054 3352 est
3089 3309 3277 3351 eorum
3306 3295 3395 3366 qui
3426 3294 3727 3354 salvantur,

2164 3384 2290 3453 quia
2325 3393 2380 3439 et
2412 3385 2567 3455 panis
2614 3401 2756 3441 unus
2802 3396 2905 3451 est,
2954 3387 3044 3455 qui
3071 3387 3138 3442 de
3170 3385 3311 3442 cutlo
3347 3386 3646 3451 descendit,
3675 3394 3727 3440 et

2164 3473 2259 3528 dat
2311 3473 2436 3530 huic
2476 3474 2682 3529 mundo
2732 3474 2921 3541 vitam,
2950 3484 3004 3530 et
3032 3476 3170 3532 fides
3194 3492 3297 3532 una
3326 3489 3430 3546 est,
3463 3488 3520 3534 et
3563 3492 3726 3531 unum

2164 3563 2452 3633 baptisma,
2484 3571 2540 3619 et
2589 3576 2728 3617 unus
2779 3562 3004 3633 spiritus
3035 3578 3142 3633 quo
3172 3579 3359 3621 omnes
3392 3574 3647 3635 petantur
3670 3565 3727 3620 in

2163 3656 2453 3725 baptismo,
2489 3664 2544 3711 et
2570 3669 2711 3712 unus
2738 3655 2877 3713 Deus
2902 3653 3064 3711 Pater
3100 3656 3362 3724 omnium.
3398 3656 3607 3712 Interea
3640 3671 3727 3711 sa-

2163 3746 2450 3802 cerdotalis
2499 3747 2635 3802 ordo
2674 3757 2758 3803 est
2793 3755 2847 3802 et
2889 3746 3183 3812 Le‘viticus,
3223 3747 3316 3816 qui
3346 3748 3449 3802 iter
3476 3749 3727 3803 ostendat

2163 3837 2358 3908 populo
2392 3839 2504 3905 Dei,
2534 3838 2624 3908 qui
2654 3839 2788 3893 exiit
2807 3840 2873 3894 de
2897 3837 3147 3909 Egypto.
3183 3839 3286 3911 lpsi
3304 3840 3448 3897 enim
3482 3848 3604 3895 sunt
3632 3838 3721 3907 qui

2162 3931 2390 3985 edocent
2437 3930 2690 4000 populum
2726 3930 2878 3984 exire
2921 3930 2987 3984 de
3029 3930 3294 4002 Egypto,
3330 3932 3397 3985 de
3449 3930 3724 3986 erroribus

2160 4021 2367 4077 scilicet
2398 4020 2603 4084 mundi,
2648 4028 2700 4073 et
2730 4019 2895 4091 ωδ
2945 4023 3177 4077 transire
3211 4037 3307 4092 per
3352 4036 3592 4078 eremum
3638 4035 3724 4073 va-

2160 4120 2339 4177 stam,
2402 4112 2455 4167 id
2489 4120 2570 4166 est
2617 4114 2974 4168 teutationum
3025 4128 3225 4184 genera
3279 4113 3493 4167 diversa
3553 4121 3723 4165 trans-

2160 4212 2417 4265 currere,
2469 4214 2644 4271 neque
2695 4203 2878 4258 noceri
2937 4218 2968 4258 a
3020 4203 3400 4272 serpentibus,
3446 4202 3536 4272 qui
3598 4208 3723 4255 sunt

2161 4307 2371 4350 morsus
2408 4295 2735 4363 daemonum,
2774 4305 2830 4350 et
2870 4294 3133 4349 malarum
3179 4296 3581 4366 suggestionum
3627 4308 3721 4347 ve.

492 4390 986 4446 sumltexordium.
1016 4389 1073 4445 Si
1116 4390 1478 4447 enimomnes
1502 4388 1594 4458 qui
1633 4388 1974 4460 baptizantur
2000 4387 2052 4441 in
2088 4410 2131 4465 ι)
2161 4400 2295 4442 uena
2336 4386 2526 4441 vitare.
2567 4385 2719 4453 Quod
2762 4385 2806 4441 si
2853 4386 3048 4457 aliquis
3094 4384 3233 4441 forte
3279 4398 3568 4456 percussus
3609 4383 3751 4437 fue-r

492 4479 708 4534 Christo
736 4477 871 4549 (28),
898 4479 950 4534 in
975 4487 1152 4534 morte
1181 4478 1353 4547 ipsius
1378 4477 1749 4548 baptizantur,
1782 4490 1929 4532 mors
1959 4492 2055 4530 au-

492 4580 598 4625 tem
629 4566 755 4625 Jesu
787 4569 841 4625 in
885 4568 1064 4625 crucis
1107 4567 1443 4624 exultatione
1489 4567 1807 4639 completur,
1859 4567 2055 4623 merito

556 4687 603 4720 ⁸⁸
634 4684 753 4741 Isai.
787 4698 921 4749 xui,
943 4681 1000 4747 2,
1034 4681 1091 4736 5.
1164 4679 1210 4713 ⁸⁸
1240 4679 1379 4734 Psal.
1408 4694 1564 4745 cxnt,
1608 4680 1666 4744 5,
1702 4678 1756 4746 6,
1786 4679 1840 4745 7,
1874 4681 1928 4737 8.

560 4778 673 4852 (21)
707 4778 890 4852 Cede;
937 4772 1327 4832 Gemeticensis
1375 4781 1430 4825 et
1472 4786 1610 4827 unus
1658 4771 2044 4833 Ebroicensis:

494 4870 511 4904 ι
552 4850 696 4906 itane
717 4850 1016 4903 existimas.
1050 4863 1069 4897 ι

558 4920 671 4992 (22)
708 4917 970 4992 Gemetic.
1001 4934 1020 4967 ι
1057 4912 1408 4992 dereliquisti.
1442 4928 1461 4962 ι

558 4922 650 4992 (22
708 4922 970 4974 Gemetic.
1001 4934 1020 4967 ι
1057 4922 1408 4983 dereliqutsti.
1442 4928 1461 4962 ι

558 4922 671 5061 (ibi
709 4987 856 5061 idem
879 4999 1137 5061 cum_uno
1177 4982 1487 5061 Ebroicensi
1522 4998 1577 5061 :__t
1606 4980 1869 5037 conﬁtens
1901 4997 1930 5036 a
1954 4998 2050 5061 sa»

485 5052 764 5121 cerdoiali,
804 5076 823 5109 ι
856 5066 960 5113 etc.
993 5054 1159 5111 Paulo
1183 5065 1301 5124 post
1349 5052 1503 5107 codd.
1531 5052 1812 5124 Sangerm.
1852 5063 1908 5108 et
1946 5052 2053 5124 Ge-

490 5130 671 5183 metic.
705 5145 723 5178 t
754 5120 843 5181 illi
868 5142 1003 5196 quos
1037 5120 1197 5179 nosse
1241 5121 1323 5177 fas
1345 5132 1448 5177 est.
1478 5136 1500 5173 ι
1530 5120 1683 5177 Libb.
1717 5122 1843 5177 editi
1873 5139 1887 5178 :
1918 5142 1937 5175 ς
1975 5123 2049 5177 illi

487 5199 684 5267 quibus
718 5211 874 5252 nosse
903 5196 983 5251 fas
1005 5204 1107 5267 est.
1136 5212 1165 5267 γι
1289 5260 1305 5267 _
1333 5262 1363 5267 __
1389 5263 1399 5267 _
1476 5212 1481 5215 '

558 5268 647 5332 (24
712 5267 861 5326 Mss..
891 5285 911 5318 ‹
951 5265 1193 5333 suscipit.
1236 5281 1253 5315 ι
1289 5260 1440 5315 Libb.
1474 5262 1602 5317 editi
1639 5278 1653 5314 :
1683 5280 1702 5314 t
1736 5262 1993 5333 suscepit.
2025 5280 2043 5313 ι

558 5268 669 5407 (25)
710 5335 833 5407 his.
865 5335 1131 5391 Gentetic.
1162 5352 1179 5384 t
1212 5334 1407 5407 quid_._t
1446 5332 1785 5407 Libb.editi:
1810 5352 1829 5384 ί
1864 5333 2043 5407 quia.)

577 5337 646 5391 25

556 5340 667 5407 (25)
710 5340 833 5399 Ms.,
865 5340 1131 5391 Gentetic.
1162 5352 1179 5384 t
1212 5340 1365 5401 quid.
1390 5351 1407 5382 ι
1446 5340 1601 5388 Libb.
1627 5340 1785 5387 editi:
1810 5352 1829 5384 ί
1864 5340 2047 5402 quia.s

553 5407 667 5477 (26)
704 5406 973 5462 Geutctic.
1022 5414 1076 5457 et
1128 5419 1267 5458 unus
1322 5402 1712 5456 Ebroiccnsis:
1757 5424 1775 5454 ι
1824 5402 2051 5458 solidam

486 5485 713 5540 petram.
752 5494 770 5526 ι

556 5542 668 5619 (9.?)
710 5545 992 5619 Sangerm.
1027 5543 1189 5619 t_|:tta
1223 5553 1325 5619 est.
1352 5561 1383 5619 ,ξ

558 5608 669 5682 (⁸28)
714 5615 775 5665 ἔνι
809 5608 1033 5667 Christo.
1063 5613 1219 5667 Deest
1258 5612 1310 5663 in
1352 5610 1503 5682 libris
1541 5621 1696 5666 antea
1726 5612 1910 5667 editis.
1943 5608 2048 5665 Sed

486 5680 713 5737 habetur
747 5684 800 5734 in
827 5683 1012 5737 codice
1034 5680 1416 5737 Gemeticeusi.

2163 4477 2233 4531 rit
2268 4477 2322 4532 in
2367 4490 2549 4533 eremo
2577 4492 2606 4531 a
2647 4486 2932 4548 serpente,
2976 4486 3039 4531 ut
3087 4475 3377 4532 ostendant
3423 4474 3473 4530 ei
3520 4486 3720 4558 aereum

2161 4579 2463 4641 serpentem
2508 4568 2647 4641 (55)
2679 4570 2732 4626 in
2786 4583 2947 4625 cruce
2995 4582 3317 4640 suspensum
3362 4583 3381 4622 :
3424 4582 3583 4640 quem
3628 4565 3721 4635 qui

2017 4680 2061 4713 ⁸⁵
2087 4678 2200 4737 Jos.
2224 4679 2384 4751 "1,9.
2458 4679 2504 4711 ⁸⁸
2536 4678 2732 4750 Philip.
2753 4695 2816 4744 ll,
2846 4679 2900 4745 9,
2927 4677 3015 4734 10.

2222 4772 2335 4843 (29)
2375 4772 2526 4837 Mss.,
2560 4791 2578 4823 ι
2617 4773 2946 4843 pervenitur.
2999 4789 3018 4825 υ
3056 4770 3212 4828 Libb.
3258 4771 3388 4828 editi
3419 4789 3433 4829 :
3468 4788 3489 4826 ι
3524 4785 3721 4841 perve-

2151 4845 2311 4897 nerit.
2334 4861 2351 4893 ι

2255 4911 2345 4981 50)
2390 4911 2670 4981 Sangerm.
2705 4922 2757 4967 et
2794 4927 2931 4966 unus
2968 4910 3352 4981 Ebroicensis;
3385 4928 3404 4961 ι
3444 4907 3667 4965 ﬂuenta.
3694 4928 3714 4961 ι

2246 4980 2336 5037 51)
2375 4980 2639 5035 Gemetic.
2670 4991 2725 5036 et
2753 4996 2892 5036 unus
2928 4982 3148 5037 Ebroic.
3191 4998 3209 5032 ι
3244 4980 3479 5036 desiliet.
3517 5000 3535 5031 ι

2221 5050 2334 5119 (52)
2376 5051 2535 5105 Iidem
2573 5068 2592 5103 ι
2621 5060 2917 5119 acceptam.
2943 5070 2961 5103 ι
2982 5050 3132 5106 Libb.
3162 5051 3293 5105 editi
3318 5065 3328 5097 :
3368 5067 3387 5102 ι
3412 5058 3651 5116 accepta.
3690 5067 3712 5102 ι

2223 5120 2337 5192 (55)
2379 5121 2662 5192 Sangerm.
2698 5130 2753 5174 et
2781 5136 2921 5192 unus
2951 5120 3288 5192 Ebroicensis
3310 5134 3324 5175 :
3347 5136 3366 5170 ι
3385 5128 3665 5192 sanetum.
3691 5135 3711 5169 ι

2154 5188 2464 5245 ιίῠὺζθάἰιί
2500 5188 2513 5241 Ξ
2545 5207 2565 5240 t
2601 5191 2915 5244 secundum.
2955 5210 2972 5243 ι
3013 5191 3176 5245 Paulo
3212 5196 3331 5258 post
3384 5190 3521 5243 idem
3554 5202 3713 5258 mss.,

2153 5278 2171 5309 «ι
2208 5260 2458 5315 illecebra
2495 5260 2799 5315 libidinum.
2838 5278 2856 5311 ι
2894 5259 3049 5317 Libb.
3090 5256 3268 5315 editi:
3311 5278 3329 5311 ε
3365 5259 3617 5313 illecebra
3650 5256 3716 5310 lio

710 5335 833 5399 Ms.,
865 5329 1131 5391 Gentetié.
1162 5352 1179 5384 t
1212 5334 1365 5401 quid.
1390 5351 1407 5382 ι
1446 5332 1601 5388 Libb.
1627 5333 1785 5387 editi:
1810 5352 1829 5384 ί
1864 5329 2047 5402 q'uia.s
2146 5329 2421 5402 bidinis.__o

2217 5399 2329 5468 (54)
2370 5399 2520 5464 Mss,
2553 5416 2572 5450 t
2612 5397 2928 5468 formentur.
2957 5418 2974 5450 ι
3011 5400 3071 5452 Et
3094 5399 3251 5467 paulo
3275 5405 3394 5468 post
3418 5415 3436 5449 ε
3474 5396 3526 5451 in
3558 5394 3718 5468 salsis

2145 5466 2395 5523 ﬂuctibus
2444 5469 2666 5537 deperit.
2714 5466 2869 5522 Libb.
2930 5471 3055 5521 editi
3096 5466 3398 5537 ﬁrmentur,
3444 5477 3499 5521 et
3553 5466 3711 5535 paulo

2148 5548 2268 5608 post
2300 5541 2351 5591 in
2381 5541 2537 5593 salsis
2561 5540 2805 5606 ﬂuctibus
2828 5538 3032 5609 difﬂuit.

2217 5610 2329 5679 (55)
2373 5609 2522 5672 Mss,
2562 5604 2583 5659 ὶ
2634 5625 2831 5662 aereum
2877 5604 3202 5679 serpentem.
3251 5628 3269 5660 ι
3326 5607 3479 5662 Libb.
3533 5604 3712 5662 editi:

2121 5695 2385 5734 «cremqu
2410 5689 2737 5746 serpentem,
2772 5697 2790 5728 ι
2831 5678 2989 5733 male.
