4104 6226
415 350 519 405 ΚΠ

1901 338 2222 395 ORIGENIS

3588 341 3693 395 818

414 467 543 521 .lesu
580 463 836 536 baptizati
890 470 1015 517 sunt
1056 462 1105 516 in
1145 458 1419 515 Iordane:
1461 458 1533 513 ita
1578 468 1638 513 ut
1684 473 1748 514 ea
1787 472 1908 529 qum
1945 459 1997 512 in
2028 461 2075 517 Α
2103 456 2267 511 Vides
2298 468 2430 524 ergo
2476 451 2602 523 quia
2654 448 2853 504 Paulus
2900 453 3186 509 accinctos
3233 454 3384 509 novit
3433 470 3547 520 eos,
3602 459 3693 526 qui

413 556 653 612 Jordane
691 566 841 626 gesta
877 552 1212 618 referuntur,
1262 551 1489 607 formam
1542 561 1761 607 teneant
1807 566 1995 605 sacra-

414 648 602 713 menti,
632 647 773 716 quod
806 662 904 715 per
953 646 1280 714 baptismum
1330 645 1655 699 celebratur.
1693 644 1827 699 lllud
1864 661 1993 700 vero

411 739 555 807 quod
586 739 846 805 scriptum
874 747 958 792 est
981 735 1028 768 νδ
1062 753 1077 789 :
1112 754 1130 788 ι
1167 736 1232 789 Ει
1258 733 1537 790 festinavit
1561 734 1789 804 populus
1820 744 1997 790 trans-

412 829 493 883 ire
531 828 642 899 (46)
675 827 990 893 Iordanem,
1024 836 1077 882 et
1114 826 1313 881 factum
1343 834 1426 880 est
1456 840 1578 879 cum
1611 826 1997 894 pertransisset

410 921 588 975 omnis
612 921 858 990 populus,
882 919 1097 973 transiit
1120 927 1174 973 et
1200 932 1327 972 arca
1352 919 1663 973 testamenti
1695 919 1927 984 Domini,
1968 938 1988 973 ι

412 1026 519 1066 non
553 1011 682 1066 mihi
710 1011 885 1065 otiose
930 1008 1173 1063 additum
1217 1010 1432 1065 videtur
1470 1026 1498 1063 a
1552 1010 1756 1079 Spiritu
1804 1021 1996 1066 sancto

408 1104 551 1175 quod
582 1104 722 1158 dixit
750 1104 875 1171 quia
904 1103 1182 1158 festinavit
1216 1104 1447 1174 pepulus
1478 1107 1729 1160 transire.
1756 1105 1913 1161 Unde
1941 1114 1996 1161 et

408 1208 510 1263 ego
544 1194 802 1256 arbitror,
831 1194 954 1261 quia
993 1194 1150 1250 nobis
1175 1210 1393 1265 quoque
1423 1196 1767 1251 venientibus
1800 1198 1865 1249 ad
1901 1197 1995 1250 ba-

410 1283 669 1351 ptismum
714 1282 1040 1347 salutarem,
1094 1295 1150 1340 et
1190 1284 1611 1355 suscipientibus
1650 1296 1993 1342 sacramenta

413 1372 561 1425 verbi
618 1371 735 1435 Dei,
786 1388 893 1427 non
956 1374 1129 1429 otiose
1185 1389 1285 1430 nee
1338 1376 1582 1446 segniter
1620 1391 1707 1431 res
1758 1377 1992 1447 gerenda

409 1473 492 1519 est
513 1463 647 1535 (47),
671 1465 765 1519 sed
789 1464 1157 1520 festinandum
1181 1476 1266 1521 est
1294 1474 1348 1520 et
1370 1467 1771 1536 perurgendum
1800 1481 1995 1536 usque-

410 1573 517 1629 quo
552 1559 732 1612 omnia
770 1568 1130 1614 transeamus.
1162 1558 1427 1614 Transire
1468 1559 1613 1613 enim
1644 1558 1849 1622 omnia,
1889 1559 1993 1612 im-

412 1651 560 1720 plere
592 1660 675 1705 est
708 1651 892 1705 omnia
934 1666 1054 1720 quae
1090 1653 1444 1706 mandantur.
1481 1650 1824 1705 Festinemus
1865 1666 1994 1721 ergo

411 1744 665 1808 transire,
712 1744 771 1798 id
821 1752 906 1798 est
960 1744 1259 1812 adimplere
1312 1743 1489 1812 primo
1539 1743 1680 1813 quod
1732 1742 1992 1809 scriptum

2102 547 2379 616 prmeincti
2412 553 2539 600 sunt
2585 541 2803 611 cingulo
2848 541 3125 600 veritatis."
3172 547 3343 615 Igitur
3381 550 3545 602 etiam
3595 564 3693 601 no-

2104 646 2276 692 strum
2308 652 2429 691 esse
2450 634 2719 703 cingulum
2740 636 2942 690 veritas
2959 639 3139 705 debet,
3171 641 3215 694 si
3246 648 3423 693 tamen
3449 656 3695 694 servave-

2104 730 2275 784 rimus
2328 728 2535 784 militia:
2596 730 2756 799 hujus
2804 742 2862 786 et
2911 732 3115 803 cinguli
3163 742 3587 787 sacramentum.
3635 730 3691 785 Si

2104 823 2251 877 enim
2283 822 2484 877 veritas
2513 831 2598 876 est
2633 822 2915 893 cingulum
2948 834 3198 879 nostrum
3239 814 3346 893 quo
3392 825 3457 877 ad
3492 821 3691 877 Christi

2102 915 2350 969 militiam
2398 914 2694 985 cingimur,
2721 915 2767 969 si
2794 915 3018 983 quando
3072 915 3265 971 falsum
3320 916 3608 983 loquimur,
3638 923 3694 967 et

2102 1007 2449 1062 mendacium
2495 1008 2560 1060 de
2616 1021 2712 1061 ore
2765 1015 2961 1062 nostro
3013 1008 3298 1077 procedit,
3345 1008 3692 1077 diseingimnr

2102 1114 2131 1152 a
2182 1098 2370 1153 militia
2416 1096 2661 1161 Christi,
2709 1107 2764 1151 et
2812 1098 2996 1154 balteo
3048 1100 3293 1155 veritatis
3338 1099 3689 1155 exsolvimnr.

2103 1188 2242 1258 Ergo
2276 1188 2320 1243 si
2358 1189 2410 1242 in
2447 1187 2679 1242 veritate
2715 1202 2932 1252 sumus,
2980 1204 3166 1243 sumus
3211 1189 3381 1244 cincti
3418 1209 3433 1246 :
3474 1190 3517 1244 si
3568 1204 3694 1241 vero

2103 1280 2157 1333 in
2191 1278 2450 1344 falsitate,
2483 1279 2757 1334 discincti.
2781 1278 2885 1334 Sed
2909 1294 3007 1334 nos
3039 1280 3319 1334 imitemur
3346 1282 3531 1350 potius
3561 1281 3693 1335 istos

2103 1369 2463 1439 quadraginta
2497 1369 2663 1425 millia
2700 1372 2835 1428 viros
2865 1376 3136 1429 accinctos
3167 1373 3533 1441 procedentes
3569 1373 3688 1440 (51)

2102 1462 2169 1516 ad
2202 1462 2400 1515 bellum
2432 1461 2484 1515 in
2522 1472 2814 1530 conspectu
2842 1466 3068 1528 Domini,
3099 1475 3151 1519 et
3181 1478 3394 1533 semper
3421 1463 3599 1517 simus
3629 1464 3681 1515 in

2104 1554 2331 1608 veritate
2370 1553 2660 1609 succincti.
2693 1554 2798 1608 Sed
2833 1571 2898 1610 ne
2937 1556 3064 1609 illud
3098 1556 3301 1624 quidem
3332 1556 3508 1609 otiose
3537 1569 3678 1623 prae-

2104 1653 2252 1698 tereo
2304 1643 2444 1711 quod
2497 1643 2646 1697 addit
2686 1644 2994 1711 Scriptura,
3040 1644 3164 1713 quia
3214 1643 3435 1697 accincti
3482 1655 3674 1710 proce-

2102 1734 2233 1788 dunt
2262 1732 2373 1804 (52)
2410 1734 2459 1787 iu
2485 1744 2778 1804 conspectu
2813 1734 3047 1788 Domini.
3084 1734 3194 1787 Non
3230 1734 3369 1786 enim
3409 1730 3593 1784 sufﬁcit
3620 1742 3671 1783 te

408 1840 490 1885 est
524 1831 683 1901 (48):
718 1848 737 1881 ι
782 1831 935 1886 Beati
972 1846 1234 1900 pauperes
1271 1832 1463 1900 spiritu
1489 1832 1570 1897 ἐς
1612 1847 1629 1879 ι
1658 1840 1716 1885 ιιι
1744 1830 1990 1900 deposita
2024 1825 2065 1879 Β
2097 1830 2238 1897 apud
2285 1829 2527 1882 homines
2563 1828 2734 1882 videri
2795 1841 3021 1881 servare
3069 1826 3372 1880 veritatem.
3421 1822 3677 1875 Possib‘de

407 1923 556 1977 omni
584 1923 916 1993 arrogantia,
941 1934 996 1978 et
1021 1923 1221 1979 Christi
1252 1924 1563 1978 humilitate
1590 1933 1842 1993 suscepta
1874 1940 1996 1994 per-

414 2016 595 2071 venire
652 2017 719 2071 ad
778 2017 1167 2086 repromissam
1224 2017 1614 2073 beatitudinem
1664 2033 1991 2073 mereamur.

409 2110 514 2164 Sed
543 2118 748 2164 etcum
784 2108 897 2164 haec
942 2109 1370 2178 itupleverimus,
1398 2124 1503 2164 non
1550 2109 1707 2164 nobis
1740 2111 1991 2164 standum

404 2210 485 2255 est
530 2216 706 2271 neque
742 2200 1091 2266 cessandum,
1126 2202 1223 2256 sed
1262 2201 1594 2256 transeunda
1627 2210 1752 2256 sunt
1794 2211 1849 2256 et
1890 2216 1995 2256 eae-

406 2304 522 2349 tera
548 2310 667 2364 quae
696 2303 1023 2363 sequuntur,
1052 2302 1110 2348 ut
1135 2294 1443 2349 esuriamus
1477 2302 1531 2348 et
1563 2294 1812 2349 sitiamus
1832 2293 1994 2361 justi-

406 2382 560 2438 tiam.
596 2381 1013 2437 Transeundum
1049 2383 1206 2439 uobis
1238 2393 1322 2439 est
1359 2385 1502 2453 quod
1546 2385 1814 2453 sequitur,
1845 2395 1905 2439 ut
1939 2386 1991 2439 in

410 2474 512 2528 hoc
536 2474 736 2528 nmndo
759 2473 1065 2542 lugeamus.
1090 2475 1214 2529 Cito
1235 2475 1399 2529 etiam
1430 2476 1635 2544 reliqua
1663 2478 1991 2532 transeunda

409 2574 557 2628 sunt,
594 2575 654 2619 ιιι
693 2566 957 2620 mansueti
995 2564 1313 2630 efficiamur,
1336 2576 1391 2622 et
1427 2577 1486 2621 ut
1531 2568 1740 2637 pacifici
1774 2584 1993 2623 manea-

409 2673 550 2723 mus,
580 2668 631 2710 ιιι
667 2673 766 2728 per
798 2658 903 2713 hoc
928 2659 1019 2712 filii
1046 2660 1138 2713 Dei
1166 2660 1344 2715 vocari
1382 2661 1671 2730 possimus.
1705 2660 1995 2717 Festinan-

406 2751 532 2803 dum
560 2764 776 2819 quoque
798 2750 954 2806 nobis
978 2761 1083 2815 est,
1116 2762 1171 2805 ut
1198 2752 1632 2820 persecutionum
1666 2753 1994 2823 (49)tempns

406 2839 610 2895 virtute
636 2841 911 2909 patientize
944 2851 1310 2896 transeamus.
1343 2843 1590 2913 Cumque
1622 2846 1738 2900 hinc
1781 2846 1991 2914 singula

406 2943 526 2996 qua:
556 2930 621 2983 ad
657 2929 876 2984 virtutis
920 2929 1148 3000 gloriam
1180 2940 1446 2999 spectant,
1480 2949 1585 2988 non
1626 2936 1865 3002 segniter
1896 2953 1994 2992 nec

410 3022 657 3084 remisse,
679 3023 773 3076 sed
810 3039 933 3076 cum
966 3022 1110 3077 oumi
1144 3023 1398 3078 instantia
1442 3036 1496 3079 et
1545 3026 1825 3081 celeritate
1863 3044 1993 3084 eon-

404 3112 754 3181 quisierimus
788 3111 924 3185 (50),
959 3115 1062 3168 hoc
1099 3114 1228 3167 mihi
1262 3118 1475 3169 videtur
1524 3132 1645 3172 esse
1682 3133 1804 3173 cum
1841 3120 1991 3175 festi-

406 3206 625 3261 natione
657 3207 893 3262 trausire
920 3206 1237 3262 Jordanem.
1263 3208 1395 3264 Cum
1430 3226 1563 3266 vero
1593 3214 1991 3281 transierimus,

405 3306 460 3352 et
486 3298 735 3353 obtinere
764 3299 1102 3369 potuerimus
1132 3315 1250 3370 quae
1277 3302 1525 3357 obtinere
1560 3303 1843 3373 debemus,
1874 3323 1993 3361 rur-

404 3404 524 3445 sum
561 3391 715 3447 nobis
742 3391 1033 3460 diligentiae
1081 3404 1135 3447 et
1190 3393 1415 3448 cautela:
1449 3410 1578 3450 cura
1625 3400 1889 3463 succedit,
1929 3414 1995 3454 ne

405 3483 547 3539 forte
582 3483 941 3555 uegligeutius
983 3485 1315 3555 incedentes,
1347 3488 1643 3559 improviso
1689 3490 1872 3560 aliquo
1916 3490 1993 3544 la-

406 3589 506 3644 psu
542 3575 886 3631 effundantur
924 3593 1144 3647 gressus
1191 3579 1399 3644 nostri,
1456 3582 1598 3635 sicut
1636 3590 1691 3635 et
1726 3581 1991 3651 Propheta

408 3668 541 3723 dicit
564 3668 611 3699 '°
646 3686 659 3723 :
695 3689 712 3721 ι
750 3667 1100 3727 Paulominus
1144 3671 1298 3727 effusi
1362 3682 1490 3727 sunt
1539 3688 1759 3741 gressus
1802 3677 1928 3730 mei.
1967 3694 1986 3727 ι

406 3756 518 3814 Nec
573 3759 852 3817 remissior
903 3764 1060 3817 nobis
1104 3760 1413 3817 sollicitudo
1463 3762 1513 3816 in
1564 3766 1989 3829 conservandis,

409 3865 568 3919 quam
603 3851 657 3906 in
690 3852 1079 3921 conquirendis
1107 3852 1265 3908 debet
1290 3869 1414 3909 esse
1444 3853 1759 3915 virtutibus.

476 3942 529 3996 2.
560 3943 641 3998 Αιι
677 3960 781 3999 non
813 3945 924 4000 haec
966 3945 1061 3999 tibi
1090 3946 1363 4017 designari
1394 3946 1645 4001 videntur
1672 3948 1724 4001 in
1760 3964 1824 4004 eo
1847 3951 1990 4018 quod

406 4035 605 4090 dicitur
632 4036 699 4103 °",
726 4038 851 4107 quia
884 4056 902 4089 ι
944 4039 1302 4106 quadraginta
1338 4038 1504 4092 millia
1539 4040 1774 4095 virorum
1808 4043 1991 4097 accin-

406 4126 498 4190 cti,
548 4145 568 4179 ι
604 4127 686 4182 vel
719 4145 738 4178 ι
776 4130 1008 4198 expediti
1041 4130 1377 4184 transierunt
1409 4130 1475 4183 ad
1502 4146 1737 4201 pugnam
1773 4133 1827 4186 in
1859 4148 1990 4188 con-

407 4229 594 4283 spectu
619 4218 829 4273 Domini
852 4222 918 4274 ad
946 4220 1357 4291 expugnandam
1380 4219 1601 4277 Jericho
1624 4222 1933 4295 civitatem?
1963 4243 1981 4276 ι

409 4312 766 4379 ltequiramus
793 4316 885 4385 qui
917 4317 1005 4371 isti
1054 4326 1202 4393 sunt,
1234 4332 1373 4388 quos
1419 4316 1701 4383 Scriptura
1728 4318 1859 4373 dicit
1897 4333 1989 4374 ac-

404 4400 614 4458 cinctos
649 4404 733 4457 vel
780 4408 1084 4474 expeditos.
1134 4392 1246 4478 Ego
1289 4424 1352 4463 ex
1401 4406 1607 4475 nteipso
1657 4422 1989 4477 prtesumere

2099 1935 2331 1989 namque
2353 1931 2433 1975 est
2467 1919 2655 1974 fallere
2697 1919 2967 1984 homines,
2992 1927 3047 1971 et
3091 1930 3339 1971 veracem
3376 1913 3566 1974 videri,
3595 1914 3686 1965 sed

2100 2028 2206 2068 non
2238 2028 2303 2067 cx
2334 2027 2398 2067 eo
2434 2011 2487 2064 in
2518 2011 2749 2065 veritate
2779 2009 3093 2064 succinctus
3135 2022 3214 2073 es,
3264 2006 3368 2058 nisi
3397 2004 3528 2058 etin
3563 2019 3690 2055 con-

2096 2116 2282 2175 spectu
2342 2104 2556 2157 Domini
2604 2103 2912 2158 servaveris
2969 2102 3280 2162 veritatem,
3331 2099 3382 2150 id
3430 2108 3534 2160 est,
3583 2111 3690 2148 non

2096 2201 2272 2255 solum
2309 2216 2428 2268 qua:
2455 2214 2589 2253 voce
2626 2198 2870 2253 homines
2903 2199 3155 2261 audiunt,
3180 2196 3273 2249 sed
3309 2202 3364 2247 et
3393 2206 3454 2246 ea
3486 2206 3607 2261 qua:
3635 2188 3687 2242 in

2095 2294 2262 2348 corde
2290 2292 2547 2361 perspicit
2576 2292 2741 2354 Deus,
2776 2298 2833 2343 ut
2862 2289 2995 2344 nihil
3026 2289 3097 2344 sit
3136 2289 3186 2342 in
3219 2286 3384 2341 corde
3420 2284 3683 2347 fueatum,

2098 2385 2398 2440 secundum
2446 2386 2589 2454 quod
2626 2383 2892 2453 Propheta
2922 2381 3053 2438 dicit
3085 2388 3150 2435 de
3193 2380 3388 2435 talibus
3409 2380 3494 2430 9’;
3529 2396 3545 2429 ι
3583 2376 3683 2442 Qui

2096 2478 2387 2547 loquuntur
2441 2491 2629 2545 pacem
2678 2492 2801 2531 cum
2854 2475 3105 2543 proximo
3138 2489 3255 2533 suo,
3307 2471 3445 2525 mala
3499 2479 3677 2523 autem

2094 2578 2219 2623 sunt
2248 2569 2298 2622 in
2332 2569 2589 2623 cordibus
2612 2584 2821 2623 eorum.
2860 2587 2877 2618 ι
2908 2568 3126 2636 Absque
3155 2566 3240 2620 his
3267 2580 3397 2633 ergo
3431 2561 3681 2616 omnibus

2095 2675 2216 2714 esse
2248 2660 2409 2715 debet
2433 2662 2522 2729 qui
2562 2660 2674 2714 vult
2718 2660 3000 2714 accinctus
3049 2658 3102 2711 in
3138 2662 3428 2723 conspectu
3470 2652 3678 2707 Domini

2096 2754 2389 2822 procedere
2434 2754 2499 2806 ad
2544 2750 2961 2822 expugnandam
3011 2748 3264 2813 Jericho,
3320 2747 3447 2816 quia
3498 2756 3679 2798 trans-

2098 2853 2288 2899 euntes
2320 2842 2613 2899 Iordanem
2644 2842 2870 2897 fluvium
2900 2843 2967 2895 ad
3002 2856 3211 2912 pugnas
3241 2850 3292 2894 et
3335 2838 3472 2893 bella
3506 2847 3685 2889 trans-

2096 2937 2257 2992 imus.
2296 2937 2389 2991 Vis
2421 2937 2616 2991 iterum
2652 2937 2864 2991 discere
2895 2950 3015 3003 qua:
3053 2948 3153 2987 nos
3201 2948 3393 3002 pugna:
3433 2940 3555 2999 post
3590 2930 3682 2983 ba-

2095 3030 2375 3096 ptismum,
2416 3044 2535 3097 qua:
2567 3027 2707 3083 bella
2748 3025 3084 3096 suscipiunt?
3114 3023 3230 3079 Noli
3274 3038 3303 3076 a
3336 3037 3439 3082 me.
3485 3022 3577 3076 sed
3615 3022 3681 3073 ab

2099 3121 2215 3189 ipso
2244 3134 2430 3174 rursus
2458 3119 2607 3173 disce
2655 3117 2895 3186 apostolo
2943 3115 3131 3180 Paulo,
3166 3116 3281 3184 ipse
3314 3123 3365 3167 te
3406 3113 3564 3167 docet
3596 3111 3680 3163 di-

2099 3226 2228 3267 cens
2253 3213 2268 3242 ¹
2304 3231 2315 3266 :
2350 3230 2369 3263 ι
2410 3212 2523 3266 Non
2553 3211 2697 3266 enim
2737 3209 2891 3264 nobis
2923 3224 3100 3279 pugna
3150 3217 3231 3261 est
3271 3206 3529 3261 adversus
3560 3220 3681 3257 car-

2098 3319 2219 3358 nem
2249 3314 2303 3358 et
2341 3304 2683 3373 sanguinem,
2716 3301 2810 3356 sed
2840 3301 3099 3354 adversus
3130 3297 3465 3367 principatus
3504 3306 3557 3350 ct
3587 3296 3681 3349 ad-

2096 3412 2284 3451 versus
2326 3404 2643 3465 potestates,
2694 3396 2955 3447 adversus
3004 3390 3159 3459 inuitis
3208 3389 3388 3443 mundi
3438 3397 3680 3473 rectores

2099 3488 2445 3542 tenebrarum
2483 3487 2698 3548 harum,
2729 3486 2987 3539 adversus
3029 3482 3293 3552 spiritalia
3339 3480 3592 3551 nequitia:
3626 3481 3679 3534 in

2096 3578 2426 3638 celeStibus.
2460 3598 2479 3630 ι
2501 3578 2711 3633 Forma:
2734 3587 2855 3632 sunt
2879 3585 2934 3630 et
2962 3576 3144 3644 figura:
3165 3590 3285 3645 qua:
3306 3574 3506 3643 scripta
3532 3583 3677 3627 sunt.

2096 3674 2171 3729 lta
2209 3673 2354 3727 enim
2391 3670 2526 3726 dicit
2554 3669 2845 3739 Apostolus
2871 3669 2891 3699 ‘
2925 3681 2941 3721 :
2974 3687 2991 3718 ι
3029 3666 3153 3722 Ηωε
3198 3667 3340 3721 enim
3399 3666 3581 3719 omnia
3625 3664 3677 3716 in

2096 3768 2269 3837 figura
2317 3764 2704 3834 contingebant
2758 3761 2898 3815 illis:
2928 3761 3130 3830 scripta
3170 3770 3295 3813 sunt
3334 3768 3512 3812 autem
3552 3772 3678 3824 pro-

2091 3870 2213 3929 pter
2256 3874 2355 3913 nos
2408 3859 2540 3925 (53),
2598 3857 2648 3909 in
2694 3870 2831 3926 quos
2888 3855 3022 3909 fines
3066 3853 3383 3909 saeculorum
3450 3854 3679 3907 devene-

2096 3963 2241 4005 runt.
2292 3970 2307 4001 ι
2343 3950 2398 4002 Si
2428 3963 2556 4018 ergo
2586 3956 2807 4015 propter
2843 3962 2939 3999 nos
2984 3947 3186 4013 scripta
3233 3954 3381 4007 sunt,
3410 3959 3508 4014 age
3547 3943 3676 4010 quid

2094 4044 2314 4099 cessas?
2356 4042 2624 4095 Exeamus
2651 4038 2717 4092 ad
2756 4038 2978 4099 bellum,
3010 4048 3066 4089 ιιι
3093 4045 3429 4105 expugnetur
3457 4050 3487 4088 a
3521 4036 3675 4088 nobis

2091 4134 2285 4191 civitas
2317 4134 2476 4201 hujus
2508 4131 2693 4185 mutuli
2721 4128 2937 4184 malitia:
2968 4128 3103 4200 (54),
3132 4137 3188 4181 ιιι
3220 4128 3424 4196 peccati
3448 4126 3678 4196 superba

2093 4226 2291 4281 tumnia
2332 4226 2698 4279 destruantur.
2733 4220 3119 4288 Circumspicis
3150 4220 3287 4275 forte
3316 4234 3425 4288 quo
3456 4219 3550 4273 tibi
3586 4220 3677 4271 iti-

2094 4333 2222 4373 nere
2255 4314 2707 4386 progrediendum
2741 4315 2832 4375 sit,
2858 4314 2948 4382 qui
2984 4328 3206 4381 campus
3235 4311 3549 4366 certaminis
3581 4326 3677 4364 ex-

2092 4410 2374 4480 petendus.
2408 4407 2616 4462 Novum
2653 4406 2747 4460 tibi
2772 4406 3007 4459 fortasse
3029 4404 3300 4458 videbitur
3328 4403 3472 4471 quod
3504 4403 3679 4456 dictu—

409 4496 611 4565 aliquid
647 4508 704 4551 et
751 4502 1103 4568 pronuntiare
1149 4517 1254 4555 non
1306 4502 1500 4555 audeo.
1531 4501 1774 4566 Apostoli
1816 4504 1987 4571 magis
2020 4514 2062 4568 ι)
2093 4518 2184 4558 rus
2210 4518 2350 4568 sum,
2380 4501 2475 4557 sed
2511 4510 2690 4554 tamen
2726 4514 2913 4554 verum
2958 4507 3062 4563 est,
3101 4508 3299 4565 prmter
3333 4495 3674 4563 temetipsum

408 4586 603 4643 litteris
631 4589 925 4645 doceamur
970 4591 1023 4644 in
1066 4591 1281 4646 talibus.
1323 4592 1423 4659 Qui
1469 4601 1595 4645 sunt
1628 4593 1718 4646 isti
1757 4593 1987 4649 accincti

408 4680 572 4737 Paulo
600 4694 907 4753 exponente
936 4685 1229 4739 discamus.
1262 4685 1403 4738 Audi
1438 4685 1552 4753 ipse
1577 4684 1708 4755 quid
1737 4685 1869 4740 dicit
1895 4685 1941 4717 ⁸⁸
1967 4702 1982 4741 :

412 4794 430 4827 ι
471 4777 656 4835 Eslote
684 4794 815 4849 ergo
845 4779 1074 4834 accincti
1105 4777 1320 4833 lumbos
1349 4786 1556 4833 vestros
1586 4778 1638 4831 in
1674 4778 1922 4834 veritate.
1960 4797 1980 4830 ι

475 4895 649 4954 "Jos.
674 4914 748 4966 ιν,
771 4901 859 4965 10,
889 4899 973 4954 11.
1052 4900 1097 4931 ³⁸
1122 4897 1305 4952 Matth.
1329 4911 1381 4961 ν,
1409 4895 1465 4949 5.

407 4966 425 4997 ¹
456 4967 653 5036 Ephes.
702 4985 775 5035 vt,
831 4970 918 5025 12.
1011 4972 1031 5003 ¹
1061 4968 1081 5023 1
1116 4971 1240 5024 Cor.
1274 4984 1327 5030 χ,
1362 4966 1450 5022 11.

479 5058 589 5129 (46)
617 5060 1012 5119 Gemelicensis
1032 5072 1088 5117 et
1108 5078 1246 5117 unus
1270 5059 1635 5124 Ebroicensis,
1655 5077 1674 5112 ι
1702 5059 1951 5116 transire.
1966 5080 1984 5112 ι

410 5127 561 5183 Libb.
601 5134 753 5199 editi,
794 5153 811 5185 ι
845 5144 900 5189 et
925 5135 1159 5189 transiit.
1199 5151 1219 5185 ι

479 5200 591 5271 (47)
632 5201 730 5258 Res
764 5206 995 5275 gerenda
1026 5213 1121 5258 est.
1159 5201 1311 5275 Unus
1340 5201 1758 5275 Ebroicensis,_r
1791 5215 1986 5269 geren-

405 5269 531 5323 dum
555 5269 636 5327 est
654 5290 700 5341 ;ι
726 5269 861 5330 ιιιῖει·
876 5274 1215 5330 Ebroicensis
1236 5288 1356 5327 cum
1375 5271 1756 5336 Gemeticensi,
1780 5282 1990 5325 «trans-

406 5341 639 5395 eundum
667 5356 767 5401 est.
802 5364 821 5398 ι

448 5410 591 5491 ,(48)
631 5413 814 5472 Codex
846 5414 1236 5491 Cernetieensis
1271 5432 1286 5469 :
1322 5433 1340 5468 ι
1382 5413 1640 5491 Transire
1688 5425 1819 5491 ergo
1863 5424 1986 5491 oms

407 5482 496 5555 nia
531 5498 649 5555 quae
698 5487 1025 5541 mandantur
1066 5485 1401 5540 festinemus.
1450 5486 1587 5555 Ergo
1626 5482 1858 5538 transire
1904 5489 1985 5535 est

405 5550 702 5626 adimplere
728 5557 904 5626 primo
929 5556 1069 5625 quod
1099 5558 1359 5626 scriptum
1392 5565 1495 5612 est.
1526 5550 1553 5605 ἶ

474 5618 591 5693 (49)
619 5618 797 5681 Codex
852 5618 1159 5695 Sangerm.,
1203 5618 1226 5678 ἱ
1271 5637 1499 5695 tempus.
1556 5645 1573 5677 ι
1624 5622 1777 5677 Libb.
1830 5620 1982 5685 editi,

477 5694 707 5747 nondus.
748 5715 768 5747 ι

410 5707 430 5742 ι
475 5707 707 5756 pondus.
748 5715 768 5747 ι

475 5710 807 5837 ῗὲὄῖιὲῗίόέι
858 5763 1243 5821 Gemeticensis
1296 5781 1415 5821 cum
1465 5783 1569 5822 uno
1621 5762 1980 5825 Ebroicensi,

1542 4896 1589 4929 "
1609 4895 1752 4954 Psal.
1780 4897 2046 4967 Lxxm,2.

2099 4595 2444 4649 extrinsecus
2468 4593 2601 4646 nihil
2627 4591 2892 4661 requiras.
2915 4590 3057 4643 Intra
3086 4599 3138 4644 te
3158 4600 3242 4643 est
3264 4588 3505 4656 pradium
3533 4588 3675 4656 quod

2092 4697 2346 4759 gesturus
2400 4701 2501 4741 es:
2536 4684 2860 4739 intrinsecus
2907 4691 2989 4737 est
3035 4681 3175 4735 mala
3209 4680 3512 4743 ardificatio,
3557 4693 3678 4746 qua:

2093 4781 2399 4836 subruenda
2432 4788 2518 4835 est
2543 4794 2556 4832 :
2592 4778 2765 4833 hostis
2793 4788 2916 4832 tuus
2959 4776 3023 4832 de
3050 4785 3143 4831 tuo
3169 4773 3334 4845 408
3360 4776 3522 4828 corde
3549 4786 3677 4840 pro-

2123 4899 2166 4931 "
2194 4896 2308 4953 los.
2331 4911 2405 4963 tv,
2437 4896 2519 4950 15.
2579 4896 2626 4927 ⁸⁸
2658 4893 2856 4963 Ephes.
2887 4906 2961 4955 vt,
2994 4890 3080 4945 14.
3157 4891 3200 4921 ⁹⁹
3229 4888 3370 4943 Psal.
3396 4904 3568 4951 xxvii,
3616 4887 3673 4941 5.

2100 5079 2120 5113 ι
2158 5058 2701 5129 conquisierimns._i
2757 5055 2915 5129 Libb.
2964 5052 3114 5114 editi,
3148 5071 3187 5129 ι⁸
3215 5053 3606 5119 conquirimus.
3651 5069 3672 5101 ρ

2164 5122 2295 5201 (51)
2325 5128 2478 5184 Libb.
2523 5127 2685 5201 editi,
2720 5144 2739 5177 ι
2776 5127 3016 5201 virorum
3074 5122 3444 5177 accinctorum
3487 5134 3673 5190 procc-

2093 5196 2359 5257 dentium.
2395 5218 2412 5249 ι
2444 5198 2535 5253 sed
2571 5212 2699 5250 mss.
2735 5208 2794 5249 ut
2826 5196 2877 5249 in
2901 5204 3088 5248 HOSII‘O
3117 5202 3289 5247 textu.

2162 5270 2273 5341 (5‘2)
2312 5268 2633 5341 Procedunt.
2670 5268 2827 5341 Deest
2878 5269 2929 5341 in
2986 5264 3136 5341 libris
3182 5261 3551 5341 autcaneditis,
3581 5260 3671 5340 sed

2091 5332 2360 5409 reperitur
2398 5341 2449 5393 in
2485 5339 2669 5392 codice
2712 5334 3073 5409 Gemeticeusi
3102 5342 3158 5409 et
3187 5346 3296 5409 uno
3328 5332 3671 5409 Ebroicensi.

2163 5401 2274 5481 (ὃὸ)
2305 5411 2525 5477 Propter
2552 5426 2666 5461 nos.
2702 5407 2882 5462 Codex
2910 5401 3320 5466 Gemeticensis,
3346 5420 3366 5453 ι
3397 5404 3460 5455 ad
3489 5414 3667 5455 corre-

2092 5483 2333 5550 ptioncm
2368 5487 2629 5550 nostram.
2674 5497 2691 5529 ι

2165 5551 2276 5620 (54)
2308 5550 2461 5604 Libb.
2494 5548 2621 5603 editi
2654 5566 2670 5620 :7
2698 5565 2715 5598 ι
2753 5544 3200 5620 υι-ρῃριιεᾳειυι·
3236 5557 3270 5620 a
3295 5540 3451 5595 nobis
3477 5540 3672 5594 civitas

2092 5612 2263 5691 pri‘ttta
2297 5620 2456 5688 hujus
2496 5619 2673 5671 mutuli
2724 5612 2945 5671 malitia.
2982 5612 3207 5671 {Codex
3239 5612 3663 5681 Saugci‘maneuo

2093 5694 2170 5748 sis
2205 5701 2263 5746 ut
2292 5692 2345 5745 in
2373 5703 2557 5746 nostro
2595 5697 2763 5743 textu.
