4104 6226
480 282 586 336 849

1486 279 1554 334 ΙΝ
1605 280 1866 336 LIBRUM
1899 278 2065 335 IESU
2095 277 2280 336 NAVE
2306 281 2589 337 ilOMlLIA
2623 282 2683 339 V.

3639 286 3743 351 850

479 396 642 449 cedit.
670 394 784 449 Non
833 410 947 451 mea
978 413 1076 453 vox
1108 398 1226 464 ista,
1262 400 1355 455 sed
1386 401 1588 457 Chrisﬁ
1615 415 1717 461 cst.
1752 406 1888 461 Audi
1922 406 2065 460 enim
2096 408 2139 459 Λ
2168 404 2293 472 quia
2342 406 2432 463 ille
2468 408 2556 478 qui
2613 409 2664 461 in
2711 406 2826 477 lege
2870 408 3115 466 eruditus
3161 421 3266 479 est,
3292 422 3345 469 et
3396 429 3491 483 per
3528 414 3744 486 Moysen

482 488 654 554 ipsum
684 488 952 543 dicentem
987 491 1007 523 ³
1035 505 1054 544 :
1084 510 1102 543 ι
1130 491 1203 544 Dc.
1230 494 1391 547 corde
1417 495 1563 549 enim
1587 500 1885 567 procedunt
1921 503 2070 571 cogi-
2169 497 2391 553 edoctus
2440 500 2635 567 abjeeit
2686 500 3007 555 idololatria:
3051 516 3284 567 errores,
3335 504 3743 561 simulacrorum

482 580 717 635 taliones
750 582 921 647 mala},
951 583 1237 639 homicidia
1262 627 1278 650 ,
1333 588 1620 653 adulteria,
1656 592 2063 663 fornicationes,

482 670 648 738 l'nrta,
682 670 815 726 falsa
865 674 1198 741 testimonia,
1228 677 1599 748 blasphemiae.
1640 702 1658 734 ι
1694 683 1858 741 Vides
1891 704 2064 755 quan—

480 770 568 813 tus
592 769 646 813 et
676 761 850 830 qualis
878 766 1151 819 exercitus
1178 768 1415 823 hostium
1449 780 1663 828 tuorum
1690 776 1977 834 adversum
2013 789 2065 836 te

481 853 546 906 de
572 862 663 907 luo
687 858 853 912 corde
883 860 1169 927 procedit?
1196 861 1285 916 lsti
1319 864 1475 919 nobis
1507 868 1679 935 prima
1726 878 1905 939 strage
1936 871 2063 928 fun-

482 942 639 997 dendi
669 958 816 1013 sunt,
853 948 942 1004 isti
987 950 1157 1020 prima
1192 954 1307 1007 acie
1350 960 1751 1022 prosternendi.
1784 960 1987 1018 ﬂorum
2016 964 2061 1018 si

479 1036 743 1093 subruere
773 1045 969 1097 moenia
1025 1046 1275 1119 ipsosque
1297 1054 1369 1107 ad
1399 1054 1824 1111 internecionem
1853 1060 2062 1116 caedere

478 1130 797 1196 poterimus,
829 1136 898 1188 ita
929 1147 984 1192 ut
1008 1155 1112 1193 nou
1148 1143 1517 1214 relinquamus
1545 1163 1610 1203 ex
1636 1150 1717 1205 eis
1743 1150 1834 1219 qui
1864 1166 2061 1207 renun-

480 1221 576 1274 tiet
605 1224 684 1277 vel
714 1227 960 1293 respiret,
994 1230 1054 1284 si'
1072 1229 1182 1299 jam
1230 1235 1407 1291 nullus
1430 1252 1497 1292 ex
1526 1238 1591 1293 iis
1617 1254 1843 1307 prorsus
1884 1241 1937 1295 in
1967 1257 2063 1296 no-

478 1313 606 1366 stris
633 1316 1050 1384 cogitationibus
1096 1325 1369 1382 redivivus
1419 1332 1686 1398 eruperit,
1727 1342 1855 1385 tune
1905 1335 2060 1390 nobis

480 1417 575 1470 per
600 1404 783 1460 Iesum
826 1410 1049 1467 dabitur
1087 1415 1177 1470 illa
1204 1420 1439 1487 requies,
1475 1432 1533 1475 ut
1572 1425 1943 1495 unusquisque
1976 1444 2060 1482 re-

473 1496 719 1563 quiescat
758 1504 858 1556 sub
908 1505 1062 1561 vinea
1104 1523 1198 1563 sua
1238 1521 1292 1564 et
1340 1512 1441 1566 sub
1488 1516 1594 1569 ﬁcu
1637 1532 1754 1583 sua,
1781 1533 1903 1574 cum
1945 1520 2056 1591 jam

476 1603 580 1642 non
628 1592 699 1645 sit
742 1594 832 1661 qui
874 1607 1151 1654 exterreat
1190 1601 1330 1657 ﬁlios
1358 1605 1548 1661 Israel.

544 1681 599 1735 5.
630 1683 1015 1744 Verumtamen
1050 1700 1338 1751 transeunt
1368 1694 1660 1756 Iordanem
1695 1707 2052 1779 quadraginta
2087 1744 2131 1799 Β

554 1772 639 1799 Ili-
684 1775 920 1799 -.ε..-..-----
981 1796 1035 1799 --γ
1136 1792 1148 1799 .
1460 1791 1471 1799 .
1575 1793 1586 1799 -
1644 1794 1657 1799 -

474 1772 639 1825 millia
684 1775 925 1831 virorum
976 1792 1311 1841 armatorum
1356 1791 1587 1847 accincti
1644 1772 1726 1848 inv
1759 1810 2052 1868 conspectu

474 1863 687 1918 Domini
734 1870 801 1921 ad
850 1870 1069 1941 bclhnn,
1110 1886 1163 1930 et
1207 1888 1338 1935 tunc
1383 1884 1513 1939 dicit
1556 1885 1837 1957 Scriptura
1862 1863 2052 1964 ‘,quia

479 1972 500 2006 ε
537 1956 590 2010 in
622 1958 706 2013 die
730 1959 816 2015 illa
856 1966 1114 2022 exaltavit
1148 1969 1408 2029 Dominus
1449 1974 1633 2033 Iesum
1673 1956 1725 2035 in
1759 1956 2052 2054 conspectu

479 2050 643 2105 totius
667 2056 879 2121 generis
906 2057 1141 2115 ﬁliorum
1182 2061 1387 2120 Israel?
1418 2086 1436 2118 ι
1466 2069 1649 2125 Fuerit
1696 2050 1911 2143 quidem
1948 2080 2051 2135 ista

472 2142 585 2213 (55)
617 2145 874 2202 exaltatio
914 2150 1026 2206 ﬁlio
1056 2153 1218 2221 Nave,
1260 2167 1320 2213 ut
1360 2159 1463 2214 dux
1500 2164 1679 2232 populi
1732 2166 1871 2225 illius
1912 2174 2052 2241 apud

471 2253 567 2294 eos
617 2257 751 2309 quos
805 2248 1046 2314 regebat,
1100 2254 1424 2322 magniﬁcus
1474 2257 1819 2316 haberetur:
1867 2275 2054 2322 noster

473 2347 602 2386 vero
624 2332 782 2390 Iesus
810 2337 1069 2396 Dominus
1099 2358 1272 2411 meus,
1307 2347 1415 2401 dux
1445 2357 1498 2404 et
1524 2358 1706 2406 rector
1734 2355 1915 2424 populi
1952 2357 2052 2411 hu-

467 2423 573 2489 jus.
608 2429 877 2495 quomodo
899 2433 1170 2489 exaltatur
1196 2437 1249 2490 in
1293 2450 1585 2508 conspectu
1616 2445 1793 2500 omnis
1834 2449 2051 2517 generis

474 2517 703 2572 ﬁliorum
748 2521 933 2585 lsrael,
968 2526 1267 2583 videamus.
1313 2530 1424 2601 Ego
1472 2532 1712 2588 arbitror
1758 2538 1883 2606 quia
1936 2540 2051 2609 ipse

469 2622 681 2676 semper
706 2614 847 2680 apud
881 2613 1096 2671 Patrem
1124 2619 1393 2677 exaltatus
1422 2630 1507 2677 est
1545 2631 1598 2676 et
1638 2629 1908 2685 excelsus.
1940 2631 2049 2687 Sed

468 2701 570 2755 hoc
604 2716 739 2769 Opus
766 2715 866 2769 est,
894 2717 953 2761 ut
1000 2708 1054 2762 in
1096 2724 1385 2783 conspectu
1427 2728 1614 2776 nostro
1657 2723 1859 2778 exaltet
1896 2723 2046 2780 illum

469 2790 631 2845 Deus.
660 2793 1139 2855 Exaltaturantem
1180 2802 1231 2856 in
1263 2817 1554 2875 conspectu
1585 2825 1727 2879 meo,
1763 2828 1884 2867 eum
1912 2814 2046 2870 mihi

467 2884 771 2941 sublimitas
829 2897 884 2943 et
941 2890 1208 2948 celsitudo
1263 2895 1560 2955 divinitatis
1617 2900 1734 2969 ejus
1784 2905 2044 2973 aperitur.

468 2974 694 3039 Quando
725 2992 852 3046 ergo
893 2980 1023 3035 mihi
1056 2983 1270 3040 excelsa
1307 2986 1422 3055 ejus
1459 2989 1571 3061 (56)
1599 2992 1852 3051 divinitas
1896 3012 2047 3053 reve-

2167 588 2606 656 superstitionem
2634 594 2947 661 cultumque
2972 592 3238 662 deposuit.
3263 593 3386 649 llree
3409 605 3491 650 est
3514 597 3745 651 circnm-

2166 679 2300 734 cisio
2331 681 2502 749 prima
2538 697 2633 752 per
2676 682 2869 753 legem.
2914 683 2971 738 Si
3002 700 3129 741 vero
3174 686 3218 740 is
3261 688 3443 741 veniat
3483 704 3512 741 a
3546 690 3659 760 iege
3693 702 3748 746 et

2166 772 2441 839 prophetis
2474 774 2541 828 ad
2568 776 2933 845 evangelicam
2964 778 3146 844 ﬁdem,
3179 789 3305 835 tunc
3355 782 3551 851 accipit
3581 784 3743 837 etiam

2165 864 2459 919 secundam
2522 866 2995 924 circumcisionem
3052 886 3149 939 per
3203 881 3412 942 petram
3445 914 3459 936 ,
3513 876 3603 944 qui
3661 886 3746 933 est

2164 955 2433 1024 Christus,
2465 967 2518 1012 et
2552 960 2853 1029 completur
2886 962 2989 1017 hoc
3013 965 3159 1031 quod
3202 966 3339 1019 dixit
3383 966 3642 1024 Dominus
3676 969 3745 1023 ad

2162 1044 2345 1102 Iesum
2368 1049 2389 1079 ⁷
2421 1066 2434 1103 :
2466 1067 2485 1101 ι
2517 1049 2688 1105 Hodie
2714 1052 2912 1107 abstuli
2942 1054 3292 1124 opprobrium
3326 1058 3541 1130 [Egypti
3565 1078 3593 1116 a
3623 1062 3753 1118 ﬁliis

2166 1133 2348 1188 Israel.
2388 1154 2407 1187 ι
2440 1136 2593 1192 Sicut
2629 1152 2808 1195 autem
2847 1142 2982 1196 dixit
3009 1144 3385 1213 Apostolus“:
3427 1170 3445 1200 ‹
3480 1150 3745 1207 Bibebant

2161 1234 2343 1279 autem
2372 1228 2436 1283 de
2476 1229 2709 1298 spiritali
2761 1235 3006 1302 sequenti
3059 1249 3152 1291 eos
3195 1248 3371 1305 petra,
3420 1250 3569 1310 petra
3615 1259 3742 1298 vero

2161 1329 2281 1373 erat
2308 1319 2595 1376 Christus:
2632 1343 2651 1376 ι
2684 1324 2755 1378 ita
2793 1326 2955 1380 etiam
2990 1343 3089 1383 nos
3134 1331 3185 1383 in
3237 1330 3338 1386 hoc
3370 1331 3488 1388 loco
3525 1349 3740 1405 compc-

2163 1418 2339 1465 tenter
2365 1426 2652 1480 possumus
2690 1415 2872 1471 dicere
2900 1440 2912 1473 :
2943 1417 3261 1477 Circumcisi
3298 1433 3422 1478 sunt
3458 1433 3637 1480 autem
3675 1428 3743 1483 de

2159 1503 2389 1570 spiritali
2435 1506 2682 1574 sequenti
2728 1517 2905 1578 petra,
2955 1518 3105 1577 petra
3136 1526 3266 1568 vero
3314 1524 3435 1568 erat
3468 1513 3737 1574 Christus.

2157 1593 2271 1650 Nisi
2304 1596 2445 1651 enim
2475 1597 2597 1668 quis
2629 1598 2793 1654 fuerit
2819 1616 2916 1671 per
2956 1602 3304 1675 Evangelinm
3353 1607 3583 1661 secunda
3634 1609 3742 1663 eir-

2158 1689 2490 1745 cumcisione
2515 1702 2795 1762 purgatus,
2828 1709 2933 1750 non
2970 1705 3145 1765 potest
3186 1698 3538 1768 opprobrium
3565 1699 3739 1771 )Egy-

2158 1779 2256 1850 pti,
2302 1781 2355 1837 id
2392 1791 2495 1849 est,
2532 1782 2814 1840 illecebras
2855 1788 3219 1858 corporalium
3264 1790 3534 1859 deponere
3582 1793 3739 1847 vitio-

2159 1886 2304 1926 flii“.

2227 1966 2280 2021 6.
2310 1967 2598 2024 Videamus
2623 1978 2799 2026 tamen
2825 1972 2979 2040 quale
3007 1974 3080 2028 sit
3110 1974 3210 2029 hoc
3236 1974 3414 2045 ipsum
3433 1977 3585 2046 quod
3604 1976 3737 2032 dici-

2155 2067 2262 2123 tur,
2288 2060 2413 2128 quia
2446 2078 2465 2112 t
2496 2061 2657 2117 hodie
2686 2061 2885 2119 abstuli
2912 2065 3260 2135 opprobrium
3290 2083 3319 2121 a
3349 2069 3472 2125 ﬁliis
3498 2069 3681 2124 Israel.
3710 2088 3732 2123 ι

2155 2152 2356 2210 Omnes
2406 2156 2653 2211 homines
2709 2157 2925 2213 etiamsi
2955 2174 3021 2214 ex
3071 2159 3188 2232 lege
3234 2162 3477 2228 veniant,
3524 2163 3735 2217 etiamsi

2154 2263 2250 2317 per
2276 2248 2493 2319 Moysen
2542 2250 2738 2305 eruditi
2769 2251 2897 2317 sint,
2932 2253 3135 2308 habent
3169 2263 3345 2310 tamen
3383 2256 3733 2327 opprobrium

2153 2338 2366 2409 Egypti
2400 2340 2450 2393 in
2479 2343 2783 2411 semetipsis
2808 2342 2944 2415 (60),
2978 2347 3325 2415 opprobrium
3363 2356 3733 2416 peccatorum.

2151 2430 2283 2497 Quis
2313 2432 2418 2486 erit
2443 2433 2635 2488 similis
2663 2433 2830 2491 Paulo
2861 2436 3023 2492 etiam
3067 2438 3359 2493 secundum
3383 2439 3517 2508 legis
3544 2441 3733 2496 obser-

2154 2524 2424 2578 vantiatn?
2444 2525 2579 2579 Audi
2609 2526 2845 2597 denique
2879 2528 3052 2599 ipsum
3082 2531 3349 2586 dicentem
3375 2532 3397 2563 ⁹
3426 2550 3440 2587 :
3473 2551 3491 2584 ι
3529 2532 3735 2589 Secun-

2151 2616 2275 2669 dum
2316 2616 2583 2685 justitiam
2633 2634 2753 2687 qua:
2796 2620 2849 2673 in
2899 2620 3018 2691 lege
3066 2631 3169 2687 est,
3220 2634 3572 2680 conversatus
3614 2627 3733 2683 sine

2149 2707 2390 2773 querela.
2428 2726 2447 2759 ι
2487 2706 2604 2777 lpse
2658 2719 2842 2764 tamen
2880 2710 2992 2783 (6i)
3028 2714 3341 2782 pronuntiat
3374 2724 3428 2771 et
3464 2716 3593 2771 dicit
3632 2717 3678 2749 η
3713 2736 3727 2772 :

2154 2814 2173 2849 ι
2212 2796 2435 2854 Fuimus
2461 2800 2604 2854 enim
2633 2810 2688 2855 et
2720 2817 2818 2857 nos
2852 2802 3143 2872 aliquando
3184 2806 3519 2876 insipientes,
3548 2809 3727 2864 incre-

2149 2888 2283 2954 duli,
2312 2899 2578 2957 errantes,
2614 2893 2914 2949 servientes
2943 2893 3055 2967 (62)
3088 2896 3374 2953 desideriis
3398 2908 3451 2953 et
3484 2899 3731 2972 volupta-

2150 2981 2294 3038 tibus
2327 2984 2513 3049 variis,
2542 2984 2596 3037 in
2629 2984 2835 3039 malitia
2870 2993 2925 3040 et
2960 2986 3184 3055 invidia,
3232 2988 3458 3045 odibilcs
3480 3031 3495 3057 ,
3545 2993 3728 3049 odien~

468 3061 573 3116 lata
612 3066 730 3119 est?
772 3076 897 3121 tunc
933 3070 1183 3138 profecto
1233 3089 1356 3129 eum
1405 3075 1696 3135 Iordanem
1736 3085 2043 3150 transirem,

2153 3084 2232 3132 tes
2288 3076 2542 3131 invicem.
2593 3096 2614 3131 ι
2662 3076 2777 3133 Non
2822 3078 2917 3132 tibi
2972 3079 3225 3134 videntur
3271 3081 3386 3136 hare
3438 3084 3733 3154 opprobria

466 3162 521 3206 ει
547 3157 711 3211 variis
738 3170 1205 3217 sacramentorum
1261 3167 1614 3227 munimentis
1641 3173 1821 3229 futura
1867 3191 2047 3230 arma-

470 3258 560 3297 rer
590 3246 656 3297 ad
691 3248 893 3313 prtelia.

538 3340 591 3393 ι.
630 3360 647 3393 ‹
685 3342 750 3395 Ει
785 3343 1100 3415 timuerunt,
1150 3349 1324 3419 inquit
1350 3353 1391 3415 ⁸,
1418 3352 1625 3422 Iesum,
1661 3358 1803 3413 sicut
1854 3359 2049 3416 timue-

470 3440 591 3485 rant
624 3431 861 3504 Moysen.
904 3454 922 3487 ι
956 3436 1147 3494 Omnis
1179 3443 1268 3509 qui
1301 3444 1400 3498 sub
1436 3444 1550 3514 lege
1574 3456 1677 3512 est,
1709 3449 1863 3504 timet
1900 3450 2044 3521 Moy-

468 3533 562 3573 sen
596 3536 612 3576 :
641 3537 761 3575 cum
805 3538 935 3577 vero
982 3525 1048 3579 ad
1092 3526 1438 3599 Evangelium
1479 3549 1545 3587 ex
1585 3535 1702 3606 lege
1745 3540 2041 3607 transierit,

470 3619 671 3663 mutata
705 3611 1047 3667 observantia
1085 3626 1326 3673 mutatur
1352 3628 1407 3675 et
1430 3624 1609 3692 timor,
1638 3627 1782 3683 sicut
1811 3630 2045 3699 Aposto-

468 3699 551 3754 lus
577 3700 794 3757 dicit“:
829 3722 847 3754 ι
877 3703 987 3774 Ego
1033 3718 1213 3762 autem
1257 3723 1354 3778 per
1411 3711 1603 3782 legem,
1647 3716 1748 3788 legi
1802 3732 2045 3778 mortuus

465 3808 608 3859 sum,
666 3804 723 3847 ut
775 3795 885 3850 Deo
934 3798 1132 3864 vivam,
1188 3815 1308 3855 cum
1358 3803 1573 3880 Christo
1632 3810 1880 3867 conﬁxus
1924 3828 2043 3869 sum

464 3886 613 3940 cruci
650 3886 786 3957 (57).
825 3888 959 3945 Vivo
988 3900 1167 3946 autem
1192 3892 1303 3957 jam
1334 3910 1440 3951 non
1485 3911 1604 3967 ego,
1647 3897 1777 3956 vivit
1812 3917 1942 3959 vero
1990 3905 2043 3960 in

465 3991 551 4031 nte
579 3976 848 4032 Christus.
881 3998 901 4032 ι

530 4069 584 4123 5.
621 4068 751 4125 Post
785 4071 899 4126 haec
933 4071 1156 4141 jubetur
1185 4075 1328 4131 ﬁlius
1360 4076 1506 4133 Nave
1536 4080 1716 4137 facere
1746 4086 1946 4142 cultros
1975 4105 2041 4144 ex

464 4170 639 4229 petra,
669 4171 722 4216 et
747 4163 944 4218 sedens
976 4166 1369 4225 circumcidere
1409 4170 1548 4226 ﬁlios
1584 4172 1749 4229 Israel
1779 4182 2039 4236 secundo.

463 4253 667 4310 Vellem
713 4271 811 4325 ego
844 4257 957 4326 (58)
1004 4258 1054 4312 in
1112 4261 1215 4315 hoc
1264 4262 1380 4317 loco
1434 4270 1745 4334 percontari
1792 4271 2038 4343 Iudaeos,

460 4348 731 4414 quomodo
754 4358 928 4415 potest
945 4351 1066 4420 quis
1085 4355 1315 4408 secundo
1337 4355 1446 4427 (59)
1471 4358 1780 4415 circumcidi
1808 4364 2039 4421 circum-

2149 3181 2290 3231 esse,
2316 3176 2372 3223 et
2408 3167 2698 3235 opprobria
2732 3166 2998 3239 IEgypti?
3028 3169 3133 3224 Sed
3165 3185 3229 3224 ex
3264 3187 3371 3240 quo
3398 3174 3546 3227 venit
3570 3175 3733 3230 Chri-

2148 3268 2286 3323 stus,
2326 3266 2381 3312 et
2407 3259 2555 3313 dedit
2604 3258 2756 3314 nobis
2802 3261 3092 3314 secundam
3138 3260 3605 3319 circumcisionetn
3635 3281 3731 3335 per

2148 3349 2475 3419 baptismum
2522 3350 2973 3419 regenerationis,
3007 3358 3063 3406 et
3095 3353 3341 3421 purgavit
3385 3354 3596 3410 animas
3633 3373 3729 3413 no‘

2148 3449 2314 3506 stras,
2346 3440 2649 3508 abiecimus
2693 3442 2809 3497 haec
2849 3444 3065 3507 omnia,
3087 3451 3141 3496 et
3176 3457 3276 3511 pro
3318 3444 3385 3501 iis
3433 3451 3731 3519 assumpsi-

2149 3548 2268 3589 mus
2313 3535 2657 3589 conscientiae
2697 3535 2852 3590 bona:
2891 3534 3327 3606 astipulationem
3374 3538 3427 3592 in
3479 3540 3725 3597 Domino.

2149 3625 2301 3682 Tunc
2346 3643 2443 3697 per
2490 3627 2785 3682 secundam
2841 3627 3315 3683 circumeisionem
3365 3631 3543 3687 ablata
3601 3647 3729 3689 sunt

2148 3720 2304 3774 nobis
2331 3720 2619 3789 opprobria
2653 3718 2895 3791 Egypti,
2928 3729 2985 3775 et
3018 3730 3247 3791 purgata
3289 3732 3416 3778 sunt
3444 3726 3572 3780 vitia
3602 3742 3727 3797 pec-

2146 3820 2412 3866 catorum.
2446 3811 2615 3867 Nemo
2640 3827 2770 3883 ergo
2797 3814 2842 3868 si
2871 3814 3079 3882 integre
3108 3831 3406 3873 conversus
3432 3826 3536 3885 est,
3568 3819 3614 3873 si
3657 3836 3725 3875 ex

2145 3902 2311 3956 corde
2338 3901 2611 3970 paenituit,
2642 3902 2687 3957 si
2731 3902 2959 3959 ﬁdeliter
2997 3902 3251 3961 Iordanis
3285 3905 3482 3962 ﬂuenta
3518 3909 3727 3979 digres-

2144 4007 2237 4048 sus
2263 4001 2367 4058 est,
2408 3993 2453 4047 si
2506 3995 2746 4049 secunda
2796 4010 2892 4064 per
2918 3996 3264 4068 Evangelium
3311 4002 3723 4060 circmncisionc

2144 4095 2401 4155 purgatus
2422 4095 2526 4151 est,
2573 4088 2968 4157 prseteritorum
3018 4099 3222 4146 metuat
3259 4095 3553 4163 opprobria
3590 4099 3722 4154 deli-

2141 4186 2376 4231 ctorum.
2418 4178 2585 4233 Audis
2610 4179 2737 4249 quia
2769 4179 2931 4236 hodie
2970 4182 3193 4238 abstulit
3221 4186 3391 4257 (63),a
3434 4198 3494 4247 te
3521 4205 3721 4260 oppro-

2140 4267 2319 4322 brium
2348 4266 2594 4339 ngypti.
2638 4269 2751 4325 Hoc
2781 4279 2835 4326 et
2863 4272 2914 4325 in
2944 4272 3251 4343 Evangeliis
3295 4279 3568 4349 signiﬁcat
3616 4281 3722 4336 ου-

2141 4358 2322 4413 minus
2354 4374 2475 4414 cum
2529 4359 2662 4414 dicit
2688 4361 2777 4415 “:
2818 4379 2838 4413 ι
2880 4361 3124 4419 Remissa
3174 4377 3303 4421 sunt
3349 4369 3442 4424 tibi
3496 4383 3719 4440 peccata

459 4439 663 4493 cisione
700 4440 924 4493 carnali.
969 4441 1148 4496 Semel
1171 4445 1315 4499 enim
1345 4446 1697 4506 circumcisus
1726 4454 1850 4523 quis
1893 4457 2031 4512 ultra

2152 4457 2253 4515 tua,
2278 4451 2372 4505 sed
2409 4451 2521 4529 jam
2552 4452 2658 4507 noli
2693 4468 2940 4522 peccare,
2967 4472 3035 4511 ne
3077 4460 3206 4529 quid
3245 4434 3722 4520 deterius-tibiae-

462 4544 568 4583 non
622 4530 786 4585 habet
831 4534 973 4600 quod
1012 4536 1250 4589 secundo
1292 4539 1464 4605 possit
1519 4541 1746 4599 auferri.
1800 4547 1842 4601 A
1876 4550 2031 4606 nobis

459 4635 588 4674 vero
610 4621 803 4690 quibus
827 4623 1025 4678 dicitur
1043 4627 1167 4693 quia
1198 4627 1282 4682 lex
1313 4629 1573 4698 spiritalis
1601 4642 1703 4701 est,
1729 4637 1850 4693 vide
1871 4654 2030 4708 quam

459 4707 617 4778 digne
642 4719 695 4764 et
726 4712 1112 4769 convenienter
1139 4715 1240 4770 ista
1278 4716 1576 4777 solvantur.
1624 4723 1865 4783 Dicimus
1887 4707 2030 4785 enim

2139 4543 2300 4598 cidat.
2329 4562 2347 4595 ι
2374 4543 2431 4599 Si
2460 4544 2603 4598 enim
2630 4555 2753 4614 post
2786 4548 3160 4606 remissionem
3202 4565 3546 4623 peccatorum
3580 4558 3718 4612 ultra

2141 4650 2246 4689 non
2278 4648 2491 4704 pecces,
2515 4650 2645 4691 vere
2670 4638 2906 4693 ablatum
2929 4650 3012 4696 est
3044 4658 3074 4696 a
3103 4653 3156 4699 te
3183 4647 3530 4716 opprobrium
3555 4647 3720 4719 Egy-

2139 4727 2236 4798 pti.
2265 4727 2320 4783 Si
2346 4742 2477 4783 vero
2511 4728 2707 4784 iterum
2753 4734 3086 4802 peccaveris,
3113 4735 3308 4791 iterum
3351 4739 3404 4792 in
3442 4748 3496 4794 te
3532 4748 3715 4795 vetera

527 4845 753 4941 'llat'trh‘.
785 4864 870 4913 xv,
902 4850 988 4941 1'9.
1104 4852 1216 4941 Jos.
1243 4871 1318 4920 tv,
1349 4857 1431 4925 Η,
1461 4861 1530 4941 m5
1561 4859 1777 4941 Ios._rv,
1801 4865 1887 4920 M.
1955 4867 2198 4941 _°_Gal.u,
2235 4868 2321 4934 l9,
2354 4868 2446 4924 20.
2517 4869 2537 4899 ⁷
2561 4867 2676 4924 Ios.
2714 4884 2767 4938 v,
2811 4869 2865 4924 9.
2942 4871 2964 4903 ³
2991 4870 3009 4924 l
3038 4870 3162 4927 Cor.
3202 4874 3341 4941 x,.4.
3416 4873 3601 4930 ’Pltil.
3626 4890 3712 4932 ιιι.

453 4915 509 4970 ﬁ.
588 4917 633 4948 "
665 4918 769 4973 Tit.
801 4934 884 4981 tu,
917 4920 972 4976 5.
1047 4922 1085 4954 “
1130 4924 1261 4979 Luc.
1300 4915 1395 4993 vn,
1419 4915 1538 4994 '49,
1574 4915 1917 5002 etﬂIoa'uI-v,
1950 4915 2038 5006 Μ,

455 5112 472 5156 ι
524 5034 635 5157 (Βὲ)
670 5034 801 5156 liga.
840 5037 999 5095 Deest
1028 5040 1080 5096 in
1113 5042 1241 5100 libb.
1278 5056 1435 5103 antea
1467 5050 1646 5118 editis,
1671 5055 1766 5108 sed
1794 5056 2031 5113 restitui-

481 5120 543 5157 lll'
638 5123 704 5157 lll.
726 5152 729 5153 ν
754 5146 766 5157 .

481 5120 543 5157 ur
574 5120 603 5157 e
638 5121 766 5158 MSS.

452 5243 465 5256 θ
523 5172 635 5243 (56)
670 5173 824 5256 Ejus.
854 5178 1015 5256 Deest
1045 5184 1209 5237 etiam
1243 5187 1295 5240 in
1331 5187 1459 5241 libb.
1485 5190 1666 5254 editis,
1690 5195 1783 5248 sed
1805 5193 2034 5250 habetur

451 5244 527 5319 in”
552 5259 713 5319 _mss.__
734 5244 901 5319 Paulo
936 5262 1057 5315 post
1104 5268 1258 5318 tnss.,
1284 5276 1304 5309 ι
1325 5244 1969 5319 IordanemStratis—irent.
2006 5284 2025 5317 ι

448 5311 603 5366 Libh.
633 5315 783 5381 editi,
816 5336 833 5368 ι
862 5311 1152 5375 Iordanem
1192 5311 1519 5382 transierim.
1541 5311 1585 5380 *ί

854 5407 871 5439 ι
914 5393 1160 5447 conlixus
1215 5411 1333 5449 sum
1384 5398 1551 5452 cruci.
1598 5418 1616 5449 ι
1657 5398 1809 5456 Libb.
1869 5404 2024 5471 editi,

449 5469 472 5505 ι
511 5453 801 5507 cruciﬁxus
826 5473 965 5512 sum.
1018 5479 1035 5511 ι

518 5521 859 5617 (ὅφλξίκερςιξξ
895 5532 1283 5617 ego,_etc._Sic
1332 5537 1734 5617 habent__eodd.
1790 5546 2025 5617 Sanger-

448 5597 1210 5672 inﬂuensisnetCerneticcusis
1233 5619 1354 5659 cum
1380 5624 1487 5664 uno
1511 5597 2021 5672 Ebroicensilibb.

448 5659 578 5716 editi
608 5679 622 5717 :
651 5681 670 5715 ‹
707 5664 874 5725 Velim
912 5686 1043 5739 ergo
1089 5678 1142 5729 in
1194 5676 1295 5731 hoc
1338 5659 1480 5735 ιυὲό
1511 5659 2023 5749 Eé'éc‘dﬁiiii'f

2137 5060 2287 5115 datis.
2334 5079 2353 5112 ι

2208 5130 2320 5203 (59)
2349 5130 2527 5203 Codex
2573 5128 2983 5192 Gemelicensis,
3021 5148 3051 5183 ιη
3075 5130 3389 5188 circumcidi
3436 5134 3531 5203 qui
3571 5135 3710 5190 ultra

2136 5198 2244 5254 non
2286 5198 2468 5264 habet,
2504 5217 2525 5251 ι
2554 5208 2663 5253 etc.

2206 5268 2317 5343 (60)
2351 5268 2698 5343 opprobrium
2726 5267 2949 5343 £9ng
2986 5271 3041 5326 in
3082 5274 3389 5343 semeu'psis.
3436 5271 3561 5330 Hinc
3617 5275 3708 5330 dc-

2132 5348 2260 5391 snut
2288 5338 2339 5393 in
2373 5338 2526 5393 libris
2556 5348 2708 5395 antea
2744 5338 2924 5406 editis,
2970 5343 3065 5398 sed
3108 5338 3328 5399 exstant
3370 5346 3424 5399 in
3456 5345 3711 5402 omnibus

2133 5424 2262 5464 IIlSS.

2202 5478 2313 5547 (61)
2349 5477 2499 5539 Mss.
2539 5497 2557 5529 ‹
2592 5487 2792 5535 tamen.
2824 5499 2843 5533 ι
2878 5480 3030 5536 Libb.
3062 5482 3213 5548 editi,
3245 5500 3264 5533 ι
3298 5492 3500 5538 autem.
3541 5503 3563 5537 ι

2202 5548 2313 5622 (62)
2343 5548 2657 5622 servientes.
2695 5550 2853 5605 Deest
2888 5551 2940 5605 in
2983 5551 3136 5609 libris
3179 5562 3337 5609 antea
3378 5554 3560 5622 editis,
3608 5557 3702 5611 sed

2131 5618 2437 5705 habetur‘in
2467 5620 2717 5701 omnibus
2743 5638 2875 5676 mss.
3036 5692 3090 5705 Μ
3180 5694 3191 5705 θ
3330 5694 3341 5705 .
3471 5694 3483 5705 _
3541 5618 3555 5705 ξ’
3599 5693 3629 5705 η

2203 5688 2313 5753 (65)
2339 5689 2727 5747 Geutcticensis
2751 5707 2874 5749 cum
2903 5707 3010 5749 uno
3033 5692 3365 5762 Ebroicensi,
3394 5711 3414 5747 ι
3435 5693 3652 5750 abstuli.
3680 5712 3698 5745 ι
