4104 6226
434 235 531 291 εειι

1914 243 2244 300 ORIGEMS

3586 251 3688 307 832

391 409 393 412 η
439 347 784 406 revolvuntur
819 349 933 422 (64)
960 353 1253 422 opprobria
1292 357 1357 420 ",
1398 372 1466 410 eo
1492 355 1664 430 magis
1711 375 1817 428 quo
1847 359 2010 413 multo
2039 366 2085 420 Α
2113 375 2220 429 que
2256 365 2428 416 mater
2452 369 2530 415 est
2566 360 2858 432 Aigyptus,
2885 377 2952 418 ex
2999 378 3109 433 qua
3161 375 3368 426 eertum
3394 373 3477 420 est
3500 365 3688 434 hujus-

434 435 658 508 majoris
711 439 953 502 criminis
984 448 1067 498 est
1124 440 1319 498 Filium
1382 444 1475 500 Dei
1537 447 1899 511 conculcare,
1959 456 2014 502 et

435 531 750 600 sanguinem
785 533 1094 593 testamenti
1137 535 1398 606 pollntqu
1426 538 1540 608 (65)
1567 539 1802 603 ducere,
1846 556 2008 614 quam

437 620 605 692 legem
654 621 850 693 Moysis
879 624 1174 696 negligere.
1227 627 1392 683 Multo
1449 629 1590 684 enim
1646 631 1867 701 majoris
1918 648 2011 700 op-

433 712 636 782 prolirii
681 722 784 780 est,
832 714 922 784 qui
975 723 1097 783 post
1140 716 1520 788 Evangelinm,
1567 736 1729 790 quam
1772 721 1858 777 ille
1915 724 2008 792 qui

430 803 532 864 sub
600 802 716 874 lege
778 805 988 875 positus
1062 805 1399 875 fornicatur,
1465 813 1588 880 quia
1649 811 1751 869 iste
1817 817 2007 876 tollens

428 893 593 970 409
622 897 861 952 membra
891 895 1115 964 Christi,
1148 899 1274 952 facit
1307 915 1368 961 ea
1395 902 1639 962 membra
1673 907 1998 966 meretricis.

430 969 593 1048 Vides
617 1003 748 1057 ergo
774 1006 937 1058 quam
971 990 1222 1058 graviora
1261 1003 1314 1056 et
1348 996 1705 1057 cumulatiora
1742 999 1792 1055 in
1830 1009 1881 1056 te
1907 1016 2005 1070 0p-

427 1077 668 1157 probria,
727 1082 772 1134 si
823 1080 1147 1150 neglexeris,
1196 1085 1567 1142 revolvantur.
1612 1088 1848 1160 Denique
1885 1092 1998 1162 jam

429 1185 588 1223 nemo
623 1180 674 1224 te
714 1184 864 1236 reum
910 1172 1082 1244 stupri
1113 1174 1312 1244 arguit,
1346 1176 1442 1231 sed
1468 1178 1741 1250 sacrilegii
1794 1181 2000 1238 scelere

424 1261 775 1323 condemnat,
804 1261 926 1338 quia
967 1264 1168 1327 dicitur
1200 1268 1266 1320 ad
1296 1276 1345 1322 tc
1365 1269 1407 1300 ¹³
1431 1291 1444 1325 :
1471 1271 1606 1340 cAn
1631 1274 1851 1336 nescitis
1874 1276 1997 1346 quia

423 1366 652 1418 corpora
692 1362 865 1406 vestra
919 1355 1177 1424 templum
1211 1358 1302 1414 Dei
1342 1361 1507 1425 sunt?
1558 1363 1611 1416 Si
1649 1365 1770 1430 quis
1816 1375 1995 1420 autem

425 1441 683 1510 templum
736 1442 827 1496 Dei
876 1444 1182 1513 violaverit,
1239 1449 1512 1520 disperdct
1575 1453 1722 1512 illum
1757 1455 1917 1515 Deus.
1965 1476 1982 1509 ι

424 1529 548 1586 llzcc
580 1533 796 1587 etiamsi
833 1536 981 1605 prius
1034 1539 1345 1608 ignorabas,
1390 1559 1534 1602 nunc
1587 1555 1765 1606 tamen
1798 1564 1862 1616 ex
1890 1565 1997 1614 quo

426 1633 477 1671 tn
505 1622 731 1681 auribus
762 1625 872 1679 tuis
903 1627 1004 1681 ista
1035 1632 1200 1683 verba
1253 1632 1530 1699 dicuntur,
1565 1647 1616 1692 et
1647 1638 1698 1698 in
1727 1654 1821 1696 cor-
1845 1649 1992 1696 tuum

424 1711 794 1778 hujuscemodi
829 1717 1072 1778 doctrina
1103 1721 1520 1790 transfunditur,
1543 1729 1683 1781 scito
1705 1738 1756 1788 te
1787 1730 1870 1790 his
1898 1748 1996 1789 au.-

421 1804 549 1859 ditis
605 1807 857 1876 templum
903 1810 995 1864 Dei
1048 1824 1099 1867 et
1153 1818 1453 1872 membrum
1494 1821 1697 1876 Christi
1728 1837 1849 1878 esse
1881 1825 1995 1894 jam

422 1891 644 1950 factum.
703 1895 838 1952 Vide
887 1913 1145 1968 quantum
1201 1906 1501 1976 profeceris
1547 1923 1614 1968 ex
1673 1891 1997 1975 homunculo

426 1987 808 2062 terreno(6(5).
857 1992 910 2046 ln
957 1996 1214 2065 templum
1270 1997 1362 2054 Dei
1397 2016 1715 2072 progressus
1765 2021 1824 2061 es
1877 2009 1996 2068 sine

419 2075 603 2142 dubio,
635 2078 684 2131 in
724 2096 830 2150 quo
881 2084 1129 2146 habitare
1172 2088 1327 2145 debet
1365 2092 1504 2148 Deus
1536 2110 1550 2148 :
1581 2105 1632 2149 et
1667 2097 1757 2168 qui
1791 2113 1918 2153 caro
1942 2108 1996 2156 et

416 2172 637 2239 sanguis
686 2191 828 2240 eras,
856 2176 1138 2244 proiecisti
1173 2190 1230 2234 ut
1284 2186 1585 2240 membrum
1637 2188 1838 2245 Christi
1892 2192 1989 2254 sis.

415 2262 522 2319 Sed
554 2267 692 2322 sicut
720 2288 946 2344 magnus
995 2283 1080 2328 est
1109 2276 1211 2330 iste
1246 2278 1546 2347 profectus,
1583 2281 1654 2335 ita
1687 2281 1740 2338 et
1782 2285 1989 2345 discos-

414 2371 506 2408 sus
565 2361 848 2436 terribilis,
885 2372 1047 2432 atque
1090 2365 1510 2426 irremediabilis
1553 2386 1689 2440 pene
1740 2375 1851 2445 (67)
1907 2377 1982 2438 la-

413 2463 562 2516 psus.
583 2449 701 2513 iam
725 2453 820 2516 tibi
854 2454 998 2508 enim
1033 2471 1139 2510 non
1166 2455 1293 2512 licet
1321 2461 1518 2530 templo
1546 2462 1641 2518 Dei
1673 2465 1771 2529 uti,
1801 2467 1902 2522 nisi
1925 2470 1976 2524 in

414 2542 729 2609 sanctitate,
759 2561 860 2601 nec
887 2549 1127 2602 membra
1153 2548 1353 2605 Christi
1405 2560 1471 2608 ad
1523 2557 1807 2626 indignum
1839 2574 1986 2614 revo-

411 2646 543 2694 care
586 2637 886 2714 negotium.
930 2639 996 2694 Et
1023 2641 1142 2697 ideo
1181 2645 1227 2698 si
1255 2645 1473 2713 quando
1507 2654 1557 2699 te
1598 2648 1752 2702 malae
1781 2665 1988 2708 concu-

411 2722 690 2789 piscentia:
717 2727 893 2794 pulsat
916 2729 1190 2802 illecebra,
1227 2750 1436 2790 memor
1477 2737 1671 2800 horum
1700 2754 1819 2810 quae
1845 2759 1987 2800 nunc

411 2816 586 2881 audis,
628 2817 766 2874 hosti
795 2821 865 2876 illi
889 2837 1136 2889 occurre,
1163 2827 1254 2902 qui
1295 2829 1360 2882 de
1395 2839 1447 2890 te
1470 2833 1607 2906 ipso,
1648 2832 1750 2889 hoc
1801 2846 1885 2894 est
1920 2837 1986 2892 de

414 2918 506 2962 tuo
537 2912 704 2966 corde
748 2915 1016 2983 procedit,
1045 2926 1101 2976 et
1133 2919 1325 2984 resiste
1369 2921 1419 2977 ei
1469 2920 1522 2975 in
1559 2923 1754 2980 talibus
1781 2926 1981 2990 verbis.

2116 451 2260 508 modi
2309 452 2601 520 opprobria
2659 452 2927 520 pullulare
2967 469 2983 508 :
3023 472 3146 525 quae
3202 459 3249 522 si
3309 459 3533 514 transito
3576 458 3684 525 iam

2113 539 2349 596 Iordane
2389 543 2720 612 susceperis,
2755 546 2910 602 et-iis
2943 557 2994 601 te
3043 563 3238 604 rursus
3283 549 3489 619 laqueis
3515 550 3684 619 illiga.

2113 635 2275 698 veris,
2326 645 2499 691 tecum
2531 635 2648 687 sine
2691 634 2858 688 dubio
2893 638 3187 706 opprobria
3215 639 3435 710 Egypti
3490 641 3679 695 trahis.

2113 723 2218 778 Sed
2245 725 2288 780 si
2317 726 2536 794 quando
2569 735 2620 779 te
2652 723 2780 779 talis
2819 728 3114 784 curiositas
3159 729 3466 801 interpellat
3515 739 3570 786 et
3616 731 3683 783 de

2111 819 2272 871 corde
2306 826 2402 872 tuo
2453 817 2768 888 hujusmodi
2814 818 2995 876 hostis
3034 823 3303 890 erumpit,
3342 823 3428 877 dic
3449 823 3520 889 ei,
3552 823 3680 893 quia

2106 906 2290 968 Jesum
2320 910 2508 963 ducem
2564 924 2792 980 sequor,
2841 913 2898 972 in
2929 915 3084 990 cujus
3114 925 3381 986 potestate
3407 926 3531 971 sunt
3558 933 3678 986 qua:

2107 999 2289 1054 futura
2335 1011 2482 1056 sunt.
2528 1001 2667 1070 Quid
2725 1004 2861 1062 mihi
2917 1008 3060 1064 scire
3115 1024 3235 1077 quae
3279 1009 3458 1066 l'utnra
3506 1011 3678 1064 sunt?

2105 1093 2448 1162 Quzecunque
2500 1092 2588 1148 ille
2636 1093 2776 1166 vult,
2814 1097 2933 1154 haec
2979 1099 3160 1158 futura
3193 1109 3339 1154 sunt.
3402 1102 3526 1158 Ideo
3552 1119 3676 1172 ergo

2105 1194 2164 1248 ut
2204 1185 2258 1239 in
2313 1185 2470 1245 nobis
2495 1200 2623 1247 vere
2673 1189 2907 1247 secunda
2940 1189 3289 1246 circmncisio
3315 1194 3677 1263 compleatur,

2103 1292 2200 1346 per
2221 1291 2381 1345 quam
2404 1286 2589 1330 vetera
2624 1276 2842 1348 Λεπρεῖ
2887 1281 3179 1346 opprobria
3213 1281 3577 1354 deponamus,
3611 1286 3682 1340 ab

2104 1368 2190 1421 his
2236 1366 2489 1422 omnibus
2527 1367 2787 1436 segregati
2839 1383 3058 1436 prorsus
3109 1383 3236 1430 esse
3266 1371 3556 1438 debemus,
3616 1386 3677 1432 ut

2101 1457 2373 1525 puriﬁcati
2411 1473 2641 1526 corpore
2682 1467 2737 1512 et
2772 1459 2931 1514 corde
2971 1474 3130 1535 puras
3164 1460 3327 1521 etiam
3359 1477 3556 1520 manus
3588 1464 3671 1518 le-

2100 1563 2290 1604 vemus
2321 1549 2389 1603 ad
2442 1549 2632 1615 Deum,
2667 1563 2805 1620 puro
2837 1563 3044 1618 quoque
3069 1565 3183 1614 ore,
3207 1559 3261 1604 et
3298 1555 3538 1622 purgatis
3576 1555 3662 1606 la-

2104 1638 2226 1703 biis,
2257 1654 2320 1693 ac
2371 1649 2552 1694 mente
2597 1641 2835 1706 sincera,
2867 1653 3027 1709 prece
3073 1649 3127 1700 et
3151 1642 3351 1697 actibus
3387 1644 3658 1712 gloriﬁce-

2103 1746 2223 1784 mus
2254 1730 2418 1784 Deum
2459 1731 2512 1786 iu
2538 1730 2759 1788 Chrism
2787 1730 2914 1785 Jesu
2945 1730 3172 1794 Domino
3209 1744 3387 1790 nostro
3406 1735 3537 1803 (ω),
3562 1751 3657 1788 cu-

2094 1821 2186 1891 jus
2212 1830 2294 1875 est
2320 1830 2561 1898 potestas
2609 1832 2665 1877 et
2690 1823 2978 1890 imperium
3023 1827 3076 1891 in
3098 1825 3296 1892 secula
3324 1826 3660 1880 saeculorum.

2097 1914 2286 1969 Amen.

2673 2009 2958 2076 HOMILIA
3005 2013 3090 2074 VL.

2097 2137 2172 2192 De
2224 2140 2429 2200 Pascha
2475 2147 2616 2210 quod
2648 2146 2882 2213 fecerunt
2915 2147 3016 2213 ﬁlii
3062 2147 3237 2201 Israel
3259 2146 3316 2198 in
3342 2145 3590 2214 Calgala,
3625 2154 3674 2197 et

2163 2214 2420 2284 quomodo
2442 2214 2827 2282 fructusterrtv
2852 2229 3095 2282 ceperunt
3143 2233 3171 2270 e
3207 2218 3417 2284 regione
3466 2217 3664 2280 palmu-

2170 2297 2302 2334 rum.
2347 2283 2420 2335 De
2451 2287 2685 2350 principe
2731 2287 2984 2338 virtutum
3035 2286 3242 2341 militia:
3266 2283 3490 2338 Domini
3531 2286 3663 2348 (70).

2165 2351 2252 2402 ubi
2278 2353 2475 2405 dicitur
2503 2354 2572 2406 ad
2586 2354 2768 2408 Jesum
2795 2356 2838 2386 “
2862 2373 2880 2409 :
2915 2374 2934 2406 ι
2975 2355 3130 2410 Solve
3163 2358 3573 2408 cnlcenmentum
3600 2355 3663 2406 de

2161 2421 2376 2486 pedibus
2401 2424 2526 2478 luis.
2560 2423 2728 2478 Locus
2755 2431 2892 2480 enim
2915 2427 2968 2479 in
2993 2441 3096 2496 quo
3135 2438 3265 2490 uas,
3295 2433 3437 2478 terra
3477 2435 3660 2478 sancta

2163 2499 2260 2544 est.
2316 2510 2334 2542 ι

2162 2644 2212 2698 1.
2243 2642 2349 2709 Qui
2376 2661 2480 2700 non
2511 2646 2826 2702 obedientes
2858 2646 3074 2702 fuerunt
3124 2645 3394 2708 mandatis
3426 2644 3660 2711 Domini,

2089 2733 2458 2790 incircumclsi
2506 2737 2782 2793 dicuntur.
2818 2741 2893 2794 Ex
2924 2755 3030 2817 quo
3072 2738 3392 2808 intelligitur
3423 2736 3537 2799 illos
3565 2751 3662 2805 ap~

2088 2828 2276 2897 pellari
2326 2819 2896 2900 incircumcisos,4qui
2947 2846 3054 2883 non
3089 2830 3354 2888 obediunt
3389 2826 3660 2882 mandatis

2092 2921 2300 2974 Domini
2329 2921 2464 2992 (71).
2518 2922 2627 2984 Sed
2673 2932 2846 2980 tamen
2898 2931 2953 2976 et
2983 2920 3339 2976 circumcisos
3387 2928 3442 2973 et
3495 2918 3660 2971 incir-

407 3007 462 3050 et
487 2999 597 3065 die,
626 3003 754 3080 quia
792 3021 898 3061 non
924 3021 1044 3060 sum
1074 3022 1227 3076 meus
1257 3028 1268 3063 :
1297 3019 1509 3080 emptus
1539 3014 1684 3078 enim
1707 3030 1823 3070 smn
1853 3031 1977 3085 pre-
2010 3025 2056 3089 ρ
2091 3010 2381 3076 cumcisos,
2435 3011 2562 3079 quia
2593 3027 2808 3068 omnem
2856 3011 3093 3064 animam
3125 3008 3298 3081 diligit
3338 3006 3505 3070 Deus,
3553 3022 3657 3062 non

412 3091 484 3145 tio
531 3095 813 3164 sanguinis
857 3096 1059 3152 Christi
1105 3107 1159 3153 et
1208 3083 1511 3162 membrum
1565 3104 1732 3172 ipsius
1760 3083 1982 3168 ell‘ectus

411 3199 554 3239 sum.
582 3183 699 3242 Non
748 3185 877 3254 licet
925 3189 1056 3243 mihi
1094 3190 1282 3245 tollere
1319 3194 1618 3259 membrum
1647 3195 1871 3263 Christi,
1926 3211 1985 3254 et

411 3270 592 3328 facere
644 3277 943 3342 membrum
972 3281 1297 3345 meretricis.
1337 3282 1431 3338 Dic
1464 3285 1536 3352 ei,
1567 3287 1691 3356 quia
1722 3289 1980 3362 templum

413 3363 508 3418 Dei
542 3363 768 3422 eﬂ'ectus
796 3383 938 3435 sum,
967 3385 1072 3428 non
1099 3370 1226 3425 mihi
1255 3372 1378 3428 licet
1410 3373 1747 3434 immundum
1778 3378 1981 3456 aliquid

410 3454 539 3510 illuc
590 3457 867 3536 inducere,
899 3475 996 3516 nec
1053 3460 1139 3516 fas
1185 3471 1269 3516 est
1305 3464 1436 3519 mihi
1477 3466 1686 3523 violare
1723 3454 1979 3540 templum

410 3544 504 3602 Dei
538 3565 550 3601 :
586 3551 766 3612 sedet
812 3551 942 3606 illud
976 3554 1132 3621 adde,
1163 3556 1421 3625 quoniam
1461 3579 1479 3609 ι
1518 3559 1610 3630 qui
1656 3560 1978 3626 fornicatur,

408 3634 463 3688 in
512 3651 712 3710 corpus
743 3655 904 3694 suum
947 3654 1132 3711 peccat
1163 3645 1250 3700 “z
1298 3664 1316 3697 ι
1353 3663 1455 3712 non
1507 3649 1561 3702 in
1605 3650 1746 3704 7stnd
1782 3666 1982 3720 corpus

412 3726 608 3793 solum,
654 3731 796 3796 quod
840 3719 1099 3804 templum
1136 3736 1226 3790 Dei
1261 3736 1512 3792 eli‘ectum
1547 3748 1651 3805 est,
1682 3744 1775 3795 sed
1822 3719 1892 3795 et
1927 3741 1979 3794 in

407 3817 536 3872 illud
580 3825 723 3890 quod
775 3823 994 3890 dicitur,
1062 3829 1188 3902 quia
1258 3831 1439 3896 omnis
1495 3832 1733 3888 Ecclesia
1783 3849 1980 3906 corpus

405 3913 608 3969 Christi
635 3927 716 3971 est
743 3918 789 3950 ¹⁸
819 3938 832 3973 :
865 3931 920 3976 et
947 3922 998 3986 in
1031 3938 1245 3983 omnem
1294 3927 1590 3982 Ecclesiam
1627 3930 1840 3992 videtur
1887 3933 1981 3985 dc-

406 4005 683 4076 linquere,
717 4014 808 4080 qui
860 4030 1059 4088 corpus
1087 4034 1244 4072 suum
1293 4021 1671 4088 maculaverit,
1708 4027 1834 4100 quia
1885 4044 1982 4102 per

408 4115 573 4154 unum
633 4104 934 4162 membrum
971 4109 1181 4172 macula
1210 4111 1260 4164 in
1295 4125 1455 4174 omne
1485 4127 1683 4182 corpus
1726 4115 1982 4172 dill‘nndi-

408 4203 517 4246 tur.
549 4192 643 4246 Est
687 4204 741 4256 et
773 4195 906 4251 illud
935 4200 1285 4271 opprobrium
1315 4201 1560 4282 Egypti,
1594 4207 1762 4276 quod,
1790 4207 1832 4262 si
1884 4224 1980 4262 ne?

406 4279 669 4347 glexeris,
718 4283 882 4339 etiam
932 4297 1053 4368 post
1094 4288 1350 4356 Iordanis
1397 4279 1711 4365 transitum,
1753 4308 1806 4351 ct
1854 4308 1979 4367 post

406 4371 660 4442 baptismi
705 4381 998 4440 secundam
1049 4383 1547 4458 circumcisiouem,
1582 4399 1808 4452 vetustre
1841 4409 1976 4446 con-

406 4469 711 4531 suetudinis
747 4470 1019 4527 inustione
1047 4477 1356 4548 suggeritur
1385 4479 1518 4549 (68),
1551 4480 1843 4538 thervare
1887 4501 1984 4551 au-

405 4559 580 4626 guria,
609 4563 887 4631 requirere
909 4566 1188 4626 stellarum
1218 4585 1430 4642 cursus,
1459 4582 1513 4636 et
1552 4585 1782 4638 eventus
1818 4591 1883 4630 ex
1916 4575 1982 4642 iis

407 4648 711 4706 futurorum
747 4654 958 4720 rimari,
1001 4671 1223 4712 servare
1270 4661 1478 4713 somnia
1513 4663 1836 4738 ueterisque
1879 4665 1981 4718 hu-

399 4745 640 4814 jusmodi
661 4747 1143 4817 superstitionibus
1172 4749 1460 4818 implicari.
1485 4752 1500 4805 Ι
1528 4743 1982 4811 ἷοΙοιειιιηίεειιειηιο

475 4885 530 4960 εἶ
551 4883 713 4960 H91)...
743 4903 796 4953 χ.
817 4887 909 4945 29,
1034 4887 1119 4944 ¹³1
1158 4889 1286 4946 Cor.
1314 4906 1390 4958 vr,
1418 4891 1506 4960 l9,
1533 4909 1612 4959 Ill,
1647 4895 1732 4949 17.

407 4970 460 5016 v,
499 4953 556 5022 8,
596 4955 648 5008 9.

617 5095 776 5158 iidem
811 5113 968 5158 nisa...
997 5115 1019 5151 ο
1055 5100 1421 5158 revolventur.
1457 5120 1477 5153 ι

498 5166 590 5238 65)
621 5166 784 5222 Iidem
823 5185 978 5232 mss.,
1011 5189 1030 5220 ‹
1063 5171 1320 5238 polluere.
1359 5190 1380 5220 ι

500 5239 590 5296 66)
624 5238 786 5294 Iidem
823 5254 953 5300 mss.
986 5257 1004 5294 ι
1037 5251 1216 5297 terrai.
1251 5261 1270 5294 ι

502 5307 592 5372 67)
632 5305 792 5365 Pone.
831 5309 991 5366 Deest
1025 5311 1076 5364 in
1123 5309 1386 5366 Gemetie.
1411 5322 1468 5369 et
1502 5329 1609 5367 uno
1639 5313 1980 5371 Ebroicensi.

633 5376 816 5451 [ideal
843 5396 968 5451 mss.
1012 5400 1029 5430 ι
1071 5381 1269 5432 inustio
1300 5392 1350 5434 te
1370 5384 1633 5451 suggerit.
1672 5402 1691 5435 ι

482 5447 590 5514 (69)
638 5447 751 5504 Duo
781 5448 1174 5510 Ebroireuses:
1210 5468 1229 5506 ς
1277 5447 1562 5510 Dominum
1599 5464 1842 5512 nostrum
1887 5453 1975 5509 Je-

407 5533 524 5571 sum
549 5517 841 5576 Christum.
887 5539 907 5577 ι
947 5520 1209 5582 Gemetic.
1250 5539 1266 5576 ι
1312 5522 1478 5579 Deum
1513 5533 1754 5579 nostrum
1783 5523 1966 5578 Jesum

406 5587 701 5662 Christum.
756 5607 773 5638 ι
822 5587 938 5662 Most
981 5593 1169 5662 codex,
1205 5594 1492 5662 Sangerm.
1527 5612 1545 5645 ί
1600 5593 1751 5658 cujus
1797 5602 1896 5648 est.
1945 5613 1961 5644 ι

406 5656 560 5714 Libb.
612 5665 770 5712 antea
805 5659 934 5714 editi
971 5679 981 5713 :
1021 5677 1039 5716 ‹
1089 5661 1173 5716 cui
1222 5656 1389 5717 esti:
1431 5662 1582 5719 Unus
1624 5656 1965 5724 Ebroicensis

1850 4897 1894 4928 ”
1922 4897 1943 4950 l
1970 4895 2094 4954 Cor.
2130 4915 2207 4974 vi,
2244 4900 2326 4954 l8.

2089 3101 2305 3168 penitus
2342 3102 2690 3176 dcrelinquit.
2745 3101 2890 3157 Misit
2923 3103 3064 3157 enim
3095 3099 3304 3165 Jesum,
3350 3099 3440 3170 qui
3473 3113 3657 3152 omnes

2087 3177 2248 3246 simul
2300 3193 2492 3263 dignos
2545 3194 2959 3249 circumcideret
3007 3202 3062 3247 et
3116 3192 3385 3257 indignos,
3441 3199 3494 3247 et
3549 3205 3654 3242 non

2088 3285 2255 3339 lilium
2283 3285 2429 3340 Nave
2458 3285 2668 3351 Jcsnm,
2709 3303 2813 3347 non
2848 3286 2991 3340 enim
3023 3299 3146 3339 vera
3183 3294 3236 3338 et
3275 3282 3516 3351 perfecta
3551 3282 3659 3335 cir-

2087 3377 2421 3432 cumcisione
2470 3379 2561 3432 ille
2610 3378 2863 3450 populum
2914 3374 3279 3438 circumcidit,
3333 3373 3426 3428 sed
3472 3370 3656 3427 Jcsum

2085 3469 2364 3531 Christum
2406 3471 2688 3532 Dominum
2732 3484 2786 3526 et
2849 3471 3188 3534 Salvatorem
3236 3479 3479 3525 nostrum
3519 3468 3655 3540 (72).

2089 3559 2187 3614 llic
2214 3561 2356 3615 enim
2397 3571 2504 3627 est,
2558 3562 2654 3634 qui
2688 3578 2816 3618 vere
2849 3578 2877 3616 a
2906 3555 3059 3617 nobis
3092 3561 3442 3632 pollutionem
3473 3559 3660 3613 abst"-

2088 3645 2359 3710 litCCarnis
2392 3667 2446 3710 et
2480 3657 2709 3712 abscidit
2743 3655 2878 3727 (73),
2922 3665 2977 3710 et
3031 3671 3060 3709 a
3088 3656 3250 3710 corde
3283 3663 3445 3722 atque
3475 3653 3657 3707 anima

2087 3755 2269 3799 nostra
2306 3754 2651 3814 peccatorum
2709 3747 3118 3816 inquinamenta
3168 3745 3439 3818 purgavit.
3493 3744 3655 3799 Deni-

2085 3851 2190 3905 que
2223 3837 2344 3890 audi
2379 3839 2508 3907 quid
2538 3838 2667 3893 dicit
2699 3837 2981 3912 Scriptura
3018 3838 3085 3891 de
3137 3837 3206 3892 iis
3239 3837 3329 3908 qui
3368 3851 3463 3904 per
3509 3835 3659 3891 Nave

2085 3931 2251 3984 lilium
2286 3931 2791 4000 praeligurabantur.
2846 3950 2865 3984 ι
2902 3931 3222 3988 Circumcisi
3261 3939 3467 3993 autem,
3507 3949 3524 3981 ι
3568 3930 3653 3983 in-

2086 4023 2204 4094 quit
2239 4024 2302 4096 ‘7,
2341 4041 2360 4073 ι
2413 4023 2504 4076 lilii
2557 4023 2722 4077 lsracl
2761 4026 3152 4100 requieverunt
3195 4027 3247 4080 in
3283 4026 3471 4085 eodem
3510 4024 3652 4086 loco.

2084 4115 2332 4170 sedentes
2366 4115 2418 4167 in
2451 4115 2648 4172 eaStris
2688 4129 2858 4186 usque
2893 4117 3017 4170 dum
3061 4125 3408 4182 sanarentur,
3445 4126 3497 4169 et
3530 4128 3656 4169 nunc

2085 4210 2218 4263 dixit
2241 4208 2498 4275 Dominus
2528 4209 2593 4262 ad
2622 4206 2806 4264 Jesnm
2845 4229 2856 4264 :
2891 4207 3171 4266 Hodierno
3203 4210 3289 4270 die
3313 4209 3512 4264 abstuli
3549 4225 3651 4278 op-

2085 4301 2367 4369 probrium
2401 4299 2617 4372 Egypti
2643 4315 2673 4354 a
2701 4300 2873 4372 vobis.
2916 4319 2935 4352 ο
2978 4301 3094 4356 Non
3143 4301 3288 4367 enim
3329 4299 3526 4355 suﬂicit
3554 4316 3652 4354 no-

2087 4393 2169 4460 his
2201 4392 2539 4456 circumcidi,
2576 4393 2670 4446 sed
2701 4401 2752 4446 et
2796 4401 2916 4468 post
2952 4391 3419 4458 circumcisionem
3444 4391 3652 4455 sanari.

2085 4483 2137 4538 id
2163 4495 2246 4538 cst
2277 4499 2561 4563 usquequo
2589 4486 2754 4540 etiam
2783 4484 3097 4539 cicatricem
3153 4485 3324 4556 ipsam
3358 4483 3648 4540 circumci-

2083 4578 2254 4632 sionis
2311 4577 2508 4631 vulnus
2558 4577 2818 4632 obducat.
2868 4575 3100 4642 Quando
3155 4591 3285 4646 ergo
3319 4576 3545 4631 cicatrix
3599 4575 3651 4628 in

2083 4670 2305 4723 vulnere
2341 4679 2537 4724 nostra:
2560 4668 2995 4732 circumcisionis
3042 4667 3382 4731 obducitur?
3441 4667 3552 4736 Ego
3579 4665 3654 4718 ita

2081 4760 2341 4826 arbitror,
2373 4762 2518 4831 quod
2549 4763 2866 4817 circumcidi
2901 4775 2996 4831 per
3033 4759 3215 4816 Jcsum
3253 4769 3523 4823 nostrum,
3552 4761 3656 4814 hoc

2425 4901 2467 4934 ’⁵
2494 4901 2768 4966 C01085.l,
2804 4900 2897 4965 Ἡ.
2978 4900 3021 4933 ⁸⁸
3045 4898 3162 4966 Jos,
3193 4900 3362 4966 v,v16.
3456 4898 3500 4929 ’τ
3534 4896 3654 4963 Jcs.

2098 5104 2295 5180 ibidem
2322 5106 2495 5180 liabet
2523 5125 2536 5161 :
2567 5125 2584 5157 ι
2621 5108 2901 5174 imperium
2927 5123 3048 5163 eum
3080 5120 3265 5165 sancto
3293 5109 3518 5180 Spiritu.
3559 5127 3578 5159 ι

2167 5176 2280 5242 (70)
2320 5176 2444 5231 Post
2495 5193 2675 5230 vocem
2728 5195 2747 5228 ι
2793 5180 3019 5237 Domini.
3065 5199 3085 5231 ι
3126 5182 3176 5234 in
3220 5176 3378 5234 codd.
3420 5179 3650 5234 Cerneti-

2091 5246 2240 5299 censi
2291 5256 2345 5300 ct
2396 5247 2710 5302 Ebroiccnsi
2763 5263 2870 5303 uno
2898 5249 3116 5303 additur
3147 5265 3162 5302 :
3200 5270 3218 5302 ‹
3252 5262 3304 5304 et
3351 5249 3589 5304 .lericho.
3626 5267 3650 5299 ι

2087 5314 2561 5400 Reliqua-desunt.
2727 5387 2759 5400 η
2821 5389 2830 5400 _
2959 5390 2971 5400 _
3052 5390 3062 5400 _
3261 5391 3272 5400 _
3516 5387 3528 5400 .

2158 5385 2476 5468 (7|)‘Iidcm
2507 5403 2634 5441 mss.
2671 5407 2689 5439 σ
2727 5387 2927 5468 Sed-et
2959 5390 3392 5468 incircumcisos,
3437 5387 3644 5468 quia.)

2155 5457 2291 5526 (7:2)
2353 5456 2513 5511 Iidem
2574 5473 2704 5512 mss.
2760 5477 2778 5508 ι
2833 5457 3020 5513 Jcsum
3067 5459 3404 5514 Nazarcuum
3464 5457 3648 5514 Domi-

2079 5543 2224 5580 ιιυιη.
2286 5546 2304 5578 ι

2150 5597 2263 5664 (73)
2291 5596 2453 5651 Iidem
2489 5615 2503 5653 :
2549 5617 2566 5649 ι
2601 5598 2950 5666 pollutionem
2987 5601 3169 5653 carnis
3209 5600 3459 5656 abscidit.
3496 5621 3514 5651 ι
