4104 6226
430 316 534 375 853

1417 309 1484 363 IN
1519 309 1775 365 LIBRUM
1807 307 1971 363 JESU
2010 305 2196 365 NAVE.
2233 304 2516 361 IIOMILIA
2554 305 2643 362 Vl.

3586 306 3683 363 853

432 451 518 496 est
560 437 707 492 vitiis
740 448 957 501 carere,
990 432 1162 487 mulas
1209 431 1637 486 consuetudines
1689 439 1743 485 et
1776 429 2006 499 pessima
2040 432 2084 487 Α
2115 427 2214 480 bus
2245 437 2329 481 est
2354 441 2517 496 quem
2551 427 2619 481 de
2640 426 2874 498 Egypto
2902 437 3165 483 exeuntes
3192 428 3475 481 uobiscum
3504 437 3690 496 porta-

435 531 681 584 iustituta
714 528 1006 596 deponere,
1065 525 1240 579 fmdos
1265 534 1319 579 et
1359 525 1664 580 inconditos
1702 537 1902 581 mores.
1954 529 2011 572 et

2117 517 2310 575 vimus.
2340 530 2507 583 parva
2536 518 2652 571 haec
2672 517 2905 573 eruditio
2937 514 3216 571 saecularis
3239 515 3493 584 (78),aut
3522 518 3689 573 etiam

442 619 699 691 quidquid
748 619 816 673 ab
851 617 1156 673 honestatis
1184 623 1237 672 et
1266 617 1488 684 pietatis
1518 615 1701 686 regula
1750 613 2010 668 abhorret
2110 608 2156 662 si
2181 607 2303 677 quis
2342 608 2484 663 forte
2512 608 2693 677 attigit
2742 607 3049 667 liberalium
3081 608 3388 662 litterarum
3416 609 3689 678 cognitio-

436 710 781 765 abscindere.
820 708 928 765 Sed
981 711 1082 763 hoc
1113 722 1237 761 cum
1295 707 1349 762 in
1379 707 1550 762 initiis
1602 706 1854 770 facimus,
1894 706 2006 773 ipsa

424 803 695 858 novitatis
740 800 1144 873 quodammodo
1191 798 1512 855 difﬁcultate
1561 798 2007 868 constringimur,

437 906 491 951 et
527 896 682 966 quasi
714 909 839 951 eum
895 893 1088 947 labore
1129 892 1364 961 quodam
1398 900 1455 946 et
1483 890 1673 946 dolore
1690 889 1883 953 animi,
1918 904 2008 944 ve-

440 987 571 1041 teris
610 983 1021 1041 consuetudinis
1057 982 1246 1052 culpas
1274 981 1488 1037 novella
1522 980 1862 1036 institutione
1890 995 2007 1034 mu-

441 1089 640 1133 tamus.
673 1078 736 1132 Et
772 1078 894 1132 ideo
930 1084 1035 1143 est,
1062 1084 1121 1129 ut
1148 1075 1282 1141 dixi,
1314 1073 1481 1146 410
1512 1072 1759 1142 quaedam
1785 1068 2010 1126 difﬁcul-

428 1178 526 1223 ‘tas
581 1169 636 1222 in
671 1168 861 1231 initiis,
908 1176 963 1221 ut
993 1166 1081 1221 vix
1132 1179 1382 1234 aegreque
1416 1172 1700 1234 amputare
1745 1162 2012 1232 possimus

430 1261 614 1326 prima
646 1258 784 1330 (74),
825 1266 881 1311 et
930 1256 1171 1311 secunda
1206 1254 1505 1324 suscipere;
1548 1254 1665 1310 Hoc
1710 1268 1839 1324 ergo
1877 1254 2009 1310 mihi

442 1348 655 1402 videtur
684 1357 897 1417 tempus
924 1360 1069 1411 esse,
1105 1357 1213 1412 quo
1244 1343 1389 1399 velut
1415 1344 1469 1399 in
1501 1343 1692 1399 dolore
1718 1344 2009 1399 circumcl-

439 1439 608 1493 sionis
658 1446 858 1494 nostrae
890 1437 1126 1492 dicimur
1154 1434 1413 1498 residere,
1449 1448 1734 1504 usquequo
1777 1435 2010 1490 obducta

438 1531 1008 1587 cicatrice‘sanemur.
1064 1528 1400 1584 Obducimus
1439 1536 1621 1583 autem
1673 1526 2009 1591 cicatricem,

437 1637 559 1677 cum
585 1622 696 1691 jam
733 1638 870 1677 nova
907 1622 1153 1675 instituta
1190 1622 1401 1690 absque
1428 1619 1745 1675 diﬂlcuitate
1770 1619 2012 1688 comple-

439 1728 580 1777 mus,
605 1722 662 1768 et
705 1713 761 1766 in
790 1726 948 1766 usum
982 1710 1139 1767 nobis
1165 1712 1421 1774 vertitur,
1472 1714 1618 1779 quod
1649 1710 1799 1781 prius
1854 1708 2009 1779 quasi

439 1804 715 1859 insolitum
761 1817 825 1858 ac
871 1801 1085 1858 difficile
1114 1802 1417 1858 videbatur.
1472 1802 1542 1857 Et
1579 1810 1707 1857 tunc
1737 1816 1865 1858 vere
1901 1801 2011 1870 jam

437 1895 614 1950 sanati
671 1895 926 1961 dicimur,
969 1908 1094 1949 cum
1140 1894 1286 1949 vitiis
1331 1903 1581 1949 carentes
1611 1882 1842 1951 virtutes
1873 1911 2012 1953 novo

438 2000 540 2039 usu
564 1983 825 2038 vertimus
850 1983 903 2037 in
932 1992 1204 2038 naturam.
1232 1983 1298 2038 Et
1327 1982 1401 2037 ita
1432 1983 1650 2038 demum
1700 1984 1897 2041 merito
1945 1987 2013 2044 ad

440 2091 540 2133 nos
587 2077 722 2131 dicit
772 2090 950 2131 sermo
997 2076 1214 2131 divinus
1264 2090 1327 2131 ea
1379 2090 1502 2145 qua:
1553 2085 1854 2147 sequuntur
1897 2079 1946 2111 ιδ
1999 2102 2009 2134 ;

443 2185 462 2220 ι
511 2168 779 2223 Hodierna
817 2168 902 2223 die
941 2166 1139 2222 abstuli
1192 2167 1544 2238 opprobrium
1583 2168 1810 2241 Egypti
1847 2187 1877 2226 a
1918 2185 2013 2229 vo-

435 2260 520 2314 bis
554 2276 569 2314 :
609 2278 627 2311 ι
663 2258 788 2329 quia
834 2267 1189 2329 posteaquam
1239 2259 1481 2315 ablatum
1522 2271 1606 2317 est
1656 2263 2010 2332 opprobrium

434 2346 679 2421 Egypti,‘
714 2359 841 2404 tunc
883 2349 1086 2405 dicitur
1114 2352 1156 2383 ”
1189 2368 1204 2405 :
1242 2368 1263 2404 ‹
1301 2351 1370 2406 Et
1410 2351 1665 2408 fecerunt
1696 2353 1791 2409 lilii
1846 2354 2013 2411 Israel

426 2440 640 2510 pascha
678 2437 870 2510 quarta
898 2440 1108 2495 decima
1140 2440 1227 2497 die
1273 2442 1479 2498 mensis
1508 2442 1674 2513 primi
1718 2443 2009 2515 (75).»Nen

430 2530 579 2585 enim
611 2523 743 2586 ante
773 2530 1247 2587 circumclsionem
1286 2534 1485 2603 pascha
1517 2533 1699 2589 facere
1735 2544 2010 2606 poterant,

434 2624 528 2678 sed
568 2637 745 2692 neque
775 2624 958 2679 statim
992 2632 1115 2693 post
1158 2624 1634 2685 eircumcisionem
1662 2642 1859 2683 carnes
1886 2628 2010 2696 agni

430 2714 743 2782 comedere,
773 2722 1067 2783 antequam
1116 2728 1464 2774 sanarentur.
1495 2717 1608 2775 Sed
1654 2730 2009 2790 postea-quam

428 2805 604 2859 sanati
631 2805 1023 2869 sunl,“dieitur
1046 2807 1173 2876 quia
1200 2807 1445 2864 fecerunt
1476 2810 1680 2879 pascha
1717 2811 1811 2865 filii
1842 2811 2011 2866 Israel

432 2897 839 2968 quartadecima
890 2898 978 2953 die
1027 2900 1253 2955 mensis.
1289 2900 1449 2956 Vides
1495 2916 1629 2972 ergo
1670 2903 1798 2973 quia
1850 2919 2011 2962 nemo

435 2986 748 3043 immundus
784 2987 914 3043 facit
961 2990 1185 3057 pascha,
1217 3004 1377 3045 nemo
1425 2991 1863 3060 incircumcisus,
1914 2995 2009 3050 sed

2116 713 2238 753 uem
2272 699 2412 768 (79).
2446 714 2567 771 qua:
2593 698 2850 767 exiguum
2884 697 3090 767 aliquid
3116 696 3311 764 iuvare
3348 712 3447 751 nos
3490 707 3690 766 potest.

2112 786 2169 841 lu
2196 801 2383 842 eremo
2427 803 2559 843 vero
2592 788 2780 856 positi,
2831 787 2883 842 id
2923 796 3030 853 est,
3060 787 3114 841 in
3156 787 3259 847 hoc
3315 786 3371 840 in
3408 801 3520 855 quo
3547 801 3693 840 nunc

2112 892 2301 934 sumus
2342 879 2464 932 vitae
2488 888 2658 944 statu,
2688 893 2885 934 manna
2938 878 3233 942 vescimur,
3260 892 3357 946 per
3399 877 3503 933 hoc
3548 877 3690 945 quod

2113 967 2309 1024 divina:
2358 966 2493 1040 legis
2549 968 3009 1025 instructionibus
3058 969 3364 1024 erudimur.
3409 966 3511 1034 Qui
3559 981 3693 1022 vero

2116 1061 2377 1117 meruerit
2411 1070 2611 1118 terram
2661 1061 3102 1132 repromissionis
3135 1060 3367 1126 intrare,
3399 1060 3452 1118 id
3490 1070 3595 1125 est,
3622 1073 3691 1116 ea

2115 1169 2238 1225 quae
2273 1170 2304 1209 a
2360 1154 2645 1213 Salvatore
2689 1156 3024 1226 repromissa
3071 1163 3200 1212 sunt
3245 1155 3549 1224 consequi,
3599 1154 3691 1210 ille

2114 1246 2227 1302 edit
2261 1245 2472 1302 fructus
2499 1262 2531 1302 e
2574 1246 2801 1318 regione
2844 1247 3174 1316 palmarum.
3218 1245 3360 1301 Vere
3399 1246 3543 1301 enim
3584 1245 3693 1301 fru-

2114 1346 2260 1392 ctum
2292 1336 2486 1406 palmac
2512 1338 2769 1402 inveniet,
2790 1337 2881 1407 qui
2905 1337 3119 1394 devicto
3142 1337 3298 1394 hoste
3325 1334 3391 1391 ad
3425 1337 3691 1405 promissa

2103 1429 2444 1498 pervenerit.
2486 1429 2704 1486 Certum
2738 1444 2973 1500 namque
3019 1439 3126 1495 est,
3176 1430 3320 1501 quod
3352 1437 3693 1500 quantacun-

2113 1535 2221 1590 que
2246 1520 2336 1579 illa
2367 1529 2513 1588 sunt,
2547 1536 2670 1592 quae
2697 1536 2844 1576 nunc
2870 1520 2926 1576 in
2969 1521 3087 1593 iege
3116 1521 3232 1588 Dei,
3257 1523 3339 1577 vel
3375 1520 3690 1577 divinislit-

2118 1613 2248 1668 teris
2275 1612 2583 1685 intelligere
2610 1628 2902 1685 possumus
2940 1624 3035 1670 aut
3056 1616 3282 1681 sentire,
3311 1614 3483 1670 multo
3523 1613 3693 1671 subli-

2117 1705 2290 1760 miora
2318 1712 2375 1760 et
2408 1705 2715 1763 excelsiora
2757 1716 2921 1762 erunt
2967 1706 3080 1771 illa,
3126 1721 3248 1778 quae
3272 1717 3533 1771 cessante
3554 1706 3693 1764 arni-

2115 1804 2297 1865 gmate
2331 1794 2477 1852 facie
2505 1798 2581 1853 ad.
2602 1796 2801 1853 faciem
2834 1798 3009 1854 sancti
3038 1798 3244 1869 quique
3274 1798 3462 1865 videre
3511 1812 3687 1855 mere-

2113 1887 2341 1955 buntur,
2381 1887 2509 1958 quia
2559 1904 2683 1958 quae
2740 1906 2758 1941 ι
2801 1888 2991 1945 oculus
3038 1904 3146 1946 non
3200 1890 3364 1955 vidit.
3410 1905 3514 1947 nec
3541 1893 3693 1946 auris

2112 1978 2339 2044 audivit,
2368 1992 2471 2035 nec
2498 1979 2552 2033 in
2579 1994 2675 2035 cor
2691 1980 2927 2036 hominis
2954 1982 3285 2050 ascendit“,
3311 2003 3330 2036 ι
3364 1983 3481 2039 haec
3503 2000 3523 2036 ι
3552 1989 3693 2054 prm-

2114 2070 2331 2140 paravit
2376 2070 2519 2126 Deus
2570 2071 2638 2126 iis
2669 2072 2761 2141 qui
2791 2073 3025 2144 diligunt
3052 2088 3180 2128 eum
3212 2074 3349 2145 (80).
3388 2094 3409 2126 ι
3456 2074 3613 2143 Quod
3644 2075 3690 2129 si

2111 2163 2408 2219 secundum
2453 2163 2693 2221 litteram
2731 2166 2904 2222 solam
2954 2167 3305 2239 intelligenda
3351 2168 3421 2225 sit
3469 2168 3575 2233 lex,
3614 2170 3693 2223 iu-

2115 2252 2548 2325 veniuntur(81)
2601 2254 2718 2311 sine
2747 2255 2913 2312 dubio
2934 2254 3028 2311 Ilii
3060 2255 3247 2324 Israel,
3292 2271 3417 2312 cum
3456 2258 3693 2313 meIiuri-

2113 2346 2217 2404 bus
2252 2354 2538 2403 uterentur
2585 2345 2816 2418 (manna
2850 2348 3050 2419 quippe
3098 2349 3165 2404 de
3205 2348 3348 2406 ctelo
3378 2348 3687 2422 capiebant)

2109 2453 2177 2495 ex
2214 2439 2647 2508 repromissione
2670 2440 2945 2496 deteriora
2971 2442 3275 2512 accepisse,
3316 2443 3519 2513 quibus
3540 2446 3692 2512 prius

2110 2529 2465 2602 Egyptiacis
2513 2530 2899 2588 deficientibus
2934 2532 3095 2601 cibis,
3128 2533 3321 2590 melior
3351 2537 3539 2604 utique
3568 2551 3691 2592 suc-

2110 2631 2356 2677 cesserat
2399 2621 2555 2677 cibus
2600 2637 2796 2677 mauna
2823 2623 2894 2679 de
2932 2624 3094 2680 cmlo.
3124 2624 3191 2680 Et
3234 2626 3507 2695 quomodo
3550 2641 3693 2682 nunc

2112 2710 2389 2781 putabitur
2406 2709 2633 2767 meliore
2657 2710 2785 2767 cibo
2805 2721 3057 2768 cessante
3078 2714 3410 2771 successisse
3432 2715 3689 2782 deterior,

2112 2801 2221 2857 nisi
2248 2802 2373 2871 quia
2433 2802 2604 2870 maior
2641 2810 2700 2857 et
2752 2801 2939 2863 verior
2976 2803 3116 2859 ratio
3148 2804 3201 2859 in
3227 2804 3461 2874 spiritali
3491 2807 3691 2861 intelli-

2109 2892 2310 2962 gentia,
2342 2906 2509 2963 quam
2545 2892 2599 2946 in
2640 2899 2793 2949 textu
2823 2892 3022 2951 littera:
3051 2894 3483 2965 deprehenditur
3507 2897 3533 2949 ἳ
3576 2896 3682 2954 Sed

2114 2983 2334 3039 interim
2376 2993 2732 3055 posteaquam
2780 2983 3082 3041 introduxit
3127 2983 3285 3041 Iesus
3324 2987 3583 3057 populum
3639 2990 3690 3044 in

436 3080 746 3149 quicunque
787 3080 1019 3135 mundus
1056 3080 1225 3136 fuerit
1265 3091 1317 3137 et
1370 3084 1751 3151 circumcisus,
1780 3088 1924 3143 sicut
1955 3097 2009 3144 et
2037 3110 2082 3171 ε
2116 3081 2625 3171 ῑεηθιη-εθηςιθιηι
2673 3072 3151 3143 tuncexpusnalis
3179 3072 3291 3142 (εἰ)
3320 3077 3573 3131 omnibus
3602 3090 3693 3132 cc-

433 3174 728 3245 Apostolus
758 3174 1150 3244 interpretatur
1169 3175 1359 3231 dicens
1380 3178 1429 3209 '°
1460 3198 1471 3232 :
1505 3195 1523 3230 ι
1565 3178 1776 3234 Etenim
1807 3181 2007 3250 pascha

435 3276 683 3322 nostrum
723 3266 1035 3322 immolatus
1070 3276 1166 3323 'est
1189 3266 1461 3325 Christus.
1509 3268 1700 3341 Itaque
1738 3272 1882 3327 diem
1924 3272 2006 3329 fe-

436 3367 585 3412 stum
620 3356 978 3424 celebremus,
1013 3372 1119 3414 non
1153 3358 1207 3413 in
1236 3358 1503 3416 fermento
1535 3363 1726 3429 veteri,
1752 3377 1930 3433 neque
1955 3364 2009 3417 in

434 3451 707 3505 fermento
756 3450 977 3506 malitiae
1015 3460 1069 3505 et
1118 3451 1375 3521 nequitias
1403 3452 1539 3524 (76),
1575 3455 1672 3509 sed
1699 3454 1754 3509 in
1800 3454 2010 3526 azymis

433 3540 773 3596 sinceritatis
826 3550 883 3597 et
931 3542 1205 3598 veritatis.
1258 3560 1281 3595 ι
1338 3542 1449 3599 Sed
1497 3552 1552 3600 et
1603 3555 1731 3600 tunc
1785 3548 2007 3617 quidem

432 3654 651 3725 quando
689 3655 822 3711 exiit
871 3655 1098 3725 populus
1140 3656 1207 3711 de
1258 3665 1402 3712 terra
1453 3657 1710 3731 Egypti,
1770 3663 2009 3731 portavit

432 3761 681 3815 sparsum
713 3747 771 3803 in
792 3747 1134 3803 vestimentis
1155 3748 1290 3803 suis.
1326 3748 1461 3805 Cum
1511 3761 1692 3806 autem
1723 3752 2012 3811 defecisset

431 3853 712 3908 sparsum,
753 3847 809 3895 et
856 3854 1026 3911 panes
1066 3855 1173 3895 non
1223 3842 1511 3909 haberent,
1543 3843 1678 3913 pluit
1709 3846 1818 3902 illis
1864 3846 2009 3904 Deus

433 3946 652 3985 manna.
689 3931 825 3988 Cum
879 3941 1060 3987 autem
1090 3944 1358 3989 venerunt
1383 3935 1451 3989 ad
1506 3944 1707 3993 terram
1737 3946 2006 4007 sanctam,

430 4034 486 4079 et
524 4022 738 4078 fructus
774 4033 1131 4096 perceperunt
1171 4026 1471 4094 provincia:
1497 4028 1823 4098 palmarum,
1852 4030 2003 4087 defe-

431 4117 606 4172 citeis
630 4131 849 4181 manna,
884 4123 941 4169 et
972 4124 1103 4171 tunc
1135 4116 1297 4173 edere
1325 4127 1614 4189 cmperunt
1637 4121 1705 4175 de
1740 4120 2010 4179 fructibus

432 4221 611 4264 terrm.
662 4209 853 4279 Itaque
897 4208 999 4263 tria
1036 4223 1237 4278 genera
1300 4209 1412 4285 (77)
1467 4211 1715 4268 ciborum
1779 4230 2008 4285 genera-

433 4302 559 4356 liter
617 4301 1019 4357 describuntur.
1067 4299 1244 4357 Unum
1293 4303 1512 4371 quidem
1563 4319 1672 4375 quo
1734 4310 2010 4365 vescimur

430 4408 694 4469 exeuntes
724 4398 789 4452 de
815 4409 955 4452 terra
985 4396 1231 4469 Egypti,
1267 4399 1361 4454 sed
1391 4398 1496 4454 hoc
1524 4400 1590 4455 ad
1614 4414 1838 4470 parvum
1865 4412 2002 4458 tem-

434 4506 534 4560 pus
564 4488 778 4544 sullicit.
814 4488 936 4544 I—‘ost
965 4490 1068 4544 hoc
1103 4498 1282 4545 autem
1334 4484 1533 4543 manna
1563 4491 1833 4549 succedit.
1870 4491 2003 4548 Ter-

434 4584 568 4635 tium
594 4595 723 4636 vero
772 4580 881 4648 jam
913 4581 979 4636 de
1014 4590 1155 4636 terra
1192 4590 1380 4638 sancta
1432 4584 1681 4654 capimus
1738 4586 1999 4642 fructum.

437 4673 498 4727 In
526 4672 724 4741 quibus
746 4669 1064 4727 dill'crcutiis
1093 4672 1175 4742 (ut
1202 4686 1335 4727 meae
1363 4675 1654 4743 parvitatis
1692 4675 2000 4733 intellectus

435 4765 763 4834 assequitur)
796 4763 922 4817 illud
945 4762 1186 4820 arbitror
1224 4764 1474 4830 indicari,
1497 4767 1640 4836 quod
1674 4768 1884 4839 primus
1920 4770 2004 4824 ci-

2117 3165 2296 3222 lebrat
2312 3163 2549 3222 Pascha.

2183 3303 2237 3357 '5.
2271 3318 2290 3351 ι
2322 3300 2389 3355 Et
2416 3300 2619 3356 factum
2648 3312 2731 3357 est
2770 3316 2891 3367 cum
2924 3311 3071 3357 esset
3096 3301 3253 3359 Iesus
3284 3304 3334 3356 iu
3370 3302 3591 3361 Iericho
3622 3306 3689 3371 ",

2116 3393 2419 3463 respiciens
2450 3391 2629 3448 oculis
2656 3392 2793 3448 vidit
2814 3393 3091 3450 hominem
3129 3402 3364 3450 stantem
3394 3403 3586 3451 contra
3610 3411 3689 3463 se,

2113 3494 2167 3539 et
2202 3483 2413 3557 gladius
2442 3484 2760 3554 evaginatus
2789 3496 2911 3541 erat
2956 3486 3009 3541 in
3051 3501 3212 3541 manu
3252 3485 3391 3555 ejus.
3441 3485 3508 3541 Et
3536 3503 3692 3544 acce-

2113 3579 2245 3632 dens
2281 3574 2439 3632 Iesus
2472 3576 2611 3632 dixit
2637 3577 2683 3632 ei
2721 3593 2735 3632 :
2765 3577 2960 3633 Noster
2985 3592 3065 3645 es,
3095 3592 3161 3634 an
3199 3579 3638 3635 adversariorum
3668 3582 3692 3634 ?

2112 3670 2183 3723 At
2224 3668 2316 3725 ille
2364 3668 2546 3725 dixit:
2586 3669 2699 3740 Ego
2749 3685 2869 3727 sum
2919 3672 3174 3743 princeps
3216 3672 3423 3728 militiae
3470 3674 3691 3729 virtutis

2114 3760 2326 3817 Domini
2352 3778 2373 3816 γε
2400 3775 2545 3816 nunc
2569 3761 2762 3818 adveni
2790 3760 2923 3835 (8'5).
2954 3782 2973 3815 ι
3008 3764 3330 3834 Respicimus
3352 3781 3483 3835 ergo
3517 3768 3692 3823 oculis

2112 3853 2260 3908 videt
2300 3852 2603 3923 principem
2644 3851 2853 3909 militiae
2889 3855 3109 3911 virtutis
3153 3855 3388 3925 Domini,
3428 3867 3688 3929 tanquam

2115 3945 2207 4015 qui
2241 3946 2391 4016 prius
2417 3961 2520 4001 non
2558 3946 2885 4017 respexerit,
2919 3947 3013 4004 sed
3047 3957 3197 4015 tunc,
3232 3964 3354 4005 cum
3386 3952 3689 4022 principem

2114 4035 2323 4091 militize
2359 4035 2570 4092 Domini
2601 4036 2818 4092 visurus
2849 4046 3014 4094 esset.
3056 4039 3224 4108 Quem
3252 4048 3428 4095 tamen
3455 4058 3577 4097 cum
3610 4044 3690 4097 vi~

2112 4133 2283 4191 disset
2325 4133 2507 4201 Iesus,
2561 4151 2665 4192 non
2697 4151 2820 4192 eum
2856 4134 3003 4190 velut
3032 4149 3376 4191 communem
3415 4135 3687 4190 hominem

2110 4226 2267 4293 vidit,
2302 4228 2395 4283 sed
2432 4227 2698 4283 intellexit
2735 4229 2989 4284 virtutem
3044 4241 3165 4284 esse
3194 4227 3505 4297 quamdam.
3539 4226 3683 4281 Nun-

2117 4318 2242 4381 dum
2280 4318 2425 4374 enim
2454 4318 2567 4391 (84)
2604 4328 2791 4376 certus
2818 4328 2902 4377 est
2931 4336 2999 4376 ex
3041 4318 3239 4376 divinis
3267 4320 3579 4386 virtutibus,
3617 4337 3684 4375 au

2110 4424 2177 4464 ex
2199 4410 2490 4466 contrariis
2519 4425 2624 4465 una
2660 4411 2730 4466 sit
2762 4425 2881 4480 quae
2926 4411 3166 4477 videtur,
3202 4420 3255 4465 et
3294 4410 3416 4466 ideo
3448 4413 3685 4467 interro-

2113 4511 2225 4572 gat,
2258 4510 2313 4555 et
2358 4502 2625 4573 perquirit
2669 4503 2854 4559 dicens
2885 4520 2900 4559 :
2942 4520 2961 4555 ι
2995 4501 3192 4560 Noster
3226 4520 3308 4572 es,
3338 4520 3404 4557 an
3434 4504 3688 4560 adversa-

2114 4593 2365 4649 riorum?
2408 4612 2425 4645 ι
2472 4594 2655 4651 Atille
2690 4594 2808 4650 ait:
2841 4613 2859 4649 ί
2908 4595 3021 4667 Ego
3051 4611 3167 4652 sum
3196 4598 3449 4667 princeps
3485 4598 3688 4653 militiae

2112 4686 2327 4741 virtutis
2354 4686 2588 4755 Domini,
2618 4702 2761 4743 nunc
2798 4687 3013 4744 adveni.
3047 4704 3066 4739 ι
3106 4687 3326 4744 Etcum
3378 4689 3481 4745 hoc
3506 4692 3688 4744 audis-

2114 4786 2195 4833 set
2224 4775 2359 4847 (85),
2391 4778 2639 4835 adoravit
2664 4777 2914 4845 Iesus,et
2942 4778 3078 4835 dixit
3102 4779 3151 4812 “
3183 4796 3199 4833 :
3233 4797 3252 4832 ι
3293 4778 3537 4847 Domine,
3558 4780 3687 4850 quid

503 4904 549 4939 ¹⁸
568 4904 682 4961 Ius.
713 4918 764 4969 v,
800 4904 854 4959 9.
929 4904 972 4937 ι’
998 4901 1111 4959 Ios.
1138 4920 1191 4971 v,
1222 4903 1306 4961 10.
1385 4907 1429 4938 ²⁰
1455 4905 1474 4959 l
1498 4906 1620 4971 Cur,
1650 4924 1700 4973 v,
1745 4908 1795 4976 7,
1822 4909 1876 4965 8.
1946 4913 1988 4945 ιι

2112 4931 2193 4971 or.
2228 4932 2289 4984 ιι,
2315 4915 2369 4972 9.
2440 4918 2485 4949 “
2511 4915 2621 4971 Ius.
2660 4932 2712 4986 ν,
2744 4917 2828 4983 l5,
2862 4918 2949 4974 M.
3024 4918 3071 4951 "
3102 4918 3216 4974 Ius.
3241 4932 3294 4981 ν,
3322 4917 3407 4972 14.

502 5024 615 5095 (74)
649 5022 857 5100 Iidem;
897 5042 915 5074 t
961 5022 1014 5076 in
1051 5024 1222 5081 initiis
1265 5039 1465 5081 exuere
1507 5037 1668 5097 atque
1718 5041 2005 5100 amputare

430 5093 530 5151 nos
559 5093 716 5162 posse
742 5093 938 5161 prima.
988 5112 1006 5144 ι

502 5161 620 5235 (75)
651 5161 843 5235 Primi.
869 5164 1031 5221 Deest
1064 5164 1116 5217 iu
1142 5163 1426 5234 Seugerm.
1463 5176 1518 5220 et
1540 5165 1935 5224 Gemcticensi.

503 5168 593 5235 (75
651 5168 843 5218 Primi.
869 5168 1031 5221 Deest
1064 5168 1116 5217 iu
1142 5168 1426 5234 Seugerm.
1463 5176 1518 5220 et
1540 5168 1935 5224 Gemcticensi.

503 5168 620 5317 (76)
670 5231 879 5288 διεθησ-
913 5235 1192 5302 ιιειιιιὶιίειι.
1231 5253 1251 5287 ι
1289 5235 1442 5297 Libb.
1478 5236 1610 5291 editi
1643 5255 1655 5291 :
1692 5257 1710 5288 ι
1755 5239 1997 5310 nraligui~

433 5308 617 5443 utsi)
641 5322 822 5427 (’lodex
861 5372 1296 5429 Gemeticensis:
1333 5391 1353 5425 ι
1385 5374 1486 5430 tria
1516 5389 1739 5445 genera.
1786 5394 1804 5428 ι
1840 5376 1997 5434 βίω»,

429 5444 559 5499 editi
592 5461 605 5498 :
646 5460 665 5493 ι
701 5452 811 5497 tres
833 5445 1061 5511 species.
1101 5462 1120 5496 ι
1264 5482 1265 5485 η

463 5513 613 5593 ⁵(78)
663 5511 977 5568 chularis.
1028 5512 1181 5570 Unus
1236 5513 1580 5571 Ebroiccnsis
1630 5530 1646 5568 :

431 5600 613 5722 ω(Ἱώ
644 5652 907 5708 Cemctic.
930 5662 979 5708 ct
1010 5655 1120 5709 ’duo
1154 5653 1549 5710 Ebruiceuses:
1585 5674 1603 5708 ι
1638 5656 1944 5711 scientiam.
1979 5677 1995 5708 ι

500 5724 611 5793 (80)
640 5724 822 5780 Codex
857 5724 1121 5782 Getnctic.
1161 5743 1178 5777 ι
1217 5728 1536 5793 ascendunt,
1571 5745 1589 5777 ι
1622 5735 1675 5783 et
1699 5726 1855 5797 paulo
1880 5724 2003 5797 post

1707 5535 1724 5568 ι
1778 5516 1999 5573 schola-

2117 5053 2136 5086 ς
2179 5032 2340 5104 Deus
2361 5032 2717 5104 diligentibus
2746 5050 2824 5091 se.
2858 5054 2876 5087 ι

2181 5105 2295 5175 (81)
2326 5103 2525 5175 Idem:
2554 5123 2573 5157 ι
2617 5106 2979 5175 invenientur.
3021 5124 3040 5158 ι

2180 5173 2294 5244 (—82)
2319 5173 2631 5244 Sangerm.,
2660 5174 2925 5233 Gemetic.
2946 5186 3001 5230 et
3030 5190 3169 5232 unus
3196 5175 3514 5236 Ebroieens.
3542 5202 3562 5234 ε
3587 5198 3685 5238 ex-

2107 5247 2378 5314 pugnatis.
2410 5263 2458 5319 a_
2481 5244 2636 5319 Libb.
2671 5245 2800 5301 editi
2821 5259 2862 5319 A:
2912 5263 2933 5301 ι
2959 5248 3291 5319 expurgatis.
3321 5267 3341 5303 ι
3370 5249 3509 5306 Ibid.
3539 5253 3683 5310 San-

2106 5330 2276 5385 germ.
2319 5314 2658 5385 t__celebrant
2686 5317 2907 5385 pascha.
2952 5335 2972 5369 ι

2174 5382 2500 5459 (8;)_Nuue
2545 5382 2752 5459 arlveiii.
2791 5386 2950 5442 Deest
3008 5385 3073 5459 i_n_
3105 5387 3237 5444 libb.
3290 5398 3451 5445 antea
3491 5391 3674 5459 editis,

2112 5454 2211 5506 sed
2235 5452 2466 5517 habetur
2490 5452 2541 5505 in
2570 5456 2824 5510 omnibus
2863 5469 2993 5512 mss.
3019 5455 3139 5512 Mox
3174 5459 3227 5514 in
3256 5461 3377 5514 cod.
3411 5452 3679 5520 Gcmetic.

2110 5521 2261 5575 deest
2300 5540 2317 5574 ι
2359 5522 2674 5590 respiciens.
2710 5543 2729 5577 ι

2178 5591 2291 5659 (84)
2348 5592 2701 5662 Saugermau.
2763 5614 2780 5649 ι
2817 5597 2983 5654 enim.
3035 5615 3055 5651 ι
3107 5596 3471 5661 Libb.editii
3531 5622 3550 5657 ι
3596 5612 3682 5659 ta-

2112 5677 2258 5715 IIICII.
2325 5681 2342 5712 ι

2124 5736 2127 5743 ’
2182 5731 2293 5802 (85)
2327 5732 2470 5789 Idem
2505 5750 2518 5792 :
2559 5752 2577 5788 ι
2626 5733 2871 5793 dixisset.
2917 5757 2935 5793 ι
