4104 6226
516 268 620 321 ιιδῦ
776 303 811 341 χ

1964 270 2281 327 ORlGENlS

3658 278 3771 331 856

519 383 768 450 prmt'ipis
811 398 971 437 servo
1014 395 1109 440 tuo
1136 388 1161 439 ?
1194 408 1214 438 ι
1260 389 1399 455 Quid
1437 399 1519 444 est
1549 392 1691 460 quod
1739 406 1835 447 nos
1862 408 1957 463 per
1992 395 2091 446 hoc
2120 399 2162 450 Α
2193 394 2258 446 de
2295 392 2546 461 paradiso
2601 392 2652 444 in
2704 391 2862 459 hujus
2908 393 3096 447 mundi
3140 396 3388 450 exsilium
3445 408 3624 450 trusus
3655 410 3764 452 est.

516 472 707 526 edocet
749 472 947 527 Jesus?
990 474 1122 529 Illud
1167 478 1284 532 sine
1334 478 1498 533 dubio
1530 482 1671 546 quod
1708 482 1837 535 dicit
1864 493 2080 551 aposto-

518 561 599 616 lus
627 562 676 593 ”
705 577 719 615 :
758 581 775 613 ι
820 562 997 618 Nolite
1022 567 1170 619 omni
1213 570 1425 637 spiritui
1454 572 1697 635 credere,
1733 574 1826 627 sed
1859 576 2081 639 probate

514 654 738 717 spiritus
770 656 814 706 si
842 670 905 708 ex
939 657 1045 709 Deo
1080 667 1223 711 sunt.
1267 676 1286 709 ι
1321 659 1581 729 Cognovit
1630 678 1758 733 ergo
1787 664 1945 719 Jesns
1978 684 2079 720 non

512 738 686 792 solum
724 745 863 809 quod
911 760 974 799 cx
1024 745 1135 799 Deo
1183 757 1304 811 est,
1347 752 1440 803 sed
1478 752 1601 819 quia
1656 752 1794 807 Deus
1827 765 1926 808 est.
1964 755 2078 810 Non

512 831 655 884 enim
692 834 991 899 adorasset,
1026 838 1126 891 nisi
1177 840 1484 907 agnovisset
1536 842 1723 897 Deum.
1767 845 1897 911 Quis
1934 849 2077 902 enim

512 924 650 978 alius
706 936 790 980 est
836 929 1085 996 princeps
1139 930 1342 983 militiae
1374 932 1638 987 virtutum
1690 935 1923 1003 Domini,
1972 939 2075 994 nisi

514 1015 772 1071 Dominus
826 1028 1011 1073 noster
1060 1018 1217 1074 Jesus
1254 1019 1551 1079 Christus?
1606 1022 1796 1080 Omnis
1847 1044 2077 1099 namque

508 1107 631 1161 caeli
663 1107 875 1173 militia,
910 1110 1023 1163 sive
1067 1112 1271 1181 angeli,
1307 1115 1421 1169 sive
1453 1116 1785 1187 archangeli,
1819 1121 1935 1176 sive
1963 1124 2073 1177 vir-

509 1206 674 1257 tutes,
704 1198 818 1250 sive
845 1198 1269 1269 dominationes,
1305 1206 1421 1261 sive
1452 1208 1815 1279 principatus,
1843 1214 1957 1268 sive
1980 1229 2076 1283 po-

508 1296 752 1350 testates,
785 1289 965 1342 omnia
997 1291 1112 1347 haec
1137 1308 1257 1363 quae
1288 1310 1385 1365 per
1423 1297 1595 1367 ipsum
1630 1300 1767 1355 facta
1797 1312 1943 1370 sunt,
1975 1306 2074 1361 sub

507 1380 625 1447 ipso
661 1380 905 1451 principe
945 1385 1199 1453 militant,
1230 1388 1430 1458 quiest
1460 1393 1763 1463 principum
1799 1398 2071 1467 princeps,

502 1479 559 1523 ct
574 1470 665 1539 qui
687 1470 913 1543 largitur
935 1477 1267 1546 principibus
1288 1480 1671 1551 principatum.
1690 1485 1805 1553 Ipse
1828 1497 1907 1542 est
1927 1489 2070 1544 enim

505 1560 603 1627 qui
627 1561 757 1615 dicit
792 1563 846 1615 in
882 1565 1170 1636 Evangelio
1192 1570 1276 1622 "z
1314 1588 1332 1620 ι
1374 1572 1501 1627 Esto
1525 1584 1843 1641 potestatem
1868 1569 2072 1633 habens

501 1666 659 1720 supra
700 1652 859 1724 41],
900 1657 1085 1713 decem
1121 1661 1387 1717 civitates.
1430 1682 1448 1715 ι
1476 1664 1542 1719 Et
1573 1668 1696 1722 alibi
1733 1688 1746 1724 :
1791 1688 1808 1721 ι
1837 1671 1962 1726 Esto
2014 1681 2067 1725 tn

500 1752 821 1809 potestatem
843 1745 1047 1804 habens
1064 1763 1228 1819 supra
1258 1754 1496 1823 quinque
1515 1758 1784 1815 civitates.
1816 1781 1835 1814 ι
1866 1763 1963 1819 ilic
1988 1775 2067 1821 est

498 1836 587 1903 qui
622 1850 849 1906 accepto
874 1854 1043 1908 regno
1072 1856 1350 1911 regressus
1377 1856 1480 1902 est.

566 1927 621 1980 '5.
656 1926 762 1981 Sed
794 1928 1011 1983 interim
1044 1931 1323 1987 videamus
1352 1948 1471 2003 qua:
1492 1950 1732 2005 praesens
1756 1939 1913 1996 lectio
1940 1954 2069 2010 sug-

495 2021 658 2083 gerit.
710 2019 763 2073 In
812 2018 1030 2076 Jet'icbo
1061 2030 1143 2076 est
1171 2021 1351 2089 Jesus,
1385 2026 1559 2082 adhuc
1588 2027 1776 2084 hostes
1817 2031 2067 2087 obtinent

494 2112 797 2176 civitatem,
836 2116 1072 2171 nondum
1102 2118 1234 2173 victi
1268 2131 1417 2187 sunt,
1446 2130 1501 2175 et
1521 2123 1632 2190 jam
1662 2132 1841 2177 tamen
1865 2124 2066 2179 dicitur

495 2203 557 2255 ad
582 2202 766 2259 Jesum
792 2207 839 2239 “
864 2224 910 2259 ει
946 2208 1108 2263 Solve
1136 2210 1565 2266 calceamentum
1595 2214 1663 2268 de
1684 2214 1908 2282 pedibus
1935 2217 2061 2284 tuis,

491 2293 644 2350 locus
678 2297 823 2351 enim
855 2298 906 2352 in
939 2315 1049 2369 quo
1080 2311 1197 2356 stas
1224 2311 1369 2357 terra
1407 2314 1596 2359 sancta
1622 2314 1726 2360 est.
1772 2325 1792 2359 ι
1824 2306 1889 2361 Ει
1929 2322 2065 2377 quo-

490 2388 650 2443 modo
674 2388 893 2445 Jericho
926 2401 1066 2447 terra
1100 2404 1287 2449 sancta
1312 2403 1418 2461 est,
1454 2410 1575 2465 qua!
1607 2398 1676 2452 ab
1709 2398 1954 2454 hostibus
1986 2413 2066 2453 re-

490 2480 735 2534 tinetur?
758 2481 863 2537 Sed
888 2499 956 2537 ue
983 2484 1124 2539 forte
1165 2485 1265 2540 hoc
1300 2486 1370 2541 sit
1402 2488 1547 2557 quod
1592 2487 1883 2553 indicatur,
1935 2491 2060 2559 quia

487 2582 815 2637 quocunque
868 2572 1079 2627 venerit
1137 2574 1387 2644 princeps
1441 2576 1645 2630 militia:
1686 2578 1902 2634 virtutis
1949 2579 2061 2634 Do-

488 2658 644 2723 mini,
682 2660 992 2716 sanctiﬁcat
1030 2663 1233 2730 locum,
1261 2666 1385 2733 quia
1425 2681 1526 2721 nec
1572 2667 1686 2736 ipsa
1718 2666 1937 2724 Jericho
1979 2670 2059 2725 lo-

484 2766 582 2806 ens
610 2761 733 2807 erat
759 2762 982 2809 sanctus
1013 2771 1029 2810 :
1059 2756 1151 2809 sed
1176 2756 1301 2825 quia
1327 2758 1579 2828 princeps
1612 2760 1815 2815 militias
1850 2762 2060 2817 Domini

483 2843 632 2897 venit
658 2842 806 2909 illuc,
836 2844 985 2900 locus
1014 2846 1211 2901 dicitur
1237 2857 1479 2904 sanctus.
1510 2848 1625 2921 Ego
1645 2852 1807 2906 etiam
1831 2855 2060 2921 amplius

482 2932 689 3002 aliquid
713 2936 884 2991 audeo
910 2946 964 2993 et
992 2937 1138 3001 dico,
1158 2938 1283 3008 quia
1300 2939 1462 2995 etiam
1495 2941 1707 3014 Moyses
1741 2943 1831 2999 ubi
1858 2946 2054 3013 stabat,

483 3038 580 3090 per
606 3026 842 3095 seipsum
862 3042 967 3083 non
997 3038 1116 3084 erat
1148 3028 1302 3085 locus
1326 3039 1570 3099 sanctus,
1594 3034 1691 3089 sed
1707 3036 1832 3105 quia
1872 3035 2056 3090 Domi-
2083 3063 2127 3123 ρ

485 3132 583 3172 uus
606 3119 784 3174 stabat
805 3134 926 3175 cum
959 3119 1163 3191 Moyse,
1194 3124 1479 3192 praesentia
1508 3124 1717 3181 Domini
1750 3128 2058 3183 sanctiﬁca-

482 3218 636 3265 verat
681 3209 883 3274 locum.
930 3223 985 3268 et
1037 3214 1159 3268 ideo
1202 3214 1401 3270 dicitur
1426 3216 1491 3272 ad
1525 3232 1645 3273 eum
1682 3219 1726 3251 ³⁷
1760 3236 1775 3277 :
1815 3237 1833 3272 ι
1895 3219 2056 3277 Solve

482 3299 773 3370 corrigiam
800 3302 1156 3359 calceamenti
1185 3304 1285 3370 tui,
1318 3305 1470 3363 locus
1503 3308 1646 3362 enim
1691 3309 1742 3364 in
1779 3325 1887 3381 quo
1940 3322 2055 3368 stas

482 3402 630 3448 terra
666 3405 853 3449 sancta
906 3406 1009 3451 est.
1050 3416 1068 3449 ι
1112 3397 1262 3455 Unde
1292 3409 1346 3455 et
1382 3416 1480 3455 nos
1522 3402 1568 3457 si
1597 3404 1705 3458 vita
1744 3413 1798 3459 et
1844 3408 2053 3463 meritis

478 3485 801 3540 accedamus
827 3488 893 3541 ad
923 3486 1112 3553 Deum,
1137 3498 1191 3544 et
1220 3490 1365 3559 digni
1399 3491 1698 3547 elliciamur
1739 3505 1794 3549 ut
1833 3498 2054 3551 assistat

481 3574 637 3630 nobis
665 3574 831 3641 Deus,
858 3577 1059 3631 dicitur
1081 3578 1245 3633 etiam
1280 3579 1345 3633 ad
1368 3594 1465 3633 nos
1491 3590 1547 3634 ut
1577 3582 1852 3639 solvamus
1892 3600 1920 3638 a
1954 3600 2047 3655 pe-

477 3668 636 3723 dibus
658 3668 854 3724 anima
889 3679 1111 3735 nostrm,
1144 3670 1187 3723 si
1225 3671 1353 3741 quid
1387 3672 1439 3726 in
1465 3674 1545 3727 eis
1569 3674 1764 3729 vinculi
1807 3677 2049 3731 mortalis

476 3776 747 3814 annexum
779 3770 880 3817 est.
920 3761 1010 3817 isti
1039 3763 1181 3817 enim
1231 3774 1353 3818 sunt
1386 3766 1569 3835 pedes,
1600 3781 1736 3837 quos
1778 3768 1919 3821 lavat
1956 3766 2049 3823 Je-

474 3868 566 3909 sus
604 3854 675 3921 ",
704 3870 839 3925 quos
884 3858 989 3911 nisi
1047 3858 1263 3923 laverit,
1308 3874 1411 3914 non
1464 3860 1785 3917 habebimus
1840 3871 2047 3931 partem

474 3962 597 4001 cum
626 3960 711 4000 eo.
744 3946 896 4013 Quod
923 3948 967 4001 si
998 3964 1127 4019 ergo
1163 3950 1230 4003 ab
1259 3951 1439 4005 anima
1480 3962 1662 4007 nostra
1694 3963 1749 4007 et
1798 3955 2049 4010 sensibus

472 4050 633 4088 omne
660 4034 932 4089 vinculum
961 4052 1105 4091 curae
1129 4038 1371 4093 mortalis
1396 4038 1509 4110 (86)
1537 4041 1891 4110 absolvimus,
1919 4061 2048 4101 con-

475 4125 625 4178 tinuo
661 4124 893 4178 libenter
921 4126 1086 4179 etiam
1116 4126 1272 4181 nobis
1298 4127 1474 4181 aderit
1519 4138 1575 4183 et
1617 4132 1835 4186 assistet
1879 4133 2042 4191 Deus.

540 4214 593 4267 4.
621 4213 754 4280 Quze
788 4225 966 4270 autem
994 4226 1119 4271 sunt
1161 4217 1212 4271 in
1251 4222 1713 4290 consequentibus
1744 4225 2040 4283 videamus.

473 4302 858 4359 Circumdatur
901 4304 1143 4372 Iericho,
1178 4310 1475 4379 expugnari
1527 4324 1643 4365 eam
1680 4327 1901 4369 necesse
1936 4329 2039 4373 est.

2189 485 2293 537 Sed
2326 493 2380 537 et
2409 484 2535 537 croci
2564 483 2610 515 ³⁸
2633 484 2724 552 qui
2752 494 2912 538 erant
2946 486 3002 539 in
3043 483 3288 550 Jericho,
3318 489 3382 541 ad
3428 504 3565 557 quos
3616 490 3766 545 venit

2187 568 2345 622 .lesus
2372 580 2430 623 ut
2483 570 2690 623 faceret
2721 584 2817 625 eos
2852 571 3057 636 videre,
3105 574 3335 629 fortnam
3375 578 3633 643 gerebant
3668 593 3763 632 eo-

2187 675 2303 713 rum
2338 661 2428 728 qui
2456 660 2507 713 in
2539 661 2643 714 hoc
2680 660 2883 714 mundo
2918 664 3164 719 caecitate
3194 666 3507 735 ignorantia:
3541 682 3763 735 preme«

2168 751 2402 815 .bantur,
2430 753 2496 805 ad
2526 767 2663 821 quos
2693 752 2841 807 venit
2867 753 3042 809 Filius
3067 756 3183 810 Dei.
3216 757 3341 813 llaec
3366 773 3493 829 ergo
3513 756 3759 825 Jericho,

2183 842 2234 897 id
2263 853 2346 898 est
2393 844 2624 898 mundus
2670 844 2759 899 hic
2808 862 3042 903 casurus
3079 858 3185 904 est.
3219 849 3620 906 Consunnnatio
3667 862 3760 906 et-

2180 933 2324 988 enim
2342 933 2522 989 steculi
2547 932 2662 1000 jam
2690 935 2895 989 dudum
2913 938 3121 993 sanctis
3150 940 3509 995 voluminibus
3538 940 3757 1009 pervul-

2178 1034 2300 1095 gata
2338 1033 2441 1081 est.
2474 1024 2751 1091 Quomodo
2775 1041 2911 1095 ergo
2936 1029 2985 1083 ei
3038 1032 3441 1085 consummatio
3486 1031 3698 1085 dabitur
3723 1030 3750 1082 ?

2178 1116 2373 1185 quibus
2403 1116 2662 1186 organis?
2690 1115 2949 1184 Vocibus,
2984 1121 3179 1190 inquit,
3217 1124 3493 1176 tubarum.
3518 1122 3751 1188 Quarum

2179 1208 2426 1261 tubarum
2448 1206 2687 1262 ?Paulus
2719 1207 2814 1261 tibi
2842 1211 3030 1264 secreti
3054 1212 3216 1279 hujus
3242 1214 3443 1280 prodat
3473 1228 3749 1265 arcanum.

2174 1296 2315 1350 Audi
2348 1296 2462 1364 ipse
2502 1298 2631 1367 quid
2662 1298 2807 1352 dicat
2840 1314 2855 1351 :
2891 1316 2911 1350 ι
2943 1298 3130 1364 Cauet,
3190 1300 3375 1368 inquit
3411 1301 3481 1364 ³¹,
3523 1302 3673 1367 tuba,
3701 1311 3753 1354 et

2176 1388 2378 1442 mortui
2413 1388 2505 1456 qui
2538 1388 2589 1443 in
2619 1387 2833 1444 Christo
2879 1398 3026 1453 sunt,
3066 1400 3360 1458 resurgent
3404 1390 3746 1459 incorrupti,

2173 1489 2229 1533 et
2255 1479 2369 1548 ipse
2406 1478 2666 1533 Dominus
2695 1481 2749 1532 in
2776 1477 2947 1549 jussu,
2970 1478 3026 1532 in
3048 1493 3181 1533 voce
3223 1479 3565 1548 archangeli,
3599 1490 3658 1535 et
3688 1482 3745 1534 in

2176 1569 2302 1623 tuba
2351 1568 2443 1624 Dei
2479 1568 2776 1624 descendet
2822 1570 2888 1626 de
2932 1569 3091 1623 coelo.
3128 1584 3148 1617 ι
3186 1568 3339 1624 Tunc
3366 1584 3517 1639 ergo
3568 1567 3740 1625 Jesus

2175 1660 2434 1716 Dominus
2465 1671 2649 1716 noster
2675 1676 2795 1715 cum
2830 1661 2971 1717 tubis
3020 1661 3202 1717 vincet
3233 1659 3446 1715 Iericho
3502 1669 3556 1716 et
3602 1676 3736 1729 pro-

2173 1761 2382 1807 sternet
2404 1767 2549 1816 eam,
2580 1752 2652 1806 ita
2680 1762 2741 1807 ut
2768 1768 2834 1809 ex
2864 1768 2928 1808 ea
2970 1754 3229 1808 meretrix
3259 1753 3371 1807 sola
3401 1752 3648 1819 salvetur,
3675 1766 3730 1807 ct

2172 1842 2352 1898 omnis
2378 1843 2569 1898 domus
2595 1842 2732 1912 ejus.
2774 1842 2987 1908 Veniet,
3026 1844 3220 1913 inquit,
3269 1842 3529 1897 Dominus
3555 1853 3733 1897 noster

2102 1942 2105 1943 ⁷
2168 1934 2348 2001 Jesus,
2384 1945 2439 1988 et
2486 1934 2539 1988 in
2573 1936 2825 1989 tubarum
2877 1948 3014 1989 voce
3061 1936 3258 1989 veniet.
3311 1934 3418 1988 Sed
3459 1934 3572 2000 jam
3607 1950 3745 1988 nunc
3842 2004 3847 2007 ἦ

2169 2039 2389 2079 oremus
2413 2036 2472 2080 ut
2507 2025 2691 2079 veniat
2738 2032 2792 2078 et
2816 2024 3062 2078 destruat
3112 2025 3395 2087 mundum,
3428 2024 3519 2092 qui
3551 2024 3604 2077 in
3637 2039 3748 2076 rna-

2168 2116 2317 2186 ligno
2346 2118 2552 2186 positus
2580 2126 2662 2171 est
2690 2116 2757 2181 ”,
2790 2126 2844 2171 et
2869 2118 3052 2171 omnia
3104 2130 3223 2185 qua:
3264 2116 3316 2168 in
3361 2113 3564 2167 mundo
3596 2122 3744 2177 sunt,

2166 2210 2291 2279 quia
2332 2226 2350 2260 ι
2389 2222 2550 2264 omne
2594 2210 2739 2278 quod
2794 2208 2848 2262 in
2894 2208 3095 2262 mundo
3142 2215 3251 2270 est,
3306 2205 3744 2275 concupiscentia

2173 2298 2357 2353 carnis
2379 2309 2484 2362 est,
2514 2308 2568 2353 et
2598 2297 3042 2367 concupiscentia
3086 2297 3368 2352 oculorum
3398 2297 3495 2348 ³⁸.»
3516 2295 3616 2351 Ista
3646 2294 3741 2349 de-

2164 2398 2363 2455 struat,
2387 2390 2487 2444 ista
2510 2388 2845 2459 jarnjamque
2867 2387 3156 2453 dissolvat,
3182 2388 3358 2444 salvet
3392 2397 3570 2441 autem
3600 2387 3739 2441 hanc

2165 2484 2337 2537 solam
2368 2496 2489 2551 qua:
2516 2481 2892 2550 exploratores
2915 2481 3031 2550 ejus
3062 2481 3321 2551 suscepit,
3355 2494 3477 2549 quae
3501 2480 3736 2546 Aposto-

2170 2574 2250 2629 los
2276 2574 2394 2643 ejus
2418 2574 2470 2627 in
2502 2573 2605 2627 lide
2630 2556 2685 2627 et
2722 2572 3029 2628 obedientia
3084 2583 3355 2643 receptos,
3387 2572 3442 2625 in
3474 2571 3725 2639 superio-

2167 2666 2318 2720 ribus
2364 2663 2675 2731 collocavit,
2721 2672 2779 2718 et
2821 2662 3079 2731 adiungat
3105 2673 3161 2719 et
3188 2664 3362 2719 societ
3392 2667 3733 2721 meretricem

2166 2758 2305 2812 hanc
2341 2771 2462 2812 cum
2520 2754 2683 2810 domo
2728 2754 2915 2811 lsrael.
2973 2755 3079 2811 Sed
3122 2754 3231 2821 jam
3263 2771 3368 2811 non
3405 2768 3732 2826 repetamus,

2164 2862 2265 2903 nec
2304 2856 2625 2917 reputemus
2651 2846 2700 2900 ei
2727 2856 2965 2900 veterem
2997 2845 3230 2914 culpam.
3271 2846 3579 2915 Aliquando
3621 2864 3733 2902 meo

2164 2940 2333 2996 retrix
2368 2940 2487 3005 fuit,
2518 2952 2660 2991 nunc
2707 2947 2888 2991 autem
2928 2938 3020 2991 uni
3063 2939 3179 2991 viro
3213 2948 3364 2993 casto
3390 2940 3541 3007 virgo
3575 2950 3727 2993 casta

2161 3032 2406 3102 copulata
2439 3040 2521 3085 est
2543 3028 2779 3084 Christo.
2816 3029 2953 3083 Audi
3001 3028 3312 3099 Apostolum
3366 3030 3631 3083 dicentem
3665 3034 3733 3082 de

2158 3140 2222 3181 ea
2253 3124 2300 3157 ³⁸
2331 3142 2344 3179 :
2388 3144 2405 3176 ι
2438 3122 2612 3179 Statui
2641 3132 2821 3175 autem
2856 3123 2960 3175 hoc
2987 3122 3179 3190 ipsum,
3208 3120 3298 3174 uni
3326 3121 3442 3175 viro
3464 3119 3726 3190 virginem

2157 3227 2361 3274 castam
2391 3231 2484 3271 vos
2510 3216 2768 3270 exhibere
2796 3213 3035 3269 Christo.
3073 3231 3092 3265 ι
3133 3210 3212 3265 Ex
3242 3213 3354 3281 ipsa
3382 3223 3501 3267 erat
3534 3223 3589 3267 et
3639 3211 3729 3268 ille

2155 3310 2271 3380 ipse
2301 3307 2393 3377 qui
2421 3307 2635 3362 dicebat
2661 3306 2705 3337 ³⁸
2739 3324 2752 3359 :
2784 3322 2802 3355 ι
2843 3303 3067 3358 Fuimus
3091 3306 3235 3357 enim
3257 3314 3427 3358 etnos
3442 3304 3728 3371 aliquando

2154 3402 2492 3472 insipientes,
2526 3397 2812 3460 increduli.
2846 3409 3118 3457 errantes,
3167 3396 3472 3451 servientes
3517 3395 3728 3450 deside-

2154 3494 2251 3549 riis
2276 3503 2329 3547 et
2366 3492 2738 3561 voluptatibus
2763 3489 2949 3544 variis.
2979 3507 2996 3540 ι
3024 3487 3114 3543 Vis
3142 3487 3320 3542 adhuc
3341 3488 3615 3556 copiosius
3646 3488 3726 3539 di-

2151 3600 2327 3651 scere,
2352 3584 2622 3654 quomodo
2673 3581 2931 3638 meretrix
2979 3580 3095 3650 jam
3147 3595 3253 3633 non
3302 3579 3373 3632 sit
3426 3578 3727 3632 meretrix?

2150 3679 2289 3734 Audi
2317 3679 2493 3733 adhuc
2526 3676 2752 3731 Paulum
2787 3676 3053 3731 dicentem
3088 3674 3132 3705 “
3164 3693 3177 3728 :
3217 3692 3235 3725 r
3266 3672 3330 3728 Et
3360 3675 3474 3728 lucc
3507 3674 3721 3742 quidem

2151 3770 2353 3834 fuistis,
2381 3769 2475 3823 sed
2532 3768 2703 3823 abluti
2736 3767 2888 3832 estis;
2933 3764 3026 3819 sed
3076 3764 3401 3817 sanctiﬁcati
3440 3764 3572 3817 estis
3606 3760 3721 3829 (87)

2150 3863 2201 3917 in
2231 3861 2446 3916 nomine
2475 3860 2686 3916 Domini
2731 3859 2903 3914 nostri
2938 3856 3063 3912 Jesu
3092 3856 3319 3921 Christi,
3347 3865 3400 3911 et
3431 3856 3484 3909 in
3516 3854 3719 3924 Spiritu

2148 3954 2245 4008 Dei
2274 3952 2572 4010 nostri.iUt
2600 3953 2745 4007 enim
2787 3960 2969 4021 posset
2997 3950 3249 4014 evadere,
3293 3963 3360 4002 ne
3409 3962 3532 4002 cum
3584 3944 3721 4001 Jeri-

2146 4048 2251 4102 cbo
2282 4048 2553 4110 interiret,
2614 4045 3007 4099 validissimum
3054 4043 3122 4097 ab
3167 4038 3602 4110 exploratoribus
3642 4037 3718 4090 si-

2147 4152 2309 4206 gnum
2367 4136 2561 4191 salutis
2613 4137 2856 4204 accepit,
2918 4144 3160 4205 spartum
3221 4134 3558 4187 coccineum.
3619 4128 3719 4184 Per

2146 4227 2345 4281 Christi
2374 4226 2580 4281 ctenim
2629 4228 2949 4297 sanguinem
3007 4225 3250 4279 Ecclesia
3307 4224 3421 4279 haec
3466 4223 3714 4277 universa

2145 4318 2412 4385 salvator,
2448 4319 2499 4372 in
2536 4319 2655 4387 ipso
2688 4316 2815 4372 Jesu
2861 4317 3080 4373 Christo
3123 4317 3349 4371 Domino
3390 4325 3596 4377 nostro,
3630 4312 3715 4366 cui

471 4394 757 4460 Quomodo
789 4412 921 4464 ergo
977 4411 1321 4469 expugnatur
1352 4399 1618 4460 Iericho?
1664 4404 1887 4462 Gladius
1931 4424 2037 4464 non
2075 4404 2117 4459 D
2146 4418 2230 4463 est
2257 4410 2426 4480 gloria
2462 4419 2517 4464 et
2560 4411 2845 4480 imperium
2885 4411 2997 4482 (88)
3049 4412 3101 4466 in
3147 4409 3343 4466 saecula
3375 4405 3712 4463 saeculorum.

468 4485 718 4540 adiicitur
740 4487 1002 4543 adversus
1025 4506 1167 4556 eam,
1198 4493 1338 4547 aries
1366 4509 1469 4548 non
1500 4496 1769 4568 dirigitur,
1805 4514 1904 4554 nec
1935 4502 2035 4556 tela

468 4579 777 4643 vibrantur,
813 4581 953 4634 tubte
990 4580 1331 4639 solummodo
1369 4587 1735 4645 sacerdotalcs
1771 4592 2036 4647 adhiben-

470 4682 577 4738 tur,
607 4680 662 4725 ct
688 4671 770 4725 bis
802 4668 1022 4729 Iericho
1050 4675 1188 4727 muri
1220 4676 1577 4733 subruuntur.
1612 4678 1669 4733 In
1700 4681 1863 4750 ligura
1894 4685 2037 4739 enim

467 4764 650 4817 mundi
677 4765 801 4832 poni
839 4763 1057 4821 Iericho
1091 4768 1142 4819 iu
1186 4765 1483 4837 Scripturis
1525 4768 1839 4841 frequenter
1887 4774 2039 4831 inve-

466 4856 665 4909 nimus.
693 4855 830 4911 Nam
868 4867 922 4913 et
961 4858 1014 4913 in
1047 4858 1341 4927 Evangelio
1378 4859 1425 4891 "
1471 4862 1615 4930 quod
1646 4864 1842 4919 dicitur
1874 4868 2036 4924 homo

465 4951 531 5002 de
555 4947 853 5004 Jerusalem
887 4951 939 5005 in
966 4949 1191 5006 .Iericbo
1227 4951 1572 5008 descendisse
1618 4965 1675 5009 et
1700 4955 1754 5011 in
1797 4956 2036 5015 latrones

466 5044 782 5109 incurrisse,
825 5043 999 5097 forma
1045 5045 1165 5101 sine
1212 5045 1377 5101 dubio
1428 5056 1550 5101 erat
1585 5047 1728 5103 illius
1759 5051 1910 5119 Adae,
1945 5053 2038 5123 qui

528 5135 616 5205 ’ξι
658 5134 814 5190 Joan.
856 5151 931 5198 tv,
978 5138 1030 5191 1.
1144 5139 1188 5169 ³⁸
1218 5139 1348 5193 Luc.
1380 5155 1493 5203 χιιι,
1534 5141 1730 5205 17,20.

462 5202 508 5278 ff
540 5204 729 5261 Matth.
762 5222 855 5260 xx.
927 5209 969 5239 ³¹
996 5209 1011 5262 Ι
1040 5212 1163 5263 Cor.
1194 5225 1280 5272 xv,
1313 5210 1405 5271 52,
1430 5202 1529 5264 etl
1563 5202 1758 5267 Thess.
1794 5230 1866 5278 tv,
1891 5215 1945 5269 5.

462 5273 505 5304 ³⁸
536 5278 639 5331 'l‘it.
684 5294 765 5344 nt,
792 5279 847 5333 5.
923 5279 967 5310 ’°
1004 5278 1021 5331 Ι
1053 5279 1176 5333 Cor.
1211 5295 1285 5339 vi,
1327 5280 1413 5334 Η.

532 5369 644 5440 (86)
677 5371 821 5440 Idem
854 5385 869 5423 :
912 5391 929 5422 ι
962 5372 1330 5425 mortalitatis.
1368 5390 1385 5422 ι

533 5439 645 5510 (87)
682 5439 787 5495 Sed
832 5442 1149 5509 sancti/irati
1199 5445 1339 5495 estis.
1384 5442 1506 5498 llaec
1538 5446 1731 5499 desunt
1786 5445 1837 5500 in
1875 5445 2030 5501 libris

460 5507 769 5585 editis,.scd
811 5507 1059 5585 leguntur
1097 5513 1147 5566 in
1182 5514 1354 5585 tribus
1390 5530 1518 5570 mss.
1571 5515 1886 5585 Saugerm.,
1922 5517 2030 5573 Ge-

461 5578 641 5631 metic.
677 5591 730 5633 et
760 5578 1236 5636 uno'Ebroiccnsi.

531 5646 643 5720 (88)
671 5648 802 5705 Post
828 5653 1101 5721 imperium
1130 5668 1268 5709 unus
1289 5653 1634 5711 Ebroiceusis
1650 5655 1799 5711 addit
1831 5675 1883 5711 ιι
1910 5674 2031 5715 cum

1842 5145 1888 5177 “
1918 5144 2031 5199 Jos.
2054 5162 2106 5207 ν,
2142 5148 2228 5201 15.

2023 5217 2067 5247 ³³
2100 5216 2117 5270 l
2149 5215 2306 5273 Joau.
2340 5233 2391 5281 v,
2444 5218 2526 5273 t9.

2142 4502 2336 4557 Amen.

2721 4590 3000 4646 liOMlLlA
3040 4590 3151 4649 Vll.

2148 4682 2224 4737 De
2249 4682 2462 4737 Iericho
2487 4683 2749 4753 quomodo
2778 4691 2930 4753 capta
2972 4692 3067 4735 est.
3126 4679 3192 4733 Et
3221 4680 3297 4733 uti
3333 4678 3576 4747 prtecepr't
3623 4675 3716 4729 Je-

2218 4769 2308 4806 ειη
2352 4751 2718 4821 ﬁliis’lsrael,
2776 4762 2835 4804 ut
2885 4752 2948 4804 de
2998 4755 3331 4804 anathemate
3385 4763 3712 4821 uon_stmt¢-

2221 4834 2331 4875 rent
2352 4815 2493 4889 ’(89).
2539 4820 2607 4873 Et
2640 4821 2786 4874 Raab
2829 4823 3091 4889 quomodo
3118 4821 3320 4873 saluata
3343 4830 3440 4872 est.
3473 4815 3539 4869 Et
3564 4821 3713 4889 dero

2211 4894 2299 4961 qui
2328 4886 2536 4957 furatur
2549 4901 2705 4944 estea:
2728 4886 3060 4945 anathemate
3082 4893 3315 4958 linguam
3340 4904 3552 4942 auream
3574 4886 3715 4957 (90),

2212 4972 2259 5013 et
2286 4964 2542 5014 dextralt’a
2572 4978 2724 5030 pura.

2215 5055 2266 5107 l.
2297 5052 2519 5108 Jericho
2574 5053 2718 5107 tubis
2770 5052 3052 5106 subruitur
3101 5051 3469 5107 sacerdotum.
3514 5047 3711 5103 Statim

2332 5148 2377 5178 "
2427 5147 2596 5201 Exod.
2630 5162 2715 5209 ιιι,
2741 5146 2795 5200 5.
2907 5145 2954 5177 ’⁸
2975 5144 3133 5200 .loan.
3164 5158 3282 5197 xnt.
3401 5142 3447 5174 '9
3485 5140 3616 5195 Luc.
3654 5156 3707 5193 x.

2606 5216 2650 5248 ³³
2698 5216 2715 5269 l
2768 5214 2926 5271 Joan.
2960 5231 3022 5282 ιι,
3057 5216 3144 5269 l6.
3222 5213 3267 5243 ”
3296 5210 3337 5266 ll
3359 5211 3487 5267 Cor.
3520 5227 3583 5277 ιι,
3620 5212 3709 5265 ll.

2140 5377 2342 5448 Spiritu
2378 5388 2585 5433 sancto.
2636 5397 2653 5428 ι

2211 5449 2325 5515 (89)
2357 5448 2425 5501 Et
2466 5452 2541 5502 uti
2584 5449 2824 5517 pmcepit
2847 5448 3005 5503 Iesus
3032 5448 3161 5518 ﬁliis
3188 5445 3384 5518 Israel,
3411 5458 3465 5500 ut
3488 5448 3554 5502 de
3577 5462 3711 5501 ana-

2140 5518 2364 5571 themate
2412 5536 2513 5573 uou
2554 5530 2836 5574 sumerent.
2869 5519 2993 5574 lltec
3035 5517 3423 5573 desiderantur
3450 5519 3501 5573 in
3536 5518 3711 5575 tribus

2140 5588 2661 5658 niss.Saugermau.,
2702 5587 2965 5645 Gemetic.
2995 5600 3048 5645 et
3079 5604 3186 5642 uno
3212 5589 3553 5645 Ebroicensi.

2212 5657 2322 5730 (90)
2362 5657 2642 5731 sangerni.
2685 5677 2703 5711 ι
2743 5661 2982 5731 regulam
3015 5674 3255 5717 auream.
3292 5677 3313 5711 ι
