4104 6226
479 314 579 368 ΒῖΠ

1473 310 1540 365 ΙΝ
1578 310 1836 366 LIBRUM
1870 307 2037 366 JESU
2068 308 2254 365 NAVE
2279 311 2560 367 llOMlLlA
2593 313 2705 367 ΥΠ.

3620 323 3724 378 853

479 434 621 486 enim
650 446 707 486 ut
731 430 982 485 tubarum
1009 430 1234 500 clangor
1259 428 1552 501 increpuit,
1593 447 1869 486 nmrormn
1909 432 2059 498 deje-
2089 436 2131 491 Λ
2163 432 2254 485 sed
2291 449 2456 486 unum
2490 432 2857 488 tantummodo
2881 435 3151 491 hominem
3182 438 3311 494 facit
3348 440 3582 498 beatum.
3632 445 3722 500 Sic

475 533 596 576 ctus
620 531 703 577 est
730 523 985 576 ambitus.
1017 522 1335 576 Dixeramus
1379 524 1542 576 etiam
1587 532 1642 576 et
1692 525 1864 592 prius,
1909 525 2051 592 quod

474 611 693 668 Iericho
715 614 943 666 formam
967 613 1147 667 smeuli
1177 613 1460 682 prassentis
1488 614 1754 675 obtineat,
1780 615 1931 679 cujus
1969 629 2053 667 ro-

481 707 582 758 Imr
604 715 659 758 et
687 704 1021 760 munimenta
1044 705 1470 760 sacerdotalibus
1503 707 1645 759 ttthis
1668 705 1910 758 videmus
1932 718 2052 758 esse

476 799 775 851 t'cstructa.
822 796 1080 852 Firmitas
1138 811 1373 865 namque
1404 806 1456 851 et
1485 796 1816 851 munimenta
1853 796 2050 862 quibus

475 889 622 942 velut
649 888 821 941 muris
858 891 1089 942 mundus
1120 888 1220 943 iste
1266 888 1543 942 nitebatur
1595 887 1732 957 (9i),
1783 887 2045 941 idolorum

476 980 653 1035 cultus
688 992 827 1047 erat,
876 980 1271 1035 divinationum
1318 980 1535 1035 fallacia
1581 990 1699 1034 arte
1742 978 2044 1031 daetnonum

478 1069 806 1133 ministrata,
846 1084 1109 1139 augurum
1154 1078 1316 1138 atque
1354 1068 1694 1136 aruspicum,
1741 1080 2046 1135 magorum-

471 1174 579 1227 que
602 1169 928 1225 commenta,
956 1160 1150 1229 quibus
1172 1161 1422 1215 omnibus
1451 1160 1600 1215 velut
1624 1159 1793 1213 muris
1825 1157 2044 1211 validis-

471 1251 625 1306 simis
654 1251 998 1307 ambiebatur
1035 1254 1122 1308 hic
1174 1254 1429 1307 mundus.
1471 1252 1696 1321 Insuper
1735 1253 1899 1307 etiam
1958 1255 2040 1308 di-

472 1347 639 1400 versis
672 1346 1110 1414 philosophorum
1134 1344 1296 1416 412
1330 1345 1675 1415 dogmatibus
1717 1356 1773 1401 et
1799 1346 2042 1400 eiiiinen-

471 1434 695 1490 tissimis
731 1437 1125 1491 assertionibus
1147 1450 1211 1490 ac
1238 1435 1695 1503 disputationibus
1728 1436 1867 1507 (9‘2),
1897 1437 2041 1491 velut

464 1528 711 1596 proceris
767 1528 1087 1598 quibusdam
1131 1537 1185 1582 et
1225 1528 1458 1582 robustis
1492 1528 1733 1583 turribus
1784 1529 2039 1583 ﬁrmaba-

465 1627 569 1669 tur.
603 1614 843 1671 Veniens
884 1629 1017 1672 vero
1066 1616 1329 1672 Dominus
1358 1626 1541 1673 noster
1573 1617 1730 1673 Jesus
1762 1618 2034 1687 Christus,

461 1706 619 1775 cujus
644 1706 733 1759 ille
775 1705 925 1775 prior
959 1706 1105 1762 illius
1154 1706 1300 1762 Nave
1346 1708 1669 1778 designabat
1715 1709 2032 1777 adventum,

2155 524 2297 577 enim
2339 524 2471 578 dicit
2502 525 2547 556 ⁸ο
2585 542 2597 576 :
2630 545 2647 575 ι
2692 526 2890 581 Beatus
2916 528 2999 580 vir
3029 529 3120 596 qui
3168 530 3319 586 timet
3358 533 3661 592 Dominmn.
3697 557 3717 589 ι

2154 614 2294 668 Alibi
2322 616 2484 669 etiam
2513 616 2693 685 plures
2719 616 2853 670 ﬁunt
2885 619 3023 673 beati
3060 619 3128 686 “,
3160 622 3297 675 sicut
3320 638 3580 693 pauperes
3609 629 3721 697 spi-

2154 705 2280 768 ritu,
2320 705 2401 759 vel
2455 709 2743 773 mansueti,
2796 711 2879 763 vel
2933 711 3167 778 pacifici,
3204 713 3285 766 vel
3317 717 3500 768 mundi
3533 718 3720 774 corde.

2156 795 2251 849 llic
2275 805 2456 850 autem
2489 798 2769 854 beatitudo
2804 803 3024 868 profusa
3052 813 3157 866 est,
3199 814 3253 857 et
3306 816 3454 859 tanta
3498 807 3587 862 hic
3626 827 3721 865 ne-

2149 891 2266 944 scio
2302 906 2421 959 qua:
2454 905 2617 944 causa
2652 891 3002 947 beatitudinis
3050 896 3341 962 indicatur,
3388 906 3445 950 ut
3495 900 3720 956 univer—

2148 995 2264 1034 smn
2321 981 2528 1050 pariter
2569 984 2824 1051 populum
2878 984 3042 1040 faciat
3100 987 3336 1053 beatum,
3380 990 3472 1058 qui
3536 1000 3716 1048 tamen

2147 1071 2339 1125 scierit
2385 1071 2786 1139 jubilationem.
2850 1076 3004 1131 Unde
3051 1079 3180 1131 mihi
3212 1079 3425 1133 videtur
3469 1081 3719 1149 jubilatio

2148 1161 2253 1215 ista
2291 1162 2533 1218 indicare
2575 1168 2863 1233 quemdam
2906 1170 3214 1222 concordiae
3257 1180 3311 1224 et
3348 1173 3719 1227 unanimitatis

2144 1252 2421 1309 aﬂ‘ectum.
2447 1254 2547 1321 Qui
2578 1257 2623 1310 si
2657 1257 2854 1312 incidat
2891 1261 2942 1312 in
2972 1261 3108 1314 duos
3142 1260 3225 1313 vel
3255 1271 3365 1315 tres
3400 1263 3599 1319 Christi
3637 1268 3719 1319 di-

2141 1345 2400 1413 scipulos,
2419 1347 2600 1401 omnia
2629 1363 2965 1419 quascunque
2993 1352 3249 1419 petierint
3278 1353 3329 1407 in
3362 1356 3579 1411 nomine
3605 1356 3718 1410 Sal-

2142 1437 2368 1503 vatoris,
2404 1448 2625 1507 praestat
2669 1440 2748 1495 cis
2783 1441 2944 1495 Pater
2969 1442 3229 1498 caelestis.
3273 1444 3329 1499 Si
3381 1463 3508 1501 vero
3566 1456 3713 1501 tanta

2140 1529 2305 1584 fuerit
2333 1530 2630 1595 beatitudo,
2684 1542 2743 1586 ut
2796 1534 3081 1589 universus
3129 1537 3360 1606 populus
3409 1554 3636 1594 concors
3660 1550 3714 1595 et

2140 1622 2414 1677 unanimis
2450 1633 2690 1687 maneat,
2728 1633 2782 1677 ut
2812 1626 2999 1681 eadem
3027 1627 3214 1682 dicant
3241 1631 3498 1685 omnesin
3522 1635 3712 1687 eodem

2140 1723 2303 1766 sensu
2362 1722 2527 1783 atque
2560 1716 2611 1769 in
2655 1716 2843 1770 eadem
2878 1720 3143 1773 sententia
3176 1732 3577 1790 permanentes,
3612 1724 3713 1778 isto

461 1796 626 1850 mittit
673 1796 982 1849 sacerdotes
1035 1797 1305 1864 apostolos
1356 1777 1486 1856 suos
1535 1800 1813 1871 portantes
1877 1806 2035 1862 tubas
2068 1777 2110 1832 Β
2142 1802 2230 1857 tali
2264 1805 2459 1873 popqu
2495 1821 2683 1861 vocem
2719 1808 3050 1863 unanimiter
3077 1810 3347 1878 clevante,
3381 1813 3471 1867 liet
3500 1814 3613 1884 (95)
3644 1816 3709 1868 il-

458 1883 724 1947 ductiles,
777 1884 1181 1953 praedicationis
1235 1888 1578 1955 magniﬁcam
1644 1892 2034 1963 caelestemque

458 1975 784 2029 doctrinam.
841 1976 1185 2031 Sacerdotali
1235 1978 1360 2033 tuba
1392 1981 1603 2047 primus
1644 1982 1696 2036 in
1734 1984 2033 2057 Evangelia

454 2080 555 2119 suo
592 2065 878 2123 Matthzeus
911 2068 1204 2138 increpuit.
1238 2068 1451 2127 Marcus
1506 2087 1741 2145 quoque,
1769 2076 1943 2134 Lucas
1973 2090 2031 2135 et

452 2152 688 2210 Joannes
736 2157 849 2212 suis
873 2157 1104 2226 singulis
1128 2158 1270 2214 tubis
1321 2164 1757 2221 sacerdotalibus
1810 2168 2029 2224 cecine-

455 2262 596 2305 runt.
633 2251 825 2307 Petrus
847 2253 1010 2308 etiam
1045 2256 1252 2311 duabus
1279 2256 1777 2329 (95)Epistolarum
1806 2280 2026 2322 suarum

452 2353 709 2411 personat
733 2345 900 2400 tubis.
930 2345 1167 2403 Jacobus
1192 2364 1409 2419 quoque
1436 2362 1494 2407 et
1518 2352 1705 2409 Judas.
1737 2357 1899 2412 Addit
1944 2360 2027 2412 ni-

450 2434 740 2489 hilominus
772 2437 952 2492 adhuc
979 2446 1035 2493 et
1078 2439 1317 2497 Joannes
1346 2443 1473 2498 tuba
1523 2459 1722 2501 canere
1768 2463 1865 2517 per
1896 2450 2024 2519 Epi-

446 2526 613 2580 stolas
652 2542 780 2582 suas
820 2539 875 2584 et
919 2530 1325 2602 Apocalypsim,
1359 2544 1413 2589 et
1440 2535 1615 2592 Lucas
1655 2540 2021 2608 apostolorum

444 2622 595 2679 gesta
630 2614 965 2672 describens.
1001 2617 1311 2675 Novissime
1336 2633 1516 2678 autem
1544 2625 1635 2681 ille
1662 2628 1907 2695 veniens,
1931 2631 2020 2699 qui

444 2702 588 2757 dixit
618 2703 663 2741 ³⁷
707 2723 719 2759 :
761 2725 780 2758 ι
824 2707 961 2763 Puto
994 2720 1177 2765 autem
1207 2728 1308 2768 nos
1339 2714 1482 2770 Deus
1517 2717 1844 2774 novissimos
1888 2735 2022 2789 apo-

441 2793 615 2849 stolos
640 2799 899 2867 ostendit,
932 2820 952 2853 ι
991 2812 1045 2857 et
1088 2804 1140 2857 in
1188 2808 1605 2875 quatuordecim
1660 2810 2014 2878 epistolarum

439 2896 662 2941 suarmn
702 2887 993 2950 lulminans
1019 2895 1184 2963 tubis,
1224 2912 1411 2954 muros
1445 2898 1688 2967 Jericho,
1730 2912 1784 2957 et
1825 2919 2017 2961 omnes

442 2974 766 3035 idololatria:
824 2986 1127 3051 machinas,
1178 2997 1234 3043 et
1275 2990 1723 3060 philosOphorum
1758 2995 2011 3064 dogmata

438 3081 611 3139 usque
652 3073 719 3127 ad
748 3072 1099 3132 fundamenta
1125 3079 1343 3147 deiecit.

508 3162 562 3214 2.
590 3162 765 3219 Movet
793 3179 876 3218 me
900 3182 1029 3222 sane
1054 3170 1217 3224 etiam
1251 3171 1535 3245 illudquod
1562 3176 1790 3231 historia
1823 3178 2009 3246 refert,

434 3252 560 3319 quia
595 3268 699 3307 non
734 3255 907 3309 solum
944 3261 1256 3317 sacerdotes
1280 3264 1424 3320 tubis
1444 3268 1782 3333 cecinerunt,
1821 3279 1875 3322 ut
1915 3285 2011 3324 ca—

435 3344 624 3398 derent
656 3347 792 3399 muri
833 3345 1071 3416 .lcrirho,
1101 3353 1194 3407 sed
1221 3364 1276 3408 et
1313 3358 1497 3413 audita
1539 3374 1672 3415 voce
1704 3361 1845 3415 tuba:
1875 3361 2010 3416 dici-

437 3440 523 3484 tur
551 3434 838 3492 uuiversus
868 3440 1098 3508 populus
1135 3444 1372 3501 ululasse
1406 3448 1611 3502 ululatu
1644 3465 1862 3517 magno,
1902 3454 2007 3516 vel,

434 3523 575 3578 sicut
609 3526 661 3579 in
692 3526 813 3582 aliis
843 3532 1249 3600 exemplaribus
1272 3537 1527 3603 habetur,
1549 3539 1813 3606 jubilasse
1840 3544 2012 3609 jubilo

435 3629 648 3684 magno.
687 3617 748 3671 Et
778 3623 1030 3688 quamvis
1054 3624 1153 3677 iste
1182 3639 1361 3681 sermo
1385 3627 1683 3698 improprie
1721 3634 2011 3689 translatus

428 3718 550 3761 csse
576 3708 843 3777 videatur,
868 3712 1186 3784 ἀλαλαγμός
1214 3719 1358 3772 enim
1411 3721 1465 3775 in
1511 3722 1702 3778 Graeco
1747 3726 2007 3795 scriptum

429 3803 535 3885 est,
564 3798 707 3863 quod
759 3814 932 3868 neque
970 3802 1223 3870 jubilum,
1273 3822 1448 3878 neque
1496 3810 1756 3867 ululatum
1795 3818 2010 3885 proprie

430 3884 726 3953 significat,
757 3890 851 3943 sed
880 3890 1028 3945 illam
1053 3896 1229 3964 magis
1250 3900 1484 3954 ostendit
1509 3915 1719 3965 vocem.
1748 3920 1853 3973 qua
1882 3884 2007 3961 belli

426 3982 672 4046 tempore
696 3982 971 4038 exercitus
993 3982 1286 4042 clamorem
1309 4003 1604 4046 consonum
1639 3993 1857 4059 tollens,
1884 4012 2010 4052 uua-

425 4067 647 4125 nitniter
669 4086 790 4126 sese
818 4075 1093 4131 cohortari
1122 4079 1190 4133 ad
1219 4080 1463 4149 praelium
1490 4083 1628 4139 solet
1657 4102 1671 4139 :
1708 4093 1889 4141 tamen
1918 4089 2007 4144 hic

423 4175 612 4217 sermo
642 4164 693 4216 in
729 4163 1025 4235 Scripturis
1062 4169 1319 4237 jubilatio
1351 4175 1527 4241 magis
1572 4191 1732 4245 quam
1783 4179 2009 4237 ululatio

423 4254 709 4307 consuevit
734 4255 977 4323 inscribi,
1006 4270 1064 4313 ut
1088 4260 1160 4316 ibi
1183 4262 1231 4295 ³⁸
1258 4278 1271 4315 :
1306 4281 1325 4315 ι
1359 4263 1595 4322 Jubilate
1614 4267 1865 4336 Domino,
1890 4285 2008 4326 om-

425 4342 509 4396 nis
560 4352 732 4399 terra.
772 4364 790 4398 ›
823 4346 888 4401 Et
941 4349 1139 4407 iterum
1186 4349 1230 4385 ¹⁹
1276 4371 1291 4407 :
1330 4352 1371 4407 ὃ
1405 4355 1605 4413 Beatus
1659 4361 1888 4429 populus
1913 4364 2001 4430 qui

2135 1897 2225 1951 lud
2255 1898 2394 1965 quod
2423 1898 2689 1967 scriptum
2725 1910 2807 1954 est
2851 1901 2902 1955 in
2952 1902 3183 1957 Actibus
3221 1906 3594 1974 apostolorum
3642 1909 3710 1975 δ’,

2133 1988 2263 2058 quia
2293 1998 2450 2043 terra:
2491 1999 2666 2044 motus
2694 1991 2867 2047 lactus
2894 2003 2979 2047 est
3003 2009 3249 2064 magnus,
3284 1999 3372 2052 ubi
3414 2009 3539 2053 tunc
3574 2016 3710 2053 una-

2134 2077 2308 2132 nimes
2348 2078 2581 2133 orabant
2616 2081 2840 2149 apostoli
2890 2096 3013 2136 cum
3056 2084 3398 2150 mulieribus,
3435 2096 3488 2140 et
3538 2087 3706 2141 Maria

2133 2178 2305 2222 matre
2343 2168 2469 2223 Jesu
2501 2185 2516 2221 :
2547 2179 2601 2223 et
2639 2179 2797 2223 terrm
2847 2182 2996 2226 motu
3048 2171 3196 2228 facto
3237 2176 3600 2242 destruentur,
3652 2188 3708 2232 et

2130 2262 2328 2317 cadent
2356 2263 2537 2316 omnia
2586 2278 2707 2332 quae
2743 2273 2959 2319 terrena
2990 2275 3138 2333 sunt,
3188 2282 3253 2323 ac
3301 2270 3531 2325 mundus
3590 2272 3707 2341 ipse

2128 2355 2502 2408 subvertetur.
2530 2354 2671 2408 Audi
2698 2356 2931 2425 denique
2957 2356 3244 2412 Dominum
3278 2367 3331 2414 et
3362 2359 3702 2420 Salvatorem

2126 2458 2375 2502 nostrum
2410 2446 2477 2501 ad
2518 2445 2619 2500 hoc
2653 2446 2827 2516 ipsqu
2880 2462 3009 2502 suos
3059 2448 3261 2503 milites
3304 2452 3703 2525 cohortantem,

2126 2539 2396 2608 quomodo
2430 2537 2667 2593 dicit”:
2707 2555 2723 2587 ι
2774 2538 3069 2603 Contidite,
3090 2554 3191 2608 ego
3219 2541 3321 2595 vici
3353 2545 3633 2599 mundum.
3678 2568 3699 2600 ι

2122 2630 2217 2685 Illo
2246 2645 2377 2702 ergo
2407 2631 2541 2685 duce
2570 2629 2681 2695 jam
2718 2631 2872 2686 nobis
2897 2632 3071 2685 victus
3088 2641 3171 2685 est
3198 2633 3457 2698 mundus,
3479 2646 3535 2689 et
3564 2641 3700 2692 muri

2121 2724 2236 2791 ejus
2258 2723 2480 2792 collapsi
2515 2733 2665 2787 sunt,
2698 2722 2895 2791 quibus
2946 2722 3192 2778 homines
3221 2724 3406 2779 saiculi
3455 2726 3704 2782 niteban-

2121 2822 2230 2869 tur.
2280 2814 2385 2868 Sed
2420 2823 2475 2869 ct
2506 2815 2875 2884 unusquisque
2910 2825 3156 2869 nostrum
3207 2816 3369 2872 debet
3414 2818 3465 2871 in
3499 2829 3701 2873 semet-

2119 2907 2236 2975 ipso
2286 2907 2385 2961 ista
2427 2906 2721 2977 complere.
2768 2907 2944 2961 liabes
2985 2907 3040 2959 in
3071 2916 3123 2961 te
3148 2905 3334 2961 Jesum
3377 2908 3567 2963 ducem
3603 2926 3700 2980 per

2119 2998 2413 3062 ﬁdem,l‘ac
2439 3000 2531 3053 tibi
2564 2999 2721 3053 tubas
2750 2998 3002 3061 ductiles,
3057 2999 3099 3052 si
3155 3000 3415 3056 sacerdos
3448 3015 3539 3067 es;
3592 3002 3701 3057 imo

2041 3105 2087 3165 ρ
2120 3092 2243 3160 quia
2272 3093 2526 3147 sacerdos
2560 3105 2620 3145 es
2657 3090 2812 3161 (gens
2841 3090 2985 3144 enim
3023 3091 3220 3160 regalis
3265 3091 3491 3148 ellectus
3517 3109 3595 3160 es,
3632 3103 3687 3149 et

2119 3185 2485 3239 sacerdotium
2534 3194 2836 3239 sanctum:
2887 3182 2952 3237 de
2988 3193 3038 3239 te
3089 3184 3231 3238 enim
3280 3186 3539 3253 scriptum
3592 3189 3697 3257 cst)

2120 3275 2203 3328 l'ac
2257 3275 2348 3328 tibi
2403 3276 2558 3329 tubas
2608 3275 2839 3330 ductiles
2873 3274 2987 3345 (96)
3019 3289 3085 3328 ex
3131 3274 3434 3344 Scripturis
3473 3279 3693 3344 sanctis,

2120 3366 2243 3419 inde.
2269 3367 2374 3419 duc
2397 3381 2614 3433 sensus,
2641 3366 2769 3421 inde
2794 3380 3095 3430 sermones,
3132 3377 3410 3434 propterea
3437 3370 3582 3421 enim
3613 3378 3696 3422 tu-

2119 3459 2202 3512 ba:
2243 3457 2470 3512 ductiles
2513 3456 2874 3527 appellantur.
2908 3456 2963 3510 In
3019 3456 3149 3525 ipsis
3195 3471 3367 3521 eane,
3416 3458 3468 3512 id
3517 3469 3600 3513 est
3640 3460 3692 3513 in

2120 3548 2345 3619 psalmis
2380 3558 2435 3604 et
2464 3549 2700 3620 hymnis,
2731 3549 2784 3604 in
2814 3549 3048 3604 canticis
3076 3547 3416 3618 spiritalibus
3451 3564 3607 3616 cane,
3634 3552 3687 3605 in

2118 3639 2447 3711 pr0pheticis
2465 3641 2839 3707 sacramentis,
2863 3642 2915 3696 in
2936 3642 3213 3711 mysteriis
3229 3642 3383 3710 legis,
3407 3640 3458 3694 in
3477 3653 3692 3710 aposto-

2117 3733 2236 3788 licis
2286 3733 2630 3805 dogmatibus
2671 3748 2824 3789 cane.
2879 3734 2944 3788 Et
2977 3736 3023 3790 si
3074 3737 3128 3789 in
3183 3737 3387 3793 talibus
3420 3739 3690 3794 cecineris

2118 3824 2285 3888 tubis,
2309 3833 2362 3876 et
2388 3822 2588 3891 septies
2615 3838 2796 3877 arcam
2825 3823 3155 3880 Testamenti
3181 3828 3600 3896 circumtuleris,
3635 3828 3687 3882 id

2116 3926 2221 3981 est,
2250 3915 2296 3969 si
2345 3914 2483 3984 legis
2531 3914 2758 3984 mystica
2795 3926 3059 3985 prazcepta
3106 3917 3175 3973 ab
3221 3918 3551 3986 evangelicis
3582 3933 3687 3972 non

2114 4020 2335 4076 separes
2365 4005 2510 4060 tubis
2540 4020 2555 4058 :
2583 4008 2627 4060 si
2654 4005 2815 4058 etiam
2838 4006 3179 4075 jobilationis
3211 4019 3535 4064 concentum
3562 4008 3677 4077 (97)

2112 4099 2181 4154 de
2207 4098 2488 4168 temetipso
2519 4098 2727 4168 exigas,
2756 4100 2804 4153 id
2829 4110 2912 4154 est
2940 4100 3327 4169 cogitationum
3352 4112 3404 4156 et
3429 4116 3684 4156 sensuum

2117 4201 2328 4245 tuorum
2358 4191 2585 4261 populus
2611 4193 2700 4259 qui
2728 4192 2869 4246 intra
2903 4201 2954 4247 te
2990 4201 3096 4257 est,
3118 4195 3440 4249 concordem
3474 4210 3686 4266 semper

2066 4312 2070 4315 η
2113 4291 2169 4336 et
2205 4295 2501 4337 consonam
2529 4280 2770 4350 proferat
2804 4298 3011 4347 vocem,
3042 4293 3096 4337 et
3126 4300 3230 4338 non
3260 4284 3551 4354 aliquando
3595 4302 3684 4341 vc-

2115 4385 2233 4425 rum
2268 4370 2440 4433 dicas,
2497 4370 2790 4439 aliquando
2845 4386 3093 4441 persona:
3137 4375 3376 4442 potentis
3435 4375 3684 4430 adulatus

422 4436 525 4490 scit
575 4434 969 4504 jubilationem.
1008 4461 1025 4494 ι
1076 4444 1229 4512 Quod
1256 4448 1417 4504 etiam
1477 4466 1562 4506 me
1608 4464 1887 4522 permovet
1914 4456 2000 4511 di-
2035 4454 2079 4509 D
2110 4462 2394 4519 mendacio
2425 4434 2742 4528 maculeris,
2778 4463 2822 4517 si
2853 4480 2958 4519 non
2992 4474 3045 4520 te
3082 4465 3378 4535 aliquando
3428 4466 3680 4521 blandum

421 4535 591 4589 ctum,
623 4529 752 4597 quid
803 4530 943 4586 istud
976 4544 1182 4591 tantmn
1212 4540 1285 4593 sit
1323 4542 1502 4609 operis
1530 4541 1641 4615 (94)
1671 4547 1815 4615 quod
1867 4547 1994 4601 bea-

423 4627 533 4673 tum
560 4619 812 4690 p0pulum
847 4622 1026 4680 faciat.
1060 4627 1175 4682 Non
1214 4631 1369 4694 dixit,
1398 4633 1522 4702 quia
1551 4636 1740 4693 beatus
1766 4639 1993 4709 populus

421 4710 509 4779 qui
536 4711 639 4764 scit
665 4715 942 4781 mysteria,
969 4717 1053 4771 vel
1077 4720 1168 4787 qui
1196 4722 1296 4775 scit
1325 4724 1445 4778 cmli
1481 4741 1543 4780 ac
1584 4736 1739 4783 terra:
1766 4740 1820 4783 et
1848 4730 1995 4785 side-

421 4819 537 4857 rum
566 4804 830 4859 rationem
864 4824 877 4859 :
929 4813 1022 4863 sed
1058 4828 1076 4862 σ
1130 4811 1342 4881 beatus,
1397 4816 1594 4886 inquit,
1636 4823 1866 4890 populus
1903 4826 1996 4894 qui

414 4894 519 4948 scit
543 4892 941 4959 jubilationem.
979 4919 996 4952 ι
1029 4900 1083 4956 In
1114 4904 1237 4959 aliis
1275 4909 1435 4961 timor
1465 4907 1556 4963 Dei
1594 4911 1805 4968 beatum
1834 4892 1984 4977 facit,

2097 4556 2348 4612 remissio
2371 4555 2557 4621 faciat,
2604 4555 2900 4626 aliquando
2951 4560 3229 4614 iracundia
3277 4560 3673 4622 truculentum,

2097 4646 2142 4702 si
2178 4661 2283 4701 non
2319 4662 2586 4717 arrogans
2611 4660 2738 4716 erga
2765 4648 3029 4713 modicos,
3049 4658 3105 4703 et
3124 4652 3265 4719 apud
3287 4652 3554 4719 superbos
3584 4651 3679 4704 hu—

2100 4739 2244 4794 milis
2276 4740 2594 4806 inveniaris,
2636 4740 2871 4808 denique
2902 4740 2945 4794 si
2977 4756 3080 4793 non
3105 4756 3281 4811 pugna
3319 4744 3461 4796 intra
3492 4752 3544 4797 te
3584 4757 3678 4811 ge-

2106 4833 2266 4897 ritur,
2293 4832 2419 4885 dum
2468 4833 2805 4903 concupiscit
2846 4846 2976 4885 caro
3018 4834 3278 4886 adversus
3316 4833 3586 4901 spiritum,
3621 4840 3675 4887 et

2099 4921 2324 4989 spiritus
2346 4922 2604 4977 adversus
2626 4938 2846 4978 carnem
2874 4939 2889 4978 :
2926 4923 2969 4976 si
3005 4923 3116 4976 hinc
3152 4922 3291 4976 intra
3329 4931 3381 4974 te
3402 4920 3513 4989 jam
3545 4938 3674 4977 cou-

484 5057 702 5116 "lCor.
730 5077 806 5127 tv,
831 5063 885 5118 9.
949 5065 994 5097 ³⁸⁸
1018 5065 1159 5121 Psal.
1188 5084 1239 5135 ε,
1266 5070 1318 5124 1.
1382 5071 1425 5103 ³³
1449 5071 1593 5128 Psal.
1616 5090 1838 5143 LXXXIX,
1868 5078 1954 5133 16.
2003 5081 2021 5112 δ

2120 5081 2204 5135 sal.
2231 5096 2364 5138 ειη.
2395 5084 2445 5136 l.
2504 5085 2546 5115 δι
2574 5082 2764 5140 Matth.
2785 5099 2839 5140 v.
2900 5085 2945 5116 υ
2965 5085 3085 5139 Act.
3112 5100 3151 5139 t.
3210 5085 3428 5141 "Joan.
3448 5101 3558 5151 nt,
3581 5085 3672 5142 33.

482 5217 594 5289 (9|)
626 5218 735 5294 Iug
764 5222 1044 5279 nitebatur.
1078 5226 1227 5283 Unus
1258 5229 1634 5288 Ehroicensis:
1676 5253 1695 5286 ι
1736 5234 1836 5290 iste
1865 5248 1982 5294 ute-

414 5287 596 5359 batur.
637 5308 656 5359 ῃ
692 5290 1091 5349 Gemeliceusis
1130 5315 1143 5350 :
1176 5315 1193 5348 ι
1238 5300 1644 5359 instituebatur.
1677 5324 1696 5357 ι

481 5356 593 5427 (92)
623 5358 803 5431 Codex
852 5360 1244 5421 Gemeticensis
1279 5384 1400 5422 cum
1452 5387 1558 5424 uno
1603 5356 1926 5430 Ehroiceusi
1969 5399 1980 5431 :

413 5444 443 5502 ᾳ.
471 5429 862 5502 assertionibus
894 5432 1339 5500 disputationum.
1376 5458 1395 5491 ι
1452 5441 1574 5495 Mox
1610 5442 1753 5498 idem
1779 5429 1980 5502 Cerne-

407 5495 504 5550 tic.
542 5513 561 5546 s
603 5498 747 5552 velut
783 5495 1122 5566 proceribus.
1167 5525 1187 5558 ι

475 5567 587 5701 (95)
618 5567 855 5621 Duabus.
885 5571 1277 5631 Gemeticensis
1309 5596 1321 5630 :
1360 5597 1377 5629 ι
1414 5595 1479 5633 ex
1508 5580 1696 5637 tribus.
1738 5604 1757 5637 ι

501 5636 589 5701 94)
623 5637 766 5691 Idem
805 5655 817 5690 :
856 5657 872 5690 ι
914 5644 1045 5698 tanti
1076 5645 1147 5699 sit
1175 5648 1375 5701 oneris.
1413 5668 1431 5699 ι

501 5636 581 5690 94¹
623 5637 766 5691 Idem
805 5655 817 5690 :
856 5657 872 5690 ι
914 5644 1045 5698 tanti
1076 5645 1147 5699 sit
1175 5648 1375 5715 operis.
1413 5668 1431 5699 ι

502 5655 590 5778 95$
615 5705 757 5764 Idem
793 5727 806 5763 :
852 5727 873 5763 ι
906 5712 996 5768 isti
1033 5714 1195 5771 tali...
1229 5718 1431 5773 elevant

479 5705 590 5776 (95)
615 5705 757 5764 Idem
793 5727 806 5763 :
852 5727 873 5763 ι
906 5712 996 5768 isti
1033 5705 1463 5775 tali...'elevanti
1493 5719 1605 5776 (iet.
1647 5740 1665 5776 ι

2165 5241 2278 5315 (96)
2317 5241 2376 5297 Si
2406 5245 2664 5315 sacerdos
2694 5260 2769 5309 es,
2810 5245 2915 5298 imo
2961 5246 3087 5315 quia
3133 5249 3378 5301 sacerdos
3427 5264 3502 5313 es,
3543 5264 3668 5315 gens

2090 5312 2227 5364 enim
2269 5314 2458 5381 regalis
2491 5313 2704 5381 e/fectus
2744 5331 2820 5377 es,
2850 5326 2897 5368 et
2920 5312 3271 5369 sacerdotium
3294 5312 3563 5373 sanctum}
3603 5320 3667 5371 de

2091 5391 2139 5433 le
2164 5382 2305 5433 enim
2349 5383 2598 5448 scriptum
2625 5393 2701 5435 est
2728 5403 2748 5439 :
2772 5382 2888 5436 Fac
2921 5386 3017 5437 tibi
3063 5386 3215 5439 tubas
3263 5388 3504 5440 ductiles.
3534 5386 3659 5441 llaec

2087 5452 2677 5527 otttniadesidcrantur
2708 5454 2760 5506 in
2793 5454 2947 5509 libris
2975 5464 3135 5510 antea
3169 5457 3360 5522 editis,
3388 5458 3483 5512 88d
3509 5462 3659 5527 repe-

2090 5520 2307 5571 riuntur
2341 5521 2390 5573 in
2420 5521 2676 5576 omnibus
2706 5538 2834 5577 mss.

2159 5589 2511 5670 (97)(ἓᾳιιιςι.
2568 5602 2622 5645 et
2679 5608 2817 5670 unus
2868 5593 3211 5670 Ehroicensis
3244 5613 3257 5649 :
3296 5614 3316 5648 ‹
3363 5597 3458 5651 sed
3495 5596 3658 5670 etiam

2064 5656 2403 5731 jtl‘liiizttiOIIis
2431 5662 2495 5715 de
2533 5663 2818 5731 temetipso
2841 5665 3029 5730 exigas
3063 5678 3410 5722 concentum.
3450 5686 3470 5720 ι
3495 5666 3654 5721 Lihh.

2071 5729 2199 5783 editi
2229 5744 2327 5800 pro
2360 5747 2381 5785 α
2411 5729 2754 5795 concentum,
2776 5752 2794 5785 ι
2831 5735 3031 5791 habent
3071 5754 3090 5788 ‹
3126 5752 3476 5793 consensum.
3514 5758 3540 5792 ι
