4104 6226
417 189 523 244 859

1900 179 2248 238 ΟιίΙϐΕΝΙΞν

3586 211 3704 270 860

419 300 616 378 “ﬁam
661 308 718 368 σπι
765 300 1123 370 (concordant,
1157 313 1346 356 vocem
1388 299 1735 370 jubilationis
1778 300 1989 363 emitte,
2018 300 2063 354 A
2094 299 2280 354 thema
2315 300 2394 370 (5)
2425 302 2479 357 in
2514 303 2791 364 Ecclesias
2821 309 3212 379 introducunt.
3243 319 3349 388 Qui
3405 324 3475 382 de
3519 339 3700 386 astro.

419 393 676 462 quoniam
716 393 810 447 tibi
845 395 1156 449 destructus
1201 405 1257 450 et
1313 394 1559 464 deiectus
1593 403 1696 449 -est
1741 395 1994 448 mundus.

422 487 595 549 Talis,
625 487 837 556 opinor,
867 499 982 541 erat
1011 488 1120 555 ille,
1159 488 1249 557 qui
1281 488 1619 543 confidenter
1649 487 1869 542 dicebat
1901 488 1946 517 “
1981 504 1993 539 :

427 600 445 632 ι
484 580 612 634 Mihi
653 595 832 636 autem
880 581 1025 636 absit
1050 583 1301 650 gloriari,
1345 582 1447 636 nisi
1495 580 1548 634 in
1579 595 1739 634 cruce
1785 580 1997 634 Domini

420 673 593 730 nosui
627 673 738 745 (98)
780 673 906 729 Jesu
955 674 1178 738 Christi,
1241 692 1337 748 per
1369 689 1531 744 quem
1583 673 1714 726 mihi
1764 676 2000 730 mundus

420 764 718 823 cruciﬁxus
747 775 851 829 est,
875 775 1057 836 et'ego
1080 767 1300 820 mundo.
1339 784 1358 817 ›

489 853 541 912 5.
579 855 772 914 Adhuc
806 871 892 912 me
921 864 1101 908 tamen
1147 863 1330 909 movet
1359 855 1565 926 aliquid
1617 858 1669 914 in
1727 857 1870 921 loco,
1901 872 2000 925 pa-

423 961 542 1000 rum
575 947 706 1001 mihi
760 947 1000 1001 sensisse
1049 947 1237 1000 videor
1276 947 1343 1000 de
1375 948 1724 1016 jubilatioue,
1772 951 1999 1007 humilia

420 1038 628 1094 dixisse
661 1040 726 1094 de
770 1040 1002 1108 magnis.
1049 1038 1106 1097 In
1155 1043 1388 1098 adventu
1421 1041 1550 1098 Jesu
1599 1044 1737 1100 muri
1780 1042 2001 1100 Jericho

420 1131 668 1186 subversi
707 1140 853 1195 sunt,
891 1131 946 1184 in
985 1132 1216 1190 adventu
1245 1137 1346 1190 mei
1380 1137 1591 1193 Domini
1613 1136 1740 1192 Jesu
1771 1136 2003 1192 mundus

420 1224 678 1278 vincitur.
702 1221 983 1287 Quomodo
1001 1236 1178 1282 tamen
1208 1229 1445 1284 vincitur
1467 1231 1723 1294 mundus,
1749 1231 1891 1286 scire
1910 1245 2001 1285 ve-

421 1315 514 1370 lim
535 1314 898 1382 manifestius,
930 1327 982 1374 et
1011 1319 1242 1374 lucidius
1263 1321 1568 1390 intelligere
1585 1337 1707 1391 quae
1720 1322 1998 1379 dicuntur.

417 1405 580 1477 413
615 1407 744 1462 νοιο
769 1423 898 1479 ergo
920 1425 1019 1480 egp
1045 1412 1161 1479 ipse
1199 1416 1288 1478 qui
1339 1414 1507 1471 doceo
1541 1429 1662 1475 vos.
1706 1415 1983 1471 vobiscum

420 1499 630 1565 pariter
670 1500 904 1556 discere.
955 1502 1389 1561 Paulumnobis
1431 1511 1797 1565 communiter
1850 1510 2007 1564 adhi-

419 1587 642 1643 beamus
673 1591 1013 1660 magistrum.
1053 1593 1170 1662 Ipse
1195 1605 1279 1650 est
1327 1599 1472 1652 enim
1526 1609 1858 1672 symmystes
1890 1599 2003 1672 (99)

417 1678 640 1744 Christi,
667 1682 764 1750 qui
784 1681 943 1737 nobis
974 1684 1146 1752 possit
1171 1685 1414 1742 iudicare
1441 1691 1715 1758 quomodo
1747 1689 2004 1746 Christus

419 1769 616 1824 vicerit
661 1774 940 1828 mundum.
993 1775 1130 1830 Audi
1177 1791 1308 1846 ergo
1374 1781 1550 1848 ipsum
1600 1781 1868 1836 dicentem
1901 1782 1946 1815 ’⁵⁸
1986 1799 1999 1834 ;

425 1882 442 1911 ι
479 1863 631 1931 Quod
657 1875 776 1920 erat
800 1869 1136 1924 contrarium
1174 1873 1355 1937 uobis,
1391 1873 1514 1929 tulit
1553 1874 1683 1929 illud
1711 1876 1776 1930 de
1802 1876 2001 1938 taedio.

418 1954 640 2024 ndigens
681 1957 812 2014 illud
838 1962 987 2016 cruci
1017 1978 1128 2018 suae
1154 2004 1168 2029 ,
1197 1977 1251 2019 et
1307 1982 1513 2021 exuens
1560 1968 1896 2038 principatus
1950 1977 2006 2022 et

419 2055 720 2113 potestates
776 2053 1134 2121 transduxit,
1174 2056 1347 2112 libere
1412 2059 1754 2128 triumphans
1805 2075 1900 2114 cos
1948 2059 2001 2112 in

418 2144 564 2215 ligno
588 2147 794 2206 crucis.
833 2168 851 2200 ι
887 2150 961 2204 Ex
1014 2152 1098 2207 his
1129 2169 1262 2223 ergo
1317 2155 1501 2209 verbis
1561 2156 1691 2210 illttd
1741 2157 2002 2229 intelligo,

416 2238 560 2304 quod
591 2239 837 2296 videntes
862 2257 1094 2312 pugnam
1127 2245 1254 2301 Jesu
1283 2248 1537 2302 cmlestes
1564 2249 1813 2316 virtutes,
1855 2252 2006 2320 priu-

418 2331 630 2396 cipatus
658 2340 712 2385 et
743 2342 1042 2400 potestates
1082 2340 1390 2393 contrarias
1413 2349 1610 2394 exutas
1643 2343 2007 2408 potestatibus

417 2422 560 2485 suis,
591 2423 870 2491 alligatum
901 2424 1120 2492 fortem,
1180 2439 1234 2482 et
1274 2445 1403 2484 vasa
1439 2433 1559 2501 ejus
1593 2433 1783 2500 diripi,
1826 2437 2006 2492 incre-

419 2523 652 2582 puerunt
687 2517 834 2570 tubis
871 2519 987 2572 suis
1022 2521 1362 2587 ctelestibus,
1415 2525 1543 2594 quia
1589 2525 1810 2596 alligato
1854 2529 2008 2596 prin-

416 2605 538 2672 cipe
565 2604 726 2671 hujus
766 2609 972 2674 nttttnli,
1018 2609 1195 2665 victus
1226 2625 1311 2667 est
1371 2616 1629 2681 mundus,
1693 2629 1751 2677 et
1817 2633 2004 2672 vocem

413 2694 759 2763 jubilationis
783 2702 860 2769 (Ι)
893 2701 944 2755 in
989 2703 1264 2772 triumpho
1288 2705 1494 2770 Christi
1525 2710 1768 2764 cmlestis
1795 2713 2010 2765 exerci-

420 2800 508 2846 tus
529 2792 698 2846 dedit.
735 2793 872 2848 Vere
904 2805 1036 2865 ergo
1074 2797 1267 2853 beatus
1309 2809 1393 2855 est
1443 2801 1678 2870 populus
1740 2805 2005 2873 gentium,

418 2882 510 2950 qui
540 2883 688 2938 novit
721 2885 881 2939 talem
919 2886 1056 2940 hanc
1083 2886 1462 2954 jubilationem
1511 2892 1753 2949 caelestis
1797 2898 2007 2951 everci-

419 2979 531 3034 tus,
555 2982 612 3027 et
642 2975 733 3040 qui
762 2977 1019 3045 mysteria
1045 2979 1292 3048 agnoscit
1319 2991 1374 3034 et
1406 2984 1607 3038 credit.

492 3062 550 3119 4.
606 3063 714 3119 Sed
745 3067 1030 3122 videamus
1063 3070 1193 3138 quid
1239 3080 1324 3126 est
1353 3074 1496 3142 quod
1553 3075 1604 3128 in
1638 3077 2002 3145 sequentibus

423 3153 715 3210 indicatur.
759 3157 1365 3225 Dicitenitndesus“:
1417 3183 1435 3216 ‹
1465 3165 1745 3221 Custodite
1796 3184 1888 3223 vos
1939 3170 2004 3223 ab

425 3247 800 3315 anathemate,
835 3265 902 3305 ne
951 3251 1090 3308 forte
1115 3254 1519 3323 concupiscatis
1575 3267 1631 3312 et
1671 3259 1876 3315 tollatis
1923 3262 2004 3315 ‘ab

420 3339 790 3408 anathemate,
823 3353 878 3397 et
908 3342 1123 3400 faciatis
1163 3356 1345 3401 castra
1381 3349 1618 3404 filiomm
1667 3350 1827 3408 Israel
1871 3369 2010 3407 ana-

423 3434 629 3502 thema,
655 3443 711 3488 et
735 3437 1030 3491 conteratis
1061 3453 1162 3492 nos
1202 3446 1258 3492 et
1282 3455 1499 3496 omnem
1535 3459 1864 3516 synagOgam
1897 3445 2007 3501 Do-

427 3524 579 3578 mini.
614 3544 635 3578 a
668 3525 798 3584 Tale
827 3531 1080 3598 estquod
1109 3530 1384 3586 indicatur
1419 3533 1470 3586 in
1513 3534 1601 3590 his
1643 3538 1862 3592 verbis:
1915 3539 2009 3592 Vi-

424 3613 552 3671 dete
587 3633 657 3673 ne
676 3619 808 3686 quid
849 3620 902 3674 in
929 3621 1085 3676 vobis
1111 3622 1369 3678 sreCnIare
1392 3623 1662 3691 habeatis,
1689 3644 1756 3684 ne
1785 3631 2010 3686 saacula-

427 3723 520 3766 res.
551 3725 752 3777 meres,
786 3727 852 3768 ne
889 3713 1042 3780 vitia,
1072 3731 1140 3769 ne
1166 3718 1674 3786 tergiversationem
1719 3724 1786 3777 de
1811 3725 2010 3781 siceulo

434 3802 712 3859 vobiscum
747 3808 816 3860 ad
847 3806 1145 3862 Ecclesiam
1175 3809 1451 3867 deferatis.
1489 3812 1594 3868 Sed
1620 3813 1909 3870 anathema
1941 3817 2012 3873 sit

434 3896 592 3949 vobis
617 3899 798 3952 omnis
819 3903 1166 3956 conversatio
1223 3903 1520 3959 smcuiaris.
1577 3903 1754 3961 Nolite
1810 3906 2010 3964 divinis

430 3990 702 4043 mundana
729 3991 983 4055 miscere,
1035 3991 1204 4047 nolite
1266 3994 1482 4060 negotia
1529 3997 1712 4052 sacuii
1756 3997 2011 4056 Ecclesiae

429 4078 654 4132 secretis
685 4079 948 4134 inserere.
976 4079 1092 4137 Hoc
1124 4091 1209 4136 est
1249 4084 1392 4151 quod
1415 4082 1486 4139 et‘
1513 4084 1752 4146 Joannes
1799 4090 2011 4159 Episto-

429 4169 492 4222 lz
524 4183 634 4223 sum
671 4182 924 4237 personat
954 4172 1079 4226 tuba
1119 4173 1310 4230 dicens
1335 4173 1378 4206 ’⁸⁷
1425 4195 1438 4230 :
1509 4195 1527 4229 ι
1560 4176 1737 4234 Nolite
1782 4180 2010 4250 diligere

430 4264 715 4326 iuundum,
749 4278 926 4333 neque
952 4280 1014 4324 ea
1042 4281 1160 4336 quae
1189 4267 1242 4321 in
1273 4269 1477 4324 mundo
1505 4283 1684 4326 sunt.»
1714 4272 1779 4328 Et
1808 4271 2012 4331 Paulus

428 4353 680 4411 similiter
721 4355 766 4392 “
816 4373 829 4408 :
891 4375 908 4410 ι
962 4359 1178 4425 Nolite,
1222 4363 1429 4434 inquit,
1493 4367 1830 4424 conformari
1883 4371 2012 4426 huic

428 4445 649 4499 mundo.
691 4466 709 4498 ι
739 4446 843 4514 Qui
873 4450 1018 4504 enim
1044 4453 1157 4508 hmo
1186 4453 1414 4521 faciunt,
1453 4461 1733 4529 accipiunt
1758 4462 1826 4518 de
1877 4478 2012 4518 ana-

430 4535 691 4592 themate.
726 4537 833 4597 Sed
867 4550 924 4595 et
972 4541 1048 4597 illi
1090 4545 1206 4612 qui,
1240 4547 1392 4600 verbi
1435 4563 1622 4613 causa,
1679 4568 1800 4607 cum
1848 4556 2010 4610 Chri-

431 4628 600 4684 stiani
628 4631 759 4698 sint,
785 4633 1160 4692 solemnitates
1190 4639 1433 4706 gentium
1459 4639 1534 4712 (2)
1565 4642 2011 4712 celebrant,ana-

2103 408 2222 448 rum
2251 396 2506 452 cursibus
2534 399 2704 453 vitam
2737 401 3024 462 hominum
3057 419 3114 465 et
3152 424 3304 482 gesta
3353 422 3696 491 perquirunt,

2085 484 2191 554 qui
2228 486 2444 543 volatus
2477 490 2656 545 avium
2683 504 2739 548 et
2772 504 2973 552 catera
2998 497 3312 569 huiusmodi
3348 484 3551 576 quat-in
3588 484 3697 569 sae:

2101 576 2224 630 culo
2273 580 2426 648 prius
2473 583 2938 656 observabautur,
2989 591 3300 662 inquirunt,
3356 600 3425 654 de
3473 601 3700 660 Jericlio

2102 671 2396 724 anathema
2426 671 2668 739 inferunt
2692 676 2744 729 iu
2781 675 3110 749 Ecclesiam,
3141 697 3196 741 et
3227 689 3470 756 poiluuut
3508 705 3696 751 castra

2104 759 2343 822 Domini.
2367 775 2420 816 et
2446 763 2834 824 vincifacinnt
2859 775 3117 842 populum
3162 778 3276 835 Dei.
3311 781 3416 838 Sed
3441 794 3492 839 et
3518 787 3698 842 multa

2104 850 2208 904 alia
2239 863 2465 920 peccata
2493 866 2619 910 sunt
2659 874 2758 926 per
2787 877 2912 927 qua:
2942 870 3232 924 anathema
3264 873 3330 928 de
3360 873 3574 932 Jericho
3601 879 3697 932 in-

2104 943 2414 999 trodttcitur
2461 947 2514 1002 in
2567 948 2930 1020 Ecclesium;
2989 975 3088 1028 per
3134 979 3256 1032 quae
3313 969 3543 1037 populus
3596 971 3697 1028 Dei

2102 1036 2341 1092 vincitur
2365 1037 2442 1110 (4)
2475 1049 2528 1096 et
2555 1046 2931 1110 prosternitur
2954 1052 3024 1105 ab
3045 1053 3308 1113 inimicis.
3334 1036 3446 1114 Aut
3491 1077 3597 1117 non
3637 1071 3699 1120 et

2094 1127 2398 1196 Apostolus
2433 1132 2547 1193 lucc
2576 1137 2770 1197 eadem
2804 1143 3063 1214 praecipit,
3091 1163 3217 1204 cum
3240 1152 3380 1209 dicit
3405 1155 3454 1188 "
3481 1174 3496 1209 :
3528 1176 3548 1209 ι
3582 1158 3701 1214 Mo-

2104 1218 2283 1273 dicum
2311 1219 2643 1278 fermentum
2677 1235 3097 1292 totanrmaxsam
3125 1243 3439 1310 corrumpit
3465 1244 3490 1296 ?
3525 1263 3546 1294 ι

2178 1310 2233 1364 5.
2265 1311 2372 1366 Sed
2403 1314 2688 1373 videamus
2715 1320 2825 1389 jam
2856 1338 2999 1378 nunc
3027 1341 3147 1394 qua:
3169 1340 3506 1398 sequuntur.
3545 1333 3696 1388 Sub-

2109 1418 2266 1458 versa
2304 1403 2556 1472 Jericho,
2586 1409 2738 1465 Raab
2776 1416 3028 1470 meretrix
3084 1417 3328 1473 salvatur
3377 1422 3519 1476 sola.
3582 1423 3682 1479 Sic

2107 1495 2254 1550 enim
2293 1496 2559 1567 scriptum
2584 1511 2663 1558 est
2689 1503 2756 1559 de
2779 1519 2844 1557 ea
2865 1504 2911 1536 ”
2945 1523 2958 1560 :
2987 1525 3005 1557 ι
3033 1506 3097 1562 Et
3128 1507 3310 1564 “abab
3327 1514 3680 1568 meretricem

2112 1597 2166 1641 et
2188 1601 2404 1642 omnem
2431 1590 2649 1645 domum
2685 1595 2858 1661 patris
2889 1597 3006 1666 ejus
3061 1599 3348 1656 vivllieavit
3391 1602 3565 1670 Jesus,
3617 1616 3677 1661 et

2109 1679 2321 1749 adiecta
2343 1684 2516 1738 estad
2544 1685 2709 1740 Israel
2757 1701 2934 1755 usque
2984 1690 3039 1743 in
3092 1690 3411 1746 hodiernum
3459 1695 3617 1748 diem.
3649 1715 3669 1748 ι

2110 1771 2310 1826 Vellem
2347 1776 2624 1843 requirere
2647 1791 2676 1829 a
2705 1776 2926 1842 ludatis,
2954 1791 3012 1834 et
3049 1783 3118 1835 ab
3154 1782 3224 1838 iis
3273 1784 3365 1850 qui
3395 1784 3682 1840 Christiani

2105 1865 2324 1933 quidem
2351 1864 2626 1931 dicuntur,
2671 1869 2763 1924 sed
2819 1870 2871 1924 iu
2907 1869 3212 1941 Scripturis
3244 1874 3424 1930 adhuc
3473 1891 3692 1931 sensum

2105 1955 2387 2016 .ludaicum
2418 1963 2965 2033 servant,quontodo
2987 1977 3264 2032 exponant
3313 1967 3467 2022 Raab
3514 1983 3692 2023 mere-

2109 2051 2300 2106 tricem
2327 2049 2592 2118 adjectam
2619 2067 2739 2109 esse
2763 2053 2944 2108 domui
2979 2053 3144 2110 Israel
3180 2071 3358 2126 usque
3386 2058 3696 2112 in-bodier-

2107 2158 2235 2195 num
2282 2143 2446 2198 diem.
2503 2141 2786 2208 Quomodo
2831 2144 2984 2201 Raab
3041 2161 3214 2215 usque
3260 2147 3315 2202 iu
3369 2148 3692 2204 hodiernum

2107 2237 2252 2290 diem
2299 2235 2508 2302 adjecta
2551 2249 2672 2292 esse
2729 2237 2976 2292 dicitur?
3026 2237 3142 2294 Hoc
3196 2238 3347 2295 enim
3391 2237 3693 2309 Scriptura:

2107 2340 2310 2384 sanet-.e
2339 2332 2504 2400 moris
2528 2339 2605 2386 est
2631 2330 2820 2386 dicere
2841 2329 2908 2386 de
2949 2329 3017 2386 iis
3049 2345 3170 2398 quae
3201 2344 3376 2400 usque
3405 2333 3476 2385 ad
3520 2331 3687 2387 tinem

2111 2422 2190 2476 vel
2227 2398 2351 2475 vitae
2396 2421 2478 2474 vel
2518 2423 2700 2476 saeculi
2756 2431 3098 2491 permanent.
3164 2422 3326 2478 Verbi
3382 2438 3584 2486 causa,
3617 2434 3676 2478 ut

2108 2516 2187 2568 ait
2221 2515 2263 2544 “
2297 2531 2310 2565 :
2347 2532 2366 2564 t
2403 2513 2498 2568 llic
2524 2525 2681 2581 pater
2706 2523 2790 2567 est
2826 2512 3188 2568 Moabitarum
3240 2528 3416 2581 usque
3474 2515 3527 2569 in
3583 2517 3684 2569 h0-

2109 2607 2360 2662 diernnm
2394 2606 2558 2668 diem,
2607 2625 2624 2656 ι
2669 2603 2818 2672 quod
2879 2604 3156 2674 signiﬁcat
3190 2621 3362 2674 usque
3418 2608 3475 2660 in
3529 2607 3691 2662 finem

2110 2699 2321 2754 sreculi.
2361 2698 2426 2752 Et-
2451 2698 2652 2753 itcrum
2684 2697 2884 2752 dicitur
2907 2697 2960 2750 in
2991 2696 3283 2766 Evangelio
3309 2701 3378 2763 ",
3405 2701 3532 2768 quia
3592 2701 3693 2754 dif-

2111 2791 2348 2846 famatus
2373 2799 2458 2845 est
2485 2803 2672 2846 sermo
2709 2789 2796 2843 hic
2827 2788 2978 2858 apud
3006 2787 3224 2845 Judaeos
3265 2805 3440 2860 usque
3496 2793 3549 2846 in
3595 2793 3694 2847 bo-

2109 2885 2360 2940 diernum
2401 2883 2584 2947 diem,
2641 2881 2692 2935 id
2753 2889 2837 2936 est
2916 2897 3198 2951 usquequo
3239 2884 3498 2937 saeculum
3559 2895 3689 2940 stat.

2031 2990 2073 3046 ο
2110 2975 2292 3032 Rabab
2315 2990 2444 3029 vero
2489 2973 2749 3027 meretrix
2790 2973 2870 3043 (5)
2894 2975 3164 3042 quomodo
3222 2974 3432 3040 adjecta
3482 2977 3689 3031 dicitur

2112 3069 2292 3123 domui
2326 3066 2492 3122 Israel
2515 3081 2682 3135 usque
2717 3065 2769 3119 in
2803 3066 3123 3121 hodiernum
3173 3066 3320 3120 diem
3350 3066 3371 3121 ἱ
3399 3099 3403 3104 -
3436 3067 3690 3137 Nunquid

2114 3159 2275 3213 matri
2313 3159 2591 3214 successio
2629 3155 2966 3225 posteritatis
3009 3157 3320 3221 ascribitur,
3348 3169 3406 3213 ut
3447 3160 3698 3214 videatur

2115 3248 2168 3302 in
2200 3247 2408 3304 sobolis
2436 3247 2786 3317 reparatione
2815 3247 3022 3301 servari
3053 3247 3076 3300 ?
3102 3248 3184 3301 An
3230 3248 3360 3303 illud
3406 3250 3579 3317 magis
3613 3251 3697 3303 iu-

2118 3341 2465 3411 teliigendum
2500 3339 2773 3406 est,quod
2803 3353 2934 3393 vero
2967 3337 3150 3392 lsraeli
3192 3338 3442 3406 adjuncta
3473 3354 3537 3394 ac
3599 3356 3694 3396 so-

2113 3433 2257 3488 ciata
2285 3441 2369 3486 est
2394 3445 2564 3498 usque
2594 3429 2652 3485 in
2679 3429 3003 3484 hodiernum
3030 3428 3174 3484 diem
3205 3428 3228 3482 ?
3276 3428 3345 3483 Et
3373 3429 3418 3483 si
3455 3429 3535 3484 vis
3579 3446 3696 3484 mas

2116 3525 2364 3580 nifestius
2407 3525 2590 3578 videre
2619 3523 2894 3594 quomodo
2929 3522 3117 3576 Rahab
3140 3523 3450 3592 adjuugitur
3471 3523 3688 3590 israeli,

2117 3623 2332 3675 intuere
2355 3616 2628 3689 quomodo
2665 3629 2846 3669 ramus
2878 3614 3101 3670 oleastri
3126 3614 3384 3669 inseritur
3442 3617 3496 3669 in
3546 3618 3691 3670 radis

2117 3731 2233 3770 cem
2271 3714 2427 3768 bona;
2460 3711 2620 3765 oliva:
2649 3709 2718 3772 ⁸³,
2747 3717 2801 3762 et
2828 3707 3099 3777 intelliges
3120 3708 3388 3777 quomodo
3419 3709 3454 3762 ii
3485 3711 3576 3779 qui
3607 3711 3692 3762 in-

2117 3808 2250 3865 serti
2287 3817 2412 3865 sunt
2451 3803 2848 3860 ﬁdeiIAbralta:
2874 3811 2929 3856 et
2987 3800 3141 3855 Isaac
3189 3808 3246 3854 et
3296 3799 3464 3855 Jacob
3494 3841 3511 3866 ,
3548 3811 3694 3855 recte

2117 3902 2347 3974 appositi
2379 3899 2635 3955 dicuntur
2659 3905 2714 3951 et
2736 3895 2934 3966 adjecti
2976 3894 3044 3948 ad
3081 3891 3250 3948 Israel
3284 3908 3451 3963 usque
3486 3895 3539 3948 in
3597 3895 3693 3947 ho-

2118 3997 2366 4050 diernum
2408 3991 2551 4044 diem
2580 4005 2593 4041 :
2625 3987 2754 4057 quia
2794 3987 2851 4041 in
2884 3987 3102 4042 illorum
3164 3987 3401 4042 radicem
3457 3986 3538 4055 (6)
3594 4001 3694 4040 nos

2121 4087 2254 4143 rami
2291 4081 2512 4138 oleastri
2551 4096 2615 4135 ex
2653 4080 2906 4149 gentibus
2943 4079 3226 4148 assumpti,
3261 4079 3350 4148 qni
3401 4079 3694 4148 aliquando

2121 4177 2628 4237 meretricabamur,
2655 4173 2861 4237 lignum
2897 4181 2952 4226 et
3003 4171 3232 4240 lapidem
3284 4186 3382 4240 pro
3434 4171 3692 4226 Deovero

2121 4272 2198 4346 (7)
2229 4271 2495 4334 colentes,
2528 4265 2761 4338 appositi
2793 4251 2983 4321 sumus
3023 4280 3195 4334 usque
3255 4266 3308 4319 in
3364 4265 3689 4320 hodiernum

2044 4349 2088 4404 ί)
2119 4368 2258 4423 diem
2288 4385 2301 4421 :
2329 4373 2384 4420 et
2415 4362 2547 4418 facti
2606 4374 2795 4415 smnus
2827 4363 3061 4428 propter
3121 4357 3281 4412 fidem
3336 4357 3540 4414 Christi
3595 4373 3694 4411 nos

2119 4476 2362 4523 sursum,
2389 4457 2479 4513 ille
2509 4463 2687 4509 autem
2729 4449 2960 4522 populus
3027 4451 3117 4519 qui
3172 4451 3472 4518 permansit
3515 4450 3691 4504 incre-

2119 4555 2278 4611 dulus
2310 4552 2411 4624 (8),
2442 4551 2734 4616 deorsum,
2762 4549 3056 4604 secundum
3106 4543 3510 4598 Deutcronomii
3573 4559 3691 4613 pro-

2121 4648 2386 4719 phetiam.
2418 4644 2476 4699 Si
2511 4642 2634 4712 quis
2673 4655 2805 4710 ergo
2840 4640 3004 4694 habet
3036 4637 3088 4691 in
3138 4652 3198 4693 se
3239 4635 3541 4702 Christum,
3600 4635 3692 4704 qui

504 4772 684 4858 "‘Cal.
714 4776 901 4858 “Anii.
929 4777 1254 4858 __"_Coioss.
1290 4781 1466 4858 tt_._M,
1487 4783 1701 4858 βδέω
1769 4786 1813 4818 ⁸⁸
1837 4785 1950 4843 Jos.
1969 4805 1998 4840 v

2107 4791 2152 4845 Β.
2228 4783 2712 4849 ’⁸⁷1ιῐοειη.,ιι,15.
2781 4777 3204 4856 "Rom.xu_,2.
3282 4776 3518 4833 “lCer.
3556 4751 3608 4845 ὡ,
3637 4774 3693 4832 6.

433 4843 480 4876 “
511 4844 623 4901 Jos.
651 4861 729 4912 vr,
758 4846 849 4903 25.
929 4849 972 4881 "
1002 4848 1140 4905 Gen.
1173 4865 1288 4920 xu,
1315 4851 1404 4906 57.
1453 4843 1529 4886 ’⁵³
1555 4843 1743 4910 Matth.
1770 4873 1943 4925 xxvn,
1973 4843 2044 4918 8.,
2069 4843 2151 4894 ’δέ
2183 4859 2338 4915 licio.
2364 4871 2440 4909 xi.

507 4985 622 5058 (98)
647 4987 933 5058 Sangerm.
968 5001 987 5039 t
1029 4991 1221 5045 nostri.
1261 5010 1280 5042 ι
1315 4990 1470 5050 Libb.
1503 4994 1631 5050 editi
1667 5010 1722 5047 :t
1768 4996 1893 5051 mei.
1936 5017 1954 5050 ι

510 5055 805 5136 (99).1ιΙθιῐι
835 5075 958 5136 cum
991 5075 1102 5136 uno
1131 5060 1448 5136 Ebroicensi
1474 5081 1490 5136 γε
1551 5085 1569 5118 ι
1603 5077 1951 5136 symmystcs.
1990 5088 2008 5121 ι

437 5123 708 5201 Gemetic.
769 5147 787 5180 ι
845 5130 1226 5187 subtt'tinistter.
1275 5150 1294 5184 ι
1364 5133 1524 5189 Libb.
1571 5123 1818 5191 enim}
1855 5123 2016 5193 uini-

434 5207 885 5348 δωῖίήὶςηὶειίε.
930 5288 958 5348 αΔ
993 5285 1058 5348 ex
1108 5283 1252 5348 voce
1315 5270 1678 5341 jubilationis,
1716 5293 1736 5328 ι
1788 5287 1843 5334 et
1892 5288 2018 5348 post

449 5356 471 5391 α
505 5340 783 5400 exercitus
808 5341 1054 5396 inmittit
1083 5359 1106 5394 ι
1134 5339 1356 5397 dedit.)
1431 5368 1433 5370 ·

517 5407 596 5478 (2)
624 5409 908 5481 Sangcrtn.
943 5430 960 5464 ε
995 5413 1256 5482 gentium.
1301 5432 1324 5466 ι
1371 5414 1527 5472 Libb.
1559 5417 1689 5472 editi
1728 5435 1740 5470 :
1788 5437 1801 5470 ι
1834 5414 2020 5475 Genti-

444 5478 598 5534 lium.
631 5497 650 5530 ι

519 5549 596 5615 (3)
625 5548 775 5616 διεδ..
828 5571 845 5605 t
881 5555 1192 5614 anathema.
1228 5577 1245 5610 ι
1302 5556 1459 5612 Libb.
1510 5557 1636 5612 editi
1673 5574 1684 5609 :
1745 5579 1762 5610 ί
1795 5560 2024 5614 anathe-

450 5628 616 5676 Iuata.
653 5639 675 5673 t

2195 4997 2272 5070 (4)
2301 4996 2368 5070 In
2391 4993 2726 5070 Eccl-exinni,
2773 5008 2868 5061 per
2903 5007 3022 5060 qua'
3044 4988 3266 5070 populna
3307 4987 3404 5070 Dei
3450 4986 3692 5070 vincitur.

2125 5061 2264 5124 Haec
2296 5069 2493 5122 desunt
2535 5066 2585 5118 iu
2634 5063 2766 5118 libb.
2798 5073 2953 5116 antea
3005 5061 3190 5127 editis,
3242 5061 3334 5114 sed
3384 5066 3598 5112 exstant
3641 5061 3692 5110 in

2123 5138 2374 5213 oinnibtts
2401 5152 2531 5192 mss.
2699 5204 2731 5213 Α
2889 5202 2902 5213 ,
3043 5201 3056 5213 ,
3309 5199 3340 5213 ..

2196 5210 2273 5283 (ξ)
2299 5206 2585 5283 Sangerm.
2612 5216 2667 5259 et
2693 5201 3087 5283 Gemetiecnsis
3106 5219 3138 5283 _:_
3161 5218 3179 5283 ς
3214 5199 3425 5283 mulier.
3464 5218 3484 5251 ι

2197 5270 2272 5349 (6)
2307 5270 2591 5347 Sangertn.
2640 5294 2659 5327 ι
2708 5274 2966 5329 radicem.
3003 5291 3022 5324 ι
3061 5270 3218 5326 Libb.
3255 5270 3384 5325 editi
3424 5287 3440 5324 :

2153 5364 2363 5423 cs-_t,,
2518 5415 2553 5423 _
3335 5419 3400 5423 Α-
3645 5411 3657 5423 .

2121 5364 2296 5487 αἲξ).
2323 5415 2478 5470 Vero.
2518 5415 2680 5471 Dccst
2711 5415 2764 5469 in
2798 5413 2953 5469 libris
2991 5413 3186 5477 editis,
3229 5419 3407 5469 exstat
3450 5427 3578 5466 vero
3623 5411 3697 5467 'in

2128 5489 2378 5562 omnibus
2406 5503 2537 5562 mss.
2729 5556 2759 5562 η
3102 5556 3113 5562 ⁵
3279 5557 3290 5562 _
3338 5554 3349 5562 _
3533 5549 3551 5562 .

2204 5558 2279 5627 (8)
2324 5557 2586 5611 Cemctic.
2626 5566 2680 5610 et
2727 5556 3010 5623 Saugcrm.
3047 5574 3066 5607 ο
3102 5554 3437 5612 incredulus.
3477 5572 3494 5607 ι
3532 5549 3692 5609 Lihb.

2134 5629 2264 5686 editi
2304 5644 2316 5682 :
2357 5645 2374 5680 t
2424 5627 2475 5682 iu
2513 5627 2904 5684 incredulitate.
2941 5645 2961 5678 ι
3470 5662 3476 5667 -

3488 5288 3514 5322 t-
3551 5272 3697 5328 radi-
