4104 6226
364 324 460 378 861

1370 316 1437 371 IN
1473 315 1737 371 LIBRUM
1769 311 1936 369 JESU
1973 312 2162 367 NAVE
2194 310 2479 367 IlOMlLIA
2504 310 2616 366 VII.

3521 312 3627 367 862

359 454 442 495 est
467 442 709 496 omnium
742 451 924 511 caput,
955 441 1044 495 hic
1072 439 1307 495 edicitur
1331 441 1384 494 in
1439 448 1625 509 caput.
1663 438 1742 493 illi
1799 439 1943 493 enim
1973 440 2018 496 Α
2049 445 2160 501 net,
2198 434 2476 488 Christum
2507 432 2644 502 (lli),
2673 431 2829 499 cujus
2856 431 3100 496 corporis
3137 442 3211 499 tu,
3244 434 3333 502 qui
3367 432 3625 488 Ecclesiae

361 543 699 604 negaverunt
722 534 1005 589 Christum
1035 532 1245 594 Jesum.
1278 542 1331 588 et
1358 532 1534 588 ell’ecti
1560 544 1690 588 sunt
1717 534 1770 588 in
1802 549 1935 589 cau-

358 628 511 694 dam,
541 636 596 683 et
623 627 716 699 qui
741 636 900 681 erant
924 626 1109 695 primi,
1142 624 1269 679 facti
1306 635 1434 680 sunt
1465 627 1765 681 novissimi.

428 719 485 775 6.
532 720 640 776 Sed
669 729 724 777 et
780 719 914 774 illud
945 733 1053 773 non
1108 718 1283 773 otiose
1314 718 1389 790 (9)
1453 718 1937 774 transcurrendum

360 823 465 877 est,
490 812 635 883 quod
660 828 770 868 uno
799 820 1061 887 peccante
1094 812 1175 865 ira
1212 826 1377 879 super
1426 822 1641 865 omnem
1679 810 1935 880 populum

361 908 532 960 venit.
570 906 679 961 lloc
704 906 920 975 quando
943 906 1141 961 accidit
1174 903 1289 976 ΗΟ)
1313 905 1338 959 ?
1364 906 1577 973 quando
1625 907 1938 960 sacerdotes

357 1000 449 1066 qui
493 1000 687 1069 populo
708 1009 971 1069 praesunt,
1007 1014 1133 1069 erga
1178 999 1554 1069 delinquentes
1586 999 1803 1069 benigni
1836 1015 1931 1053 vo-

359 1090 479 1146 lunt
506 1094 706 1158 videri,
735 1103 788 1148 et
815 1101 1066 1147 verentes
1097 1093 1439 1162 peccantium
1466 1092 1676 1160 linguas
1708 1107 1773 1145 ne
1798 1091 1936 1146 forte

360 1184 500 1237 male
522 1185 587 1238 de
620 1184 701 1239 eis
732 1185 1042 1253 loquantur,
1096 1183 1452 1239 sacerdotalis
1501 1182 1807 1237 severitatis
1839 1184 1940 1236 im-

359 1291 653 1336 memores.
684 1278 873 1332 nolunt
930 1277 1154 1346 implere
1202 1277 1343 1346 quod
1403 1277 1666 1346 scriptum
1721 1286 1805 1330 est
1846 1277 1932 1330 ’δε

361 1385 379 1417 ι
423 1367 747 1423 Peccantem
775 1384 958 1424 coram
988 1371 1241 1427 omnibus
1277 1384 1475 1440 argue,
1508 1380 1566 1423 ut
1603 1371 1783 1424 cmteri
1819 1384 1935 1424 me-

357 1467 468 1511 tum
494 1460 605 1525 (ll)
637 1460 891 1525 habeant,
932 1482 950 1515 ι
989 1470 1042 1516 et
1068 1462 1263 1516 iterum
1293 1462 1337 1493 "
1374 1481 1386 1516 :
1419 1481 1437 1513 r
1467 1461 1694 1516 Auferte
1731 1461 1932 1515 malum

352 1565 417 1605 ex
442 1553 594 1607 vobis
620 1553 775 1621 ipsis.
814 1573 833 1605 ι
877 1553 987 1609 Nec.
1019 1554 1133 1609 zelo
1161 1554 1251 1608 Dei
1294 1555 1546 1609 succensi
1583 1554 1695 1625 (l2)
1721 1554 1936 1608 imitan-

355 1653 443 1696 tur
476 1643 793 1712 Apostolum
837 1645 1107 1700 dicentem
1134 1647 1180 1678 "
1224 1664 1239 1701 :
1301 1664 1319 1696 ι
1355 1645 1573 1700 Tradidi
1618 1645 1932 1714 hujusmodi

352 1735 627 1790 hominem
658 1736 878 1790 Satanas
910 1738 961 1791 in
998 1738 1279 1793 interitum
1333 1740 1536 1803 carnis,
1585 1748 1642 1791 nt
1708 1739 1926 1808 spiritus

352 1826 536 1880 salvus
567 1827 679 1879 liat.
717 1846 736 1880 ι
775 1826 958 1897 Neque
989 1829 1116 1883 illud
1159 1831 1531 1901 evangelicum
1564 1831 1931 1900 implere-stn-

352 1918 505 1981 dent,
535 1918 701 1991 414
730 1928 786 1974 ιιι
810 1922 853 1975 si
889 1921 1121 1977 viderint
1142 1933 1477 1992 peccantem,
1510 1924 1684 1993 primo
1716 1934 1930 1980 secrete

348 2012 694 2073 conveniant,
729 2023 857 2081 post
883 2014 1049 2067 etiam
1095 2016 1306 2071 duobus
1329 2017 1411 2070 vel
1465 2018 1639 2072 tribus
1674 2017 1923 2071 arbitris.

346 2101 500 2167 Quod
522 2104 565 2157 si
592 2107 1002 2173 contempserit,
1049 2118 1103 2163 et
1145 2119 1266 2176 post
1320 2110 1576 2165 Ecclesia:
1622 2113 1926 2180 correptio-

345 2208 469 2247 nem
497 2193 606 2266 (l5)
643 2212 745 2251 non
786 2197 950 2252 fuerit
981 2201 1325 2263 emendatus.
1362 2204 1427 2261 de
1465 2202 1704 2259 Ecclesia
1740 2205 1927 2272 expul-

339 2298 460 2337 sum
486 2286 630 2340 velut
663 2288 917 2359 gentilem
943 2290 1178 2346 habeant
1213 2309 1274 2347 ac
1303 2296 1671 2361 publicanum.
1703 2299 1766 2351 Et
1797 2301 1921 2351 dum

341 2376 437 2428 uni
465 2389 716 2444 parcunt,
770 2381 1036 2437 universa:
1080 2383 1338 2439 Ecclesia:
1379 2388 1677 2442 moliuntur
1730 2389 1921 2443 interi-

343 2475 459 2519 tum
493 2468 627 2539 (14).
663 2468 793 2536 Quae
833 2472 932 2527 ista
963 2474 1178 2530 bonitas
1211 2477 1233 2529 ἲ
1261 2494 1382 2546 qua:
1418 2479 1519 2535 ista
1547 2480 1919 2535 misericordia

330 2565 442 2619 est,
468 2560 557 2613 uni
588 2577 828 2630 parcere,
871 2576 925 2619 et
959 2582 1145 2622 omnes
1187 2569 1237 2623 in
1270 2572 1567 2627 discrimen
1602 2573 1870 2628 adducere
1898 2574 1921 2628 ?

334 2644 611 2705 Polluilur
645 2656 791 2708 enim
834 2672 899 2711 ex
933 2674 1039 2713 uno
1066 2670 1347 2729 peccatore
1374 2665 1626 2733 populus.
1660 2666 1815 2721 Sicut
1850 2683 1915 2721 ex

331 2754 443 2793 una
473 2756 573 2798 ove
605 2747 847 2802 morbida
879 2766 1007 2821 grex
1038 2753 1322 2809 universus
1354 2756 1612 2824 inﬁcitur,
1640 2758 1718 2813 sic
1748 2760 1915 2813 etiam

326 2844 448 2884 uno
482 2832 563 2886 vel
598 2834 926 2903 fornicante,
972 2842 1052 2898 vel
1086 2845 1229 2895 aliud
1266 2845 1629 2917 quodcunque
1691 2851 1917 2904 sceleris

321 2924 863 2999 committente(15),
896 2930 1046 2999 plebs
1081 2934 1333 2989 universa
1373 2938 1750 3012 polluitur..Et
1790 2942 1914 2999 ideo

320 3014 690 3072 observemus
720 3035 817 3074 nos
854 3022 1110 3088 invicem,
1136 3035 1189 3079 et
1225 3027 1658 3099 uniuscujusque
1689 3047 1914 3088 conver-

2047 527 2329 597 prtesides,
2354 525 2545 580 oculus
2568 540 2649 587 cs,
2686 533 2969 592 propterea
2998 525 3183 593 utique
3212 535 3268 579 ut
3288 526 3468 579 omnia
3508 526 3620 580 cir-

2049 618 2403 687 cumspicias,
2448 616 2631 670 omnia
2675 615 3109 676 circumlustres,
3172 617 3337 670 etiam
3393 626 3620 675 ventura

2044 711 2366 779 przevideas.
2395 709 2589 763 Pastor
2615 724 2694 773 es,
2722 706 2872 761 vides
2892 707 3132 762 oviculas
3163 707 3371 761 Domini
3406 708 3623 777 ignaras

2042 802 2266 872 periculi
2299 801 2425 855 l'erri
2479 802 2545 854 ad
2589 799 2919 869 praecipitia,
2957 808 3009 854 et
3050 815 3146 869 per
3192 809 3457 869 prmrnpta
3488 815 3622 870 pen.

2041 897 2170 949 dere
2202 894 2334 966 (t7),
2373 910 2479 948 non
2500 893 2747 948 occurris
2778 893 2801 946 ?
2829 909 2935 948 non
2984 893 3247 948 revocas?
3283 909 3388 948 non
3426 893 3620 946 saltem

2042 1004 2173 1043 voce
2232 988 2454 1043 cohibes
2489 986 2603 1057 (l8)
2643 992 2699 1040 et
2746 982 3111 1056 correptionis
3149 986 3387 1043 clamore
3436 986 3619 1041 deter-

2043 1084 2178 1141 rcs?
2207 1082 2300 1136 Sic
2326 1082 2610 1135 immemor
2632 1096 2690 1135 es
2719 1080 2833 1151 (l9)
2876 1079 3144 1139 Dominici
3191 1079 3523 1135 sacramenti
3546 1078 3617 1141 "',

2040 1184 2100 1229 ut
2136 1191 2262 1227 cum
2284 1174 2371 1227 ille
2395 1174 2676 1229 derelictis
2716 1176 3011 1242 nonaginta
3048 1188 3237 1227 novem
3269 1173 3320 1226 in
3378 1171 3618 1228 cmlesti-

2040 1267 2162 1330 bus,
2213 1274 2435 1334 propter
2473 1281 2633 1319 unam
2697 1266 2968 1321 oviculam
3019 1281 3139 1334 qua:
3196 1274 3498 1331 erraverat,
3550 1265 3617 1318 ad

2042 1369 2242 1412 terram
2275 1358 2386 1428 (ἓο)
2420 1358 2787 1424 descenderit,
2817 1367 2872 1413 et
2898 1358 3173 1413 inventam
3202 1357 3503 1412 vectaverit
3526 1357 3619 1411 hu-

2040 1451 2206 1504 meris
2233 1451 2345 1504 suis
2376 1451 2442 1503 ad
2477 1449 2701 1513 cmlum,
2734 1466 2833 1506 nos
2856 1451 2909 1503 in
2940 1449 3086 1504 nullo
3131 1464 3358 1517 prorsus
3408 1448 3462 1501 iu
3516 1464 3616 1501 ru-

2039 1543 2227 1597 randis
2249 1542 2476 1598 oviculis
2505 1544 2751 1612 magistri
2782 1542 3014 1611 pastoris
3070 1556 3365 1608 sequamur
3424 1556 3615 1594 exeru-

2037 1632 2386 1702 plttm?lla:c
2422 1651 2526 1689 non
2559 1634 2682 1688 ideo
2735 1634 2987 1697 dicimus,
3042 1642 3100 1687 ut
3148 1648 3246 1701 pro
3302 1632 3403 1687 levi
3458 1632 3615 1699 culpa

2040 1726 2237 1796 aliquis
2263 1726 2614 1780 abscindatur
2641 1725 2763 1795 (2i)
2800 1743 2814 1780 :
2846 1727 2940 1781 sed
2971 1728 3014 1782 si
3067 1725 3207 1780 forte
3251 1725 3618 1781 commonitus

2034 1820 2158 1890 quis
2179 1829 2233 1875 et
2262 1828 2545 1889 correptus
2594 1835 2692 1889 pro
2726 1820 2923 1875 delicto
2972 1820 3143 1875 semel
3178 1831 3230 1875 et
3286 1820 3479 1874 iterum
3548 1833 3616 1873 ac

2035 1914 2216 1977 tertio,
2262 1914 2397 1974 nihil
2452 1915 2857 1970 emendationis
2886 1915 3215 1978 ostenderit,
3243 1924 3460 1968 utamur
3506 1930 3615 1967 tuc—

2032 2008 2138 2063 dici
2166 2008 2472 2078 disciplina.
2513 2007 2570 2061 Si
2602 2008 2724 2061 oleo
2757 2009 3112 2077 perunximus
3141 2049 3156 2073 ,
3204 2008 3248 2061 si
3297 2007 3612 2075 emplastris

2031 2104 2419 2171 mitigavimns,
2448 2103 2492 2156 si
2517 2103 2845 2171 malagmate
2875 2102 3211 2155 mollivimus
3231 2142 3246 2165 ,
3278 2116 3376 2155 nec
3428 2110 3607 2153 tamen

2029 2195 2175 2250 cedit
2208 2195 2618 2250 medicamentis
2647 2194 2879 2248 tumoris
2904 2194 3131 2258 duritia,
3157 2192 3331 2247 solum
3364 2201 3607 2259 superest

2031 2288 2333 2343 remedium
2361 2290 2425 2342 de
2458 2287 2673 2343 ecandi.
2702 2287 2795 2341 Sic
2839 2288 2985 2341 enim
3043 2287 3305 2341 Dominus
3360 2286 3491 2338 dicit
3517 2285 3563 2316 ⁸⁸
3592 2303 3605 2339 :

2034 2401 2053 2432 ι
2087 2381 2143 2436 Si
2170 2384 2392 2437 dextera
2425 2396 2617 2435 manus
2645 2392 2733 2432 tua
2768 2380 3227 2435 scandalizavcrit
3261 2387 3312 2432 te
3334 2418 3349 2443 ,
3387 2378 3610 2435 abscide

2026 2489 2172 2539 eam,
2197 2484 2249 2527 et
2287 2473 2494 2543 projice
2517 2474 2613 2526 abs
2651 2482 2723 2528 te.
2759 2490 2778 2524 ι
2815 2472 3200 2541 Nunquidnam
3256 2486 3448 2524 manus
3483 2486 3597 2524 cor~

2025 2568 2174 2637 poris
2200 2566 2367 2620 nostri
2402 2565 2692 2634 aliquando
2736 2564 3072 2619 scamlalizat
3111 2579 3230 2627 nos,
3288 2574 3345 2616 ut
3384 2564 3449 2619 de
3506 2565 3607 2618 hac.

2026 2675 2184 2714 manu
2219 2658 2464 2729 corporis
2497 2657 2850 2726 Evangelium
2877 2657 3025 2711 dicat
3078 2674 3091 2709 ι
3146 2675 3164 2708 ι
3200 2656 3436 2711 Abscide
3481 2669 3604 2710 eam

2021 2763 2075 2805 et
2111 2750 2313 2819 projiee
2342 2751 2441 2803 abs
2483 2749 2569 2802 te?
2604 2768 2622 2800 ι
2653 2749 2759 2803 Sed
2784 2748 2886 2803 hoc
2916 2760 2999 2802 est
3026 2747 3138 2819 (‘32)
3175 2748 3317 2817 quod
3348 2746 3516 2811 dicit,
3546 2755 3608 2803 ut

2019 2858 2119 2912 ego
2147 2843 2235 2912 qui
2266 2843 2451 2896 videor
2482 2842 2577 2895 tibi
2613 2857 2804 2894 manus
2830 2854 2953 2895 esse
2977 2841 3225 2903 dextera,
3260 2850 3316 2893 et
3358 2838 3597 2908 presyb-

2021 2942 2101 2989 ter
2126 2935 2397 2998 nominor,
2424 2944 2477 2987 et
2524 2935 2752 2988 verbum
2807 2931 2898 2985 Dei
2953 2932 3139 2985 videor
3184 2932 3505 3001 pmdicare,
3555 2930 3602 2985 si

2019 3026 2219 3096 aliquid
2252 3036 2441 3081 contra
2470 3025 2899 3079 ecclesiasticam
2927 3023 3266 3091 disciplinam
3294 3061 3308 3085 ,
3336 3031 3389 3075 et
3421 3022 3601 3076 Evan-

321 3107 474 3162 satio
499 3118 625 3163 nota
654 3109 744 3175 sit,
785 3112 1027 3167 maxime
1087 3118 1465 3174 sacerdotibus
1509 3129 1565 3173 et
1621 3122 1904 3180 ministris.

2028 3118 2141 3188 gelii
2200 3118 2444 3187 regulam
2512 3132 2758 3183 gessero,
2809 3116 2879 3169 ita
2927 3125 2984 3168 ut
3035 3114 3350 3169 scandalum
3414 3113 3509 3168 tibi
3547 3124 3603 3168 et

321 3196 447 3252 Nec
474 3208 668 3277 putent
704 3215 762 3255 se
792 3211 940 3257 recte
973 3203 1177 3268 dicere,
1201 3204 1337 3268 Quid
1366 3208 1471 3263 hoc
1521 3210 1588 3263 ad
1646 3225 1731 3264 me
1784 3228 1906 3280 spe-

320 3295 445 3343 ctat
476 3290 518 3342 si
548 3290 684 3345 alius
715 3293 854 3349 male
879 3295 1039 3363 agit?
1066 3296 1178 3352 lloc
1203 3300 1491 3355 estdicere
1524 3313 1686 3371 caput
1712 3307 1777 3358 ad
1809 3321 1904 3374 pe-

320 3380 448 3440 des,
467 3379 601 3446 Quid
626 3382 693 3437 ad
725 3400 809 3438 me
840 3388 1072 3454 pertinet
1108 3390 1151 3443 si
1182 3390 1409 3445 dolent?
1447 3391 1502 3446 Si
1535 3394 1676 3448 male
1703 3394 1907 3451 habent

319 3472 648 3540 pedesmei,
677 3490 783 3530 non
821 3494 938 3533 mea
992 3480 1256 3547 interest,
1314 3484 1606 3539 dummodo
1648 3496 1809 3555 caput
1850 3488 1904 3542 in

316 3562 562 3619 Sanitate
590 3566 861 3634 perduret.
894 3571 1000 3625 Aut
1038 3573 1081 3627 si
1123 3574 1268 3627 dicat
1297 3575 1486 3629 oculus
1528 3578 1713 3630 manui
1746 3574 1902 3631 :Non

318 3651 549 3723 indigeo
579 3672 741 3727 opera
772 3668 880 3726 tua,
912 3661 1039 3730 quid
1071 3664 1137 3717 ad
1185 3680 1271 3720 me
1305 3667 1536 3732 pertinet
1594 3667 1637 3721 si
1706 3666 1855 3722 doles
1884 3667 1908 3722 τ

317 3745 380 3801 Si
415 3747 697 3804 vulnerata
728 3766 788 3806 es
809 3793 826 3821 ,
903 3756 1144 3824 nunquid
1174 3774 1276 3829 ego
1307 3758 1496 3813 oculus
1538 3759 1907 3821 conturbabor

316 3852 384 3893 ex
432 3840 754 3909 aegritudine
783 3847 1023 3902 manus?
1074 3849 1203 3905 Tale
1230 3866 1357 3920 ergo
1386 3854 1633 3922 estquod
1671 3862 1837 3923 agunt
1874 3852 1908 3907 ii

314 3930 414 4001 qui
453 3930 711 3989 Ecclesiis
749 3946 1020 4005 prtesunt,
1049 3957 1154 3996 non
1200 3943 1501 4013 cogitantes
1557 3943 1683 4013 quia
1735 3960 1899 3999 unum

315 4038 523 4092 corpus
554 4039 740 4083 smnus
793 4043 985 4087 omnes
1022 4034 1113 4103 qui
1160 4036 1455 4102 credimus,
1502 4053 1671 4092 unum
1727 4037 1897 4092 Deum

314 4113 609 4183 habentes,
646 4119 737 4187 qui
772 4137 871 4178 nos
901 4123 953 4178 in
982 4125 1193 4181 unitate
1222 4129 1550 4205 constringit
1605 4138 1663 4185 et
1725 4130 1898 4186 conti-

392 4271 441 4304 “
467 4274 485 4329 Ι
519 4275 659 4333 Tim.
688 4294 739 4345 v,
767 4280 857 4337 20.

934 4285 981 4319 ³⁵
1010 4284 1032 4339 Ι
1060 4288 1186 4343 Cor.
1227 4306 1275 4355 v,
1302 4292 1387 4345 l3.
1468 4293 1515 4324 ⁸⁸
1538 4292 1670 4348 ibid.
1702 4294 1757 4350 5.

391 4432 615 4521 Sed.
640 4444 687 4494 et
720 4438 854 4521 illud
883 4458 985 4521 non
1016 4447 1203 4521 otiose.
1234 4458 1343 4521 ctu.
1375 4451 1590 4509 Citatur
1617 4455 1706 4511 hic
1749 4455 1903 4512 locus
1936 4462 1978 4521 ι)

317 4504 393 4587 ab
422 4502 560 4587 lena
588 4506 965 4587 Aurelianensi
991 4502 1247 4587 episeopo
1280 4502 1901 4587 111,.Tiie'in'iiﬁuii552

313 4572 523 4634 laicali,
551 4589 670 4643 cap,
710 4578 797 4632 σε,
1026 4572 1038 4583 ·
1183 4572 1196 4587 ι
1228 4572 1236 4573 ί
1330 4572 1375 4575 -τ
1410 4572 1426 4577 -
1464 4572 1534 4578 η
1569 4572 1899 4589 ηψπ-..-π

389 4661 803 4759 (ἷρζρςῗιςιιῑο,
844 4690 862 4722 ι
904 4675 1258 4759 ltocnquando
1289 4681 1521 4759 accidit?
1556 4702 1574 4736 ι
1607 4687 1893 4758 Sangerm.

316 4732 778 4858 :clgi‘ﬁaupmode
802 4743 1039 4799 accidit?
1061 4732 1091 4799 ἰ
1116 4732 1269 4805 Libb.
1295 4732 1483 4807 editi—'2'
1502 4732 1535 4806 ἰ
1556 4732 1568 4736 ⁷

315 4871 515 4997 reg").
562 4873 721 4945 Μεδ..
764 4898 782 4932 ι
828 4894 1059 4943 metum.
1118 4906 1137 4942 ι
1182 4887 1338 4947 Libb.
1388 4893 1520 4948 editi
1576 4912 1587 4945 ε

387 5032 735 5116 (12)(Ζοάθι-
771 5039 1172 5116 Gemcticensis
1209 5068 1222 5104 :
1280 5068 1297 5101 ι
1352 5054 1620 5110 succensi.
1657 5074 1675 5107 ι
1738 5054 1893 5112 Libb.

313 5104 444 5158 editi
479 5121 493 5158 :
535 5121 558 5156 ο
592 5108 914 5164 succincti.»

384 5172 737 5266 (Alﬁlotnlnes
772 5196 905 5266 mss.
943 5201 960 5233 ι
1001 5194 1080 5266 et,
1120 5199 1240 5257 post
1297 5191 1893 5266 Ecclesizecorreptio-

316 5258 561 5382 ἰιξὲιιιὼῐῖε
580 5245 736 5368 L’ibb.
761 5251 892 5305 editi
928 5270 941 5306 :
979 5269 999 5303 ι
1033 5265 1088 5309 et
1121 5245 1259 5327 'post
1306 5245 1712 5320 haichccles'i-te
1726 5245 1889 5322 "ciii-

526 5387 973 5473 gemeticensis:
1033 5414 1052 5448 ι
1088 5400 1299 5473 et_dum
1334 5418 1438 5457 non
1482 5415 1713 5473 purgant
1766 5408 1888 5463 tnti-

319 5467 493 5519 versa,
526 5456 785 5515 Ecclesize
817 5462 1117 5522 moliuntur
1147 5456 1444 5527 interitum.
1483 5456 1506 5527 ἶ

388 5549 497 5617 (l5)
528 5552 714 5630 Idem”:
754 5570 771 5630 ς
809 5557 887 5610 sic
919 5561 1081 5613 etiam
1122 5576 1217 5630 per
1266 5581 1429 5618 unum
1479 5567 1562 5621 vel
1628 5567 1892 5626 fornican-

322 5623 430 5741 :f'l’t:
485 5622 566 5677 vel
625 5623 767 5679 aliud
826 5622 1187 5701 quodcunque
1250 5635 1475 5693 sceleris
1545 5622 1889 5698 conmittit-ti-

360 5703 370 5719 ‘
436 5728 445 5741 ι
484 5708 502 5741 ι

360 5703 445 5743 ξνιι.
484 5708 502 5742 ι

1650 4914 1667 4946 ι
1734 4897 1865 4958 tittto
1878 4928 1893 4938 τ

1835 4296 1879 4327 ⁵⁷
1914 4293 2047 4349 Luc.
2072 4309 2163 4350 xv.

2016 3210 2273 3264 Ecclesia:
2302 3207 2421 3278 (9.3)
2485 3207 2703 3272 faciam,
2752 3208 2805 3260 in
2857 3222 2968 3261 uno
3031 3221 3296 3261 consensu
3355 3205 3596 3260 Ecclesia

2017 3304 2273 3355 universa
2304 3302 2629 3369 conspirans
2658 3301 2876 3354 excidat
2906 3316 2990 3353 me
3016 3301 3297 3354 dexteram
3323 3314 3479 3353 suum
3504 3339 3519 3362 ,
3543 3311 3599 3354 et

2014 3392 2265 3462 projiciat
2290 3407 2320 3444 a
2346 3407 2427 3448 se.
2464 3392 2694 3460 Expedit
2735 3393 2879 3445 enim
2936 3390 3030 3444 tibi
3081 3399 3138 3445 et
3186 3390 3449 3445 Ecclesia:
3482 3390 3598 3462 (Ἡ)

2014 3484 2218 3551 absque
2252 3497 2337 3536 me
2370 3498 2531 3534 manu
2579 3492 2691 3545 tua,
2725 3497 2845 3550 qute
2876 3482 3014 3537 male
3042 3484 3256 3553 agendo
3281 3483 3594 3538 scandalum

2014 3575 2141 3641 feci,
2168 3576 2404 3630 introire
2443 3575 2495 3629 in
2545 3591 2768 3646 regnum
2808 3577 3109 3641 caelorum,
3156 3592 3319 3646 quam
3380 3590 3594 3630 mecum

2015 3669 2094 3723 ire
2125 3669 2178 3723 in
2206 3670 2533 3738 gehennam.
2557 3668 2681 3722 llaec
2724 3669 2929 3723 idcirco
2961 3670 3215 3732 diximus,
3264 3668 3389 3738 quia
3449 3669 3596 3721 video

2017 3774 2139 3815 mus
2196 3760 2248 3814 in
2298 3759 2601 3829 Scripturis
2656 3761 2861 3815 sanctis
2922 3759 3138 3827 relerri,
3183 3762 3324 3831 quod
3370 3768 3601 3830 promer

2015 3868 2183 3906 unum
2215 3862 2529 3922 peccantem
2569 3853 2855 3905 anathema
2910 3852 3037 3908 lacti
3090 3863 3218 3909 sunt
3266 3854 3358 3907 lilii
3400 3853 3595 3920 lsracl,

2015 3944 2088 3998 ita
2115 3952 2174 3998 ut
2208 3945 2556 3999 vincerentur
2583 3944 2652 3997 ab
2680 3944 2949 4000 hostibus.

2078 4035 2132 4088 7.
2170 4035 2279 4090 Sed
2309 4035 2591 4090 videamus
2622 4045 2675 4091 et
2718 4037 2890 4105 ipsum
2940 4046 3224 4107 peccatum
3274 4039 3391 4107 ejus
3426 4038 3599 4107 quale

2006 4128 2081 4183 sit
2112 4144 2125 4181 :
2157 4128 2393 4184 Furatus
2421 4138 2526 4195 εει,
2561 4129 2736 4200 inquit
2759 4133 2826 4197 ⁵³,
2854 4130 3091 4201 linguam
3118 4146 3363 4199 auream,
3395 4143 3451 4187 et
3489 4146 3591 4200 po-

2238 4294 2285 4326 “
2320 4293 2512 4348 Matth.
2549 4310 2601 4359 v,
2631 4294 2721 4349 50.
2805 4297 2849 4330 ⁵⁹
2872 4295 2984 4351 Jos.
3012 4313 3106 4362 vn,
3139 4297 3229 4350 (ξι.

2073 4455 2187 4521 (l6)
2235 4456 2365 4521 Mss.
2410 4476 2428 4509 ι
2469 4457 2764 4513 Christum.
2821 4477 2840 4510 ι
2895 4457 3053 4517 Libb.
3097 4458 3230 4513 editi
3284 4476 3300 4513 :

2011 4536 2147 4579 stus.
2189 4545 2206 4576 ι

2081 4594 2623 4667 (17)ῌΟΟΙᾩΘΙῘ(ΪΟΙΙΒῘ5
2666 4615 2678 4649 :
2719 4616 2737 4647 ‹
2804 4602 2870 4649 ad
2924 4609 3189 4666 prccrnpta
3257 4600 3516 4667 pendere.
3551 4623 3571 4655 ι

2009 4663 2160 4735 Unus
2189 4664 2535 4735 Ebroieensis
2564 4684 2578 4716 :
2629 4685 2647 4717 ι
2680 4668 2744 4720 ad
2770 4663 3035 4735 prarrtipta
3064 4663 3304 4724 tendere.
3345 4689 3364 4721 ι

2078 4734 2495 4806 (18)(_}emetic.
2534 4753 2551 4786 r
2594 4738 2867 4806 prohibes.
2906 4756 2925 4788 ι

2032 4874 2043 4884 ,
2079 4803 2420 4887 (l9).0mnes
2448 4803 2645 4860 mssﬁr
2683 4808 2763 4862 sic
2792 4807 3076 4868 imtncmor
3104 4820 3185 4869 es.
3222 4825 3240 4859 ι
3276 4805 3430 4865 Libb.
3472 4813 3577 4864 edi-

2008 4885 2042 4927 ll
2074 4891 2086 4925 Σ
2124 4893 2141 4924 1
2180 4885 2257 4929 sic
2292 4890 2503 4929 memor
2539 4892 2619 4931 es.
2657 4896 2674 4929 ι

2075 4944 2189 5013 (ΞΟ)
2222 4945 2585 5013 Satggerman.
2608 4966 2625 4998 ι
2660 4946 2727 4999 ad
2764 4954 2984 4999 terram.
3028 4962 3045 4995 ι
3075 4943 3228 4998 Libb.
3256 4945 3387 4999 editi
3413 4960 3428 5000 :
3453 4965 3473 4998 ι
3506 4951 3571 5001 ad

2004 5012 2200 5069 terras.
2236 5034 2253 5065 ι
2287 5012 2491 5071 ibidem
2517 5017 2685 5073 codex
2738 5013 3003 5071 Gemetic.
3064 5033 3081 5073 ι
3112 5015 3388 5071 inventam
3417 5034 3571 5073 κως

2000 5085 2216 5138 caverit
2248 5086 2491 5140 humeris
2518 5086 2649 5140 suis.
2683 5103 2705 5137 ι

2016 5223 2027 5275 Ι
2070 5153 2184 5226 (2t)
2213 5154 3389 5223 SangermanensisrumunoEbroicensi:t
3432 5158 3573 5214 exci-

2034 5234 2172 5275 atur.
2217 5244 2235 5273 ι

1997 5234 2172 5276 "illi".
2217 5244 2235 5273 ι

2073 5293 2187 5363 (22)
2214 5293 2373 5351 Libb.
2414 5302 2572 5349 antea
2606 5294 2737 5353 editi
2772 5315 2783 5349 τ
2823 5314 2841 5346 ι
2883 5311 2951 5350 an
2982 5296 3049 5351 de
3092 5295 3192 5350 hac
3228 5312 3460 5355 manu...
3494 5297 3572 5352 di-

1999 5362 2117 5433 cit:
2168 5365 2432 5419 Abscindc
2480 5380 2598 5417 eam
2641 5374 2694 5416 et
2732 5366 2930 5433 projice
2960 5366 3057 5427 abs
3095 5366 3193 5428 te?
3241 5365 3354 5423 Hoc
3397 5378 3501 5429 est.
3541 5385 3563 5421 ι

2000 5432 2105 5487 διΒά
2135 5450 2324 5487 omnes
2356 5450 2485 5487 IllSS.
2524 5447 2583 5485 ιιι
2614 5434 2664 5486 in
2693 5432 2877 5490 "USll‘O
2908 5445 3077 5490 textu.

2072 5504 2185 5572 (‘25)
2215 5503 2414 5557 Onmes
2450 5520 2581 5557 mss.
2613 5524 2630 5554 ι
2668 5505 2763 5560 tibi
2786 5516 2839 5561 ct
2860 5505 3137 5563 Ecclesiae.
3167 5527 3185 5558 ι
3246 5506 3406 5568 Libb.
3453 5508 3567 5564 edi-

2001 5572 2040 5626 ti
2073 5574 2143 5626 ;’‹
2196 5574 2286 5626 tibi
2326 5574 2599 5627 Ecclesitc.
2631 5592 2649 5625 ι
3404 5578 3405 5581 “

2074 5643 2187 5713 (24)
2223 5646 2423 5699 Omnes
2454 5661 2584 5701 mss.
2638 5645 2833 5703 itct‘unt
2869 5666 2881 5705 :
2920 5666 2939 5702 ι
2988 5647 3086 5705 tibi
3138 5657 3192 5705 ct
3221 5648 3495 5714 Ecclesia.
3539 5668 3559 5701 ι

1998 5713 2153 5771 Libb.
2195 5715 2322 5770 editi
2356 5725 2409 5767 ιιι
2448 5730 2631 5783 supra.

3355 4478 3373 4510 ι
3414 4460 3582 4516 Chri-
