  <div class='ocr_page' id='page_1' title='image "/cluster/home/n/w/nwhite01/storage/ocr_20150623/12/hvd.32044052796216/437.png"; bbox 0 0 4104 6226; ppageno 0'>
   <div class='ocr_carea' id='block_1_1' title="bbox 557 285 659 356">
    <p class='ocr_par' dir='ltr' id='par_1_1' title="bbox 557 285 659 356">
     <span class='ocr_line' id='line_1_1' title="bbox 557 285 659 356; baseline -0.029 0"><span class='ocrx_word' id='word_1_1' title='bbox 557 285 659 356; x_wconf 65' lang='lat'><strong>803</strong></span> 
     </span>
    </p>
   </div>
   <div class='ocr_carea' id='block_1_2' title="bbox 2030 283 2355 344">
    <p class='ocr_par' dir='ltr' id='par_1_2' title="bbox 2030 283 2355 344">
     <span class='ocr_line' id='line_1_2' title="bbox 2030 283 2355 344; baseline -0.018 0"><span class='ocrx_word' id='word_1_2' title='bbox 2030 283 2355 344; x_wconf 78' lang='lat' dir='ltr'><strong>ORIGENIS</strong></span> 
     </span>
    </p>
   </div>
   <div class='ocr_carea' id='block_1_3' title="bbox 3721 294 3843 351">
    <p class='ocr_par' dir='ltr' id='par_1_3' title="bbox 3721 294 3843 351">
     <span class='ocr_line' id='line_1_3' title="bbox 3721 294 3843 351; baseline 0 0"><span class='ocrx_word' id='word_1_3' title='bbox 3721 294 3843 351; x_wconf 61' lang='lat'><strong>865</strong></span> 
     </span>
    </p>
   </div>
   <div class='ocr_carea' id='block_1_4' title="bbox 556 398 3837 475">
    <p class='ocr_par' dir='ltr' id='par_1_4' title="bbox 556 398 3837 475">
     <span class='ocr_line' id='line_1_4' title="bbox 556 398 3837 475; baseline -0.001 -16"><span class='ocrx_word' id='word_1_4' title='bbox 556 404 806 462; x_wconf 89' lang='lat' dir='ltr'><strong>suiteam</strong></span> <span class='ocrx_word' id='word_1_5' title='bbox 841 406 892 459; x_wconf 93' lang='lat' dir='ltr'><strong>in</strong></span> <span class='ocrx_word' id='word_1_6' title='bbox 928 405 1276 461; x_wconf 83' lang='lat' dir='ltr'><strong>tabernaculo</strong></span> <span class='ocrx_word' id='word_1_7' title='bbox 1302 420 1421 460; x_wconf 91' lang='lat' dir='ltr'><strong>suo.</strong></span> <span class='ocrx_word' id='word_1_8' title='bbox 1459 404 1573 460; x_wconf 85' lang='lat' dir='ltr'><strong>Non</strong></span> <span class='ocrx_word' id='word_1_9' title='bbox 1608 414 1736 475; x_wconf 91' lang='lat' dir='ltr'><strong>puto</strong></span> <span class='ocrx_word' id='word_1_10' title='bbox 1786 404 1836 459; x_wconf 92' lang='lat' dir='ltr'><strong>itt</strong></span> <span class='ocrx_word' id='word_1_11' title='bbox 1867 404 1958 458; x_wconf 91' lang='lat' dir='ltr'><strong>illo</strong></span> <span class='ocrx_word' id='word_1_12' title='bbox 1984 403 2124 457; x_wconf 91' lang='lat' dir='ltr'><strong>furto</strong></span> <span class='ocrx_word' id='word_1_13' title='bbox 2156 407 2200 463; x_wconf 82' lang='grc' dir='ltr'><strong>Λ</strong></span> <span class='ocrx_word' id='word_1_14' title='bbox 2233 410 2322 453; x_wconf 92' lang='lat' dir='ltr'><strong>tur</strong></span> <span class='ocrx_word' id='word_1_15' title='bbox 2368 398 2556 452; x_wconf 89' lang='lat' dir='ltr'><strong>audire</strong></span> <span class='ocrx_word' id='word_1_16' title='bbox 2604 411 2703 467; x_wconf 90' lang='lat' dir='ltr'><strong>pro</strong></span> <span class='ocrx_word' id='word_1_17' title='bbox 2742 409 2809 451; x_wconf 90' lang='lat' dir='ltr'><strong>co</strong></span> <span class='ocrx_word' id='word_1_18' title='bbox 2844 398 2990 467; x_wconf 90' lang='lat' dir='ltr'><strong>quod</strong></span> <span class='ocrx_word' id='word_1_19' title='bbox 3043 398 3224 456; x_wconf 87' lang='lat' dir='ltr'><strong>minus</strong></span> <span class='ocrx_word' id='word_1_20' title='bbox 3258 401 3596 461; x_wconf 87' lang='lat' dir='ltr'><strong>delectabilis</strong></span> <span class='ocrx_word' id='word_1_21' title='bbox 3627 423 3837 464; x_wconf 70' lang='lat' dir='ltr'><strong>eorum</strong></span> 
     </span>
    </p>
   </div>
   <div class='ocr_carea' id='block_1_5' title="bbox 557 497 2125 565">
    <p class='ocr_par' dir='ltr' id='par_1_5' title="bbox 557 497 2125 565">
     <span class='ocr_line' id='line_1_5' title="bbox 557 497 2125 565; baseline -0.001 -16"><span class='ocrx_word' id='word_1_22' title='bbox 557 500 713 564; x_wconf 89' lang='lat' dir='ltr'><strong>parvi</strong></span> <span class='ocrx_word' id='word_1_23' title='bbox 755 498 870 550; x_wconf 99' lang='lat' dir='ltr'><strong>auri</strong></span> <span class='ocrx_word' id='word_1_24' title='bbox 917 506 1120 549; x_wconf 89' lang='lat' dir='ltr'><strong>tatttam</strong></span> <span class='ocrx_word' id='word_1_25' title='bbox 1154 498 1260 550; x_wconf 86' lang='lat' dir='ltr'><strong>vim</strong></span> <span class='ocrx_word' id='word_1_26' title='bbox 1298 497 1464 551; x_wconf 86' lang='lat' dir='ltr'><strong>fuisse</strong></span> <span class='ocrx_word' id='word_1_27' title='bbox 1489 497 1721 565; x_wconf 77' lang='lat' dir='ltr'><strong>peccati,</strong></span> <span class='ocrx_word' id='word_1_28' title='bbox 1757 506 1814 549; x_wconf 92' lang='lat' dir='ltr'><strong>ut</strong></span> <span class='ocrx_word' id='word_1_29' title='bbox 1867 504 1974 548; x_wconf 86' lang='lat' dir='ltr'><strong>tant</strong></span> <span class='ocrx_word' id='word_1_30' title='bbox 2029 511 2125 547; x_wconf 79' lang='lat' dir='ltr'><strong>nu—</strong></span> 
     </span>
    </p>
   </div>
   <div class='ocr_carea' id='block_1_6' title="bbox 555 583 2127 640">
    <p class='ocr_par' dir='ltr' id='par_1_6' title="bbox 555 583 2127 640">
     <span class='ocr_line' id='line_1_6' title="bbox 555 583 2127 640; baseline -0.001 -3"><span class='ocrx_word' id='word_1_31' title='bbox 555 600 827 640; x_wconf 80' lang='lat' dir='ltr'><strong>tucrosam</strong></span> <span class='ocrx_word' id='word_1_32' title='bbox 869 586 1075 638; x_wconf 89' lang='lat' dir='ltr'><strong>Dmnini</strong></span> <span class='ocrx_word' id='word_1_33' title='bbox 1111 585 1409 639; x_wconf 80' lang='lat' dir='ltr'><strong>Ecclesiam</strong></span> <span class='ocrx_word' id='word_1_34' title='bbox 1456 585 1772 639; x_wconf 88' lang='lat' dir='ltr'><strong>macularet.</strong></span> <span class='ocrx_word' id='word_1_35' title='bbox 1815 583 1921 639; x_wconf 90' lang='lat' dir='ltr'><strong>Sed</strong></span> <span class='ocrx_word' id='word_1_36' title='bbox 1950 584 2127 637; x_wconf 88' lang='lat' dir='ltr'><strong>videa-</strong></span> 
     </span>
    </p>
   </div>
   <div class='ocr_carea' id='block_1_7' title="bbox 549 677 2128 747">
    <p class='ocr_par' dir='ltr' id='par_1_7' title="bbox 549 677 2128 747">
     <span class='ocr_line' id='line_1_7' title="bbox 549 677 2128 747; baseline -0.002 -15"><span class='ocrx_word' id='word_1_37' title='bbox 549 696 670 733; x_wconf 87' lang='lat' dir='ltr'><strong>tnus</strong></span> <span class='ocrx_word' id='word_1_38' title='bbox 700 696 765 732; x_wconf 90' lang='lat' dir='ltr'><strong>ne</strong></span> <span class='ocrx_word' id='word_1_39' title='bbox 801 679 939 731; x_wconf 89' lang='lat' dir='ltr'><strong>forte</strong></span> <span class='ocrx_word' id='word_1_40' title='bbox 992 677 1267 731; x_wconf 89' lang='lat' dir='ltr'><strong>interioris</strong></span> <span class='ocrx_word' id='word_1_41' title='bbox 1306 677 1674 747; x_wconf 69' lang='lat' dir='ltr'><strong>intelligentia:</strong></span> <span class='ocrx_word' id='word_1_42' title='bbox 1742 678 1814 732; x_wconf 84' lang='lat' dir='ltr'><strong>sit</strong></span> <span class='ocrx_word' id='word_1_43' title='bbox 1876 688 2023 730; x_wconf 89' lang='lat' dir='ltr'><strong>tanta</strong></span> <span class='ocrx_word' id='word_1_44' title='bbox 2073 686 2128 729; x_wconf 93' lang='lat' dir='ltr'><strong>et</strong></span> 
     </span>
    </p>
   </div>
   <div class='ocr_carea' id='block_1_8' title="bbox 551 770 2130 837">
    <p class='ocr_par' dir='ltr' id='par_1_8' title="bbox 551 770 2130 837">
     <span class='ocr_line' id='line_1_8' title="bbox 551 770 2130 837; baseline -0.001 -14"><span class='ocrx_word' id='word_1_45' title='bbox 551 781 660 824; x_wconf 80' lang='lat' dir='ltr'><strong>tam</strong></span> <span class='ocrx_word' id='word_1_46' title='bbox 698 774 881 837; x_wconf 82' lang='lat' dir='ltr'><strong>gravis</strong></span> <span class='ocrx_word' id='word_1_47' title='bbox 911 773 1183 826; x_wconf 71' lang='lat' dir='ltr'><strong>acerbitas</strong></span> <span class='ocrx_word' id='word_1_48' title='bbox 1221 771 1320 823; x_wconf 90' lang='lat' dir='ltr'><strong>ista</strong></span> <span class='ocrx_word' id='word_1_49' title='bbox 1354 771 1585 837; x_wconf 84' lang='lat' dir='ltr'><strong>peccati.</strong></span> <span class='ocrx_word' id='word_1_50' title='bbox 1617 770 1812 823; x_wconf 85' lang='lat' dir='ltr'><strong>Multus</strong></span> <span class='ocrx_word' id='word_1_51' title='bbox 1839 770 2000 823; x_wconf 83' lang='lat' dir='ltr'><strong>decor</strong></span> <span class='ocrx_word' id='word_1_52' title='bbox 2046 778 2130 823; x_wconf 89' lang='lat' dir='ltr'><strong>est</strong></span> 
     </span>
    </p>
   </div>
   <div class='ocr_carea' id='block_1_9' title="bbox 548 862 2125 931">
    <p class='ocr_par' dir='ltr' id='par_1_9' title="bbox 548 862 2125 931">
     <span class='ocr_line' id='line_1_9' title="bbox 548 862 2125 931; baseline -0.001 -16"><span class='ocrx_word' id='word_1_53' title='bbox 548 863 603 916; x_wconf 93' lang='lat' dir='ltr'><strong>iu</strong></span> <span class='ocrx_word' id='word_1_54' title='bbox 630 864 831 927; x_wconf 86' lang='lat' dir='ltr'><strong>verbis,</strong></span> <span class='ocrx_word' id='word_1_55' title='bbox 858 874 909 916; x_wconf 91' lang='lat' dir='ltr'><strong>ct</strong></span> <span class='ocrx_word' id='word_1_56' title='bbox 950 862 1117 915; x_wconf 92' lang='lat' dir='ltr'><strong>multa</strong></span> <span class='ocrx_word' id='word_1_57' title='bbox 1144 862 1197 915; x_wconf 93' lang='lat' dir='ltr'><strong>in</strong></span> <span class='ocrx_word' id='word_1_58' title='bbox 1236 862 1682 931; x_wconf 90' lang='lat' dir='ltr'><strong>philosophorum</strong></span> <span class='ocrx_word' id='word_1_59' title='bbox 1710 862 1793 917; x_wconf 87' lang='lat' dir='ltr'><strong>vel</strong></span> <span class='ocrx_word' id='word_1_60' title='bbox 1847 863 2125 915; x_wconf 75' lang='lat' dir='ltr'><strong>rhetorum</strong></span> 
     </span>
    </p>
   </div>
   <div class='ocr_carea' id='block_1_10' title="bbox 545 955 2127 1024">
    <p class='ocr_par' dir='ltr' id='par_1_10' title="bbox 545 955 2127 1024">
     <span class='ocr_line' id='line_1_10' title="bbox 545 955 2127 1024; baseline 0 -15"><span class='ocrx_word' id='word_1_61' title='bbox 545 957 893 1010; x_wconf 76' lang='lat' dir='ltr'><strong>sermonibus</strong></span> <span class='ocrx_word' id='word_1_62' title='bbox 949 955 1294 1024; x_wconf 80' lang='lat' dir='ltr'><strong>pulchritudo</strong></span> <span class='ocrx_word' id='word_1_63' title='bbox 1328 994 1342 1019; x_wconf 92' lang='lat'><strong>,</strong></span> <span class='ocrx_word' id='word_1_64' title='bbox 1400 956 1497 1023; x_wconf 82' lang='lat' dir='ltr'><strong>qui</strong></span> <span class='ocrx_word' id='word_1_65' title='bbox 1542 970 1733 1009; x_wconf 86' lang='lat' dir='ltr'><strong>omnes</strong></span> <span class='ocrx_word' id='word_1_66' title='bbox 1778 956 1845 1009; x_wconf 85' lang='lat' dir='ltr'><strong>de</strong></span> <span class='ocrx_word' id='word_1_67' title='bbox 1908 955 2127 1010; x_wconf 85' lang='lat' dir='ltr'><strong>civitate</strong></span> 
     </span>
    </p>
   </div>
   <div class='ocr_carea' id='block_1_11' title="bbox 546 1047 2126 1117">
    <p class='ocr_par' dir='ltr' id='par_1_11' title="bbox 546 1047 2126 1117">
     <span class='ocr_line' id='line_1_11' title="bbox 546 1047 2126 1117; baseline 0.001 -18"><span class='ocrx_word' id='word_1_68' title='bbox 546 1059 673 1101; x_wconf 84' lang='lat' dir='ltr'><strong>sunt</strong></span> <span class='ocrx_word' id='word_1_69' title='bbox 712 1047 955 1109; x_wconf 80' lang='lat' dir='ltr'><strong>Jericltn,</strong></span> <span class='ocrx_word' id='word_1_70' title='bbox 992 1049 1041 1100; x_wconf 88' lang='lat' dir='ltr'><strong>id</strong></span> <span class='ocrx_word' id='word_1_71' title='bbox 1071 1056 1176 1111; x_wconf 87' lang='lat' dir='ltr'><strong>est,</strong></span> <span class='ocrx_word' id='word_1_72' title='bbox 1207 1048 1364 1117; x_wconf 87' lang='lat' dir='ltr'><strong>hujus</strong></span> <span class='ocrx_word' id='word_1_73' title='bbox 1386 1049 1574 1102; x_wconf 86' lang='lat' dir='ltr'><strong>mundi</strong></span> <span class='ocrx_word' id='word_1_74' title='bbox 1609 1048 1877 1103; x_wconf 88' lang='lat' dir='ltr'><strong>homines.</strong></span> <span class='ocrx_word' id='word_1_75' title='bbox 1912 1048 1966 1101; x_wconf 83' lang='lat' dir='ltr'><strong>Si</strong></span> <span class='ocrx_word' id='word_1_76' title='bbox 1999 1063 2126 1115; x_wconf 85' lang='lat' dir='ltr'><strong>ergo</strong></span> 
     </span>
    </p>
   </div>
   <div class='ocr_carea' id='block_1_12' title="bbox 547 1141 2124 1211">
    <p class='ocr_par' dir='ltr' id='par_1_12' title="bbox 547 1141 2124 1211">
     <span class='ocr_line' id='line_1_12' title="bbox 547 1141 2124 1211; baseline 0 -18"><span class='ocrx_word' id='word_1_77' title='bbox 547 1142 799 1195; x_wconf 86' lang='lat' dir='ltr'><strong>invenias</strong></span> <span class='ocrx_word' id='word_1_78' title='bbox 829 1143 970 1208; x_wconf 84' lang='lat' dir='ltr'><strong>apud</strong></span> <span class='ocrx_word' id='word_1_79' title='bbox 1009 1141 1358 1210; x_wconf 89' lang='lat' dir='ltr'><strong>philosophos</strong></span> <span class='ocrx_word' id='word_1_80' title='bbox 1404 1157 1659 1211; x_wconf 86' lang='lat' dir='ltr'><strong>perversa</strong></span> <span class='ocrx_word' id='word_1_81' title='bbox 1690 1142 1938 1209; x_wconf 82' lang='lat' dir='ltr'><strong>dogmata</strong></span> <span class='ocrx_word' id='word_1_82' title='bbox 1975 1141 2124 1193; x_wconf 84' lang='lat' dir='ltr'><strong>lucu</strong></span> 
     </span>
    </p>
   </div>
   <div class='ocr_carea' id='block_1_13' title="bbox 546 1232 2125 1298">
    <p class='ocr_par' dir='ltr' id='par_1_13' title="bbox 546 1232 2125 1298">
     <span class='ocr_line' id='line_1_13' title="bbox 546 1232 2125 1298; baseline -0.001 -13"><span class='ocrx_word' id='word_1_83' title='bbox 546 1232 675 1285; x_wconf 87' lang='lat' dir='ltr'><strong>lenti</strong></span> <span class='ocrx_word' id='word_1_84' title='bbox 702 1234 970 1287; x_wconf 83' lang='lat' dir='ltr'><strong>sermonis</strong></span> <span class='ocrx_word' id='word_1_85' title='bbox 1014 1232 1405 1287; x_wconf 81' lang='lat' dir='ltr'><strong>assertionibus</strong></span> <span class='ocrx_word' id='word_1_86' title='bbox 1440 1236 1693 1288; x_wconf 81' lang='lat' dir='ltr'><strong>decorata</strong></span> <span class='ocrx_word' id='word_1_87' title='bbox 1721 1273 1734 1298; x_wconf 96' lang='lat'><strong>,</strong></span> <span class='ocrx_word' id='word_1_88' title='bbox 1764 1236 1862 1287; x_wconf 86' lang='lat' dir='ltr'><strong>ista</strong></span> <span class='ocrx_word' id='word_1_89' title='bbox 1894 1243 1975 1285; x_wconf 90' lang='lat' dir='ltr'><strong>est</strong></span> <span class='ocrx_word' id='word_1_90' title='bbox 2029 1232 2125 1285; x_wconf 86' lang='lat' dir='ltr'><strong>litt-</strong></span> 
     </span>
    </p>
   </div>
   <div class='ocr_carea' id='block_1_14' title="bbox 546 1324 2126 1396">
    <p class='ocr_par' dir='ltr' id='par_1_14' title="bbox 546 1324 2126 1396">
     <span class='ocr_line' id='line_1_14' title="bbox 546 1324 2126 1396; baseline 0.001 -21"><span class='ocrx_word' id='word_1_91' title='bbox 546 1340 648 1394; x_wconf 84' lang='lat' dir='ltr'><strong>gua</strong></span> <span class='ocrx_word' id='word_1_92' title='bbox 676 1341 863 1379; x_wconf 89' lang='lat' dir='ltr'><strong>aurea.</strong></span> <span class='ocrx_word' id='word_1_93' title='bbox 902 1325 1006 1379; x_wconf 90' lang='lat' dir='ltr'><strong>Sed</strong></span> <span class='ocrx_word' id='word_1_94' title='bbox 1038 1326 1158 1382; x_wconf 91' lang='lat' dir='ltr'><strong>vide</strong></span> <span class='ocrx_word' id='word_1_95' title='bbox 1189 1340 1259 1380; x_wconf 88' lang='lat' dir='ltr'><strong>ne</strong></span> <span class='ocrx_word' id='word_1_96' title='bbox 1282 1336 1332 1381; x_wconf 92' lang='lat' dir='ltr'><strong>te</strong></span> <span class='ocrx_word' id='word_1_97' title='bbox 1360 1326 1593 1396; x_wconf 87' lang='lat' dir='ltr'><strong>decipiat</strong></span> <span class='ocrx_word' id='word_1_98' title='bbox 1627 1324 1800 1395; x_wconf 78' lang='lat' dir='ltr'><strong>fulgor</strong></span> <span class='ocrx_word' id='word_1_99' title='bbox 1825 1325 2025 1395; x_wconf 86' lang='lat' dir='ltr'><strong>operis,</strong></span> <span class='ocrx_word' id='word_1_100' title='bbox 2061 1340 2126 1377; x_wconf 91' lang='lat' dir='ltr'><strong>ne</strong></span> 
     </span>
    </p>
   </div>
   <div class='ocr_carea' id='block_1_15' title="bbox 547 1418 2120 1488">
    <p class='ocr_par' dir='ltr' id='par_1_15' title="bbox 547 1418 2120 1488">
     <span class='ocr_line' id='line_1_15' title="bbox 547 1418 2120 1488; baseline 0 -19"><span class='ocrx_word' id='word_1_101' title='bbox 547 1426 601 1470; x_wconf 91' lang='lat' dir='ltr'><strong>te</strong></span> <span class='ocrx_word' id='word_1_102' title='bbox 637 1418 811 1485; x_wconf 79' lang='lat' dir='ltr'><strong>rapiat</strong></span> <span class='ocrx_word' id='word_1_103' title='bbox 845 1419 1113 1473; x_wconf 91' lang='lat' dir='ltr'><strong>sermonis</strong></span> <span class='ocrx_word' id='word_1_104' title='bbox 1167 1419 1317 1473; x_wconf 89' lang='lat' dir='ltr'><strong>aurei</strong></span> <span class='ocrx_word' id='word_1_105' title='bbox 1367 1418 1714 1488; x_wconf 87' lang='lat' dir='ltr'><strong>pulchritudo</strong></span> <span class='ocrx_word' id='word_1_106' title='bbox 1761 1434 1773 1469; x_wconf 92' lang='lat'><strong>:</strong></span> <span class='ocrx_word' id='word_1_107' title='bbox 1822 1427 2120 1480; x_wconf 85' lang='lat' dir='ltr'><strong>memento,</strong></span> 
     </span>
    </p>
   </div>
   <div class='ocr_carea' id='block_1_16' title="bbox 545 1509 2123 1577">
    <p class='ocr_par' dir='ltr' id='par_1_16' title="bbox 545 1509 2123 1577">
     <span class='ocr_line' id='line_1_16' title="bbox 545 1509 2123 1577; baseline 0.001 -16"><span class='ocrx_word' id='word_1_108' title='bbox 545 1510 669 1577; x_wconf 91' lang='lat' dir='ltr'><strong>quia</strong></span> <span class='ocrx_word' id='word_1_109' title='bbox 705 1509 865 1563; x_wconf 84' lang='lat' dir='ltr'><strong>Jesus</strong></span> <span class='ocrx_word' id='word_1_110' title='bbox 894 1513 1186 1563; x_wconf 85' lang='lat' dir='ltr'><strong>anathema</strong></span> <span class='ocrx_word' id='word_1_111' title='bbox 1210 1511 1370 1577; x_wconf 86' lang='lat' dir='ltr'><strong>jussit</strong></span> <span class='ocrx_word' id='word_1_112' title='bbox 1399 1526 1518 1566; x_wconf 88' lang='lat' dir='ltr'><strong>esse</strong></span> <span class='ocrx_word' id='word_1_113' title='bbox 1548 1526 1710 1565; x_wconf 87' lang='lat' dir='ltr'><strong>omne</strong></span> <span class='ocrx_word' id='word_1_114' title='bbox 1738 1527 1929 1563; x_wconf 90' lang='lat' dir='ltr'><strong>attrum</strong></span> <span class='ocrx_word' id='word_1_115' title='bbox 1981 1511 2123 1577; x_wconf 85' lang='lat' dir='ltr'><strong>quod</strong></span> 
     </span>
    </p>
   </div>
   <div class='ocr_carea' id='block_1_17' title="bbox 546 1601 2123 1672">
    <p class='ocr_par' dir='ltr' id='par_1_17' title="bbox 546 1601 2123 1672">
     <span class='ocr_line' id='line_1_17' title="bbox 546 1601 2123 1672; baseline 0.002 -21"><span class='ocrx_word' id='word_1_116' title='bbox 546 1603 598 1654; x_wconf 92' lang='lat' dir='ltr'><strong>in</strong></span> <span class='ocrx_word' id='word_1_117' title='bbox 623 1601 843 1656; x_wconf 81' lang='lat' dir='ltr'><strong>Jericho</strong></span> <span class='ocrx_word' id='word_1_118' title='bbox 880 1602 1041 1657; x_wconf 88' lang='lat' dir='ltr'><strong>ftterit</strong></span> <span class='ocrx_word' id='word_1_119' title='bbox 1070 1604 1371 1657; x_wconf 90' lang='lat' dir='ltr'><strong>inventum.</strong></span> <span class='ocrx_word' id='word_1_120' title='bbox 1409 1603 1463 1657; x_wconf 90' lang='lat' dir='ltr'><strong>Si</strong></span> <span class='ocrx_word' id='word_1_121' title='bbox 1512 1613 1723 1672; x_wconf 87' lang='lat' dir='ltr'><strong>poetam</strong></span> <span class='ocrx_word' id='word_1_122' title='bbox 1774 1602 1971 1669; x_wconf 84' lang='lat' dir='ltr'><strong>legeris</strong></span> <span class='ocrx_word' id='word_1_123' title='bbox 2013 1618 2123 1654; x_wconf 93' lang='lat' dir='ltr'><strong>mo-</strong></span> 
     </span>
    </p>
   </div>
   <div class='ocr_carea' id='block_1_18' title="bbox 546 1693 2124 1763">
    <p class='ocr_par' dir='ltr' id='par_1_18' title="bbox 546 1693 2124 1763">
     <span class='ocr_line' id='line_1_18' title="bbox 546 1693 2124 1763; baseline -0.001 -17"><span class='ocrx_word' id='word_1_124' title='bbox 546 1693 747 1747; x_wconf 88' lang='lat' dir='ltr'><strong>dulatis</strong></span> <span class='ocrx_word' id='word_1_125' title='bbox 770 1694 1039 1758; x_wconf 86' lang='lat' dir='ltr'><strong>versibus,</strong></span> <span class='ocrx_word' id='word_1_126' title='bbox 1081 1694 1472 1763; x_wconf 71' lang='lat' dir='ltr'><strong>etprmfulgido</strong></span> <span class='ocrx_word' id='word_1_127' title='bbox 1502 1696 1746 1749; x_wconf 87' lang='lat' dir='ltr'><strong>carmine</strong></span> <span class='ocrx_word' id='word_1_128' title='bbox 1793 1694 1923 1748; x_wconf 90' lang='lat' dir='ltr'><strong>deos</strong></span> <span class='ocrx_word' id='word_1_129' title='bbox 1969 1693 2124 1746; x_wconf 80' lang='lat' dir='ltr'><strong>deas-</strong></span> 
     </span>
    </p>
   </div>
   <div class='ocr_carea' id='block_1_19' title="bbox 545 1784 2117 1855">
    <p class='ocr_par' dir='ltr' id='par_1_19' title="bbox 545 1784 2117 1855">
     <span class='ocr_line' id='line_1_19' title="bbox 545 1784 2117 1855; baseline 0.001 -18"><span class='ocrx_word' id='word_1_130' title='bbox 545 1794 971 1853; x_wconf 80' lang='lat' dir='ltr'><strong>quetexentcm,</strong></span> <span class='ocrx_word' id='word_1_131' title='bbox 1002 1801 1070 1839; x_wconf 90' lang='lat' dir='ltr'><strong>ne</strong></span> <span class='ocrx_word' id='word_1_132' title='bbox 1122 1785 1407 1840; x_wconf 86' lang='lat' dir='ltr'><strong>delecteris</strong></span> <span class='ocrx_word' id='word_1_133' title='bbox 1458 1786 1785 1855; x_wconf 76' lang='lat' dir='ltr'><strong>eloquentia:</strong></span> <span class='ocrx_word' id='word_1_134' title='bbox 1832 1784 2117 1839; x_wconf 83' lang='lat' dir='ltr'><strong>suavitate.</strong></span> 
     </span>
    </p>
   </div>
   <div class='ocr_carea' id='block_1_20' title="bbox 546 1876 2118 1947">
    <p class='ocr_par' dir='ltr' id='par_1_20' title="bbox 546 1876 2118 1947">
     <span class='ocr_line' id='line_1_20' title="bbox 546 1876 2118 1947; baseline 0.001 -18"><span class='ocrx_word' id='word_1_135' title='bbox 546 1876 755 1945; x_wconf 80' lang='lat' dir='ltr'><strong>Lingua</strong></span> <span class='ocrx_word' id='word_1_136' title='bbox 789 1891 953 1929; x_wconf 86' lang='lat' dir='ltr'><strong>aurea</strong></span> <span class='ocrx_word' id='word_1_137' title='bbox 978 1887 1060 1930; x_wconf 84' lang='lat' dir='ltr'><strong>est</strong></span> <span class='ocrx_word' id='word_1_138' title='bbox 1086 1892 1100 1929; x_wconf 90' lang='lat'><strong>:</strong></span> <span class='ocrx_word' id='word_1_139' title='bbox 1129 1878 1173 1931; x_wconf 83' lang='lat' dir='ltr'><strong>si</strong></span> <span class='ocrx_word' id='word_1_140' title='bbox 1204 1892 1322 1932; x_wconf 91' lang='lat' dir='ltr'><strong>eam</strong></span> <span class='ocrx_word' id='word_1_141' title='bbox 1371 1880 1659 1933; x_wconf 85' lang='lat' dir='ltr'><strong>sustuleris</strong></span> <span class='ocrx_word' id='word_1_142' title='bbox 1680 1889 1734 1933; x_wconf 93' lang='lat' dir='ltr'><strong>et</strong></span> <span class='ocrx_word' id='word_1_143' title='bbox 1784 1877 2029 1947; x_wconf 78' lang='lat' dir='ltr'><strong>posueris</strong></span> <span class='ocrx_word' id='word_1_144' title='bbox 2066 1878 2118 1931; x_wconf 91' lang='lat' dir='ltr'><strong>in</strong></span> 
     </span>
    </p>
   </div>
   <div class='ocr_carea' id='block_1_21' title="bbox 546 1968 2119 2027">
    <p class='ocr_par' dir='ltr' id='par_1_21' title="bbox 546 1968 2119 2027">
     <span class='ocr_line' id='line_1_21' title="bbox 546 1968 2119 2027; baseline 0.003 -8"><span class='ocrx_word' id='word_1_145' title='bbox 546 1968 901 2023; x_wconf 87' lang='lat' dir='ltr'><strong>tabernaculo</strong></span> <span class='ocrx_word' id='word_1_146' title='bbox 935 1978 1070 2023; x_wconf 81' lang='lat' dir='ltr'><strong>tuo:</strong></span> <span class='ocrx_word' id='word_1_147' title='bbox 1130 1969 1176 2023; x_wconf 91' lang='lat' dir='ltr'><strong>si</strong></span> <span class='ocrx_word' id='word_1_148' title='bbox 1219 1970 1584 2025; x_wconf 83' lang='lat' dir='ltr'><strong>introduxeris</strong></span> <span class='ocrx_word' id='word_1_149' title='bbox 1637 1972 1688 2025; x_wconf 92' lang='lat' dir='ltr'><strong>in</strong></span> <span class='ocrx_word' id='word_1_150' title='bbox 1735 1988 1830 2027; x_wconf 89' lang='lat' dir='ltr'><strong>cor</strong></span> <span class='ocrx_word' id='word_1_151' title='bbox 1877 1984 2026 2027; x_wconf 91' lang='lat' dir='ltr'><strong>tuum</strong></span> <span class='ocrx_word' id='word_1_152' title='bbox 2059 1985 2119 2025; x_wconf 90' lang='lat' dir='ltr'><strong>ea</strong></span> 
     </span>
    </p>
   </div>
   <div class='ocr_carea' id='block_1_22' title="bbox 543 2062 2119 2129">
    <p class='ocr_par' dir='ltr' id='par_1_22' title="bbox 543 2062 2119 2129">
     <span class='ocr_line' id='line_1_22' title="bbox 543 2062 2119 2129; baseline 0.003 -16"><span class='ocrx_word' id='word_1_153' title='bbox 543 2077 667 2127; x_wconf 81' lang='lat' dir='ltr'><strong>qua:</strong></span> <span class='ocrx_word' id='word_1_154' title='bbox 695 2063 764 2114; x_wconf 91' lang='lat' dir='ltr'><strong>ab</strong></span> <span class='ocrx_word' id='word_1_155' title='bbox 786 2062 891 2113; x_wconf 88' lang='lat' dir='ltr'><strong>illis</strong></span> <span class='ocrx_word' id='word_1_156' title='bbox 924 2070 1265 2124; x_wconf 86' lang='lat' dir='ltr'><strong>asseruntur,</strong></span> <span class='ocrx_word' id='word_1_157' title='bbox 1315 2063 1521 2129; x_wconf 85' lang='lat' dir='ltr'><strong>pollues</strong></span> <span class='ocrx_word' id='word_1_158' title='bbox 1549 2078 1765 2116; x_wconf 85' lang='lat' dir='ltr'><strong>omnem</strong></span> <span class='ocrx_word' id='word_1_159' title='bbox 1824 2064 2119 2119; x_wconf 88' lang='lat' dir='ltr'><strong>Ecclesiam</strong></span> 
     </span>
    </p>
   </div>
   <div class='ocr_carea' id='block_1_23' title="bbox 545 2144 2117 2220">
    <p class='ocr_par' dir='ltr' id='par_1_23' title="bbox 545 2144 2117 2220">
     <span class='ocr_line' id='line_1_23' title="bbox 545 2144 2117 2220; baseline 0.004 -17"><span class='ocrx_word' id='word_1_160' title='bbox 545 2144 927 2207; x_wconf 35' lang='lat' dir='ltr'><strong>Durnini.&#39;lloc</strong></span> <span class='ocrx_word' id='word_1_161' title='bbox 963 2152 1088 2207; x_wconf 79' lang='lat' dir='ltr'><strong>fecit</strong></span> <span class='ocrx_word' id='word_1_162' title='bbox 1116 2153 1308 2207; x_wconf 78' lang='lat' dir='ltr'><strong>infelix</strong></span> <span class='ocrx_word' id='word_1_163' title='bbox 1350 2154 1685 2218; x_wconf 83' lang='lat' dir='ltr'><strong>Valentinus,</strong></span> <span class='ocrx_word' id='word_1_164' title='bbox 1730 2164 1783 2210; x_wconf 91' lang='lat' dir='ltr'><strong>et</strong></span> <span class='ocrx_word' id='word_1_165' title='bbox 1830 2157 2117 2220; x_wconf 85' lang='lat' dir='ltr'><strong>Basilides,</strong></span> 
     </span>
    </p>
   </div>
   <div class='ocr_carea' id='block_1_24' title="bbox 544 2247 2117 2319">
    <p class='ocr_par' dir='ltr' id='par_1_24' title="bbox 544 2247 2117 2319">
     <span class='ocr_line' id='line_1_24' title="bbox 544 2247 2117 2319; baseline 0.004 -21"><span class='ocrx_word' id='word_1_166' title='bbox 544 2247 647 2300; x_wconf 91' lang='lat' dir='ltr'><strong>hoc</strong></span> <span class='ocrx_word' id='word_1_167' title='bbox 674 2248 801 2299; x_wconf 80' lang='lat' dir='ltr'><strong>fecit</strong></span> <span class='ocrx_word' id='word_1_168' title='bbox 826 2258 877 2300; x_wconf 92' lang='lat' dir='ltr'><strong>et</strong></span> <span class='ocrx_word' id='word_1_169' title='bbox 904 2248 1141 2305; x_wconf 83' lang='lat' dir='ltr'><strong>Marcion</strong></span> <span class='ocrx_word' id='word_1_170' title='bbox 1176 2251 1463 2305; x_wconf 68' lang='lat' dir='ltr'><strong>haareticus</strong></span> <span class='ocrx_word' id='word_1_171' title='bbox 1488 2250 1621 2319; x_wconf 74' lang='lat'><strong>(‘25).</strong></span> <span class='ocrx_word' id='word_1_172' title='bbox 1660 2250 1843 2304; x_wconf 78' lang='lat' dir='ltr'><strong>Furati</strong></span> <span class='ocrx_word' id='word_1_173' title='bbox 1878 2263 2004 2304; x_wconf 91' lang='lat' dir='ltr'><strong>sunt</strong></span> <span class='ocrx_word' id='word_1_174' title='bbox 2034 2252 2117 2305; x_wconf 90' lang='lat' dir='ltr'><strong>isti</strong></span> 
     </span>
    </p>
   </div>
   <div class='ocr_carea' id='block_1_25' title="bbox 544 2337 2120 2411">
    <p class='ocr_par' dir='ltr' id='par_1_25' title="bbox 544 2337 2120 2411">
     <span class='ocr_line' id='line_1_25' title="bbox 544 2337 2120 2411; baseline 0.005 -22"><span class='ocrx_word' id='word_1_175' title='bbox 544 2337 755 2407; x_wconf 83' lang='lat' dir='ltr'><strong>linguas</strong></span> <span class='ocrx_word' id='word_1_176' title='bbox 800 2355 996 2394; x_wconf 89' lang='lat' dir='ltr'><strong>aureas</strong></span> <span class='ocrx_word' id='word_1_177' title='bbox 1023 2341 1087 2394; x_wconf 90' lang='lat' dir='ltr'><strong>de</strong></span> <span class='ocrx_word' id='word_1_178' title='bbox 1127 2340 1367 2406; x_wconf 90' lang='lat' dir='ltr'><strong>.Iericho,</strong></span> <span class='ocrx_word' id='word_1_179' title='bbox 1426 2353 1480 2395; x_wconf 88' lang='lat' dir='ltr'><strong>et</strong></span> <span class='ocrx_word' id='word_1_180' title='bbox 1529 2342 1971 2411; x_wconf 77' lang='lat' dir='ltr'><strong>philosophorum</strong></span> <span class='ocrx_word' id='word_1_181' title='bbox 2023 2360 2120 2397; x_wconf 84' lang='lat' dir='ltr'><strong>no-</strong></span> 
     </span>
    </p>
   </div>
   <div class='ocr_carea' id='block_1_26' title="bbox 543 2432 2121 2489">
    <p class='ocr_par' dir='ltr' id='par_1_26' title="bbox 543 2432 2121 2489">
     <span class='ocr_line' id='line_1_26' title="bbox 543 2432 2121 2489; baseline 0.001 -4"><span class='ocrx_word' id='word_1_182' title='bbox 543 2432 626 2485; x_wconf 84' lang='lat' dir='ltr'><strong>bis</strong></span> <span class='ocrx_word' id='word_1_183' title='bbox 651 2445 756 2483; x_wconf 92' lang='lat' dir='ltr'><strong>non</strong></span> <span class='ocrx_word' id='word_1_184' title='bbox 791 2442 966 2486; x_wconf 90' lang='lat' dir='ltr'><strong>rectas</strong></span> <span class='ocrx_word' id='word_1_185' title='bbox 997 2432 1046 2485; x_wconf 88' lang='lat' dir='ltr'><strong>itt</strong></span> <span class='ocrx_word' id='word_1_186' title='bbox 1081 2432 1352 2487; x_wconf 87' lang='lat' dir='ltr'><strong>Ecclesias</strong></span> <span class='ocrx_word' id='word_1_187' title='bbox 1393 2434 1742 2489; x_wconf 85' lang='lat' dir='ltr'><strong>introducere</strong></span> <span class='ocrx_word' id='word_1_188' title='bbox 1791 2436 1966 2489; x_wconf 85' lang='lat' dir='ltr'><strong>rouati</strong></span> <span class='ocrx_word' id='word_1_189' title='bbox 1996 2445 2121 2488; x_wconf 89' lang='lat' dir='ltr'><strong>sunt</strong></span> 
     </span>
    </p>
   </div>
   <div class='ocr_carea' id='block_1_27' title="bbox 542 2522 2118 2589">
    <p class='ocr_par' dir='ltr' id='par_1_27' title="bbox 542 2522 2118 2589">
     <span class='ocr_line' id='line_1_27' title="bbox 542 2522 2118 2589; baseline 0.003 -14"><span class='ocrx_word' id='word_1_190' title='bbox 542 2532 745 2587; x_wconf 85' lang='lat' dir='ltr'><strong>sectas,</strong></span> <span class='ocrx_word' id='word_1_191' title='bbox 774 2531 827 2575; x_wconf 93' lang='lat' dir='ltr'><strong>et</strong></span> <span class='ocrx_word' id='word_1_192' title='bbox 852 2522 1091 2589; x_wconf 89' lang='lat' dir='ltr'><strong>polluere</strong></span> <span class='ocrx_word' id='word_1_193' title='bbox 1127 2538 1344 2578; x_wconf 84' lang='lat' dir='ltr'><strong>onmem</strong></span> <span class='ocrx_word' id='word_1_194' title='bbox 1390 2524 1687 2579; x_wconf 83' lang='lat' dir='ltr'><strong>Ecclesiam</strong></span> <span class='ocrx_word' id='word_1_195' title='bbox 1728 2525 1960 2579; x_wconf 88' lang='lat' dir='ltr'><strong>Domini.</strong></span> <span class='ocrx_word' id='word_1_196' title='bbox 2013 2526 2118 2580; x_wconf 90' lang='lat' dir='ltr'><strong>Sed</strong></span> 
     </span>
    </p>
   </div>
   <div class='ocr_carea' id='block_1_28' title="bbox 544 2613 2119 2685">
    <p class='ocr_par' dir='ltr' id='par_1_28' title="bbox 544 2613 2119 2685">
     <span class='ocr_line' id='line_1_28' title="bbox 544 2613 2119 2685; baseline 0.003 -20"><span class='ocrx_word' id='word_1_197' title='bbox 544 2628 641 2665; x_wconf 89' lang='lat' dir='ltr'><strong>nos</strong></span> <span class='ocrx_word' id='word_1_198' title='bbox 668 2615 985 2681; x_wconf 67' lang='lat' dir='ltr'><strong>pratcedens</strong></span> <span class='ocrx_word' id='word_1_199' title='bbox 1035 2613 1255 2667; x_wconf 87' lang='lat' dir='ltr'><strong>Patrum</strong></span> <span class='ocrx_word' id='word_1_200' title='bbox 1290 2629 1582 2683; x_wconf 81' lang='lat' dir='ltr'><strong>sequamur</strong></span> <span class='ocrx_word' id='word_1_201' title='bbox 1629 2616 1972 2685; x_wconf 84' lang='lat' dir='ltr'><strong>exemplum,</strong></span> <span class='ocrx_word' id='word_1_202' title='bbox 2010 2618 2119 2670; x_wconf 86' lang='lat' dir='ltr'><strong>dis—</strong></span> 
     </span>
    </p>
   </div>
   <div class='ocr_carea' id='block_1_29' title="bbox 542 2706 2119 2775">
    <p class='ocr_par' dir='ltr' id='par_1_29' title="bbox 542 2706 2119 2775">
     <span class='ocr_line' id='line_1_29' title="bbox 542 2706 2119 2775; baseline 0.004 -19"><span class='ocrx_word' id='word_1_203' title='bbox 542 2707 810 2759; x_wconf 84' lang='lat' dir='ltr'><strong>cutiamus</strong></span> <span class='ocrx_word' id='word_1_204' title='bbox 853 2706 1172 2774; x_wconf 85' lang='lat' dir='ltr'><strong>diligentius</strong></span> <span class='ocrx_word' id='word_1_205' title='bbox 1213 2722 1279 2761; x_wconf 89' lang='lat' dir='ltr'><strong>ne</strong></span> <span class='ocrx_word' id='word_1_206' title='bbox 1331 2708 1453 2775; x_wconf 88' lang='lat' dir='ltr'><strong>quis</strong></span> <span class='ocrx_word' id='word_1_207' title='bbox 1502 2709 1876 2762; x_wconf 88' lang='lat' dir='ltr'><strong>absconditam</strong></span> <span class='ocrx_word' id='word_1_208' title='bbox 1937 2709 1987 2761; x_wconf 94' lang='lat' dir='ltr'><strong>in</strong></span> <span class='ocrx_word' id='word_1_209' title='bbox 2040 2722 2119 2763; x_wconf 89' lang='lat' dir='ltr'><strong>ta-</strong></span> 
     </span>
    </p>
   </div>
   <div class='ocr_carea' id='block_1_30' title="bbox 542 2795 2121 2871">
    <p class='ocr_par' dir='ltr' id='par_1_30' title="bbox 542 2795 2121 2871">
     <span class='ocr_line' id='line_1_30' title="bbox 542 2795 2121 2871; baseline 0.004 -22"><span class='ocrx_word' id='word_1_210' title='bbox 542 2795 836 2851; x_wconf 86' lang='lat' dir='ltr'><strong>betnaculo</strong></span> <span class='ocrx_word' id='word_1_211' title='bbox 902 2812 1000 2850; x_wconf 93' lang='lat' dir='ltr'><strong>suo</strong></span> <span class='ocrx_word' id='word_1_212' title='bbox 1060 2798 1255 2853; x_wconf 87' lang='lat' dir='ltr'><strong>habeat</strong></span> <span class='ocrx_word' id='word_1_213' title='bbox 1302 2798 1687 2854; x_wconf 84' lang='lat' dir='ltr'><strong>Jericbontiam</strong></span> <span class='ocrx_word' id='word_1_214' title='bbox 1737 2801 2003 2871; x_wconf 88' lang='lat' dir='ltr'><strong>linguam,</strong></span> <span class='ocrx_word' id='word_1_215' title='bbox 2065 2812 2121 2855; x_wconf 90' lang='lat' dir='ltr'><strong>et</strong></span> 
     </span>
    </p>
   </div>
   <div class='ocr_carea' id='block_1_31' title="bbox 543 2886 2115 2959">
    <p class='ocr_par' dir='ltr' id='par_1_31' title="bbox 543 2886 2115 2959">
     <span class='ocr_line' id='line_1_31' title="bbox 543 2886 2115 2959; baseline 0.005 -21"><span class='ocrx_word' id='word_1_216' title='bbox 543 2886 860 2953; x_wconf 82' lang='lat' dir='ltr'><strong>abjiciamus</strong></span> <span class='ocrx_word' id='word_1_217' title='bbox 895 2889 1094 2942; x_wconf 91' lang='lat' dir='ltr'><strong>malum</strong></span> <span class='ocrx_word' id='word_1_218' title='bbox 1141 2903 1207 2943; x_wconf 80' lang='lat' dir='ltr'><strong>ex</strong></span> <span class='ocrx_word' id='word_1_219' title='bbox 1264 2890 1423 2943; x_wconf 91' lang='lat' dir='ltr'><strong>nobis</strong></span> <span class='ocrx_word' id='word_1_220' title='bbox 1471 2890 1626 2959; x_wconf 81' lang='lat' dir='ltr'><strong>ipsis,</strong></span> <span class='ocrx_word' id='word_1_221' title='bbox 1688 2893 1818 2959; x_wconf 87' lang='lat' dir='ltr'><strong>quia</strong></span> <span class='ocrx_word' id='word_1_222' title='bbox 1860 2892 2021 2946; x_wconf 90' lang='lat' dir='ltr'><strong>etiam</strong></span> <span class='ocrx_word' id='word_1_223' title='bbox 2071 2894 2115 2946; x_wconf 93' lang='lat' dir='ltr'><strong>si</strong></span> 
     </span>
    </p>
   </div>
   <div class='ocr_carea' id='block_1_32' title="bbox 539 2985 2117 3054">
    <p class='ocr_par' dir='ltr' id='par_1_32' title="bbox 539 2985 2117 3054">
     <span class='ocr_line' id='line_1_32' title="bbox 539 2985 2117 3054; baseline 0.005 -21"><span class='ocrx_word' id='word_1_224' title='bbox 539 2998 640 3036; x_wconf 85' lang='lat' dir='ltr'><strong>nos</strong></span> <span class='ocrx_word' id='word_1_225' title='bbox 676 2998 956 3037; x_wconf 84' lang='lat' dir='ltr'><strong>cessamus</strong></span> <span class='ocrx_word' id='word_1_226' title='bbox 986 3024 1000 3047; x_wconf 95' lang='lat'><strong>,</strong></span> <span class='ocrx_word' id='word_1_227' title='bbox 1048 2995 1240 3053; x_wconf 86' lang='lat' dir='ltr'><strong>arguet</strong></span> <span class='ocrx_word' id='word_1_228' title='bbox 1293 2985 1473 3049; x_wconf 89' lang='lat' dir='ltr'><strong>Deus,</strong></span> <span class='ocrx_word' id='word_1_229' title='bbox 1517 2988 1590 3039; x_wconf 89' lang='lat' dir='ltr'><strong>ita</strong></span> <span class='ocrx_word' id='word_1_230' title='bbox 1646 2996 1702 3038; x_wconf 92' lang='lat' dir='ltr'><strong>ut</strong></span> <span class='ocrx_word' id='word_1_231' title='bbox 1764 2986 1877 3054; x_wconf 90' lang='lat' dir='ltr'><strong>ipse</strong></span> <span class='ocrx_word' id='word_1_232' title='bbox 1923 2998 2117 3053; x_wconf 85' lang='lat' dir='ltr'><strong>sponte</strong></span> 
     </span>
    </p>
   </div>
   <div class='ocr_carea' id='block_1_33' title="bbox 2232 488 3834 571">
    <p class='ocr_par' dir='ltr' id='par_1_33' title="bbox 2232 488 3834 571">
     <span class='ocr_line' id='line_1_33' title="bbox 2232 488 3834 571; baseline 0.009 -30"><span class='ocrx_word' id='word_1_233' title='bbox 2232 492 2445 544; x_wconf 89' lang='lat' dir='ltr'><strong>videtur</strong></span> <span class='ocrx_word' id='word_1_234' title='bbox 2480 504 2602 543; x_wconf 90' lang='lat' dir='ltr'><strong>esse</strong></span> <span class='ocrx_word' id='word_1_235' title='bbox 2647 489 2915 543; x_wconf 87' lang='lat' dir='ltr'><strong>narratio.</strong></span> <span class='ocrx_word' id='word_1_236' title='bbox 2961 488 3121 545; x_wconf 89' lang='lat' dir='ltr'><strong>Scire</strong></span> <span class='ocrx_word' id='word_1_237' title='bbox 3161 494 3363 547; x_wconf 91' lang='lat' dir='ltr'><strong>etenim</strong></span> <span class='ocrx_word' id='word_1_238' title='bbox 3403 496 3616 552; x_wconf 84' lang='lat' dir='ltr'><strong>debetis</strong></span> <span class='ocrx_word' id='word_1_239' title='bbox 3651 501 3834 571; x_wconf 75' lang='lat' dir='ltr'><strong>digna</strong></span> 
     </span>
    </p>
   </div>
   <div class='ocr_carea' id='block_1_34' title="bbox 2231 580 3825 658">
    <p class='ocr_par' dir='ltr' id='par_1_34' title="bbox 2231 580 3825 658">
     <span class='ocr_line' id='line_1_34' title="bbox 2231 580 3825 658; baseline 0.006 -24"><span class='ocrx_word' id='word_1_240' title='bbox 2231 583 2450 652; x_wconf 91' lang='lat' dir='ltr'><strong>quidem</strong></span> <span class='ocrx_word' id='word_1_241' title='bbox 2481 596 2603 633; x_wconf 79' lang='lat' dir='ltr'><strong>esse</strong></span> <span class='ocrx_word' id='word_1_242' title='bbox 2642 580 2818 633; x_wconf 88' lang='lat' dir='ltr'><strong>sancti</strong></span> <span class='ocrx_word' id='word_1_243' title='bbox 2844 580 3086 649; x_wconf 90' lang='lat' dir='ltr'><strong>Spiritus</strong></span> <span class='ocrx_word' id='word_1_244' title='bbox 3115 582 3335 653; x_wconf 86' lang='lat' dir='ltr'><strong>eloquio</strong></span> <span class='ocrx_word' id='word_1_245' title='bbox 3366 600 3485 655; x_wconf 72' lang='lat' dir='ltr'><strong>qua:</strong></span> <span class='ocrx_word' id='word_1_246' title='bbox 3516 587 3825 658; x_wconf 84' lang='lat' dir='ltr'><strong>leguntur:</strong></span> 
     </span>
    </p>
   </div>
   <div class='ocr_carea' id='block_1_35' title="bbox 2228 672 3831 749">
    <p class='ocr_par' dir='ltr' id='par_1_35' title="bbox 2228 672 3831 749">
     <span class='ocr_line' id='line_1_35' title="bbox 2228 672 3831 749; baseline 0.008 -23"><span class='ocrx_word' id='word_1_247' title='bbox 2228 675 2323 727; x_wconf 85' lang='lat' dir='ltr'><strong>sed</strong></span> <span class='ocrx_word' id='word_1_248' title='bbox 2367 674 2431 727; x_wconf 92' lang='lat' dir='ltr'><strong>ad</strong></span> <span class='ocrx_word' id='word_1_249' title='bbox 2473 672 2816 741; x_wconf 79' lang='lat' dir='ltr'><strong>explananda</strong></span> <span class='ocrx_word' id='word_1_250' title='bbox 2865 687 2927 726; x_wconf 85' lang='lat' dir='ltr'><strong>ea</strong></span> <span class='ocrx_word' id='word_1_251' title='bbox 2980 672 3291 743; x_wconf 85' lang='lat' dir='ltr'><strong>indigemus</strong></span> <span class='ocrx_word' id='word_1_252' title='bbox 3351 678 3521 745; x_wconf 77' lang='lat' dir='ltr'><strong>gratia</strong></span> <span class='ocrx_word' id='word_1_253' title='bbox 3575 678 3831 749; x_wconf 78' lang='lat' dir='ltr'><strong>Spiritus</strong></span> 
     </span>
    </p>
   </div>
   <div class='ocr_carea' id='block_1_36' title="bbox 2231 763 3830 833">
    <p class='ocr_par' dir='ltr' id='par_1_36' title="bbox 2231 763 3830 833">
     <span class='ocr_line' id='line_1_36' title="bbox 2231 763 3830 833; baseline 0.006 -16"><span class='ocrx_word' id='word_1_254' title='bbox 2231 765 2428 827; x_wconf 84' lang='lat' dir='ltr'><strong>sancti,</strong></span> <span class='ocrx_word' id='word_1_255' title='bbox 2465 763 2553 816; x_wconf 89' lang='lat' dir='ltr'><strong>illa</strong></span> <span class='ocrx_word' id='word_1_256' title='bbox 2609 778 2770 831; x_wconf 91' lang='lat' dir='ltr'><strong>quam</strong></span> <span class='ocrx_word' id='word_1_257' title='bbox 2819 763 2953 817; x_wconf 87' lang='lat' dir='ltr'><strong>dicit</strong></span> <span class='ocrx_word' id='word_1_258' title='bbox 2994 766 3289 833; x_wconf 86' lang='lat' dir='ltr'><strong>Apostolus</strong></span> <span class='ocrx_word' id='word_1_259' title='bbox 3313 768 3354 797; x_wconf 78' lang='grc'><strong>⁸⁸</strong></span> <span class='ocrx_word' id='word_1_260' title='bbox 3383 787 3395 823; x_wconf 89' lang='lat'>:</span> <span class='ocrx_word' id='word_1_261' title='bbox 3426 788 3443 821; x_wconf 84' lang='lat' dir='ltr'><strong>t</strong></span> <span class='ocrx_word' id='word_1_262' title='bbox 3474 770 3575 824; x_wconf 78' lang='lat' dir='ltr'><strong>Alii</strong></span> <span class='ocrx_word' id='word_1_263' title='bbox 3630 784 3830 827; x_wconf 84' lang='lat' dir='ltr'><strong>autem</strong></span> 
     </span>
    </p>
   </div>
   <div class='ocr_carea' id='block_1_37' title="bbox 2229 855 3831 928">
    <p class='ocr_par' dir='ltr' id='par_1_37' title="bbox 2229 855 3831 928">
     <span class='ocr_line' id='line_1_37' title="bbox 2229 855 3831 928; baseline 0.009 -21"><span class='ocrx_word' id='word_1_264' title='bbox 2229 872 2325 925; x_wconf 91' lang='lat' dir='ltr'><strong>per</strong></span> <span class='ocrx_word' id='word_1_265' title='bbox 2369 857 2629 924; x_wconf 81' lang='lat' dir='ltr'><strong>Spiritum</strong></span> <span class='ocrx_word' id='word_1_266' title='bbox 2680 855 2839 908; x_wconf 77' lang='lat' dir='ltr'><strong>datur</strong></span> <span class='ocrx_word' id='word_1_267' title='bbox 2890 870 3074 911; x_wconf 90' lang='lat' dir='ltr'><strong>sermo</strong></span> <span class='ocrx_word' id='word_1_268' title='bbox 3122 859 3433 928; x_wconf 64' lang='lat' dir='ltr'><strong>sapientiae,</strong></span> <span class='ocrx_word' id='word_1_269' title='bbox 3483 862 3574 917; x_wconf 91' lang='lat' dir='ltr'><strong>alii</strong></span> <span class='ocrx_word' id='word_1_270' title='bbox 3630 880 3831 921; x_wconf 86' lang='lat' dir='ltr'><strong>sermo</strong></span> 
     </span>
    </p>
   </div>
   <div class='ocr_carea' id='block_1_38' title="bbox 2228 945 3831 1026">
    <p class='ocr_par' dir='ltr' id='par_1_38' title="bbox 2228 945 3831 1026">
     <span class='ocr_line' id='line_1_38' title="bbox 2228 945 3831 1026; baseline 0.007 -25"><span class='ocrx_word' id='word_1_271' title='bbox 2228 948 2468 1002; x_wconf 74' lang='lat' dir='ltr'><strong>scientia:</strong></span> <span class='ocrx_word' id='word_1_272' title='bbox 2508 945 2807 1000; x_wconf 89' lang='lat' dir='ltr'><strong>secundum</strong></span> <span class='ocrx_word' id='word_1_273' title='bbox 2858 948 3109 1011; x_wconf 88' lang='lat' dir='ltr'><strong>eumdem</strong></span> <span class='ocrx_word' id='word_1_274' title='bbox 3155 949 3489 1017; x_wconf 64' lang='lat' dir='ltr'><strong>Spiritum.»</strong></span> <span class='ocrx_word' id='word_1_275' title='bbox 3522 952 3625 1009; x_wconf 91' lang='lat' dir='ltr'><strong>lsta</strong></span> <span class='ocrx_word' id='word_1_276' title='bbox 3651 956 3831 1026; x_wconf 75' lang='lat' dir='ltr'><strong>igitur</strong></span> 
     </span>
    </p>
   </div>
   <div class='ocr_carea' id='block_1_39' title="bbox 2227 1036 3826 1115">
    <p class='ocr_par' dir='ltr' id='par_1_39' title="bbox 2227 1036 3826 1115">
     <span class='ocr_line' id='line_1_39' title="bbox 2227 1036 3826 1115; baseline 0.004 -21"><span class='ocrx_word' id='word_1_277' title='bbox 2227 1040 2391 1094; x_wconf 90' lang='lat' dir='ltr'><strong>etiam</strong></span> <span class='ocrx_word' id='word_1_278' title='bbox 2432 1054 2527 1092; x_wconf 87' lang='lat' dir='ltr'><strong>nos</strong></span> <span class='ocrx_word' id='word_1_279' title='bbox 2552 1039 2605 1091; x_wconf 93' lang='lat' dir='ltr'><strong>in</strong></span> <span class='ocrx_word' id='word_1_280' title='bbox 2653 1036 2784 1092; x_wconf 88' lang='lat' dir='ltr'><strong>locis</strong></span> <span class='ocrx_word' id='word_1_281' title='bbox 2832 1038 3198 1106; x_wconf 64' lang='lat' dir='ltr'><strong>prtesentibus</strong></span> <span class='ocrx_word' id='word_1_282' title='bbox 3234 1041 3564 1113; x_wconf 80' lang='lat' dir='ltr'><strong>indigemus,</strong></span> <span class='ocrx_word' id='word_1_283' title='bbox 3598 1047 3651 1099; x_wconf 89' lang='lat' dir='ltr'><strong>in</strong></span> <span class='ocrx_word' id='word_1_284' title='bbox 3683 1050 3826 1115; x_wconf 85' lang='lat' dir='ltr'><strong>qui-</strong></span> 
     </span>
    </p>
   </div>
   <div class='ocr_carea' id='block_1_40' title="bbox 2229 1127 3828 1210">
    <p class='ocr_par' dir='ltr' id='par_1_40' title="bbox 2229 1127 3828 1210">
     <span class='ocr_line' id='line_1_40' title="bbox 2229 1127 3828 1210; baseline 0.006 -28"><span class='ocrx_word' id='word_1_285' title='bbox 2229 1131 2328 1184; x_wconf 90' lang='lat' dir='ltr'><strong>bus</strong></span> <span class='ocrx_word' id='word_1_286' title='bbox 2361 1130 2597 1183; x_wconf 84' lang='lat' dir='ltr'><strong>refertnr</strong></span> <span class='ocrx_word' id='word_1_287' title='bbox 2640 1129 2784 1197; x_wconf 92' lang='lat' dir='ltr'><strong>quod</strong></span> <span class='ocrx_word' id='word_1_288' title='bbox 2834 1127 2996 1183; x_wconf 86' lang='lat' dir='ltr'><strong>Jesus</strong></span> <span class='ocrx_word' id='word_1_289' title='bbox 3043 1133 3311 1187; x_wconf 81' lang='lat' dir='ltr'><strong>successit</strong></span> <span class='ocrx_word' id='word_1_290' title='bbox 3365 1134 3574 1206; x_wconf 79' lang='lat' dir='ltr'><strong>Moysi,</strong></span> <span class='ocrx_word' id='word_1_291' title='bbox 3608 1150 3662 1191; x_wconf 87' lang='lat' dir='ltr'><strong>et</strong></span> <span class='ocrx_word' id='word_1_292' title='bbox 3696 1142 3828 1210; x_wconf 79' lang='lat' dir='ltr'><strong>ipse</strong></span> 
     </span>
    </p>
   </div>
   <div class='ocr_carea' id='block_1_41' title="bbox 2228 1221 3823 1295">
    <p class='ocr_par' dir='ltr' id='par_1_41' title="bbox 2228 1221 3823 1295">
     <span class='ocr_line' id='line_1_41' title="bbox 2228 1221 3823 1295; baseline 0.008 -22"><span class='ocrx_word' id='word_1_293' title='bbox 2228 1223 2481 1293; x_wconf 82' lang='lat' dir='ltr'><strong>populum</strong></span> <span class='ocrx_word' id='word_1_294' title='bbox 2520 1222 2690 1288; x_wconf 83' lang='lat' dir='ltr'><strong>ducit,</strong></span> <span class='ocrx_word' id='word_1_295' title='bbox 2729 1232 2783 1274; x_wconf 89' lang='lat' dir='ltr'><strong>et</strong></span> <span class='ocrx_word' id='word_1_296' title='bbox 2825 1221 3182 1277; x_wconf 87' lang='lat' dir='ltr'><strong>adumbratur</strong></span> <span class='ocrx_word' id='word_1_297' title='bbox 3211 1225 3262 1278; x_wconf 84' lang='lat' dir='ltr'><strong>in</strong></span> <span class='ocrx_word' id='word_1_298' title='bbox 3294 1230 3544 1295; x_wconf 72' lang='lat' dir='ltr'><strong>prazscnti</strong></span> <span class='ocrx_word' id='word_1_299' title='bbox 3579 1230 3823 1286; x_wconf 88' lang='lat' dir='ltr'><strong>lectione</strong></span> 
     </span>
    </p>
   </div>
   <div class='ocr_carea' id='block_1_42' title="bbox 2229 1313 3817 1391">
    <p class='ocr_par' dir='ltr' id='par_1_42' title="bbox 2229 1313 3817 1391">
     <span class='ocr_line' id='line_1_42' title="bbox 2229 1313 3817 1391; baseline 0.003 -21"><span class='ocrx_word' id='word_1_300' title='bbox 2229 1316 2351 1370; x_wconf 87' lang='lat' dir='ltr'><strong>talis</strong></span> <span class='ocrx_word' id='word_1_301' title='bbox 2380 1314 2626 1383; x_wconf 65' lang='lat' dir='ltr'><strong>quaedam</strong></span> <span class='ocrx_word' id='word_1_302' title='bbox 2660 1313 2912 1367; x_wconf 82' lang='lat' dir='ltr'><strong>historia.</strong></span> <span class='ocrx_word' id='word_1_303' title='bbox 2941 1313 3043 1380; x_wconf 85' lang='lat' dir='ltr'><strong>Qui</strong></span> <span class='ocrx_word' id='word_1_304' title='bbox 3089 1316 3407 1371; x_wconf 89' lang='lat' dir='ltr'><strong>habitabant</strong></span> <span class='ocrx_word' id='word_1_305' title='bbox 3462 1318 3575 1391; x_wconf 84' lang='lat' dir='ltr'><strong>Ilay</strong></span> <span class='ocrx_word' id='word_1_306' title='bbox 3613 1322 3817 1376; x_wconf 78' lang='lat' dir='ltr'><strong>civita-</strong></span> 
     </span>
    </p>
   </div>
   <div class='ocr_carea' id='block_1_43' title="bbox 2228 1406 3819 1477">
    <p class='ocr_par' dir='ltr' id='par_1_43' title="bbox 2228 1406 3819 1477">
     <span class='ocr_line' id='line_1_43' title="bbox 2228 1406 3819 1477; baseline 0.006 -15"><span class='ocrx_word' id='word_1_307' title='bbox 2228 1418 2360 1471; x_wconf 88' lang='lat' dir='ltr'><strong>tem,</strong></span> <span class='ocrx_word' id='word_1_308' title='bbox 2411 1407 2586 1477; x_wconf 90' lang='lat' dir='ltr'><strong>primo</strong></span> <span class='ocrx_word' id='word_1_309' title='bbox 2633 1406 2856 1477; x_wconf 89' lang='lat' dir='ltr'><strong>quidem</strong></span> <span class='ocrx_word' id='word_1_310' title='bbox 2907 1406 3009 1461; x_wconf 84' lang='lat' dir='ltr'><strong>visi</strong></span> <span class='ocrx_word' id='word_1_311' title='bbox 3058 1418 3184 1462; x_wconf 87' lang='lat' dir='ltr'><strong>sunt</strong></span> <span class='ocrx_word' id='word_1_312' title='bbox 3243 1409 3460 1465; x_wconf 87' lang='lat' dir='ltr'><strong>vincere</strong></span> <span class='ocrx_word' id='word_1_313' title='bbox 3505 1422 3560 1466; x_wconf 90' lang='lat' dir='ltr'><strong>et</strong></span> <span class='ocrx_word' id='word_1_314' title='bbox 3591 1426 3819 1471; x_wconf 81' lang='lat' dir='ltr'><strong>vertere</strong></span> 
     </span>
    </p>
   </div>
   <div class='ocr_carea' id='block_1_44' title="bbox 2229 1498 3806 1571">
    <p class='ocr_par' dir='ltr' id='par_1_44' title="bbox 2229 1498 3806 1571">
     <span class='ocr_line' id='line_1_44' title="bbox 2229 1498 3806 1571; baseline 0.006 -19"><span class='ocrx_word' id='word_1_315' title='bbox 2229 1500 2367 1554; x_wconf 90' lang='lat' dir='ltr'><strong>lilios</strong></span> <span class='ocrx_word' id='word_1_316' title='bbox 2422 1498 2584 1553; x_wconf 87' lang='lat' dir='ltr'><strong>Israel</strong></span> <span class='ocrx_word' id='word_1_317' title='bbox 2630 1508 2854 1568; x_wconf 88' lang='lat' dir='ltr'><strong>propter</strong></span> <span class='ocrx_word' id='word_1_318' title='bbox 2907 1509 3191 1568; x_wconf 90' lang='lat' dir='ltr'><strong>peccatum</strong></span> <span class='ocrx_word' id='word_1_319' title='bbox 3252 1504 3393 1571; x_wconf 90' lang='lat' dir='ltr'><strong>quod</strong></span> <span class='ocrx_word' id='word_1_320' title='bbox 3440 1504 3806 1561; x_wconf 86' lang='lat' dir='ltr'><strong>admiserant.</strong></span> 
     </span>
    </p>
   </div>
   <div class='ocr_carea' id='block_1_45' title="bbox 2227 1590 3814 1661">
    <p class='ocr_par' dir='ltr' id='par_1_45' title="bbox 2227 1590 3814 1661">
     <span class='ocr_line' id='line_1_45' title="bbox 2227 1590 3814 1661; baseline 0.006 -17"><span class='ocrx_word' id='word_1_321' title='bbox 2227 1591 2418 1646; x_wconf 80' lang='lat' dir='ltr'><strong>Postea</strong></span> <span class='ocrx_word' id='word_1_322' title='bbox 2471 1606 2600 1645; x_wconf 87' lang='lat' dir='ltr'><strong>vero</strong></span> <span class='ocrx_word' id='word_1_323' title='bbox 2645 1607 2807 1661; x_wconf 91' lang='lat' dir='ltr'><strong>quam</strong></span> <span class='ocrx_word' id='word_1_324' title='bbox 2859 1590 3099 1646; x_wconf 88' lang='lat' dir='ltr'><strong>ablatum</strong></span> <span class='ocrx_word' id='word_1_325' title='bbox 3144 1604 3227 1647; x_wconf 89' lang='lat' dir='ltr'><strong>est</strong></span> <span class='ocrx_word' id='word_1_326' title='bbox 3280 1594 3478 1649; x_wconf 90' lang='lat' dir='ltr'><strong>malum</strong></span> <span class='ocrx_word' id='word_1_327' title='bbox 3526 1597 3593 1652; x_wconf 91' lang='lat' dir='ltr'><strong>de</strong></span> <span class='ocrx_word' id='word_1_328' title='bbox 3626 1601 3814 1654; x_wconf 90' lang='lat' dir='ltr'><strong>medio</strong></span> 
     </span>
    </p>
   </div>
   <div class='ocr_carea' id='block_1_46' title="bbox 2229 1682 3812 1754">
    <p class='ocr_par' dir='ltr' id='par_1_46' title="bbox 2229 1682 3812 1754">
     <span class='ocr_line' id='line_1_46' title="bbox 2229 1682 3812 1754; baseline 0.005 -17"><span class='ocrx_word' id='word_1_329' title='bbox 2229 1686 2492 1752; x_wconf 91' lang='lat' dir='ltr'><strong>ipsorum,</strong></span> <span class='ocrx_word' id='word_1_330' title='bbox 2525 1682 2750 1754; x_wconf 83' lang='lat' dir='ltr'><strong>jubetur</strong></span> <span class='ocrx_word' id='word_1_331' title='bbox 2778 1698 2807 1734; x_wconf 84' lang='lat' dir='ltr'><strong>a</strong></span> <span class='ocrx_word' id='word_1_332' title='bbox 2851 1683 2959 1737; x_wconf 88' lang='lat' dir='ltr'><strong>Deo</strong></span> <span class='ocrx_word' id='word_1_333' title='bbox 2995 1683 3100 1737; x_wconf 87' lang='lat' dir='ltr'><strong>dux</strong></span> <span class='ocrx_word' id='word_1_334' title='bbox 3147 1686 3329 1754; x_wconf 90' lang='lat' dir='ltr'><strong>populi</strong></span> <span class='ocrx_word' id='word_1_335' title='bbox 3378 1685 3535 1743; x_wconf 83' lang='lat' dir='ltr'><strong>Jesus</strong></span> <span class='ocrx_word' id='word_1_336' title='bbox 3574 1690 3627 1743; x_wconf 89' lang='lat' dir='ltr'><strong>itt</strong></span> <span class='ocrx_word' id='word_1_337' title='bbox 3663 1693 3812 1745; x_wconf 89' lang='lat' dir='ltr'><strong>duas</strong></span> 
     </span>
    </p>
   </div>
   <div class='ocr_carea' id='block_1_47' title="bbox 2156 1754 3808 1851">
    <p class='ocr_par' dir='ltr' id='par_1_47' title="bbox 2156 1754 3808 1851">
     <span class='ocr_line' id='line_1_47' title="bbox 2156 1754 3808 1851; baseline 0.005 -24"><span class='ocrx_word' id='word_1_338' title='bbox 2156 1754 2197 1807; x_wconf 73' lang='grc' dir='ltr'><strong>Β</strong></span> <span class='ocrx_word' id='word_1_339' title='bbox 2228 1784 2410 1844; x_wconf 78' lang='lat' dir='ltr'><strong>partes</strong></span> <span class='ocrx_word' id='word_1_340' title='bbox 2447 1774 2689 1829; x_wconf 86' lang='lat' dir='ltr'><strong>dividere</strong></span> <span class='ocrx_word' id='word_1_341' title='bbox 2737 1772 3016 1843; x_wconf 90' lang='lat' dir='ltr'><strong>populum,</strong></span> <span class='ocrx_word' id='word_1_342' title='bbox 3062 1784 3117 1827; x_wconf 91' lang='lat' dir='ltr'><strong>ut</strong></span> <span class='ocrx_word' id='word_1_343' title='bbox 3153 1791 3279 1843; x_wconf 89' lang='lat' dir='ltr'><strong>pars</strong></span> <span class='ocrx_word' id='word_1_344' title='bbox 3331 1779 3551 1835; x_wconf 91' lang='lat' dir='ltr'><strong>simulet</strong></span> <span class='ocrx_word' id='word_1_345' title='bbox 3595 1780 3808 1851; x_wconf 84' lang='lat' dir='ltr'><strong>fugam,</strong></span> 
     </span>
    </p>
   </div>
   <div class='ocr_carea' id='block_1_48' title="bbox 2224 1864 3809 1940">
    <p class='ocr_par' dir='ltr' id='par_1_48' title="bbox 2224 1864 3809 1940">
     <span class='ocr_line' id='line_1_48' title="bbox 2224 1864 3809 1940; baseline 0.006 -23"><span class='ocrx_word' id='word_1_346' title='bbox 2224 1880 2350 1932; x_wconf 88' lang='lat' dir='ltr'><strong>pars</strong></span> <span class='ocrx_word' id='word_1_347' title='bbox 2400 1875 2580 1919; x_wconf 89' lang='lat' dir='ltr'><strong>autem</strong></span> <span class='ocrx_word' id='word_1_348' title='bbox 2613 1864 2876 1919; x_wconf 86' lang='lat' dir='ltr'><strong>subsistat</strong></span> <span class='ocrx_word' id='word_1_349' title='bbox 2927 1864 2977 1917; x_wconf 91' lang='lat' dir='ltr'><strong>in</strong></span> <span class='ocrx_word' id='word_1_350' title='bbox 3025 1866 3235 1919; x_wconf 85' lang='lat' dir='ltr'><strong>insidiis</strong></span> <span class='ocrx_word' id='word_1_351' title='bbox 3273 1868 3473 1936; x_wconf 89' lang='lat' dir='ltr'><strong>quibus</strong></span> <span class='ocrx_word' id='word_1_352' title='bbox 3500 1872 3809 1940; x_wconf 73' lang='lat' dir='ltr'><strong>decipiatur</strong></span> 
     </span>
    </p>
   </div>
   <div class='ocr_carea' id='block_1_49' title="bbox 2226 1953 3795 2030">
    <p class='ocr_par' dir='ltr' id='par_1_49' title="bbox 2226 1953 3795 2030">
     <span class='ocr_line' id='line_1_49' title="bbox 2226 1953 3795 2030; baseline 0.003 -19"><span class='ocrx_word' id='word_1_353' title='bbox 2226 1957 2359 2028; x_wconf 86' lang='lat' dir='ltr'><strong>Ilay,</strong></span> <span class='ocrx_word' id='word_1_354' title='bbox 2404 1972 2525 2010; x_wconf 91' lang='lat' dir='ltr'><strong>cum</strong></span> <span class='ocrx_word' id='word_1_355' title='bbox 2563 1954 2884 2024; x_wconf 54' lang='lat' dir='ltr'><strong>praeceperit</strong></span> <span class='ocrx_word' id='word_1_356' title='bbox 2910 1953 3083 2008; x_wconf 82' lang='lat' dir='ltr'><strong>Jesus.</strong></span> <span class='ocrx_word' id='word_1_357' title='bbox 3125 1955 3336 2021; x_wconf 85' lang='lat' dir='ltr'><strong>Quibus</strong></span> <span class='ocrx_word' id='word_1_358' title='bbox 3378 1960 3449 2011; x_wconf 90' lang='lat' dir='ltr'><strong>ita</strong></span> <span class='ocrx_word' id='word_1_359' title='bbox 3487 1961 3795 2030; x_wconf 85' lang='lat' dir='ltr'><strong>dispositis,</strong></span> 
     </span>
    </p>
   </div>
   <div class='ocr_carea' id='block_1_50' title="bbox 2224 2046 3789 2118">
    <p class='ocr_par' dir='ltr' id='par_1_50' title="bbox 2224 2046 3789 2118">
     <span class='ocr_line' id='line_1_50' title="bbox 2224 2046 3789 2118; baseline 0.002 -15"><span class='ocrx_word' id='word_1_360' title='bbox 2224 2064 2316 2103; x_wconf 82' lang='lat' dir='ltr'><strong>rex</strong></span> <span class='ocrx_word' id='word_1_361' title='bbox 2350 2046 2463 2118; x_wconf 84' lang='lat' dir='ltr'><strong>Ilay</strong></span> <span class='ocrx_word' id='word_1_362' title='bbox 2502 2048 2689 2101; x_wconf 89' lang='lat' dir='ltr'><strong>videns</strong></span> <span class='ocrx_word' id='word_1_363' title='bbox 2711 2046 2893 2100; x_wconf 85' lang='lat' dir='ltr'><strong>Jcsum</strong></span> <span class='ocrx_word' id='word_1_364' title='bbox 2924 2055 2977 2099; x_wconf 89' lang='lat' dir='ltr'><strong>et</strong></span> <span class='ocrx_word' id='word_1_365' title='bbox 3010 2046 3145 2099; x_wconf 79' lang='lat' dir='ltr'><strong>filios</strong></span> <span class='ocrx_word' id='word_1_366' title='bbox 3192 2047 3352 2101; x_wconf 88' lang='lat' dir='ltr'><strong>Israel</strong></span> <span class='ocrx_word' id='word_1_367' title='bbox 3390 2052 3620 2115; x_wconf 90' lang='lat' dir='ltr'><strong>eminus,</strong></span> <span class='ocrx_word' id='word_1_368' title='bbox 3649 2068 3789 2106; x_wconf 66' lang='lat' dir='ltr'><strong>cono</strong></span> 
     </span>
    </p>
   </div>
   <div class='ocr_carea' id='block_1_51' title="bbox 2221 2137 3801 2206">
    <p class='ocr_par' dir='ltr' id='par_1_51' title="bbox 2221 2137 3801 2206">
     <span class='ocr_line' id='line_1_51' title="bbox 2221 2137 3801 2206; baseline 0.002 -12"><span class='ocrx_word' id='word_1_369' title='bbox 2221 2142 2423 2195; x_wconf 89' lang='lat' dir='ltr'><strong>citatur</strong></span> <span class='ocrx_word' id='word_1_370' title='bbox 2452 2140 2741 2193; x_wconf 86' lang='lat' dir='ltr'><strong>adversum</strong></span> <span class='ocrx_word' id='word_1_371' title='bbox 2790 2154 2887 2193; x_wconf 88' lang='lat' dir='ltr'><strong>eos</strong></span> <span class='ocrx_word' id='word_1_372' title='bbox 2923 2137 2975 2190; x_wconf 91' lang='lat' dir='ltr'><strong>in</strong></span> <span class='ocrx_word' id='word_1_373' title='bbox 3029 2138 3290 2206; x_wconf 67' lang='lat' dir='ltr'><strong>prmlium.</strong></span> <span class='ocrx_word' id='word_1_374' title='bbox 3324 2139 3434 2195; x_wconf 87' lang='lat' dir='ltr'><strong>Illis</strong></span> <span class='ocrx_word' id='word_1_375' title='bbox 3464 2157 3591 2196; x_wconf 88' lang='lat' dir='ltr'><strong>vero</strong></span> <span class='ocrx_word' id='word_1_376' title='bbox 3620 2144 3801 2197; x_wconf 62' lang='lat' dir='ltr'><strong>simu.</strong></span> 
     </span>
    </p>
   </div>
   <div class='ocr_carea' id='block_1_52' title="bbox 2222 2228 3803 2300">
    <p class='ocr_par' dir='ltr' id='par_1_52' title="bbox 2222 2228 3803 2300">
     <span class='ocr_line' id='line_1_52' title="bbox 2222 2228 3803 2300; baseline 0.001 -14"><span class='ocrx_word' id='word_1_377' title='bbox 2222 2230 2462 2286; x_wconf 88' lang='lat' dir='ltr'><strong>lantibus</strong></span> <span class='ocrx_word' id='word_1_378' title='bbox 2514 2229 2720 2300; x_wconf 80' lang='lat' dir='ltr'><strong>fugam,</strong></span> <span class='ocrx_word' id='word_1_379' title='bbox 2761 2228 2853 2282; x_wconf 88' lang='lat' dir='ltr'><strong>isti</strong></span> <span class='ocrx_word' id='word_1_380' title='bbox 2906 2229 3088 2282; x_wconf 88' lang='lat' dir='ltr'><strong>acrius</strong></span> <span class='ocrx_word' id='word_1_381' title='bbox 3141 2230 3505 2296; x_wconf 88' lang='lat' dir='ltr'><strong>insectantur,</strong></span> <span class='ocrx_word' id='word_1_382' title='bbox 3559 2243 3615 2286; x_wconf 89' lang='lat' dir='ltr'><strong>et</strong></span> <span class='ocrx_word' id='word_1_383' title='bbox 3648 2233 3803 2288; x_wconf 87' lang='lat' dir='ltr'><strong>velut</strong></span> 
     </span>
    </p>
   </div>
   <div class='ocr_carea' id='block_1_53' title="bbox 2222 2321 3807 2395">
    <p class='ocr_par' dir='ltr' id='par_1_53' title="bbox 2222 2321 3807 2395">
     <span class='ocr_line' id='line_1_53' title="bbox 2222 2321 3807 2395; baseline 0.004 -18"><span class='ocrx_word' id='word_1_384' title='bbox 2222 2324 2390 2395; x_wconf 86' lang='lat' dir='ltr'><strong>spolia</strong></span> <span class='ocrx_word' id='word_1_385' title='bbox 2430 2322 2642 2377; x_wconf 88' lang='lat' dir='ltr'><strong>ducturi</strong></span> <span class='ocrx_word' id='word_1_386' title='bbox 2695 2322 2762 2375; x_wconf 91' lang='lat' dir='ltr'><strong>de</strong></span> <span class='ocrx_word' id='word_1_387' title='bbox 2820 2321 3093 2383; x_wconf 88' lang='lat' dir='ltr'><strong>hostibus,</strong></span> <span class='ocrx_word' id='word_1_388' title='bbox 3137 2337 3328 2377; x_wconf 87' lang='lat' dir='ltr'><strong>oumes</strong></span> <span class='ocrx_word' id='word_1_389' title='bbox 3364 2324 3527 2377; x_wconf 89' lang='lat' dir='ltr'><strong>simul</strong></span> <span class='ocrx_word' id='word_1_390' title='bbox 3572 2341 3638 2380; x_wconf 79' lang='lat' dir='ltr'><strong>ex</strong></span> <span class='ocrx_word' id='word_1_391' title='bbox 3671 2328 3807 2383; x_wconf 89' lang='lat' dir='ltr'><strong>urbe</strong></span> 
     </span>
    </p>
   </div>
   <div class='ocr_carea' id='block_1_54' title="bbox 2224 2412 3804 2487">
    <p class='ocr_par' dir='ltr' id='par_1_54' title="bbox 2224 2412 3804 2487">
     <span class='ocr_line' id='line_1_54' title="bbox 2224 2412 3804 2487; baseline 0.004 -20"><span class='ocrx_word' id='word_1_392' title='bbox 2224 2416 2546 2485; x_wconf 87' lang='lat' dir='ltr'><strong>procedunt,</strong></span> <span class='ocrx_word' id='word_1_393' title='bbox 2582 2414 2652 2467; x_wconf 89' lang='lat' dir='ltr'><strong>ita</strong></span> <span class='ocrx_word' id='word_1_394' title='bbox 2694 2423 2769 2475; x_wconf 91' lang='lat' dir='ltr'><strong>ut,</strong></span> <span class='ocrx_word' id='word_1_395' title='bbox 2812 2413 2955 2467; x_wconf 90' lang='lat' dir='ltr'><strong>sicut</strong></span> <span class='ocrx_word' id='word_1_396' title='bbox 3008 2412 3294 2481; x_wconf 83' lang='lat' dir='ltr'><strong>Scriptura</strong></span> <span class='ocrx_word' id='word_1_397' title='bbox 3350 2415 3507 2480; x_wconf 89' lang='lat' dir='ltr'><strong>dicit,</strong></span> <span class='ocrx_word' id='word_1_398' title='bbox 3534 2417 3804 2487; x_wconf 81' lang='lat' dir='ltr'><strong>relinque-</strong></span> 
     </span>
    </p>
   </div>
   <div class='ocr_carea' id='block_1_55' title="bbox 2222 2502 3799 2575">
    <p class='ocr_par' dir='ltr' id='par_1_55' title="bbox 2222 2502 3799 2575">
     <span class='ocr_line' id='line_1_55' title="bbox 2222 2502 3799 2575; baseline 0.002 -15"><span class='ocrx_word' id='word_1_399' title='bbox 2222 2515 2343 2560; x_wconf 86' lang='lat' dir='ltr'><strong>rent</strong></span> <span class='ocrx_word' id='word_1_400' title='bbox 2379 2520 2603 2559; x_wconf 87' lang='lat' dir='ltr'><strong>vacuam</strong></span> <span class='ocrx_word' id='word_1_401' title='bbox 2654 2503 2957 2558; x_wconf 87' lang='lat' dir='ltr'><strong>civitatetn.</strong></span> <span class='ocrx_word' id='word_1_402' title='bbox 2986 2502 3092 2558; x_wconf 88' lang='lat' dir='ltr'><strong>Sed</strong></span> <span class='ocrx_word' id='word_1_403' title='bbox 3124 2514 3475 2575; x_wconf 89' lang='lat' dir='ltr'><strong>posteaquam</strong></span> <span class='ocrx_word' id='word_1_404' title='bbox 3512 2507 3562 2561; x_wconf 89' lang='lat' dir='ltr'><strong>in</strong></span> <span class='ocrx_word' id='word_1_405' title='bbox 3593 2511 3799 2564; x_wconf 86' lang='lat' dir='ltr'><strong>consti-</strong></span> 
     </span>
    </p>
   </div>
   <div class='ocr_carea' id='block_1_56' title="bbox 2225 2595 3801 2669">
    <p class='ocr_par' dir='ltr' id='par_1_56' title="bbox 2225 2595 3801 2669">
     <span class='ocr_line' id='line_1_56' title="bbox 2225 2595 3801 2669; baseline 0.001 -17"><span class='ocrx_word' id='word_1_406' title='bbox 2225 2610 2394 2654; x_wconf 89' lang='lat' dir='ltr'><strong>tutmn</strong></span> <span class='ocrx_word' id='word_1_407' title='bbox 2416 2597 2687 2669; x_wconf 76' lang='lat' dir='ltr'><strong>progressi</strong></span> <span class='ocrx_word' id='word_1_408' title='bbox 2712 2604 2837 2651; x_wconf 90' lang='lat' dir='ltr'><strong>sunt</strong></span> <span class='ocrx_word' id='word_1_409' title='bbox 2858 2595 3060 2661; x_wconf 91' lang='lat' dir='ltr'><strong>locum,</strong></span> <span class='ocrx_word' id='word_1_410' title='bbox 3088 2612 3389 2653; x_wconf 88' lang='lat' dir='ltr'><strong>conversus</strong></span> <span class='ocrx_word' id='word_1_411' title='bbox 3413 2597 3570 2654; x_wconf 70' lang='lat' dir='ltr'><strong>Iesus</strong></span> <span class='ocrx_word' id='word_1_412' title='bbox 3590 2602 3801 2669; x_wconf 81' lang='lat' dir='ltr'><strong>signum</strong></span> 
     </span>
    </p>
   </div>
   <div class='ocr_carea' id='block_1_57' title="bbox 2220 2688 3801 2758">
    <p class='ocr_par' dir='ltr' id='par_1_57' title="bbox 2220 2688 3801 2758">
     <span class='ocr_line' id='line_1_57' title="bbox 2220 2688 3801 2758; baseline 0.001 -13"><span class='ocrx_word' id='word_1_413' title='bbox 2220 2692 2391 2757; x_wconf 87' lang='lat' dir='ltr'><strong>dedit,</strong></span> <span class='ocrx_word' id='word_1_414' title='bbox 2420 2698 2481 2744; x_wconf 83' lang='lat' dir='ltr'><strong>ut</strong></span> <span class='ocrx_word' id='word_1_415' title='bbox 2509 2696 2868 2758; x_wconf 83' lang='lat' dir='ltr'><strong>exsurgerent</strong></span> <span class='ocrx_word' id='word_1_416' title='bbox 2901 2688 2993 2757; x_wconf 88' lang='lat' dir='ltr'><strong>qui</strong></span> <span class='ocrx_word' id='word_1_417' title='bbox 3034 2688 3087 2742; x_wconf 89' lang='lat' dir='ltr'><strong>in</strong></span> <span class='ocrx_word' id='word_1_418' title='bbox 3112 2689 3328 2744; x_wconf 82' lang='lat' dir='ltr'><strong>insidiis</strong></span> <span class='ocrx_word' id='word_1_419' title='bbox 3358 2698 3535 2755; x_wconf 90' lang='lat' dir='ltr'><strong>erant,</strong></span> <span class='ocrx_word' id='word_1_420' title='bbox 3567 2701 3620 2745; x_wconf 90' lang='lat' dir='ltr'><strong>et</strong></span> <span class='ocrx_word' id='word_1_421' title='bbox 3642 2692 3801 2746; x_wconf 83' lang='lat' dir='ltr'><strong>dorsa</strong></span> 
     </span>
    </p>
   </div>
   <div class='ocr_carea' id='block_1_58' title="bbox 2222 2778 3804 2851">
    <p class='ocr_par' dir='ltr' id='par_1_58' title="bbox 2222 2778 3804 2851">
     <span class='ocr_line' id='line_1_58' title="bbox 2222 2778 3804 2851; baseline 0 -16"><span class='ocrx_word' id='word_1_422' title='bbox 2222 2784 2467 2835; x_wconf 89' lang='lat' dir='ltr'><strong>hostium</strong></span> <span class='ocrx_word' id='word_1_423' title='bbox 2500 2781 2777 2835; x_wconf 76' lang='lat' dir='ltr'><strong>cmderent</strong></span> <span class='ocrx_word' id='word_1_424' title='bbox 2804 2795 2816 2830; x_wconf 92' lang='lat'><strong>:</strong></span> <span class='ocrx_word' id='word_1_425' title='bbox 2843 2789 2897 2833; x_wconf 90' lang='lat' dir='ltr'><strong>et</strong></span> <span class='ocrx_word' id='word_1_426' title='bbox 2928 2781 3001 2833; x_wconf 90' lang='lat' dir='ltr'><strong>ita</strong></span> <span class='ocrx_word' id='word_1_427' title='bbox 3035 2778 3112 2831; x_wconf 89' lang='lat' dir='ltr'><strong>illi</strong></span> <span class='ocrx_word' id='word_1_428' title='bbox 3146 2780 3449 2844; x_wconf 89' lang='lat' dir='ltr'><strong>novissimi,</strong></span> <span class='ocrx_word' id='word_1_429' title='bbox 3477 2790 3532 2834; x_wconf 90' lang='lat' dir='ltr'><strong>et</strong></span> <span class='ocrx_word' id='word_1_430' title='bbox 3560 2781 3651 2836; x_wconf 85' lang='lat' dir='ltr'><strong>isti</strong></span> <span class='ocrx_word' id='word_1_431' title='bbox 3690 2784 3804 2851; x_wconf 88' lang='lat' dir='ltr'><strong>pri-</strong></span> 
     </span>
    </p>
   </div>
   <div class='ocr_carea' id='block_1_59' title="bbox 2222 2870 3801 2928">
    <p class='ocr_par' dir='ltr' id='par_1_59' title="bbox 2222 2870 3801 2928">
     <span class='ocr_line' id='line_1_59' title="bbox 2222 2870 3801 2928; baseline 0.001 -2"><span class='ocrx_word' id='word_1_432' title='bbox 2222 2876 2292 2927; x_wconf 86' lang='lat' dir='ltr'><strong>mi</strong></span> <span class='ocrx_word' id='word_1_433' title='bbox 2332 2875 2536 2928; x_wconf 90' lang='lat' dir='ltr'><strong>medios</strong></span> <span class='ocrx_word' id='word_1_434' title='bbox 2570 2876 2753 2927; x_wconf 80' lang='lat' dir='ltr'><strong>hostes</strong></span> <span class='ocrx_word' id='word_1_435' title='bbox 2793 2871 3081 2927; x_wconf 81' lang='lat' dir='ltr'><strong>conclusos</strong></span> <span class='ocrx_word' id='word_1_436' title='bbox 3122 2870 3441 2924; x_wconf 89' lang='lat' dir='ltr'><strong>interinmnt</strong></span> <span class='ocrx_word' id='word_1_437' title='bbox 3492 2872 3801 2928; x_wconf 83' lang='lat' dir='ltr'><strong>universos.</strong></span> 
     </span>
    </p>
   </div>
   <div class='ocr_carea' id='block_1_60' title="bbox 2220 2961 3800 3034">
    <p class='ocr_par' dir='ltr' id='par_1_60' title="bbox 2220 2961 3800 3034">
     <span class='ocr_line' id='line_1_60' title="bbox 2220 2961 3800 3034; baseline 0.001 -17"><span class='ocrx_word' id='word_1_438' title='bbox 2220 2965 2287 3018; x_wconf 88' lang='lat' dir='ltr'><strong>Et</strong></span> <span class='ocrx_word' id='word_1_439' title='bbox 2334 2967 2434 3019; x_wconf 91' lang='lat' dir='ltr'><strong>hoc</strong></span> <span class='ocrx_word' id='word_1_440' title='bbox 2479 2967 2637 3018; x_wconf 89' lang='lat' dir='ltr'><strong>modo</strong></span> <span class='ocrx_word' id='word_1_441' title='bbox 2670 2966 2829 3019; x_wconf 88' lang='lat' dir='ltr'><strong>victis</strong></span> <span class='ocrx_word' id='word_1_442' title='bbox 2860 2966 2928 3017; x_wconf 90' lang='lat' dir='ltr'><strong>iis</strong></span> <span class='ocrx_word' id='word_1_443' title='bbox 2956 2963 3047 3032; x_wconf 88' lang='lat' dir='ltr'><strong>qui</strong></span> <span class='ocrx_word' id='word_1_444' title='bbox 3085 2961 3405 3015; x_wconf 88' lang='lat' dir='ltr'><strong>habitabant</strong></span> <span class='ocrx_word' id='word_1_445' title='bbox 3449 2962 3587 3033; x_wconf 83' lang='lat' dir='ltr'><strong>Ilay,</strong></span> <span class='ocrx_word' id='word_1_446' title='bbox 3615 2980 3800 3034; x_wconf 84' lang='lat' dir='ltr'><strong>regem</strong></span> 
     </span>
    </p>
   </div>
   <div class='ocr_carea' id='block_1_61' title="bbox 543 3054 2118 3159">
    <p class='ocr_par' dir='ltr' id='par_1_61' title="bbox 543 3068 2117 3144">
     <span class='ocr_line' id='line_1_61' title="bbox 543 3068 2117 3144; baseline 0.006 -26"><span class='ocrx_word' id='word_1_447' title='bbox 543 3068 871 3122; x_wconf 81' lang='lat' dir='ltr'><strong>confiteatur</strong></span> <span class='ocrx_word' id='word_1_448' title='bbox 893 3079 947 3125; x_wconf 88' lang='lat' dir='ltr'><strong>et</strong></span> <span class='ocrx_word' id='word_1_449' title='bbox 977 3072 1189 3125; x_wconf 72' lang='lat' dir='ltr'><strong>dicat“o</strong></span> <span class='ocrx_word' id='word_1_450' title='bbox 1226 3090 1239 3126; x_wconf 89' lang='lat'><strong>:</strong></span> <span class='ocrx_word' id='word_1_451' title='bbox 1281 3072 1515 3127; x_wconf 85' lang='lat' dir='ltr'><strong>Furatus</strong></span> <span class='ocrx_word' id='word_1_452' title='bbox 1559 3089 1676 3126; x_wconf 90' lang='lat' dir='ltr'><strong>smn</strong></span> <span class='ocrx_word' id='word_1_453' title='bbox 1733 3074 1965 3144; x_wconf 89' lang='lat' dir='ltr'><strong>linguam</strong></span> <span class='ocrx_word' id='word_1_454' title='bbox 2022 3092 2117 3127; x_wconf 85' lang='lat' dir='ltr'><strong>au-</strong></span> 
     </span>
    </p>
   </div>
   <div class='ocr_carea' id='block_1_62' title="bbox 2221 3054 3407 3159">
    <p class='ocr_par' dir='ltr' id='par_1_62' title="bbox 2224 3054 3407 3127">
     <span class='ocr_line' id='line_1_62' title="bbox 2224 3054 3407 3127; baseline -0.003 -16"><span class='ocrx_word' id='word_1_455' title='bbox 2224 3058 2462 3127; x_wconf 79' lang='lat' dir='ltr'><strong>ipsorum</strong></span> <span class='ocrx_word' id='word_1_456' title='bbox 2494 3057 2892 3126; x_wconf 90' lang='lat' dir='ltr'><strong>suspenderunt</strong></span> <span class='ocrx_word' id='word_1_457' title='bbox 2925 3058 2976 3108; x_wconf 72' lang='grc' dir='ltr'><strong>ιιι</strong></span> <span class='ocrx_word' id='word_1_458' title='bbox 3010 3055 3151 3123; x_wconf 87' lang='lat' dir='ltr'><strong>ligno</strong></span> <span class='ocrx_word' id='word_1_459' title='bbox 3174 3054 3407 3123; x_wconf 82' lang='lat' dir='ltr'><strong>gemino.</strong></span> 
     </span>
    </p>
   </div>
   <div class='ocr_carea' id='block_1_63' title="bbox 542 3163 2117 3233">
    <p class='ocr_par' dir='ltr' id='par_1_63' title="bbox 542 3163 2117 3233">
     <span class='ocr_line' id='line_1_63' title="bbox 542 3163 2117 3233; baseline 0.008 -23"><span class='ocrx_word' id='word_1_460' title='bbox 542 3173 689 3211; x_wconf 86' lang='lat' dir='ltr'><strong>ream</strong></span> <span class='ocrx_word' id='word_1_461' title='bbox 742 3163 1085 3215; x_wconf 75' lang='lat' dir='ltr'><strong>ctdextralia</strong></span> <span class='ocrx_word' id='word_1_462' title='bbox 1134 3180 1283 3232; x_wconf 91' lang='lat' dir='ltr'><strong>pura.</strong></span> <span class='ocrx_word' id='word_1_463' title='bbox 1338 3166 1495 3219; x_wconf 85' lang='lat' dir='ltr'><strong>Vides</strong></span> <span class='ocrx_word' id='word_1_464' title='bbox 1554 3164 1857 3233; x_wconf 86' lang='lat' dir='ltr'><strong>cujnsmodi</strong></span> <span class='ocrx_word' id='word_1_465' title='bbox 1911 3168 2117 3222; x_wconf 89' lang='lat' dir='ltr'><strong>furatus</strong></span> 
     </span>
    </p>
   </div>
   <div class='ocr_carea' id='block_1_64' title="bbox 537 3250 2113 3329">
    <p class='ocr_par' dir='ltr' id='par_1_64' title="bbox 537 3250 2113 3329">
     <span class='ocr_line' id='line_1_64' title="bbox 537 3250 2113 3329; baseline 0.004 -24"><span class='ocrx_word' id='word_1_466' title='bbox 537 3250 701 3322; x_wconf 68' lang='grc'><strong>415</strong></span> <span class='ocrx_word' id='word_1_467' title='bbox 737 3263 819 3307; x_wconf 85' lang='lat' dir='ltr'><strong>est</strong></span> <span class='ocrx_word' id='word_1_468' title='bbox 855 3254 1093 3309; x_wconf 87' lang='lat' dir='ltr'><strong>furtum?</strong></span> <span class='ocrx_word' id='word_1_469' title='bbox 1116 3257 1352 3327; x_wconf 90' lang='lat' dir='ltr'><strong>linguam</strong></span> <span class='ocrx_word' id='word_1_470' title='bbox 1388 3256 1602 3311; x_wconf 87' lang='lat' dir='ltr'><strong>furatur</strong></span> <span class='ocrx_word' id='word_1_471' title='bbox 1636 3268 1690 3312; x_wconf 91' lang='lat' dir='ltr'><strong>et</strong></span> <span class='ocrx_word' id='word_1_472' title='bbox 1719 3260 1984 3313; x_wconf 80' lang='lat' dir='ltr'><strong>dextralia</strong></span> <span class='ocrx_word' id='word_1_473' title='bbox 2015 3277 2113 3329; x_wconf 88' lang='lat' dir='ltr'><strong>pu-</strong></span> 
     </span>
    </p>
   </div>
   <div class='ocr_carea' id='block_1_65' title="bbox 543 3344 2117 3420">
    <p class='ocr_par' dir='ltr' id='par_1_65' title="bbox 543 3344 2117 3420">
     <span class='ocr_line' id='line_1_65' title="bbox 543 3344 2117 3420; baseline 0.006 -25"><span class='ocrx_word' id='word_1_474' title='bbox 543 3360 621 3397; x_wconf 88' lang='lat' dir='ltr'><strong>ra.</strong></span> <span class='ocrx_word' id='word_1_475' title='bbox 653 3344 792 3398; x_wconf 74' lang='lat' dir='ltr'><strong>I’nra</strong></span> <span class='ocrx_word' id='word_1_476' title='bbox 829 3357 1010 3401; x_wconf 91' lang='lat' dir='ltr'><strong>autem</strong></span> <span class='ocrx_word' id='word_1_477' title='bbox 1043 3349 1305 3401; x_wconf 84' lang='lat' dir='ltr'><strong>dcxtralia</strong></span> <span class='ocrx_word' id='word_1_478' title='bbox 1343 3359 1471 3401; x_wconf 88' lang='lat' dir='ltr'><strong>suttt</strong></span> <span class='ocrx_word' id='word_1_479' title='bbox 1499 3365 1667 3419; x_wconf 89' lang='lat' dir='ltr'><strong>opera</strong></span> <span class='ocrx_word' id='word_1_480' title='bbox 1696 3352 1749 3404; x_wconf 91' lang='lat' dir='ltr'><strong>in</strong></span> <span class='ocrx_word' id='word_1_481' title='bbox 1794 3354 1995 3420; x_wconf 88' lang='lat' dir='ltr'><strong>quibus</strong></span> <span class='ocrx_word' id='word_1_482' title='bbox 2036 3353 2117 3405; x_wconf 88' lang='lat' dir='ltr'><strong>di-</strong></span> 
     </span>
    </p>
   </div>
   <div class='ocr_carea' id='block_1_66' title="bbox 540 3436 2114 3502">
    <p class='ocr_par' dir='ltr' id='par_1_66' title="bbox 540 3436 2114 3502">
     <span class='ocr_line' id='line_1_66' title="bbox 540 3436 2114 3502; baseline 0.006 -16"><span class='ocrx_word' id='word_1_483' title='bbox 540 3436 725 3489; x_wconf 87' lang='lat' dir='ltr'><strong>vinum</strong></span> <span class='ocrx_word' id='word_1_484' title='bbox 775 3437 907 3490; x_wconf 91' lang='lat' dir='ltr'><strong>nihil</strong></span> <span class='ocrx_word' id='word_1_485' title='bbox 957 3439 1242 3502; x_wconf 77' lang='lat' dir='ltr'><strong>miscetur,</strong></span> <span class='ocrx_word' id='word_1_486' title='bbox 1275 3442 1367 3495; x_wconf 89' lang='lat' dir='ltr'><strong>sed</strong></span> <span class='ocrx_word' id='word_1_487' title='bbox 1404 3449 1568 3494; x_wconf 87' lang='lat' dir='ltr'><strong>totmn</strong></span> <span class='ocrx_word' id='word_1_488' title='bbox 1613 3444 1911 3496; x_wconf 85' lang='lat' dir='ltr'><strong>Secundum</strong></span> <span class='ocrx_word' id='word_1_489' title='bbox 1939 3442 2114 3497; x_wconf 88' lang='lat' dir='ltr'><strong>homi-</strong></span> 
     </span>
    </p>
   </div>
   <div class='ocr_carea' id='block_1_67' title="bbox 540 3527 2119 3600">
    <p class='ocr_par' dir='ltr' id='par_1_67' title="bbox 540 3527 2119 3600">
     <span class='ocr_line' id='line_1_67' title="bbox 540 3527 2119 3600; baseline 0.008 -24"><span class='ocrx_word' id='word_1_490' title='bbox 540 3539 665 3577; x_wconf 90' lang='lat' dir='ltr'><strong>nem</strong></span> <span class='ocrx_word' id='word_1_491' title='bbox 717 3527 946 3595; x_wconf 84' lang='lat' dir='ltr'><strong>geritur.</strong></span> <span class='ocrx_word' id='word_1_492' title='bbox 986 3530 1226 3598; x_wconf 85' lang='lat' dir='ltr'><strong>Denique</strong></span> <span class='ocrx_word' id='word_1_493' title='bbox 1265 3541 1317 3583; x_wconf 93' lang='lat' dir='ltr'><strong>et</strong></span> <span class='ocrx_word' id='word_1_494' title='bbox 1351 3532 1626 3585; x_wconf 86' lang='lat' dir='ltr'><strong>nostrisin</strong></span> <span class='ocrx_word' id='word_1_495' title='bbox 1661 3532 2119 3600; x_wconf 87' lang='lat' dir='ltr'><strong>disputationibus</strong></span> 
     </span>
    </p>
   </div>
   <div class='ocr_carea' id='block_1_68' title="bbox 542 3618 2114 3690">
    <p class='ocr_par' dir='ltr' id='par_1_68' title="bbox 542 3618 2114 3690">
     <span class='ocr_line' id='line_1_68' title="bbox 542 3618 2114 3690; baseline 0.005 -23"><span class='ocrx_word' id='word_1_496' title='bbox 542 3618 712 3670; x_wconf 89' lang='lat' dir='ltr'><strong>moris</strong></span> <span class='ocrx_word' id='word_1_497' title='bbox 743 3626 827 3672; x_wconf 82' lang='lat' dir='ltr'><strong>est</strong></span> <span class='ocrx_word' id='word_1_498' title='bbox 857 3620 1067 3683; x_wconf 83' lang='lat' dir='ltr'><strong>dicere,</strong></span> <span class='ocrx_word' id='word_1_499' title='bbox 1106 3622 1230 3687; x_wconf 90' lang='lat' dir='ltr'><strong>quia</strong></span> <span class='ocrx_word' id='word_1_500' title='bbox 1258 3622 1531 3675; x_wconf 88' lang='lat' dir='ltr'><strong>Christum</strong></span> <span class='ocrx_word' id='word_1_501' title='bbox 1572 3638 1679 3675; x_wconf 89' lang='lat' dir='ltr'><strong>tton</strong></span> <span class='ocrx_word' id='word_1_502' title='bbox 1708 3639 1900 3690; x_wconf 87' lang='lat' dir='ltr'><strong>pttrttut</strong></span> <span class='ocrx_word' id='word_1_503' title='bbox 1936 3622 2114 3676; x_wconf 91' lang='lat' dir='ltr'><strong>homi-</strong></span> 
     </span>
    </p>
   </div>
   <div class='ocr_carea' id='block_1_69' title="bbox 542 3709 2115 3777">
    <p class='ocr_par' dir='ltr' id='par_1_69' title="bbox 542 3709 2115 3777">
     <span class='ocr_line' id='line_1_69' title="bbox 542 3709 2115 3777; baseline 0.005 -18"><span class='ocrx_word' id='word_1_504' title='bbox 542 3724 666 3760; x_wconf 88' lang='lat' dir='ltr'><strong>nem</strong></span> <span class='ocrx_word' id='word_1_505' title='bbox 712 3709 963 3777; x_wconf 88' lang='lat' dir='ltr'><strong>dicimus,</strong></span> <span class='ocrx_word' id='word_1_506' title='bbox 994 3713 1087 3766; x_wconf 89' lang='lat' dir='ltr'><strong>sed</strong></span> <span class='ocrx_word' id='word_1_507' title='bbox 1124 3713 1288 3767; x_wconf 83' lang='lat' dir='ltr'><strong>Deum</strong></span> <span class='ocrx_word' id='word_1_508' title='bbox 1331 3723 1386 3767; x_wconf 89' lang='lat' dir='ltr'><strong>et</strong></span> <span class='ocrx_word' id='word_1_509' title='bbox 1447 3713 1717 3767; x_wconf 91' lang='lat' dir='ltr'><strong>hominem</strong></span> <span class='ocrx_word' id='word_1_510' title='bbox 1767 3713 2115 3773; x_wconf 83' lang='lat' dir='ltr'><strong>confitemur.</strong></span> 
     </span>
    </p>
   </div>
   <div class='ocr_carea' id='block_1_70' title="bbox 543 3796 2119 3872">
    <p class='ocr_par' dir='ltr' id='par_1_70' title="bbox 543 3796 2119 3872">
     <span class='ocr_line' id='line_1_70' title="bbox 543 3796 2119 3872; baseline 0.006 -23"><span class='ocrx_word' id='word_1_511' title='bbox 543 3796 677 3852; x_wconf 91' lang='lat' dir='ltr'><strong>Illud</strong></span> <span class='ocrx_word' id='word_1_512' title='bbox 715 3810 893 3855; x_wconf 88' lang='lat' dir='ltr'><strong>autem</strong></span> <span class='ocrx_word' id='word_1_513' title='bbox 949 3804 1090 3871; x_wconf 90' lang='lat' dir='ltr'><strong>quod</strong></span> <span class='ocrx_word' id='word_1_514' title='bbox 1123 3803 1188 3855; x_wconf 91' lang='lat' dir='ltr'><strong>de</strong></span> <span class='ocrx_word' id='word_1_515' title='bbox 1220 3802 1441 3857; x_wconf 82' lang='lat' dir='ltr'><strong>Jerielto</strong></span> <span class='ocrx_word' id='word_1_516' title='bbox 1487 3802 1720 3867; x_wconf 85' lang='lat' dir='ltr'><strong>furatur,</strong></span> <span class='ocrx_word' id='word_1_517' title='bbox 1762 3820 1954 3872; x_wconf 90' lang='lat' dir='ltr'><strong>purum</strong></span> <span class='ocrx_word' id='word_1_518' title='bbox 1997 3820 2119 3859; x_wconf 88' lang='lat' dir='ltr'><strong>esse</strong></span> 
     </span>
    </p>
   </div>
   <div class='ocr_carea' id='block_1_71' title="bbox 540 3891 2119 3965">
    <p class='ocr_par' dir='ltr' id='par_1_71' title="bbox 540 3891 2119 3965">
     <span class='ocr_line' id='line_1_71' title="bbox 540 3891 2119 3965; baseline 0.006 -22"><span class='ocrx_word' id='word_1_519' title='bbox 540 3891 766 3956; x_wconf 89' lang='lat' dir='ltr'><strong>dicitttr,</strong></span> <span class='ocrx_word' id='word_1_520' title='bbox 810 3894 859 3946; x_wconf 91' lang='lat' dir='ltr'><strong>id</strong></span> <span class='ocrx_word' id='word_1_521' title='bbox 907 3905 989 3947; x_wconf 91' lang='lat' dir='ltr'><strong>est</strong></span> <span class='ocrx_word' id='word_1_522' title='bbox 1042 3896 1157 3949; x_wconf 90' lang='lat' dir='ltr'><strong>sine</strong></span> <span class='ocrx_word' id='word_1_523' title='bbox 1191 3896 1322 3961; x_wconf 90' lang='lat' dir='ltr'><strong>Deo,</strong></span> <span class='ocrx_word' id='word_1_524' title='bbox 1355 3914 1473 3965; x_wconf 81' lang='lat' dir='ltr'><strong>qua:</strong></span> <span class='ocrx_word' id='word_1_525' title='bbox 1506 3898 1693 3965; x_wconf 88' lang='lat' dir='ltr'><strong>utique</strong></span> <span class='ocrx_word' id='word_1_526' title='bbox 1723 3897 1926 3952; x_wconf 83' lang='lat' dir='ltr'><strong>furanti</strong></span> <span class='ocrx_word' id='word_1_527' title='bbox 1952 3898 2119 3953; x_wconf 77' lang='lat' dir='ltr'><strong>exsti-</strong></span> 
     </span>
    </p>
   </div>
   <div class='ocr_carea' id='block_1_72' title="bbox 543 3984 2115 4056">
    <p class='ocr_par' dir='ltr' id='par_1_72' title="bbox 543 3984 2115 4056">
     <span class='ocr_line' id='line_1_72' title="bbox 543 3984 2115 4056; baseline 0.004 -21"><span class='ocrx_word' id='word_1_528' title='bbox 543 3984 606 4036; x_wconf 93' lang='lat' dir='ltr'><strong>tit</strong></span> <span class='ocrx_word' id='word_1_529' title='bbox 636 4000 794 4039; x_wconf 90' lang='lat' dir='ltr'><strong>causa</strong></span> <span class='ocrx_word' id='word_1_530' title='bbox 842 3988 1069 4053; x_wconf 89' lang='lat' dir='ltr'><strong>peccati.</strong></span> <span class='ocrx_word' id='word_1_531' title='bbox 1109 3988 1172 4041; x_wconf 83' lang='lat' dir='ltr'><strong>Et</strong></span> <span class='ocrx_word' id='word_1_532' title='bbox 1211 3989 1334 4042; x_wconf 92' lang='lat' dir='ltr'><strong>ideo</strong></span> <span class='ocrx_word' id='word_1_533' title='bbox 1371 4005 1468 4042; x_wconf 92' lang='lat' dir='ltr'><strong>nos</strong></span> <span class='ocrx_word' id='word_1_534' title='bbox 1520 3989 1656 4041; x_wconf 91' lang='lat' dir='ltr'><strong>nihil</strong></span> <span class='ocrx_word' id='word_1_535' title='bbox 1696 4004 1887 4056; x_wconf 91' lang='lat' dir='ltr'><strong>purum</strong></span> <span class='ocrx_word' id='word_1_536' title='bbox 1930 4001 1983 4043; x_wconf 89' lang='lat' dir='ltr'><strong>et</strong></span> <span class='ocrx_word' id='word_1_537' title='bbox 2012 3992 2115 4044; x_wconf 89' lang='lat' dir='ltr'><strong>htt-</strong></span> 
     </span>
    </p>
   </div>
   <div class='ocr_carea' id='block_1_73' title="bbox 552 4078 2119 4152">
    <p class='ocr_par' dir='ltr' id='par_1_73' title="bbox 552 4078 2119 4152">
     <span class='ocr_line' id='line_1_73' title="bbox 552 4078 2119 4152; baseline 0.006 -25"><span class='ocrx_word' id='word_1_538' title='bbox 552 4090 769 4128; x_wconf 83' lang='lat' dir='ltr'><strong>manum</strong></span> <span class='ocrx_word' id='word_1_539' title='bbox 820 4078 887 4130; x_wconf 88' lang='lat' dir='ltr'><strong>de</strong></span> <span class='ocrx_word' id='word_1_540' title='bbox 936 4078 1153 4131; x_wconf 83' lang='lat' dir='ltr'><strong>Christo</strong></span> <span class='ocrx_word' id='word_1_541' title='bbox 1202 4080 1521 4141; x_wconf 85' lang='lat' dir='ltr'><strong>sentiamus,</strong></span> <span class='ocrx_word' id='word_1_542' title='bbox 1566 4080 1660 4134; x_wconf 83' lang='lat' dir='ltr'><strong>sed</strong></span> <span class='ocrx_word' id='word_1_543' title='bbox 1703 4080 1865 4134; x_wconf 89' lang='lat' dir='ltr'><strong>Deum</strong></span> <span class='ocrx_word' id='word_1_544' title='bbox 1914 4083 2119 4152; x_wconf 87' lang='lat' dir='ltr'><strong>pariter</strong></span> 
     </span>
    </p>
   </div>
   <div class='ocr_carea' id='block_1_74' title="bbox 549 4167 2115 4241">
    <p class='ocr_par' dir='ltr' id='par_1_74' title="bbox 549 4167 2115 4241">
     <span class='ocr_line' id='line_1_74' title="bbox 549 4167 2115 4241; baseline 0.008 -26"><span class='ocrx_word' id='word_1_545' title='bbox 549 4175 710 4231; x_wconf 86' lang='lat' dir='ltr'><strong>atque</strong></span> <span class='ocrx_word' id='word_1_546' title='bbox 763 4167 1034 4220; x_wconf 90' lang='lat' dir='ltr'><strong>hominem</strong></span> <span class='ocrx_word' id='word_1_547' title='bbox 1085 4168 1373 4231; x_wconf 84' lang='lat' dir='ltr'><strong>fateamur,</strong></span> <span class='ocrx_word' id='word_1_548' title='bbox 1416 4171 1543 4238; x_wconf 91' lang='lat' dir='ltr'><strong>quia</strong></span> <span class='ocrx_word' id='word_1_549' title='bbox 1604 4183 1657 4225; x_wconf 93' lang='lat' dir='ltr'><strong>ct</strong></span> <span class='ocrx_word' id='word_1_550' title='bbox 1706 4173 1971 4241; x_wconf 90' lang='lat' dir='ltr'><strong>sapientia</strong></span> <span class='ocrx_word' id='word_1_551' title='bbox 2026 4175 2115 4228; x_wconf 91' lang='lat' dir='ltr'><strong>Dei</strong></span> 
     </span>
    </p>
   </div>
   <div class='ocr_carea' id='block_1_75' title="bbox 540 4255 2115 4331">
    <p class='ocr_par' dir='ltr' id='par_1_75' title="bbox 540 4255 2115 4331">
     <span class='ocr_line' id='line_1_75' title="bbox 540 4255 2115 4331; baseline 0.004 -24"><span class='ocrx_word' id='word_1_552' title='bbox 540 4255 822 4324; x_wconf 78' lang='lat' dir='ltr'><strong>multiplex</strong></span> <span class='ocrx_word' id='word_1_553' title='bbox 861 4257 1086 4323; x_wconf 90' lang='lat' dir='ltr'><strong>dicitur,</strong></span> <span class='ocrx_word' id='word_1_554' title='bbox 1128 4268 1186 4312; x_wconf 88' lang='grc' dir='ltr'><strong>ιιι</strong></span> <span class='ocrx_word' id='word_1_555' title='bbox 1230 4276 1325 4329; x_wconf 79' lang='lat' dir='ltr'><strong>per</strong></span> <span class='ocrx_word' id='word_1_556' title='bbox 1368 4261 1481 4315; x_wconf 78' lang='lat' dir='ltr'><strong>lure</strong></span> <span class='ocrx_word' id='word_1_557' title='bbox 1531 4276 1840 4315; x_wconf 88' lang='lat' dir='ltr'><strong>mereamur</strong></span> <span class='ocrx_word' id='word_1_558' title='bbox 1894 4262 2115 4331; x_wconf 88' lang='lat' dir='ltr'><strong>partici-</strong></span> 
     </span>
    </p>
   </div>
   <div class='ocr_carea' id='block_1_76' title="bbox 541 4346 2117 4423">
    <p class='ocr_par' dir='ltr' id='par_1_76' title="bbox 541 4346 2117 4423">
     <span class='ocr_line' id='line_1_76' title="bbox 541 4346 2117 4423; baseline 0.01 -29"><span class='ocrx_word' id='word_1_559' title='bbox 541 4346 687 4412; x_wconf 87' lang='lat' dir='ltr'><strong>pium</strong></span> <span class='ocrx_word' id='word_1_560' title='bbox 720 4361 937 4403; x_wconf 90' lang='lat' dir='ltr'><strong>sumere</strong></span> <span class='ocrx_word' id='word_1_561' title='bbox 969 4352 1251 4420; x_wconf 71' lang='lat' dir='ltr'><strong>sapientia:</strong></span> <span class='ocrx_word' id='word_1_562' title='bbox 1297 4352 1409 4417; x_wconf 87' lang='lat' dir='ltr'><strong>Dei,</strong></span> <span class='ocrx_word' id='word_1_563' title='bbox 1447 4353 1538 4423; x_wconf 89' lang='lat' dir='ltr'><strong>qui</strong></span> <span class='ocrx_word' id='word_1_564' title='bbox 1569 4364 1654 4408; x_wconf 90' lang='lat' dir='ltr'><strong>est</strong></span> <span class='ocrx_word' id='word_1_565' title='bbox 1680 4352 1930 4408; x_wconf 85' lang='lat' dir='ltr'><strong>Christus</strong></span> <span class='ocrx_word' id='word_1_566' title='bbox 1959 4353 2117 4409; x_wconf 86' lang='lat' dir='ltr'><strong>Jesus</strong></span> 
     </span>
    </p>
   </div>
   <div class='ocr_carea' id='block_1_77' title="bbox 2292 3146 3799 3210">
    <p class='ocr_par' dir='ltr' id='par_1_77' title="bbox 2292 3146 3799 3210">
     <span class='ocr_line' id='line_1_77' title="bbox 2292 3146 3799 3210; baseline -0.001 -9"><span class='ocrx_word' id='word_1_567' title='bbox 2292 3148 2345 3201; x_wconf 63' lang='lat'><strong>9.</strong></span> <span class='ocrx_word' id='word_1_568' title='bbox 2393 3148 2486 3203; x_wconf 90' lang='lat' dir='ltr'><strong>llis</strong></span> <span class='ocrx_word' id='word_1_569' title='bbox 2523 3149 2722 3201; x_wconf 76' lang='lat' dir='ltr'><strong>auditis</strong></span> <span class='ocrx_word' id='word_1_570' title='bbox 2776 3146 3071 3200; x_wconf 88' lang='lat' dir='ltr'><strong>verisimile</strong></span> <span class='ocrx_word' id='word_1_571' title='bbox 3123 3156 3206 3199; x_wconf 83' lang='lat' dir='ltr'><strong>est</strong></span> <span class='ocrx_word' id='word_1_572' title='bbox 3256 3147 3530 3200; x_wconf 88' lang='lat' dir='ltr'><strong>auditores</strong></span> <span class='ocrx_word' id='word_1_573' title='bbox 3595 3147 3799 3210; x_wconf 66' lang='lat' dir='ltr'><strong>dicere,</strong></span> 
     </span>
    </p>
   </div>
   <div class='ocr_carea' id='block_1_78' title="bbox 2210 3240 3796 3310">
    <p class='ocr_par' dir='ltr' id='par_1_78' title="bbox 2210 3240 3796 3310">
     <span class='ocr_line' id='line_1_78' title="bbox 2210 3240 3796 3310; baseline -0.001 -16"><span class='ocrx_word' id='word_1_574' title='bbox 2210 3246 2325 3310; x_wconf 82' lang='lat' dir='ltr'><strong>Quo</strong></span> <span class='ocrx_word' id='word_1_575' title='bbox 2366 3242 2495 3294; x_wconf 90' lang='lat' dir='ltr'><strong>mihi</strong></span> <span class='ocrx_word' id='word_1_576' title='bbox 2546 3242 2694 3295; x_wconf 75' lang='lat' dir='ltr'><strong>lucc?</strong></span> <span class='ocrx_word' id='word_1_577' title='bbox 2733 3242 2864 3308; x_wconf 89' lang='lat' dir='ltr'><strong>quid</strong></span> <span class='ocrx_word' id='word_1_578' title='bbox 2916 3241 3043 3293; x_wconf 89' lang='lat' dir='ltr'><strong>tnihi</strong></span> <span class='ocrx_word' id='word_1_579' title='bbox 3101 3240 3316 3294; x_wconf 83' lang='lat' dir='ltr'><strong>confert</strong></span> <span class='ocrx_word' id='word_1_580' title='bbox 3376 3241 3419 3294; x_wconf 91' lang='lat' dir='ltr'><strong>si</strong></span> <span class='ocrx_word' id='word_1_581' title='bbox 3471 3254 3796 3310; x_wconf 74' lang='lat' dir='ltr'><strong>cognoscam</strong></span> 
     </span>
    </p>
   </div>
   <div class='ocr_carea' id='block_1_79' title="bbox 2220 3331 3801 3401">
    <p class='ocr_par' dir='ltr' id='par_1_79' title="bbox 2220 3331 3801 3401">
     <span class='ocr_line' id='line_1_79' title="bbox 2220 3331 3801 3401; baseline 0.001 -19"><span class='ocrx_word' id='word_1_582' title='bbox 2220 3332 2362 3399; x_wconf 90' lang='lat' dir='ltr'><strong>quod</strong></span> <span class='ocrx_word' id='word_1_583' title='bbox 2404 3332 2528 3385; x_wconf 88' lang='lat' dir='ltr'><strong>victi</strong></span> <span class='ocrx_word' id='word_1_584' title='bbox 2563 3341 2685 3383; x_wconf 87' lang='lat' dir='ltr'><strong>sunt</strong></span> <span class='ocrx_word' id='word_1_585' title='bbox 2712 3331 2744 3383; x_wconf 93' lang='lat' dir='ltr'><strong>ii</strong></span> <span class='ocrx_word' id='word_1_586' title='bbox 2769 3332 2859 3397; x_wconf 90' lang='lat' dir='ltr'><strong>qui</strong></span> <span class='ocrx_word' id='word_1_587' title='bbox 2892 3331 3138 3384; x_wconf 89' lang='lat' dir='ltr'><strong>habitant</strong></span> <span class='ocrx_word' id='word_1_588' title='bbox 3167 3332 3299 3401; x_wconf 83' lang='lat' dir='ltr'><strong>Ilay,</strong></span> <span class='ocrx_word' id='word_1_589' title='bbox 3328 3332 3483 3400; x_wconf 90' lang='lat' dir='ltr'><strong>quasi</strong></span> <span class='ocrx_word' id='word_1_590' title='bbox 3520 3348 3621 3385; x_wconf 92' lang='lat' dir='ltr'><strong>non</strong></span> <span class='ocrx_word' id='word_1_591' title='bbox 3656 3332 3801 3385; x_wconf 80' lang='lat' dir='ltr'><strong>simi-</strong></span> 
     </span>
    </p>
   </div>
   <div class='ocr_carea' id='block_1_80' title="bbox 2221 3420 3800 3490">
    <p class='ocr_par' dir='ltr' id='par_1_80' title="bbox 2221 3420 3800 3490">
     <span class='ocr_line' id='line_1_80' title="bbox 2221 3420 3800 3490; baseline 0.001 -17"><span class='ocrx_word' id='word_1_592' title='bbox 2221 3421 2320 3484; x_wconf 87' lang='lat' dir='ltr'><strong>lia,</strong></span> <span class='ocrx_word' id='word_1_593' title='bbox 2358 3432 2448 3473; x_wconf 91' lang='lat' dir='ltr'><strong>aut</strong></span> <span class='ocrx_word' id='word_1_594' title='bbox 2480 3421 2644 3473; x_wconf 90' lang='lat' dir='ltr'><strong>etiam</strong></span> <span class='ocrx_word' id='word_1_595' title='bbox 2674 3420 2976 3488; x_wconf 75' lang='lat' dir='ltr'><strong>potentiora</strong></span> <span class='ocrx_word' id='word_1_596' title='bbox 3013 3421 3175 3483; x_wconf 87' lang='lat' dir='ltr'><strong>bella,</strong></span> <span class='ocrx_word' id='word_1_597' title='bbox 3226 3421 3306 3475; x_wconf 92' lang='lat' dir='ltr'><strong>vel</strong></span> <span class='ocrx_word' id='word_1_598' title='bbox 3339 3431 3489 3490; x_wconf 89' lang='lat' dir='ltr'><strong>gesta</strong></span> <span class='ocrx_word' id='word_1_599' title='bbox 3536 3421 3668 3486; x_wconf 90' lang='lat' dir='ltr'><strong>sint,</strong></span> <span class='ocrx_word' id='word_1_600' title='bbox 3715 3420 3800 3475; x_wconf 87' lang='lat' dir='ltr'><strong>vel</strong></span> 
     </span>
    </p>
   </div>
   <div class='ocr_carea' id='block_1_81' title="bbox 2221 3510 3793 3581">
    <p class='ocr_par' dir='ltr' id='par_1_81' title="bbox 2221 3510 3793 3581">
     <span class='ocr_line' id='line_1_81' title="bbox 2221 3510 3793 3581; baseline 0 -15"><span class='ocrx_word' id='word_1_601' title='bbox 2221 3523 2479 3581; x_wconf 77' lang='lat' dir='ltr'><strong>gerantur</strong></span> <span class='ocrx_word' id='word_1_602' title='bbox 2504 3512 2519 3563; x_wconf 67' lang='grc' dir='ltr'><em>ν</em></span> <span class='ocrx_word' id='word_1_603' title='bbox 2544 3511 2666 3565; x_wconf 70' lang='grc' dir='ltr'>ΙΙιιιο</span> <span class='ocrx_word' id='word_1_604' title='bbox 2697 3510 2797 3564; x_wconf 85' lang='lat' dir='ltr'><strong>fuit</strong></span> <span class='ocrx_word' id='word_1_605' title='bbox 2826 3526 2958 3564; x_wconf 92' lang='lat' dir='ltr'><strong>cura</strong></span> <span class='ocrx_word' id='word_1_606' title='bbox 2985 3513 3226 3580; x_wconf 89' lang='lat' dir='ltr'><strong>Spiritus</strong></span> <span class='ocrx_word' id='word_1_607' title='bbox 3258 3513 3454 3576; x_wconf 88' lang='lat' dir='ltr'><strong>sancti,</strong></span> <span class='ocrx_word' id='word_1_608' title='bbox 3491 3523 3547 3565; x_wconf 84' lang='lat' dir='ltr'><strong>ut</strong></span> <span class='ocrx_word' id='word_1_609' title='bbox 3582 3512 3793 3567; x_wconf 84' lang='lat' dir='ltr'><strong>relictis</strong></span> 
     </span>
    </p>
   </div>
   <div class='ocr_carea' id='block_1_82' title="bbox 2223 3601 3801 3670">
    <p class='ocr_par' dir='ltr' id='par_1_82' title="bbox 2223 3601 3801 3670">
     <span class='ocr_line' id='line_1_82' title="bbox 2223 3601 3801 3670; baseline -0.001 -13"><span class='ocrx_word' id='word_1_610' title='bbox 2223 3614 2301 3657; x_wconf 86' lang='lat' dir='ltr'><strong>tut</strong></span> <span class='ocrx_word' id='word_1_611' title='bbox 2327 3614 2379 3657; x_wconf 90' lang='lat' dir='ltr'><strong>et</strong></span> <span class='ocrx_word' id='word_1_612' title='bbox 2407 3612 2679 3655; x_wconf 89' lang='lat' dir='ltr'><strong>tantarum</strong></span> <span class='ocrx_word' id='word_1_613' title='bbox 2715 3601 2974 3655; x_wconf 88' lang='lat' dir='ltr'><strong>nobilium</strong></span> <span class='ocrx_word' id='word_1_614' title='bbox 3004 3603 3235 3657; x_wconf 78' lang='lat' dir='ltr'><strong>excidiis</strong></span> <span class='ocrx_word' id='word_1_615' title='bbox 3261 3603 3503 3666; x_wconf 81' lang='lat' dir='ltr'><strong>urbium,</strong></span> <span class='ocrx_word' id='word_1_616' title='bbox 3530 3604 3801 3670; x_wconf 66' lang='lat' dir='ltr'><strong>praedium</strong></span> 
     </span>
    </p>
   </div>
   <div class='ocr_carea' id='block_1_83' title="bbox 2222 3693 3799 3766">
    <p class='ocr_par' dir='ltr' id='par_1_83' title="bbox 2222 3693 3799 3766">
     <span class='ocr_line' id='line_1_83' title="bbox 2222 3693 3799 3766; baseline 0 -19"><span class='ocrx_word' id='word_1_617' title='bbox 2222 3696 2459 3749; x_wconf 72' lang='lat' dir='ltr'><strong>civitatis</strong></span> <span class='ocrx_word' id='word_1_618' title='bbox 2485 3693 2594 3765; x_wconf 83' lang='lat' dir='ltr'><strong>Ilay</strong></span> <span class='ocrx_word' id='word_1_619' title='bbox 2619 3694 2884 3763; x_wconf 91' lang='lat' dir='ltr'><strong>scriptum</strong></span> <span class='ocrx_word' id='word_1_620' title='bbox 2918 3695 3029 3766; x_wconf 72' lang='lat'><strong>(27)</strong></span> <span class='ocrx_word' id='word_1_621' title='bbox 3054 3697 3225 3749; x_wconf 89' lang='lat' dir='ltr'><strong>sacris</strong></span> <span class='ocrx_word' id='word_1_622' title='bbox 3249 3695 3609 3748; x_wconf 86' lang='lat' dir='ltr'><strong>voluminibus</strong></span> <span class='ocrx_word' id='word_1_623' title='bbox 3642 3712 3799 3747; x_wconf 76' lang='lat' dir='ltr'><strong>mau—</strong></span> 
     </span>
    </p>
   </div>
   <div class='ocr_carea' id='block_1_84' title="bbox 2222 3786 3794 3862">
    <p class='ocr_par' dir='ltr' id='par_1_84' title="bbox 2222 3786 3794 3862">
     <span class='ocr_line' id='line_1_84' title="bbox 2222 3786 3794 3862; baseline -0.001 -22"><span class='ocrx_word' id='word_1_624' title='bbox 2222 3788 2479 3841; x_wconf 86' lang='lat' dir='ltr'><strong>daretur?</strong></span> <span class='ocrx_word' id='word_1_625' title='bbox 2511 3787 2889 3840; x_wconf 80' lang='lat' dir='ltr'><strong>Temerariutn</strong></span> <span class='ocrx_word' id='word_1_626' title='bbox 2944 3788 3179 3841; x_wconf 83' lang='lat' dir='ltr'><strong>fortasse</strong></span> <span class='ocrx_word' id='word_1_627' title='bbox 3232 3788 3302 3840; x_wconf 91' lang='lat' dir='ltr'><strong>sit</strong></span> <span class='ocrx_word' id='word_1_628' title='bbox 3357 3788 3497 3862; x_wconf 83' lang='lat' dir='ltr'><strong>quod</strong></span> <span class='ocrx_word' id='word_1_629' title='bbox 3548 3786 3794 3852; x_wconf 79' lang='lat' dir='ltr'><strong>facimus,</strong></span> 
     </span>
    </p>
   </div>
   <div class='ocr_carea' id='block_1_85' title="bbox 2225 3876 3794 3945">
    <p class='ocr_par' dir='ltr' id='par_1_85' title="bbox 2225 3876 3794 3945">
     <span class='ocr_line' id='line_1_85' title="bbox 2225 3876 3794 3945; baseline -0.003 -13"><span class='ocrx_word' id='word_1_630' title='bbox 2225 3888 2332 3932; x_wconf 89' lang='lat' dir='ltr'><strong>tam</strong></span> <span class='ocrx_word' id='word_1_631' title='bbox 2375 3882 2541 3934; x_wconf 88' lang='lat' dir='ltr'><strong>ardua</strong></span> <span class='ocrx_word' id='word_1_632' title='bbox 2575 3890 2629 3934; x_wconf 92' lang='lat' dir='ltr'><strong>et</strong></span> <span class='ocrx_word' id='word_1_633' title='bbox 2676 3892 2782 3933; x_wconf 90' lang='lat' dir='ltr'><strong>tam</strong></span> <span class='ocrx_word' id='word_1_634' title='bbox 2828 3878 3071 3934; x_wconf 85' lang='lat' dir='ltr'><strong>dillicilia</strong></span> <span class='ocrx_word' id='word_1_635' title='bbox 3122 3876 3420 3945; x_wconf 72' lang='lat' dir='ltr'><strong>Srripturm</strong></span> <span class='ocrx_word' id='word_1_636' title='bbox 3446 3885 3648 3929; x_wconf 83' lang='lat' dir='ltr'><strong>sancta:</strong></span> <span class='ocrx_word' id='word_1_637' title='bbox 3682 3876 3794 3929; x_wconf 83' lang='lat' dir='ltr'><strong>loca</strong></span> 
     </span>
    </p>
   </div>
   <div class='ocr_carea' id='block_1_86' title="bbox 2220 3967 3795 4040">
    <p class='ocr_par' dir='ltr' id='par_1_86' title="bbox 2220 3967 3795 4040">
     <span class='ocr_line' id='line_1_86' title="bbox 2220 3967 3795 4040; baseline -0.003 -16"><span class='ocrx_word' id='word_1_638' title='bbox 2220 3971 2513 4040; x_wconf 72' lang='lat' dir='ltr'><strong>explanare</strong></span> <span class='ocrx_word' id='word_1_639' title='bbox 2545 3980 2807 4026; x_wconf 87' lang='lat' dir='ltr'><strong>conantes</strong></span> <span class='ocrx_word' id='word_1_640' title='bbox 2834 3985 2848 4023; x_wconf 87' lang='lat'><strong>:</strong></span> <span class='ocrx_word' id='word_1_641' title='bbox 2874 3971 2967 4026; x_wconf 89' lang='lat' dir='ltr'><strong>sed</strong></span> <span class='ocrx_word' id='word_1_642' title='bbox 3002 3970 3045 4023; x_wconf 90' lang='lat' dir='ltr'><strong>si</strong></span> <span class='ocrx_word' id='word_1_643' title='bbox 3087 3984 3185 4021; x_wconf 89' lang='lat' dir='ltr'><strong>nos</strong></span> <span class='ocrx_word' id='word_1_644' title='bbox 3231 3968 3568 4021; x_wconf 83' lang='lat' dir='ltr'><strong>orationibus</strong></span> <span class='ocrx_word' id='word_1_645' title='bbox 3596 3967 3795 4020; x_wconf 84' lang='lat' dir='ltr'><strong>vestris</strong></span> 
     </span>
    </p>
   </div>
   <div class='ocr_carea' id='block_1_87' title="bbox 2215 4061 3791 4133">
    <p class='ocr_par' dir='ltr' id='par_1_87' title="bbox 2215 4061 3791 4133">
     <span class='ocr_line' id='line_1_87' title="bbox 2215 4061 3791 4133; baseline -0.001 -17"><span class='ocrx_word' id='word_1_646' title='bbox 2215 4064 2440 4133; x_wconf 81' lang='lat' dir='ltr'><strong>jnvetis,</strong></span> <span class='ocrx_word' id='word_1_647' title='bbox 2500 4081 2603 4119; x_wconf 92' lang='lat' dir='ltr'><strong>non</strong></span> <span class='ocrx_word' id='word_1_648' title='bbox 2653 4064 2826 4119; x_wconf 88' lang='lat' dir='ltr'><strong>solum</strong></span> <span class='ocrx_word' id='word_1_649' title='bbox 2885 4064 3098 4133; x_wconf 85' lang='lat' dir='ltr'><strong>culpam</strong></span> <span class='ocrx_word' id='word_1_650' title='bbox 3160 4061 3483 4132; x_wconf 77' lang='lat' dir='ltr'><strong>cll&#39;ugiemus</strong></span> <span class='ocrx_word' id='word_1_651' title='bbox 3527 4062 3791 4123; x_wconf 65' lang='lat' dir='ltr'><strong>audacias,</strong></span> 
     </span>
    </p>
   </div>
   <div class='ocr_carea' id='block_1_88' title="bbox 2224 4149 3796 4222">
    <p class='ocr_par' dir='ltr' id='par_1_88' title="bbox 2224 4149 3796 4222">
     <span class='ocr_line' id='line_1_88' title="bbox 2224 4149 3796 4222; baseline -0.001 -14"><span class='ocrx_word' id='word_1_652' title='bbox 2224 4172 2408 4212; x_wconf 89' lang='lat' dir='ltr'><strong>verum</strong></span> <span class='ocrx_word' id='word_1_653' title='bbox 2471 4166 2527 4213; x_wconf 89' lang='lat' dir='ltr'><strong>et</strong></span> <span class='ocrx_word' id='word_1_654' title='bbox 2578 4149 2918 4212; x_wconf 76' lang='lat' dir='ltr'><strong>devotiotlcm</strong></span> <span class='ocrx_word' id='word_1_655' title='bbox 2996 4164 3235 4210; x_wconf 90' lang='lat' dir='ltr'><strong>nostram</strong></span> <span class='ocrx_word' id='word_1_656' title='bbox 3298 4153 3579 4222; x_wconf 85' lang='lat' dir='ltr'><strong>amplexus</strong></span> <span class='ocrx_word' id='word_1_657' title='bbox 3638 4153 3796 4207; x_wconf 73' lang='lat' dir='ltr'><strong>I‘ater</strong></span> 
     </span>
    </p>
   </div>
   <div class='ocr_carea' id='block_1_89' title="bbox 2226 4247 3792 4315">
    <p class='ocr_par' dir='ltr' id='par_1_89' title="bbox 2226 4247 3792 4315">
     <span class='ocr_line' id='line_1_89' title="bbox 2226 4247 3792 4315; baseline -0.003 -11"><span class='ocrx_word' id='word_1_658' title='bbox 2226 4250 2383 4305; x_wconf 84' lang='lat' dir='ltr'><strong>Verbi</strong></span> <span class='ocrx_word' id='word_1_659' title='bbox 2414 4253 2553 4305; x_wconf 89' lang='lat' dir='ltr'><strong>Deus</strong></span> <span class='ocrx_word' id='word_1_660' title='bbox 2576 4251 2728 4305; x_wconf 91' lang='lat' dir='ltr'><strong>dabit</strong></span> <span class='ocrx_word' id='word_1_661' title='bbox 2747 4252 2970 4304; x_wconf 91' lang='lat' dir='ltr'><strong>verbum</strong></span> <span class='ocrx_word' id='word_1_662' title='bbox 3000 4249 3052 4301; x_wconf 90' lang='lat' dir='ltr'><strong>in</strong></span> <span class='ocrx_word' id='word_1_663' title='bbox 3078 4247 3431 4315; x_wconf 86' lang='lat' dir='ltr'><strong>adapertione</strong></span> <span class='ocrx_word' id='word_1_664' title='bbox 3460 4248 3575 4299; x_wconf 91' lang='lat' dir='ltr'><strong>oris</strong></span> <span class='ocrx_word' id='word_1_665' title='bbox 3600 4247 3792 4310; x_wconf 87' lang='lat' dir='ltr'><strong>nostri,</strong></span> 
     </span>
    </p>
   </div>
   <div class='ocr_carea' id='block_1_90' title="bbox 2221 4338 3785 4412">
    <p class='ocr_par' dir='ltr' id='par_1_90' title="bbox 2221 4338 3785 4412">
     <span class='ocr_line' id='line_1_90' title="bbox 2221 4338 3785 4412; baseline -0.003 -17"><span class='ocrx_word' id='word_1_666' title='bbox 2221 4358 2329 4412; x_wconf 93' lang='lat' dir='ltr'><strong>quo</strong></span> <span class='ocrx_word' id='word_1_667' title='bbox 2359 4355 2412 4397; x_wconf 91' lang='lat' dir='ltr'><strong>et</strong></span> <span class='ocrx_word' id='word_1_668' title='bbox 2444 4359 2539 4397; x_wconf 81' lang='lat' dir='ltr'><strong>vos</strong></span> <span class='ocrx_word' id='word_1_669' title='bbox 2573 4342 2936 4405; x_wconf 67' lang='lat' dir='ltr'><strong>tediftcennui,</strong></span> <span class='ocrx_word' id='word_1_670' title='bbox 2970 4351 3024 4395; x_wconf 90' lang='lat' dir='ltr'><strong>et</strong></span> <span class='ocrx_word' id='word_1_671' title='bbox 3060 4356 3157 4395; x_wconf 90' lang='lat' dir='ltr'><strong>nos</strong></span> <span class='ocrx_word' id='word_1_672' title='bbox 3189 4355 3292 4392; x_wconf 92' lang='lat' dir='ltr'><strong>non</strong></span> <span class='ocrx_word' id='word_1_673' title='bbox 3342 4338 3576 4393; x_wconf 88' lang='lat' dir='ltr'><strong>indevoti</strong></span> <span class='ocrx_word' id='word_1_674' title='bbox 3602 4354 3785 4408; x_wconf 54' lang='lat' dir='ltr'><strong>parca-</strong></span> 
     </span>
    </p>
   </div>
   <div class='ocr_carea' id='block_1_91' title="bbox 543 4430 3791 4514">
    <p class='ocr_par' dir='ltr' id='par_1_91' title="bbox 543 4430 3791 4514">
     <span class='ocr_line' id='line_1_91' title="bbox 543 4430 3791 4514; baseline -0.002 -26"><span class='ocrx_word' id='word_1_675' title='bbox 543 4434 809 4492; x_wconf 89' lang='lat' dir='ltr'><strong>Dominus</strong></span> <span class='ocrx_word' id='word_1_676' title='bbox 859 4450 1065 4505; x_wconf 86' lang='lat' dir='ltr'><strong>noster,</strong></span> <span class='ocrx_word' id='word_1_677' title='bbox 1099 4442 1183 4495; x_wconf 80' lang='lat' dir='ltr'><strong>cui</strong></span> <span class='ocrx_word' id='word_1_678' title='bbox 1216 4451 1300 4497; x_wconf 79' lang='lat' dir='ltr'><strong>est</strong></span> <span class='ocrx_word' id='word_1_679' title='bbox 1332 4444 1500 4514; x_wconf 83' lang='lat' dir='ltr'><strong>gloria</strong></span> <span class='ocrx_word' id='word_1_680' title='bbox 1532 4453 1587 4499; x_wconf 90' lang='lat' dir='ltr'><strong>ct</strong></span> <span class='ocrx_word' id='word_1_681' title='bbox 1616 4444 1903 4514; x_wconf 89' lang='lat' dir='ltr'><strong>imperium</strong></span> <span class='ocrx_word' id='word_1_682' title='bbox 1937 4445 1987 4498; x_wconf 91' lang='lat' dir='ltr'><strong>in</strong></span> <span class='ocrx_word' id='word_1_683' title='bbox 2024 4460 2118 4499; x_wconf 65' lang='lat' dir='ltr'><strong>saz-</strong></span> <span class='ocrx_word' id='word_1_684' title='bbox 2146 4451 2193 4510; x_wconf 78' lang='grc' dir='ltr'>υ</span> <span class='ocrx_word' id='word_1_685' title='bbox 2223 4452 2361 4490; x_wconf 92' lang='lat' dir='ltr'><strong>mus.</strong></span> <span class='ocrx_word' id='word_1_686' title='bbox 2407 4437 2640 4491; x_wconf 84' lang='lat' dir='ltr'><strong>Orantes</strong></span> <span class='ocrx_word' id='word_1_687' title='bbox 2688 4449 2819 4505; x_wconf 88' lang='lat' dir='ltr'><strong>ergo</strong></span> <span class='ocrx_word' id='word_1_688' title='bbox 2875 4443 2931 4488; x_wconf 92' lang='lat' dir='ltr'><strong>et</strong></span> <span class='ocrx_word' id='word_1_689' title='bbox 2960 4434 3155 4487; x_wconf 91' lang='lat' dir='ltr'><strong>intenti</strong></span> <span class='ocrx_word' id='word_1_690' title='bbox 3204 4433 3403 4486; x_wconf 87' lang='lat' dir='ltr'><strong>animis</strong></span> <span class='ocrx_word' id='word_1_691' title='bbox 3443 4430 3556 4502; x_wconf 75' lang='lat'><strong>(23)</strong></span> <span class='ocrx_word' id='word_1_692' title='bbox 3592 4432 3791 4487; x_wconf 81' lang='lat' dir='ltr'><strong>audite.</strong></span> 
     </span>
    </p>
   </div>
   <div class='ocr_carea' id='block_1_92' title="bbox 539 4530 1282 4589">
    <p class='ocr_par' dir='ltr' id='par_1_92' title="bbox 539 4530 1282 4589">
     <span class='ocr_line' id='line_1_92' title="bbox 539 4530 1282 4589; baseline 0.009 -7"><span class='ocrx_word' id='word_1_693' title='bbox 539 4530 662 4583; x_wconf 89' lang='lat' dir='ltr'><strong>cula</strong></span> <span class='ocrx_word' id='word_1_694' title='bbox 701 4534 1047 4587; x_wconf 62' lang='lat' dir='ltr'><strong>saeculorum.</strong></span> <span class='ocrx_word' id='word_1_695' title='bbox 1086 4537 1282 4589; x_wconf 72' lang='lat' dir='ltr'><strong>Amen.</strong></span> 
     </span>
    </p>
   </div>
   <div class='ocr_carea' id='block_1_93' title="bbox 1105 4648 1557 4705">
    <p class='ocr_par' dir='ltr' id='par_1_93' title="bbox 1105 4648 1557 4705">
     <span class='ocr_line' id='line_1_93' title="bbox 1105 4648 1557 4705; baseline 0.004 -2"><span class='ocrx_word' id='word_1_696' title='bbox 1105 4648 1382 4704; x_wconf 72' lang='lat' dir='ltr'><strong>IIOIllILIA</strong></span> <span class='ocrx_word' id='word_1_697' title='bbox 1426 4650 1557 4705; x_wconf 76' lang='lat' dir='ltr'><strong>VIII.</strong></span> 
     </span>
    </p>
   </div>
   <div class='ocr_carea' id='block_1_94' title="bbox 541 4731 2120 4813">
    <p class='ocr_par' dir='ltr' id='par_1_94' title="bbox 541 4731 2120 4813">
     <span class='ocr_line' id='line_1_94' title="bbox 541 4731 2120 4813; baseline 0.004 -23"><span class='ocrx_word' id='word_1_698' title='bbox 541 4731 622 4790; x_wconf 81' lang='lat' dir='ltr'><strong>De</strong></span> <span class='ocrx_word' id='word_1_699' title='bbox 648 4735 713 4790; x_wconf 84' lang='lat' dir='ltr'><strong>iis</strong></span> <span class='ocrx_word' id='word_1_700' title='bbox 734 4753 853 4813; x_wconf 71' lang='lat' dir='ltr'><strong>qua:</strong></span> <span class='ocrx_word' id='word_1_701' title='bbox 893 4737 947 4813; x_wconf 66' lang='lat' dir='ltr'><strong>in</strong></span> <span class='ocrx_word' id='word_1_702' title='bbox 966 4740 1236 4813; x_wconf 65' lang='lat' dir='ltr'><strong>eversione</strong></span> <span class='ocrx_word' id='word_1_703' title='bbox 1287 4736 1402 4809; x_wconf 71' lang='lat' dir='ltr'><strong>Ilay</strong></span> <span class='ocrx_word' id='word_1_704' title='bbox 1439 4751 1583 4808; x_wconf 81' lang='lat' dir='ltr'><strong>gesta</strong></span> <span class='ocrx_word' id='word_1_705' title='bbox 1626 4752 1768 4813; x_wconf 73' lang='lat' dir='ltr'><strong>sunt,</strong></span> <span class='ocrx_word' id='word_1_706' title='bbox 1810 4754 1857 4795; x_wconf 83' lang='lat' dir='ltr'><strong>et</strong></span> <span class='ocrx_word' id='word_1_707' title='bbox 1895 4743 1960 4797; x_wconf 84' lang='lat' dir='ltr'><strong>de</strong></span> <span class='ocrx_word' id='word_1_708' title='bbox 2004 4759 2120 4813; x_wconf 76' lang='lat' dir='ltr'><strong>rege</strong></span> 
     </span>
    </p>
   </div>
   <div class='ocr_carea' id='block_1_95' title="bbox 752 4807 1901 4882">
    <p class='ocr_par' dir='ltr' id='par_1_95' title="bbox 752 4807 1901 4882">
     <span class='ocr_line' id='line_1_95' title="bbox 752 4807 1901 4882; baseline 0.006 -23"><span class='ocrx_word' id='word_1_709' title='bbox 752 4807 865 4875; x_wconf 76' lang='lat' dir='ltr'><strong>ejus</strong></span> <span class='ocrx_word' id='word_1_710' title='bbox 899 4807 1033 4878; x_wconf 70' lang='lat'><strong>(26),</strong></span> <span class='ocrx_word' id='word_1_711' title='bbox 1057 4826 1123 4863; x_wconf 79' lang='lat' dir='ltr'><strong>ex</strong></span> <span class='ocrx_word' id='word_1_712' title='bbox 1144 4820 1315 4878; x_wconf 80' lang='lat' dir='ltr'><strong>parte,</strong></span> <span class='ocrx_word' id='word_1_713' title='bbox 1340 4807 1388 4863; x_wconf 72' lang='lat' dir='ltr'><strong>ei</strong></span> <span class='ocrx_word' id='word_1_714' title='bbox 1416 4807 1477 4863; x_wconf 80' lang='lat' dir='ltr'><strong>de</strong></span> <span class='ocrx_word' id='word_1_715' title='bbox 1500 4812 1703 4879; x_wconf 86' lang='lat' dir='ltr'><strong>gemino</strong></span> <span class='ocrx_word' id='word_1_716' title='bbox 1735 4812 1901 4882; x_wconf 82' lang='lat' dir='ltr'><strong>ligno.</strong></span> 
     </span>
    </p>
   </div>
   <div class='ocr_carea' id='block_1_96' title="bbox 613 4896 2112 4968">
    <p class='ocr_par' dir='ltr' id='par_1_96' title="bbox 613 4896 2112 4968">
     <span class='ocr_line' id='line_1_96' title="bbox 613 4896 2112 4968; baseline 0.003 -17"><span class='ocrx_word' id='word_1_717' title='bbox 613 4896 665 4952; x_wconf 79' lang='grc' dir='ltr'><strong>ί.</strong></span> <span class='ocrx_word' id='word_1_718' title='bbox 710 4897 1078 4968; x_wconf 86' lang='lat' dir='ltr'><strong>Deprecamur</strong></span> <span class='ocrx_word' id='word_1_719' title='bbox 1110 4914 1226 4963; x_wconf 91' lang='lat' dir='ltr'><strong>vos,</strong></span> <span class='ocrx_word' id='word_1_720' title='bbox 1263 4914 1296 4954; x_wconf 89' lang='grc' dir='ltr'>ο</span> <span class='ocrx_word' id='word_1_721' title='bbox 1330 4900 1608 4955; x_wconf 89' lang='lat' dir='ltr'><strong>auditores</strong></span> <span class='ocrx_word' id='word_1_722' title='bbox 1639 4916 1921 4955; x_wconf 89' lang='lat' dir='ltr'><strong>sacrormn</strong></span> <span class='ocrx_word' id='word_1_723' title='bbox 1961 4901 2112 4955; x_wconf 89' lang='lat' dir='ltr'><strong>volu-</strong></span> 
     </span>
    </p>
   </div>
   <div class='ocr_carea' id='block_1_97' title="bbox 540 4988 2117 5065">
    <p class='ocr_par' dir='ltr' id='par_1_97' title="bbox 540 4988 2117 5065">
     <span class='ocr_line' id='line_1_97' title="bbox 540 4988 2117 5065; baseline 0.003 -24"><span class='ocrx_word' id='word_1_724' title='bbox 540 4988 769 5055; x_wconf 90' lang='lat' dir='ltr'><strong>minum,</strong></span> <span class='ocrx_word' id='word_1_725' title='bbox 802 5007 906 5045; x_wconf 90' lang='lat' dir='ltr'><strong>non</strong></span> <span class='ocrx_word' id='word_1_726' title='bbox 950 5008 1073 5047; x_wconf 91' lang='lat' dir='ltr'><strong>cum</strong></span> <span class='ocrx_word' id='word_1_727' title='bbox 1107 4993 1267 5048; x_wconf 65' lang='lat' dir='ltr'><strong>taedio</strong></span> <span class='ocrx_word' id='word_1_728' title='bbox 1305 4991 1391 5045; x_wconf 92' lang='lat' dir='ltr'><strong>vel</strong></span> <span class='ocrx_word' id='word_1_729' title='bbox 1422 4991 1643 5049; x_wconf 87' lang='lat' dir='ltr'><strong>fastidio</strong></span> <span class='ocrx_word' id='word_1_730' title='bbox 1672 5008 1735 5049; x_wconf 89' lang='lat' dir='ltr'><strong>ea</strong></span> <span class='ocrx_word' id='word_1_731' title='bbox 1771 5010 1892 5064; x_wconf 76' lang='lat' dir='ltr'><strong>qua:</strong></span> <span class='ocrx_word' id='word_1_732' title='bbox 1926 4994 2117 5065; x_wconf 83' lang='lat' dir='ltr'><strong>legun-</strong></span> 
     </span>
    </p>
   </div>
   <div class='ocr_carea' id='block_1_98' title="bbox 609 5138 1605 5225">
    <p class='ocr_par' dir='ltr' id='par_1_98' title="bbox 609 5138 1605 5225">
     <span class='ocr_line' id='line_1_98' title="bbox 609 5138 1605 5225; baseline 0.003 -18"><span class='ocrx_word' id='word_1_733' title='bbox 609 5156 655 5187; x_wconf 79' lang='grc' dir='ltr'><strong>⁸ο</strong></span> <span class='ocrx_word' id='word_1_734' title='bbox 678 5154 791 5211; x_wconf 90' lang='lat' dir='ltr'><strong>.Ios.</strong></span> <span class='ocrx_word' id='word_1_735' title='bbox 831 5138 925 5220; x_wconf 79' lang='lat' dir='ltr'><strong>vn,</strong></span> <span class='ocrx_word' id='word_1_736' title='bbox 958 5156 1049 5211; x_wconf 74' lang='lat'><strong>2|.</strong></span> <span class='ocrx_word' id='word_1_737' title='bbox 1127 5157 1221 5211; x_wconf 77' lang='lat'><strong>&quot;1</strong></span> <span class='ocrx_word' id='word_1_738' title='bbox 1256 5158 1385 5213; x_wconf 90' lang='lat' dir='ltr'><strong>Cor.</strong></span> <span class='ocrx_word' id='word_1_739' title='bbox 1420 5173 1514 5225; x_wconf 83' lang='lat' dir='ltr'><strong>xu,</strong></span> <span class='ocrx_word' id='word_1_740' title='bbox 1551 5156 1605 5211; x_wconf 91' lang='lat'><strong>8.</strong></span> 
     </span>
    </p>
   </div>
   <div class='ocr_carea' id='block_1_99' title="bbox 607 5291 2107 5357">
    <p class='ocr_par' dir='ltr' id='par_1_99' title="bbox 607 5291 2107 5357">
     <span class='ocr_line' id='line_1_99' title="bbox 607 5291 2107 5357; baseline 0 -12"><span class='ocrx_word' id='word_1_741' title='bbox 607 5293 720 5357; x_wconf 74' lang='grc'><strong>(25)</strong></span> <span class='ocrx_word' id='word_1_742' title='bbox 763 5293 1111 5348; x_wconf 83' lang='lat' dir='ltr'><strong>Ebroicensis</strong></span> <span class='ocrx_word' id='word_1_743' title='bbox 1140 5310 1277 5346; x_wconf 88' lang='lat' dir='ltr'><strong>unus</strong></span> <span class='ocrx_word' id='word_1_744' title='bbox 1308 5311 1320 5346; x_wconf 92' lang='lat'>:</span> <span class='ocrx_word' id='word_1_745' title='bbox 1352 5311 1368 5343; x_wconf 82' lang='grc' dir='ltr'><strong>ι</strong></span> <span class='ocrx_word' id='word_1_746' title='bbox 1402 5293 1713 5349; x_wconf 69' lang='grc' dir='ltr'><strong>Ιιτηιθιὶοιις.</strong></span> <span class='ocrx_word' id='word_1_747' title='bbox 1746 5310 1763 5342; x_wconf 76' lang='grc' dir='ltr'><strong>ι</strong></span> <span class='ocrx_word' id='word_1_748' title='bbox 1804 5291 1962 5347; x_wconf 84' lang='lat' dir='ltr'><strong>Libb.</strong></span> <span class='ocrx_word' id='word_1_749' title='bbox 1993 5292 2107 5346; x_wconf 86' lang='lat' dir='ltr'><strong>edi-</strong></span> 
     </span>
    </p>
   </div>
   <div class='ocr_carea' id='block_1_100' title="bbox 536 5361 2110 5433">
    <p class='ocr_par' dir='ltr' id='par_1_100' title="bbox 536 5361 2110 5433">
     <span class='ocr_line' id='line_1_100' title="bbox 536 5361 2110 5433; baseline 0.001 -18"><span class='ocrx_word' id='word_1_750' title='bbox 536 5365 573 5415; x_wconf 92' lang='lat' dir='ltr'><strong>ti</strong></span> <span class='ocrx_word' id='word_1_751' title='bbox 603 5381 616 5415; x_wconf 88' lang='lat'><strong>:</strong></span> <span class='ocrx_word' id='word_1_752' title='bbox 658 5381 674 5413; x_wconf 81' lang='grc' dir='ltr'><strong>ι</strong></span> <span class='ocrx_word' id='word_1_753' title='bbox 708 5365 971 5417; x_wconf 65' lang='lat' dir='ltr'><strong>haeretici.</strong></span> <span class='ocrx_word' id='word_1_754' title='bbox 1012 5381 1030 5415; x_wconf 77' lang='grc' dir='ltr'><strong>ι</strong></span> <span class='ocrx_word' id='word_1_755' title='bbox 1068 5361 1370 5431; x_wconf 89' lang='lat' dir='ltr'><strong>Utrumque</strong></span> <span class='ocrx_word' id='word_1_756' title='bbox 1401 5364 1745 5418; x_wconf 89' lang='lat' dir='ltr'><strong>desideratur</strong></span> <span class='ocrx_word' id='word_1_757' title='bbox 1771 5363 1823 5416; x_wconf 88' lang='lat' dir='ltr'><strong>itt</strong></span> <span class='ocrx_word' id='word_1_758' title='bbox 1869 5362 2110 5433; x_wconf 84' lang='lat' dir='ltr'><strong>Sauger—</strong></span> 
     </span>
    </p>
   </div>
   <div class='ocr_carea' id='block_1_101' title="bbox 538 5448 800 5487">
    <p class='ocr_par' dir='ltr' id='par_1_101' title="bbox 538 5448 800 5487">
     <span class='ocr_line' id='line_1_101' title="bbox 538 5448 800 5487; baseline 0.008 -2"><span class='ocrx_word' id='word_1_759' title='bbox 538 5448 800 5487; x_wconf 72' lang='grc' dir='ltr'>ιιιειιιιιηδι.</span> 
     </span>
    </p>
   </div>
   <div class='ocr_carea' id='block_1_102' title="bbox 612 5501 2103 5571">
    <p class='ocr_par' dir='ltr' id='par_1_102' title="bbox 612 5501 2103 5571">
     <span class='ocr_line' id='line_1_102' title="bbox 612 5501 2103 5571; baseline 0.003 -19"><span class='ocrx_word' id='word_1_760' title='bbox 612 5501 722 5569; x_wconf 72' lang='lat'><strong>(9.6)</strong></span> <span class='ocrx_word' id='word_1_761' title='bbox 754 5501 913 5555; x_wconf 81' lang='lat' dir='ltr'><strong>(.‘esta</strong></span> <span class='ocrx_word' id='word_1_762' title='bbox 965 5514 1082 5555; x_wconf 79' lang='lat' dir='ltr'><strong>sunt</strong></span> <span class='ocrx_word' id='word_1_763' title='bbox 1127 5516 1171 5555; x_wconf 82' lang='lat' dir='ltr'><strong>et</strong></span> <span class='ocrx_word' id='word_1_764' title='bbox 1209 5503 1272 5555; x_wconf 79' lang='lat' dir='ltr'><strong>de</strong></span> <span class='ocrx_word' id='word_1_765' title='bbox 1328 5519 1442 5569; x_wconf 81' lang='lat' dir='ltr'><strong>rege</strong></span> <span class='ocrx_word' id='word_1_766' title='bbox 1495 5504 1633 5571; x_wconf 82' lang='lat' dir='ltr'><strong>ejus,</strong></span> <span class='ocrx_word' id='word_1_767' title='bbox 1669 5512 1776 5559; x_wconf 90' lang='lat' dir='ltr'><strong>etc.</strong></span> <span class='ocrx_word' id='word_1_768' title='bbox 1806 5504 1899 5558; x_wconf 88' lang='lat' dir='ltr'><strong>Sic</strong></span> <span class='ocrx_word' id='word_1_769' title='bbox 1929 5503 2103 5558; x_wconf 81' lang='lat' dir='ltr'><strong>codex</strong></span> 
     </span>
    </p>
   </div>
   <div class='ocr_carea' id='block_1_103' title="bbox 535 5569 2103 5643">
    <p class='ocr_par' dir='ltr' id='par_1_103' title="bbox 535 5569 2103 5643">
     <span class='ocr_line' id='line_1_103' title="bbox 535 5569 2103 5643; baseline 0.003 -22"><span class='ocrx_word' id='word_1_770' title='bbox 535 5569 1046 5643; x_wconf 77' lang='lat' dir='ltr'><strong>Saugcrmaucnsis.</strong></span> <span class='ocrx_word' id='word_1_771' title='bbox 1082 5571 1136 5625; x_wconf 93' lang='lat' dir='ltr'><strong>ln</strong></span> <span class='ocrx_word' id='word_1_772' title='bbox 1167 5569 1530 5627; x_wconf 82' lang='lat' dir='ltr'><strong>Gemeticensi</strong></span> <span class='ocrx_word' id='word_1_773' title='bbox 1562 5575 1730 5639; x_wconf 88' lang='lat' dir='ltr'><strong>deest,</strong></span> <span class='ocrx_word' id='word_1_774' title='bbox 1758 5592 1776 5623; x_wconf 80' lang='grc' dir='ltr'><strong>ι</strong></span> <span class='ocrx_word' id='word_1_775' title='bbox 1800 5576 1934 5628; x_wconf 89' lang='lat' dir='ltr'><strong>etde</strong></span> <span class='ocrx_word' id='word_1_776' title='bbox 1958 5575 2103 5643; x_wconf 88' lang='lat' dir='ltr'><strong>ligno</strong></span> 
     </span>
    </p>
   </div>
   <div class='ocr_carea' id='block_1_104' title="bbox 536 5642 2104 5711">
    <p class='ocr_par' dir='ltr' id='par_1_104' title="bbox 536 5642 2104 5711">
     <span class='ocr_line' id='line_1_104' title="bbox 536 5642 2104 5711; baseline 0.003 -21"><span class='ocrx_word' id='word_1_777' title='bbox 536 5644 770 5711; x_wconf 65' lang='lat' dir='ltr'><strong>gemino.</strong></span> <span class='ocrx_word' id='word_1_778' title='bbox 799 5661 817 5691; x_wconf 77' lang='grc' dir='ltr'><strong>ι</strong></span> <span class='ocrx_word' id='word_1_779' title='bbox 857 5642 1011 5697; x_wconf 79' lang='lat' dir='ltr'><strong>Libb.</strong></span> <span class='ocrx_word' id='word_1_780' title='bbox 1066 5658 1094 5694; x_wconf 92' lang='lat' dir='ltr'><strong>e</strong></span> <span class='ocrx_word' id='word_1_781' title='bbox 1121 5645 1195 5695; x_wconf 62' lang='lat' dir='ltr'><strong>fiti</strong></span> <span class='ocrx_word' id='word_1_782' title='bbox 1249 5643 1475 5706; x_wconf 89' lang='lat' dir='ltr'><strong>habent,</strong></span> <span class='ocrx_word' id='word_1_783' title='bbox 1510 5662 1527 5692; x_wconf 76' lang='grc' dir='ltr'><strong>ι</strong></span> <span class='ocrx_word' id='word_1_784' title='bbox 1558 5655 1708 5711; x_wconf 83' lang='lat' dir='ltr'><strong>gesta</strong></span> <span class='ocrx_word' id='word_1_785' title='bbox 1768 5652 1915 5707; x_wconf 88' lang='lat' dir='ltr'><strong>sunt,</strong></span> <span class='ocrx_word' id='word_1_786' title='bbox 1952 5642 2104 5697; x_wconf 76' lang='lat' dir='ltr'><strong>etde</strong></span> 
     </span>
    </p>
   </div>
   <div class='ocr_carea' id='block_1_105' title="bbox 537 5708 2104 5783">
    <p class='ocr_par' dir='ltr' id='par_1_105' title="bbox 537 5708 2104 5783">
     <span class='ocr_line' id='line_1_105' title="bbox 537 5708 2104 5783; baseline 0.001 -18"><span class='ocrx_word' id='word_1_787' title='bbox 537 5708 682 5777; x_wconf 81' lang='lat' dir='ltr'><strong>ligno</strong></span> <span class='ocrx_word' id='word_1_788' title='bbox 709 5712 943 5778; x_wconf 87' lang='lat' dir='ltr'><strong>gemino,</strong></span> <span class='ocrx_word' id='word_1_789' title='bbox 973 5722 1023 5765; x_wconf 77' lang='lat' dir='ltr'><strong>et</strong></span> <span class='ocrx_word' id='word_1_790' title='bbox 1051 5713 1116 5767; x_wconf 89' lang='lat' dir='ltr'><strong>de</strong></span> <span class='ocrx_word' id='word_1_791' title='bbox 1155 5728 1279 5782; x_wconf 80' lang='lat' dir='ltr'><strong>rege</strong></span> <span class='ocrx_word' id='word_1_792' title='bbox 1304 5712 1441 5780; x_wconf 81' lang='lat' dir='ltr'><strong>ejus,</strong></span> <span class='ocrx_word' id='word_1_793' title='bbox 1466 5714 1545 5769; x_wconf 88' lang='lat' dir='ltr'><strong>vel</strong></span> <span class='ocrx_word' id='word_1_794' title='bbox 1564 5708 1847 5783; x_wconf 74' lang='lat' dir='ltr'><strong>quomodo</strong></span> <span class='ocrx_word' id='word_1_795' title='bbox 1876 5731 1996 5769; x_wconf 91' lang='lat' dir='ltr'><strong>cam</strong></span> <span class='ocrx_word' id='word_1_796' title='bbox 2023 5715 2104 5768; x_wconf 75' lang='grc' dir='ltr'>ιιι--</span> 
     </span>
    </p>
   </div>
   <div class='ocr_carea' id='block_1_106' title="bbox 2221 4524 3795 4605">
    <p class='ocr_par' dir='ltr' id='par_1_106' title="bbox 2221 4524 3795 4605">
     <span class='ocr_line' id='line_1_106' title="bbox 2221 4524 3795 4605; baseline -0.004 -22"><span class='ocrx_word' id='word_1_797' title='bbox 2221 4528 2406 4583; x_wconf 89' lang='lat' dir='ltr'><strong>Primo</strong></span> <span class='ocrx_word' id='word_1_798' title='bbox 2434 4537 2654 4605; x_wconf 82' lang='lat' dir='ltr'><strong>propter</strong></span> <span class='ocrx_word' id='word_1_799' title='bbox 2680 4536 2898 4597; x_wconf 90' lang='lat' dir='ltr'><strong>peccata</strong></span> <span class='ocrx_word' id='word_1_800' title='bbox 2940 4527 3068 4580; x_wconf 86' lang='lat' dir='ltr'><strong>victi</strong></span> <span class='ocrx_word' id='word_1_801' title='bbox 3100 4540 3306 4588; x_wconf 88' lang='lat' dir='ltr'><strong>sumus,</strong></span> <span class='ocrx_word' id='word_1_802' title='bbox 3337 4536 3391 4578; x_wconf 84' lang='lat' dir='ltr'><strong>et</strong></span> <span class='ocrx_word' id='word_1_803' title='bbox 3429 4526 3463 4578; x_wconf 93' lang='lat' dir='ltr'><strong>ii</strong></span> <span class='ocrx_word' id='word_1_804' title='bbox 3514 4525 3605 4594; x_wconf 87' lang='lat' dir='ltr'><strong>qui</strong></span> <span class='ocrx_word' id='word_1_805' title='bbox 3642 4524 3795 4577; x_wconf 85' lang='lat' dir='ltr'><strong>habi-</strong></span> 
     </span>
    </p>
   </div>
   <div class='ocr_carea' id='block_1_107' title="bbox 2221 4617 3789 4688">
    <p class='ocr_par' dir='ltr' id='par_1_107' title="bbox 2221 4617 3789 4688">
     <span class='ocr_line' id='line_1_107' title="bbox 2221 4617 3789 4688; baseline -0.001 -15"><span class='ocrx_word' id='word_1_806' title='bbox 2221 4621 2410 4673; x_wconf 89' lang='lat' dir='ltr'><strong>tabant</strong></span> <span class='ocrx_word' id='word_1_807' title='bbox 2454 4619 2567 4688; x_wconf 87' lang='lat' dir='ltr'><strong>Ilay</strong></span> <span class='ocrx_word' id='word_1_808' title='bbox 2616 4618 3048 4687; x_wconf 89' lang='lat' dir='ltr'><strong>quamplurimos</strong></span> <span class='ocrx_word' id='word_1_809' title='bbox 3080 4632 3145 4671; x_wconf 85' lang='lat' dir='ltr'><strong>ex</strong></span> <span class='ocrx_word' id='word_1_810' title='bbox 3188 4617 3344 4671; x_wconf 80' lang='lat' dir='ltr'><strong>nobis</strong></span> <span class='ocrx_word' id='word_1_811' title='bbox 3377 4618 3789 4672; x_wconf 90' lang='lat' dir='ltr'><strong>interfecerunt.</strong></span> 
     </span>
    </p>
   </div>
   <div class='ocr_carea' id='block_1_108' title="bbox 2216 4710 3793 4783">
    <p class='ocr_par' dir='ltr' id='par_1_108' title="bbox 2216 4710 3793 4783">
     <span class='ocr_line' id='line_1_108' title="bbox 2216 4710 3793 4783; baseline -0.002 -17"><span class='ocrx_word' id='word_1_812' title='bbox 2216 4710 2330 4783; x_wconf 91' lang='lat' dir='ltr'><strong>Ilay</strong></span> <span class='ocrx_word' id='word_1_813' title='bbox 2363 4712 2759 4779; x_wconf 88' lang='lat' dir='ltr'><strong>interpretatur</strong></span> <span class='ocrx_word' id='word_1_814' title='bbox 2800 4712 2957 4764; x_wconf 85' lang='lat' dir='ltr'><strong>chaos</strong></span> <span class='ocrx_word' id='word_1_815' title='bbox 2995 4711 3129 4782; x_wconf 62' lang='lat'><strong>(“29).</strong></span> <span class='ocrx_word' id='word_1_816' title='bbox 3167 4712 3345 4766; x_wconf 87' lang='lat' dir='ltr'><strong>Chaos</strong></span> <span class='ocrx_word' id='word_1_817' title='bbox 3398 4719 3577 4765; x_wconf 89' lang='lat' dir='ltr'><strong>autem</strong></span> <span class='ocrx_word' id='word_1_818' title='bbox 3617 4712 3793 4765; x_wconf 92' lang='lat' dir='ltr'><strong>locum</strong></span> 
     </span>
    </p>
   </div>
   <div class='ocr_carea' id='block_1_109' title="bbox 2217 4799 3797 4857">
    <p class='ocr_par' dir='ltr' id='par_1_109' title="bbox 2217 4799 3797 4857">
     <span class='ocr_line' id='line_1_109' title="bbox 2217 4799 3797 4857; baseline -0.002 -2"><span class='ocrx_word' id='word_1_819' title='bbox 2217 4804 2300 4857; x_wconf 92' lang='lat' dir='ltr'><strong>vel</strong></span> <span class='ocrx_word' id='word_1_820' title='bbox 2330 4804 2701 4857; x_wconf 88' lang='lat' dir='ltr'><strong>habitaculum</strong></span> <span class='ocrx_word' id='word_1_821' title='bbox 2743 4817 2866 4857; x_wconf 90' lang='lat' dir='ltr'><strong>esse</strong></span> <span class='ocrx_word' id='word_1_822' title='bbox 2908 4801 3157 4854; x_wconf 85' lang='lat' dir='ltr'><strong>novimus</strong></span> <span class='ocrx_word' id='word_1_823' title='bbox 3186 4799 3589 4853; x_wconf 89' lang='lat' dir='ltr'><strong>contrariarum</strong></span> <span class='ocrx_word' id='word_1_824' title='bbox 3622 4799 3797 4852; x_wconf 78' lang='lat' dir='ltr'><strong>virtu-</strong></span> 
     </span>
    </p>
   </div>
   <div class='ocr_carea' id='block_1_110' title="bbox 2216 4888 3790 4964">
    <p class='ocr_par' dir='ltr' id='par_1_110' title="bbox 2216 4888 3790 4964">
     <span class='ocr_line' id='line_1_110' title="bbox 2216 4888 3790 4964; baseline -0.004 -16"><span class='ocrx_word' id='word_1_825' title='bbox 2216 4903 2352 4958; x_wconf 90' lang='lat' dir='ltr'><strong>tum,</strong></span> <span class='ocrx_word' id='word_1_826' title='bbox 2383 4910 2615 4964; x_wconf 90' lang='lat' dir='ltr'><strong>quarunt</strong></span> <span class='ocrx_word' id='word_1_827' title='bbox 2651 4909 2745 4947; x_wconf 85' lang='lat' dir='ltr'><strong>rex</strong></span> <span class='ocrx_word' id='word_1_828' title='bbox 2785 4904 2841 4948; x_wconf 90' lang='lat' dir='ltr'><strong>et</strong></span> <span class='ocrx_word' id='word_1_829' title='bbox 2891 4892 3143 4962; x_wconf 83' lang='lat' dir='ltr'><strong>princeps</strong></span> <span class='ocrx_word' id='word_1_830' title='bbox 3171 4888 3420 4943; x_wconf 91' lang='lat' dir='ltr'><strong>diabolus</strong></span> <span class='ocrx_word' id='word_1_831' title='bbox 3446 4900 3547 4941; x_wconf 90' lang='lat' dir='ltr'><strong>est.</strong></span> <span class='ocrx_word' id='word_1_832' title='bbox 3579 4888 3790 4941; x_wconf 82' lang='lat' dir='ltr'><strong>Adver-</strong></span> 
     </span>
    </p>
   </div>
   <div class='ocr_carea' id='block_1_111' title="bbox 2215 4980 3795 5051">
    <p class='ocr_par' dir='ltr' id='par_1_111' title="bbox 2215 4980 3795 5051">
     <span class='ocr_line' id='line_1_111' title="bbox 2215 4980 3795 5051; baseline -0.006 -7"><span class='ocrx_word' id='word_1_833' title='bbox 2215 5004 2310 5045; x_wconf 91' lang='lat' dir='ltr'><strong>sus</strong></span> <span class='ocrx_word' id='word_1_834' title='bbox 2357 4989 2502 5043; x_wconf 90' lang='lat' dir='ltr'><strong>hunc</strong></span> <span class='ocrx_word' id='word_1_835' title='bbox 2531 4986 2754 5042; x_wconf 90' lang='lat' dir='ltr'><strong>veniens</strong></span> <span class='ocrx_word' id='word_1_836' title='bbox 2791 4985 2972 5051; x_wconf 74' lang='lat' dir='ltr'><strong>Iesus,</strong></span> <span class='ocrx_word' id='word_1_837' title='bbox 3010 4986 3065 5039; x_wconf 89' lang='lat' dir='ltr'><strong>in</strong></span> <span class='ocrx_word' id='word_1_838' title='bbox 3093 4985 3227 5040; x_wconf 87' lang='lat' dir='ltr'><strong>duas</strong></span> <span class='ocrx_word' id='word_1_839' title='bbox 3251 4991 3436 5051; x_wconf 88' lang='lat' dir='ltr'><strong>partes</strong></span> <span class='ocrx_word' id='word_1_840' title='bbox 3463 4980 3653 5035; x_wconf 83' lang='lat' dir='ltr'><strong>dividit</strong></span> <span class='ocrx_word' id='word_1_841' title='bbox 3702 4996 3795 5049; x_wconf 84' lang='lat' dir='ltr'><strong>po-</strong></span> 
     </span>
    </p>
   </div>
   <div class='ocr_carea' id='block_1_112' title="bbox 2215 5284 3784 5352">
    <p class='ocr_par' dir='ltr' id='par_1_112' title="bbox 2215 5284 3784 5352">
     <span class='ocr_line' id='line_1_112' title="bbox 2215 5284 3784 5352; baseline -0.006 -6"><span class='ocrx_word' id='word_1_842' title='bbox 2215 5291 2412 5346; x_wconf 89' lang='lat' dir='ltr'><strong>ceudio</strong></span> <span class='ocrx_word' id='word_1_843' title='bbox 2444 5290 2653 5344; x_wconf 85' lang='lat' dir='ltr'><strong>dederit</strong></span> <span class='ocrx_word' id='word_1_844' title='bbox 2676 5287 2857 5352; x_wconf 78' lang='lat' dir='ltr'><strong>Jesus,</strong></span> <span class='ocrx_word' id='word_1_845' title='bbox 2882 5298 3061 5342; x_wconf 90' lang='lat' dir='ltr'><strong>utnon</strong></span> <span class='ocrx_word' id='word_1_846' title='bbox 3094 5287 3369 5341; x_wconf 84' lang='lat' dir='ltr'><strong>habitetur</strong></span> <span class='ocrx_word' id='word_1_847' title='bbox 3396 5284 3449 5339; x_wconf 93' lang='lat' dir='ltr'><strong>in</strong></span> <span class='ocrx_word' id='word_1_848' title='bbox 3468 5293 3784 5339; x_wconf 55' lang='lat' dir='ltr'><strong>mternum.’</strong></span> 
     </span>
    </p>
   </div>
   <div class='ocr_carea' id='block_1_113' title="bbox 2264 5354 3788 5443">
    <p class='ocr_par' dir='ltr' id='par_1_113' title="bbox 2264 5354 3788 5443">
     <span class='ocr_line' id='line_1_113' title="bbox 2264 5354 3788 5443; baseline -0.005 -30"><span class='ocrx_word' id='word_1_849' title='bbox 2264 5361 2616 5443; x_wconf 39' lang='lat' dir='ltr'><strong>&#39;(27).C_odex</strong></span> <span class='ocrx_word' id='word_1_850' title='bbox 2659 5360 2970 5429; x_wconf 84' lang='lat' dir='ltr'><strong>Sangcrm.,</strong></span> <span class='ocrx_word' id='word_1_851' title='bbox 3020 5379 3037 5411; x_wconf 87' lang='grc' dir='ltr'><strong>ι</strong></span> <span class='ocrx_word' id='word_1_852' title='bbox 3065 5360 3349 5427; x_wconf 82' lang='lat' dir='ltr'><strong>scriptum.</strong></span> <span class='ocrx_word' id='word_1_853' title='bbox 3377 5374 3396 5409; x_wconf 74' lang='grc' dir='ltr'><strong>ι</strong></span> <span class='ocrx_word' id='word_1_854' title='bbox 3437 5354 3596 5410; x_wconf 85' lang='lat' dir='ltr'><strong>Libb.</strong></span> <span class='ocrx_word' id='word_1_855' title='bbox 3637 5354 3788 5419; x_wconf 91' lang='lat' dir='ltr'><strong>editi,</strong></span> 
     </span>
    </p>
   </div>
   <div class='ocr_carea' id='block_1_114' title="bbox 2225 5441 3789 5582">
    <p class='ocr_par' dir='ltr' id='par_1_114' title="bbox 2225 5441 3789 5582">
     <span class='ocr_line' id='line_1_114' title="bbox 2225 5441 2651 5498; baseline -0.002 -15"><span class='ocrx_word' id='word_1_856' title='bbox 2225 5450 2242 5483; x_wconf 86' lang='lat' dir='ltr'><strong>t</strong></span> <span class='ocrx_word' id='word_1_857' title='bbox 2266 5441 2398 5484; x_wconf 84' lang='lat' dir='ltr'><strong>IDSCI</strong></span> <span class='ocrx_word' id='word_1_858' title='bbox 2416 5441 2607 5498; x_wconf 88' lang='lat' dir='ltr'><strong>tptutu.</strong></span> <span class='ocrx_word' id='word_1_859' title='bbox 2633 5450 2651 5482; x_wconf 76' lang='grc' dir='ltr'><strong>ι</strong></span> 
     </span>
     <span class='ocr_line' id='line_1_115' title="bbox 2242 5494 3789 5582; baseline -0.005 -28"><span class='ocrx_word' id='word_1_860' title='bbox 2242 5571 2251 5581; x_wconf 38' lang='grc'><strong><em>⁸</em></strong></span> <span class='ocrx_word' id='word_1_861' title='bbox 2290 5501 2401 5581; x_wconf 68' lang='lat'><strong>(28)</strong></span> <span class='ocrx_word' id='word_1_862' title='bbox 2438 5501 2606 5582; x_wconf 79' lang='lat' dir='ltr'><strong>Idem,</strong></span> <span class='ocrx_word' id='word_1_863' title='bbox 2651 5520 2668 5553; x_wconf 81' lang='grc' dir='ltr'><strong>ι</strong></span> <span class='ocrx_word' id='word_1_864' title='bbox 2696 5500 2885 5555; x_wconf 90' lang='lat' dir='ltr'><strong>intenti</strong></span> <span class='ocrx_word' id='word_1_865' title='bbox 2919 5499 3137 5554; x_wconf 90' lang='lat' dir='ltr'><strong>animis.</strong></span> <span class='ocrx_word' id='word_1_866' title='bbox 3164 5518 3181 5553; x_wconf 81' lang='grc' dir='ltr'><strong>ι</strong></span> <span class='ocrx_word' id='word_1_867' title='bbox 3209 5496 3367 5554; x_wconf 89' lang='lat' dir='ltr'><strong>Libb.</strong></span> <span class='ocrx_word' id='word_1_868' title='bbox 3397 5495 3550 5559; x_wconf 89' lang='lat' dir='ltr'><strong>editi,</strong></span> <span class='ocrx_word' id='word_1_869' title='bbox 3572 5513 3590 5546; x_wconf 88' lang='lat' dir='ltr'><strong>t</strong></span> <span class='ocrx_word' id='word_1_870' title='bbox 3612 5494 3789 5549; x_wconf 86' lang='lat' dir='ltr'><strong>inten-</strong></span> 
     </span>
    </p>
   </div>
   <div class='ocr_carea' id='block_1_115' title="bbox 2218 5582 3783 5713">
    <p class='ocr_par' dir='ltr' id='par_1_115' title="bbox 2218 5582 3783 5713">
     <span class='ocr_line' id='line_1_116' title="bbox 2218 5582 3783 5713; baseline -0.003 -18"><span class='ocrx_word' id='word_1_871' title='bbox 2218 5582 2569 5713; x_wconf 51' lang='grc' dir='ltr'><strong>ι’δᾶδίηὶὶῗιί</strong></span> <span class='ocrx_word' id='word_1_872' title='bbox 2607 5644 2985 5712; x_wconf 80' lang='lat' dir='ltr'><strong>interpretatur</strong></span> <span class='ocrx_word' id='word_1_873' title='bbox 3048 5639 3223 5696; x_wconf 81' lang='lat' dir='ltr'><strong>chaos.</strong></span> <span class='ocrx_word' id='word_1_874' title='bbox 3256 5639 3339 5695; x_wconf 83' lang='lat' dir='ltr'><strong>Ab</strong></span> <span class='ocrx_word' id='word_1_875' title='bbox 3374 5647 3436 5705; x_wconf 69' lang='lat' dir='ltr'><strong>ty</strong></span> <span class='ocrx_word' id='word_1_876' title='bbox 3484 5632 3783 5693; x_wconf 67' lang='lat' dir='ltr'><strong>«cumulus.</strong></span> 
     </span>
    </p>
   </div>
   <div class='ocr_carea' id='block_1_116' title="bbox 2214 5728 2512 5767">
    <p class='ocr_par' dir='ltr' id='par_1_116' title="bbox 2214 5728 2512 5767">
     <span class='ocr_line' id='line_1_117' title="bbox 2214 5728 2512 5767; baseline -0.003 -1"><span class='ocrx_word' id='word_1_877' title='bbox 2214 5728 2464 5767; x_wconf 59' lang='grc' dir='ltr'><strong>θερινυε.</strong></span> <span class='ocrx_word' id='word_1_878' title='bbox 2494 5730 2512 5765; x_wconf 74' lang='grc' dir='ltr'><strong>ι</strong></span> 
     </span>
    </p>
   </div>
  </div>
