4104 6226
348 364 451 418 865

1355 349 1421 404 ΙΝ
1463 346 1721 403 LIBRUM
1745 346 1910 403 JESU
1941 345 2127 402 NAVE
2159 345 2440 401 IIOMILIA
2470 344 2610 401 Vill.

3504 347 3611 402 866

347 477 553 544 pulum,
585 483 640 528 ct
673 473 813 528 alios
862 468 1084 541 quidem
1131 470 1186 521 in
1242 466 1431 537 primis
1461 466 1675 527 statuit,
1702 465 1839 517 alios
1872 466 1924 517 in
1957 468 2002 524 A
2033 464 2161 533 quia
2188 473 2242 519 ct
2273 464 2359 518 hic
2388 462 2681 531 Apostolus
2709 463 2822 533 (54)
2848 461 3118 531 duplicem
3161 462 3338 517 crucis
3369 463 3607 531 prodidit

274 549 278 551 Α
346 567 767 635 posterioribus,
797 564 891 632 qui
944 576 1008 616 ex
1046 561 1321 629 insperato
1355 568 1477 625 post
1522 566 1676 625 terga
1715 556 1937 609 veniant

348 661 715 714 inimicorum.
749 656 815 710 Et
846 655 971 709 vide
1013 653 1057 707 si
1107 666 1213 705 non
1266 651 1440 720 prima
1472 664 1601 717 pars
1629 657 1712 702 est
1750 648 1933 716 populi

347 758 438 812 illa
481 756 547 809 de
579 769 682 823 qua
714 752 843 805 dicit
870 750 913 781 ⁶²
943 766 955 802 :
987 766 1004 799 «
1032 745 1149 800 Non
1188 744 1310 798 veni
1360 744 1459 797 nisi
1489 744 1555 795 ad
1593 758 1723 796 oves
1758 741 1937 811 perdi—

350 854 435 895 tas
468 842 662 894 donms
708 835 910 899 Israel;
955 853 973 887 ο
1012 843 1063 887 et
1090 833 1156 885 de
1197 846 1302 900 qua
1343 830 1478 886 dicit
1510 829 1931 899 Paulus“(30):

356 929 591 984 «Gratia
653 938 830 981 autem
879 935 935 978 et
995 938 1096 993 pax
1127 921 1278 976 omni
1320 920 1525 975 homini
1553 920 1801 989 operanti
1836 920 1934 973 bo-

353 1037 479 1075 num
520 1018 748 1073 :Judteo
796 1018 1052 1086 priumm,
1089 1024 1215 1068 tunc
1270 1013 1437 1067 etiam
1491 1024 1546 1067 et
1593 1012 1806 1076 Graeco,
1832 1033 1850 1065 ι
1880 1012 1935 1067 id

348 1123 431 1169 est
472 1114 661 1184 gentili
707 1108 1024 1180 posteriori.
1056 1107 1166 1162 Iste
1195 1121 1325 1176 ergo
1362 1104 1595 1176 populus
1637 1112 1723 1159 est
1751 1104 1843 1173 qui
1880 1106 1931 1158 in

344 1207 541 1275 primis
571 1204 849 1267 statuitur,
888 1209 941 1255 et
967 1199 1121 1269 quasi
1165 1198 1381 1268 fugiens
1413 1211 1536 1250 cum
1566 1193 1719 1249 Jesu.
1748 1194 1937 1250 Poste-

349 1295 462 1348 rior
488 1310 617 1349 vero
649 1293 876 1364 populus
893 1298 1000 1359 est,
1030 1292 1120 1359 qui
1151 1305 1219 1343 ex
1249 1286 1505 1357 gentibus
1537 1296 1929 1357 congregatur;

349 1390 552 1458 quique
571 1403 637 1442 ex
687 1388 965 1454 insperato
1016 1383 1301 1437 venientes
1325 1380 1473 1450 (quis
1507 1380 1651 1433 enim
1684 1388 1935 1448 Speraret

347 1489 534 1551 gentes
565 1479 788 1550 salvari)
817 1477 1002 1534 acrius
1038 1487 1160 1546 post
1188 1486 1399 1544 tergum
1443 1474 1789 1527 adversarios
1825 1487 1931 1526 cte-

347 1573 510 1636 dunt;
537 1579 591 1623 et
630 1569 711 1623 sic
743 1578 972 1637 uterque
1019 1564 1253 1634 populus
1306 1562 1540 1615 mediam
1576 1571 1806 1614 turmam
1834 1561 1935 1615 dte-

349 1675 571 1715 monum
619 1658 936 1713 conclusam
987 1655 1183 1709 sternit
1215 1660 1270 1707 et
1311 1653 1498 1706 vincit.
1542 1651 1649 1706 Sed
1700 1652 1934 1708 fortasse

346 1751 498 1806 dicas
546 1750 703 1813 mihi,
728 1747 1009 1816 Quomodo
1061 1760 1192 1814 ergo
1244 1744 1402 1813 quasi
1454 1742 1668 1812 fugiens
1708 1744 1932 1813 ponitur

2039 552 2328 605 rationem.
2370 550 2486 605 Duo
2536 550 2680 605 enim
2718 551 2820 605 sibi
2865 550 3137 604 contraria
3165 552 3299 604 dixit
3330 568 3450 607 esse
3482 570 3601 608 cru-

2038 641 2220 705 cifixa,
2251 657 2310 697 se
2341 651 2591 696 sanctum
2645 650 2701 694 ct
2758 650 3096 709 peccatorem
3140 641 3419 706 nmndum,
3451 644 3516 698 ad
3548 646 3610 700 il-

2038 731 2140 785 lam
2198 731 2427 786 formam
2480 732 2598 786 sine
2653 732 2814 786 dubio
2866 747 3028 801 quam
3092 733 3343 803 superius
3374 735 3608 793 diximus

2035 824 2234 879 Christi
2265 835 2321 880 et
2367 824 2590 879 «liaboli.
2636 825 2744 878 Nos
2772 828 2916 880 enim
2968 828 3170 882 mundo
3212 828 3610 897 crncifigimur,‘

2037 925 2161 970 tunc
2216 932 2338 970 cum
2372 918 2595 973 veniens
2640 918 2898 986 princeps
2948 920 3109 987 hujus
3140 919 3323 973 mundi
3363 920 3414 973 in
3454 922 3611 976 nobis

2034 1020 2138 1060 non
2186 1006 2393 1061 invenit
2433 1007 2752 1077 quidquam.
2789 1008 2854 1062 Et
2892 1008 3046 1062 nobis
3071 1008 3305 1064 mundus
3331 1009 3609 1078 cruciﬁgi-

2036 1104 2144 1159 tur,
2203 1109 2326 1148 cum
2390 1099 2602 1166 peccati
2660 1098 3156 1167 concupiscentiam
3232 1114 3337 1152 non
3402 1102 3610 1171 recepi-

2033 1203 2153 1241 mus
2176 1186 2305 1257 (55).

2102 1277 2156 1332 4.
2200 1275 2305 1331 Sed
2341 1276 2385 1330 si
2425 1278 2547 1347 quis
2577 1278 2715 1333 forte
2740 1289 2826 1333 est
2864 1280 3122 1334 attentior
3155 1281 3485 1344 auditorum,
3516 1297 3611 1351 po-

2034 1377 2135 1423 test
2167 1369 2347 1422 dicere
2376 1384 2389 1419 :
2418 1368 2613 1422 Forma
2638 1370 2853 1437 quidem
2893 1383 3070 1423 rerum
3098 1381 3369 1440 gestarum
3401 1371 3613 1425 videtur

2031 1474 2154 1514 esse
2202 1460 2554 1525 conveniens,
2581 1460 2675 1515 sed
2706 1462 2885 1515 adhuc
2912 1460 3043 1515 illud
3097 1478 3181 1516 me
3231 1474 3432 1527 movet,
3463 1463 3609 1532 quod

2032 1550 2279 1605 diabolus
2311 1562 2367 1605 et
2405 1553 2683 1606 exercitus
2735 1567 2891 1617 suus,
2937 1562 3197 1620 quantum
3251 1555 3318 1607 ad
3366 1556 3612 1609 historian

2032 1641 2257 1711 figuram
2309 1643 2638 1707 ostenditur,
2698 1644 3059 1714 interemptus
3092 1656 3175 1699 est
3209 1663 3222 1697 :
3252 1654 3306 1700 et
3338 1648 3611 1713 quomodo

2030 1733 2276 1787 videmus
2324 1733 2498 1785 adhuc
2530 1743 2585 1786 et
2614 1734 2909 1799 diabolum,
2943 1746 2998 1789 et
3039 1738 3345 1790 contrarias
3374 1748 3612 1806 potesta-

349 1840 580 1909 populus
611 1839 803 1909 prior?
835 1837 1005 1892 Valde
1029 1847 1451 1907 consequenter.
1483 1834 1696 1904 Fugere
1723 1837 1925 1890 etenim

2035 1834 2114 1878 les
2140 1824 2412 1878 intantum
2442 1824 2626 1878 valere
2663 1826 2950 1880 adversum
2983 1842 3174 1883 servos
3202 1830 3315 1892 Dei,
3349 1841 3403 1884 ut
3438 1832 3606 1885 etiam

350 1933 449 1987 visi
482 1941 608 1986 sunt
636 1932 727 2000 qui
767 1930 1296 2002 sequunturJesum,
1330 1947 1359 1984 a
1386 1929 1650 1999 legalibus
1672 1929 1928 1986 oneribus

348 2033 402 2075 et
445 2020 753 2091 praeceptis,
782 2022 851 2075 ab
892 2021 1274 2075 observatione
1322 2018 1569 2083 Sabbati,
1618 2034 1648 2071 a
1682 2019 1927 2074 circum—

349 2113 558 2166 cisione
613 2112 819 2176 carnis,
851 2110 1249 2179 ajngulatione
1298 2111 1622 2166 hostiarum.
1661 2110 1768 2166 Sed
1823 2111 1924 2168 ite-

350 2219 466 2256 rum
498 2216 603 2256 non
642 2203 778 2273 fugit
808 2204 898 2272 qui
928 2215 1148 2258 secutus
1187 2212 1270 2258 est
1296 2203 1595 2269 Christum,
1639 2203 1930 2273 perfectio-

349 2307 470 2346 nem
499 2302 554 2345 et
582 2291 972 2361 plenitudinem
1004 2292 1160 2361 legis.

413 2382 466 2437 5.
503 2381 631 2437 Post
675 2381 857 2436 omnia
903 2382 1299 2447 autem,etiam
1356 2396 1452 2437 rex
1508 2383 1626 2456 Hay
1663 2385 1718 2439 in
1779 2385 1930 2456 ligno

356 2472 573 2538 gemino
604 2473 808 2527 «ficitur
842 2488 965 2528 esse
1001 2489 1322 2544 suspensus.
1358 2473 1473 2530 lloc
1504 2476 1556 2530 in
1583 2476 1700 2532 loco
1727 2489 1931 2550 myste-

346 2561 486 2613 rium
522 2560 724 2630 tegitur
757 2560 873 2631 (5f)
911 2563 1348 2633 quamplurimos
1394 2563 1569 2621 latens
1597 2585 1608 2620 :
1635 2568 1731 2622 sed
1764 2584 1931 2623 oran-

346 2651 492 2707 tibus
522 2651 677 2706 vobis
709 2651 1040 2707 tentabimus
1086 2654 1221 2720 hazc,
1265 2670 1371 2708 non
1422 2658 1624 2712 nostris
1652 2659 1927 2726 opinioni-

348 2744 469 2808 bus,
518 2743 610 2797 sed
661 2744 859 2799 divinae
891 2742 1194 2813 Scriptura:
1250 2747 1578 2801 testimoniis
1612 2750 1841 2817 aperire.
1871 2748 1929 2805 In

345 2835 720 2904 superioribus
743 2837 981 2893 diximus
1011 2852 1194 2906 regem
1226 2838 1341 2910 llay
1368 2839 1584 2895 diabolo
1618 2856 1779 2912 posse
1801 2857 1932 2897 con-

347 2923 509 2978 ferri:
538 2926 626 2981 hic
663 2928 938 2997 quomodo
971 2929 1023 2984 in
1072 2929 1226 3002 ligno
1248 2933 1465 3001 gemino
1490 2950 1783 3004 suspensus
1815 2934 1928 3008 (52)

348 3015 440 3079 sit,
472 3030 652 3087 opera:
680 3021 915 3088 pretium
954 3032 1037 3078 est
1074 3039 1329 3079 noscere.
1370 3024 1515 3078 Crux
1566 3026 1781 3081 Domini
1828 3042 1930 3082 no-

346 3108 445 3161 atri
481 3106 609 3163 Jesu
637 3109 803 3182 416
821 3113 1024 3168 Christi
1069 3116 1283 3185 gemina
1330 3114 1450 3169 fuit.
1481 3115 1649 3171 Mirus
1686 3118 1780 3173 tibi
1812 3134 1929 3173 ser-

348 3215 439 3253 mo
466 3200 693 3254 fortasse
725 3213 779 3256 et
810 3219 981 3259 novus
1012 3206 1247 3271 videtur,
1267 3207 1411 3274 quod
1442 3207 1565 3260 dico
1592 3223 1727 3262 crux
1761 3210 1931 3277 gemi-

347 3310 418 3346 na
452 3294 552 3347 fuit
582 3310 596 3347 :
625 3295 725 3349 hoc
749 3304 857 3361 est,
883 3298 1098 3367 gemina
1126 3301 1333 3355 ratione
1360 3309 1577 3356 constat
1605 3312 1659 3357 et
1686 3304 1886 3373 duplici
1914 3322 1927 3359 :

345 3382 478 3450 quia
528 3384 818 3439 visibiliter
848 3388 1067 3455 quidem
1115 3390 1286 3446 Filius
1323 3391 1418 3447 Dei
1453 3393 1507 3447 in
1542 3410 1711 3450 carne
1750 3398 1929 3452 cruei-

351 3473 497 3526 fixus
530 3476 1030 3532 est:iuvisibiliter
1085 3495 1213 3536 vero
1252 3482 1304 3536 in
1358 3498 1421 3538 ea
1475 3500 1641 3540 cruce
1684 3486 1931 3543 diabolus

346 3570 474 3609 cum
528 3560 928 3630 principatibus
971 3566 1086 3620 suis
1120 3576 1175 3621 et
1203 3572 1567 3638 potestatibus
1615 3574 1806 3630 alIixus
1848 3585 1931 3632 est

347 3643 522 3697 cruci.
565 3644 682 3701 Non
725 3648 818 3702 tibi
844 3650 945 3705 hoc
971 3652 1245 3708 videbitur
1286 3671 1497 3723 verum,
1533 3662 1580 3714 si
1607 3662 1703 3717 tibi
1735 3665 1929 3719 horum

348 3738 548 3786 testem
581 3735 891 3802 produxero
940 3740 1243 3808 apostolum
1296 3743 1563 3800 Paulum?
1610 3749 1749 3803 Audi
1804 3766 1932 3821 ergo

344 3822 418 3876 de
445 3823 509 3877 iis
540 3827 672 3894 quid
719 3828 833 3898 ipse
870 3831 1187 3899 pronuntiat
1216 3850 1229 3886 :
1262 3851 1280 3885 «
1306 3834 1457 3901 Quod
1503 3848 1644 3904 erat,
1669 3839 1843 3910 inquit
1866 3841 1929 3907 “,

344 3918 687 3972 contrarium
719 3920 899 3985 nobis,
923 3922 1048 3976 tulit
1076 3923 1205 3977 illud
1225 3925 1291 3980 de
1320 3927 1518 3993 medio,
1539 3929 1761 4001 afIigens
1783 3934 1933 3989 cruci

349 4020 486 4071 suae,
518 4023 726 4065 exuens
774 4012 1111 4083 priuetpatus
1139 4025 1193 4071 et
1234 4028 1534 4087 potestates
1579 4024 1835 4090 traduxit,
1871 4026 1934 4080 li-

347 4100 479 4152 bere
509 4100 850 4171 triumphans
893 4121 989 4160 eas
1024 4107 1076 4161 in
1110 4108 1255 4179 ligno
1278 4113 1491 4179 crucis;
1519 4133 1538 4166 ο
1572 4114 1698 4170 licet
1732 4118 1783 4171 in
1812 4118 1932 4174 aliis

345 4190 752 4260 exemplaribus
808 4196 1075 4253 habeatur
1134 4217 1147 4252 :
1211 4204 1599 4273 «triumphans
1645 4207 1697 4261 in
1733 4219 1932 4263 semet-

351 4281 495 4351 ipso,
521 4304 543 4337 ι
583 4288 677 4341 sed
719 4290 860 4357 apud
892 4289 1112 4347 Graecos
1141 4294 1390 4361 habetur,
1432 4316 1452 4349 «
1483 4299 1533 4353 in
1582 4300 1747 4371 ligno.
1772 4321 1790 4353 ι
1832 4302 1933 4357 Er-

346 4387 421 4442 go
469 4375 667 4443 duplex
727 4379 868 4432 ratio
918 4380 1211 4439 Dominica:
1266 4386 1485 4441 crucis:
1518 4404 1622 4442 una
1674 4390 1765 4444 illa
1826 4407 1930 4462 qua

2033 1914 2311 1983 apostolus
2342 1915 2537 1969 Petrus
2571 1931 2695 1970 cum
2748 1917 2951 1987 ingenti
3005 1920 3216 1973 cautela
3252 1934 3609 1989 prmmoueat,

2031 2018 2085 2061 ct
2135 2008 2278 2061 dicat
2332 2007 2737 2061 observandum
2794 2010 2997 2074 esse",
3047 2011 3171 2079 quia
3212 2030 3229 2061 «
3261 2014 3610 2068 adversarius

2034 2109 2222 2151 noster
2268 2097 2543 2160 diabolus,
2568 2099 2707 2151 sicut
2741 2098 2825 2153 leo
2875 2101 3093 2170 rugiens
3121 2102 3336 2167 circuit,
3362 2119 3610 2172 quaerens

2032 2206 2192 2259 quem
2236 2198 2567 2245 transvoret.
2595 2209 2614 2241 ι
2643 2189 2935 2244 Videamus
2964 2207 3093 2261 ergo
3128 2193 3171 2245 si
3198 2202 3252 2246 et
3297 2194 3348 2246 in
3397 2196 3497 2247 hoc
3527 2195 3611 2248 di-

2032 2298 2194 2352 gnum
2232 2282 2437 2351 aliquid
2474 2281 2651 2335 sancti
2707 2279 2944 2350 Spiritus
2967 2282 3196 2351 eloquiis
3228 2284 3499 2351 possimus
3529 2286 3612 2338 in-

2032 2372 2242 2427 venire.
2274 2372 2556 2425 Adventus
2590 2370 2793 2425 Christi
2858 2388 2997 2426 unus
3037 2374 3253 2441 quidem
3294 2375 3345 2427 in
3387 2376 3610 2431 humili-

2035 2475 2143 2518 tate
2188 2463 2493 2529 completus
2536 2470 2640 2527 est,
2668 2462 2807 2515 alius
2852 2478 2981 2518 vero
3017 2475 3273 2534 speratur
3299 2468 3352 2520 in
3378 2468 3547 2537 gloria
3586 2486 3598 2521 :

2033 2565 2087 2611 et
2133 2556 2219 2609 hic
2254 2556 2466 2625 primus
2518 2554 2782 2608 adventus
2819 2556 2869 2608 in
2901 2570 3064 2611 carne
3102 2558 3332 2627 mystico
3370 2560 3611 2628 quodam

2032 2662 2281 2703 sermone
2312 2647 2364 2700 in
2401 2645 2707 2716 Scripturis
2732 2650 2941 2702 sanctis
2973 2650 3161 2701 umbra
3209 2649 3324 2716 ejus
3370 2652 3613 2720 appella-

2036 2751 2140 2805 tur,
2174 2742 2313 2796 sicut
2340 2752 2393 2796 et
2418 2740 2683 2796 Jeremias
2708 2741 2975 2811 prOpheta
3005 2741 3311 2808 denuntiat,
3339 2744 3607 2799 dicens":

2039 2851 2058 2884 «
2086 2833 2327 2903 Spiritus
2357 2833 2537 2887 vultus
2569 2835 2739 2887 nostri
2774 2832 3027 2888 Christus
3083 2834 3367 2900 Dominus,
3396 2837 3478 2889 cui
3516 2852 3614 2891 nos

2035 2926 2272 2980 diximus
2303 2944 2315 2979 :
2345 2925 2398 2979 In
2426 2925 2614 2979 mubra
2652 2926 2770 2995 ejus
2799 2927 3034 2980 vivimus
3070 2925 3121 2979 in
3153 2927 3426 2997 gentibus.
3453 2947 3470 2979 ι
3505 2928 3613 2983 Sed

2033 3026 2087 3069 et
2116 3016 2336 3071 Gabriel
2369 3034 2488 3071 cum
2524 3018 2928 3088 evangelizaret
2982 3016 3163 3070 Marite
3192 3017 3330 3089 (56),
3370 3019 3436 3072 de
3467 3021 3613 3071 nati-

2035 3110 2204 3163 vitate
2234 3108 2351 3176 ejus
2383 3109 2511 3163 dicit
2537 3109 2580 3141 ⁶⁹
2611 3126 2626 3164 :
2664 3128 2681 3159 «
2722 3109 2911 3162 Virtus
2943 3107 3207 3161 Altissinti
3263 3110 3615 3165 obutnbt'ahit

2039 3199 2156 3254 tibi.
2178 3217 2197 3250 ›
2235 3197 2468 3268 Propter
2489 3202 2632 3268 quod
2662 3199 3038 3269 intelligimus,
3074 3201 3468 3269 quamplurima
3497 3204 3613 3270 pri-

2036 3306 2125 3345 mo
2157 3295 2260 3345 hoc
2297 3294 2529 3346 adventu
2559 3292 2676 3361 ejus
2710 3291 3050 3356 adumbrari,
3082 3308 3315 3362 quorum
3346 3294 3613 3362 adimple-

2038 3383 2112 3435 tio
2137 3390 2300 3449 atque
2342 3381 2605 3449 perfectio
2669 3382 2721 3435 in
2781 3383 3023 3436 secundo
3066 3394 3476 3438 consummetur
3502 3385 3613 3455 (δῖ)

2035 3473 2301 3527 adventu.
2332 3470 2400 3525 Et
2440 3472 2716 3541 apostolus
2760 3472 2959 3526 Paulus
2989 3474 3121 3527 dicit
3145 3475 3216 3539 ⁷ο,
3245 3476 3371 3544 quia
3409 3493 3428 3525 «
3456 3490 3613 3530 resu-

2034 3562 2251 3617 scitavit
2286 3578 2383 3617 nos
2411 3578 2532 3615 cum
2586 3578 2674 3627 co,
2728 3563 2999 3632 simulque
3034 3566 3222 3621 sedere
3257 3566 3386 3621 fecit
3414 3567 3466 3621 in
3498 3584 3614 3621 ete-

2036 3652 2285 3707 lestibtts.
2332 3669 2351 3703 ι
2399 3650 2467 3705 Ει
2508 3651 2697 3722 utique
2740 3654 2979 3706 nondum
3028 3654 3274 3709 videmus
3306 3659 3611 3722 credentes,

2037 3753 2130 3797 aut
2180 3744 2537 3799 resuscitatos
2568 3745 2848 3815 essejam,
2874 3752 2967 3800 aut
2991 3746 3044 3800 in
3075 3745 3387 3801 cmlestibus
3415 3764 3614 3805 consc-

2036 3835 2220 3891 disse:
2253 3835 2348 3889 sed
2380 3836 2703 3891 adumbrata
2758 3846 2888 3890 sunt
2929 3837 3147 3907 quidem
3183 3839 3296 3893 haec
3340 3856 3486 3895 nunc
3519 3857 3614 3910 per

2038 3928 2219 3992 fidem,
2259 3927 2383 3996 quia
2434 3939 2612 3983 mente
2671 3942 2725 3984 et
2765 3944 2862 3999 spe
2906 3946 2935 3983 a
2989 3930 3224 3984 terrenis
3278 3941 3335 3984 et
3388 3936 3615 3990 mortuis

2038 4018 2296 4089 Oper-ibus
2340 4018 2639 4085 elevamur,
2674 4031 2728 4076 et
2760 4021 3005 4090 quotidie
3034 4037 3129 4075 cor
3156 4034 3402 4077 nostrum
3447 4026 3614 4093 erigi-

2037 4126 2159 4166 mus
2190 4112 2256 4166 ad
2284 4112 2526 4167 cwlestia
2570 4122 2625 4167 et
2668 4124 2872 4167 aeterna
2900 4133 2911 4167 :
2944 4115 3260 4182 implebitur
3296 4126 3473 4171 autem
3512 4119 3614 4172 hoc

2035 4203 2089 4258 in
2140 4206 2382 4259 secundo
2426 4208 2543 4273 ejus
2586 4209 2846 4271 adventu,
2882 4219 2939 4261 ut
2974 4224 3036 4262 ea
3077 4223 3198 4275 qua:
3241 4226 3382 4264 nunc
3416 4211 3519 4265 fide
3558 4222 3613 4264 et

2036 4309 2131 4363 spe
2171 4298 2646 4365 prtesumpsitnus,
2688 4308 2815 4354 tunc
2854 4301 3017 4352 etiam
3050 4316 3231 4354 rerum
3259 4302 3455 4354 effectu
3487 4318 3609 4356 eor—

2036 4387 2299 4456 poraliter
2344 4397 2642 4443 teneamus.
2676 4388 2748 4443 lta
2777 4404 2906 4460 ergo
2940 4402 2994 4445 et
3045 4393 3114 4445 de
3152 4391 3372 4445 diabolo
3414 4393 3612 4447 intelli-

347 4462 485 4516 dicit
516 4466 794 4533 apostolus
844 4468 1121 4539 Petrus",
1150 4475 1295 4542 quod
1339 4475 1591 4532 Christus
1633 4480 1930 4535 crucifixus

2036 4478 2266 4545 gendum
2308 4487 2415 4543 est,
2444 4476 2586 4545 quod
2620 4478 2794 4533 victus
2825 4481 3044 4547 quidem
3096 4490 3149 4533 et
3177 4481 3474 4536 crucifixns
3506 4492 3609 4545 est,

349 4554 511 4610 nobis
543 4557 760 4625 reliquit
788 4563 1090 4631 exemplum
1118 4574 1209 4618 :et
1243 4566 1355 4621 haec
1378 4570 1635 4633 secunda,
1662 4585 1764 4639 qua
1798 4586 1933 4627 crux

350 4646 445 4699 illa
479 4656 737 4718 tropmum
776 4652 843 4706 de
893 4656 1107 4711 diabolo
1141 4659 1255 4728 (33)
1292 4661 1413 4727 fuit,
1458 4664 1510 4715 in
1565 4677 1671 4731 quo
1700 4673 1755 4718 et
1804 4679 1930 4733 cru;

349 4737 549 4792 cifixus
578 4750 739 4796 estet
766 4745 1146 4815 triumphatas.
1175 4750 1305 4805 Ideo
1335 4753 1567 4822 denique
1612 4763 1667 4808 et
1712 4764 1923 4822 aposto—

352 4828 440 4883 lus
468 4829 667 4887 Paulus
707 4833 923 4891 dicebat
945 4839 989 4869 ⁶⁶
1022 4857 1037 4893 :
1074 4858 1093 4891 «
1130 4840 1259 4895 Milli
1292 4852 1468 4897 autem
1505 4844 1648 4898 absit
1678 4844 1923 4914 gloriari,

349 4918 456 4973 nisi
500 4919 553 4973 in
586 4936 751 4976 cruce
801 4924 1010 4980 Domini
1063 4931 1168 4984 mei
1198 4929 1324 4985 Jesu
1367 4932 1592 4998 Christi,
1626 4948 1721 5001 per
1759 4948 1920 5001 quem

347 5009 485 5063 mihi
520 5014 755 5069 mundus
786 5018 1084 5075 cruciﬁxus
1117 5031 1220 5087 est,
1248 5033 1303 5077 et
1339 5039 1440 5095 ego
1470 5025 1689 5081 mundo.
1718 5044 1736 5077 ι
1770 5025 1928 5079 Vides

422 5126 693 5203 '_’_Matth.
728 5146 816 5203 xy,
842 5133 934 5188 ‘24.
992 5136 1038 5167 ⁸³
1065 5136 1223 5191 Rom.
1262 5139 1418 5202 ΠΛΟ.
1494 5140 1539 5171 δ”
1562 5140 1768 5195 (Ioloss.
1796 5156 1859 5203 ll,
1896 5140 1986 5197 Η.
2010 5141 2095 5194 15.

351 5194 396 5227 ⁸⁸
424 5196 721 5265 ΤΙιτειι.ιν,
754 5194 843 5256 20.
921 5206 965 5237 ⁶⁹
1001 5204 1130 5260 Luc.
1170 5224 1210 5271 ι,
1240 5194 1331 5263 55.
1408 5210 1453 5240 7°
1481 5210 1680 5277 Ephes.
1708 5194 1771 5275 ll,
1803 5194 1860 5265 6:
1902 5212 1934 5243 ⁷“

2035 5212 2143 5269 Sor.
2176 5229 2264 5278 xv,
2293 5213 2385 5267 2‘2.

567 5289 734 5369 idem,
782 5312 800 5344 «
824 5294 1043 5369 Paulus.
1074 5316 1093 5349 θ
1136 5298 1291 5354 Libb.
1324 5301 1479 5366 editi,
1521 5320 1537 5352 «
1562 5302 1873 5369 Apostolus.
1906 5320 1926 5355 ι

565 5360 729 5431 idem,
760 5382 776 5413 «
802 5366 1029 5431 geritur.
1058 5386 1076 5418 ι

564 5429 731 5505 idem,
754 5427 1100 5505 «suspensus.
1121 5456 1139 5490 ι
1172 5436 1333 5492 Libb.
1361 5440 1515 5505 editi,
1540 5444 1925 5497 «crucifixus.»

426 5499 515 5567 (55
561 5499 715 5562 Mss,
758 5522 775 5553 «
803 5503 868 5557 de
889 5499 1126 5561 diabolo.
1156 5527 1175 5559 ι
1227 5508 1380 5562 Libb.
1416 5499 1567 5576 editi,
1604 5529 1620 5561 «
1655 5513 1876 5565 diaboli.
1906 5533 1924 5565 ι

427 5506 539 5637 (54)
570 5568 933 5637 Sangerman.
960 5586 1014 5630 et.
1040 5577 1332 5637 GcmCliC”
1367 5581 1742 5637 «Apostolus.»
1769 5582 1924 5637 Libb.

570 5568 933 5648 S‘attgertnan.
960 5586 1014 5630 et
1040 5577 1332 5643 Gemelic.,
1367 5568 1742 5648 «Apostolus.»
1769 5582 1927 5637 Libb.

355 5637 508 5700 editi,
537 5658 554 5690 «
580 5639 796 5695 Paulus.
821 5662 839 5694 ι

425 5706 538 5779 (35)
578 5708 738 5790 Eibb.
795 5714 948 5777 editi,
985 5734 1021 5790 __«
1049 5717 1520 5787 concupiscentias
1570 5736 1674 5774 non
1726 5722 1931 5790 recepi-

358 5791 543 5833 mus.»
584 5781 765 5836 Codex
812 5798 939 5840 vero
980 5781 1472 5857 Sangeruianensis
1520 5802 1578 5847 ut
1635 5791 1689 5845 in
1745 5781 1930 5847 nosiro

2038 4570 2134 4624 sed
2164 4570 2227 4624 iis
2250 4570 2340 4637 qui
2376 4585 2498 4623 cum
2533 4570 2752 4624 Christo
2779 4571 3026 4625 crucifixi
3059 4582 3207 4638 sunt,
3235 4575 3488 4627 omnibus
3518 4591 3613 4628 au-

2037 4664 2142 4711 tem
2179 4658 2553 4722 credentibus,
2597 4670 2653 4713 et
2706 4660 2979 4715 universis
3015 4664 3218 4730 pariter
3249 4663 3461 4732 populis
3488 4675 3614 4719 tunc

2037 4748 2144 4801 erit
2178 4750 2497 4814 crucifixus,
2542 4765 2667 4805 cum
2723 4752 3088 4822 complebitur
3127 4754 3256 4809 illud
3300 4756 3443 4823 quod
3483 4758 3613 4810 dicit

2036 4838 2411 4907 Apostolus“,
2453 4844 2582 4909 quia
2620 4844 2803 4897 «sicut
2839 4844 2890 4897 in
2931 4846 3098 4897 Adam
3137 4859 3331 4900 omnes
3371 4845 3612 4896 moriun-

2042 4941 2150 4996 tur,
2185 4933 2256 4985 ita
2299 4942 2348 4985 et
2397 4934 2446 4985 in
2488 4933 2708 4988 Christo
2755 4951 2945 4989 ouzues
3007 4936 3487 4989 vivificabuntur.»
3526 4937 3616 4989 Est

2036 5039 2167 5094 ergo
2193 5025 2303 5096 (58)
2332 5026 2385 5079 in
2415 5027 2519 5081 hoc
2544 5028 2706 5080 etiam
2739 5027 3163 5081 resurrectionis
3192 5028 3383 5081 fatur-.e
3413 5041 3614 5099 myste-

2173 5142 2265 5194 “l
2303 5144 2443 5196 Petr.
2475 5158 2534 5208 tl,
2558 5144 2648 5197 2'2.
2727 5145 2773 5175 “
2796 5143 2999 5208 Gal.vl,
3027 5144 3114 5200 Η.
3191 5144 3233 5174 ⁶⁷
3259 5143 3442 5202 lPetr.
3482 5160 3533 5211 ν,
3557 5147 3609 5202 8.

2042 5313 2212 5357 textu.

2109 5373 2221 5445 (36)
2275 5375 2444 5429 Codd.
2512 5375 2802 5443 Sangerm.
2862 5374 3258 5430 Gemelicensis
3316 5391 3437 5428 cum
3504 5392 3613 5430 uno

2037 5441 2371 5501 EbroiCensi.
2424 5462 2442 5495 «
2468 5441 2664 5498 Marite.
2699 5464 2717 5496 ι
2756 5444 2905 5500 Alter
2942 5446 3309 5509 Ehroiceusis,
3341 5466 3361 5497 «
3387 5450 3451 5499 ad
3496 5448 3607 5501 Ma-

2037 5515 2194 5568 riam.
2227 5534 2244 5565 ι
2276 5513 2430 5567 Libb.
2467 5515 2620 5579 editi,
2660 5534 2676 5566 «
2699 5514 2948 5568 Mariam.
2982 5535 3000 5566 ι

2107 5583 2216 5654 (57)
2246 5586 2529 5653 Sa‘ugerm.
2557 5594 2610 5637 ct
2638 5586 2743 5638 duo
2805 5586 3049 5648 Ebroic.,
3095 5604 3113 5636 «
3144 5600 3610 5641 c0tt5ttmmetur.’

2043 5653 2203 5706 Libb.
2233 5655 2390 5714 editi,
2431 5669 2447 5702 «
2475 5656 2968 5708 consutumahitur.
3000 5675 3016 5705 ι

2110 5725 2225 5792 (38)
2252 5723 2417 5793 Ergo.
2455 5726 2612 5781 Deest
2669 5726 2719 5780 in
2775 5726 2904 5781 libb.
2934 5723 3121 5790 editis,
3160 5726 3253 5779 sed
3299 5726 3527 5782 habetur
3560 5727 3613 5782 in

2040 5791 2324 5859 Suttgcrm.
