4104 6226
562 308 663 361 357
1596 296 1599 301 “
2028 296 2181 355 OtttG
2195 296 2278 352 EN
2286 298 2350 353 IS
2805 298 2811 303 ’
3721 307 3843 360 868

565 422 726 473 rium.
756 419 888 472 Nam
918 428 970 472 et
1005 428 1132 472 tunc
1156 418 1428 473 dividetur
1452 416 1681 488 populus
1708 418 1761 471 in
1781 416 1913 471 duas
1936 426 2138 485 partes,
2171 423 2216 476 Α
2246 416 2412 483 fugite
2458 414 2712 468 invidiam
2761 424 2816 469 et
2862 414 3110 480 livorem,
3156 413 3327 485 fugite
3367 417 3741 475 detractiones
3778 428 3841 473 ιιι

569 519 719 561 erunt
777 519 831 562 et
864 519 989 563 tunc
1019 509 1237 577 quidam
1284 509 1469 579 primi,
1499 517 1553 561 et
1585 508 1675 562 alii
1713 507 1998 578 postremi,
2038 507 2128 574 qui
2237 503 2583 572 maleloquia.
2640 505 2770 570 Qua:
2818 513 2997 558 tamen
3043 505 3228 558 nescio
3275 506 3319 559 si
3378 509 3502 576 quis
3552 508 3834 581 effugiat,

564 616 684 652 cum
711 600 822 670 (59)
859 600 926 652 ad
965 599 1148 654 Jesum
1189 602 1241 655 in
1294 615 1460 653 unum
1513 601 1971 669 conspiraverint,
2013 599 2129 667 jam
2236 597 2419 649 nescio
2451 596 2495 649 si
2526 596 2650 664 quis
2680 594 2897 649 evadat.
2927 595 3037 649 Iste
3064 594 3188 649 talis
3232 605 3351 650 erat
3396 601 3671 655 exercitus
3709 602 3835 673 llay

566 702 692 744 tunc
724 691 858 744 ultra
896 692 1116 747 omnino
1148 708 1251 747 non
1291 694 1395 747 erit
1429 692 1696 757 diabolus,
1728 693 1853 761 quia
1883 691 1992 760 jam
2024 706 2131 745 non
2236 700 2395 754 quem
2424 684 2585 740 Iesus
2619 685 2933 754 fugiendum
2982 684 3217 741 docebat
3252 687 3455 744 milites
3488 706 3637 755 suos,
3667 704 3732 748 et
3760 699 3835 747 de

2236 777 2304 831 iis
2333 776 2562 831 fortasse
2597 776 2820 829 mandat
2866 775 3147 845 discipulis
3199 779 3315 833 suis
3358 780 3547 836 dicens
3572 783 3656 837 ης
3699 803 3720 835 ι
3767 787 3828 839 Si

2236 884 2335 924 vos
2404 877 2804 938 persequuntur
2880 868 2932 920 in
3020 868 3121 922 hac
3186 871 3445 937 civitate,
3521 875 3695 945 fugite
3770 878 3827 930 in

2238 964 2445 1030 aliam;
2495 965 2636 1034 quod
2681 964 2728 1017 si
2788 963 2841 1017 in
2889 962 3031 1029 alia,
3082 963 3251 1036 fugite
3295 969 3347 1021 in
3396 970 3555 1023 aliam
3612 972 3750 1043 (tt).
3798 992 3818 1024 ι

2240 1054 2364 1109 Vult
2418 1057 2559 1109 enim
2628 1071 2725 1110 nos
2786 1054 2978 1124 fugere
3037 1057 3106 1110 ab
3171 1057 3479 1126 hujusmodi
3538 1063 3817 1127 hostibus,

2240 1149 2352 1201 vult
2399 1163 2497 1201 nos
2550 1148 2708 1216 longe
2750 1147 2886 1202 effici
2935 1150 3005 1202 ab
3053 1148 3364 1219 huiusmodi
3423 1152 3617 1207 malis:
3668 1166 3721 1208 et
3774 1157 3816 1208 si

2239 1245 2575 1313 potuerimus
2621 1236 2840 1294 interim
2886 1241 3122 1294 evadere
3166 1242 3359 1297 herum
3411 1245 3677 1299 malorum
3730 1243 3815 1299 fu-

2239 1334 2436 1404 giendo
2464 1333 2731 1402 contagia,
2768 1341 2897 1383 tunc
2930 1331 3178 1385 videntes
3208 1333 3579 1399 devotionem,
3612 1345 3667 1388 et
3691 1351 3814 1402 pro-

2240 1426 2477 1494 positum
2509 1427 2704 1478 mentis
2730 1436 2929 1477 nostra:
2957 1430 3161 1477 sancta:
3180 1438 3396 1493 uitaeque
3422 1426 3678 1487 virtutes.
3710 1426 3807 1478 illa:

2241 1517 2470 1571 fortasse
2505 1517 2573 1570 de
2611 1516 2807 1584 quibus
2848 1515 2982 1569 dicit
3016 1515 3282 1583 apostolus
3332 1514 3531 1571 Paulus
3560 1518 3677 1588 (45)
3720 1520 3805 1571 "z

2244 1629 2263 1661 ι
2305 1609 2497 1664 Nonne
2524 1622 2713 1663 omnes
2750 1618 2879 1663 sunt
2913 1608 3293 1662 ministeriales
3321 1608 3537 1676 spiritus
3590 1613 3645 1666 in
3702 1616 3807 1666 mi-

2242 1700 2529 1754 nisterium
2595 1699 2740 1752 missi
2789 1710 3010 1769 propter
3054 1712 3147 1751 eos
3188 1698 3276 1765 qui
3320 1699 3677 1755 haereditatem
3706 1719 3797 1755 ca-

2242 1795 2397 1862 piunt
2423 1790 2663 1845 salutis?
2699 1810 2717 1842 )
2770 1791 2861 1859 qui
2919 1792 3157 1846 fortasse
3199 1801 3328 1845 sunt
3382 1793 3546 1844 sancti
3585 1793 3789 1859 angeli:

2242 1884 2333 1951 qui
2361 1883 2607 1937 videntes
2634 1897 2731 1936 nos
2762 1882 3177 1937 insectationem
3210 1882 3516 1934 daemonum
3560 1884 3693 1952 pati,
3724 1885 3802 1938 in-

2242 1971 2469 2044 surgunt
2495 1975 2757 2028 adversus
2784 1989 2879 2028 eos
2900 1974 2989 2042 qui
3022 1988 3119 2026 nos
3144 1972 3511 2037 insectantur,
3542 1984 3591 2027 et
3624 1990 3808 2031 omnes

2242 2081 2337 2121 eos
2381 2076 2501 2135 post
2543 2076 2749 2135 tergum
2785 2067 3057 2120 czedentes
3093 2066 3433 2121 interimunt.
3472 2064 3630 2120 Jcsus
3667 2068 3807 2120 enim

2242 2168 2327 2213 est
2380 2173 2505 2213 Cum
2560 2159 2629 2212 iis
2687 2159 2776 2227 qui
2834 2159 3220 2216 insectationes
3280 2162 3591 2230 patiuntur,
3646 2161 3809 2227 magis

2243 2266 2402 2319 quam
2440 2263 2561 2302 cum
2594 2249 2701 2302 illis
2738 2253 2828 2317 qui
2859 2261 3279 2320 persequuntur.
3317 2252 3382 2305 Et
3423 2252 3621 2307 merito
3649 2270 3663 2305 :
3688 2255 3808 2319 quia

2244 2342 2543 2395 delectatur
2571 2356 2692 2394 csse
2729 2338 2888 2395 Jesns
2923 2356 3045 2395 cum
3080 2343 3145 2396 iis
3176 2345 3269 2413 qui
3319 2343 3529 2414 fugiunt
3572 2343 3807 2397 fornica-

2246 2435 2469 2496 tionem,
2524 2433 2614 2501 qui
2660 2431 2876 2501 fugiunt
2922 2432 3033 2505 (t6)
3082 2436 3415 2505 superbiam,
3462 2437 3550 2505 qui
3604 2435 3813 2505 fugiunt

2243 2522 2447 2585 dolum,
2494 2529 2546 2575 et
2584 2523 2673 2590 qui
2715 2522 2928 2591 fugiunt
2954 2526 3315 2579 mendacium.
3367 2525 3425 2580 Si
3463 2540 3595 2596 ergo
3628 2528 3697 2578 ita
3735 2528 3814 2578 in-

2247 2614 2551 2685 telligamus
2589 2629 2652 2668 ea
2699 2628 2818 2682 quae
2841 2615 3042 2683 scripta
3080 2625 3228 2681 sunt,
3265 2618 3424 2688 digna
3471 2618 3703 2673 fortasse
3736 2622 3815 2670 vi-

2244 2705 2461 2759 debitur
2484 2703 2644 2758 lectio
2674 2704 2815 2773 stylo
2857 2704 3095 2773 Spiritus
3126 2707 3325 2759 sancti.
3359 2705 3491 2760 Nam
3524 2708 3651 2776 quid
3681 2708 3812 2761 mihi

2244 2799 2487 2867 prodest,
2535 2798 2578 2853 si
2620 2798 2789 2851 sciam
2834 2798 2973 2864 quod
3026 2798 3078 2850 in
3122 2799 3342 2867 gemino
3380 2798 3526 2869 ligno
3569 2814 3663 2853 rex
3697 2799 3815 2868 Hay

2245 2902 2537 2957 Suspensus
2574 2889 2701 2941 est?
2737 2888 2792 2941 Si
2826 2896 3007 2940 autent
3039 2886 3207 2939 sciam
3248 2886 3511 2955 duplicem
3540 2899 3661 2941 esse
3703 2885 3817 2938 vir-

2247 2991 2411 3033 tutem
2440 2979 2643 3040 crucis,
2697 2981 2750 3032 in
2779 2993 2883 3047 qua
2926 2987 2979 3032 et
3024 2975 3273 3031 Christus
3303 2978 3355 3030 in
3390 2990 3554 3031 carne
3584 2990 3807 3046 suspen-

2243 3072 2409 3137 ditur,
2438 3079 2493 3125 et
2520 3070 2768 3125 diabolus
2804 3085 2923 3124 cum
2971 3086 3069 3126 suo
3116 3070 3360 3125 exercitu
3417 3070 3812 3137 triumphatur,

2243 3179 2309 3217 ex
2346 3162 2696 3231 intelligentia
2731 3156 3056 3216 sacramenti
3083 3160 3436 3215 :editicabitur
3459 3161 3638 3214 anima
3666 3175 3808 3214 mea.

2247 3256 2313 3309 Et
2351 3266 2405 3308 ut
2434 3256 2607 3325 magis
2645 3255 2875 3308 fortasse
2903 3256 3082 3310 adhuc
3104 3254 3373 3308 excelsius
3404 3251 3812 3320 amplitudinem

2247 3346 2489 3416 mysterii
2524 3345 2843 3409 dilatentus,
2890 3344 2945 3398 in
2995 3345 3099 3399 hoc
3143 3345 3288 3412 ligno
3334 3340 3650 3412 intelligitur
3691 3356 3813 3396 esse

2245 3437 2471 3492 scientia
2504 3437 2628 3491 boui
2654 3446 2711 3492 et
2740 3436 2893 3503 mali,
2934 3436 2986 3490 in
3016 3451 3123 3507 quo
3156 3446 3211 3491 et
3248 3436 3419 3490 bonus
3447 3435 3719 3498 Christus,
3761 3444 3819 3488 et

2244 3529 2491 3583 diabolus
2546 3528 2724 3583 malus
2765 3528 3064 3598 pependit:
3116 3530 3209 3582 sed
3260 3528 3433 3582 malus
3486 3528 3704 3597 quidem
3759 3537 3821 3580 ut

2245 3621 2523 3684 interiret,
2575 3621 2751 3675 bonus
2799 3634 2925 3675 vero
2957 3620 3070 3689 (47)
3123 3628 3181 3672 ut
3224 3620 3429 3672 viveret
3472 3634 3537 3672 ex
3590 3620 3815 3680 virtute,

2244 3712 2390 3766 sicut
2439 3722 2492 3765 et
2545 3710 2843 3781 Apostolus
2886 3711 3016 3765 dicit
3048 3712 3114 3764 de
3156 3709 3374 3764 Christo
3426 3708 3493 3774 ⁸ο,
3537 3710 3665 3777 quia
3717 3725 3736 3758 ι
3766 3716 3821 3760 et

2247 3801 2541 3856 crucifixus
2581 3810 2662 3855 est
2706 3816 2771 3856 ex
2822 3799 3157 3865 infirmitate,
3211 3800 3304 3855 sed
3362 3799 3491 3852 vivit
3517 3813 3581 3852 ex
3614 3798 3818 3850 virtute

2247 3894 2361 3949 Dei.
2406 3913 2424 3946 ι
2461 3894 2572 3948 Ιιι.ο
2606 3908 2711 3949 non
2746 3894 2915 3947 solum
2962 3906 3017 3947 ut
3048 3894 3213 3956 vivat,
3244 3891 3338 3945 sed
3381 3900 3439 3945 ut
3468 3898 3523 3945 et
3555 3887 3817 3952 vivificet,

2244 3986 2371 4053 quia
2393 3985 2508 4053 ipse
2526 3992 2609 4038 est
2640 3999 2659 4033 ι
2695 3983 3022 4037 novissimus
3045 3983 3211 4036 Adam
3239 3982 3349 4051 (48)
3372 3981 3425 4035 in
3453 3980 3643 4049 spiritu
3676 3978 3817 4031 vivi-

2248 4072 2443 4125 ficante
2473 4071 2540 4124 δι.
2572 4090 2591 4122 ι
2622 4070 2727 4125 Sed
2758 4073 2871 4125 haec
2901 4073 3107 4141 tr0pice
3136 4072 3241 4126 diei
3278 4071 3622 4141 intelligenda
3663 4079 3817 4123 sunt.

2243 4164 2487 4217 Christus
2508 4161 2652 4217 enim
2686 4163 2801 4231 ipse
2826 4160 3024 4217 dicitur
3049 4164 3214 4217 arbor
3245 4164 3389 4216 vitae.
3438 4162 3542 4217 Sed
3589 4162 3729 4215 sicut
3759 4160 3814 4213 in

2245 4252 2365 4306 aliis
2398 4252 2512 4321 ipse
2541 4266 2664 4306 esse
2699 4252 3009 4306 ostenditur
3038 4260 3092 4305 et
3124 4251 3406 4313 sacerdos.
3434 4258 3488 4303 et
3524 4248 3726 4311 hostia,
3760 4258 3819 4300 et

2244 4344 2438 4407 altare,
2499 4352 2553 4398 et
2598 4358 2705 4396 non
2752 4359 2821 4398 ex
2874 4343 3041 4397 altera
3112 4342 3466 4412 intelligentia
3526 4339 3821 4410 impeditur

2247 4435 2438 4499 altera,
2484 4434 2575 4489 sed
2632 4434 2834 4503 tropice
2894 4435 2962 4488 de
3007 4433 3125 4502 ipso
3178 4434 3228 4487 in
3276 4434 3392 4487 suis
3438 4432 3572 4486 locis
3620 4445 3820 4484 unum-

2245 4527 2497 4596 quodque
2527 4526 2755 4579 sentitur
2784 4539 2799 4578 :
2848 4526 2920 4577 ita
2951 4525 3115 4578 etiam
3146 4539 3289 4579 nunc
3322 4524 3376 4577 in
3406 4524 3597 4593 figuris
3632 4537 3819 4575 sacra-

2250 4626 2551 4672 mentorum
2613 4632 2717 4671 non
2790 4617 3050 4687 impediet
3117 4617 3184 4671 de
3230 4632 3340 4670 uno
3406 4625 3568 4685 atque
3623 4614 3822 4668 eodem

2251 4722 2461 4779 sumpta
2492 4709 2781 4764 diversitas
2806 4723 3184 4780 personarum.

2312 4802 2367 4855 7.
2410 4802 2515 4858 Sed
2561 4802 2840 4856 videamus
2881 4800 3007 4870 quid
3049 4800 3212 4854 etiam
3255 4799 3309 4853 in
3352 4796 3823 4867 consequentibus

3436 4940 3481 4971 "
3528 4936 3685 5001 ibid.,
3722 4934 3822 4994 41.

561 784 870 836 eritmors.
907 783 1140 837 Vis-stibi
1198 786 1359 838 etiam
1413 786 1529 840 hzec
1565 785 1763 839 divinis
1797 784 2131 839 teStimoniis

562 873 1015 941 comprobemus?
1048 875 1185 929 Audi
1220 870 1535 944 Apostolum
1565 876 1830 929 dicentem
1848 875 1896 906 τ’
1924 891 1937 927 ε
1970 893 1989 925 ι
2022 874 2133 929 lloc

559 965 707 1017 enim
758 967 911 1019 vobis
966 967 1203 1022 dicimus
1264 967 1316 1019 in
1367 969 1532 1023 verbo
1584 967 1822 1033 Domini,
1852 967 1977 1036 quia
2034 980 2132 1022 nos

562 1057 651 1123 qui
708 1058 961 1123 vivimus,
1005 1059 1093 1127 qui
1146 1059 1333 1128 reliqui
1387 1076 1596 1126 sumus,
1658 1061 1712 1115 in
1756 1062 1988 1115 adventu
2038 1062 2136 1114 Do.

566 1150 695 1201 mini
743 1164 845 1201 non
894 1150 1287 1216 praeveniemus
1343 1167 1437 1205 eos
1484 1152 1574 1219 qui
1620 1152 1977 1217 dormierunt,
2008 1152 2131 1219 quia

560 1240 678 1307 ipse
715 1238 974 1294 Dominus
1018 1239 1344 1306 injussu'et
1376 1244 1428 1296 in
1472 1228 1602 1297 voce
1636 1243 1950 1313 archangeli
1986 1252 2039 1296 et
2081 1243 2133 1295 in

546 1330 689 1383 tuba
720 1318 810 1384 Dei
846 1333 1139 1389 descendet
1168 1334 1234 1388 de
1260 1335 1417 1399 C(Plo,
1449 1343 1501 1390 et
1534 1336 1729 1388 mortui
1763 1335 1852 1403 qui
1890 1335 1943 1389 in
1976 1333 2134 1389 Chri-

564 1429 650 1471 sto
690 1429 837 1484 sunt,
873 1432 1157 1492 resurgent
1187 1426 1365 1492 primi.
1404 1426 1602 1479 Deinde
1635 1439 1731 1479 nos
1754 1426 1847 1495 qui
1881 1426 2133 1487 vivimus,

564 1510 656 1576 qui
692 1511 882 1579 reliqui
927 1530 1135 1577 smnus,
1173 1516 1336 1569 simul
1367 1518 1639 1585 rapiemur
1668 1532 1791 1570 cum
1820 1517 1924 1571 illis
1959 1517 2012 1570 in
2047 1533 2139 1569 nu-

561 1597 719 1653 bibus
742 1602 953 1655 obviam
980 1604 1194 1657 Christo
1222 1604 1271 1656 in
1298 1612 1445 1669 aera,
1469 1592 1527 1659 et
1551 1607 1628 1659 sic
1649 1589 1862 1673 semper
1889 1621 2012 1659 cum
2035 1592 2138 1658 Do;

563 1691 709 1744 mino
725 1694 984 1747 erimus.»
1013 1695 1085 1749 De
1106 1694 1322 1750 diabolo
1349 1706 1527 1750 autem
1549 1699 1758 1760 dicens,
1785 1697 1925 1751 ait"
1952 1714 1966 1750 :
1996 1696 2136 1750 «No-

561 1784 815 1839 vissimus
844 1787 1094 1842 inimicus
1120 1789 1429 1843 destruetur
1460 1803 1626 1855 mors,
1652 1806 1671 1840 ι
1699 1789 1825 1858 quia
1860 1804 1986 1844 vere
2014 1800 2140 1843 tunc
2173 1767 2211 1819 Β

563 1878 811 1930 vincetur
836 1893 1001 1943 mors,
1031 1896 1153 1933 cum
1182 1884 1409 1935 mortale
1436 1882 1538 1934 hoc
1558 1881 1943 1935 absorbebitur
1962 1896 1989 1934 a
2008 1882 2137 1936 vita.

629 2012 685 2066 5.
728 2012 832 2066 Sed
878 2013 1153 2067 videamus
1204 2028 1327 2083 qua:
1372 2014 1423 2067 in
1488 2015 1886 2083 posterioribus
1943 2031 2138 2069 conse-

560 2104 978 2171 quunturztEt
1034 2105 1297 2167 incendit,
1365 2107 1626 2181 inquiti‘,
1678 2105 1837 2161 Jesus
1886 2107 2021 2178 llay,
2082 2119 2134 2164 et

561 2196 750 2269 effecta
800 2207 879 2249 est
925 2197 1053 2251 urbs
1104 2214 1223 2269 qua:
1256 2214 1360 2251 non
1401 2199 1677 2252 habitetur
1709 2199 1762 2251 in
1795 2209 2080 2254 aaternum.
2108 2222 2125 2253 ι

560 2286 726 2357 Vides
750 2289 873 2356 quia
909 2288 1023 2342 hanc
1057 2304 1176 2357 qua:
1214 2299 1536 2357 sequuntur,
1574 2290 1746 2359 magis
1796 2290 1860 2341 ad
1899 2291 2138 2359 mysterii

560 2394 721 2446 quam
760 2379 822 2430 ad
877 2378 1121 2431 historiae
1172 2380 1444 2447 pertinent
1490 2380 1796 2433 veritatem.
1831 2378 1947 2433 Non
1992 2382 2136 2433 enim

563 2480 671 2522 tum
710 2470 796 2521 ille
832 2469 980 2522 locus
1012 2478 1171 2523 terra:
1220 2470 1591 2524 inhabitabilis
1633 2482 1715 2523 est
1761 2473 1812 2523 in
1855 2480 2138 2532 aeternum.

560 2573 723 2627 quam
770 2561 915 2613 locus
948 2560 1276 2638 daemonum
1299 2562 1676 2615 inhabitabilis
1712 2564 1839 2627 erit,
1869 2574 1993 2625 tunc
2018 2578 2138 2616 cum

555 2652 665 2718 jam
703 2667 862 2705 nemo
897 2653 1162 2719 peccabit,
1195 2669 1372 2722 neque
1406 2657 1652 2722 regnabit
1686 2658 1736 2708 in
1786 2656 1964 2724 aliquo
2013 2672 2137 2724 pec-

563 2753 763 2807 catum,
797 2743 1199 2797 cutn‘diabolns
1238 2752 1290 2796 et
1330 2744 1505 2811 angeli
1538 2744 1653 2812 ejus
1698 2745 1809 2814 igni
1856 2746 2141 2800 tradentur

562 2845 784 2897 aeterno,
812 2834 1040 2889 Domino
1073 2844 1259 2888 nostro
1301 2832 1428 2888 Jesu
1479 2834 1699 2891 Christo
1748 2838 1970 2890 sedente
2012 2854 2139 2908 rege

562 2935 616 2977 et
644 2923 845 2991 judice,
879 2934 933 2978 et
969 2926 1184 2979 dicente
1228 2925 1294 2978 iis
1322 2925 1413 2993 qui
1447 2928 1657 2993 priores
1706 2938 1759 2981 et
1807 2929 2140 2996 posteriores

562 3016 1024 3088 vicerunt"(40)
1079 3035 1092 3071 :
1134 3034 1152 3067 ι
1187 3017 1400 3083 Venite,
1462 3020 1728 3073 benedicti
1780 3020 1952 3073 Patris
2006 3023 2137 3087 mei,

570 3111 836 3180 percipite
882 3124 1106 3176 regnum
1153 3108 1296 3177 quod
1341 3109 1490 3162 vobis
1525 3120 1774 3176 paratum
1808 3120 1888 3164 est
1916 3128 1943 3163 a
1977 3096 2135 3165 Patre
2166 3112 2208 3166 Ο

566 3218 685 3257 meo
706 3203 837 3265 (Η).
870 3220 888 3253 ι
913 3200 1045 3254 Aliis
1078 3212 1253 3254 autem
1287 3201 1428 3254 dicet
1455 3202 1533 3252 7°:
1563 3219 1581 3252 ι
1604 3202 1679 3255 lte
1708 3202 1761 3255 in
1783 3204 1958 3273 ignem
1989 3215 2146 3257 teter-

570 3310 724 3357 num,
755 3308 913 3362 quem
958 3277 1281 3361 praeparavit
1307 3294 1419 3360 (4‘2)
1455 3294 1594 3355 Dens
1632 3294 1842 3361 diabolp
1885 3306 1937 3347 et
1982 3295 2142 3366 417

564 3384 775 3452 angelis
825 3381 962 3449 ejus,
993 3401 1012 3435 ι
1050 3387 1221 3437 donec
1256 3385 1402 3437 omni
1458 3385 1649 3437 animm
1676 3387 1872 3453 quibus
1904 3387 2016 3455 ipse
2049 3373 2143 3449 no:

562 3478 639 3547 vit
684 3475 938 3529 remediis
968 3475 1237 3538 consulat,
1274 3486 1328 3528 et
1373 3477 1552 3529 omnis
1589 3476 1751 3531 Israel
1787 3478 1970 3533 salvus
2024 3482 2139 3534 liat.

634 3610 685 3664 6.
732 3608 837 3663 Sed
875 3618 928 3664 et
965 3609 1110 3662 aliud
1154 3609 1291 3662 mihi
1334 3612 1578 3663 occurrit
1632 3611 1683 3663 in
1730 3610 1851 3665 loco
1897 3613 2144 3667 conside-

564 3704 707 3757 ranti
735 3702 920 3758 Jesum
955 3702 1248 3774 fugientem
1277 3717 1303 3755 a
1337 3694 1477 3759 facie
1509 3705 1786 3761 exercitus
1817 3703 1954 3776 llay.
1982 3706 2140 3771 Quid

566 3806 722 3865 putas
754 3806 835 3851 est
877 3798 1023 3866 quod
1065 3794 1226 3851 Jesus
1274 3796 1484 3865 fugiens
1526 3796 1893 3867 designabat?
1942 3796 2140 3851 Videa-

566 3902 685 3941 Inus
711 3900 779 3941 ne
805 3887 945 3942 forte
968 3887 1270 3956 sit'aliquid
1296 3889 1438 3957 quod
1469 3888 1725 3957 fugiendo
1756 3890 2056 3956 vincamus,
2088 3898 2141 3944 et

564 3986 650 4033 est
680 3979 858 4047 aliqua
894 3977 1139 4047 perfecta
1170 3979 1343 4031 virtus
1374 3978 1425 4031 in
1453 3978 1603 4047 fuga.
1636 3978 1834 4034 Paulus
1873 3995 1971 4034 nos
2012 3995 2142 4049 apo-

564 4071 739 4125 stolus
780 4072 936 4123 docet
991 4070 1177 4124 dicens
1201 4070 1291 4123 πε
1337 4088 1354 4121 ι
1388 4070 1596 4137 Fugite
1639 4070 2071 4127 fornicationem.
2116 4090 2135 4123 ι

566 4152 732 4208 Vides
787 4169 918 4225 ergo
964 4170 1089 4208 esse
1147 4158 1436 4225 quemdam
1481 4157 1729 4224 spiritum
1764 4160 2142 4231 fornicationis

565 4259 731 4315 quem
774 4245 959 4315 fugere
1009 4247 1292 4313 debemus,
1339 4248 1652 4318 quicunque
1693 4261 1843 4304 eaSte
1876 4259 1930 4303 et
1974 4253 2061 4321 pie
2088 4254 2140 4305 in

564 4337 782 4390 Christo
830 4350 892 4390 ac
943 4337 1141 4407 pudice
1188 4338 1435 4393 volumus
1478 4354 1819 4409 permanere.
1866 4340 1968 4395 lsta
2016 4357 2143 4414 ergo

568 4430 694 4499 fuga
720 4437 801 4482 est
827 4444 946 4498 qua:
979 4430 1141 4485 habet
1168 4432 1427 4498 salutem,
1460 4433 1561 4486 ista
1604 4432 1727 4504 fuga
1784 4434 2006 4489 virtutis
2032 4446 2138 4501 est,

570 4519 669 4571 ista
706 4521 827 4588 fuga
859 4520 973 4591 (43)
1006 4521 1395 4578 beatitudinem
1427 4524 1661 4582 confert.
1710 4524 1775 4579 Et
1816 4541 1921 4580 non
1964 4527 2139 4581 solum

570 4611 951 4670 fornicationis
981 4617 1204 4685 spiritus
1230 4616 1515 4687 fugiendus
1541 4627 1646 4683 est,
1673 4621 1766 4673 sed
1793 4620 1954 4674 simili
1983 4622 2141 4674 modo

566 4704 710 4759 sicut
742 4707 946 4762 dictum
990 4719 1097 4773 est,
1135 4726 1154 4761 ι
1194 4710 1363 4778 fugite
1416 4710 1855 4778 fornicationem,
1893 4732 1911 4766 ι
1953 4714 2140 4767 audia-

568 4811 691 4852 mus
736 4798 839 4853 dici
884 4801 950 4855 ad
990 4814 1125 4855 nos:
1162 4800 1354 4871 Fugite
1401 4802 1560 4867 iram,
1613 4802 1781 4870 fugite
1823 4799 2134 4868 avaritiam,

639 4940 685 4973 "
716 4939 733 4993 Ι
763 4940 957 4997 Thess.
1018 4958 1089 5007 tv,
1122 4943 1208 5004 M.
1241 4943 1327 5005 15,
1380 4943 1466 4996 lii.
1569 4942 1614 4973 "
1646 4943 1661 4994 l
1691 4942 1816 4995 Cor.
1855 4958 1943 5005 xv,
1978 4941 2066 4995 9.6.

2159 4942 2207 4975 "
2234 4941 2348 4996 Jos.
2380 4958 2489 4997 \‘Itl.
2518 4940 2610 4995 28.

2722 4942 2767 4972 ⁷⁵
2819 4940 3004 4995 Matth.
3056 4955 3184 5007 κιν,
3233 4940 3323 4993 51.

568 5008 612 5042 ⁷⁷
641 5010 659 5066 i
686 5012 809 5065 Cor.
843 5027 916 5077 vt,
951 5013 1063 5066 l8.'
1110 5012 1157 5045 ⁷⁸
1176 5014 1363 5067 Matth.
1389 5012 1550 5076 x,25.
1625 5013 1671 5043 τ’
1706 5011 1871 5067 Hebr.
1904 5028 1940 5079 ι,
1979 5014 2063 5066 14.

2243 5010 2251 5065 l
2289 5010 2418 5066 Cor.
2458 5028 2576 5075 xm,
2610 5011 2698 5066 45.
2774 5010 2817 5043 ⁸¹
2855 5011 3026 5065 lCor.
3059 5027 3147 5077 xv,
3184 5009 3267 5064 i5.

641 5146 753 5219 (59)
784 5146 953 5219 AJias,
988 5163 1006 5219 ι
1036 5147 1363 5219 quicunque.
1392 5164 1410 5196 ι
1529 5215 1585 5219 __
1676 5215 1687 5219 _
1790 5210 1793 5213 _

568 5286 603 5338 Β
641 5215 753 5285 (to)
793 5215 1186 5270 Gemeticensis
1240 5228 1291 5270 et
1337 5230 1475 5273 unus
1529 5215 1899 5281 Ebroicensis,
1940 5234 1958 5267 ι
1987 5216 2133 5271 vide-

609 5297 771 5338 llllltll‘
823 5306 842 5337 ι

609 5297 771 5338 llllllll‘
823 5306 842 5337 ι

628 5356 739 5426 (tl)
769 5354 969 5409 Omnes
1024 5370 1177 5420 mss.,
1220 5374 1237 5406 ι
1267 5368 1295 5407 a
1328 5354 1484 5409 Patre
1534 5370 1672 5410 meo.
1703 5376 1720 5407 ι
1758 5354 1915 5410 Libb.
1964 5357 2121 5417 editi,

578 5442 595 5474 ι
618 5428 683 5479 ab
714 5428 920 5492 origine
954 5426 1156 5478 mundi.
1180 5445 1199 5477 ι

645 5494 755 5565 (42)
804 5496 985 5550 Codex
1028 5493 1316 5560 Gemetic.,
1362 5496 1478 5549 tite
1532 5495 1583 5548 in
1642 5499 1941 5562 gehennam
1994 5495 2133 5562 ignis

574 5576 729 5629 quem
767 5565 1107 5633 praeparavit.
1138 5582 1157 5616 ι

646 5633 757 5698 (45)
800 5634 971 5701 Fuga.
1028 5634 1188 5687 Deest
1249 5635 1300 5686 in
1359 5633 1490 5688 libb.
1551 5644 1704 5688 antea
1762 5634 1978 5698 editis;

579 5712 751 5754 exstat
780 5705 831 5755 in
866 5705 1055 5755 codice
1088 5704 1567 5773 Sangermanensi.

647 5772 757 5833 (Η)
801 5773 953 5837 Quod
985 5774 1028 5823 si
1053 5774 1106 5824 in
1143 5774 1269 5838 alia,
1308 5774 1468 5843 fugite
1495 5776 1545 5827 in
1574 5773 1757 5826 aliam.
1800 5773 1923 5826 iter
1955 5775 2119 5827 etiam

2042 5634 2135 5687 sed

2242 5146 2436 5200 desunt
2464 5144 2518 5197 in
2548 5143 2704 5198 libris
2738 5144 2921 5209 editis,
2960 5141 3054 5196 sed
3105 5142 3355 5211 leguntur
3393 5142 3444 5197 in
3487 5140 3829 5209 Sangerma-

2243 5215 2397 5269 nensi
2431 5223 2485 5267 et
2516 5228 2620 5266 uno
2652 5214 2990 5267 Ebroicetri.

2313 5285 2426 5355 (45)
2470 5282 2692 5355 Paulus.
2728 5283 2887 5338 Deest
2915 5283 2969 5337 itt
3006 5283 3137 5337 libb.
3174 5282 3357 5349 editis,
3385 5288 3562 5338 exstat
3590 5291 3721 5333 vero
3755 5278 3817 5334 in

2241 5354 2715 5421 Sangermanensi.

2311 5420 2423 5494 (46)
2467 5421 2918 5494 Fornicationem,
2982 5424 3069 5491 qui
3123 5423 3356 5493 fugiunt.
3422 5420 3547 5476 lltec
3592 5432 3816 5494 quoque

2242 5490 2437 5547 desunt
2491 5494 2543 5545 in
2586 5492 2736 5563 libris
2775 5493 2959 5557 editis,
3012 5490 3409 5563 sellcguntnr
3461 5494 3513 5544 in
3558 5490 3819 5545 omnibus

2245 5561 2649 5629 manuscriptis.

2315 5632 2430 5703 (47)
2472 5626 2598 5703 Mss.
2660 5631 2945 5703 Sangerm.
2989 5643 3042 5685 et
3073 5631 3362 5693 Gemetic..
3399 5648 3417 5683 ι
3456 5629 3659 5684 malum
3694 5626 3819 5691 qui-

2247 5701 2390 5766 dem,
2422 5711 2481 5755 ut
2513 5701 2794 5765 interiret,
2819 5701 3021 5755 bonum
3054 5716 3201 5761 vero.
3240 5721 3257 5753 ι
3293 5712 3399 5753 etc.

2316 5774 2428 5842 (48)
2469 5770 2869 5827 Genleticensis
2910 5789 2929 5823 t
2971 5773 3023 5827 in
3051 5772 3303 5840 spiritqu
3335 5770 3719 5827 vivificantem.
3764 5786 3784 5819 ι
