4104 6226
357 340 460 396 859

1387 332 1451 386 IN
1487 330 1747 386 LIBRUM
1775 328 1940 386 JESU
1969 327 2158 384 NAVE
2185 329 2472 387 IIOMILIA
2506 333 2596 388 IX.

3513 341 3619 396 870

357 457 620 512 scribitur
656 473 670 510 :
706 473 724 506 ι
762 454 828 510 Et
854 461 1270 525 percusserunt,
1317 453 1492 523 inquit
1515 456 1580 516 “3.
1624 469 1718 508 eos
1761 453 1816 508 in
1843 468 1943 505 ore
1972 457 2014 510 Λ
2050 455 2260 520 rando;
2307 456 2444 510 slve'
2469 455 2748 510 civitatem
2783 455 2991 516 Domini
3048 461 3467 531 uniuscujusque
3514 480 3616 520 no-

353 551 546 618 .gladii,
610 562 890 618 usquequo
949 564 1059 603 non
1117 551 1519 618 relinqueretur
1575 563 1639 600 ex
1704 548 1784 601 eis
1843 548 1934 615 qui

359 643 540 696 salvus
575 643 750 704 fieret,
779 655 951 710 neque
978 641 1072 710 qui
1104 639 1422 710 effugeret.»
1458 639 1583 694 llaec
1606 654 1729 693 cum
1757 639 1939 709 legunt

362 726 556 794 Judaei,
590 730 840 786 crudeles
856 731 1188 796 efficiuntur,
1215 743 1268 785 et
1294 732 1586 786 humanum
1619 731 1937 800 sanguinem

361 826 556 880 sitiunt
575 823 1001 894 .(49),putantes
1050 825 1178 894 quia
1227 835 1284 878 et
1331 825 1504 878 sancti
1551 825 1622 876 ita
1655 838 1940 894 percusse-

364 927 493 970 runt
522 931 620 970 eos
657 916 748 985 qui
779 916 1097 970 habitabant
1131 915 1268 986 llay,
1300 925 1367 970 ut.
1391 929 1496 970 non
1537 915 1942 984 relinqueretur

359 1009 434 1063 ab
468 1007 533 1062 iis
565 1008 657 1078 qui
692 1007 873 1064 salvus
903 1007 1080 1076 fieret,
1117 1022 1292 1077 neque
1332 1006 1420 1077 qui
1472 1001 1737 1078 effugeret
1768 1025 1781 1060 :
1832 1012 1938 1061 non

366 1097 739 1166 intelligemus
788 1099 844 1154 in
889 1100 956 1155 iis
1003 1099 1184 1154 verbis
1214 1099 1527 1153 adumbrari
1562 1100 1844 1170 mysteria,
1887 1107 1941 1154 et

366 1187 469 1243 hoc
527 1189 684 1244 nobis
739 1190 912 1260 magis
958 1190 1212 1253 iudicari,
1261 1191 1409 1259 quod
1459 1205 1525 1246 ex
1588 1191 1656 1246 iis
1710 1206 1938 1260 quorum

365 1279 536 1335 chaos
574 1291 653 1335 est
685 1281 1070 1348 habitaculum,
1099 1293 1156 1337 et
1187 1283 1276 1351 qui
1308 1291 1608 1353 regnarunt.
1639 1284 1692 1337 in
1720 1284 1946 1355 abysso:

365 1371 722 1440 daemonibus,
779 1373 980 1428 nullum
1028 1375 1244 1444 penitus
1302 1361 1614 1444 relinquere
1655 1372 1938 1443 debemus,

364 1465 460 1518 sed
512 1480 700 1520 omnes
752 1465 1086 1521 interimere.
1151 1465 1519 1522 lnterimimus
1575 1473 1758 1522 autem
1827 1468 1939 1522 dae-

361 1570 572 1620 mones,
619 1573 724 1611 non
791 1559 983 1627 ipsam'
1020 1573 1208 1612 eorum
1258 1559 1618 1612 substantiam
1671 1559 1942 1628 perimen-

369 1657 448 1700 tes
495 1664 510 1701 :
552 1649 648 1702 sed
703 1649 826 1716 quia
867 1663 1004 1718 opus
1057 1664 1246 1704 eorum
1290 1663 1352 1702 ac
1397 1649 1633 1703 studiunt
1682 1650 1783 1705 hoc
1819 1660 1938 1715 est,

371 1749 427 1792 ut
456 1753 684 1809 peccare
707 1740 959 1794 homines
989 1738 1220 1804 faciant,
1245 1749 1296 1794 et
1331 1741 1445 1795 haec
1467 1750 1552 1796 est
1580 1741 1796 1797 illorum
1829 1743 1938 1798 vita

363 1828 408 1882 si
437 1843 536 1883 nos
559 1842 870 1897 peccemus.
901 1828 1018 1883 sine
1058 1827 1224 1884 dubio
1257 1830 1514 1886 interitus
1551 1846 1738 1887 eorum
1777 1845 1862 1890 est
1893 1836 1938 1890 si

366 1935 473 1972 non
517 1932 824 1987 peccemus.
865 1919 1206 1975 lntertlciunt
1253 1937 1383 1992 ergo
1435 1923 1772 1981 habitatures
1822 1926 1938 1998 llay

365 2008 540 2063 sancti
563 2009 788 2078 quique,
817 2020 872 2064 et
905 2012 1194 2079 perimunt,
1231 2023 1284 2066 et
1321 2029 1423 2067 non
1461 2014 1742 2070 dimittunt
1767 2031 1835 2072 ex
1860 2017 1942 2073 eis

365 2100 535 2153 ullum
564 2117 577 2154 :
611 2099 646 2153 ii
681 2101 800 2156 sine
821 2103 990 2156 dubio
1032 2101 1161 2176 (50)
1192 2105 1280 2173 qui
1318 2121 1439 2159 cum
1466 2108 1619 2162 'oumi
1659 2109 1941 2180 diligentia

364 2202 588 2247 servant
616 2207 772 2247 suum
801 2208 914 2260 cor,
941 2210 1009 2250 ne
1043 2195 1108 2250 de
1137 2210 1202 2250 eo
1236 2197 1598 2266 cegitationes
1625 2199 1780 2255 mala:
1811 2217 1941 2272 pro-

368 2282 604 2347 cedant;
638 2282 731 2337 sed
777 2292 831 2338 et
877 2282 969 2352 qui
1005 2283 1308 2338 observant
1348 2300 1409 2339 os
1444 2301 1628 2352 suum,
1672 2298 1733 2342 ut
1762 2291 1941 2345 omnis

365 2385 551 2424 sermo
598 2373 775 2428 malus
818 2389 924 2428 non
969 2377 1226 2441 procedat
1251 2391 1317 2430 ex
1356 2392 1454 2432 ore
1471 2363 1688 2433 coram.
1718 2379 1829 2436 Hoc
1857 2391 1942 2436 est

368 2477 472 2514 non
518 2461 826 2532 relinquere
874 2453 1041 2519 ullum
1096 2467 1187 2537 qui
1239 2467 1484 2539 effugiat,
1532 2485 1655 2525 cum
1705 2487 1798 2528 eos
1841 2488 1941 2528 nec

366 2568 548 2608 sermo
574 2552 766 2626 effugit
804 2557 997 2612 malus.
1034 2558 1192 2628 Agite
1229 2576 1360 2629 ergo
1406 2572 1461 2617 et
1508 2578 1624 2626 vos,
1671 2581 1940 2635 prmpare-

296 2705 302 2711 ,
369 2661 488 2700 mus
543 2660 642 2701 nos
689 2648 756 2701 ad
793 2647 1103 2718 huiusmodi
1153 2651 1365 2720 praalia,
1412 2656 1779 2721 percutianms
1829 2657 1940 2728 llay

366 2739 419 2793 in
463 2753 558 2794 ore
603 2739 792 2810 gladii,
837 2751 892 2796 et
933 2742 1346 2814 e‘xstiuguamtts
1390 2760 1582 2801 omnes
1629 2747 1940 2805 habitantes

365 2832 560 2897 chaos,
593 2846 784 2886 omnes
831 2833 1140 2888 contrarias
1193 2835 1440 2891 virtutes.
1488 2829 1704 2893 Utinam
1745 2851 1798 2894 et
1839 2856 1940 2911 ego

368 2925 529 2980 modo
557 2927 682 2980 dum
717 2926 910 2996 loquor
951 2927 1016 2980 ad
1063 2943 1158 2983 vos
1198 2930 1421 2984 verbum
1461 2929 1579 2991 Dei,
1611 2946 1705 2986 cor
1747 2946 1941 3000 perca-

370 3016 502 3072 toris
535 3017 748 3085 pulsare
785 3017 1018 3087 possim!
1059 3019 1212 3085 Quod
1259 3020 1305 3074 si
1355 3022 1556 3086 fecero,
1603 3033 1808 3075 certum
1859 3032 1940 3077 est

2041 555 2216 599 strum
2239 547 2474 600 animam
2504 547 2896 617 intelligamus,
2949 551 3072 619 quze
3115 551 3418 607 aedificatur
3446 571 3476 609 a
3509 559 3615 610 Deo

2041 635 2189 690 mino
2219 653 2285 690 ex
2305 637 2572 707 lapidibus
2592 639 2749 704 vivis,
2786 640 2837 694 id
2873 651 2957 695 est
2993 658 3059 696 ex
3105 642 3402 698 virtutibus
3447 649 3616 702 variis

2040 738 2094 781 et
2157 729 2440 782 (Ιίνιοι-εἰεε
2500 731 2567 785 de
2636 730 2750 799 ipsa
2806 746 3023 802 quoque
3102 734 3324 788 civitate
3395 750 3620 792 sanctus

2040 821 2271 889 quisque
2306 828 2360 874 et
2387 820 2619 890 diligens
2650 821 2800 889 ejicit
2844 835 3164 893 peccatores
3196 843 3211 880 :
3248 826 3301 882 id
3340 837 3422 882 est
3469 830 3622 897 cogi-

2043 912 2621 980 tationespessimas,
2660 915 2714 967 et
2745 916 3076 984 cupiditates
3117 918 3320 985 pravas
3360 918 3620 974 iliterticit

2041 1001 2155 1069 (59.)
2188 1002 2240 1055 in
2269 1003 2563 1056 matutino.
2605 1001 2797 1058 Justus
2827 1004 2972 1058 enim
3016 1005 3151 1059 dicit
3178 1006 3262 1060 ’δε
3299 1025 3317 1058 ‹
3357 1006 3415 1061 ln
3446 1019 3623 1060 matu-

2044 1093 2175 1148 tinis
2227 1094 2535 1148 meditabar
2597 1095 2744 1167 (55)
2801 1098 2852 1149 in
2898 1105 2970 1159 te,
3017 1098 3143 1165 quia
3196 1096 3356 1164 fuisti
3405 1099 3622 1169 adiutor

2043 1200 2216 1240 meus.
2250 1203 2267 1236 ν
2308 1185 2582 1252 Quodest
2627 1189 2768 1242 istud
2813 1191 3168 1255 matutinum,
3217 1192 3320 1244 nisi
3365 1192 3623 1245 Dominus

2043 1275 2416 1332 noster‘Jesus
2435 1279 2711 1342 Christus,
2745 1279 2842 1348 qui
2867 1290 2953 1333 est
2984 1281 3072 1334 lux
3100 1295 3248 1345 vera,
3280 1293 3335 1335 et
3363 1283 3621 1336 exoriens

2044 1371 2096 1422 in
2140 1369 2400 1429 cordibus
2449 1372 2685 1434 nostris,
2735 1381 2900 1441 atque
2952 1373 3264 1427 illutninans
3302 1374 3624 1444 ignorantia:

2044 1469 2242 1512 nostra:
2276 1456 2556 1523 tcdebras,
2601 1471 2656 1514 et
2681 1461 2996 1528 huiusmodi
3031 1463 3188 1517 nobis
3222 1464 3479 1534 mysteria
3535 1477 3624 1515 ne-

2044 1549 2255 1614 velans,
2293 1551 2424 1606 facit
2459 1568 2559 1608 nos
2601 1554 2652 1606 in
2686 1553 2890 1607 lumine
2928 1568 3028 1608 suo
3075 1553 3254 1607 lumen
3298 1553 3529 1608 videre?
3566 1552 3621 1606 Si

2043 1645 2260 1711 quando
2303 1659 2432 1712 ergo
2469 1645 2606 1714 legis
2661 1645 2712 1698 in
2770 1645 3070 1713 Scripturis
3097 1648 3302 1701 sanctis
3341 1646 3614 1714 justorunt

2042 1749 2278 1803 pugnas,
2323 1737 2497 1790 caedes
2547 1752 2610 1791 ac
2662 1747 2872 1808 strages
2913 1738 3390 1807 interemptorum,
3417 1749 3470 1794 et
3494 1739 3620 1808 quia

2043 1829 2215 1881 sancti
2246 1827 2409 1882 nullis
2433 1832 2652 1899 penitus
2680 1831 2930 1884 hostibus
2957 1831 3071 1901 (64)
3099 1843 3352 1900 parcunt,
3377 1835 3624 1902 quinitno

2043 1920 2166 1974 etsi
2197 1923 2571 1990 pepercerim,
2623 1924 2865 1992 reputari
2919 1923 3000 1976 eis
3042 1923 3093 1982 in
3147 1935 3451 1991 peccatum,
3481 1926 3624 1978 sicut

2045 2021 2358 2080 reput‘atunt
2405 2012 2487 2068 est
2521 2014 2697 2076 Sauli,
2721 2012 2820 2083 qui
2847 2013 3027 2070 vi'vutn
3063 2016 3444 2071 reservaverat
3475 2017 3625 2088 Agag

2043 2120 2227 2174 regem
2256 2104 2479 2159 Amalec
2503 2104 2571 2167 ⁸⁸,
2607 2105 2708 2159 hoc
2735 2107 2896 2160 modo
2920 2122 3029 2176 quo
3055 2121 3219 2176 supra
3249 2108 3623 2176 exposuimus,

2043 2194 2283 2264 intellige
2325 2193 2464 2250 bella
2500 2194 2797 2262 iustorum,
2823 2197 2949 2268 quia
2976 2197 3090 2250 haec
3136 2197 3274 2250 bella
3323 2197 3392 2251 ab
3421 2198 3502 2251 eis
3528 2199 3625 2252 ad-

2041 2303 2259 2342 versum
2314 2298 2600 2358 peccatum
2630 2300 2915 2358 geruntur.
2945 2289 3241 2356 Quomodo
3279 2299 3463 2351 autem
3506 2307 3626 2344 tua--

2041 2377 2419 2445 uehunt-justi,
2455 2379 2496 2433 si
2531 2378 2613 2434 vel
2646 2395 2835 2448 parum
2853 2379 3065 2448 aliquid
3093 2380 3310 2448 peccati
3334 2379 3386 2432 in
3417 2390 3623 2434 semet-

2044 2469 2174 2538 ipsis
2218 2469 2668 2526 reservaverint?
2717 2471 2948 2524 Et-ideo
3003 2471 3206 2524 dicitur
3252 2471 3318 2524 de
3367 2470 3463 2534 eis,
3493 2471 3621 2540 quia

2043 2575 2151 2613 non
2201 2559 2544 2630 reliquerunt
2595 2577 2696 2616 nec
2742 2577 2906 2614 unum
2957 2561 3049 2629 qui
3097 2561 3287 2614 salvus
3338 2562 3514 2622 fieret,
3559 2576 3626 2613 ne

2043 2646 2332 2717 effugeret.
2385 2649 2643 2714 Fortasse
2695 2665 2799 2704 non
2846 2650 3218 2715 mihicredes,
3253 2651 3394 2718 quod
3428 2650 3625 2704 adver-

2045 2753 2163 2791 sum
2221 2745 2504 2807 peceatum
2579 2741 2733 2795 nobis
2799 2741 3101 2810 injungitur
3155 2751 3332 2810 pugna
3373 2746 3418 2795 :'
3458 2739 3628 2795 Paulo

2043 2833 2204 2883 crede
2253 2833 2456 2885 dicenti
2490 2834 2537 2864 ⁸⁸
2568 2851 2582 2887 :
2615 2852 2632 2884 α
2674 2832 2920 2886 Nondum
2974 2849 3143 2902 usque
3190 2835 3256 2887 ad
3308 2835 3624 2903 sanguinem

2045 2922 2324 2975 restitistis
2352 2923 2640 2977 adversum
2673 2935 2983 2993 peccatum.
3025 2944 3042 2977 υ
3096 2924 3262 2978 Vides
3293 2925 3387 2979 tibi
3431 2927 3626 2980 adver-

2043 3029 2160 3077 sum
2190 3026 2469 3081 peccatum
2502 3030 2740 3087 pugnam
2779 3019 3032 3087 proponi,
3070 3028 3126 3070 et
3172 3033 3344 3086 usque
3382 3017 3450 3072 ad
3492 3033 3627 3072 san-

366 3105 511 3174 qttod
563 3107 743 3177 gladio
791 3108 902 3162 oris
956 3108 1058 3162 mei
1113 3109 1415 3176 percutiam
1475 3108 1892 3164 fornicationem
1919 3150 1933 3172 ,
1969 3124 2010 3180 ρ
2047 3105 2226 3172 guinis
2249 3106 2623 3173 profusionem
2649 3109 2790 3162 istud
2827 3110 2920 3164 tibi
2953 3109 3199 3178 praelium
3235 3124 3624 3164 consumman-

365 3199 666 3265 percutiam
710 3197 990 3264 malitiam,
1028 3200 1320 3268 reprimam
1359 3201 1621 3266 furorem,
1664 3211 1715 3255 et
1763 3201 1806 3254 si
1835 3216 1938 3269 qua

364 3287 469 3340 alia
508 3296 637 3342 sunt
661 3287 798 3342 mala
834 3289 886 3342 in
923 3304 1022 3344 ore
1063 3290 1252 3359 gladii,
1293 3291 1343 3345 id
1377 3303 1460 3346 est
1500 3293 1611 3346 oris
1653 3293 1777 3355 mei,
1826 3294 1940 3347 oris

363 3379 469 3432 mei
498 3392 751 3434 sermone
777 3381 1118 3451 exslinguam
1149 3381 1290 3453 (5t),
1325 3392 1380 3438 et
1413 3399 1515 3436 non
1545 3384 1846 3452 relinquam
1877 3400 1939 3437 ex

362 3470 442 3524 eis
487 3470 578 3540 qui
639 3470 822 3525 salvus
870 3471 986 3538 ﬁat,
1035 3487 1210 3542 neque
1246 3474 1337 3543 qui
1390 3473 1632 3541 effugiat.
1695 3474 1753 3529 Si
1795 3475 1938 3529 enim

362 3575 553 3616 attines
587 3561 686 3617 hos
713 3562 898 3617 hostes
929 3573 1147 3618 nostros
1172 3566 1622 3629 exstinxerimus,
1661 3576 1786 3620 tunc
1818 3581 1943 3620 vere

362 3653 504 3708 diem
542 3653 738 3709 festum
771 3652 1172 3710 celebrabimus
1201 3655 1334 3721 Deo,
1367 3665 1417 3712 et
1462 3657 1702 3712 devictis
1744 3658 1939 3712 adver-

362 3747 526 3802 sariis
583 3747 699 3802 la-ta
742 3748 1090 3802 solemnitate
1143 3749 1521 3819 gaudebimus.
1565 3747 1696 3802 Tale
1737 3749 1941 3819 aliquid

363 3838 494 3893 mihi
546 3839 760 3894 videtur
802 3838 972 3912 418
1025 3842 1188 3895 etiam
1235 3855 1264 3893 a
1311 3850 1508 3895 sancto
1556 3839 1828 3908 Propheta
1883 3839 1938 3896 iu

359 3929 591 3987 Psalmis
643 3932 942 4003 designari,
990 3932 1077 3986 ubi
1121 3933 1255 3986 dicit
1301 3931 1371 3986 de
1419 3946 1479 3985 se
1523 3931 1605 3998 ⁸³,
1669 3931 1796 4002 quia
1833 3951 1851 3983 ι
1887 3933 1938 3986 in

360 4024 644 4078 matutinis
696 4024 1091 4078 interflciebam
1147 4037 1339 4078 omnes
1386 4031 1705 4091 peccatores
1757 4034 1937 4089 teme,

363 4125 420 4168 ut
448 4114 757 4185 disperdam
811 4115 878 4170 de
919 4115 1150 4168 civitate
1181 4113 1396 4168 Domini
1445 4128 1638 4169 omnes
1674 4114 1766 4184 qui
1811 4131 1941 4184 ope-

363 4215 554 4260 rantur
597 4206 964 4276 iniquitatem.
1015 4225 1034 4258 ι
1105 4195 1234 4258 Sive
1285 4204 1430 4259 enim
1476 4205 1675 4261 civitas
1724 4205 1939 4259 Domini

364 4296 602 4352 Ecclesia
635 4296 726 4351 Dei
760 4298 996 4352 viventis
1024 4296 1312 4367 accipitur,
1337 4294 1565 4364 ejiciunt
1592 4299 1845 4352 doctores
1874 4297 1940 4350 de

363 4389 624 4455 Ecclesia,
667 4386 729 4446 et
774 4390 1110 4445 interficiunt
1147 4405 1242 4446 eos
1271 4392 1363 4460 qui
1389 4401 1689 4458 operantur
1738 4390 1939 4459 iniqui-

362 4492 550 4546 tatem,
585 4483 890 4537 contrarios
916 4483 1193 4540 daemones
1219 4483 1678 4553 adversariasque
1703 4483 1934 4536 virtutes
1970 4477 2013 4532 D

359 4575 451 4642 qui
488 4584 686 4644 cogunt
732 4575 982 4630 homines
1006 4577 1071 4630 ad
1113 4587 1422 4648 peccatum,
1456 4575 1726 4640 docendo,
1780 4575 1936 4628 insti-

361 4663 586 4729 tuendo,
644 4673 700 4718 et
738 4664 1021 4746 occultata
1069 4665 1122 4720 in
1165 4665 1366 4721 divinis
1414 4666 1612 4721 litteris
1660 4681 1726 4720 ex
1791 4664 1934 4720 locis

363 4759 558 4814 talibus
599 4759 656 4814 in
697 4758 948 4830 qualibus
1001 4777 1144 4817 nunc
1192 4777 1418 4827 sumus,
1471 4761 1734 4834 mysteria
1787 4776 1934 4816 rese-

2044 3197 2218 3250 dum?
2265 3197 2372 3252 Aut
2428 3215 2532 3253 non
2585 3201 2866 3253 evidenter
2909 3201 3024 3255 hinc
3075 3201 3282 3254 indicat
3336 3201 3634 3270 Scriptura.

2043 3287 2250 3354 divina,
2293 3300 2348 3344 et
2378 3290 2447 3354 ,in
2481 3290 2546 3344 iis
2589 3292 2640 3343 in
2679 3291 2880 3359 quibus
2924 3291 3092 3351 moris
3122 3300 3205 3345 est
3233 3291 3281 3344 ei
3321 3292 3504 3345 dicere
3534 3292 3622 3346 ’τε

2047 3400 2065 3432 ι
2083 3379 2453 3434 .Sanctificate
2473 3381 2669 3434 bellum
2691 3397 2705 3444 ;
2736 3399 2754 3431 ι
2793 3385 2845 3436 "et
2859 3399 2902 3442 ,1
2919 3380 3233 3449 Pugnabitis
3253 3379 3624 3450 (55)pn’gnam

2044 3473 2252 3527 Domini
2287 3473 2312 3526 Ἰ
2339 3491 2360 3525 ι
2405 3473 2543 3538 Quid
2569 3473 2714 3526 ettitn
2741 3473 2889 3525 aliud
2915 3486 2996 3525 εει
3019 3473 3366 3527 sanctificare
3393 3472 3617 3536 bellum,

2043 3563 2150 3616 nisi
2186 3564 2527 3633 interemptis
2575 3563 2830 3618 oinnihus
2865 3563 3060 3616 anima:
3105 3572 3306 3617 nostra:
3347 3565 3618 3626 hostibus,

2041 3654 2135 3725 qui
2163 3665 2291 3710 sunt
2324 3655 2453 3708 vitia
2491 3663 2864 3724 peccatorum,
2895 3664 2951 3708 et
2975 3639 3320 3709 modificatis
3363 3654 3624 3708 tnernbris

2041 3762 2160 3818 qua!
2193 3757 2318 3802 sunt
2361 3762 2524 3816 super
2561 3757 2762 3801 terram
2797 3749 2962 3816 atque
2992 3745 3434 3801 cornibus-malis
3471 3747 3624 3813 cupi-

2041 3839 2305 3894 ditatibus
2375 3839 2705 3909 amputatis,
2765 3836 2903 3893 efﬁci
2960 3847 3207 3891 sanctum
3273 3851 3504 3906 corpore
3569 3849 3622 3888 et

2042 3932 2259 4000 spiritu,
2282 3943 2337 3985 et
2373 3931 2588 3985 fortiter
2631 3931 2918 3986 facientem
2957 3930 3146 3985 venire
3175 3929 3241 3981 ad
3273 3940 3619 3999 conSpcctum

2046 4025 2134 4077 Dei
2175 4024 2431 4087 viventis,
2463 4033 2518 4077 et
2542 4038 2640 4092 pro
2668 4023 2848 4092 palma
2893 4024 3137 4077 victoriae
3167 4022 3382 4074 virtutis
3429 4025 3622 4074 merito

2042 4113 2292 4167 coronati
2337 4131 2366 4168 a
2412 4115 2632 4169 Christo
2676 4113 2802 4170 Jesu
2853 4114 3081 4168 Domino
3127 4112 3356 4168 nostro?
3399 4112 3496 4167 Cui
3539 4121 3623 4165 est

2042 4206 2209 4276 gloria
2241 4215 2296 4260 et
2322 4207 2608 4276 imperium
2646 4207 2699 4262 in
2736 4204 2934 4260 saecula
2967 4205 3315 4258 surculorum.
3355 4206 3547 4258 Amen.

2621 4295 2903 4352 HOMlLIA
2944 4294 3033 4349 IX.

2047 4388 2121 4443 De
2153 4390 2314 4443 altari
2349 4389 2488 4459 quod
2515 4388 2796 4459 aedificavit
2827 4386 2986 4441 Jews
3013 4403 3031 4441 :
3073 4386 3404 4459 ubi_scripsit
3443 4385 3513 4459 in
3537 4384 3624 4459 la_-

2113 4462 2324 4530 pidibus
2345 4455 2464 4524 eius
2493 4458 2606 4527 (56)
2623 4455 3122 4530 Deuteronomium.
3142 4455 3205 4530 fit
3222 4459 3481 4530 quomodo
3499 4457 3620 4530 (egit

2114 4521 2248 4583 illud
2274 4532 2325 4582 in
2345 4521 2562 4582 auribus
2593 4521 2758 4582 totius
2785 4528 2965 4595 populi
3003 4525 3190 4580 statuis
3231 4521 3282 4577 in
3327 4521 3544 4578 Garum
3571 4536 3619 4576 ιιι

2113 4598 2276 4652 Gebat
2303 4615 2320 4652 :
2359 4609 2408 4651 et
2439 4601 2701 4666 quomodo
2721 4599 2852 4669 (57)
2882 4606 3232 4651 convenerunt
3268 4611 3408 4664 reges
3427 4595 3618 4646 Amor—

2115 4671 2379 4724 tinearum
2421 4670 2674 4722 adversus
2701 4668 2908 4722 Iesum.

2114 4764 2168 4817 t.
2213 4761 2574 4832 Posteaquam
2604 4756 3052 4815 subvertitlesus
3074 4757 3210 4828 llay.
3240 4757 3290 4810 id
3313 4767 3397 4810 est
3426 4771 3613 4819 cimus,

428 4901 476 4934 ”
503 4899 617 4957 Jos.
647 4914 766 4964 vin,
789 4899 882 4955 22.
953 4900 1000 4932 ⁸³
1023 4899 1167 4960 Psal.
1191 4917 1266 4970 Cl,
1295 4901 1351 4957 8.
1425 4902 1472 4935 ⁸⁵
1502 4901 1648 4960 Psal.
1674 4917 1831 4967 um,
1859 4902 1916 4965 6,

2064 4877 2135 4935 ’⁸⁸
2163 4901 2185 4957 l
2216 4899 2351 4971 Reg.
2382 4914 2475 4956 xv.
2566 4898 2613 4932 ⁸⁸
2645 4899 2810 4955 llebr.
2847 4914 2944 4960 xu,
2987 4897 3042 4952 4.
3118 4896 3160 4926 ⁸⁷
3190 4892 3326 4948 Joel.
3359 4906 3439 4953 ιιι,
3478 4889 3535 4951 9.
3567 4897 3619 4940 (τι

357 4991 377 5045 1
417 4990 548 5061 Reg.
581 5005 735 5058 xvnt,
772 4990 858 5044 l7.

428 5129 539 5212 (fit)
579 5129 758 5212 podex
807 5127 1095 5200 Sangerm.
1141 5149 1160 5182 ι
1209 5131 1420 5186 sitiunt.
1465 5149 1483 5182 ι
1537 5128 1696 5184 Libb.
1747 5129 1928 5186 editi:

359 5217 380 5252 ι
412 5209 676 5254 sitientes.
710 5219 728 5250 ι

426 5270 539 5340 (50)
581 5269 690 5324 Mss
749 5287 768 5323 ι
809 5268 846 5325 ii
893 5269 1013 5326 sine
1058 5269 1241 5326 dubio.
1294 5289 1314 5322 ι
1369 5268 1529 5324 Libb.
1585 5268 1756 5324 editi:
1818 5286 1837 5321 α
1884 5269 1931 5326 si

353 5341 470 5395 sine
498 5340 680 5395 dubio.
717 5359 737 5392 ι

422 5410 537 5480 (51)
576 5410 756 5466 Codex
811 5410 1104 5480 Sangerm.
1167 5427 1186 5463 ι
1248 5408 1614 5477 exstinguam.
1682 5427 1702 5461 ι
1766 5409 1925 5465 Libb.

351 5481 485 5550 editi
526 5499 545 5532 ι
574 5482 935 5550 restinguatn.
965 5499 984 5533 ι

422 5549 534 5622 (52)
578 5551 706 5622 Mss.
739 5548 771 5600 ἱ
797 5548 1262 5622 ititerﬁciLiLibb.
1291 5549 1446 5622 editi,
1486 5567 1505 5601 ι
1551 5548 1864 5622 ittterliciet.
1907 5567 1925 5601 ι

387 5613 537 5700 ,(Ξξὸ)
579 5619 868 5689 Saugerm.
903 5639 922 5672 ί
957 5619 1282 5674 meditabar.
1315 5638 1334 5671 ι
1368 5613 1532 5675 Libb.
1565 5619 1720 5685 editi,
1758 5637 1778 5672 c
1819 5635 1932 5675 me-

348 5690 578 5746 ditabor.
624 5711 642 5742 ι

332 5817 342 5834 ⁸
420 5759 534 5822 (56)
573 5759 746 5824 Idem,
803 5779 820 5812 ι
876 5759 1038 5817 nullis
1105 5761 1319 5828 penitus
1375 5760 1637 5816 hostibus.
1688 5779 1704 5810 ι
1763 5758 1924 5815 Libb.

2038 5127 2190 5190 editi,
2231 5150 2248 5178 σ
2291 5126 2420 5182 nulli
2458 5124 2679 5196 penitus
2711 5121 2970 5197 iIOStit|'_“°
3008 5137 3026 5168 ’
3113 5187 3130 5197 .
3160 5187 3192 5197 ..
3218 5187 3229 5197 .

2109 5183 2222 5270 (55)
2264 5197 2429 5270 Idem,
2459 5183 2496 5245 ἰ
2544 5207 2597 5250 et
2640 5191 2970 5264 pugnabitis.
3041 5207 3058 5241 ι
3112 5187 3274 5242 Libb.
3314 5183 3469 5247 editi,
3505 5203 3523 5233 ι
3561 5193 3617 5237 et

2037 5267 2433 5353 exPl'Etmitbujs‘
2469 5283 2540 5353 ὀ
2693 5347 2769 5353 ..._
2898 5347 2912 5353 -
2968 5328 3080 5353 -z..-
3163 5345 3180 5353 -
3241 5324 3375 5353 ΗΜ.
3455 5322 3583 5353 ,ΑΜ

2110 5322 2224 5408 (56)
2263 5336 2444 5408 Codegt
2509 5333 2845 5408 Sangerm._,_
2894 5347 2912 5380 ι
2966 5328 3100 5394 ejus.
3163 5345 3182 5379 ι
3241 5324 3398 5408 Libb.
3455 5322 3610 5408 editli,

2040 5426 2058 5459 ι
2109 5394 2320 5459 altaris.
2351 5424 2368 5454 ι
2415 5404 2579 5456 Paulo
2622 5394 2746 5471 post
2793 5401 2936 5471 idem
2979 5416 3180 5471 nisa}
3237 5405 3294 5449 et
3337 5394 3614 5471 quonmdo
3691 5450 3696 5455 ,

2034 5477 2161 5545 legit
2196 5477 2325 5545 illud
2360 5475 2412 5527 in
2460 5465 2703 5527 auribus.
2742 5488 2761 5523 ι
2799 5470 2968 5545 Libb.
3005 5469 3219 5545 editi,_t
3255 5473 3310 5520 et
3339 5465 3614 5532 quomodo

2044 5538 2233 5612 redegit
2257 5543 2415 5616 .Iesus
2453 5544 2927 5596 Deuteronomium
2958 5542 3009 5594 in
3038 5538 3349 5616 _auribu_s_.‘r_

2100 5604 2214 5685 (5³7)
2251 5615 2394 5669 Idem
2449 5628 2574 5679 Ins.,
2636 5630 2656 5664 ι
2714 5622 2770 5667 et
2814 5608 3110 5681 quomodo.
3160 5625 3180 5659 ι
3229 5604 3392 5660 Libb.
3448 5604 3612 5663 editi.

2032 5703 2054 5739 ι
2086 5687 2196 5741 ubi.
2239 5704 2259 5740 ι
