4104 6226
567 226 665 282 871

2026 213 2186 269 ORIG
2196 214 2352 270 ENIS

3809 226 3927 286 (‘72

569 363 620 403 et
648 360 839 401 omnes
891 342 1229 397 habitatores
1264 340 1385 409 ejus
1432 341 1655 406 exemit,
1698 341 1980 410 oportebat
2018 357 2139 395 cum
2172 343 2211 399 Α
2244 356 2345 409 ego
2394 341 2654 406 arbitror,
2707 342 2848 411 quod
2898 341 3209 412 quicunque
3258 356 3323 396 ex
3369 340 3540 396 vobis
3592 344 3925 412 Ιςψῑιιῐιηις

571 440 790 501 dignum
856 434 1070 503 aliquod
1145 433 1237 486 tali
1300 442 1560 501 tantaque
1633 434 1859 487 victoria
1925 434 2141 486 excelso

567 528 812 585 omnium
853 529 964 581 Deo
989 527 1102 595 (58)
1139 542 1335 580 munus
1385 526 1609 581 oﬂ‘erre.
1646 528 1783 592 Quid
1834 542 1962 597 ergo
1996 526 2141 579 istud

566 632 651 675 est
688 621 832 689 quod
872 618 982 687 agit
1016 627 1135 686 post
1163 618 1473 679 victoriam,
1512 617 1832 671 videamus:
1880 637 1897 669 ι
1936 619 2140 674 ᾹΞιΙίιί-

568 715 731 778 cavit,
763 714 937 781 inquit
966 713 1037 777 ⁸ο,
1067 712 1230 767 Iesus
1258 713 1432 765 altare
1476 711 1708 765 Domino
1736 713 1844 765 Deo
1878 713 2038 767 Israel
2086 714 2138 766 in

570 812 749 855 monte
788 801 978 865 Gebal,
1025 810 1079 854 et
1132 800 1259 853 fecit
1308 799 1433 852 illud
1460 800 1597 853 sicut
1629 798 1887 867 przeccpit
1920 797 2136 868 Moyses

568 891 801 946 famulus
834 891 1042 945 Domini
1073 890 1197 943 Iiliis
1237 889 1422 942 Israel.
1451 889 1727 955 Scriptum
1754 898 1840 943 est
1868 899 2052 943 autem
2086 891 2136 942 itt

567 986 685 1054 lege
735 983 957 1052 Muysis,
989 981 1159 1034 altare
1201 980 1311 1034 ﬁeri
1360 995 1425 1034 ex
1476 980 1745 1050 lapidibus
1786 981 2033 1051 integris,
2083 982 2136 1034 in

564 1076 760 1142 quibus
787 1089 892 1127 non
928 1082 1009 1126 est
1041 1071 1296 1137 injectum
1340 1069 1568 1123 ferrum.
1610 1089 1628 1121 ι
1673 1069 1738 1122 Et
1779 1079 2135 1139 posteaquam

566 1165 690 1217 fecit
737 1164 907 1216 altare
939 1161 1115 1222 Iesus,
1163 1161 1470 1229 «imposuit
1536 1161 1606 1213 ibi
1663 1161 1976 1215 holocausta
2036 1163 2136 1215 Do-

566 1258 731 1316 mino.
768 1263 820 1307 et
847 1253 1145 1308 immolavit
1168 1254 1501 1308 sacrificium
1546 1253 1807 1307 salutaris
1841 1252 1988 1325 (59),
2027 1274 2044 1305 ι
2082 1266 2138 1310 et

565 1356 682 1415 post
718 1344 1041 1400 Sacriﬁcium
1098 1364 1116 1395 ι
1149 1346 1367 1413 scripsit
1398 1347 1449 1399 in
1495 1345 1767 1414 lapidibus
1800 1344 1961 1399 Iesus
1999 1346 2137 1401 Deu-

565 1435 944 1499 teronomium,
997 1435 1165 1504 legem
1201 1435 1392 1506 Moysi,
1435 1447 1489 1490 et
1522 1437 1745 1504 scripsit
1794 1452 1912 1491 eam
1943 1453 2131 1491 coram

564 1527 688 1582 ﬁliis
713 1528 875 1581 Israel
909 1549 920 1582 :
947 1537 1000 1582 et
1022 1541 1208 1581 omnes
1230 1529 1474 1582 seniores
1504 1529 1691 1592 Israel,
1724 1540 1775 1583 et
1800 1530 2037 1598 judiccs,
2070 1539 2122 1584 et

560 1621 749 1674 scriba:
791 1635 977 1673 eorum
1028 1621 1402 1687 praecedebant
1452 1619 1577 1674 hinc
1625 1630 1682 1673 et
1736 1621 1888 1674 illinc
1947 1636 2128 1673 arcam

562 1711 867 1765 testamenti
915 1710 1151 1763 Domini.
1188 1730 1206 1762 ι
1248 1710 1543 1766 Videamus
1596 1728 1724 1782 ergo
1766 1712 1893 1779 quid
1953 1714 2006 1767 in
2048 1714 2132 1769 Itis

559 1808 811 1861 oumilms
856 1807 1145 1872 indicetur,
1202 1816 1257 1860 et
1308 1807 1435 1875 quid
1486 1821 1726 1874 prmsens
1769 1806 1932 1860 lectio
1978 1807 2133 1862 nobis

558 1898 937 1952 :edificationis
964 1900 1231 1967 acquirat.
1265 1897 1467 1952 Omnes
1508 1897 1599 1966 qui
1642 1897 1693 1950 in
1729 1896 1915 1951 Iesum
1968 1898 2131 1952 Chri-

558 2000 699 2043 stum
727 1989 1016 2055 credimus,
1042 1990 1246 2059 lapides
1268 1990 1367 2043 vivi
1400 2004 1522 2042 esse
1546 1988 1804 2050 dicimur,
1832 1990 2128 2043 secundum

555 2081 696 2150 quod
728 2080 1007 2147 Scriptura
1032 2081 1370 2151 pronuntiat,
1400 2081 1586 2134 dicens
1626 2080 1671 2111 ⁸³
1702 2098 1715 2133 :
1755 2100 1773 2131 ι
1808 2080 1915 2135 Vos
1948 2090 2129 2136 autem

561 2172 695 2225 estis
721 2171 925 2240 lapides
952 2171 1082 2237 vivi,
1119 2170 1375 2226 aediﬁcati
1411 2170 1602 2225 domus
1644 2169 1903 2239 spiritalis
1946 2170 2000 2224 in
2044 2186 2133 2225 sa-

554 2264 797 2317 cerdotio
864 2273 1086 2328 sancto,
1154 2274 1213 2317 ut
1268 2263 1510 2317 offeratis
1566 2247 1842 2333 spiritales
1897 2264 2125 2329 hostias,

553 2354 914 2424 aceeptahiles
939 2354 1046 2409 Deo
1071 2370 1166 2422 per
1187 2354 1374 2409 Iesum
1406 2354 1710 2409 Christum.
1735 2374 1752 2405 ι
1772 2353 1921 2410 Sicut
1948 2366 2127 2411 autem

555 2448 607 2499 in
646 2447 760 2500 istis
786 2447 1019 2501 terrenis
1042 2446 1314 2514 lapldibus
1344 2446 1626 2500 observari
1668 2447 1938 2511 novimus,
1973 2458 2031 2501 ut
2065 2448 2117 2503 hi

553 2537 770 2608 quidem
804 2536 1010 2606 lapides
1043 2537 1133 2605 qui
1176 2536 1469 2592 validiores
1508 2546 1635 2592 sunt
1667 2548 1722 2592 et
1772 2538 2126 2607 potentiores,

554 2627 712 2696 primi
758 2628 810 2682 in
870 2626 1222 2680 fundamenta
1255 2627 1552 2697 jaciantur,
1606 2638 1664 2681 ut
1709 2629 1843 2697 ipsis
1886 2631 2031 2685 credi
2076 2642 2129 2686 ct

554 2720 841 2788 superponi
883 2720 1057 2788 possit
1104 2720 1271 2773 totius
1301 2720 1519 2774 azdiﬁcii
1566 2722 1827 2790 pondus:
1862 2722 1953 2777 alii
1999 2740 2129 2779 vero

553 2814 643 2876 qui
694 2822 982 2880 sequentes
1029 2822 1178 2875 sunt,
1225 2810 1276 2865 id
1328 2820 1411 2866 est
1465 2813 1623 2879 paulo
1666 2812 1771 2867 illis
1812 2813 2124 2881 inferiores,

560 2903 790 2970 proximi
828 2902 932 2956 illis
977 2903 1067 2971 qui
1101 2904 1153 2957 in
1191 2903 1543 2958 fundamento
1585 2913 1731 2967 sunt,
1770 2904 2122 2971 ordinentur;

2244 436 2387 489 vivis
2426 436 2532 502 apti
2564 443 2713 499 sunt,
2748 435 2800 488 in
2848 434 2949 489 hoc
2982 434 3240 503 prompti,
3272 442 3330 487 ut
3358 435 3780 490 oratioaribus
3817 454 3918 489 va-

2245 535 2387 587 cent.
2424 535 2478 580 et
2509 536 2564 578 ut
2592 527 2680 579 die
2704 534 2972 592 noctuque
3002 523 3410 579 obsecrationes
3432 522 3724 579 otii-rant
3762 528 3903 586 Deo,

2243 624 2296 669 et
2326 615 2778 683 supplicationum
2819 614 3070 670 victimas
3126 614 3430 682 immolent,
3465 617 3593 685 ipsi
3642 629 3801 672 sunt
3834 635 3903 675 ex

2243 704 2439 771 quibus
2469 701 2627 756 Iesus
2655 704 2886 757 :ediﬁcat
2919 704 3112 758 altare.

2310 794 2364 847 ‘2.
2402 793 2505 847 Sed
2538 793 2748 847 intuere
2796 796 2922 863 quid
2952 794 3130 848 laudis
3177 795 3306 863 ipsis
3338 796 3642 865 lapidibus
3675 802 3887 856 altaris

2241 884 2557 937 aseribitur.
2605 902 2623 934 ι
2657 881 2812 937 Sicut
2858 885 3012 950 dixit,
3058 885 3323 955 inquit",
3361 887 3681 957 legislator
3718 894 3876 963 Μυγ-

2241 989 2350 1035 ses,
2402 974 2657 1029 aediﬁcari
2704 975 2877 1029 altare
2921 991 2983 1029 ex
3022 975 3292 1046 lapidibus
3344 978 3597 1049 integris
3653 985 3870 1051 quibus

2240 1064 2442 1118 ferrqu
2476 1081 2579 1119 non
2610 1076 2694 1120 est
2729 1067 3007 1136 injectum.
3035 1087 3053 1118 ι
3098 1067 3198 1133 Qui
3232 1079 3389 1137 putas
3415 1082 3548 1125 sunt
3584 1075 3688 1129 isti
3724 1076 3863 1131 inte-

2238 1156 2589 1226 grilapides?
2636 1157 2796 1213 Novit
2846 1158 3266 1228 uniuscujusque
3317 1162 3673 1219 conscientia
3729 1168 3854 1235 quis

2237 1246 2307 1299 sit
2344 1247 2568 1316 integer,
2598 1249 2719 1316 quis
2747 1248 2819 1302 sit
2853 1250 3221 1318 incorruptus,
3259 1250 3604 1321 impollutus,
3644 1255 3846 1312 imma~

2237 1338 2448 1394 cnlatns
2477 1339 2528 1392 in
2562 1354 2728 1395 carne
2756 1349 2810 1393 et
2855 1341 2906 1393 in
2934 1341 3127 1408 spiritu
3161 1358 3176 1395 :
3209 1342 3330 1409 quis
3366 1343 3440 1396 sit
3475 1346 3563 1400 ille
3592 1350 3685 1401 cui
3720 1350 3837 1403 fer-

2237 1448 2353 1486 rum
2408 1432 2668 1502 injectum
2720 1450 2825 1488 non
2874 1443 2977 1496 est,
3028 1434 3079 1487 id
3133 1433 3340 1502 estqui
3384 1435 3550 1504 jacula
3582 1414 3824 1511 maligni

2239 1522 2403 1590 ignita
2437 1521 2892 1591 concupiscentiae
2927 1535 3031 1574 non
3066 1521 3287 1588 recepit,
3335 1521 3431 1574 sed
3466 1532 3607 1575 scuto
3635 1540 3699 1577 ea
3736 1527 3812 1577 Ii-

2237 1615 2321 1668 dei
2354 1614 2620 1668 exstinxit
2652 1623 2705 1668 et
2735 1613 2931 1682 repulit
2966 1631 2977 1665 :
3013 1613 3096 1666 vel
3145 1613 3270 1681 quis
3299 1622 3386 1667 est
3432 1614 3529 1675 ille,
3558 1616 3641 1681 qui
3676 1613 3794 1668 fer-

2167 1691 2206 1745 Β
2238 1724 2354 1763 rum
2392 1722 2606 1778 pugnae,
2659 1707 2859 1761 ferrum
2908 1707 3059 1770 belli,
3095 1707 3299 1762 ferrum
3332 1707 3505 1761 litiutn
3534 1724 3784 1775 nunquam

2238 1802 2458 1870 recepit,
2490 1800 2583 1855 sed
2644 1814 2860 1868 semper
2909 1799 3165 1869 paciﬁcus
3193 1797 3314 1861 fuit,
3360 1812 3573 1865 semper
3600 1798 3786 1865 quietus

2233 1901 2285 1945 et
2317 1892 2485 1956 ruitis,
2535 1906 2600 1945 ex
2635 1890 2844 1945 Christi
2899 1889 3200 1942 humilitate
3248 1888 3514 1943 formatus
3544 1888 3680 1957 (65).
3712 1887 3798 1940 Isti

2233 1992 2357 2036 sunt
2397 1998 2527 2048 ergo
2576 1982 2781 2050 lapides
2811 1981 2941 2045 vivi,
2999 1979 3316 2049 exquibus
3363 1978 3526 2034 Iesus
3559 1980 3812 2033 Dominus

2234 2083 2419 2128 noster
2451 2074 2623 2127 altare
2656 2073 2959 2127 construxit
3007 2086 3072 2124 ex
3103 2072 3370 2140 lapidibus
3404 2072 3651 2139 integris,
3701 2070 3816 2140 (ιιιί⁴

2232 2164 2332 2218 bus
2368 2162 2573 2216 ferrum
2608 2176 2713 2215 non
2746 2170 2832 2215 est
2881 2161 3163 2228 injectum,
3216 2170 3276 2214 ut
3304 2160 3498 2214 offerat
3532 2177 3698 2230 super
3722 2176 3810 2215 eos

2237 2256 2550 2309 holocausta
2596 2263 2651 2308 et
2695 2253 3023 2307 sacriﬁcium
3077 2252 3289 2310 salutis.
3335 2255 3445 2324 Ego
3483 2266 3613 2321 puto
3670 2251 3812 2323 quod

2232 2344 2371 2398 forte
2404 2344 2490 2397 isti
2531 2342 2663 2397 tales
2694 2343 2899 2412 lapides
2921 2343 3115 2413 integri
3142 2352 3196 2398 et
3224 2343 3661 2405 incontaminati,
3688 2358 3815 2397 san-

2231 2437 2302 2489 cti
2337 2434 2571 2504 apostoli
2606 2449 2724 2489 esse
2759 2436 2989 2504 possint,
3043 2451 3236 2489 omnes
3260 2436 3420 2490 simul
3448 2436 3618 2489 altare
3646 2450 3809 2489 unum

2232 2525 2495 2579 facientes
2523 2534 2752 2595 propter
2797 2525 3213 2579 unanimitaten'i
3250 2537 3409 2594 atque
3440 2526 3807 2580 concordiam.

2232 2613 2321 2668 Sic
2354 2616 2497 2667 enim
2531 2613 2843 2668 referuntur
2871 2628 3064 2668 omnes
3103 2616 3263 2668 simul
3297 2615 3623 2668 unanimiter
3651 2629 3807 2668 oran-

2231 2712 2331 2771 tes,
2363 2714 2415 2759 et
2443 2707 2751 2775 aperientes
2779 2721 2839 2760 os
2867 2722 3020 2761 suum
3048 2708 3249 2762 dixisse
3271 2707 3317 2738 ”
3348 2726 3361 2760 :
3397 2726 3413 2757 ι
3440 2707 3538 2770 Τιι,
3565 2706 3800 2766 Domine.

2230 2798 2322 2867 qui
2372 2798 2535 2851 corda
2566 2798 2810 2852 omnium
2866 2799 3027 2852 nosti.
3056 2817 3076 2851 ι
3140 2798 3232 2853 Isti
3263 2813 3391 2868 ergo
3438 2800 3525 2864 qui
3558 2804 3798 2866 poterant

2230 2890 2535 2952 unanimes,
2588 2904 2690 2942 una
2724 2904 2855 2943 voce
2908 2901 3070 2958 atque
3110 2906 3210 2943 uno
3257 2892 3449 2958 Spiritu
3491 2904 3669 2953 orare,
3703 2890 3797 2958 ipsi

551 2992 644 3061 qui
696 3008 825 3046 vero
884 2993 1002 3062 plus
1057 2993 1350 3047 inferiores
1396 3000 1543 3059 sunt,
1601 2992 1759 3061 paulo
1799 2996 2049 3062 superius
2096 3012 2123 3048 τι
2155 3021 2197 3077 c
2235 2978 2646 3047 fortassedigni
2680 2988 2805 3031 sunt
2835 2979 2925 3047 qui
2967 2980 3195 3077 debcant-
3216 2992 3403 3031 OﬂlllCS
3434 2978 3592 3030 SIIIIIII
3620 2994 3786 3031 unum

553 3085 954 3151 fundamentis;
988 3096 1099 3140 tum
1130 3085 1323 3139 deinde
1355 3084 1409 3137 in
1445 3086 1858 3154 comparatione
1888 3087 2125 3156 lapidum

550 3178 643 3246 qui
707 3179 1037 3233 inﬁrmiores
1090 3190 1237 3243 sunt,
1291 3180 1345 3233 itt
1403 3179 1802 3248 superioribus,
1859 3189 1914 3233 et
1960 3196 2129 3250 prope

552 3268 664 3333 ipsa
706 3267 819 3335 jam
864 3268 988 3321 tecti
1040 3266 1258 3336 fastigia
1294 3268 1673 3333 collocentur;
1731 3269 1807 3324 ita
1860 3285 2003 3325 nunc
2047 3272 2131 3325 in-

552 3352 732 3423 lellige
763 3355 926 3408 etiam
957 3356 1024 3409 de
1060 3356 1334 3427 lapidibus
1360 3358 1499 3411 vivis
1523 3372 1643 3411 esse
1677 3358 1893 3427 aliquos
1918 3360 1970 3413 in
2005 3359 2130 3415 fun-

546 3447 820 3501 dantentis
838 3446 997 3515 hujus
1014 3447 1281 3515 spiritalis
1303 3448 1541 3503 aediﬁcii.
1569 3448 1671 3514 Qui
1691 3459 1872 3503 autem
1896 3462 2022 3505 sunt
2040 3452 2125 3505 isti

547 3539 638 3604 qui
692 3541 744 3591 in
801 3537 1168 3593 fundamentis
1196 3538 1535 3594 collocantur
1578 3540 1601 3593 ἲ
1637 3540 1880 3609 Apostoli
1915 3552 1971 3596 et
1999 3558 2128 3610 pro-

548 3632 744 3698 phetae.
778 3628 868 3683 Sic
907 3630 1051 3684 enim
1084 3630 1216 3683 dicit
1253 3627 1472 3693 Paulus,
1505 3630 1624 3684 haec
1656 3630 1770 3699 ipse
1799 3632 2000 3686 docens
2029 3633 2073 3663 ⁰⁰
2110 3652 2121 3687 :

554 3739 575 3773 ι
609 3720 914 3784 ιιΕιΙίῦειιιί,
966 3722 1175 3790 inquit,
1237 3738 1402 3791 supra
1448 3722 1860 3777 fundamentum
1910 3737 2128 3794 aposto-

548 3814 722 3867 lorum
760 3823 813 3867 et
845 3814 1258 3882 prophetarum,
1315 3815 1432 3882 ipso
1471 3830 1687 3869 summo
1728 3815 1972 3884 angnlari
2015 3816 2126 3888 (ϋο)

544 3907 712 3979 419
742 3908 920 3976 lapide
966 3906 1182 3961 Christo
1212 3905 1340 3959 Iesu
1378 3905 1607 3961 Domino
1639 3916 1843 3961 nostro.
1866 3927 1886 3960 ι
1934 3906 2001 3962 Ut
2028 3924 2127 3961 au—

548 4010 654 4050 tem
686 3999 1075 4065 promptiorem
1112 4005 1163 4048 te
1201 4009 1490 4063 praepares,
1524 4010 1557 4049 ο
1588 3996 1830 4061 auditor,
1870 3998 1937 4049 ad
1973 3996 2129 4064 hujus

544 4089 761 4143 aedilicii
795 4088 1282 4148 constructionem,
1334 4095 1391 4139 ut
1441 4085 1573 4153 lapis
1604 4085 1803 4155 aliquis;
1834 4086 2127 4141 inveniaris

545 4180 776 4233 vicinior
802 4180 1179 4244 fundamento,
1216 4178 1361 4231 disce
1388 4177 1510 4245 quia
1536 4187 1585 4230 et
1620 4177 1731 4245 ipse
1755 4177 2001 4233 Christus
2030 4180 2128 4232 hu-

541 4273 627 4341 jus
648 4274 792 4342 quod
818 4289 962 4328 nunc
986 4272 1371 4340 descripsimus
1398 4270 1534 4341 (61),
1563 4270 1774 4325 aedilicii
1801 4268 2123 4323 fundamen-

545 4376 658 4419 tum
683 4374 785 4422 est.
827 4363 917 4419 Sic
953 4365 1096 4418 enim
1146 4364 1277 4418 dicit
1326 4365 1606 4434 apostolus
1657 4360 1920 4415 Paulus“
1958 4362 2068 4433 (62)

548 4458 1026 4512 «Fundamentum
1080 4457 1224 4510 cnim
1273 4457 1417 4509 aliud
1468 4470 1626 4509 nemo
1674 4463 1851 4524 potest
1899 4468 2121 4523 ponere,

542 4560 738 4620 praeter
766 4550 817 4602 id
844 4548 984 4617 quod
1009 4548 1243 4617 positum
1262 4557 1360 4611 est,
1376 4547 1517 4615 quod
1535 4557 1615 4599 est
1641 4544 1887 4600 Christus
1906 4543 2115 4600 Iesus»

543 4642 688 4696 Beati
721 4657 851 4711 ergo
881 4641 971 4709 qui
1005 4655 1166 4708 supra
1193 4639 1332 4693 istud
1366 4648 1471 4693 tam
1500 4638 1678 4692 nobile
1707 4636 2117 4691 fundamentum

538 4722 762 4789 mdiﬁrcia
816 4734 1067 4804 religiosa
1114 4741 1168 4786 et
1214 4742 1401 4787 sancta
1452 4730 1875 4785 construxeriut.
1920 4728 2024 4783 Sed
2061 4729 2113 4782 itt

542 4827 640 4879 hoc
665 4825 894 4880 aediﬁcio
926 4823 1181 4879 Ecclesiae
1226 4832 1440 4891 oportet
1489 4836 1608 4877 esse
1640 4830 1692 4875 et
1724 4819 1915 4875 altare.
1957 4818 2112 4875 Unde

608 4939 656 4971 ⁸⁸
684 4938 796 4994 Ios.
827 4956 942 5003 vui,
967 4940 1056 4998 ³50.
1105 4939 1199 5003 51,
1235 4938 1323 5002 52,
1364 4937 1454 4991 55.
1567 4935 1611 4967 ⁸9
1641 4935 1658 4989 I
1687 4934 1804 4990 Pet.
1836 4949 1895 5002 tt,
1936 4934 1993 4988 5.

536 5013 581 5042 ”
608 5012 725 5065 Act.
755 5026 792 5075 ι,
820 5009 912 5063 24.
990 5009 1035 5041 ”
1056 5008 1216 5063 Rom.
1242 5025 1360 5074 vtu,
1381 5007 1471 5062 26.

2090 4933 2136 4965 ’°
2194 4932 2392 5002 Ephes.
2438 4945 2495 4992 ιι,
2542 4928 2632 4982 ἳΟ.

2231 3071 2401 3124 altare
2433 3079 2771 3136 construere,
2818 3084 2981 3140 super
3006 3070 3139 3139 quod
3173 3067 3326 3122 Iesus
3354 3069 3677 3122 sacrificium
3703 3070 3785 3121 of—

2233 3164 2364 3218 ferat
2397 3161 2571 3216 Patri.
2614 3161 2817 3215 Tamen
2852 3171 2902 3216 et
2956 3178 3056 3216 nos
3082 3170 3343 3215 tentemus
3382 3162 3503 3213 dare
3540 3174 3777 3228 operam,

2231 3260 2288 3304 ut
2307 3252 2494 3306 cadent
2518 3252 2763 3306 dicamus
2789 3265 2976 3305 omnes
3006 3250 3329 3304 unanimiter
3356 3249 3461 3321 (fit)
3486 3265 3638 3302 unum
3661 3264 3779 3302 sen-

2233 3343 2433 3396 tienles
2472 3361 2486 3397 :
2522 3342 2655 3397 nihil
2682 3359 2777 3412 per
2801 3344 3233 3406 contentionem,
3273 3359 3444 3411 neque
3472 3357 3560 3408 per
3585 3342 3785 3394 inanem

2230 3428 2454 3495 gloriam
2481 3441 2754 3499 gerentes,
2781 3431 2876 3484 sed
2912 3431 2961 3483 in
2995 3446 3100 3483 uno
3128 3446 3316 3497 sensu,
3340 3442 3503 3501 atque
3536 3431 3587 3483 in
3610 3431 3788 3484 eadem

2232 3522 2505 3575 sententia
2536 3531 2940 3592 permanentes,
2977 3523 3022 3577 si
3047 3522 3185 3577 forte
3210 3525 3479 3592 possimus
3513 3525 3668 3576 etiam
3701 3537 3792 3575 nos

2230 3614 2339 3679 apti
2373 3610 2510 3666 efﬁci
2556 3613 2763 3683 lapides
2797 3614 2863 3667 ad
2913 3615 3113 3668 altare.
3157 3614 3273 3667 Non
3304 3616 3448 3667 enim
3482 3614 3673 3667 deserit
3701 3628 3788 3665 nos

2228 3700 2385 3756 Iesus
2416 3704 2675 3759 Dominus
2711 3715 2895 3760 noster
2933 3723 2946 3764 :
3000 3706 3094 3759 sed
3132 3706 3381 3773 quamvis
3422 3720 3516 3758 nos
3545 3715 3787 3757 vacantes

2229 3793 2485 3858 orationi,
2523 3811 2539 3843 ι
2566 3794 2693 3861 quid
2722 3809 2943 3849 oremus
2970 3796 3266 3849 secundum
3300 3794 3444 3864 quod
3476 3803 3679 3862 oportet
3701 3809 3787 3845 ne-

2230 3884 2489 3950 sciamus,
2543 3885 2657 3953 ipse
2688 3895 2862 3939 tamen
2904 3886 3129 3954 spiritus
3160 3884 3470 3954 interpellat
3521 3899 3617 3953 pro
3643 3884 3785 3937 nobis

2231 3975 2522 4044 gemitibus
2552 3975 3007 4029 inenarrabilibus
3027 3977 3094 4031 ".
3122 3994 3139 4027 ι
3183 3976 3443 4030 Dominus
3488 3988 3659 4028 autem
3684 3977 3780 4044 spi-

2233 4068 2366 4120 ritus
2392 4074 2493 4119 est.
2539 4063 2595 4118 Si
2648 4079 2780 4134 ergo
2830 4067 3109 4119 orationes
3157 4078 3372 4119 neStras
3406 4065 3629 4133 spiritus
3652 4064 3780 4129 adju-

2230 4167 2341 4221 vet,
2374 4166 2428 4209 et
2454 4155 2646 4210 oIIerat
2672 4171 2765 4210 eas
2794 4154 2937 4208 Patri
2963 4155 3203 4209 omnium
3236 4156 3341 4209 Deo
3376 4155 3654 4225 gemitibus
3674 4154 3782 4223 qui-

2232 4249 2331 4302 bus
2358 4263 2454 4302 nos
2487 4247 2764 4316 explicare
2805 4262 2910 4300 non
2960 4262 3266 4316 possumus,
3302 4258 3509 4300 certum
3556 4255 3633 4300 est
3664 4250 3777 4315 quia

2105 4380 2118 4415 ;
2155 4355 2202 4413 υ
2230 4350 2285 4393 ει
2335 4339 2521 4393 altaris
2566 4338 3029 4393 constructionem
3078 4338 3308 4391 sollicite
3338 4336 3579 4405 requirat
3623 4350 3647 4388 a
3690 4350 3779 4389 no-

2229 4431 2334 4485 bis.

2297 4526 2349 4578 5.
2382 4523 2487 4578 Sed
2518 4524 2751 4577 nondum
2782 4523 2971 4593 plenus
3004 4520 3191 4573 altaris
3218 4529 3440 4572 ornatus
3473 4528 3575 4581 est,
3605 4516 3776 4570 ctiam-

2225 4617 2270 4670 si
2307 4631 2370 4671 ex
2409 4615 2634 4684 integris
2665 4616 2929 4685 lapidibus
2954 4622 3321 4675 construatur,
3355 4611 3565 4664 etiamsi
3593 4608 3775 4663 ferrum

2222 4709 2302 4762 eis
2352 4715 2405 4760 et
2452 4706 2691 4774 jacnlum
2743 4706 2961 4775 maligni
3014 4721 3114 4759 non
3174 4704 3478 4756 inveniatur
3512 4702 3773 4767 injectum,

2225 4801 2318 4854 sed
2375 4800 2551 4852 adhuc
2605 4798 2761 4851 deest
2802 4797 3021 4865 aliquid,
3074 4804 3127 4849 et
3178 4794 3351 4848 adhuc
3403 4802 3486 4846 est
3533 4791 3668 4861 quod
3704 4793 3782 4852 his

2737 4926 2972 4984 "lCor.
3012 4942 3094 4993 ut,
3125 4928 3211 4981 Il.
3321 4926 3367 4957 9’
3393 4924 3502 4979 Ios.
3541 4939 3650 4989 vui,
3684 4921 3767 4975 3|.

2211 5141 2591 5218 δενῖρεῖιειυεηι
2703 5209 2734 5218 -
2847 5207 2902 5218 _.

2274 5199 2386 5281 (6:2)
2422 5209 2647 5262 Paulus.
2700 5209 2863 5263 Deest
2891 5207 2941 5261 in
2980 5205 3132 5259 libris
3163 5204 3344 5267 editis,
3401 5199 3497 5257 sed
3526 5204 3691 5253 exstat
3718 5199 3766 5253 in

2545 5295 2622 5331 SS.

2545 5295 2622 5331 ss.

2199 5284 2592 5421 ouiiigiuéold‘ex
2629 5346 3122 5421 Sangerntaneusis
3153 5359 3279 5398 cum
3312 5356 3420 5421 uno
3452 5335 3766 5421 Ebroicensi,

2205 5443 2224 5476 ι
2250 5408 2313 5477 εἰι
2347 5408 2549 5476 Christi
2584 5408 2891 5471 humilitate
2928 5415 3211 5469 formatus.
3243 5433 3260 5463 ι
3308 5414 3468 5485 Alter_
3494 5408 3771 5485 ξυνοῖς-ειν

2202 5476 2300 5558 sis,
2338 5510 2355 5541 ι
2379 5500 2431 5544 et
2460 5491 2661 5546 Christi
2698 5486 3378 5558 humilitateinformatus.
3403 5501 3421 5533 ι
3453 5481 3601 5535 Liltb.
3629 5476 3767 5539 editi,

2210 5583 2228 5614 ι
2256 5574 2307 5618 et
2338 5561 2537 5615 Christi
2571 5558 2863 5612 humilitati
2899 5557 3298 5610 conformatus.
3333 5572 3351 5604 ι

2277 5632 2388 5705 (Gl)
2419 5632 2597 5687 Codex
2637 5628 2948 5698 Saugerm.,
2982 5645 3000 5678 ι
3024 5626 3326 5680 unanimes.
3355 5642 3373 5675 ι

609 5152 719 5220 (58)
763 5150 888 5203 Deo.
922 5151 1081 5205 Deest
1110 5151 1163 5203 in
1200 5149 1354 5203 libris
1385 5161 1543 5203 antea
1580 5150 1760 5220 editis,
1794 5148 1886 5203 sed
1915 5156 2096 5202 exstat

537 5224 589 5278 in
622 5219 1022 5291 nianuscriptis.
1055 5220 1219 5273 Paulo
1243 5230 1360 5287 post
1380 5222 1551 5275 codex
1584 5219 2098 5288 Sangermaneusis,

474 5342 475 5345 η
541 5312 558 5344 ι
590 5293 733 5361 quod
766 5293 841 5344 ait
869 5301 986 5359 post
1012 5291 1323 5344 victoriam.
1363 5309 1381 5341 ι

540 5425 552 5435 _
604 5358 719 5435 (59)
760 5358 941 5435 Codex
983 5359 1493 5435 sangermaneusis,
1545 5376 1564 5410 ς
1617 5358 1829 5414 salutis.
1869 5376 1889 5410 ι
1924 5359 2096 5426 Atque

540 5431 609 5479 ita
645 5434 806 5484 habet
833 5431 1253 5486 Gemeticensis.

604 5502 713 5569 (60)
751 5500 1015 5555 Gentetie.
1053 5510 1107 5554 et
1131 5501 1239 5554 duo
1270 5499 1512 5562 Ebroic.,
1544 5516 1563 5549 ‹
1604 5499 1719 5568 ipso
1754 5512 1968 5553 suimno
2008 5512 2101 5549 an-

534 5572 727 5640 gulari.
764 5589 782 5621 ι
820 5572 873 5623 In
907 5572 1057 5625 libris
1089 5570 1251 5625 editis
1279 5571 1503 5640 deest,_t
1552 5584 1788 5623 summo.
1822 5589 1840 5621 ι

602 5637 714 5709 (61)
740 5640 873 5695 Cod.
905 5640 1095 5712 Sang,
1129 5659 1147 5693 ι
1174 5640 1425 5697 ChriStus
1447 5638 1603 5695 Iesus
1646 5655 1801 5708 quem
1840 5650 1982 5693 nunc
2010 5636 2103 5691 de-
