4104 6226
398 415 513 469 873

1412 404 1473 457 ΙΝ
1518 402 1774 459 LIBRUM
1815 398 1980 455 .IESU
2020 396 2205 452 NAVE
2248 398 2531 454 IIOMILIA
2572 397 2661 452 IX.

3560 397 3665 453 87$

400 531 663 587 omnibus
692 528 915 596 adjiciat
945 526 1123 581 Jesus.
1180 525 1317 591 Quid
1366 524 1498 577 illml
1528 524 1655 576 est?
1698 542 1713 571 ι
1739 522 1991 591 Scripsit,
2030 522 2067 575 Α
2104 521 2575 577 Deuteronomium
2610 518 2833 582 scribat,
2870 527 2925 572 ttt
2958 520 3249 571 secundam
3282 518 3453 589 legem
3482 517 3536 573 in
3558 533 3678 575 eor-

405 620 682 692 iuquit",
737 618 896 673 Jesus
945 631 1109 686 super
1157 614 1362 682 lapidcs
1408 613 1596 665 altaris
1651 612 1981 665 Deuterono-

399 716 595 776 mium,
652 711 822 779 legem
873 709 1061 773 Mosei,
1097 715 1151 762 et
1182 705 1397 773 scripsit
1430 719 1550 757 eam
1601 705 1652 756 itt
1690 713 1988 770 conspectu

402 805 642 858 filiorum
675 801 862 854 Israel.
892 820 909 851 ι
958 797 1251 865 Scripserit
1276 794 1546 863 quomodo
1590 794 1827 861 potuerit
1862 802 1991 845 tunc

400 898 548 953 ﬁlius
580 895 729 950 Nave
774 909 940 963 super
976 890 1180 960 lapides
1213 888 1401 940 altaris
1438 887 1609 956 legem
1659 885 1986 948 describere,

399 996 459 1041 et
491 994 654 1056 prout
682 984 849 1036 valuit
881 977 1284 1035 adutnbraverit
1318 986 1493 1047 typos,
1522 988 1618 1028 nos
1658 973 1873 1027 interim
1907 974 1991 1026 vi-

394 1079 623 1133 deamus
649 1073 917 1143 quomodo
969 1082 1151 1125 noster
1175 1067 1332 1122 Jesas
1364 1067 1417 1120 iu
1465 1066 1744 1135 lapidibus
1767 1066 1909 1119 vivis
1934 1074 1990 1119 et

401 1168 629 1237 integris
654 1166 873 1234 scripsit
904 1162 1406 1219 Deuteronomium,
1442 1158 1582 1225 quod
1603 1157 1759 1227 quasi
1793 1171 1988 1210 secun-

400 1262 468 1313 da
505 1259 772 1328 legislatio
822 1257 1040 1309 dicitur.
1087 1255 1144 1307 Si
1179 1269 1309 1323 ergo
1358 1252 1438 1305 vis
1476 1251 1660 1304 videre
1710 1251 1986 1319 quomodo

400 1350 574 1417 prima
611 1348 725 1417 lege
753 1347 1023 1398 infirmata
1052 1344 1348 1397 secundam
1382 1340 1549 1409 legem
1578 1341 1781 1394 scribat
1804 1338 1983 1394 Jesus.

395 1441 522 1493 audi
556 1454 676 1491 eum
730 1438 781 1490 in
814 1435 1121 1505 Evangeliis
1154 1435 1425 1488 dicentem
1450 1435 1497 1467 ³⁸
1539 1450 1552 1487 :
1614 1450 1633 1481 ι
1668 1429 1877 1484 Dictum
1905 1440 1987 1484 est

392 1532 641 1595 antiquis
672 1548 684 1581 :
726 1527 838 1581 Non
869 1515 1104 1582 occides.
1145 1526 1258 1595 Ego
1290 1536 1469 1579 autem
1500 1524 1622 1577 dico
1648 1522 1827 1585 vobis,
1860 1523 1984 1592 quia

398 1622 583 1673 otnnis
613 1620 705 1688 qui
737 1619 995 1672 irascitur
1043 1617 1195 1670 fratri
1233 1631 1353 1679 suo,
1390 1614 1665 1669 homicida
1714 1623 1816 1667 est.
1845 1632 1862 1665 ι
1922 1612 1987 1666 Et

398 1714 593 1765 iterum
619 1711 663 1742 ’⁷
695 1725 708 1762 :
748 1726 767 1760 ι
797 1709 1004 1761 Dictum
1032 1716 1114 1761 est
1137 1706 1377 1775 antiquis
1414 1723 1429 1760 :
1459 1704 1576 1760 Non
1602 1705 1982 1759 moecbaberis.

400 1804 512 1870 ligo
542 1810 723 1853 autem
765 1800 884 1852 dico
932 1799 1108 1861 vobis,
1149 1798 1353 1867 Siquis
1385 1798 1660 1867 aspexerit
1697 1797 1981 1852 mulierem

2097 615 2254 667 dibus
2299 612 2637 666 credentium
2687 611 2832 677 figat,
2886 620 3050 679 atque
3098 612 3153 663 in
3186 624 3373 663 eorum
3405 612 3679 666 mentibus

2095 704 2183 772 qui
2231 704 2296 756 ad
2333 703 2523 757 altaris
2553 703 3014 755 constructionem
3069 702 3213 769 digni
3250 702 3550 768 sunteligi,
3597 705 3677 759 le-

2096 812 2214 863 gem
2247 797 2470 863 Spiritus
2519 795 2714 864 signet.
2752 792 2949 847 Statim
2984 809 3219 861 namque
3249 804 3305 846 ttt
3339 796 3460 861 quis
3498 795 3681 851 credi-

2094 884 2237 938 derit
2280 881 2678 949 Jcsn_Cltristo,
2733 895 2785 936 ct
2817 884 2899 938 lex
2933 885 3206 954 Evangelii
3256 884 3309 939 in
3347 884 3466 953 ejus
3515 886 3679 941 corde

2095 973 2363 1042 descripta
2404 980 2509 1036 cst,
2556 982 2610 1027 et
2658 972 2708 1025 in
2750 985 3047 1042 conspectu
3102 974 3333 1027 filiorum
3371 973 3533 1029 Israel
3584 980 3680 1031 de-

2094 1064 2318 1133 scripta.
2361 1064 2604 1118 Aderant
2636 1065 2779 1119 enim
2813 1075 2940 1119 tunc
2974 1081 3095 1118 eunt
3150 1066 3241 1121 tibi
3272 1078 3678 1123 sacramentum

2093 1159 2215 1213 ﬁdei
2249 1157 2586 1218 tradebatur,
2621 1158 2871 1213 ctelestes
2902 1160 3159 1221 virtutes,
3192 1160 3491 1216 ministeria
3514 1176 3683 1232 ange-

2094 1251 2297 1313 lorum,
2331 1247 2574 1303 Ecclesia
2616 1250 3039 1317 pritnitivorum.
3080 1251 3135 1304 Si
3165 1251 3307 1305 enim
3347 1262 3493 1308 recte
3520 1253 3679 1308 intel-

2092 1341 2322 1409 ligatntts
2369 1341 2624 1394 lsraelem
2671 1342 2780 1395 dici
2824 1353 3003 1396 tuente
3039 1342 3207 1396 Dcttm
3244 1346 3541 1409 videntem,
3593 1363 3681 1402 re-

2093 1431 2335 1483 ctissime
2366 1431 2471 1483 ltoc
2499 1429 2569 1484 de
2602 1431 2867 1485 minisuis
2897 1432 3103 1502 angelis
3136 1435 3309 1503 magis
3335 1436 3554 1499 dicitur,
3592 1451 3683 1490 se-

2092 1520 2327 1572 cundum
2366 1520 2579 1574 Domini
2616 1522 2965 1586 sententiam,
3005 1522 3239 1578 dicentis
3269 1526 3336 1581 de
3360 1526 3679 1593 infantibus,

2089 1612 2232 1679 quod
2268 1622 2321 1665 et
2376 1621 2428 1663 ttt
2461 1611 2611 1666 fuiSti
2665 1613 2847 1667 infans
2882 1615 2933 1668 in
2964 1616 3256 1683 baptismo,
3293 1620 3419 1687 quia
3459 1622 3680 1689 «angeli

2087 1717 2277 1756 eorum
2310 1717 2529 1773 semper
2559 1704 2743 1758 vident
2789 1703 2981 1760 faciem
3020 1706 3199 1763 Patris
3230 1710 3331 1764 tnei
3359 1711 3449 1779 qui
3480 1712 3531 1765 in
3567 1726 3681 1767 cm-

2089 1792 2158 1846 lis
2191 1802 2274 1847 est
2299 1794 2338 1846 ⁵.
2368 1813 2386 1844 ι
2432 1794 2627 1849 Coram
2675 1796 2793 1849 istis
2829 1796 2989 1866 igitur
3043 1797 3164 1854 filiis
3213 1799 3399 1866 Israel,
3443 1804 3534 1871 qui
3577 1806 3677 1860 ad-

396 1895 462 1945 ad
518 1891 1013 1959 concupiscendam
1063 1902 1208 1949 eam,
1253 1888 1364 1957 jam
1400 1889 1703 1943 mcecltatus
1732 1901 1813 1944 est
1861 1905 1982 1961 eam
2016 1874 2058 1932 Β
2087 1897 2241 1941 erant
2276 1886 2368 1938 illo
2400 1886 2452 1939 in
2487 1898 2750 1955 tempore,
2774 1904 2895 1941 cum
2925 1890 3018 1943 tibi
3050 1890 3172 1946 fidei
3195 1904 3536 1949 sacramenta
3566 1906 3679 1951 tra-

400 1984 453 2038 in
487 1984 651 2036 corde
697 1996 817 2037 suo.
851 1999 868 2033 ι
915 1981 979 2034 Ει
1002 1981 1048 2011 ’⁸
1081 1999 1091 2033 :
1126 1998 1144 2030 ι
1171 1979 1380 2034 Dictum
1424 1990 1509 2035 est
1550 1981 1788 2049 antiquis
1820 2000 1832 2035 :
1869 1981 1984 2035 Non

397 2073 725 2146 perjurabis.
778 2072 886 2138 Ego
920 2083 1100 2123 autem
1155 2070 1276 2123 dico
1322 2071 1480 2124 vobis
1524 2087 1537 2122 :
1584 2069 1762 2125 Nolite
1796 2069 1986 2138 jnrare

396 2162 638 2214 omnino.
662 2178 679 2211 ι
722 2159 881 2212 Vides
912 2157 1391 2212 Deuteronomium
1445 2159 1588 2226 quod
1628 2160 1852 2228 scripsit
1889 2159 1980 2214 Je-

400 2270 496 2306 sus
535 2256 583 2306 itt
634 2250 903 2321 lapidibus
932 2251 1068 2303 vivis
1091 2258 1146 2303 ct
1170 2248 1415 2318 integris,
1463 2265 1567 2303 non
1600 2250 1651 2303 itt
1680 2250 1875 2305 tabulis
1905 2252 1984 2304 la-

393 2347 588 2414 pideis,
638 2345 730 2397 sed
786 2344 836 2396 in
875 2344 1074 2398 tabulis
1106 2345 1288 2397 cordis
1321 2345 1652 2407 carnalibus,
1686 2362 1789 2399 non
1839 2355 1982 2399 atra-

396 2443 599 2499 mento,
638 2435 730 2488 sed
760 2434 966 2504 Spiritu
1005 2436 1094 2489 Dei
1128 2436 1233 2489 vivi
1259 2436 1323 2490 ’9.
1348 2438 1402 2490 Si
1433 2449 1612 2493 autem
1643 2439 1722 2493 vis
1751 2440 1980 2494 eviden-

395 2526 502 2580 tius
550 2540 800 2589 noscere,
857 2526 1137 2595 inquibus
1192 2528 1453 2582 cordibus
1493 2527 1650 2583 .lesus
1691 2530 1980 2597 scripserit

393 2618 588 2688 legem,
632 2629 685 2673 et
736 2618 787 2671 in
837 2619 1031 2686 quibus
1060 2634 1164 2671 non
1196 2619 1500 2687 scripserit,
1528 2621 1692 2674 etiam
1736 2620 1838 2674 hoc
1884 2619 1979 2674 tibi

392 2727 458 2764 ex
493 2711 901 2779 Scripturarutn
952 2711 1281 2764 auctoritate
1310 2710 1662 2779 patefaciam,
1691 2721 1747 2764 ttt
1780 2726 1980 2767 conso-

389 2802 649 2859 lationem
681 2803 948 2871 capiastu
980 2801 1074 2869 qui
1111 2817 1178 2855 ex
1207 2801 1462 2870 gentibus
1490 2812 1711 2855 vocatus
1739 2817 1821 2867 es,
1881 2819 1981 2857 nec

393 2897 639 2952 verearis
665 2911 853 2949 eorum
882 2894 1225 2962 iactantiam,
1268 2893 1361 2963 qui
1391 2894 1564 2963 legem
1588 2892 1755 2948 Musei
1784 2894 1978 2949 tabulis

392 2988 474 3043 vel
503 2988 766 3042 chartulis
792 2987 1051 3056 scriptam
1081 3001 1139 3041 se
1168 2987 1450 3057 accepisse
1487 2987 1808 3055 gloriantur.
1840 2986 1975 3040 Audi

386 3096 519 3151 ergo
550 3081 600 3134 itt
631 3096 861 3148 quorum
908 3079 1166 3134 cordibus
1196 3079 1456 3133 Dominus
1501 3077 1657 3134 Jesus
1697 3080 1978 3147 scripserit

2092 1976 2383 2042 tlebatttur,
2440 1978 2759 2031 videntibus
2805 1978 2997 2032 faciem
3056 1980 3171 2045 Dei,
3219 1981 3375 2037 Jesus
3414 1985 3464 2038 in
3513 1988 3677 2041 corde

2091 2078 2186 2122 tuo
2217 2069 2693 2123 Deuteronomium
2724 2069 2968 2136 scripsit.
3012 2070 3107 2125 Vis
3133 2074 3229 2127 tibi
3260 2075 3436 2128 adhuc
3455 2076 3676 2130 eviden-

2093 2159 2197 2211 tius
2228 2160 2339 2212 lt:ec
2375 2161 2440 2213 de
2489 2159 2787 2229 Scriptnris
2822 2162 3029 2217 sanctis
3069 2165 3386 2231 probemus,
3417 2168 3542 2235 quia
3576 2183 3675 2224 co-

2090 2263 2204 2301 ram
2254 2248 2381 2301 tiliis
2437 2250 2603 2304 Israel
2656 2250 2828 2318 legem
2884 2253 3178 2306 secundam
3228 2255 3435 2310 scribat
3474 2255 3675 2315 Iesus?

2086 2338 2377 2407 Apostolus
2410 2339 2476 2391 ad
2511 2339 2765 2396 llebra‘os
2789 2342 3076 2398 manifeste
3103 2346 3368 2415 designat,
3399 2350 3583 2404 dicens
3611 2351 3670 2407 ‘:

2092 2447 2109 2477 ι
2134 2427 2250 2481 Non
2284 2429 2425 2484 enim
2454 2431 2766 2485 accessistis
2802 2433 2870 2486 ad
2899 2447 3091 2487 sonum
3128 2435 3286 2501 tub;e,
3340 2448 3395 2492 et
3421 2440 3485 2493 ad
3518 2454 3673 2497 monv

2090 2532 2194 2576 tem
2228 2524 2535 2585 ardentem,
2590 2525 2687 2577 sed
2723 2526 3034 2580 accessistis
3067 2528 3132 2579 ad
3163 2537 3398 2582 montem
3429 2531 3580 2595 Sion,
3616 2545 3674 2588 et

2085 2617 2369 2667 civitatem
2407 2614 2497 2667 Dei
2530 2616 2769 2669 viventis
2798 2615 3101 2671 Jerusalem
3136 2620 3436 2684 caelestem,
3489 2634 3543 2677 et
3570 2623 3672 2680 Ecv

2086 2706 2304 2760 clesiam
2336 2707 2736 2774 primitivornm
2765 2708 3060 2778 ascriptam
3107 2710 3158 2764 itt
3188 2712 3363 2778 cmlis,
3400 2724 3452 2767 et
3483 2715 3670 2770 multi-

2089 2797 2324 2850 tudinem
2379 2798 2695 2867 angelorunt
2735 2798 3158 2855 collaudatttium
3209 2802 3443 2856 Deum.»
3505 2804 3667 2865 Vides

2083 2903 2212 2957 ergo
2240 2890 2369 2957 quia
2404 2904 2587 2942 coram
2622 2889 2687 2941 iis
2714 2890 2988 2953 omnibus,
3032 2892 3122 2961 qui
3154 2906 3222 2947 ex
3255 2908 3320 2948 eo
3349 2897 3491 2963 quod
3523 2911 3667 2954 seut-

2085 2998 2179 3048 per
2216 2982 2380 3034 Deum
2415 2983 2619 3047 vident,
2655 2992 2709 3032 et
2744 2981 2941 3038 merito
2974 2981 3066 3037 lilii
3102 2982 3266 3038 Israel
3301 2985 3664 3054 appellantur,

2082 3074 2238 3128 Jestts
2270 3076 2439 3141 legem
2488 3091 2639 3127 suam
2678 3075 2729 3127 in
2782 3074 3039 3128 cordibus
3085 3076 3421 3131 credentium
3452 3079 3665 3142 scribit.

392 3172 587 3241 legem.
643 3170 841 3224 Paulus
891 3169 1063 3224 dicit'
1097 3187 1108 3222 :
1148 3187 1165 3219 ι
1193 3169 1327 3223 Cum
1358 3169 1502 3223 enim
1530 3180 1717 3238 gentes
1743 3185 1866 3236 quae
1897 3170 1973 3224 le-
2005 3168 2187 3266 c(Sed
2224 3180 2279 3221 et
2314 3183 2454 3222 nunc
2485 3183 2579 3234 per
2602 3169 2715 3221 lucc
2742 3183 2863 3235 qua:
2901 3167 3194 3235 loquimur,
3224 3169 3379 3226 Jcsus
3404 3172 3668 3228 Deutero-

385 3279 508 3331 gem
540 3278 644 3315 non
676 3262 901 3324 habent,
929 3260 1250 3314 naturaliter
1282 3276 1403 3329 qum
1432 3259 1565 3331 legis
1592 3270 1716 3316 sunt
1747 3260 1974 3324 facittnt,
2013 3259 2046 3266 '
2083 3260 2316 3313 nomium
2358 3260 2550 3313 scribit
2602 3260 2651 3312 in
2702 3274 2889 3313 eorum
2926 3260 3185 3315 cordibus
3227 3263 3318 3332 qtti
3354 3263 3560 3333 integra
3595 3265 3660 3318 Ii-

390 3350 698 3417 ltttjosmodi
733 3365 837 3403 non
885 3350 1150 3403 ltabeutes
1193 3348 1389 3418 legem,
1441 3350 1539 3418 ipsi
1580 3351 1679 3404 sibi
1711 3361 1836 3405 sunt
1866 3351 1973 3404 lex.

386 3442 485 3507 Qui
512 3440 804 3497 ostendunt
830 3456 966 3510 opus
998 3440 1134 3507 legis
1160 3441 1419 3509 scriptum
1449 3441 1501 3493 in
1555 3444 1809 3495 cordibus
1837 3442 1974 3506 suis,

389 3533 755 3588 testimonium
790 3533 1045 3587 reddente
1073 3533 1152 3587 eis
1187 3533 1545 3585 conscientia.
1571 3551 1589 3583 ι
1633 3534 1688 3587 Si
1723 3548 1856 3602 ergo
1895 3536 1969 3586 vi-

385 3627 516 3681 deas
545 3633 730 3695 gentes
762 3625 828 3678 ad
862 3622 1045 3677 Jesttnt
1078 3622 1270 3676 venire
1303 3630 1360 3674 et
1403 3622 1628 3675 credere
1656 3624 1727 3687 ei,
1753 3631 1809 3677 et
1834 3636 1972 3690 opus

384 3716 517 3786 legis
552 3717 798 3785 implere,
843 3716 985 3784 quod
1020 3713 1096 3767 illi
1137 3712 1226 3782 qui
1282 3714 1452 3782 legem
1484 3725 1832 3781 acceperant,
1869 3713 1972 3766 im-

383 3808 535 3877 plere
562 3821 665 3858 non
714 3811 960 3874 possunt,
1017 3818 1121 3855 non
1158 3802 1375 3855 dubites
1406 3802 1471 3856 de
1501 3802 1583 3855 eis
1610 3803 1813 3865 dicere,
1840 3805 1966 3873 quia

383 3895 544 3953 Jesus
596 3896 646 3948 in
703 3895 819 3948 istis
883 3891 1155 3961 lapidibus
1214 3890 1440 3959 integris
1486 3890 1963 3950 Deuteronomium

383 3986 627 4054 scripsit.

447 4080 502 4134 4.
536 4078 714 4134 Movet
762 4091 848 4132 me
882 4090 1035 4140 sane,
1082 4076 1227 4147 quod
1255 4076 1463 4131 addidit
1492 4076 1547 4132 in
1580 4080 1963 4149 consequenti-

378 4172 480 4229 bus
526 4171 830 4240 Scriptura.
873 4186 892 4223 ι
920 4168 986 4223 Ει
1015 4168 1260 4239 scripsit,
1308 4169 1557 4239 inquit’,
1605 4170 1764 4229 Jesus
1797 4190 1962 4244 super

379 4264 582 4333 lapides
617 4262 1091 4317 Deuteronomium
1138 4276 1325 4317 coram
1364 4262 1490 4317 filiis
1542 4262 1725 4319 Israel.
1754 4284 1773 4317 ι
1813 4266 1959 4337 Quo-

380 4355 540 4409 tnodo
573 4351 812 4423 potuerit
843 4361 950 4405 tam
990 4368 1243 4423 magnum
1278 4352 1498 4417 librum,
1535 4354 1617 4409 vel
1650 4357 1955 4411 assistenti-

379 4448 478 4502 bus
527 4454 582 4499 ct
614 4444 1062 4515 permanentibus
1110 4443 1180 4497 ibi
1240 4444 1367 4498 filiis
1418 4444 1582 4500 Israel
1616 4446 1950 4513 describere,

2078 3352 2166 3413 de,
2196 3361 2249 3405 et
2297 3359 2407 3405 toto
2441 3351 2623 3404 animo
2657 3366 2777 3418 qure
2814 3352 3071 3405 dicantur
3102 3352 3397 3422 accipiunt,
3452 3356 3543 3425 qui
3576 3355 3664 3413 in-

2081 3446 2234 3506 tegro
2264 3439 2474 3499 auditu,
2509 3449 2671 3506 atque
2707 3438 2919 3508 integro
2950 3441 3134 3502 corde,
3172 3449 3227 3495 et
3264 3457 3370 3496 non
3405 3454 3662 3513 corrupto

2074 3542 2238 3583 sensu
2289 3544 2355 3583 ac
2410 3531 2641 3599 reprobo
2674 3528 2819 3582 circa
2855 3530 3036 3597 fidem,
3070 3532 3297 3588 audiunt
3338 3544 3393 3591 et
3422 3538 3661 3592 retinent

2072 3634 2194 3690 qua:
2234 3620 2512 3684 dicuntur,
2544 3621 2670 3689 quia
2710 3635 2936 3678 necesse
2966 3634 3049 3678 est
3086 3624 3564 3682 Deuteronomium
3603 3630 3655 3683 itt

2070 3708 2300 3779 integris
2330 3710 2596 3778 lapidibus
2626 3710 2817 3766 scribi.

2141 3801 2193 3856 5.
2225 3800 2352 3856 Post
2380 3803 2493 3858 lucc
2540 3804 2670 3857 dicit
2700 3825 2714 3858 -.
2756 3822 2773 3855 t
2801 3803 2865 3857 Et
2893 3804 3092 3870 omnis,
3125 3806 3303 3876 inquit
3326 3809 3370 3873 ⁷,
3408 3808 3572 3865 Israel
3602 3822 3656 3865 et

2068 3892 2365 3962 presbyteri
2395 3903 2451 3948 et
2478 3892 2709 3959 iudices,
2738 3904 2793 3949 et
2820 3896 3013 3950 scriba:
3042 3899 3418 3966 prmeedebant
3445 3902 3573 3957 hinc
3601 3914 3656 3958 et

2067 3983 2214 4038 illinc
2244 4000 2426 4038 arcam
2460 3985 2772 4039 testamenti
2828 3984 3063 4040 Domini.
3090 4006 3110 4040 ι
3153 3987 3297 4042 Area
3342 3997 3650 4046 testamenti

2063 4074 2277 4129 Domini
2314 4082 2416 4138 est,
2463 4076 2517 4130 in
2566 4091 2671 4145 qua
2706 4074 2903 4130 tabula:
2952 4075 3087 4147 legis
3120 4094 3285 4134 manu
3311 4079 3405 4137 Dei
3436 4083 3652 4153 scriptae

2062 4179 2373 4224 servantur.
2418 4169 2482 4224 Et
2508 4171 2653 4224 circa
2694 4170 2831 4225 hanc
2862 4184 3047 4225 arcam
3081 4175 3416 4237 testamenti,
3470 4178 3650 4232 onmis

2060 4261 2150 4328 qui
2181 4276 2308 4316 vere
2338 4261 2498 4316 Israel
2527 4271 2628 4327 est,
2664 4262 2883 4327 incedit,
2912 4271 2967 4316 et
3003 4279 3107 4319 non
3138 4275 3220 4320 est
3266 4266 3428 4336 longe
3462 4267 3530 4321 ab
3556 4284 3644 4324 ea.

2059 4351 2258 4409 Levita:
2293 4370 2419 4408 vero
2469 4366 2524 4407 ct
2570 4356 2878 4410 sacerdotes
2927 4357 3092 4411 etiam
3148 4359 3201 4412 itt
3250 4360 3495 4416 humeris
3524 4364 3640 4415 suis

2056 4460 2173 4500 eam
2202 4456 2437 4513 portant.
2481 4444 2693 4500 Etenim
2726 4447 3039 4516 quicunque
3066 4452 3391 4506 sacerdotali
3429 4455 3645 4526 religio-

380 4540 448 4598 ita
479 4546 537 4590 ut
562 4552 665 4590 non
713 4537 1056 4590 discederent
1084 4550 1364 4606 usquequo
1409 4538 1680 4607 scriptura
1721 4549 1797 4593 tot
1831 4554 1952 4593 ver-
1989 4543 2032 4598 D
2062 4553 2128 4591 tte
2162 4548 2215 4590 et
2245 4537 2532 4592 sanctitate
2559 4537 2765 4603 vivunt,
2798 4554 2903 4593 non
2939 4541 3112 4595 solum
3147 4542 3180 4596 ii
3214 4543 3304 4611 qui
3334 4545 3524 4600 sedere
3554 4547 3641 4601 vi-

379 4644 530 4685 suum
566 4627 860 4681 finiretur:
899 4627 979 4680 vel
1029 4628 1190 4680 etiam
1236 4628 1506 4694 quomodo
1563 4632 1840 4697 potuerint
1874 4632 1955 4686 Ia-

377 4721 528 4792 pides
556 4720 743 4773 altaris
776 4719 916 4773 ferre
937 4718 1101 4794 420
1129 4728 1236 4772 tant
1274 4720 1453 4789 magni
1501 4720 1629 4775 libri
1665 4723 1951 4777 continen-

376 4816 526 4879 tiam,
566 4814 747 4867 dicant
780 4813 907 4864 mibi
941 4812 1030 4864 isti
1082 4822 1383 4866 assertores
1411 4811 1605 4868 littera:
1633 4812 1824 4880 Judzei,
1856 4814 1948 4883 qui

374 4907 617 4976 spiritum
669 4904 799 4975 legis
836 4905 1107 4973 ignorant.
1150 4904 1434 4969 Quomodo
1487 4905 1540 4958 itt
1574 4906 1676 4959 boc
1707 4906 1951 4961 historiae

372 5001 571 5055 veritas
596 4996 1039 5053 demonstratur?
1067 4996 1172 5051 Sed
1205 4998 1343 5065 apud
1370 4996 1489 5052 illos
1524 5016 1542 5048 ι
1573 5014 1743 5068 usque
1767 4999 1819 5052 in
1855 5001 1953 5053 lto-

371 5092 615 5145 diernum
645 5089 786 5143 diem
820 5105 941 5143 cum
974 5089 1177 5158 legitur
1205 5088 1435 5156 Moyses,
1475 5089 1716 5143 velamen
1748 5100 1833 5144 est
1858 5106 1952 5157 po-

372 5183 530 5236 situm
561 5196 726 5251 super
750 5197 846 5235 cor
871 5197 1059 5235 eorum
1087 5181 1125 5234 ³.
1158 5202 1175 5232 ι
1220 5180 1384 5234 Nobis
1424 5196 1551 5235 vero
1584 5182 1856 5236 conversis
1884 5181 1950 5234 ad

369 5273 652 5328 Dominum
681 5272 892 5337 Jesum,
926 5271 1173 5325 aufertur
1202 5273 1473 5337 velamen,
1505 5272 1630 5340 quia
1672 5291 1689 5323 ι
1715 5273 1802 5327 ubi
1836 5274 1951 5343 Spi-

368 5366 502 5419 ritus
543 5364 776 5427 Domini,
815 5363 886 5416 ibi
940 5362 1167 5416 libertas
1197 5380 1215 5413 ι
1273 5361 1643 5447 intelligentiae
1664 5362 1704 5419 ⁸.
1758 5362 1951 5417 Noster

366 5474 490 5530 ergo
518 5458 675 5513 Jesus
707 5456 969 5509 Dominus
1003 5471 1107 5507 non
1147 5455 1349 5525 indiget
1400 5455 1571 5508 multo
1608 5464 1848 5522 tempore
1881 5465 1937 5508 ut

431 5576 478 5608 "
499 5575 612 5630 Jos.
641 5590 761 5637 vttt,
794 5573 886 5627 52.
962 5573 1008 5604 ⁸⁸
1038 5572 1201 5626 Marc.
1233 5587 1286 5637 v,
1310 5571 1400 5631 2|.
1422 5571 1513 5627 22.

1589 5572 1632 5604 υτ
1661 5573 1789 5627 ibid.
1815 5572 1905 5636 a7,
1928 5570 2021 5625 28.
2082 5570 2127 5603 ἐ
2153 5569 2281 5624 ibid.
2309 5570 2397 5636 δε,
2425 5569 2516 5624 st.
2569 5568 2613 5600 οε
2639 5567 2678 5621 ll
2702 5568 2829 5624 Cor.
2857 5583 2941 5635 ιιι,
2965 5569 3018 5623 5.

2063 4631 2259 4683 dentur
2284 4630 2334 4682 in
2365 4645 2627 4685 consessu
2662 4633 3011 4700 sacerdotali,
3043 4637 3136 4689 sed
3167 4635 3201 4690 ii
3231 4638 3403 4707 magis
3432 4638 3524 4708 qui
3550 4655 3641 4696 sa-

2061 4720 2414 4775 cerdotaliter
2448 4732 2639 4791 agunt,
2692 4738 2923 4793 quorum
2973 4740 3100 4794 pars
3125 4736 3207 4781 est
3236 4727 3512 4793 Dominus,
3539 4747 3640 4785 nec

2062 4811 2169 4865 ulla
2202 4814 2280 4866 eis
2313 4815 2490 4881 portio
2520 4814 2751 4869 babetur
2783 4816 2834 4869 itt
2874 4818 3056 4881 terris,
3109 4818 3207 4885 ipsi
3238 4828 3364 4872 sunt
3394 4835 3518 4874 vere
3549 4838 3639 4875 sa-

2058 4904 2305 4958 cerdotes
2335 4914 2387 4959 et
2420 4906 2621 4960 Levita:
2658 4906 2889 4969 Domini,
2936 4907 3023 4975 qui
3068 4907 3119 4960 itt
3152 4910 3389 4981 humeris
3416 4910 3531 4967 suis
3562 4913 3635 4968 le-

2056 5013 2176 5067 gem
2211 4998 2303 5051 Dei
2342 5007 2585 5065 portant.
2617 4998 2823 5065 agendo
2854 4998 3125 5060 videlicet,
3157 5009 3210 5051 et
3236 4998 3505 5068 implendo
3536 5018 3633 5074 per

2054 5104 2189 5157 Opus
2220 5104 2282 5143 ea
2313 5103 2430 5154 qua:
2461 5089 2660 5154 scripta
2695 5095 2820 5141 sunt
2850 5086 2902 5140 in
2929 5087 3065 5160 lege.

2123 5177 2173 5232 6.
2214 5197 2231 5228 ι
2259 5179 2363 5233 Sed
2396 5187 2449 5232 et
2477 5175 2798 5246 proselytus,
2836 5175 3065 5244 inquit“,
3095 5186 3149 5231 et
3172 5177 3420 5249 indigena
3446 5180 3628 5250 simul,

2053 5280 2107 5325 et
2133 5282 2285 5325 erant
2314 5268 2427 5340 (65)
2477 5268 2684 5323 dimidii
2723 5265 2880 5335 juxta
2914 5278 3148 5325 montem
3182 5271 3425 5340 Garizin,
3474 5287 3529 5332 et
3556 5279 3627 5333 di-

2053 5361 2202 5413 midii
2251 5360 2405 5426 juxta
2455 5368 2691 5411 montem
2725 5358 2915 5415 Gebal.
2945 5379 2964 5411 ι
3009 5362 3289 5427 Quomodo
3327 5366 3489 5420 etiam
3523 5368 3621 5423 ista

2045 5449 2478 5520 explicabimus?
2519 5448 2655 5503 Vere
2686 5450 2955 5520 adjutorio
2992 5452 3083 5506 Dei
3114 5468 3252 5522 Opus
3279 5465 3386 5522 est,
3414 5466 3471 5510 ιιι
3501 5473 3621 5528 pos-

3098 5575 3113 5601 ¹
3142 5569 3298 5626 Rom.
3326 5590 3385 5635 tt,
3415 5575 3501 5638 Η.
3531 5577 3610 5636 lii.

364 5646 513 5702 ’Jos.
543 5664 662 5706 vttt.
694 5633 783 5701 52.
886 5642 1119 5698 'IICor.
1149 5660 1231 5707 ttt,
1264 5633 1449 5697 I547.
1550 5642 1724 5696 ‘Ibid.
1771 5645 1854 5697 I7.
1893 5633 1901 5636 ’
1970 5661 1972 5670 λ

363 5716 447 5775 33.
522 5718 696 5771 aIbid.

2079 5642 2209 5695 atth.
2253 5633 2401 5708 xt'ttt,
2449 5640 2538 5697 10.
2637 5639 2849 5696 “Hebr.
2888 5633 2983 5707 xtt,
3023 5641 3205 5697 I8—25.
3310 5633 3464 5703 '30s.
3491 5633 3608 5710 stu,

432 5756 447 5772 ο
522 5735 543 5749 ’³
568 5735 696 5771 ιυιιι.

432 5756 447 5772 .
522 5719 696 5771 “ibid.

394 5719 536 5886 3(66)
578 5813 721 5868 Idem
752 5824 873 5863 cum
902 5824 1008 5862 uno
1040 5807 1374 5871 Ebroicensi,
1416 5826 1432 5858 ι
1474 5817 1647 5861 erant.
1692 5824 1708 5857 ι
1753 5805 1873 5870 Alii,
1924 5822 1942 5855 ι
1988 5812 2168 5863 erttnt.
2200 5821 2223 5861 ο
2736 5815 2746 5822 ’
3247 5828 3322 5892 ἓδ

636 5907 903 5967 Parnm“
952 5903 1069 5965 Gtt.
1120 5901 1262 5965 XII.
