4104 6226
482 285 587 343 875
1962 279 2066 333 Olli

2175 278 2284 335 NIS
3769 287 3879 337 ⁸7³³

485 407 658 459 simus
684 398 865 456 verbis
896 402 1094 455 nostris
1127 401 1288 455 verba
1323 400 1506 456 divina
1556 400 1848 463 disserere,
1883 408 1936 451 et
1970 412 2065 450 ex-

2176 405 2286 450 tum
2314 403 2394 450 est
2421 394 2562 448 enim
2591 393 2880 447 nobiliores
2925 405 3044 446 esse
3089 393 3227 458 illos,
3278 396 3375 466 qui
3432 396 3614 451 boni
3678 397 3876 467 ipsius

483 499 706 566 planam
729 493 834 565 qui
857 504 983 548 sum
1013 495 1217 548 dimidii
1248 495 1338 564 qui
1375 494 1695 549 incedebant
1720 493 1874 562 juxm
1906 508 2062 546 ηιοιι-
2173 487 2446 540 desiderio
2480 497 2533 539 et
2558 486 2993 539 benedictiouum
3024 501 3230 551 amore,
3264 492 3420 557 quod
3466 490 3744 544 bonum
3777 502 3869 545 est

486 599 594 643 mm
621 587 879 652 63min,
924 596 978 642 ει
1027 587 1115 656 qui
1155 595 1281 641 sum
1333 585 1540 640 dimidii
1585 586 1676 654 qui
1711 585 1838 640 ιίρει
1883 593 1936 639 οι
1966 585 2065 653 ipsi
2174 587 2359 645 agunt,
2390 592 2550 645 quam
2601 575 2720 629 illos
2746 576 2837 644 qui
2871 591 2970 641 pro
3015 578 3141 629 tiiali
3198 591 3346 634 metu
3391 583 3666 638 bonum
3733 585 3862 656 (6E3)

484 682 784 744 salveutur,
833 696 939 734 non
972 689 1150 734 tamen
1184 687 1477 748 potuerunt
1512 675 1664 744 juxta
1695 687 1928 730 montem
1958 675 2066 730 Ga-
2173 677 2471 723 sectantur.
2511 668 2667 722 Solus
2698 682 2832 737 ergo
2857 666 3015 722 Jesus
3038 680 3142 731 est,
3168 673 3257 738 qui
3295 683 3503 741 potest
3553 692 3642 730 ex
3683 680 3856 730 omni

486 775 622 828 rizin
650 773 925 834 incedere,
982 772 1077 826 sed
1111 771 1368 824 incedunt
1415 770 1570 837 juxta
1603 777 1840 822 moatem
1871 767 2062 821 Gebal.
2173 761 2369 830 populo
2404 760 2774 828 hujuscemodi
2808 769 3018 816 mentes
3061 764 3386 834 animosque
3416 770 3850 837 discernere,

485 865 638 922 Mons
668 865 890 924 Garizin
922 863 1326 918 benetlictiones
1358 861 1538 923 habet,
1562 874 1718 914 mons
1750 867 1928 912 autem
1961 858 2066 912 Ge-
2171 864 2227 908 et
2255 853 2390 908 alios
2419 854 2634 922 quidem
2666 863 2905 910 statuere
2947 857 2997 909 in
3030 868 3267 911 montem
3316 860 3576 916 Gariz-in
3617 865 3705 917 au’
3737 867 3848 918 be-

486 964 572 1018 hal
631 962 1059 1022 inaledictioncs,
1129 972 1248 1024 quia
1308 955 1685 1025 peccatoribus
1756 955 2062 1008 imminent.
2172 945 2528 1013 nedictiones,
2567 945 2704 999 alios
2735 959 2863 999 vero
2911 959 3156 1003 statuere
3207 952 3259 1003 in
3292 966 3558 1009 montem
3627 957 3836 1011 Gebal

484 1057 811 1110 Statuerunt
841 1051 1060 1114 etenim,
1095 1049 1238 1102 sicut
1289 1048 1554 1115 scriptum
1587 1055 1669 1101 est
1721 1047 1774 1099 iu
1807 1044 2065 1101 Deutero—
2169 1039 2236 1090 ad
2272 1039 2692 1104 ¹¹¹³¹θί¹ίεῑίο¹¹θ⁸ο
2726 1058 2833 1096 ηοη
2886 1053 2946 1095 ιη
2997 1044 3406 1104 ¹¹¹²¹¹⁰¹¹Ῐ⁰¹Ῐ⁰¹¹θδ
3459 1054 3824 1120 θεοίρῖειηι.

482 1148 685 1209 uomio,
718 1161 809 1197 sex
850 1143 1023 1197 tribus
1055 1145 1119 1196 ad
1157 1141 1584 1194 benedicendum
1619 1140 1669 1192 in
1705 1149 1888 1192 monte
1915 1139 2065 1194 Gari-

2171 1132 2261 1184 sed
2303 1141 2358 1183 ut
2392 1133 2664 1187 intuentes
2693 1135 3038 1203 praascriptas
3082 1136 3518 1205 maledictiones,
3561 1157 3635 1196 ct
3671 1158 3817 1210 ρω-

480 1240 590 1301 zin,
620 1250 669 1291 et
699 1240 842 1305 ipsas
878 1236 1051 1289 tribus
1087 1251 1206 1304 qua-
1240 1233 1536 1286 nobiliores
1567 1240 1693 1284 sunt
1744 1241 1798 1283 et
1825 1232 2059 1295 eximiae,
2169 1238 2265 1276 llas
2295 1222 2406 1292 (70)
2437 1226 2815 1294 peccatoribus
2855 1227 3199 1290 constitutas,
3225 1230 3488 1288 incurrere
3513 1253 3596 1288 ca
3611 1250 3809 1292 ream

481 1331 533 1383 id
579 1341 682 1391 est,
736 1328 977 1389 Simeon,
1030 1325 1181 1388 Levi,
1229 1322 1388 1388 Juda,
1443 1322 1712 1386 lssachar,
1763 1322 1964 1390 Joseph
2008 1333 2061 1376 et

478 1420 761 1488 Benjamin
787 1438 800 1485 ;
832 1419 968 1471 alias
996 1432 1122 1470 vero
1145 1431 1237 1470 sex
1269 1415 1618 1484 ignobiliores
1651 1412 1759 1484 (66)
1789 1416 1853 1466 ad
1893 1414 2060 1466 male-

479 1510 765 1566 dicendum
797 1527 809 1562 :
840 1510 890 1563 iu
926 1507 1122 1576 quibus
1152 1517 1204 1559 et
1237 1505 1450 1568 Ruben,
1481 1505 1570 1573 qui
1609 1506 1850 1558 ascendit
1885 1503 2062 1558 cubile

477 1606 652 1676 patris
696 1614 750 1657 ct
813 1612 991 1655 torum
1034 1599 1323 1652 maculavit
1358 1609 1662 1666 paternum,
1700 1605 1753 1650 et
1793 1596 2059 1659 Zabnlun,

479 1695 571 1763 qui
602 1705 685 1749 est
723 1693 942 1748 ultimus
973 1693 1120 1745 lilius
1157 1690 1266 1744 Lize
1297 1689 1435 1760 (67).

2167 1331 2280 1372 eos.

2239 1408 2290 1462 8.
2331 1427 2349 1460 ι
2391 1409 2518 1462 Post
2554 1410 2668 1464 hare
2704 1428 2723 1461 ι
2764 1410 2997 1464 refertur
3017 1412 3143 1481 quia
3175 1431 3192 1460 ι
3225 1413 3498 1482 legitlesns
3525 1424 3776 1477 Omnia

2168 1502 2330 1553 verba
2367 1501 2523 1568 legis,
2558 1502 2609 1555 id
2658 1511 2764 1566 est,
2814 1503 3214 1558 benedictioues
3253 1515 3304 1558 et
3333 1508 3758 1567 materia-tiones

2167 1594 2462 1646 secundum
2486 1595 2664 1647 omnia
2707 1610 2830 1664 qua:
2886 1599 3085 1663 scripta
3145 1607 3271 1650 sunt
3324 1600 3512 1654 iulibm
3543 1604 3730 1672 legis,

2171 1700 2267 1736 uec
2292 1683 2394 1738 fuit
2424 1685 2588 1738 ullum
2619 1690 2842 1741 verbum
2901 1702 2966 1742 ex
3006 1688 3256 1743 omnibus
3300 1705 3418 1758 qua:
3461 1697 3731 1749 mandavit

551 1789 604 1842 7.
641 1785 763 1839 Ihec
791 1785 1006 1853 quidem
1051 1757 1566 1835 veteruuihiStorize
1614 1778 1855 1833 referunt
1887 1786 2062 1846 gesta,
2097 1757 2140 1810 Β
2170 1773 2403 1845 Moyses,
2427 1777 2570 1844 quod
2601 1794 2706 1831 non
2735 1779 2923 1848 legerit
2949 1777 3126 1845 Jesus,
3159 1796 3346 1836 coram
3397 1785 3531 1835 omni
3552 1786 3740 1839 eccle-

479 1880 574 1934 sed
629 1877 898 1948 quomodo
949 1889 1047 1928 nos
1096 1873 1235 1926 hanc
1284 1871 1526 1926 historiae
1574 1859 1944 1924 narrationem
1999 1868 2064 1920 ad

484 1973 769 2044 mysticam
817 1967 1238 2035 intelligentiam
1269 1963 1594 2028 referemus,
1631 1974 1685 2016 ut
1720 1963 2066 2016 ostendamus

481 2069 570 2135 qui
603 2067 713 2122 siut
752 2063 842 2118 isti
879 2062 968 2130 qui
1003 2060 1263 2114 incedunt
1288 2059 1443 2126 juxta
1475 2065 1710 2110 montem
1739 2057 1982 2122 Gariziu,
2011 2065 2065 2108 et

478 2159 570 2227 qui
618 2157 724 2209 sint
777 2154 864 2206 isti
913 2153 1001 2220 qui
1057 2152 1311 2205 incedunt
1358 2151 1512 2218 juxta
1570 2159 1806 2202 montem
1856 2147 2063 2202 Gebal?

483 2249 592 2316 l-.go
641 2248 718 2302 sic
769 2246 947 2308 video,
985 2244 1120 2297 duas
1153 2257 1273 2296 esse
1310 2241 1522 2309 Species
1571 2256 1781 2304 eorum,
1824 2239 1915 2307 qui
1970 2253 2064 2306 per

484 2339 642 2390 fidem
693 2335 952 2389 festinant
989 2343 1042 2385 et
1093 2340 1390 2402 properant
1453 2332 1518 2384 ad
1569 2330 1824 2386 salutem.
1889 2329 2061 2384 Unam

480 2444 670 2485 eorum
709 2426 798 2494 qui
832 2424 1253 2494 promissionum
1280 2421 1588 2477 caelestium
1614 2421 1915 2490 cupiditate
1946 2436 2066 2475 suc-

481 2520 658 2583 censi,
693 2532 910 2573 summo
934 2516 1114 2569 studio
1149 2514 1538 2583 diligentiaque
1562 2513 1828 2576 nituntur,
1865 2528 1931 2566 ne
1958 2527 2062 2566 una

480 2612 675 2668 saltem
723 2609 945 2663 minima
997 2621 1092 2661 eos
1119 2605 1399 2661 beatitudo
1452 2612 1759 2674 praatereat,
1803 2604 2062 2659 habentes

482 2699 815 2756 desiderium
865 2711 968 2752 non
1024 2695 1198 2751 solum
1241 2695 1637 2749 benedictionis
1679 2694 1974 2764 capiendae,
2011 2703 2064 2749 et

482 2793 621 2850 eflici
657 2794 708 2846 in
739 2801 891 2858 parte
926 2789 1090 2842 sortis
1117 2797 1455 2849 sanctorum,
1489 2786 1580 2840 sed
1613 2787 1775 2840 etiam
1806 2787 2064 2842 assistere

485 2888 537 2941 in
592 2892 882 2951 conspectu
940 2879 1055 2946 Dei,
1111 2890 1165 2933 et
1213 2893 1428 2948 semper
1474 2893 1594 2932 esse
1641 2894 1765 2932 cum
1815 2878 2059 2934 Domino.

483 2978 587 3032 Alii
620 2993 747 3030 vero
775 2983 925 3036 sunt,
958 2972 1048 3042 qui
1095 2980 1150 3026 et
1192 2971 1290 3041 ipsi
1325 2971 1548 3025 tendunt
1582 2973 1647 3025 ad
1683 2972 1930 3039 salutem,
1970 2977 2062 3028 sed

488 3087 592 3126 non
647 3080 753 3123 tam
803 3081 990 3122 amore
1048 3065 1481 3120 benedicdonum
1543 3073 1598 3118 et
1645 3065 1930 3119 desideriis
1977 3067 2134 3150 ιιι-ρ

485 3163 853 3226 flammantur,
902 3174 1064 3229 quam
1097 3157 1202 3212 hoc
1233 3157 1404 3227 magis
1437 3155 1640 3211 habent
1669 3157 1725 3210 in
1752 3168 2061 3226 prospectu,

485 3266 544 3310 ut
596 3255 780 3308 dicant
807 3249 941 3321 (68),
967 3247 1175 3304 Suﬂicit
1211 3247 1341 3301 mihi
1375 3262 1480 3302 non
1531 3248 1610 3303 ire
1658 3249 1708 3302 in
1741 3250 2061 3317 gehennam,

485 3344 682 3402 sufficit
715 3343 844 3398 mihi
900 3357 1005 3396 non
1041 3339 1178 3392 mitti
1232 3339 1284 3396 in
1315 3339 1492 3407 ignem
1538 3349 1821 3406 internum,
1871 3339 2066 3395 sullicit

487 3436 621 3492 mihi
684 3449 790 3489 non
865 3429 1057 3499 expelli
1124 3428 1179 3482 in
1234 3428 1486 3484 tenebras
1550 3430 1868 3485 exteriores.
1929 3431 2063 3486 Cum

486 3540 618 3594 ergo
656 3525 708 3578 in
759 3520 987 3589 singulis
1020 3519 1327 3588 quibusque
1375 3519 1614 3574 fidelium
1667 3521 1792 3575 talis
1834 3521 1903 3575 sit
1941 3537 2069 3591 pro-

486 3613 649 3686 positi
706 3611 966 3675 varietas,
1037 3609 1138 3662 hoe
1214 3609 1346 3662 mihi
1403 3609 1673 3678 designari
1739 3609 1952 3665 videtur
2011 3613 2064 3667 in

487 3709 592 3762 hOc
651 3703 792 3766 loco,
857 3701 1000 3771 quod
1062 3700 1267 3754 dimidii
1329 3701 1405 3754 illi
1466 3702 1555 3769 qui
1611 3701 1762 3770 juxta
1825 3715 2064 3759 montem

485 3795 705 3853 Garizin
776 3793 1052 3854 incedunt,
1125 3791 1272 3844 illum
1346 3791 1437 3860 qui
1509 3794 1575 3846 ad
1641 3794 2066 3859 benedictiones,

483 3886 646 3962 42],
678 3886 882 3940 electus
939 3894 1044 3948 est,
1100 3883 1233 3936 istos
1281 3883 1630 3952 singulariter
1684 3887 1941 3954 imlicent,
1975 3889 2067 3956 qui

487 3996 597 4037 non
637 3989 782 4032 metu
827 3992 1021 4046 preme,
1070 3977 1161 4029 sed
1206 3977 1638 4031 benedictionem
1676 3988 1729 4031 et
1773 3983 2069 4044 repromis-

485 4070 700 4125 sionum
743 4065 1012 4121 desiderio
1044 4063 1270 4116 veniunt
1296 4064 1361 4116 ad
1394 4063 1643 4121 salutem.
1693 4065 1771 4121 Illi
1813 4084 1940 4122 vero
1989 4071 2070 4124 di-

491 4160 665 4222 midii,
696 4159 786 4227 qui
833 4157 986 4224 juxta
1037 4165 1271 4210 montem
1324 4155 1491 4212 Gebal
1545 4158 1798 4214 incedunt
1857 4163 1909 4215 in
1960 4178 2069 4231 quo

488 4249 1144 4318 ntaledietioues-prulata:
1177 4259 1324 4314 sunt,
1358 4250 1490 4304 istos
1534 4251 1667 4305 alios
1689 4252 1950 4318 indicent,
1977 4256 2066 4322 qui

488 4343 755 4398 malorum
789 4344 931 4394 metu
957 4349 1011 4395 et
1053 4341 1438 4410 suppliciorum
1493 4342 1685 4398 timore
1736 4345 2069 4414 complentes

2167 1866 2243 1918 sia
2276 1867 2502 1920 filiorum
2536 1868 2700 1922 Israel
2735 1871 2779 1926 ’.
2815 1889 2832 1922 ι
2863 1870 3060 1924 Facilis
3104 1873 3323 1940 quidem
3356 1883 3442 1927 est
3491 1876 3762 1943 explana-

2169 1958 2245 2011 tio
2295 1959 2557 2021 hisloriat,
2611 1964 2878 2030 quomodo
2939 1963 3078 2017 filius
3135 1963 3283 2018 Nave
3327 1964 3515 2035 legetit
3559 1971 3761 2020 omnia

2163 2051 2327 2103 verba
2362 2050 2496 2119 legis
2520 2051 2630 2121 (Ἠ)
2665 2067 2782 2121 qua:
2815 2054 3036 2123 scripsit
3078 2054 3311 2124 Moyses,
3355 2073 3538 2110 coram
3594 2061 3764 2113 omni

2165 2145 2393 2197 ecclesia
2443 2143 2674 2197 filiorum
2727 2145 2889 2200 Israel
2923 2163 2937 2209 ;
2972 2156 3152 2200 uoster
3190 2163 3326 2202 vero
3360 2149 3627 2203 Dominus
3665 2149 3763 2205 Je-

2164 2249 2280 2295 sus,
2308 2238 2580 2304 quomodo
2613 2236 2712 2290 hoc
2738 2237 2934 2306 popqu
2962 2252 3060 2291 suo
3097 2238 3281 2302 faciat,
3319 2245 3610 2295 ostendere
3650 2260 3762 2295 non

2164 2327 2296 2380 mihi
2347 2327 2562 2380 videtur
2621 2331 2877 2384 otiosum.
2935 2330 3001 2382 Et
3052 2345 3153 2400 ego
3203 2331 3423 2400 quidem
3486 2335 3759 2399 arbitror,

2164 2421 2304 2489 quod
2330 2422 2373 2475 si
2411 2422 2626 2490 quando
2655 2422 2809 2475 nobis
2833 2421 3025 2490 legitur
3051 2421 3283 2493 Moyses,
3303 2437 3358 2480 et
3393 2441 3488 2494 per
3519 2430 3763 2496 gratiam

2163 2511 2374 2566 Domini
2409 2513 2651 2568 velamen
2688 2514 2882 2568 littera:
2910 2524 3211 2578 amovetur,
3251 2528 3304 2571 et
3337 2518 3633 2585 incipimus
3679 2522 3768 2574 in-

2165 2604 2430 2675 telligere,
2454 2606 2580 2676 quia
2603 2606 2686 2659 lex
2714 2605 2972 2676 spiritalis
2997 2616 3102 2671 est,
3129 2617 3181 2661 et
3209 2611 3353 2676 quia,
3379 2611 3534 2665 verbi
3561 2628 3762 2672 causa,

2165 2697 2350 2752 dicens
2377 2697 2460 2750 lex
2494 2697 2560 2762 ¹⁰,
2601 2715 2620 2748 ‹
2656 2697 2772 2751 Non
2801 2697 3097 2752 infreaabis
3130 2689 3345 2753 os'bovi
3381 2702 3694 2766 trituranti,
3737 2724 3756 2754 ι

2167 2786 2359 2839 nonde
2391 2786 2562 2840 bobus
2594 2787 2730 2851 hznc,
2762 2787 2854 2839 sed
2893 2787 2958 2840 de
2988 2788 3247 2855 apostolis
3271 2789 3470 2844 dixerit
3497 2807 3511 2844 :
3545 2802 3598 2844 et
3633 2810 3763 2845 rur-

2165 2892 2282 2931 sum
2308 2894 2426 2931 cum
2470 2879 2520 2930 in
2577 2881 2914 2947 legedieitur
2945 2880 3009 2941 “,
3054 2899 3071 2931 ι
3119 2883 3241 2949 quia
3295 2884 3567 2936 Abraham
3607 2886 3756 2941 duos

2169 2970 2306 3024 ﬁlios
2341 2970 2552 3036 habuit,
2581 2988 2744 3024 Ilttlllll
2773 2973 2835 3025 de
2863 2973 3082 3039 ancilla,
3119 2984 3173 3028 et
3204 2991 3369 3028 unum
3405 2978 3469 3030 de
3493 2977 3697 3042 libera,
3732 3000 3751 3033 ι

2167 3076 2268 3130 ego
2293 3064 2343 3115 in
2370 3063 2433 3116 iis
2472 3064 2712 3133 intelligo
2737 3079 2857 3117 esse
2887 3065 2992 3117 duo
3030 3076 3373 3130 testamenta,
3407 3080 3458 3121 et
3488 3073 3622 3122 duos
3661 3089 3762 3139 po-

2169 3156 2321 3226 pnlos
2383 3175 2395 3210 :
2453 3157 2612 3209 istam
2671 3159 2830 3210 nobis
2886 3158 3055 3227 legem
3116 3176 3234 3229 qua:
3293 3166 3371 3215 sie
3429 3164 3758 3234 intelligitur

2169 3249 2351 3318 (quam
2377 3250 2676 3319 spiritalem
2721 3251 2963 3303 nominat
3005 3251 3247 3319 Paulus),
3281 3253 3439 3310 Jesus
3491 3257 3760 3314 Dominus

2169 3340 2315 3411 legit,
2352 3351 2405 3396 et
2438 3342 2551 3410 ipse
2583 3355 2664 3396 est
2694 3344 2781 3410 qui
2822 3343 2937 3397 lucc
2993 3344 3044 3396 in
3100 3347 3323 3400 auribus
3359 3349 3525 3403 totius
3565 3353 3758 3418 populi

2170 3434 2384 3495 recitat,
2417 3435 2735 3503 praecipiens
2785 3437 2940 3488 nobis
2966 3453 3033 3489 ne
3072 3454 3367 3507 sequamur
3412 3443 3758 3494 Occidentem

2170 3525 2431 3593 litteram,
2464 3531 2556 3581 scd
2589 3537 2871 3582 teneamus
2897 3529 3145 3598 spiritum
3173 3532 3559 3589 vivificantem.
3597 3535 3761 3604 Legit

2169 3635 2298 3689 ergo
2328 3621 2481 3675 nobis
2503 3620 2660 3676 Jesus
2688 3621 2888 3692 legem,
2913 3637 3035 3676 cum
3071 3624 3225 3678 nobis
3251 3624 3381 3696 legis
3423 3627 3625 3680 revelat
3650 3642 3758 3680 ar-

2171 3725 2332 3764 cana.
2365 3710 2478 3765 Non
2507 3715 2650 3767 enim
2713 3730 2810 3769 nos
2841 3715 2931 3784 qui
2968 3715 3034 3768 de
3070 3714 3312 3770 Ecclesia
3350 3719 3617 3774 catholica
3665 3735 3759 3774 su-

2171 3817 2310 3869 mus,
2345 3805 2650 3873 spernimus
2679 3805 2848 3874 legem
2877 3806 3063 3874 Mosei,
3098 3810 3194 3862 sed
3241 3811 3571 3879 suscipimus
3601 3827 3751 3873 eam,

2171 3896 2213 3948 si
2245 3907 2420 3950 tamen
2457 3896 2615 3952 Jesus
2650 3915 2770 3952 eam
2799 3901 2956 3956 nobis
3002 3901 3213 3972 legerit.
3261 3903 3353 3957 Sic
3409 3905 3549 3956 enim
3606 3915 3756 3959 recte

2172 3989 2465 4054 poterimus
2516 3989 2819 4057 intelligere
2872 3993 3065 4062 legem,
3113 3995 3158 4049 si
3220 4009 3339 4048 eam
3402 3997 3555 4050 nobis
3608 3997 3756 4064 legat

2170 4078 2341 4144 Jesus,
2373 4090 2430 4133 ut
2461 4083 2577 4148 ipso
2615 4082 2849 4152 legente,
2881 4101 2980 4140 nos
3021 4102 3240 4142 sensum
3271 4089 3387 4157 ejus
3431 4098 3486 4143 et
3551 4091 3755 4143 intelli-

2173 4174 2408 4243 gentiam
2443 4175 2743 4244 capiamus.
2765 4175 2870 4230 Aut
2904 4193 3006 4232 non
3034 4189 3118 4233 est
3137 4180 3434 4249 putandum
3457 4183 3598 4251 quod
3627 4182 3753 4235 inde

2173 4277 2494 4334 conceperat
2527 4282 2744 4322 sensum
2788 4269 2898 4334 ille,
2931 4272 3020 4340 qui
3063 4273 3278 4327 dicebat
3307 4275 3396 4328 ηε
3445 4293 3463 4325 ι
3504 4274 3610 4327 Nos
3652 4292 3752 4324 au-

2174 4369 2278 4412 tem
2318 4374 2540 4411 sensum
2582 4359 2785 4413 Christi
2845 4361 3127 4427 habemus,
3165 4373 3217 4416 ιιι
3253 4355 3491 4418 sciamus
3545 4383 3663 4434 qua:
3719 4383 3748 4418 τι

489 4449 609 4504 qua:
655 4432 712 4488 in
747 4432 864 4498 lege
894 4424 1096 4502 seripta
1123 4442 1270 4496 sunt,
1315 4435 1637 4502 perveniunt
1695 4438 1758 4491 ad
1811 4437 2064 4492 salutem.

2179 4451 2286 4503 Deo
2318 4450 2516 4503 donata
2557 4463 2681 4504 sunt
2725 4453 2903 4516 nobis,
2933 4470 3052 4521 qua:
3096 4465 3150 4508 ct
3194 4455 3484 4523 loquimur.
3535 4476 3552 4508 ι
3587 4457 3647 4510 Ει
3674 4459 3752 4510 illi

489 4526 713 4596 lliejam
745 4526 836 4581 Dei
866 4519 1034 4581 solius
1062 4537 1147 4580 est
1186 4540 1341 4579 nosse
1368 4543 1431 4580 ex
1479 4530 1728 4585 omnibus
1760 4531 1912 4586 nobis
1943 4533 2065 4588 filiis

488 4621 672 4685 Israel,
705 4621 827 4689 quis
850 4620 1046 4688 estqui
1082 4619 1207 4672 boni
1249 4619 1421 4688 ipsius
1461 4621 1732 4678 desiderio
1773 4642 2068 4682 succensus

488 4714 620 4767 facit
681 4713 824 4782 quod
880 4712 1078 4766 bonum
1126 4720 1230 4777 εει,
1282 4712 1400 4779 quis
1443 4731 1570 4771 vero
1622 4731 1868 4773 nostrum
1922 4731 2064 4774 metu

490 4807 774 4874 gehennae.
809 4815 862 4859 et
887 4808 1084 4866 .‘cterni
1112 4809 1255 4878 ignis
1287 4819 1498 4866 terrore
1546 4814 1715 4867 tendit
1745 4814 1811 4867 ad
1844 4815 2066 4880 bonum,

487 4908 543 4952 et
568 4901 751 4953 studet
779 4915 842 4954 ac
867 4900 1087 4954 festinat
1117 4902 1342 4969 implere
1375 4920 1495 4972 qua:
1523 4904 1722 4972 scripta
1761 4913 1905 4958 sunt.
1937 4907 2066 4961 (.‘er-

563 4996 583 5026 ⁰
607 4992 721 5047 los.
757 5010 874 5058 viii,
903 4995 994 5058 54,
1020 4995 1108 5050 55.

489 5080 639 5129 xxiv,
667 5063 756 5117 51.
907 5084 922 5126 (

565 5157 677 5228 (66)
711 5157 835 5210 Post
887 5173 906 5207 ι
935 5155 1319 5226 ignobiliores,
1345 5157 1872 5228 iSangermanensis
1903 5166 2053 5220 addit

495 5246 514 5276 ι
549 5228 903 5295 interpuugit,
937 5246 950 5276 ι
987 5231 1127 5294 quod
1162 5229 1212 5281 iu
1241 5230 1363 5282 aliis
1403 5245 1535 5283 mss.
1564 5247 1668 5283 non
1695 5245 1896 5288 exstat.

565 5298 678 5364 (67)
714 5297 839 5350 Liw.
911 5297 1069 5351 Deest
1103 5300 1154 5350 in
1202 5297 1354 5352 libris
1388 5301 1570 5366 editis,
1602 5303 1698 5356 sed
1748 5303 1977 5359 habetur
2018 5305 2070 5358 in

491 5369 742 5420 Oninibus
771 5383 901 5420 mss.

567 5436 682 5506 (68)
713 5438 1023 5510 sangerin.,
1054 5456 1072 5488 ι
1095 5449 1145 5492 et
1167 5437 1446 5491 desideriis
1465 5439 1887 5505 inflammantur,
1906 5457 2066 5510 quam

499 5502 802 5578 lioc_magis
827 5502 1028 5562 habent
1053 5511 1103 5562 in
1135 5520 1440 5578 prospecui,
1473 5511 1733 5565 dicentes.
1760 5531 1779 5564 ι
1818 5502 1951 5564 Tres
1974 5512 2063 5566 alii

499 5570 655 5625 codd.
689 5570 844 5640 uiss.,
900 5594 922 5628 ι
949 5579 1028 5632 vel
1061 5570 1478 5646 proiiiissi0iiurii
1530 5580 1815 5635 desideriis
1853 5581 2065 5634 inﬂam-

504 5652 741 5720 i_-_uantur,
789 5661 952 5720 quam
991 5649 1091 5720 hoc
1133 5650 1302 5716 magis
1347 5650 1549 5720 habent
1592 5650 1643 5701 iu
1698 5662 2010 5720 prospectu.
2041 5669 2062 5704 ›

507 5709 626 5764 Mox
652 5709 1046 5771 Geméticensis
1069 5733 1192 5771 eum
1223 5709 1334 5770 imo
1361 5717 1675 5774 libroiccusi
1698 5709 1805 5780 pro
1827 5709 1859 5773 ἰ
1886 5721 2068 5777 dicen-

1189 4996 1233 5027 "
1263 4999 1413 5052 Deut.
1446 5013 1577 5061 xxv,
1607 4997 1660 5064 4,
1695 4999 1790 5052 etl
1828 4998 1952 5055 Cor.
1986 5016 2060 5068 ix,
2092 5002 2148 5058 9.

2175 4542 2266 4611 qui
2303 4542 2557 4596 dicebant
2597 4543 2638 4574 ¹³
2667 4560 2678 4596 :
2712 4561 2730 4593 ι
2767 4543 2956 4598 Nonne
2989 4547 3183 4598 ardens
3220 4559 3330 4600 erat
3377 4551 3427 4602 iu
3468 4551 3623 4602 nobis
3656 4567 3753 4603 συι-

2177 4644 2446 4697 nostrum,
2472 4650 2593 4687 cum
2639 4636 2794 4688 nobis
2825 4639 3061 4702 aperiret
3108 4637 3422 4707 Scripturas
3467 4641 3518 4692 in
3568 4643 3687 4693 via?
3727 4663 3748 4693 ι

2175 4726 2388 4794 quando
2421 4726 2684 4794 incipiens
2725 4743 2752 4777 ιι
2799 4725 2916 4796 lege
2944 4726 3108 4795 Moysi
3138 4744 3305 4796 usque
3347 4732 3413 4781 ad
3465 4733 3754 4798 prophetas

2177 4817 2302 4885 legit
2324 4819 2402 4870 eis
2427 4818 2628 4881 omnia,
2652 4829 2702 4871 et
2732 4819 2986 4872 revelavit
3008 4834 3129 4886 quae
3153 4820 3216 4872 de
3243 4819 3358 4886 ipso
3380 4824 3578 4891 scripta
3604 4834 3751 4877 sunt.

2177 4905 2312 4960 Mira
2357 4917 2535 4960 tamen
2578 4909 2751 4977 figura
2806 4913 3070 4966 sermonis
3117 4915 3420 4967 ostenditur
3456 4915 3505 4967 in
3539 4917 3602 4966 iis
3635 4931 3756 4981 qua?

2251 5001 2291 5030 ¹¹
2325 4997 2446 5054 Gal.
2479 5013 2552 5063 tv,
2595 5000 2686 5056 ‘22.
2793 5002 2837 5032 "
2870 5003 2884 5054 Ι
2918 5005 3041 5058 Cor.
3095 5021 3154 5069 ll,
3214 5007 3300 5072 l2,
3348 5008 3432 5062 15.
3539 5008 3582 5040 ³³
3615 5008 3751 5063 Luc.

2191 5172 2272 5217 tes
2303 5181 2321 5215 ι
2354 5163 2557 5218 habent
2586 5180 2604 5214 ι
2636 5175 2691 5215 ιιι
2721 5165 2922 5218 dicant.
2951 5185 2971 5218 ι
3031 5167 3084 5220 In
3114 5168 3267 5223 libris
3295 5179 3451 5225 antea
3483 5173 3641 5225 editis
3673 5175 3753 5228 sic

2187 5233 2417 5308 legit_ur._
2463 5252 2487 5308 r
2510 5234 2588 5286 vel
2642 5236 3056 5308 promissionum
3124 5240 3382 5304 ipsarum,
3434 5259 3592 5308 quam
3649 5245 3752 5298 hoc

2185 5304 2374 5374 magis
2405 5304 2666 5357 habentes
2704 5306 3077 5374 iu'prospectu
3124 5319 3172 5360 et
3205 5304 3467 5364 dicentes.
3497 5333 3514 5362 ι
3579 5312 3750 5366 Paulo

2182 5373 2413 5451 postem
2468 5389 2594 5451 mss.
2645 5374 2866 5451 habent,
2906 5373 3144 5451 «sufﬁcit
3185 5379 3312 5432 mihi
3350 5396 3454 5432 lltlll
3480 5384 3746 5451 expelli,»

2183 5442 2236 5494 in
2271 5445 2423 5495 libris
2451 5444 2609 5496 editis
2635 5447 2807 5507 deest,
2842 5463 2859 5495 ι
2887 5445 3033 5497 mihi.
3058 5464 3074 5494 ι

2249 5513 2362 5581 (69)
2391 5512 2696 5580 Sangerm.,
2737 5531 2755 5564 ι
2797 5516 3056 5581 proman
3083 5517 3244 5569 etiam
3288 5518 3507 5574 bonum.
3549 5539 3572 5576 ι

2383 5582 2548 5655 idem,
2595 5600 2612 5632 ι
2654 5585 3092 5655 praiscriptiones
3131 5599 3180 5640 et
3219 5603 3429 5655 pineis.
3474 5610 3492 5640 ι

2240 5651 2522 5731 (Zl)_ldci_u
2551 5653 2816 5731 Irestituit
2867 5669 3048 5710 vocem
3089 5676 3106 5708 ι
3145 5651 3293 5728 legis,
3336 5679 3353 5712 ι
3389 5676 3508 5731 qua:
3561 5663 3748 5716 deerat

2169 5720 2222 5775 iu
2260 5720 2410 5776 libris
2436 5721 2618 5776 editis.
