4104 6226
450 425 557 480 877

1439 420 1504 476 IN
1547 423 1801 481 LIBRUM
1833 425 1998 480 JESU
2041 424 2223 478 NAVE
2262 423 2544 478 HOMILIA
2586 425 2675 478 IX.

3598 411 3698 491 37a

450 538 654 604 scripta
696 548 846 600 sunt,
899 554 1020 591 cum
1063 538 1191 590 dirit
1237 536 1323 590 “t
1361 557 1380 588 ι
1439 537 1553 590 Νοιι
1597 551 1713 591 erat
1755 554 1933 591 sermo
1961 554 2023 592 ett

2133 538 2355 602 perfecti
2395 547 2542 591 stare
2574 547 2770 589 norunt
2799 539 2991 590 armati
3029 541 3288 595 adversus
3326 547 3555 600 astutias
3581 549 3697 603 dia-

447 629 703 683 omuibus
731 645 848 698 quae
883 631 1157 682 mandavit
1195 628 1425 699 Moyses,
1460 645 1620 698 quem
1677 647 1779 683 non
1833 632 2021 698 legerit

445 716 608 776 Jesus
639 721 691 774 iit
723 723 944 774 auribus
976 724 1139 775 totius
1167 721 1422 777 Ecclesia:
1468 721 1654 776 Israel.
1703 741 1721 773 ι
1757 722 1816 775 Et
1846 723 2020 789 primo

451 814 646 882 legisse
675 812 988 878 inani-ibus,
1030 815 1312 868 videamus
1349 814 1482 882 quid
1520 812 1720 867 indicet
1751 812 1886 882 (72).
1919 813 2020 866 Ve-

446 917 576 958 reor
607 920 674 958 ne
697 904 834 957 forte
863 906 1073 972 aliquos
1106 907 1416 960 auditorum
1447 920 1626 959 sermo
1655 915 1838 958 noster
1860 904 2024 958 offen-

451 997 539 1050 dat
569 1011 586 1059 ;
621 1001 714 1049 sed
739 1007 919 1049 tamen
959 998 1241 1050 dicendum
1279 1007 1363 1051 est
1392 997 1536 1066 quod
1572 1013 1677 1050 non
1715 1012 1902 1050 omnes
1929 997 2018 1065 qui

447 1087 703 1141 audimus
724 1088 915 1155 legem,
948 1089 1011 1141 de
1037 1089 1274 1142 Ecclesia
1309 1105 1499 1142 smnus
1537 1089 1771 1142 filiorum
1805 1089 1968 1142 Israel
1999 1105 2014 1142 :

448 1178 545 1232 sed
572 1194 674 1231 non
699 1180 964 1233 continuo
994 1182 1036 1233 si
1067 1190 1148 1234 est
1179 1181 1357 1248 aliqua
1381 1182 1688 1236 differentia
1715 1183 1856 1234 inter
1877 1182 2025 1234 audi-

451 1275 595 1324 tores
626 1270 760 1336 legis
790 1283 842 1325 et
870 1272 1153 1325 ecclesiam
1189 1273 1420 1326 filiorum
1455 1274 1644 1340 Israel,
1676 1275 1896 1328 auditor
1922 1290 2019 1328 ex-

455 1356 682 1412 t‘luditur
704 1375 732 1411 a
766 1361 963 1414 salute.

519 1448 572 1503 9.
611 1451 887 1506 Attendite
936 1467 1066 1521 ergo
1117 1453 1428 1517 diligentius
1485 1455 1663 1508 verbis
1701 1453 2018 1525 Scriptnrze,

449 1539 680 1594 dicentis
716 1541 758 1574 ⁸⁵
794 1561 806 1594 :
838 1562 856 1594 ι
897 1543 1009 1595 Non
1045 1554 1162 1596 erat
1193 1545 1358 1597 ullum
1396 1545 1620 1598 verbum
1665 1562 1728 1598 ex
1773 1547 2025 1600 omnibus

443 1645 564 1696 quae
601 1633 880 1685 mandavit
925 1632 1162 1703 Moyses,
1213 1636 1356 1703 quod
1391 1651 1496 1689 non
1537 1636 1726 1705 legerit
1760 1635 1920 1692 Jcsus
1970 1643 2022 1693 in

445 1722 670 1776 auribus
703 1725 865 1776 totius
899 1725 1141 1778 ecclesia:
1193 1727 1428 1782 filiorum
1476 1728 1660 1782 Israel.
1702 1750 1720 1782 ι
1768 1729 1836 1784 Et
1875 1732 2025 1786 addit

442 1815 609 1866 etiam
659 1833 677 1864 ι
728 1815 1045 1870 mulieribus
1072 1827 1125 1870 et
1169 1817 1490 1886 infantibus,
1544 1832 1600 1874 et
1646 1824 1958 1894 proselytis.
1996 1843 2015 1875 ι

2127 627 2230 678 buli
2261 644 2273 678 :
2315 625 2568 679 mulieres
2595 641 2726 682 vero
2753 626 2851 690 illi,
2885 628 2976 694 qui
3010 631 3246 681 nomium
3293 648 3355 684 ex
3397 638 3706 706 semetipsis

2124 730 2242 782 quzc
2274 713 2423 767 utilia
2461 724 2584 767 sunt
2613 724 2829 783 gerunt,
2866 719 2956 768 sed
3004 718 3264 770 imitando
3297 721 3440 775 viros
3481 724 3615 795 (76),
3647 740 3700 785 et

2125 819 2312 858 eorum
2344 805 2588 874 exempla
2629 808 2905 885 sectando.
2951 807 3020 859 liv
3074 811 3272 876 quibus
3303 822 3357 865 et
3401 827 3564 883 caput
3605 819 3701 872 ha-

2127 896 2256 948 bere
2293 897 2589 949 dicuntur:
2626 915 2644 947 ι
2677 897 2848 967 Caput
2897 899 3041 952 enim
3096 903 3377 968 mulieris,
3432 908 3515 960 vir
3563 909 3628 965 ²¹.
3680 931 3695 960 1

2125 984 2364 1040 Infantes
2393 1003 2518 1041 vero
2548 999 2734 1051 erunt,
2774 991 2864 1058 qui
2919 992 3022 1044 fide
3070 1010 3240 1061 nuper
3286 1009 3535 1066 suscepta
3568 1001 3699 1072 (77),

2127 1079 2266 1132 lacte
2290 1079 2602 1148 evangelico
2653 1082 2986 1136 nutriuntur.
3041 1082 3300 1154 l'rosclyti
3336 1097 3512 1142 autem
3557 1102 3703 1145 catc—

2125 1169 2375 1240 ebutneni
2413 1171 2754 1239 videbuntur,
2793 1174 2871 1227 vel
2906 1173 2938 1225 ii
2964 1174 3052 1243 qui
3081 1174 3190 1244 jam
3227 1179 3421 1233 sociari
3456 1182 3706 1241 fidelibus

2127 1260 2364 1311 student.
2399 1259 2471 1312 De
2501 1260 2695 1329 quibus
2747 1262 2974 1331 singulis
3024 1265 3220 1317 similia
3271 1269 3434 1321 etiam
3468 1271 3703 1331 Joannes

2127 1348 2368 1404 sentiens
2403 1349 2455 1402 in
2493 1349 2730 1418 Epistula
2775 1367 2869 1406 sua
2903 1353 3115 1418 scribit,
3145 1367 3196 1410 et
3223 1360 3450 1428 singulis
3478 1365 3705 1430 quibus-

2127 1453 2232 1507 que
2265 1440 2520 1495 mtatibus
2560 1444 2774 1511 propria
2825 1460 3051 1513 qua‘que
3095 1460 3242 1516 gesta
3294 1453 3538 1508 decernit
3569 1457 3702 1528 (78).

2130 1526 2511 1584 Verumtamen
2541 1531 2667 1586 Jesu
2724 1535 2877 1588 vobis
2925 1537 3187 1593 recitante
3234 1542 3426 1610 legem,
3461 1556 3512 1598 et
3552 1526 3703 1604 rere-

2127 1620 2272 1677 lante
2303 1624 2558 1679 cordibus
2594 1626 2787 1680 vestris
2815 1626 3221 1696 intelligentiam
3257 1635 3574 1702 spiritalem,
3607 1657 3704 1695 ue-

2127 1726 2233 1779 qne
2263 1714 2540 1785 proselyti,
2581 1716 2634 1769 id
2669 1728 2752 1770 est
2783 1723 3156 1778 catechumeni
3182 1725 3388 1781 diutius
3417 1730 3702 1796 inauratis,

2127 1805 2220 1856 sed
2273 1805 2523 1861 festinate
2568 1808 2634 1860 ad
2681 1811 3081 1880 percipiendam
3133 1818 3360 1885 gratiam
3398 1819 3514 1883 Dei,
3559 1833 3616 1876 ut
3649 1834 3706 1876 et

445 1903 604 1956 Novit
631 1904 887 1959 Dominus
920 1916 1102 1958 noster
1131 1907 1292 1964 Jesus
1325 1925 1446 1966 esse
1476 1911 1612 1966 alias
1645 1928 1808 1966 aures
1831 1924 2026 1981 praeter
2058 1900 2099 1954 Β
2131 1913 2226 1951 "03
2286 1899 2335 1951 ί¹¹
2383 1899 2625 1954 ΕεθῙθδῙει
2670 1902 2902 1958 ﬁliorum
2947 1907 3108 1962 lsrael
3143 1915 3618 1968 allllumercmiui:
3649 1928 3705 1971 et

448 1992 580 2048 istas
614 1997 880 2062 carnales,
910 2013 1046 2066 quas
1078 2000 1142 2050 ad
1185 1999 1517 2054 audientiam
1561 2003 1847 2056 verborum
1894 2018 2022 2058 suo-

450 2097 594 2147 rum,
630 2097 684 2140 et
712 2088 778 2140 ad
813 2089 1145 2141 audientiam
1190 2089 1324 2158 legis
1368 2091 1612 2158 requirit.
1669 2093 1822 2148 Unde
1867 2103 1921 2147 et
1970 2095 2023 2148 in

456 2175 768 2244 Evangelio,
811 2192 1158 2248 posteaquam
1200 2182 1265 2234 de
1306 2182 1533 2252 singulis
1577 2200 1699 2252 quae
1739 2186 2026 2254 oportebat

449 2267 692 2329 edocuit,
720 2268 887 2330 addit,
910 2279 965 2322 et
989 2271 1119 2324 dicit
1141 2270 1221 2324 "-:
1250 2289 1268 2322 ι
1289 2270 1388 2338 Qui
1413 2272 1576 2327 habet
1597 2289 1757 2329 aures
1773 2276 2023 2330 audiendi

449 2359 653 2412 audiat.
687 2379 705 2410 ι
748 2360 898 2425 Quod
931 2365 1118 2431 utique
1144 2365 1188 2416 si
1224 2365 1289 2416 de
1323 2366 1546 2420 auribus
1575 2368 1800 2421 dixisset
1827 2384 2023 2422 carna-

446 2445 609 2513 libus,
646 2454 969 2520 superllnum
1019 2458 1316 2511 videretur.
1362 2457 1532 2511 Nemo
1575 2459 1720 2513 enim
1767 2475 1872 2515 non
1926 2461 2022 2514 ha-

446 2539 583 2596 bens
607 2559 766 2598 aures
796 2547 861 2596 ad
895 2548 1058 2600 verba
1095 2549 1212 2618 ejus
1242 2549 1512 2604 audienda
1536 2560 1888 2605 convenerat.
1918 2551 2023 2606 Sed

450 2634 702 2702 quoniam
745 2637 952 2690 sciebat
1003 2639 1054 2691 itt
1103 2641 1326 2694 auribus
1375 2641 1653 2696 interioris
1689 2643 1944 2709 hominis,
1971 2645 2022 2697 id

455 2735 540 2777 est
575 2727 855 2780 intellectu
883 2729 1082 2795 cordis,
1105 2733 1266 2800 recipi
1310 2733 1506 2786 debere
1537 2748 1655 2800 qua:
1689 2733 1829 2787 dicta
1864 2746 2020 2787 sunt:

451 2819 604 2886 (quid
648 2821 794 2873 enim
825 2820 937 2889 (735)
973 2824 1195 2889 prodest
1233 2823 1420 2878 audire
1450 2839 1771 2882 sermonem.
1828 2825 1871 2879 si
1918 2840 2022 2879 non

457 2909 759 2962 retineatur
778 2920 832 2962 et
851 2921 1103 2963 servetur
1118 2911 1168 2963 in
1191 2912 1352 2964 rerde
1367 2912 1409 2979 ?)
1427 2911 1628 2964 idcirco
1643 2924 1804 2964 aures
1827 2911 1894 2964 ab
1925 2926 2020 2964 an-

452 2998 714 3056 «litoribus
738 3005 1087 3068 exposcebat.
1113 3001 1224 3058 Hoc
1257 3020 1386 3074 ergo
1406 3007 1569 3059 etiam
1608 3018 1771 3067 nunc,
1796 3004 1877 3058 vel
1901 3019 2020 3058 cmn

451 3093 745 3163 Scriptura:
780 3095 831 3148 in
856 3095 1085 3149 ecclesia
1135 3095 1406 3166 leguntur,
1443 3096 1525 3149 vel
1565 3113 1686 3151 cum
1718 3112 1897 3152 sermo
1923 3111 2024 3152 ex-

450 3184 780 3252 planationis
816 3187 1092 3254 profertur
1121 3189 1187 3240 ad
1210 3189 1485 3257 populum,
1513 3189 1810 3258 Scriptura!
1841 3199 2022 3243 aucto-

452 3276 666 3329 ritatem
700 3289 994 3346 sequentes
1025 3280 1274 3341 dit-imus,
1298 3278 1492 3334 Videte
1526 3297 1595 3335 ne
1632 3281 2020 3350 leganturqni-

449 3366 571 3420 dem
601 3370 666 3418 ab
704 3367 828 3421 ιιι-δη
873 3372 1032 3424 verba
1060 3371 1210 3440 legis,
1243 3373 1338 3424 scd
1365 3373 1780 3442 quamplurimis
1807 3389 1911 3427 non
1946 3372 2024 3425 le-

448 3469 647 3527 gantur
679 3476 693 3524 ;
725 3462 849 3527 quia
871 3461 1030 3515 .Icsus
1058 3463 1165 3515 illis
1205 3461 1333 3531 legit
1385 3463 1575 3532 legem,
1607 3465 1698 3532 qui
1739 3479 1897 3517 aures
1925 3464 2023 3517 ha-

453 3549 960 3604 buerinlaudiendi.
991 3553 1330 3622 Sedetqnod
1363 3556 1612 3624 adjunxit
1632 3557 1698 3607 ad
1727 3554 2024 3609 Ecclesiant

451 3639 665 3694 Domini
693 3643 857 3697 etiam
881 3644 1155 3710 mulieres,
1187 3657 1240 3698 et
1270 3645 1522 3710 infantes,
1547 3662 1600 3699 et
1625 3647 1947 3716 proselytos,
1979 3647 2024 3700 si

454 3732 672 3801 quidem
708 3735 1002 3802 separatim
1038 3735 1401 3804 intelligamus
1431 3735 1684 3790 mulieres
1711 3744 1764 3790 et
1798 3737 2028 3790 infantes

450 3835 507 3876 et
531 3823 852 3894 prosclytos,
885 3836 940 3878 et
983 3841 1076 3880 eos
1103 3826 1248 3879 velut
1279 3825 1548 3895 sequelam
1578 3828 1871 3896 quamdam
1905 3841 2029 3882 esse

451 3913 751 3967 sentiamus
795 3913 1080 3976 Ecclesia),
1129 3915 1386 3984 quoniam
1440 3933 1461 3966 ε
1521 3917 1573 3969 in
1621 3917 1781 3970 domo
1837 3932 2028 3986 magna

448 4011 556 4053 uon
592 4012 716 4054 sunt
755 4005 1124 4056 tantummodo
1159 4019 1282 4058 vasa
1317 4019 1479 4058 aurea
1524 4017 1578 4060 et
1625 4016 1903 4075 argentea,
1937 4007 2028 4060 sed

449 4098 508 4143 et
538 4090 710 4159 lignea
743 4102 798 4145 et
832 4093 1017 4146 fictilia
1051 4095 1116 4156 ",
1149 4113 1168 4145 ι
1199 4095 1434 4150 dicimus
1459 4097 1590 4150 viris
1621 4098 1838 4166 quidem
1871 4095 2029 4150 forti-

448 4181 552 4237 bus
588 4184 778 4239 fortem
823 4187 958 4240 tradi
1005 4188 1204 4251 cibum,
1257 4189 1361 4242 illis
1416 4189 1686 4255 videlicet,
1725 4192 1791 4244 de
1836 4191 2032 4260 quibus

450 4273 741 4340 Apostolus
769 4275 902 4330 dicit
925 4277 968 4309 ⁸⁸
1003 4295 1017 4330 :
1057 4297 1076 4328 r
1113 4277 1484 4333 Perfectorum
1508 4290 1688 4334 autem
1715 4289 1798 4334 est
1828 4279 2033 4335 solidus

453 4363 625 4427 cibus,
660 4383 678 4415 ι
711 4381 772 4418 ex
817 4368 1012 4434 quibus
1063 4370 1176 4436 ipse
1223 4369 1326 4422 sibi
1379 4381 1645 4437 praeparat
1682 4391 1700 4424 ‹
1734 4372 2031 4426 Ecclesiam

453 4468 560 4507 non
623 4455 914 4512 habentem
973 4462 1260 4527 maculam,
1293 4471 1384 4514 aut
1440 4478 1646 4532 rugam,
1689 4472 1782 4515 aut
1832 4463 2034 4531 aliquid

454 4543 646 4599 horum
678 4548 750 4599 "z

451 4638 536 4690 vel
570 4643 962 4709 proselytorum
989 4641 1149 4713 422
1185 4645 1547 4712 appellatione
1589 4645 1846 4708 secernit,
1871 4644 2030 4698 intel-

452 4725 686 4797 ligamus
714 4732 826 4802 (74)
858 4733 976 4789 illos
999 4750 1142 4800 esse,
1167 4739 1256 4805 qui
1285 4739 1461 4791 adlme
1490 4738 1627 4791 lacte
1652 4738 1912 4806 indigent,
1938 4747 2032 4790 aut

453 4821 621 4876 etiam
653 4823 799 4877 velut
827 4824 1046 4888 inﬁrmi,
1085 4837 1143 4880 nt
1177 4839 1302 4881 sunt
1351 4829 1628 4893 mulieres,
1669 4828 1910 4882 oleribus
1943 4843 2034 4882 ve-

451 4922 680 4967 scuntur
706 4913 773 4967 ²⁰.
802 4915 858 4969 Si
900 4930 1027 4970 vero
1058 4917 1214 4972 simul
1250 4918 1360 4989 (75)
1393 4920 1568 4974 omnis
1599 4919 1898 4988 accipiatur
1926 4917 2033 4972 Ec-

454 5003 648 5072 clesia,
681 5006 782 5060 viri
814 5008 1032 5076 quidem
1060 5010 1432 5079 intelliguntur
1459 5011 1554 5077 illi,
1585 5013 1678 5082 qui
1705 5011 1755 5065 itt
1781 5011 2036 5065 omnibus

527 5147 571 5180 “
602 5148 716 5202 Jos.
747 5167 866 5217 vm,
899 5151 988 5206 55.
1068 5153 1114 5183 ¹⁸
1148 5153 1274 5207 ibid.
1356 5154 1601 5206 “Matth.
1629 5170 1742 5217 xm,
1764 5153 1818 5209 9.

453 5232 514 5274 ιιι
542 5228 598 5273 ct
632 5220 788 5276 Rom.
823 5237 933 5276 xiv.
1011 5223 1053 5254 ¹¹
1090 5223 1108 5276 1
1138 5221 1264 5277 Cor.
1296 5239 1369 5287 xi,
1393 5223 1446 5277 5.
1522 5225 1565 5254 ’³
1588 5223 1750 5279 llebr.
1780 5238 1852 5291 vt,
1891 5225 1942 5277 1.

527 5355 640 5426 (7'2)
667 5353 820 5426 “58.,
855 5376 873 5408 ι
912 5356 1130 5413 imlicet.
1169 5377 1187 5410 ι
1215 5357 1370 5412 Libb.
1403 5357 1555 5420 editi,
1593 5376 1611 5409 t
1651 5358 1800 5412 dicit.
1837 5379 1857 5412 ›

526 5425 640 5498 (75)
665 5425 813 5498 ltl_ss.,
842 5445 860 5478 ι
891 5427 1211 5498 quidenim.
1235 5448 1252 5478 ι
1275 5428 1426 5482 Libb.
1449 5429 1599 5494 editi,
1630 5448 1647 5480 ι
1681 5431 1803 5496 quia
1827 5427 1980 5482 nihil.
2005 5447 2024 5478 ι

529 5494 642 5568 (74)
676 5494 829 5562 Μὸε.,
858 5515 877 5548 1
912 5494 1301 5568 intelligamus.
1337 5516 1355 5548 l
1389 5498 1539 5552 Libb.
1586 5494 1739 5561 editi,
1776 5517 1796 5549 ι
1833 5499 2028 5553 intelli-

494 5583 652 5620 llllllS.
689 5583 709 5616 1

454 5583 652 5707 sua?)
688 5583 1108 5707 Libbaedititc
1155 5636 1335 5707 simul.
1371 5655 1388 5687 1
1426 5636 1572 5691 Unus
1623 5640 1792 5692 codex
1845 5637 2034 5692 Ebroi-

457 5705 661 5776 censis,
697 5725 714 5756 ε
757 5707 809 5760 itt
846 5705 968 5776 illis.
1012 5725 1030 5757 ι
1065 5705 1280 5776 Reliqui
1312 5721 1462 5768 mss.,
1495 5725 1512 5759 ι
1549 5708 1759 5766 similis.
1799 5727 1816 5759 ι

531 5775 644 5847 ('76)
676 5777 860 5831 Codex
919 5775 1299 5846 Sangertnan.,
1345 5795 1364 5827 ι
1405 5778 1564 5831 viros.
1617 5797 1632 5830 ι
1673 5778 1823 5834 Libb.
1879 5779 2031 5843 editi,

531 5847 804 5900 meliores.
839 5865 859 5899 ι

463 5863 484 5899 1
531 5861 804 5902 IIICIIOI'CS.
839 5865 859 5899 ι

737 4565 753 4613 ;
785 4567 802 4598 ι
828 4563 921 4602 eos
949 4565 1079 4604 vero
1100 4567 1234 4619 quos
1268 4554 1575 4616 mulierum,
1607 4554 1687 4607 vel
1721 4553 2027 4620 infantium,
2067 4570 2106 4622 υ

1899 5153 1940 5184 ’⁷
1968 5151 2007 5204 ll
2028 5149 2167 5205 Tim.
2195 5165 2254 5213 tt,
2274 5148 2365 5202 20.

2017 5221 2062 5252 ’³
2094 5220 2206 5276 Jos.
2258 5234 2334 5281 ix,
2369 5219 2418 5282 1,
2446 5217 2502 5269 2.

2126 2003 2243 2050 vos,
2272 1988 2527 2053 infantes,
2561 1991 2725 2045 nolite
2746 1995 2893 2060 pueri
2919 1995 3053 2050 cﬂiei
3078 1999 3350 2064 sensibus,
3382 2003 3473 2054 sed
3502 2004 3701 2057 malitia

2126 2079 2331 2146 parvuli
2367 2091 2561 2144 estote,
2590 2081 2838 2135 sensibus
2876 2099 3056 2139 autem
3086 2099 3263 2142 estote
3299 2090 3544 2157 perfecti,
3567 2095 3706 2148 sicut

2124 2184 2178 2225 et
2229 2173 2519 2240 Apostolus
2563 2174 2629 2227 ad
2682 2173 2935 2230 Ilebrznos
2974 2177 3101 2232 dicit
3134 2180 3222 2233 ”:
3259 2199 3277 2232 t
3319 2182 3706 2251 Relinquentes

2127 2264 2511 2332 principiorum
2543 2264 2742 2318 Christi
2791 2281 3096 2323 sermonem
3127 2269 3288 2342 (78‘),
3323 2274 3390 2326 ad
3419 2274 3706 2342 perfectio-

2128 2370 2248 2408 nem
2277 2355 2538 2408 fcramnr.
2583 2375 2602 2406 ι
2637 2356 2741 2410 Sed
2774 2369 2826 2412 et
2860 2374 2977 2423 vos,
3013 2361 3104 2428 qui
3150 2364 3248 2416 sub
3293 2365 3572 2418 mulierum
3603 2385 3704 2438 ap—

2128 2448 2415 2512 pellatione
2445 2445 2644 2501 infirmi
2693 2457 2746 2501 et
2791 2451 3002 2505 remissi
3032 2461 3084 2505 et
3116 2451 3354 2523 languidi
3385 2456 3535 2520 estis,
3557 2472 3706 2512 com-

2129 2539 2446 2603 tnonemini,
2487 2548 2544 2592 ut
2595 2540 2851 2594 remissas
2888 2557 3081 2596 manus
3133 2553 3188 2597 et
3241 2545 3502 2600 dissoluta
3533 2563 3705 2613 genua

2125 2632 2365 2703 erigatis,
2420 2632 2472 2685 id
2520 2639 2623 2693 est,
2671 2641 2726 2684 ut
2774 2632 3108 2701 negligentes
3142 2645 3197 2688 et
3237 2636 3451 2692 desides
3496 2640 3716 2701 animos,

2126 2725 2418 2789 suscitetis,
2455 2737 2507 2780 et
2536 2727 2748 2782 virilem
2783 2729 3141 2782 constantiam
3171 2730 3223 2784 in
3255 2732 3536 2800 explendis
3567 2750 3708 2803 prae—

2126 2818 2297 2886 ceptis
2327 2817 2584 2886 legalibus
2627 2827 2681 2872 et
2731 2817 3063 2887 evangelicis
3095 2823 3405 2884 assumatis,
3437 2832 3600 2893 atque
3642 2829 3710 2880 ad

2129 2908 2370 2963 virorum
2404 2909 2625 2963 fortium
2661 2907 3046 2977 perfectionem
3093 2911 3348 2967 celeriter
3387 2917 3709 2984 properetis.

2128 2998 2244 3054 Non
2277 3001 2420 3054 enim
2464 3003 2614 3054 novit
2654 2999 2938 3067 Scriptura
2973 3001 3154 3056 divina
3187 3007 3479 3059 secundum
3521 3021 3710 3061 sexum

2127 3093 2527 3161 separationcm
2561 3093 2800 3146 virorum
2839 3109 2904 3148 ac
2941 3093 3225 3148 mulierum
3264 3095 3462 3151 facere.
3493 3099 3708 3153 Etenim

2128 3182 2268 3250 apud
2305 3181 2470 3234 Deum
2502 3197 2664 3235 sexus
2695 3183 2836 3236 nulla
2868 3184 3123 3238 discretio
3147 3195 3252 3250 est,
3285 3187 3378 3240 sed
3415 3201 3512 3255 pro
3541 3190 3711 3243 animi

2127 3273 2443 3327 diversitate
2491 3273 2571 3327 vel
2615 3274 2717 3338 vir,
2755 3273 2839 3328 vel
2897 3274 3091 3327 mulier
3113 3275 3443 3341 designatur.
3487 3277 3712 3344 Quanta:

2130 3380 2194 3420 ex
2251 3366 2540 3419 mulierum
2595 3381 2729 3419 sexu
2785 3367 2924 3433 apud
2972 3367 3141 3420 Deum
3197 3368 3248 3420 in
3301 3369 3430 3422 viris
3478 3369 3713 3427 fortibus

2127 3456 2524 3510 numerantur?
2569 3465 2622 3508 et
2654 3457 2844 3525 quanti
2889 3471 2953 3510 ex
3005 3457 3138 3510 viris
3172 3458 3312 3511 inter
3362 3461 3614 3514 remissas
3657 3475 3715 3517 et

2127 3548 2410 3618 languidas
2478 3547 2730 3601 mulieres
2797 3558 3113 3616 repulantur
3171 3550 3325 3621 (79)?
3395 3552 3588 3607 Annon
3615 3553 3714 3610 tibi

2128 3641 2346 3692 videtur
2391 3639 2534 3692 inter
2591 3637 2847 3693 mulieres
2894 3641 3286 3695 existimandus
3339 3642 3428 3695 ille
3480 3645 3562 3697 vir
3618 3646 3712 3715 qui

2128 3728 2260 3781 dicit
2301 3745 2314 3781 :
2361 3726 2475 3781 Non
2521 3741 2738 3796 possunt
2803 3729 3098 3782 observare
3151 3745 3272 3796 qua:
3321 3733 3518 3801 scripta
3562 3746 3711 3798 sunt,

2129 3819 2367 3872 vendere
2415 3833 2534 3887 qua:
2575 3819 2750 3873 habeo
2791 3827 2846 3873 et
2886 3821 3018 3874 dare
3071 3822 3394 3888 pauperibus
3446 3839 3550 3878 non
3585 3840 3713 3893 pos--

2131 3925 2276 3972 sum,
2329 3909 2650 3978 percutienti
2714 3910 2988 3964 maxillam
3030 3911 3268 3979 prabcre
3318 3913 3544 3968 alteram
3608 3931 3713 3970 non

2133 4012 2386 4067 possum,
2454 3997 2866 4054 maledicentem
2923 4002 3245 4058 benedicere
3289 4019 3397 4058 non
3461 4021 3711 4074 possum,

2133 4088 2537 4158 blaspbetnatus
2574 4089 2854 4159 deprecari
2882 4106 2984 4146 non
3019 4107 3257 4161 possum,
3280 4097 3711 4163 persecutionem

2132 4186 2240 4252 pati
2269 4191 2324 4236 et
2368 4183 2635 4237 sustinere
2677 4199 2783 4238 non
2824 4186 3077 4253 possunt?
3105 4184 3312 4241 Caetera
3358 4189 3553 4242 similia
3594 4205 3714 4259 qua:

2135 4273 2459 4326 mandantur
2486 4273 2576 4343 qui
2610 4274 2742 4328 dicit
2773 4274 2999 4344 implere
3034 4291 3139 4331 non
3183 4293 3422 4346 possum,
3451 4281 3577 4348 quid
3615 4281 3712 4336 tibi

2135 4362 2348 4416 videtur
2376 4362 2519 4416 aliud
2565 4379 2727 4434 quain
2760 4366 2902 4420 inter
2928 4366 3205 4430 mulieres,
3229 4382 3349 4436 quae
3397 4369 3532 4424 nihil
3558 4371 3714 4426 virile

2133 4461 2383 4521 possunt,
2414 4467 2535 4506 esse
2572 4457 2982 4511 numerandus?

2208 4542 2295 4598 10.
2326 4543 2433 4598 Sed
2477 4543 2754 4605 videamus
2803 4546 2932 4614 quid
2977 4555 3100 4615 post
3145 4547 3259 4602 haec
3291 4549 3554 4619 scriptum
3586 4563 3711 4608 est:

2143 4655 2160 4686 ι
2201 4637 2266 4689 Et
2299 4638 2608 4705 audierunt,
2635 4638 2809 4708 inquit
2836 4638 2902 4703 ",
2936 4653 3123 4693 omnes
3172 4655 3326 4710 rcges
3363 4643 3714 4698 Antorrhaao-

2138 4742 2278 4792 rum,
2305 4736 2359 4782 et
2383 4728 2474 4797 qui
2509 4741 2662 4784 trans
2687 4729 3002 4793 Jordanem,
3030 4739 3084 4783 et
3125 4732 3215 4799 qui
3245 4732 3298 4784 in
3340 4735 3630 4794 tnuntanis,
3660 4745 3714 4787 et

2131 4821 2222 4888 qui
2259 4821 2310 4874 in
2347 4821 2571 4889 campis,
2595 4828 2652 4874 et
2671 4821 2760 4890 qui
2795 4835 2958 4888 super
2981 4834 3078 4874 ora
3109 4822 3272 4873 maris
3297 4821 3496 4890 magni,
3521 4832 3577 4874 et
3613 4826 3710 4890 qui

2133 4922 2289 4967 erant
2321 4913 2372 4966 in
2426 4912 2771 4976 Antilibano,
2816 4921 2872 4966 et
2921 4912 3144 4974 (lethaei,
3195 4923 3249 4964 et
3299 4914 3619 4979 Amorrbaei,
3659 4926 3714 4969 ct

2133 5004 2444 5068 Chanantei,
2477 5014 2532 5059 et
2560 5003 2854 5068 Pherezaei,
2879 5011 2934 5057 et
2961 5002 3124 5066 Evasi,
3153 5012 3205 5056 et
3236 5002 3513 5074 Gergesei,
3544 5017 3594 5060 et
3625 5005 3717 5062 ,ιυ-

2443 5148 2485 5178 ¹⁸
2507 5146 2738 5210 llebr.v,
2766 5145 2854 5216 M.
2931 5143 2974 5174 ¹⁹
3003 5141 3201 5212 Ephes.
3230 5158 3278 5206 ν,
3298 5142 3385 5196 27.
3466 5144 3512 5176 ὀ
3542 5143 3556 5196 l
3585 5145 3714 5198 Cor.

2208 5356 2319 5427 (77)
2345 5355 2546 5412 Oumcs
2570 5368 2727 5422 mss.,
2760 5372 2780 5406 ι
2814 5360 3083 5422 suscepta.
3116 5371 3135 5403 ι
3164 5351 3316 5408 Libb.
3353 5353 3507 5417 editi,
3535 5369 3555 5404 ‹
3596 5367 3718 5406 sus-

2137 5427 2302 5484 centi.
2341 5445 2360 5476 ι

2203 5442 2538 5566 Ιίειιέ)’ϐοᾱεχ
2569 5495 2924 5566 Sangerman.
2945 5531 2961 5556 ,
3002 5510 3023 5566 ι
3055 5491 3314 5547 secernit.
3349 5511 3368 5543 1
3401 5491 3534 5566 Ibid.
3580 5490 3714 5547 libb.

2139 5563 2475 5638 antea'editi,
2517 5585 2535 5616 ε
2569 5565 2693 5620 Jesu
2729 5563 2882 5617 nobis
2916 5563 3274 5638 recitante...
3320 5563 3575 5620 cordibus
3617 5576 3712 5638 tt_o-

2140 5637 2288 5700 stris,
2330 5655 2348 5686 1
2377 5637 2469 5690 sed
2503 5649 2691 5690 onmes
2727 5648 2854 5687 mss.
2889 5642 2945 5686 ut
2980 5633 3033 5686 in
3067 5641 3252 5688 nostro
3285 5642 3436 5688 textu
3609 5635 3627 5652 '

2212 5707 2551 5778 (78')ACodex
2578 5706 2890 5778 sangerm.,
2920 5721 2938 5754 ι
2968 5717 3264 5760 sermones.
3303 5721 3324 5757 ι

2171 5817 2177 5824 .
2213 5776 2326 5849 (79)
2355 5776 2522 5843 Idem,
2555 5797 2573 5828 ‹
2607 5777 2952 5846 deputantur.
2989 5792 3008 5826 ι
