4104 6226
524 267 628 320 879

1972 259 2291 315 (ιιιιιιεκιε

3756 263 3851 318 εει

524 383 713 446 bnszci,
749 391 802 436 et
836 391 1202 437 convenerunt
1264 381 1316 434 in
1375 397 1574 448 unutn,
1615 391 1671 436 nt
1725 391 2096 451 expugnarent
2127 386 2169 440 Α
2205 362 2472 447 quomodo
2523 381 2646 450 ligni
2692 395 2922 434 rtesorcs
2948 421 2960 444 ,
2993 379 3073 433 vel
3130 394 3282 448 aquae
3329 387 3693 450 gestatores
3728 379 3848 434 ﬁant

519 475 704 532 .lesnm
750 485 805 530 et
835 473 996 529 Israel
1029 474 1208 528 simul.
1248 493 1266 525 ι
1300 473 1535 528 Ilistoria
1592 490 1770 528 rerum
1820 485 2092 542 gestarum

521 567 804 622 manifesta
823 575 926 630 est,
954 580 1053 619 nee
1081 566 1462 633 explanatione
1485 566 1684 634 indiget
1706 567 1845 633 quod
1875 565 2094 618 eviden-

523 668 604 713 ter
633 658 900 727 expletum
932 665 1016 711 est
1045 673 1061 722 ;
1089 671 1154 710 ex
1190 657 1254 709 iis
1304 666 1480 709 tamen
1515 671 1634 724 qum
1666 664 1814 726 gesta
1850 664 1973 709 sunt
2010 655 2094 707 vi-

519 751 788 816 sibilibus,
833 754 998 806 nostri
1054 749 1262 805 Domini
1317 747 1442 801 Jcsu
1494 747 1788 800 Salvatoris
1835 747 1970 800 bella
2031 760 2095 799 ac

521 845 825 913 triumphos
881 859 1019 910 quos
1071 843 1275 911 egerit,
1337 837 1790 906 contemplemur,
1846 836 2093 905 quamvis

516 938 679 990 etiam
740 936 792 988 in
852 935 967 1002 ipso
1034 937 1140 988 lure
1194 931 1484 985 visibililer
1531 944 1814 983 cernamus
1859 928 2090 996 expleta.

514 1026 898 1079 Conveneruut
925 1022 1067 1075 enim
1099 1037 1251 1090 reges
1279 1030 1456 1084 terra,
1486 1029 1729 1085 senatus,
1760 1019 2092 1088 populusque

513 1127 569 1170 et
602 1114 877 1184 principes
925 1111 1172 1174 liornaui,
1210 1121 1266 1163 ut
1322 1118 1691 1179 expugnarent
1727 1123 1920 1162 nomen
1963 1106 2088 1162 Iesu

513 1218 563 1260 et
602 1205 766 1260 Israel
799 1203 979 1257 simul.
1035 1203 1398 1257 Decreverunt
1439 1203 1580 1254 enim
1617 1201 1821 1270 legibus
1861 1200 1998 1263 suis,
2034 1209 2091 1252 ut

515 1313 620 1350 non
645 1296 752 1348 sint
815 1293 1129 1348 Christiani.
1185 1293 1374 1346 Omnis
1438 1293 1652 1357 civitas,
1725 1291 1901 1344 omnis
1954 1291 2088 1342 ordo

511 1387 942 1441 Christianorum
972 1401 1165 1438 nomen
1191 1383 1489 1453 impugnat.
1516 1383 1618 1436 Sed
1651 1384 1791 1435 sicut
1824 1391 1948 1435 tunc
1972 1395 2090 1433 om-

511 1493 611 1533 nes
646 1477 718 1531 illi
757 1490 909 1545 reges
936 1474 1325 1529 convenientes
1376 1484 1560 1526 contra
1603 1471 1784 1526 .Icsum
1837 1470 1968 1524 nihil
2005 1469 2086 1522 fa-

510 1583 635 1622 cere
667 1575 981 1636 potuerunt,
1010 1565 1083 1618 ita
1117 1563 1228 1632 (80)
1257 1562 1339 1615 vel
1369 1561 1639 1630 principes
1671 1559 1755 1612 vel
1793 1568 2089 1626 potestates

512 1666 630 1719 ista:
656 1663 965 1727 contrariae,
1003 1670 1062 1714 ut
1109 1673 1212 1712 non
1245 1657 1676 1711 Christianorum
1710 1669 1878 1723 genus
1927 1652 2086 1706 latins

2210 485 2263 525 et
2313 473 2740 526 condemnentur
2785 472 2920 542 (8i)
2979 475 3044 526 ad
3082 473 3428 542 obsequium
3493 475 3745 543 populi,
3798 485 3846 527 et

2208 562 2396 617 altaris
2425 564 2513 616 Dei
2553 563 2938 627 ministerium,
2968 564 3225 632 quoniam
3255 566 3518 632 quidem
3553 579 3694 616 cum
3728 562 3846 618 dolo

2202 661 2256 706 et
2301 653 2600 708 caliditate
2654 663 3006 709 accesserunt
3049 655 3117 708 ad
3171 654 3315 708 filios
3363 655 3589 716 Israel,
3639 656 3844 722 pannis

2203 743 2694 813 calceamentisque
2727 745 3000 800 veteribus
3043 746 3250 808 induti,
3287 757 3346 800 et
3377 747 3596 801 cibum
3631 746 3839 802 vetusti

2203 836 2356 904 panis
2385 835 2644 890 ferentes.
2682 837 2770 892 Isti
2790 852 2920 906 ergo
2949 838 3174 891 veniunt
3204 839 3270 890 ad
3301 837 3515 893 Iesum
3553 856 3687 894 cum
3711 857 3832 894 orn-

2202 927 2359 980 nibus
2395 930 2756 983 vetustatibus
2781 929 2893 984 suis
2914 970 2929 993 ,
2955 940 3008 983 et
3040 939 3204 982 orant
3237 931 3308 984 ab
3341 946 3420 985 eo
3459 934 3575 985 hoc
3609 943 3824 986 tantum

2201 1029 2257 1070 ut
2307 1020 2604 1073 salveutnr.
2639 1019 2693 1072 In
2743 1034 2970 1088 quorum
3022 1020 3194 1089 ﬁgura
3245 1021 3348 1075 tale
3396 1023 3547 1076 mihi
3602 1023 3819 1092 aliquid

2199 1110 2412 1163 videtur
2434 1112 2667 1166 ostendi.
2711 1110 2849 1166 Sunt
2878 1111 3097 1180 quidam
3129 1113 3182 1165 in
3217 1112 3467 1169 Ecclesia
3504 1117 3813 1168 credentes

2198 1201 2415 1270 quidem
2444 1211 2498 1256 et
2528 1202 2790 1256 habentes
2821 1202 2976 1255 fidem
3013 1202 3065 1255 in
3100 1202 3286 1266 Deum,
3316 1214 3365 1257 et
3410 1205 3805 1272 acquiescen—

2201 1301 2281 1345 tes
2307 1292 2422 1362 (85)
2460 1293 2711 1346 erunibus
2760 1291 2961 1347 divinis
3004 1298 3281 1362 praeceptis
3316 1295 3577 1363 :quique
3605 1297 3792 1349 etiam

2197 1396 2325 1449 erga
2350 1397 2538 1437 servos
2564 1382 2654 1437 Dei
2687 1382 2919 1452 religiosi
2943 1395 3091 1449 sunt,
3118 1394 3169 1438 et
3194 1385 3370 1438 servire
3388 1387 3470 1440 eis
3494 1388 3769 1455 cupiunt,

2196 1476 2287 1528 sed
2315 1485 2369 1530 et
2407 1479 2473 1529 ad
2505 1487 2754 1531 ornatum
2785 1477 3070 1543 Ecclesiae,
3111 1479 3201 1532 vel
3241 1479 3568 1532 ministerium
3603 1482 3758 1535 satis

2198 1567 2427 1635 prompti
2463 1569 2742 1638 paratique
2771 1579 2923 1632 sunt,
2953 1569 3005 1622 in
3034 1570 3249 1624 actibus
3265 1585 3380 1624 vero
3398 1571 3500 1624 suis
3524 1582 3575 1624 et
3600 1585 3742 1623 cnu-

2195 1656 2506 1710 versatione
2535 1657 2752 1726 propria
2774 1697 2789 1722 ,
2819 1657 3251 1713 obscenitatibus
3291 1669 3343 1712 et
3371 1660 3504 1712 vitiis
3525 1659 3626 1725 (86)
3646 1663 3664 1716 i
3683 1678 3732 1711 ῖ-

509 1737 574 1808 ac
598 1753 870 1822 profusius
896 1761 1221 1821 propagetur
1243 1749 1375 1822 (8i),
1405 1748 1654 1801 obtinere
1677 1761 1780 1799 non
1809 1745 2083 1798 valebunt.

2192 1747 2377 1810 voluti,
2425 1762 2524 1802 nec
2559 1749 2781 1803 omnino
2817 1751 3155 1818 deponentes
3200 1762 3435 1804 veterem
3484 1750 3736 1803 hominem

511 1845 785 1912 Scriptum
835 1858 1070 1912 namque
1100 1853 1183 1897 est
1214 1841 1283 1907 ",
1315 1840 1442 1910 quia
1482 1857 1499 1890 r
1543 1846 1748 1907 quanto
1795 1837 1962 1905 magis
1994 1850 2087 1888 cos

507 1935 888 1996 Innniliabant,
943 1943 1092 1986 tanto
1143 1933 1310 2001 magis
1365 1931 1546 2000 plures
1589 1931 1811 1991 licbant,
1848 1936 1901 1980 et
1937 1928 2086 1980 iuva-

511 2030 786 2084 Iescebant
810 2024 999 2082 valde.
1042 2047 1060 2078 ι
1088 2025 1421 2081 Confidimus
1459 2034 1662 2086 autem,
1699 2023 1821 2092 quia
1860 2039 1962 2074 non
1999 2037 2086 2075 so-

509 2121 616 2172 lum
651 2135 753 2174 non
787 2133 884 2173 nos
915 2127 1167 2188 poterunt
1199 2118 1450 2172 obtinere
1500 2114 1740 2168 visibiles
1777 2113 2002 2172 inimici.
2035 2120 2088 2165 et

506 2212 802 2266 adversarii
837 2211 1032 2271 nostri,
1071 2224 1257 2264 verum
1305 2208 1471 2262 etiam
1519 2206 1779 2259 velociter
1822 2204 1947 2258 Jesu
1980 2203 2084 2256 Do-

510 2304 656 2356 mino
699 2313 885 2356 nostro
913 2302 1162 2355 vincente
1191 2307 1500 2354 conteretur
1533 2297 1770 2351 Satanas
1803 2297 1904 2350 sub
1937 2297 2086 2365 pedi-

505 2393 608 2448 bus
633 2407 914 2447 servorum
944 2391 1080 2459 ejus.
1113 2391 1206 2443 Illo
1232 2391 1433 2444 etenim
1459 2389 1596 2443 duce
1621 2402 1836 2456 semper
1868 2388 2088 2440 vincent

509 2485 706 2538 milites
740 2481 846 2549 sui,
878 2484 949 2535 ita
1003 2492 1061 2534 ut
1111 2490 1165 2535 et
1210 2498 1308 2535 nos
1363 2480 1607 2533 dicamus
1655 2479 1792 2532 sicut
1825 2479 1876 2530 in
1917 2478 2085 2531 Esdra

507 2577 769 2644 scriptum
803 2581 885 2627 est
908 2573 975 2635 ",
1005 2572 1128 2640 quia
1167 2589 1186 2623 ι
1221 2588 1250 2624 a
1297 2579 1369 2635 te,
1408 2570 1653 2634 Domine,
1707 2577 1790 2622 cst
1837 2568 2082 2632 vii-toria,

506 2676 565 2723 et
593 2683 693 2737 ego
723 2679 914 2720 servus
948 2676 1090 2728 tuus,
1122 2663 1436 2717 benedictus
1469 2676 1550 2723 es,
1586 2661 1726 2715 Deus
1753 2660 2022 2713 veritatis.
2059 2677 2078 2710 ι

506 2763 676 2827 Quem
706 2773 920 2826 semper
949 2768 1004 2811 et
1031 2773 1129 2811 no;
1159 2757 1491 2819 invocemus,
1524 2764 1583 2808 ut
1615 2757 1701 2808 det
1730 2755 1886 2808 nobis
1915 2755 2085 2808 victo-

502 2852 644 2905 riam
682 2851 733 2902 in
765 2849 984 2903 Christe
1020 2846 1143 2902 Jesu
1178 2847 1402 2901 Domino
1439 2855 1646 2908 nostro,
1681 2845 1765 2898 cui
1809 2855 1889 2900 est
1913 2845 2082 2915 gloria

497 2950 564 2997 et
596 2940 879 3010 imperium
910 2939 961 2992 in
994 2937 1186 2991 saecula
1219 2937 1559 2990 saeculorum.
1592 2942 1786 2988 Amen.

1099 3046 1375 3103 IIOMILIA
1420 3046 1486 3100 X.

526 3143 600 3196 lle
642 3141 760 3195 dolo
805 3139 1246 3203 Gabnouitarum,
1291 3141 1378 3192 ubi
1423 3141 1602 3190 dicunt
1641 3154 1658 3190 :
1703 3156 1721 3188 ‹
1776 3137 2081 3190 Audiuimus

578 3220 773 3276 quautu
827 3215 950 3280 [ccit
999 3211 1253 3264 Dominus
1317 3209 1581 3262 vobiscum
1634 3225 1726 3276 per
1783 3223 1924 3259 mare
1978 3205 2083 3258 liu-

577 3279 750 3334 brum.
798 3300 816 3332 ι

578 3391 633 3446 1.
700 3409 720 3443 ι
793 3392 848 3445 In
904 3394 1065 3446 domo
1125 3391 1305 3444 Patris
1365 3391 1465 3444 mei
1537 3391 1846 3444 mansiones
1904 3388 2084 3442 multa:

506 3494 653 3544 sunt,
681 3501 709 3534 -›
746 3483 877 3537 dicit
904 3483 1140 3537 Verbum
1173 3482 1262 3535 Dei
1289 3481 1356 3535 ".
1381 3482 1486 3535 Sed
1513 3490 1564 3535 et
1588 3480 1915 3536 resurrectio
1947 3495 2084 3533 rnor-

506 3583 724 3631 tuorutn
757 3591 861 3629 non
890 3574 1105 3629 habebit
1129 3573 1388 3642 aequalem
1415 3575 1807 3643 resurgentium
1829 3573 2078 3642 gloriam,

503 3668 599 3723 sed
634 3685 650 3717 ι
681 3667 786 3720 alia
815 3678 946 3719 caro
959 3666 1383 3731 volucrum,alia
1397 3664 1926 3737 pecorum(82),alia
1953 3680 2082 3720 vero

503 3758 766 3828 piscium;
805 3767 864 3811 et
886 3771 1113 3826 corpora
1144 3757 1406 3823 caelestia,
1433 3765 1488 3810 et
1525 3771 1749 3823 corpora
1775 3757 2080 3819 terrestria,

504 3849 600 3904 sed
631 3849 734 3902 alia
766 3848 983 3916 quidem
1016 3847 1315 3903 cmlcstinm
1346 3847 1542 3917 gloria,
1591 3849 1692 3900 alia
1739 3864 1870 3903 vero
1913 3858 2084 3901 terre-

503 3941 715 3994 strium.
749 3940 865 3992 Alia
896 3938 1063 4007 gloria
1095 3939 1248 4000 solis.
1277 3939 1379 3991 alia
1408 3938 1575 4006 gloria
1600 3939 1759 4003 lunae,
1788 3939 1888 3992 alia
1914 3939 2080 4008 gloria

502 4029 804 4082 stellarum.
849 4027 1015 4080 Stella
1056 4029 1123 4083 ab
1159 4029 1311 4082 stella
1354 4028 1533 4082 :lilTert
1570 4030 1622 4082 in
1658 4029 1862 4096 gloria,
1903 4030 1976 4082 ita
2022 4039 2080 4081 et

499 4117 833 4173 resurrectio
864 4129 1201 4173 mortuorum
1227 4119 1300 4176 ³⁷.
1338 4138 1357 4171 ι
1384 4118 1565 4172 Multa:
1603 4133 1733 4189 ergo
1763 4134 1950 4172 eorum
1988 4117 2078 4188 qui

502 4213 569 4266 ad
593 4212 822 4266 salutem
847 4213 1070 4267 veniunt
1100 4210 1416 4267 differentiae
1445 4211 1823 4282 designantur.
1854 4211 2006 4266 Unde
2029 4223 2084 4266 et

501 4319 647 4358 nunc
669 4302 998 4357 Gabaonitas
1024 4305 1175 4368 istos,
1198 4318 1426 4372 quorum
1455 4303 1680 4360 historia
1715 4305 1938 4358 recitata
1967 4304 2078 4375 (83)

499 4393 664 4467 523
694 4404 797 4460 est,
823 4395 1058 4449 arbitror
1088 4406 1206 4465 port
1233 4397 1484 4450 unculam
1514 4396 1807 4465 quamdam
1832 4411 1950 4450 esse
1976 4412 2069 4450 eo-

2189 1853 2310 1891 cum
2341 1838 2554 1892 actibus
2583 1839 2718 1903 suis,
2749 1841 2842 1893 sed
2879 1840 3102 1893 involuti
3149 1842 3380 1895 vetustis
3417 1842 3563 1893 vitiis
3593 1841 3756 1894 etob-

2188 1931 2547 1985 scenitatibus
2573 1931 2714 1996 suis,
2751 1932 2896 1987 sicut
2931 1941 2984 1987 et
3014 1932 3100 1986 isti
3134 1933 3328 2002 pannis
3358 1945 3412 1987 et
3435 1933 3765 1987 calceamen-

2191 2023 2260 2076 tis
2277 2023 2548 2077 veteribus
2570 2023 2798 2087 obtecti,
2826 2033 3021 2093 praater
3053 2023 3156 2077 hoc
3185 2023 3328 2091 quod
3364 2023 3417 2076 in
3447 2023 3618 2076 Deum
3653 2035 3768 2074 cre-

2192 2113 2344 2178 dunt,
2370 2122 2426 2168 et
2454 2129 2580 2184 erga
2615 2128 2804 2169 servos
2837 2114 2924 2167 Dei
2954 2114 3034 2169 vel
3067 2111 3320 2168 Ecclesia:
3347 2115 3555 2168 cultum
3584 2113 3770 2166 viden-

2192 2214 2278 2258 tur
2301 2221 2421 2259 esse
2453 2205 2652 2269 devoti,
2679 2206 2810 2259 nihil
2850 2206 3105 2260 adhibent
3129 2207 3538 2260 emendationis
3564 2205 3650 2257 vel
3693 2204 3770 2256 in-

2189 2296 2492 2350 novationis
2528 2298 2580 2350 in
2614 2298 2858 2352 moribus
2887 2297 3019 2369 (87).
3055 2298 3176 2352 Istis
3204 2313 3334 2367 ergo
3374 2297 3540 2352 .Iesus
3593 2296 3769 2350 Domi-

2189 2403 2288 2441 nus
2324 2397 2509 2442 noster
2540 2388 2770 2444 salutem
2805 2391 3024 2458 quidem
3056 2390 3329 2456 concedit,
3367 2392 3462 2444 sed
3496 2390 3762 2460 quodam-

2189 2482 2346 2534 modo
2372 2482 2516 2535 salus
2544 2482 2658 2550 ipsa
2691 2497 2878 2536 eorum
2915 2492 3098 2536 notam
3149 2499 3254 2536 non
3288 2482 3763 2537 evaditinfamia.

2189 2571 2391 2625 Similis
2419 2587 2632 2640 quoque
2659 2573 2822 2625 etiam
2862 2572 2914 2625 in
2954 2571 3134 2625 libello
3165 2572 3255 2638 qui
3309 2571 3628 2640 appellatur
3658 2565 3761 2620 Pa-

2185 2667 2345 2721 storis
2378 2666 2513 2738 (88).
2539 2668 2603 2722 de
2632 2667 2716 2722 his
2749 2667 2918 2738 ﬁgura
2951 2667 3302 2722 describitur.
3331 2668 3420 2720 Ait
3446 2668 3623 2726 enim,
3647 2664 3764 2731 quia

2187 2763 2269 2809 est
2306 2755 2470 2808 arbor
2496 2758 2763 2822 qutedam,
2796 2771 2915 2825 qua:
2949 2755 3125 2809 ulmus
3152 2755 3479 2825 appellatur,
3515 2771 3640 2824 qua:
3669 2753 3765 2804 fru-

2186 2854 2329 2899 ctum
2364 2862 2469 2899 non
2499 2845 2677 2910 affert,
2702 2855 2882 2914 portat
2910 2855 3087 2900 tamen
3115 2848 3278 2901 vitem
3314 2863 3434 2916 qua}
3463 2848 3632 2901 aﬂ‘ert
3661 2845 3764 2915 plu-

2191 2938 2384 2991 rinnun
2419 2937 2673 3004 fructum,
2702 2949 2754 2992 et
2789 2955 2852 2992 ex
2889 2954 2953 2993 eo
2975 2940 3115 3008 quod
3149 2942 3482 2996 adminiculo
3533 2952 3622 2996 est
3649 2940 3762 3005 viti,

2187 3044 2305 3097 quin
2340 3029 2454 3095 ejus
2486 3030 2690 3084 viribus
2717 3030 2913 3092 nitens,
2944 3029 3022 3084 vel
3051 3028 3268 3094 aﬂ'errc,
3296 3032 3376 3086 vel
3408 3047 3638 3086 servare
3669 3046 3758 3100 po.

2188 3130 2290 3175 test
2334 3121 2624 3190 plurimum
2670 3121 2926 3186 fructum,
2963 3123 3127 3175 etiam
3163 3123 3341 3178 ulmus
3367 3163 3382 3187 ,
3417 3140 3545 3194 qum
3593 3123 3757 3179 infru-

2183 3224 2373 3270 ctuosa
2400 3225 2505 3281 est,
2539 3215 2852 3270 necessaria
2883 3217 3099 3272 videtur
3128 3226 3183 3272 et
3231 3217 3380 3271 utilis
3406 3233 3470 3272 ex
3512 3219 3620 3273 hoc
3651 3219 3759 3284 ipso

2183 3309 2328 3376 quod
2356 3305 2650 3361 fructifera:
2681 3305 2792 3378 (89)
2827 3307 3104 3362 deserviat
3128 3307 3243 3361 viti.
3276 3306 3406 3362 Tale
3437 3308 3656 3378 aliquid
3682 3310 3757 3364 in-

2189 3399 2368 3467 tellige
2417 3402 2579 3452 etiam
2627 3397 2682 3451 in
2732 3397 3052 3453 Gabaonitis
3094 3398 3184 3468 qui
3241 3413 3348 3452 non
3391 3399 3760 3468 deposuerunt

2185 3493 2402 3563 quidem
2435 3499 2669 3545 veterem
2704 3491 2974 3544 hominem
3002 3506 3126 3545 cum
3165 3491 3383 3546 actibus
3411 3493 3524 3545 suis
3549 3532 3564 3555 ,
3615 3491 3760 3546 mini-

2187 3596 2225 3639 ε·
2243 3594 2361 3638 rant
2391 3593 2569 3638 tamen
2600 3584 2806 3638 sanctis
2834 3594 2886 3637 et
2924 3583 3190 3647 serviunt,
3232 3594 3286 3636 et
3313 3583 3517 3651 aliquid
3551 3600 3581 3635 ιι
3601 3584 3757 3637 tilita-

2187 3676 2256 3730 tis
2286 3675 2626 3742 impendunt,
2657 3685 2711 3730 et
2739 3674 2832 3728 tali
2864 3676 3102 3746 quodam
3140 3676 3332 3729 ordine
3363 3677 3428 3728 ab
3457 3673 3579 3729 Iesu
3625 3674 3757 3727 salu-

2190 3777 2298 3820 tem
2364 3783 2484 3820 cum
2559 3765 2850 3834 juramenti
2935 3767 3350 3836 interpositione
3432 3767 3751 3835 suscipiunt.

2187 3859 2298 3927 Ego
2365 3859 2616 3911 nolebam
2693 3861 2746 3910 in
2826 3856 3256 3911 Gabaonitarum
3340 3858 3529 3912 ordine
3599 3858 3751 3912 salu-

2187 3962 2289 3998 tem
2321 3943 2430 4016 (90)
2463 3943 2745 4012 consequi,
2775 3957 2873 3998 nec
2902 3945 2955 3998 in
2987 3944 3113 4014 ligni
3143 3947 3459 4011 etesoribus,
3491 3948 3571 4000 vel
3604 3958 3752 4016 aqua

2185 4034 2549 4105 gestatoribus
2609 4035 2927 4100 munerari,
2979 4037 3072 4089 sed
3133 4037 3274 4090 inter
3333 4038 3607 4091 Israelitas
3653 4054 3750 4093 ca-

2185 4141 2313 4193 pere
2360 4125 2729 4180 brereditatetn
2764 4137 2819 4179 et
2846 4127 3154 4196 portionem
3183 4129 3748 4197 term’promissionis

2185 4217 2429 4284 accipere
2453 4214 2586 4288 (9!).

2253 4308 2307 4360 2.
2333 4306 2745 4363 Observandum
2781 4321 2912 4363 sane
2944 4319 3064 4372 est,
3113 4311 3259 4379 quod
3301 4311 3478 4366 solent
3512 4308 3746 4366 lueretici

2178 4399 2422 4467 legentes
2449 4400 2594 4452 hunc
2619 4397 2798 4453 locum
2824 4398 3156 4453 calumniam
3187 4400 3366 4456 facere
3391 4440 3405 4462 ,
3454 4401 3488 4455 ii
3525 4402 3616 4470 qui
3655 4402 3747 4455 Te-

504 4501 668 4552 rum,
719 4488 808 4554 qui
844 4486 1088 4540 salvandi
1121 4497 1246 4539 sunt
1271 4529 1284 4551 ,
1319 4488 1394 4542 ita
1443 4496 1621 4540 tamen
1651 4498 1839 4542 utnon
1871 4490 2074 4555 absque
2108 4476 2150 4530 ι)
2180 4500 2510 4544 stamentum
2545 4487 2715 4544 Vetus
2749 4505 2852 4544 non
2904 4493 3198 4560 recipiunt,
3243 4503 3294 4546 et
3351 4493 3581 4546 dicunt:
3623 4493 3749 4546 Vide

507 4578 738 4647 alicujus
789 4591 930 4633 mtas
989 4579 1260 4634 inustione
1305 4581 1598 4634 salventur.
1639 4581 1797 4633 Vides
1846 4594 2077 4648 namque

573 4677 618 4706 "
648 4676 816 4729 Exod.
858 4693 893 4741 ι,
929 4675 1010 4728 1‘2.
1089 4675 1134 4706 "
1158 4673 1221 4727 lll
1258 4675 1410 4730 Iisdr.
1447 4690 1519 4739 tv,
1548 4675 1637 4736 59,
1664 4675 1752 4728 60.

568 4819 680 4884 (8t!)
713 4819 764 4873 In
797 4821 985 4875 eodem
1013 4821 1182 4882 deest,
1219 4838 1236 4870 ι
1272 4819 1364 4872 ita.
1397 4839 1420 4871 ι

506 4926 512 4931 -
570 4886 681 4959 (8|)
714 4887 857 4943 Idem
891 4889 1222 4960 msababet,
1257 4908 1275 4940 ‹
1307 4899 1649 4960 propagetur.
1683 4909 1702 4941 ι
1729 4889 1885 4944 Libb.
1918 4886 2071 4953 editi,

503 4977 524 5009 ι
564 4969 901 5028 prorogetur.
933 4979 952 5010 ι
988 4959 1107 5014 Mox
1151 4960 1204 5012 in
1244 4960 1432 5013 eodem
1467 4959 1653 5015 codice
1707 4960 2073 5028 manuscripto

496 5029 780 5088 0lllillillll',
815 5047 834 5079 ‹
865 5030 1112 5084 obtinere
1146 5045 1250 5083 non
1276 5029 1546 5084 valebunt.
1587 5047 1606 5080 ι

569 5097 679 5166 (δε)
709 5101 908 5153 Omnes
935 5114 1089 5162 mss.,
1125 5119 1143 5151 ε
1184 5098 1289 5151 alia
1318 5114 1598 5164 pecorum.
1649 5119 1667 5152 ι

569 5168 681 5237 (85)
711 5168 892 5240 Codex
922 5166 1232 5240 Sangerm.,
1261 5188 1279 5219 ‹
1305 5170 1527 5225 recitata
1552 5181 1652 5226 est.
1685 5190 1702 5222 ι
1733 5169 1889 5226 Libb.
1916 5168 2068 5232 editi,

502 5255 522 5288 ο
563 5237 836 5292 recitanda
867 5249 970 5294 est.
1008 5257 1026 5289 ι

567 5305 680 5375 (84)
705 5307 870 5373 Idem,
909 5327 928 5360 ι
966 5309 1095 5366 fiant
1117 5319 1172 5364 et
1201 5309 1647 5366 condemnentur.
1681 5329 1700 5362 ι
1735 5311 1888 5366 Libb.
1913 5308 2064 5375 editi,

500 5395 520 5429 ι
566 5379 682 5430 tieri
721 5378 1166 5433 condemnentur.
1207 5397 1226 5431 ι

567 5447 681 5526 (8Ξξ)
707 5444 875 5511 Idem,
905 5466 924 5500 ι
955 5451 1236 5505 credentes
1267 5450 1373 5505 fide
1403 5452 1455 5504 in
1481 5449 1663 5507 Jesum
1699 5449 1983 5505 Dominum
2013 5458 2068 5504 et

497 5527 924 5580 acqmescentes.
968 5537 988 5572 ι

576 5580 849 5648 (86)Idetn
896 5602 1016 5642 cum
1063 5589 1464 5654 Gcmeticensi,
1507 5607 1526 5643 ι
1579 5590 1798 5644 obsceni
1847 5590 1980 5644 satis
2011 5597 2065 5644 et

500 5658 663 5716 vitiis.
707 5679 727 5715 ι

1830 4675 1876 4705 ¹⁶
1901 4673 2059 4728 Joan.
2091 4691 2204 4739 xiv,
2227 4675 2282 4728 ἓ.

2181 4581 2451 4650 quoumdo
2483 4580 2612 4632 nihil
2643 4581 2994 4637 humanitatis
3023 4584 3211 4639 habuit
3230 4582 3392 4639 Jesus
3419 4583 3559 4638 [ilius
3582 4582 3746 4645 Nave.

2359 4676 2401 4709 ³⁷
2435 4673 2454 4726 I
2481 4675 2606 4728 Cor.
2647 4691 2735 4741 xv,
2766 4677 2953 4731 39-“.

2256 4819 2366 4889 (87)
2397 4819 2561 4883 Idem,
2597 4835 2617 4868 ι
2657 4817 2709 4870 in
2744 4819 3005 4873 moribus.
3045 4838 3063 4873 ι
3097 4818 3250 4906 Libb.
3282 4818 3450 4882 editi,
3494 4834 3514 4868 ί
3554 4817 3606 4870 in
3634 4833 3745 4872 mo-

2182 4904 2362 5039 Τῖξζέ)
2382 4957 2847 5039 .Siurilianuoqu‘e
2868 4959 3110 5039 elinguia
3134 4915 3308 5011 libello
3338 4959 3428 5039 qui
3451 4954 3746 5039 appellatur

2179 5025 2440 5090 Pastoris,
2472 5037 2576 5081 etc.
2611 5025 3016 5082 Vide‘Pastoris
3039 5028 3232 5081 librum
3267 5025 3527 5090 tertium,
3555 5025 3744 5078 simili-

2177 5099 2365 5151 tudine
2398 5098 2655 5161 secunda,
2686 5108 2740 5151 et
2768 5098 3018 5151 Cotelerii
3048 5107 3203 5152 notas
3234 5098 3287 5151 in
3317 5099 3456 5151 hanc
3490 5094 3744 5151 similitu-

2175 5168 2353 5222 dinem
2387 5170 2510 5221 vitis
2536 5177 2590 5220 et
2619 5168 2770 5221 ulmi.

2241 5236 2559 5319 (89).Codex
2594 5235 2906 5306 Sangerm.,
2940 5255 2958 5288 ι
2993 5235 3308 5293 fructiferae.
3345 5255 3363 5288 ι
3398 5235 3555 5291 Libb.
3589 5233 3736 5296 editi,

2177 5325 2196 5355 ‹
2237 5308 2527 5374 lrngtferte.
2571 5325 2588 5355 ο

2241 5376 2351 5456 (99)
2384 5377 2645 5439 Salutem,
2688 5376 2846 5431 deest
2875 5375 2926 5430 in
2955 5375 3084 5430 libb.
3113 5385 3270 5431 antea
3295 5377 3478 5440 editis,
3504 5377 3601 5432 sed
3648 5390 3740 5431 ex-

2171 5456 2707 5586 s‘iiliaiiediti
2737 5557 2752 5580 ,
2811 5535 2830 5566 ι
2866 5529 3119 5586 cuperem
3167 5515 3536 5586 [nereditatem
3582 5525 3736 5569 terra

2171 5585 2610 5653 repromissionis
2636 5587 2882 5658 accipere
2905 5624 2920 5652 ,
2941 5585 2976 5636 ⁷»
3017 5588 3110 5642 sed
3138 5587 3308 5642 codex
3359 5585 3643 5656 Sangerm.
3678 5593 3731 5636 ut

2169 5658 2222 5709 in
2254 5666 2438 5711 nostro
2465 5665 2632 5709 textu.
