4104 6226
373 406 474 462 881

1365 401 1431 457 IN
1473 402 1729 458 LIBRUM
1763 402 1929 458 JESU
1971 403 2156 457 NAVE
2196 403 2477 460 HOMILM
2514 404 2581 458 Χ.

3527 402 3633 459 882

371 535 431 577 ιιι
465 524 773 579 hominibus
803 522 891 591 qui
932 519 997 575 ad
1026 535 1084 574 se
1115 520 1385 588 supplices
1414 532 1673 574 vetuerant
1720 522 1947 575 salutem
1984 528 2023 582 Α
2056 540 2340 591 precamur
2370 539 2485 584 vos,
2521 524 2736 585 fratres,
2772 518 2922 573 verbi
2959 519 3051 572 Dei
3094 520 3361 589 legatione
3412 521 3633 591 fatigen-

367 615 677 668 concedens
701 653 716 675 ,
751 622 933 664 notant
966 611 1044 663 eis
1078 608 1314 663 infantia:
1358 620 1411 663 et
1459 609 1644 678 jngutn
1675 610 1953 663 servitutis

368 706 657 777 indigeret.
711 704 833 757 llazc
880 704 924 757 si
968 702 1148 755 anima
1204 703 1395 756 audiat
1461 703 1640 755 minus
1691 703 1949 755 instructa

367 798 671 868 Scripturis
700 796 919 860 divinis,
964 796 1227 849 infirmari
1267 796 1526 850 continuo
1568 804 1620 848 et
1653 795 1948 864 periclitari

363 902 569 960 potest,
608 893 677 944 ita
713 901 768 943 ut
800 890 1032 959 refugiat
1063 889 1389 945 catholicam
1436 888 1619 943 fidem.
1653 888 1768 943 Non
1801 890 1947 944 enim

364 985 673 1054 intelligunt
718 983 831 1054 (92)
879 998 1067 1037 eorum
1112 982 1509 1050 subreptiones.
1578 979 1740 1036 Jesus
1801 981 1947 1035 enim

368 1088 679 1127 mensuram
725 1073 847 1127 fidei
903 1073 1141 1142 ipsorum
1194 1073 1432 1137 intuens,
1470 1080 1785 1140 competens
1818 1088 1947 1141 erga

363 1162 751 1232 eosjudirlum
786 1164 975 1217 tenuit.
1022 1162 1193 1217 Porro
1240 1174 1419 1218 autem
1467 1164 1615 1219 Raab
1665 1166 1947 1228 meretrix,

365 1268 491 1323 qua!
522 1255 623 1308 llde
676 1254 886 1323 integra
917 1254 1148 1308 credidit
1178 1269 1297 1308 cum
1332 1255 1477 1308 omni
1514 1256 1676 1309 domo
1706 1270 1801 1307 sua
1830 1294 1845 1316 ,
1896 1264 1952 1309 et

363 1347 741 1414 exploratores
774 1345 1096 1400 lsraeliticos
1132 1346 1449 1412 plenissima
1493 1348 1783 1401 devotione
1827 1363 1948 1400 sus-

364 1437 531 1504 cepit,
576 1451 640 1489 ex
687 1436 897 1505 integro
925 1435 978 1489 in
1020 1437 1356 1490 consortium
1387 1435 1567 1506 populi
1607 1437 1950 1491 societatem-

360 1541 471 1595 que
498 1538 744 1595 suscepta
774 1538 876 1590 est,
909 1538 963 1582 et
994 1530 1257 1595 scriptum
1286 1538 1370 1580 est
1413 1528 1479 1581 de
1509 1544 1596 1593 ea,
1626 1529 1749 1596 quia
1785 1544 1949 1596 appo-

361 1620 468 1673 sita
502 1629 583 1673 est
612 1621 675 1673 ad
717 1621 852 1674 filios
876 1619 1037 1674 Israel
1068 1635 1238 1688 usque
1265 1620 1316 1672 in
1352 1622 1676 1674 hodiernum
1712 1621 1851 1674 diem
1882 1621 1945 1673 ’⁸.

362 1707 455 1761 Isti
491 1724 622 1761 vero
648 1708 736 1777 qui
774 1724 879 1761 non
932 1721 1039 1761 tam
1095 1709 1406 1763 lsraeliticm
1454 1710 1632 1779 gentis
1674 1710 1947 1763 consortia

362 1800 703 1860 dilexerunt,
738 1816 899 1868 quam
934 1816 1045 1854 sua-
1092 1802 1412 1867 perditionis
1449 1813 1591 1856 metu
1642 1803 1945 1871 perterriti,

363 1909 488 1947 cum
542 1894 837 1947 calliditate
886 1904 939 1947 et
988 1894 1183 1949 fraude
1224 1904 1573 1950 accesserunt
1619 1897 1683 1947 ad
1734 1896 1943 1962 Jesutn,

364 1984 637 2052 quontodo
668 1994 922 2052 poterant
953 1983 1260 2037 libertatem
1290 1986 1413 2037 vita:
1460 1994 1511 2037 ct
1547 1985 1694 2055 regni
1722 2000 1947 2039 consor-

367 2069 498 2124 timn
532 2072 667 2126 dolls
695 2072 983 2126 servilibus
1014 2073 1359 2140 promereri?
1406 2073 1645 2139 Denique
1676 2076 1755 2128 vis
1788 2090 1947 2130 nosse

363 2163 490 2231 quia
520 2163 675 2233 digna
705 2176 828 2231 erga
859 2178 953 2217 eos
979 2164 1045 2217 ab
1079 2162 1203 2218 Jesn
1237 2165 1433 2217 mentis
1470 2180 1659 2217 eorum
1694 2166 1945 2234 ignobili-

365 2264 476 2306 tate
504 2253 614 2325 (93)
639 2254 880 2309 cotnlitio
904 2256 1213 2323 dispensata
1236 2256 1359 2309 est?
1388 2256 1490 2325 Ipsi
1523 2256 1711 2311 dicunt
1732 2257 1943 2326 ",quia

361 2347 670 2399 audivimus
696 2356 893 2415 quanta
922 2346 1047 2401 fecit
1076 2347 1333 2401 Dominus
1358 2349 1508 2403 vobis
1539 2364 1633 2419 per
1661 2366 1812 2405 mare
1829 2350 1943 2406 Ru-

360 2436 521 2489 brum
542 2476 557 2499 ,
593 2446 647 2490 et
680 2436 731 2489 in
765 2437 1001 2491 deserto.
1036 2436 1099 2489 Et
1129 2451 1255 2491 cum
1310 2437 1423 2493 haec
1452 2438 1733 2505 dicerent,
1763 2450 1817 2493 et
1844 2458 1943 2495 au-

360 2528 509 2582 disse
536 2542 595 2583 se
614 2571 627 2592 ,
656 2540 709 2582 et
732 2529 873 2582 scire
913 2530 978 2584 de
1016 2529 1216 2585 divinis
1244 2531 1585 2586 mirabilibus
1618 2533 1939 2601 faterentur,

360 2619 497 2673 nihil
543 2628 719 2673 tamen
756 2621 856 2675 fide
889 2621 1143 2690 dignum,
1200 2622 1331 2675 nihil
1380 2632 1648 2677 tantarum
1684 2626 1941 2679 virtutum

359 2710 724 2765 admiratione
758 2722 1061 2781 gesserunt.
1096 2712 1160 2765 Et
1208 2712 1328 2767 ideo
1367 2715 1557 2769 videns
1583 2714 1741 2770 Jesus
1772 2735 1941 2786 angu-

355 2811 504 2855 stum
532 2817 718 2855 eorum
747 2805 1108 2874 exiguumque
1139 2805 1188 2857 in
1220 2804 1324 2858 fide
1356 2808 1718 2875 propositmn,
1753 2813 1940 2864 mode-

356 2895 625 2949 rationem
667 2912 793 2965 erga
838 2912 932 2951 eos
973 2897 1333 2963 iustissimam
1381 2908 1561 2953 servat
1607 2909 1665 2954 ut
1711 2900 1938 2955 salutem

358 2996 703 3041 mererentur
728 3026 742 3051 ,
771 2989 860 3057 qui
904 3004 1092 3058 parum
1130 2989 1258 3043 licet
1303 2990 1427 3044 fidei
1477 2990 1808 3057 detulerant,
1843 3008 1941 3049 nec

360 3089 541 3135 tamen
575 3095 843 3134 summam
886 3083 1036 3152 regni
1070 3084 1154 3137 vel
1187 3082 1453 3138 libertatis
1482 3085 1809 3155 acciperent,
1844 3104 1940 3156 pro

2058 620 2159 675 tes,
2196 620 2252 662 ut
2282 612 2403 663 dum
2430 620 2747 679 potestatein
2778 609 2956 661 adhuc
2985 610 3248 662 habenms
3276 612 3630 676 emendandi,

2055 703 2243 757 demus
2275 717 2535 771 operam,
2564 714 2619 755 et
2664 701 2983 756 festinemus
3027 701 3348 771 abjicientes
3381 704 3629 771 antiquas

2053 796 2241 848 sordes
2270 803 2322 847 et
2369 810 2574 862 pannos
2605 803 2818 847 veteres
2853 794 3132 857 vitiorum,
3164 792 3413 862 conjungi
3451 810 3515 848 ac
3548 811 3635 847 so-

2055 884 2188 938 ciari
2236 885 2542 940 Israelitica:
2574 885 2836 940 libertati.
2875 883 2966 939 Vis
2996 893 3175 938 autem
3212 885 3394 938 videre
3425 886 3635 940 Israeli-

2058 986 2230 1028 tarum
2263 984 2461 1043 quanta
2490 976 2712 1030 libertas
2746 975 2861 1029 sit?
2888 973 2945 1027 ln
2990 975 3108 1043 lege
3131 976 3173 1006 ³¹
3219 976 3529 1044 pnecipitur
3568 993 3635 1031 ne

2055 1065 2218 1121 liceat
2246 1066 2526 1120 l'lebrzeutn
2559 1081 2783 1135 puerum
2808 1066 2849 1118 si
2880 1063 3020 1119 forte
3047 1065 3100 1117 in
3128 1066 3444 1119 servitutem
3470 1068 3635 1120 deve-

2060 1158 2222 1220 nerit,
2246 1157 2476 1225 amplius
2503 1173 2663 1225 quam
2692 1172 2787 1210 sex
2817 1156 2976 1209 annis
3000 1154 3231 1216 servire,
3250 1157 3483 1223 septimo
3506 1172 3635 1210 vero

2059 1262 2199 1299 anno
2226 1246 2422 1300 dimitti
2447 1262 2568 1299 eum
2608 1247 2691 1300 lex
2722 1247 2947 1301 liberum
2971 1246 3145 1316 jubet.
3170 1243 3343 1299 Tanta
3372 1250 3510 1314 apud
3543 1262 3635 1301 eos

2056 1337 2323 1391 libertatis
2353 1348 2437 1391 est
2465 1354 2622 1391 cura.
2653 1337 2783 1402 Quae
2817 1340 3003 1407 utique
3040 1338 3084 1391 si
3123 1336 3187 1390 ad
3220 1338 3515 1407 spiritalem
3548 1339 3634 1391 in-

2056 1429 2405 1498 tclligentiam
2440 1446 2790 1492 revocemus,
2833 1432 2996 1483 etiam
3043 1430 3086 1483 si
3126 1430 3383 1483 llebracus
3412 1445 3546 1499 puer
3576 1448 3633 1484 es

2055 1529 2107 1572 tu
2136 1560 2150 1583 ,
2178 1521 2267 1585 qui
2320 1522 2370 1572 in
2404 1522 2688 1575 servitium
2736 1522 2986 1575 decidisti
3031 1523 3192 1589 (puer
3220 1522 3361 1575 enim
3392 1533 3508 1583 est,
3540 1522 3631 1589 qtti

2055 1613 2316 1665 facilitate
2345 1612 2509 1664 animi
2550 1613 2599 1665 in
2652 1614 2933 1667 servitium
2989 1615 3207 1668 decidit.
3249 1614 3418 1681 Quale
3461 1615 3634 1667 servi-

2056 1705 2236 1757 tium?
2269 1703 2548 1772 Scriptura
2583 1707 2713 1759 dicit
2734 1707 2816 1759 ":
2856 1724 2875 1756 ι
2910 1707 3013 1772 Qui
3056 1716 3235 1760 autem
3266 1716 3487 1776 peccat,
3518 1721 3635 1760 ser-

2052 1809 2150 1848 vus
2196 1804 2278 1849 est
2315 1797 2544 1865 peccati.
2585 1815 2603 1848 ι
2640 1798 2698 1851 ln
2738 1799 2840 1853 hoc
2888 1799 3171 1854 serxitium
3208 1814 3309 1852 non
3356 1798 3528 1852 virilis
3578 1807 3635 1850 et

2053 1886 2326 1956 perfectus
2375 1890 2590 1943 animus
2639 1891 2858 1955 decidit,
2893 1891 2986 1946 sed
3041 1891 3264 1960 puerilis
3298 1902 3349 1945 et
3397 1889 3630 1962 facilis);

2054 1979 2215 2048 igitur
2238 1981 2402 2034 etiatn
2426 1982 2469 2034 si
2492 1982 2748 2036 llebrzeus
2782 1998 2917 2051 puer
2947 1999 3026 2047 es,
3057 1985 3108 2037 id
3137 1995 3242 2049 est,
3267 1985 3440 2039 fidelis
3463 1986 3631 2039 etiam

2049 2082 2102 2125 et
2136 2073 2404 2142 baptisma
2440 2074 2490 2125 in
2522 2073 2765 2128 Ecclesia
2806 2086 3156 2139 consecutus,
3199 2085 3253 2131 et
3299 2087 3419 2145 post
3448 2078 3551 2133 hoc
3579 2080 3630 2130 in

2050 2163 2255 2230 peccati
2310 2164 2592 2217 servitium
2657 2165 2942 2232 decidisti,
2987 2165 3217 2220 sufﬁciat
3283 2168 3377 2221 tibi
3441 2184 3633 2221 sexen-

2051 2254 2121 2307 nii
2153 2256 2264 2325 (95)
2301 2256 2558 2321 servitus,
2597 2256 2648 2310 in
2698 2258 2929 2326 septimo
2956 2275 3099 2312 anno
3131 2261 3359 2314 observa
3406 2275 3472 2314 ne
3510 2274 3631 2314 ser-

2049 2346 2185 2410 vias,
2221 2348 2315 2402 sed
2367 2346 2563 2401 festina
2597 2348 2662 2401 ad
2695 2348 3001 2407 libertatem
3051 2361 3220 2405 tuam.
3273 2352 3633 2420 Septenarius

2048 2452 2311 2491 numerus
2358 2438 2528 2506 legem
2581 2439 2853 2508 significat
2911 2442 3317 2497 mandatorum.
3372 2442 3634 2495 Senarius

2046 2543 2176 2584 vero
2211 2545 2467 2584 numerus
2509 2533 2693 2588 mundi
2737 2532 2898 2601 hujus
2951 2543 3098 2587 tenet
3145 2535 3394 2601 figurant.
3448 2533 3633 2589 Donec

2045 2636 2172 2691 ergo
2197 2639 2318 2693 qua:
2358 2624 2518 2695 hujus
2551 2626 2733 2680 mundi
2765 2635 2893 2681 sunt
2927 2627 3094 2696 sapis,
3122 2635 3179 2680 et
3208 2627 3262 2681 in
3294 2627 3376 2680 his
3406 2642 3631 2681 exerce-

2045 2714 2120 2768 ris
2147 2725 2202 2769 et
2231 2717 2528 2770 secundum
2558 2717 2669 2787 (96)
2718 2733 2939 2773 carnem
2988 2718 3198 2787 cogitas
3226 2758 3241 2783 ,
3288 2733 3520 2772 necesse
3544 2729 3631 2774 est

2047 2812 2099 2855 te
2127 2803 2335 2857 servire
2374 2815 2619 2874 peccato.
2653 2805 2788 2861 Cum
2822 2822 2949 2862 vero
2997 2808 3064 2861 ad
3110 2808 3479 2875 septenarium
3531 2825 3633 2863 nu-

2046 2909 2284 2960 merum,
2305 2896 2358 2949 id
2386 2905 2468 2950 est
2497 2897 2562 2950 ad
2602 2896 2736 2966 legis
2772 2899 3080 2965 scientiam,
3111 2899 3344 2966 veneris,
3380 2910 3510 2955 tunc
3542 2916 3630 2955 re-

2044 2981 2199 3049 quire
2235 2982 2543 3039 libertatem
2592 2994 2737 3039 tuam
2768 3029 2782 3053 ,
2817 2996 2871 3042 et
2906 2989 3021 3043 redi
3057 2989 3121 3042 ad
3160 2987 3499 3044 nobilitatem
3531 3004 3629 3058 pa-

2046 3081 2288 3139 ternam,
2324 3090 2391 3129 ne
2426 3076 2468 3130 si
2499 3079 2865 3145 permanseris
2898 3080 2949 3134 in
2985 3080 3141 3134 malis
3177 3080 3284 3134 tuis
3307 3119 3322 3144 ,
3348 3089 3402 3133 ct
3440 3096 3629 3149 perse-

359 3186 425 3225 eo
469 3172 615 3240 quod
671 3170 803 3225 fides
848 3188 1038 3227 eorum
1094 3172 1238 3227 nullo
1282 3189 1508 3244 operum
1558 3177 1939 3232 nobilitaretnr

2047 3168 2318 3222 veraveris
2352 3169 2401 3222 in
2436 3171 2693 3237 peccatis,
2724 3172 2900 3226 defixa
2932 3174 2983 3227 in
3010 3188 3141 3227 aure
3174 3182 3323 3240 nota,
3353 3174 3500 3229 velut
3531 3175 3624 3243 qui

358 3278 607 3327 accessu,
633 3264 884 3331 quoniam
918 3265 1076 3318 fidem
1106 3265 1225 3320 sine
1252 3269 1509 3336 Operihus
1539 3281 1807 3323 mortuam
1842 3270 1937 3323 ha-

362 3353 474 3407 beri
500 3354 816 3420 pronuntiat
845 3356 1121 3423 apostolus
1142 3354 1377 3413 Jacohus
1408 3358 1477 3411 '°.

432 3445 485 3497 5.
524 3445 902 3500 Verumtamen
931 3448 1214 3503 sciendum
1248 3461 1333 3504 est
1357 3461 1616 3516 quantum
1646 3469 1711 3507 ex
1754 3454 1939 3521 hujus-

362 3536 569 3589 cemodi
597 3537 890 3602 figurarum
923 3540 1436 3595 adumbrationibus
1465 3544 1774 3608 edocenmr,
1793 3544 1936 3612 quod

362 3628 406 3680 si
438 3629 528 3695 qui
563 3628 699 3683 tales
734 3639 860 3682 sunt
897 3630 948 3683 in
983 3629 1142 3684 nobis
1172 3671 1187 3695 ,
1237 3647 1470 3700 quorum
1523 3635 1658 3689 fides
1691 3634 1789 3688 hoc
1816 3646 1937 3688 tan-

366 3719 639 3774 tummodo
675 3721 860 3786 habet,
897 3730 951 3775 ut
976 3722 1045 3776 ad
1069 3722 1370 3777 Ecclesium
1405 3725 1646 3789 veniant,
1681 3734 1735 3778 et
1778 3726 1937 3780 incli-

363 3817 491 3863 nent
522 3821 682 3880 caput
729 3828 926 3875 suum,
976 3814 1348 3868 sacerdmibus
1391 3813 1566 3869 oflieia
1616 3818 1935 3882 exhibeant,

366 3916 547 3955 servos
581 3903 671 3957 Dei
715 3903 1024 3967 honorent,
1068 3905 1134 3957 ad
1185 3916 1441 3959 ornatum
1483 3923 1699 3977 quoque
1742 3910 1935 3965 altaris

367 3994 445 4048 vel
488 3995 727 4050 ecclesia:
768 3997 969 4065 aliquid
1022 3997 1307 4051 conferant
1338 4038 1351 4063 ,
1404 4015 1508 4053 non
1558 4008 1733 4055 tamen
1787 4002 1938 4056 adhi-

366 4086 521 4142 beant
557 4087 667 4159 (94)
702 4090 966 4153 studium,
997 4098 1051 4142 ut
1084 4090 1245 4143 etiam
1280 4106 1458 4144 mores
1489 4107 1618 4147 suos
1658 4093 1933 4157 excolunt,

368 4190 513 4233 actus
540 4182 852 4244 emendem,
886 4181 1014 4234 vitia
1050 4181 1344 4250 deponant,
1375 4183 1683 4239 castitatem
1731 4185 1936 4248 colant,

369 4267 693 4323 iracundiam
723 4270 971 4337 mitigent
997 4310 1012 4334 ,
1041 4271 1325 4324 avaritiam
1378 4272 1697 4341 reprimant,
1729 4275 1938 4343 rapaci-

373 4370 528 4414 tatem
553 4361 844 4425 refrenent,
874 4362 1196 4430 tnaleloquia
1226 4372 1280 4417 et
1303 4364 1641 4433 stnltiloquia
1667 4366 1751 4419 vel
1783 4380 1937 4420 scur-

374 4451 616 4505 rilitatem
657 4462 712 4505 et
741 4454 1195 4507 obtrectationnm
1230 4469 1436 4509 venena
1481 4471 1545 4510 ex
1573 4472 1667 4511 ore
1696 4471 1794 4511 suo
1827 4473 1932 4511 non

2044 3264 2447 3317 commonentis
2479 3275 2529 3318 te
2569 3265 2662 3320 Dei
2696 3276 2750 3321 et
2776 3266 2842 3320 ad
2874 3265 3180 3321 libertatem
3219 3267 3503 3334 pristinam
3539 3280 3625 3321 re-

2043 3354 2287 3408 vocantis
2320 3356 2483 3410 verha
2518 3371 2622 3409 non
2653 3357 2881 3421 audias,
2927 3357 3037 3412 eris
3080 3358 3287 3425 peccati
3334 3372 3524 3412 servus
3568 3357 3622 3411 in

2042 3454 2326 3498 teternum.
2366 3444 2501 3499 Tum
2529 3446 2728 3502 deinde
2757 3448 2977 3517 requiro
3009 3447 3118 3518 (97)
3165 3450 3262 3503 abs
3292 3458 3342 3503 te
3372 3449 3417 3503 si
3458 3449 3625 3503 liben-

2046 3546 2127 3591 ter
2155 3536 2288 3590 velis
2315 3551 2381 3590 ex
2427 3535 2819 3606 patrefamilias
2877 3549 2931 3593 et
2990 3540 3155 3592 nobili
3209 3540 3369 3601 viro,
3420 3539 3471 3593 in
3523 3540 3626 3594 hoc

2043 3630 2243 3682 umndo
2282 3642 2473 3682 servus
2514 3625 2650 3681 eflici
2678 3645 2693 3693 ;
2720 3628 2915 3684 abnuis
2933 3628 3044 3700 (98)
3072 3629 3192 3683 sine
3218 3629 3400 3692 dubio,
3424 3631 3625 3701 quippe

2042 3737 2164 3776 eum
2191 3723 2356 3776 etiam
2382 3737 2446 3776 ex
2476 3722 2788 3777 conditione
2816 3722 2999 3778 servili
3027 3723 3305 3778 videamus
3330 3725 3617 3793 quamplu-

2044 3814 2212 3867 rimos
2245 3813 2311 3866 ad
2359 3813 2664 3865 libertatem
2700 3813 2985 3877 festinare,
3022 3822 3076 3867 et
3111 3812 3162 3865 in
3202 3821 3465 3881 quantum
3495 3826 3623 3880 pos.-

2040 3918 2168 3957 suut
2195 3918 2394 3972 cupere
2422 3905 2585 3957 etiam
2620 3904 2814 3959 divites
2846 3902 2988 3969 fieri,
3025 3913 3080 3957 et
3124 3902 3419 3956 honoribus
3457 3904 3622 3955 unde-

2041 4008 2253 4061 cunque
2283 3994 2526 4063 qutesitis
2558 3994 2817 4047 vilitatem
2843 3993 3092 4063 genuina
3122 3992 3478 4062 ignobilitatis
3505 3990 3619 4061 (99)

2040 4087 2316 4156 obtegere.
2350 4086 2406 4139 Si
2437 4101 2567 4154 ergo
2597 4086 2649 4139 in
2684 4086 2786 4140 hac
2825 4087 2936 4140 vita
2980 4099 3139 4138 nemo
3186 4098 3307 4138 esse
3340 4083 3453 4136 vult
3505 4099 3619 4137 ser-

2040 4193 2158 4239 vus,
2182 4178 2275 4232 sed
2306 4187 2569 4246 quantum
2603 4176 2716 4229 fieri
2752 4186 2924 4243 potest
2952 4187 3005 4229 et
3030 4177 3169 4231 liber
3195 4189 3336 4238 esse,
3362 4185 3415 4228 et
3443 4173 3617 4238 dives,

2039 4282 2093 4324 et
2119 4270 2316 4324 nobilis
2348 4268 2518 4336 cupit,
2550 4277 2607 4322 ιιι
2641 4284 2746 4322 non
2776 4268 2949 4323 solum
2982 4269 3057 4338 (l)
3093 4268 3195 4322 sibi
3227 4266 3455 4321 sufficiat
3476 4306 3493 4333 ,
3525 4267 3618 4319 sed

2040 4374 2097 4415 et
2133 4363 2253 4417 aliis
2297 4361 2600 4431 largiatur,
2639 4362 2689 4414 in
2736 4360 2847 4415 illis
2891 4360 3107 4414 :cternis
3139 4359 3335 4422 rebus,
3376 4373 3442 4413 ac
3473 4358 3620 4411 nullo

2046 4456 2151 4516 fine
2183 4455 2456 4507 mutandis
2487 4451 2864 4506 indifferenter
2893 4451 3243 4505 tolerabimus
3273 4450 3615 4507 servitutem.

374 4542 635 4597 adimant:
680 4543 855 4597 sciant
882 4546 983 4599 sibi
1020 4547 1110 4614 qui
1156 4548 1289 4603 tales
1319 4557 1463 4611 sunt,
1511 4550 1605 4617 qui
1641 4549 1935 4605 emendare
1965 4543 2010 4598 D
2039 4559 2092 4602 et
2120 4562 2306 4616 parum
2338 4544 2413 4616 (9.)
2450 4547 2605 4599 nobis
2637 4546 2869 4607 videtur,
2901 4543 2945 4597 si
2977 4543 3027 4597 in
3060 4543 3185 4613 ligni
3219 4543 3537 4606 ctesorihus,
3564 4552 3614 4594 et

375 4645 430 4683 se
465 4632 666 4699 nolunt,
695 4638 787 4689 sed
828 4637 877 4690 in
918 4637 1001 4691 his
1028 4653 1198 4707 usque
1234 4640 1284 4694 in
1323 4650 1657 4694 senectutem
1686 4640 1929 4694 ultimam

378 4740 728 4795 perseverant,
756 4741 962 4800 partem
989 4744 1301 4803 sortemque
1319 4736 1385 4787 ah
1403 4734 1527 4789 Jesu
1559 4737 1785 4789 Domino
1807 4751 1927 4790 cum

376 4814 528 4888 424
558 4818 868 4877 Gabaonitis
895 4838 1015 4878 esse.
1045 4824 1407 4880 tribuendam.
1454 4826 1560 4881 Sed
1604 4827 1783 4896 potius
1835 4828 1932 4881 de-
1970 4904 1971 4907 η

440 4950 482 4989 ’⁸
508 4956 612 5015 Jos.
647 4978 720 5026 vt,
754 4960 844 5017 25.
920 4965 963 4996 ²⁹
987 4961 1100 5019 Jos.
1132 4981 1206 5027 ιι,
1235 4963 1327 5017 21.
1407 4965 1451 4998 ³ο
1480 4965 1594 5020 Jac.
1633 4982 1691 5019 tt.

442 5121 541 5194 (92)
571 5123 704 5179 hlem
745 5141 897 5188 tnss.,
935 5144 952 5178 ι
994 5124 1317 5189 intelligent.
1359 5145 1377 5178 ι
1410 5124 1576 5180 Paulo
1605 5136 1724 5194 post
1758 5127 1919 5190 idem,

383 5210 400 5240 ι
421 5190 564 5248 lesus
584 5196 725 5249 enim
746 5196 1209 5251 mensuram-fidei
1245 5196 1480 5260 ipsorum
1516 5190 1749 5257 intuens,
1771 5212 1924 5250 com-

384 5275 569 5327 petens.
607 5284 624 5316 ι
660 5264 814 5319 Libb.
848 5267 1001 5327 editi,
1036 5284 1054 5316 ι
1086 5264 1244 5319 Jesus
1269 5266 1410 5318 enim
1439 5267 1735 5319 secundum
1775 5281 1927 5319 men-

381 5346 541 5403 suram
571 5336 679 5388 lidei
711 5336 950 5399 ipsorum
990 5346 1324 5403 competens.
1354 5348 1388 5385 ἰ
1906 5368 1909 5371 λ

444 5401 545 5473 (93)
577 5404 718 5459 Unus
744 5401 1128 5467 Ebroicensis,
1149 5422 1166 5454 ι
1201 5419 1297 5468 pro
1329 5404 1523 5458 mentis
1552 5420 1738 5457 eorum
1768 5405 1924 5473 igno—

386 5465 604 5543 bilitate,
635 5495 651 5527 ι
696 5474 835 5527 alter
868 5489 999 5528 vero
1045 5465 1165 5528 cum
1198 5465 1466 5528 Ccmetic.
1500 5485 1553 5528 et
1595 5465 1924 5543 Sangerina-

387 5542 540 5614 ncusi,
575 5563 591 5595 ι
627 5542 829 5614 meritis
858 5560 1046 5598 eorum
1082 5544 1453 5614 ignobilitatis.
1493 5562 1511 5594 ι

450 5608 549 5683 (9i)
576 5614 739 5669 Codex
777 5608 1147 5683 Sangerm.,"t
1185 5612 1499 5668 adhibeant.
1541 5632 1558 5665 ι
1592 5614 1746 5668 Lihb.
1772 5614 1924 5679 editi,

394 5692 411 5726 t
444 5680 689 5741 adhibent.
729 5703 746 5736 ι

456 5748 557 5820 (9ξὶ)
602 5750 732 5806 ldetn
769 5769 901 5820 nts.,
950 5771 968 5805 t
1010 5754 1278 5810 sexennii.
1312 5774 1330 5807 ι
1371 5753 1767 5809 Getncticcnsis
1802 5768 1925 5808 eum

396 5828 489 5869 uno
515 5818 823 5890 Elu'oicensi,
858 5818 1005 5882 reex
1031 5840 1316 5882 annorum.
1353 5844 1371 5878 ι
1408 5823 1563 5880 Libb.
1600 5825 1750 5891 editi,
1784 5842 1802 5876 ι
1833 5839 1925 5878 sex

1770 4966 1813 4997 “
1849 4964 2020 5019 Exod.
2054 4979 2167 5018 xxI.

2042 4655 2196 4708 aqua:
2222 4636 2583 4708 gestatoribus
2613 4636 2976 4703 deputemur?
3003 4634 3299 4704 Pr0ptcrea
3330 4648 3460 4703 ergo
3482 4634 3609 4685 dum

2042 4734 2159 4787 dies
2191 4741 2294 4795 est,
2320 4746 2611 4800 operentur
2636 4729 2778 4798 quod
2810 4730 3008 4783 bonum
3034 4738 3135 4790 est,
3161 4735 3216 4781 et
3245 4724 3615 4781 emendationi

2045 4834 2247 4879 nostra:
2279 4836 2496 4892 Operam
2531 4823 2719 4876 demus
2743 4831 2838 4885 ,ιιι
2875 4836 2939 4873 ex
2990 4818 3201 4873 actibus
3239 4828 3299 4871 et
3325 4828 3620 4871 conversa-

2248 4963 2291 4993 ³²
2320 4960 2477 5016 Joan.
2510 4975 2624 5024 viti,
2658 4958 2747 5012 5L

2036 5139 2220 5263 “(33.)
2247 5141 2430 5246 Eodex
2460 5188 2746 5263 S_anger_m.
2770 5226 2784 5250 ,
2839 5204 2858 5236 ι
2897 5194 2949 5240 et
2984 5187 3035 5263 in
3090 5185 3176 5263 his
3205 5186 3478 5239 exerceris
3508 5226 3522 5247 ,
3553 5194 3608 5240 et

2034 5256 2355 5318 secundum.
2408 5276 2426 5310 ι
2477 5256 2738 5312 Gemetic.
2770 5296 2785 5317 ,
2843 5272 2869 5306 ο
2913 5265 2967 5309 et
3017 5257 3068 5311 in
3119 5256 3203 5309 his
3249 5270 3508 5309 exercere
3556 5265 3609 5310 te

2033 5335 2354 5387 secundum.
2401 5349 2420 5383 ι
2465 5327 2621 5382 Libb.
2651 5328 2818 5388 editi,
2862 5346 2880 5377 ι
2920 5329 3083 5380 etiam
3132 5325 3197 5379 iis
3238 5328 3481 5379 exerceri
3522 5339 3609 5379 se—

2033 5404 2287 5456 cundum.
2328 5418 2347 5450 ι
2743 5420 2749 5435 ο

2105 5471 2216 5538 (97)
2245 5469 2374 5526 Mss.
2411 5488 2428 5519 ι
2464 5465 2704 5534 requiro.
2743 5485 2761 5517 ι
2803 5466 2955 5520 Libb.
2984 5466 3137 5538 editi,
3174 5484 3193 5517 ι
3232 5464 3469 5536 require.
3502 5481 3522 5517 ι

2102 5537 2218 5609 (98)
2251 5540 2433 5593 Codex
2466 5539 2775 5609 Sangertn.,
2809 5556 2825 5587 ι
2865 5553 2968 5590 non
2994 5537 3096 5609 vis.
3130 5555 3163 5588 ι.

2102 5550 2194 5609 (98
2251 5550 2433 5593 UOdex
2466 5550 2775 5604 sattgertn.,
2809 5556 2825 5587 ι
2865 5553 2968 5590 non
2994 5552 3096 5589 Vts.
3130 5555 3163 5588 »η

2102 5550 2218 5681 (99)
2258 5609 2401 5681 Idem
2432 5650 2447 5677 ,
2501 5607 2819 5681 I__V_llilaletlt
2872 5605 3534 5681 genuinasignobilitatis.
3570 5619 3596 5660 ι

2031 5676 2369 5744 ιίὒι).ἐι1ίιὶ,
2409 5696 2429 5730 ι
2472 5676 2760 5731 utilitatem
2784 5678 3031 5745 genuina:
3058 5677 3374 5732 nobilitatis.
3406 5696 3426 5730 ι

2128 5748 2177 5818 -l)
2206 5751 2349 5803 Idem
2386 5765 2511 5811 ωε..
2542 5765 2561 5799 ι
2600 5749 2740 5799 unde
2768 5762 2873 5800 non
2904 5746 3098 5802 solum.
3132 5763 3155 5800 ι

2128 5751 2177 5818 -l)
2206 5751 2349 5803 Idem
2386 5765 2511 5811 ωε..
2542 5765 2561 5799 ι
2600 5751 2740 5799 unde
2768 5762 2869 5800 non

2101 5751 2183 5892 ἓξ)
2211 5819 2379 5885 ldcm,
2423 5837 2442 5873 ι
2476 5828 2528 5874 ct
2559 5832 2803 5888 parvum.
2844 5836 2869 5867 ι
