4104 6226
611 252 715 317 835

2053 272 2370 327 OlthENlS
3809 271 3909 327 885

615 380 758 428 tl'ont'
804 386 982 430 nostra
1011 390 1075 432 ac
1100 380 1339 434 moribus
1389 383 1659 437 nobilitari
1687 399 1990 439 mereamur
2019 394 2072 438 et
2102 384 2181 436 di-
2212 389 2255 442 Α
2285 382 2392 434 lum
2454 380 2672 433 Paulum
2728 381 2841 433 hinc
2888 380 3077 434 eadem
3127 379 3601 439 conﬁrmantem.
3652 395 3793 433 cum
3836 384 3907 433 di-

612 468 697 532 gni
746 466 851 537 (5)
901 469 1198 526 efﬁciamur
1248 473 1495 540 spiritum
1547 476 1793 545 accipere
1838 476 2176 545 adoptionis,

614 566 669 608 ut
705 557 845 611 inter
878 560 967 613 Dei
1007 564 1183 629 potius
1219 564 1357 617 ﬁlios
1385 566 1677 618 haheamur
1701 605 1714 628 ,
1744 581 1841 634 per
1876 567 2089 620 unicum
2124 577 2178 620 et

610 663 794 702 verum
828 650 905 720 (4)
942 652 1137 706 Filium
1170 658 1285 721 ejus
1331 653 1513 709 Jcsum
1564 657 1839 711 Christum
1886 655 2174 711 Dominum

605 751 867 807 nostrum,
892 746 975 797 cui
997 756 1076 799 est
1099 746 1268 815 gloria
1294 755 1347 799 et
1381 747 1667 815 imperium
1697 749 1749 801 in
1776 749 1972 802 sazcula
2004 764 2174 804 szecu-

601 832 795 887 lorum.
823 834 1017 889 Amen.

1180 928 1459 982 llOMlLIA
1505 929 1591 984 XI.

611 1017 685 1073 De
727 1018 1111 1095 auxiliis_.lesu_
1148 1024 1334 1095 quibus
1379 1024 1516 1091 juvil
1565 1025 1884 1079 Gabaonims
1925 1038 2012 1088 ;et
2041 1042 2170 1095 quo-

849 1090 1002 1140 modo
1032 1090 1193 1142 solem
1224 1093 1344 1159 fecit
1374 1090 1512 1147 stare
1535 1104 1580 1147 et
1608 1097 1785 1148 lunam
1821 1097 1917 1166 (5).

667 1199 715 1251 1.
751 1195 846 1249 llis
874 1194 964 1263 qui
1014 1196 1351 1253 sociaverint
1397 1215 1454 1253 se
1485 1200 1549 1253 ad
1584 1201 1719 1255 ﬁlios
1748 1202 1912 1257 Israel
1934 1245 1948 1269 ,
1978 1217 2167 1257 omnes

590 1289 682 1356 qui
714 1289 862 1356 prius
891 1288 1051 1342 amici
1102 1299 1259 1342 erant
1283 1333 1296 1354 ,
1332 1301 1452 1359 post
1481 1294 1746 1347 amicitias
1794 1306 1849 1347 et
1883 1294 2166 1348 familiari-

590 1386 757 1431 tatem
817 1379 1049 1434 ﬁliorum
1101 1380 1301 1443 Israel,
1355 1383 1555 1436 inimici
1613 1384 1767 1436 ﬁunt.
1811 1384 2163 1447 Gabaonitas,

589 1471 680 1535 qui
717 1486 743 1523 a
774 1470 897 1527 ﬁliis
926 1473 1085 1528 lsrael
1122 1473 1298 1529 fmdus
1330 1476 1480 1543 pacis
1515 1488 1858 1543 acceperant,
1885 1475 2163 1531 Jebnsa‘us

588 1577 682 1615 rex
718 1562 1049 1630 Jerusalem,
1106 1566 1345 1619 invitatis
1380 1583 1560 1620 secum
1609 1568 1729 1621 aliis
1756 1578 1987 1636 quatuor
2020 1569 2155 1637 regi-

588 1653 708 1715 bus,
729 1656 1040 1721 aggreditur
1065 1671 1397 1726 expugnare.
1430 1657 1535 1709 Sed
1570 1657 1885 1725 Gabaonitze
1917 1660 2159 1713 videntes

2283 472 2418 524 cit”
2454 472 2528 540 (ὃ)
2557 490 2567 523 :
2606 488 2623 519 ι
2650 468 2851 522 Omnes
2878 470 2969 539 qui
3001 470 3087 538 pie
3114 470 3520 523 voluntvivere
3561 471 3624 521 iu
3661 470 3903 532 Chrrsto.

2283 564 2717 632 persecutionem
2753 563 3049 632 patientur.
3096 580 3114 613 ι
3144 560 3245 614 Sed
3273 571 3329 613 et
3362 560 3669 614 Salomon
3705 565 3899 616 similia

2277 661 2405 713 dicit
2440 676 2452 710 :
2489 678 2505 709 ι
2540 659 2661 723 Fili,
2694 657 2866 727 inquit
2899 656 2967 718 ³⁵,
2996 656 3251 709 accedens
3276 655 3341 707 ad
3387 657 3761 711 servitutem
3797 657 3896 713 Do-

2278 752 2430 817 mini,
2466 765 2703 819 prmpara
2729 750 2964 801 animam
2997 758 3141 799 tuam
3173 747 3238 799 ad
3271 749 3692 801 tentationcm.
3737 769 3758 801 ι
3793 750 3895 817 Ορ-

2275 851 2581 911 puguantur
2601 856 2729 909 ergo
2748 840 2913 893 etiam
2952 854 3093 891 nunc
3122 837 3443 891 Gabaoniue
3485 838 3889 909 cuiuscunque

2274 932 2416 985 modi
2455 933 2557 985 sint
2594 941 2810 1000 propter
2842 930 3111 983 amicitias
3136 928 3283 992 Jcsa,
3315 941 3373 983 et
3410 930 3556 1000 ligni
3607 932 3740 987 licet
3778 936 3885 987 sint

2271 1038 2523 1083 caecores,
2581 1033 2635 1074 et
2670 1036 2824 1089 aquae
2873 1030 3195 1090 gestatores,
3247 1020 3298 1071 id
3352 1030 3466 1085 est,
3527 1023 3667 1075 licet
3706 1024 3873 1077 ultimi

2272 1116 2449 1169 meriti
2494 1118 2567 1169 sis
2595 1117 2644 1168 in
2689 1116 2948 1177 Ecclesia,
2982 1123 3161 1167 tamen
3200 1114 3302 1166 hoc
3342 1113 3463 1181 ipso
3502 1118 3645 1184 quia
3682 1119 3752 1168 ad
3778 1117 3868 1171 Je-

2267 1220 2385 1259 sum
2421 1208 2676 1275 pertines,
2716 1204 3163 1273 impugnaberisa
3199 1204 3441 1273 quinque
3474 1208 3726 1274 regibus.
3757 1208 3861 1263 Sed

2270 1310 2445 1354 tamen
2479 1314 2578 1353 nec
2614 1299 2921 1353 Gabaonitge
2950 1296 3419 1365 derelinquuntur,
3457 1300 3542 1351 vel
3567 1316 3845 1367 spernun-

2270 1401 2356 1445 tur
2385 1390 2451 1441 ab
2491 1387 2633 1447 Jesu.
2682 1388 2762 1440 vel
2794 1389 2859 1439 ah
2887 1387 3116 1441 ducibus
3166 1404 3228 1440 ac
3262 1388 3573 1458 presbyteris
3605 1390 3834 1442 Israeli-

2268 1491 2461 1545 tarum,
2501 1482 2593 1534 sed
2626 1478 2923 1533 infirmitati
2962 1494 3149 1531 eorum
3197 1479 3451 1530 auxilium
3474 1479 3659 1532 ierunt.
3687 1482 3811 1532 Au-

2265 1588 2368 1625 non
2424 1571 2517 1625 tibi
2558 1570 2769 1624 videtur
2798 1570 2898 1623 hoc
2942 1585 3101 1637 agere
3143 1569 3195 1622 in
3236 1570 3392 1622 nobis
3425 1581 3476 1623 et
3504 1571 3591 1622 hoc
3615 1573 3802 1637 (ιι-π’ρὶ-

2264 1679 2387 1732 pere
2437 1663 2515 1732 (9)
2564 1662 2691 1716 illud
2746 1662 2986 1729 Apostoli
3046 1663 3384 1739 mandatunr,
3430 1678 3531 1729 quo
3571 1664 3672 1713 dicit
3702 1662 3782 1716 ³⁶τ

588 1745 826 1811 quinque
853 1758 1009 1814 rcges
1033 1748 1315 1801 adversum
1350 1763 1407 1799 se
1445 1749 1495 1799 in
1526 1748 1765 1815 praelium
1792 1750 2157 1818 conspirasse,
2193 1728 2234 1780 Β
2265 1728 2287 1798 ὶ
2324 1728 2691 1801 Consolaniini
2718 1728 3110 1816 pusillanimes,
3144 1732 3407 1803 sustinete
3446 1750 3687 1805 inﬁnitos.
3707 1768 3783 1816 ea-

591 1850 927 1903 ueqnaquam
984 1839 1219 1905 propriis
1270 1837 1477 1891 viribus
1527 1839 1808 1907 cupiisque
1859 1840 2159 1903 conﬁdunt,

592 1927 681 1978 sed
721 1925 939 1979 mittunt
978 1929 1041 1979 ad
1093 1928 1276 1981 .lcsum
1319 1930 1517 1981 auxilia
1571 1931 1923 1997 postulantes.
1971 1934 2040 1985 At
2074 1933 2161 1986 ille

585 2016 770 2071 divino
800 2019 1063 2086 permissu
1094 2019 1247 2072 adest
1278 2018 1619 2083 Gabaonitis,
1646 2022 1851 2076 laturus
1877 2025 2157 2076 auxilium.

584 2104 683 2161 llic
719 2118 899 2162 autem
930 2108 1198 2163 mirabilia
1228 2110 1449 2163 cmlitns
1487 2114 1866 2165 ostenduntur.
1904 2114 2160 2166 Dominus

582 2198 815 2267 desuper
840 2216 968 2252 saxa
1002 2202 1282 2269 grandinis
1313 2202 1468 2269 pluit,
1494 2217 1547 2256 et
1572 2206 1815 2271 quinque
1845 2220 2026 2273 regum
2066 2207 2156 2273 qui

581 2288 868 2342 adversum
891 2288 1078 2344 Jesum
1103 2294 1438 2363 pugnabant,
1464 2295 1759 2347 exercitum
1785 2305 1977 2347 vastat.
2004 2295 2159 2351 Tunc

582 2392 710 2430 vero
737 2376 894 2431 Jesus
929 2380 1118 2435 videns
1172 2384 1406 2436 divinam
1452 2399 1639 2440 secum
1691 2385 1973 2438 dexteram
2023 2402 2161 2454 prie-

580 2465 823 2530 liantem,
852 2475 907 2519 et
932 2472 1205 2539 prosperis
1236 2477 1583 2530 successibus
1611 2488 1799 2530 cuncta
1838 2478 2153 2544 procedere,

580 2572 771 2610 novam
805 2563 1090 2626 quamdam
1110 2575 1160 2615 et
1188 2565 1377 2618 miram
1398 2570 1695 2621 orationem
1719 2569 1932 2621 extollit
1961 2572 2155 2623 adeo:-

576 2652 713 2715 lmn,
743 2653 928 2706 dicens
952 2654 996 2685 ³³
1028 2670 1042 2707 :
1083 2675 1099 2706 ι
1128 2657 1243 2712 Stet
1274 2662 1353 2713 sol
1380 2675 1541 2727 super
1571 2658 1643 2730 (6)
1668 2659 1910 2726 Gabaon,
1936 2671 1991 2716 et
2030 2663 2153 2718 luna

575 2758 739 2811 super
757 2744 951 2797 vallem
978 2746 1148 2812 Elom,
1176 2753 1346 2804 donec
1365 2765 1665 2819 expugnent
1688 2752 1941 2820 populum
1966 2754 2150 2811 istttm.

576 2835 642 2888 Et
674 2836 822 2889 stetit
854 2838 932 2890 sol
965 2850 1016 2890 et
1048 2838 1170 2893 luna
1206 2844 1256 2895 in
1292 2844 1406 2898 loco
1436 2859 1562 2908 suo,
1596 2845 1768 2898 donec
1810 2847 2155 2912 pervinceret

578 2925 839 2982 Dominus
868 2930 1112 2986 inimicos
1129 2949 1334 2988 eorum.
1358 2936 1420 2987 Et
1446 2936 1591 2988 stetit
1614 2937 1691 2988 sol
1718 2937 1770 2989 in
1798 2938 1973 2991 medio
1995 2939 2150 3004 cmlo,

2266 1842 2457 1893 tientes
2484 1849 2657 1893 estote
2691 1839 2755 1890 ad
2790 1840 3014 1893 ornnes?
3047 1860 3064 1891 ι
3112 1840 3173 1893 Et
3198 1842 3391 1894 iterum
3428 1841 3513 1892 ":
3553 1860 3570 1892 ι
3607 1841 3701 1895 \‘os
3719 1858 3797 1892 au-

2265 1943 2369 1987 tem
2424 1932 2783 2001 potentiores,
2843 1932 3241 1986 imbecillitates
3288 1934 3628 1987 inﬁrmorum
3673 1935 3813 1985 susti-

2264 2034 2407 2077 nete.
2446 2043 2463 2075 ι
2508 2023 2618 2077 lloc
2650 2040 2778 2094 ergo
2809 2026 2967 2077 modo
2995 2022 3154 2078 .lcsns
3188 2040 3308 2076 cum
3341 2025 3575 2078 ducibus
3610 2034 3663 2078 et
3689 2026 3819 2089 prin.

2260 2114 2471 2181 cipibus
2501 2115 2639 2177 suis,
2663 2115 2812 2167 adest
2839 2114 2904 2166 iis
2946 2114 3036 2181 qui
3067 2129 3162 2181 pro
3187 2113 3401 2165 nomine
3434 2128 3535 2165 suo
3562 2130 3591 2165 ει
3624 2123 3822 2166 contra-

2263 2204 2356 2257 riis
2385 2204 2671 2256 virtutibus
2702 2214 3101 2272 oppugnantur,
3130 2212 3183 2256 et
3214 2218 3319 2255 non
3351 2203 3527 2257 solum
3566 2206 3815 2257 auxilium

2261 2303 2478 2364 praestat
2522 2297 2572 2347 in
2603 2295 2762 2359 bello,
2800 2310 2983 2347 verum
3014 2304 3065 2347 et
3093 2293 3339 2362 producit
3371 2305 3584 2364 tempus
3617 2297 3747 2355 diei,
3773 2305 3822 2347 ct

2261 2389 2431 2457 spatia
2460 2387 2600 2439 lucis
2626 2388 2902 2455 protelans
2930 2388 3215 2442 adventum
3250 2388 3469 2441 discutit
3504 2388 3702 2441 noctis.

2328 2482 2381 2535 ὅ.
2436 2479 2689 2534 Volumus
2730 2495 2857 2547 ergo
2908 2482 3040 2552 (l0),
3093 2482 3138 2535 si
3192 2496 3499 2550 possumus,
3544 2481 3825 2535 ostendere

2258 2574 2525 2640 quomodo
2557 2571 2813 2623 Dominus
2845 2583 3026 2625 noster
3057 2570 3215 2625 Jesus
3239 2572 3591 2641 protelavcrit
3626 2574 3820 2630 lucem,

2257 2673 2311 2718 et
2342 2666 2600 2731 majorem
2638 2666 2830 2720 fecerit
2870 2666 3035 2725 diem,
3081 2665 3162 2717 vel
3194 2681 3289 2734 pro
3319 2665 3492 2719 salute
3522 2666 3819 2721 hominum,

2256 2758 2339 2810 vel
2370 2773 2467 2826 pro
2491 2758 2708 2809 interitu
2747 2758 3146 2810 contrariarum
3177 2759 3453 2808 virtutum.
3487 2757 3557 2809 Ex
3583 2772 3689 2824 quo
3729 2756 3821 2806 ad-

2256 2848 2403 2899 venit
2452 2846 2721 2911 Salvator,
2769 2846 2894 2901 ﬁnis
2920 2856 3034 2901 erat
3058 2844 3169 2913 jam
3202 2847 3406 2899 mundi.
3439 2847 3671 2914 Denique
3701 2847 3817 2914 ipse

2257 2938 2565 3014 dicebat”:
2593 2957 2609 2989 ι
2638 2937 3020 2992 Ptenitentiam
3045 2938 3208 3005 agite,
3241 2937 3676 3006 appropinquavit
3698 2938 3746 3003 (l
3766 2936 3816 3003 1)

574 3031 629 3074 et
682 3037 786 3075 non
822 3032 903 3076 est
939 3038 1260 3092 progressus
1304 3028 1371 3079 ad
1421 3042 1672 3080 occasum
1706 3029 1756 3082 in
1798 3031 1957 3084 tinent
1990 3033 2149 3085 unius
2178 3051 2219 3108 ρ
2252 3030 2395 3085 enim
2435 3044 2652 3100 regnum
2686 3030 2969 3085 collorum.
3002 3048 3020 3079 ›
3060 3028 3165 3082 Sed
3204 3028 3414 3083 retinuit
3452 3037 3504 3077 et
3542 3029 3809 3093 repressit

572 3110 698 3163 diei.
729 3110 846 3164 Non
892 3112 989 3165 fuit
1020 3114 1133 3167 dies
1164 3115 1284 3167 talis
1316 3125 1440 3168 ante
1468 3116 1590 3181 hoc,
1642 3134 1738 3172 nec
1771 3120 1843 3173 ita
1878 3122 2149 3175 exaudivit

572 3203 713 3255 Deus
769 3204 1082 3269 hominem,
1136 3208 1260 3275 quia
1312 3206 1574 3261 Dominus
1624 3214 1895 3279 pugnabat
1927 3215 2006 3284 (7)
2053 3229 2149 3282 pro

570 3294 760 3349 Israel.
800 3294 864 3349 Et
894 3296 1147 3367 ingerunt
1177 3299 1251 3351 illi
1297 3300 1535 3370 quinque
1564 3318 1739 3372 reges,
1768 3314 1821 3360 et
1850 3307 2151 3361 absconde-

569 3394 697 3438 runt
749 3400 807 3439 se
854 3387 904 3438 in
953 3386 1206 3454 spelunca
1245 3390 1295 3441 in
1342 3390 1583 3460 Mageda.
1627 3412 1645 3444 ι
1682 3394 1807 3449 ll;cc
1842 3398 2138 3450 secundum

573 3474 853 3527 historiam
888 3476 1105 3543 quidem
1154 3489 1333 3547 gesta,
1386 3483 1645 3535 miracula
1692 3486 1888 3539 divina:
1932 3489 2146 3541 virtutis

574 3564 840 3619 universis
870 3568 1081 3623 sarculis
1112 3573 1429 3637 prtedicant,
1456 3590 1554 3629 nec
1589 3577 2036 3645 interpretatione
2059 3598 2145 3636 ex.

574 3660 841 3715 trinsecus
869 3661 1109 3731 indigent
1136 3662 1187 3715 in
1221 3665 1419 3732 quibus
1450 3679 1726 3735 gestorum
1762 3672 1940 3725 lumen
1986 3689 2145 3727 coru-

570 3760 705 3805 scat.
736 3751 873 3817 Quid
915 3760 1095 3805 tamen
1126 3752 1178 3805 iu
1224 3754 1293 3807 iis
1325 3758 1590 3825 Spiritalis
1631 3760 1937 3817 intellectus
1963 3766 2142 3819 contio

568 3855 715 3904 neat,
753 3846 1111 3913 requiramus.

634 3938 689 3988 2.
719 3936 851 3990 Cum
892 3942 1070 3993 anima
1106 3942 1336 3994 humana
1374 3944 1547 3998 Verbo
1596 3945 1689 4000 Dei
1742 3962 1800 4001 se
1830 3948 2137 4013 sociaverit,

567 4026 816 4080 dubitare
847 4041 951 4080 non
996 4030 1156 4083 debet
1199 4032 1382 4083 statim
1432 4047 1492 4086 se
1523 4033 1774 4089 inimicos
1805 4035 2137 4102 habituram,

567 4126 621 4169 et
651 4130 745 4171 eos
772 4132 908 4187 quos
939 4128 1063 4175 ante
1095 4122 1365 4177 habuerat
1410 4126 1616 4179 amicos
1638 4164 1653 4189 ,
1702 4126 1753 4177 in
1793 4126 2139 4181 adversarios

563 4222 687 4261 esse
716 4214 1039 4268 vertendos:
1074 4215 1234 4284 idque
1281 4231 1384 4270 non
1416 4216 1588 4270 solum
1634 4217 1741 4284 pati
1776 4231 1834 4271 se
1860 4218 1928 4269 ab
1966 4218 2139 4271 homi-

570 4300 725 4351 nibus
742 4315 948 4370 speret,
971 4322 1157 4361 verum
1181 4310 1342 4361 etiam
1366 4309 1433 4362 de
1455 4309 1747 4362 contrariis
1773 4309 2061 4363 virtutibus
2083 4318 2137 4363 et

2251 3120 2392 3173 diem
2434 3121 2935 3184 consummationis,
2987 3131 3041 3175 et
3070 3120 3260 3175 adesse
3284 3122 3563 3189 prohibuit.
3598 3120 3803 3174 Videus

2249 3212 2392 3264 enim
2442 3212 2579 3264 Deus
2630 3210 2790 3264 Pater
2837 3211 3061 3263 salutem
3103 3212 3345 3281 gentium
3386 3229 3477 3282 per
3512 3214 3680 3281 ipsum
3713 3228 3805 3265 so-

2248 3300 2357 3356 lum
2400 3302 2510 3372 (1‘2)
2538 3316 2695 3371 posse
2723 3310 2995 3367 constare,
3030 3305 3159 3357 dicit
3202 3306 3264 3357 ad
3296 3321 3418 3359 eum
3458 3307 3504 3337 ³⁹
3532 3320 3546 3358 :
3582 3324 3599 3355 ι
3631 3304 3754 3358 Pete
3782 3319 3810 3356 a

2249 3410 2351 3456 me,
2386 3405 2440 3447 et
2465 3394 2605 3448 dabo
2636 3392 2730 3447 tibi
2777 3405 2963 3461 gentes
2992 3396 3360 3450 lucreditatem
3399 3408 3570 3459 tuam,
3616 3408 3669 3451 et
3697 3412 3813 3465 pos-

2247 3486 2542 3541 sessionem
2565 3496 2705 3540 tuam
2735 3486 2995 3539 terminos
3022 3498 3197 3541 terrae.
3238 3507 3255 3536 ι
3290 3489 3465 3541 Donec
3494 3505 3624 3558 ergo
3644 3500 3815 3555 pater-

2246 3593 2312 3631 na
2361 3578 2678 3646 pollicitatio
2706 3580 3059 3649 compleatur.
3094 3590 3148 3633 et
3188 3578 3443 3632 Eeclesia-
3486 3595 3550 3631 ex
3581 3580 3813 3632 diversis

2246 3673 2559 3726 nationibus
2606 3682 2875 3736 crescant,
2929 3682 3089 3739 atque
3145 3672 3380 3724 introeat
3428 3680 3537 3723 tota
3576 3673 3812 3740 gentium

2246 3766 2538 3833 plenitudo,
2573 3774 2628 3815 ut
2670 3772 2797 3816 tunc
2828 3764 2939 3832 (15)
2979 3766 3191 3815 demum
3228 3764 3406 3816 omnis
3449 3760 3615 3815 Israel
3640 3764 3813 3817 salve-

2246 3864 2353 3917 tur,
2390 3856 2503 3908 dies
2538 3854 2874 3922 producitur,
2908 3865 2961 3907 ct
2995 3855 3241 3907 dilfertur
3281 3869 3532 3916 occasus,
3564 3870 3663 3907 nec
3714 3870 3814 3906 un-

2242 3962 2401 4014 quam
2434 3948 2510 4000 sol
2546 3949 2854 4011 occumbit;
2892 3948 2983 4000 sed
3008 3962 3222 4013 semper
3251 3948 3517 4009 exoritur,
3545 3949 3667 3999 dum
3696 3962 3813 4000 cre-

2242 4038 2479 4090 dentium
2516 4038 2769 4093 cordibus
2818 4037 2896 4091 sol
2940 4037 3162 4103 iustitia:
3219 4036 3396 4089 lumen
3448 4038 3699 4089 veritatis
3731 4028 3814 4088 in-

2239 4126 2434 4180 fundit.
2461 4126 2593 4179 Cum
2624 4141 2748 4179 vero
2774 4127 2970 4195 repleta
2994 4126 3145 4178 fuerit
3168 4141 3417 4178 mensura
3443 4128 3805 4190 credentium,

2238 4227 2293 4270 et
2325 4217 2560 4268 deterior
2583 4214 2692 4283 jam
2730 4231 2791 4269 ac
2824 4216 3041 4269 decolor
3069 4226 3203 4268 :etas
3247 4216 3453 4267 ultione
3500 4216 3806 4283 generatio-

2240 4309 2322 4362 nis
2362 4308 2639 4361 advenerit
2674 4308 2809 4378 (H),
2854 4322 2977 4360 cum
3030 4308 3369 4361 increscente
3404 4307 3691 4374 iniquitate
3728 4320 3813 4359 re-

567 4391 901 4457 spiritalibus
926 4398 1254 4466 nequitiisid
1276 4398 1376 4452 sibi
1397 4399 1680 4454 imminere
1702 4412 1961 4466 procerto
1979 4402 2132 4455 sciat.
2169 4386 2211 4440 Ῐ)
2242 4398 2496 4468 frigescct
2523 4399 2769 4451 charitas
2806 4398 3117 4460 multorum,
3149 4408 3202 4451 et
3245 4399 3497 4468 perpauci
3538 4410 3815 4449 remanse-

565 4483 632 4535 Et
667 4484 741 4535 ita
789 4485 875 4552 tit,
908 4499 959 4541 ut
992 4493 1084 4558 qui
1111 4494 1381 4545 amicitias
1410 4494 1615 4560 expetit
1650 4492 1776 4546 Jesu
1800 4531 1814 4556 ,
1847 4491 2135 4546 multorum

560 4572 725 4645 425
754 4576 854 4631 sibi
882 4579 1018 4633 sciat
1054 4582 1365 4635 inimicitias
1396 4582 1719 4636 tolerandas.
1743 4584 1879 4636 Audi
1917 4594 2139 4651 aposto-

635 4666 681 4698 ³³
710 4666 825 4723 .Ios.
860 4687 911 4729 χ.
941 4673 1124 4725 12-17.
1202 4674 1246 4703 ³⁸
1280 4671 1319 4724 ll
1349 4673 1485 4728 Tim.
1514 4689 1594 4737 Ill,
1626 4676 1709 4727 12.

561 4735 648 4789 17.
730 4739 773 4770 ³⁹
807 4740 945 4794 Psal.
986 4760 1043 4808 ll,
1077 4745 1129 4802 8.

560 4830 727 4951 digii).
756 4831 955 4951 ?t|lllcs
986 4853 1111 4890 mss.
1140 4880 1154 4901 ,
1185 4859 1203 4891 ι
1237 4850 1292 4894 et
1321 4839 1489 4908 digni.
1542 4858 1559 4889 ι
1603 4835 1757 4890 Libb.
1803 4838 1931 4891 editi
1959 4876 1975 4902 ,
2017 4856 2035 4888 ι
2075 4847 2132 4891 ιιι

600 4915 727 4967 igni.
772 4921 789 4951 ι

632 4970 710 5036 (6)
746 4971 809 5023 Et
844 4990 1041 5039 verum,
1081 4980 1233 5033 deest
1264 4982 1314 5034 in
1352 4980 1482 5035 libb.
1511 4978 1670 5031 editis
1696 5016 1710 5039 ,
1740 4977 1833 5029 sed
1864 4988 2040 5032 exstat
2075 4979 2126 5033 in

556 5040 810 5093 Omnibus
842 5058 971 5097 mss.

634 5108 711 5179 (5)
749 5110 815 5186 Et
853 5120 1110 5186 quomodo
1153 5119 1312 5171 solem
1352 5121 1473 5186 fecit
1512 5130 1651 5171 stare
1680 5128 1727 5168 et
1774 5120 1976 5178 lunam,
2016 5118 2127 5171 hmc

562 5177 755 5261 desunt
786 5181 837 5234 in
866 5177 1020 5261 libris
1046 5198 1201 5239 antea
1239 5177 1417 5261 editis,
1458 5190 1549 5242 sed
1588 5188 1836 5255 leguntur
1863 5188 1914 5239 in
1948 5189 2130 5241 codice

562 5254 1021 5309 Sangermanensi
1053 5266 1107 5308 et
1136 5274 1242 5311 uno
1276 5257 1610 5311 Ebroicensi.

738 5320 1046 5396 _Sangerm.,
1081 5342 1098 5374 ι
1138 5341 1317 5393 super.
1356 5348 1374 5378 ι
1412 5327 1569 5381 Lihb.
1599 5326 1751 5392 editi,
1785 5344 1806 5377 ι
1844 5342 2025 5396 supra.
2069 5346 2087 5377 ι

655 5386 707 5462 Z)
742 5386 879 5462 Ideni
914 5386 1039 5452 ms.,
1078 5411 1098 5444 ι
1128 5386 1403 5462 pugnavit.
1439 5416 1456 5447 ι

633 5456 710 5519 l8)
738 5460 875 5511 Audi
913 5456 1451 5529 apostoli-tntrl’uulunt
1476 5473 1586 5518 lucc
1611 5468 1789 5518 cadent
1821 5464 2133 5530 conﬁrmau-

562 5530 684 5599 ιςηι,
718 5541 832 5599 Cum
856 5532 1002 5583 dicit.
1034 5532 1155 5587 ll:cc
1172 5536 1553 5587 desiderantur
1584 5537 1635 5589 in
1666 5536 1817 5588 libris
1838 5534 2125 5587 auteaedi-

564 5594 654 5652 tis,
683 5594 773 5644 scd
801 5610 1014 5653 exstant
1050 5602 1097 5653 in
1132 5604 1381 5657 Otttttibtts
1414 5621 1543 5656 mss.

633 5664 709 5733 (υ)
744 5662 804 5715 In
852 5671 992 5719 nobis
1024 5681 1068 5722 ct
1112 5673 1205 5724 lter
1236 5676 1533 5741 proripere.
1573 5673 1691 5727 llaec
1734 5672 1899 5725 etiam
1933 5670 2125 5726 desunt

1786 4676 1830 4707 ³⁸
1856 4676 2017 4730 Eccli.
2045 4691 2104 4742 tt,
2135 4678 2183 4731 1.

2238 4490 2345 4542 rint
2382 4491 2431 4541 in
2467 4489 2663 4556 quibus
2691 4488 2821 4542 lides
2850 4490 3175 4554 inveniatur,
3213 4500 3339 4545 tunc
3370 4493 3481 4561 jam
3524 4495 3814 4548 abbrevia-

2239 4582 2440 4636 buntur
2463 4583 2594 4635 dies.
2637 4583 2779 4635 Idem
2814 4584 2977 4651 igitur
3006 4594 3167 4651 atque
3205 4586 3317 4653 ipse
3347 4587 3609 4641 Dominus
3642 4593 3813 4659 novit,

2262 4674 2568 4729 3‘l'l'hess.
2614 4690 2664 4739 v,
2702 4674 2785 4727 Μ.
2863 4676 2905 4706 ³⁷
2943 4677 3095 4730 lieni.
3148 4693 3239 4741 xv,
3286 4680 3334 4732 1.
3413 4676 3459 4711 ³⁸
3505 4679 3695 4733 Matth.
3735 4696 3810 4741 tv,

2244 4836 2297 4889 in
2338 4834 2491 4888 libris
2527 4844 2681 4886 antea
2710 4835 2893 4896 editis,
2933 4837 3029 4888 sed
3067 4836 3314 4904 leguntur
3347 4837 3397 4889 in
3438 4854 3537 4891 ms.
3571 4838 3811 4906 Sangcr-

2241 4906 2506 4963 Inaueusi,
2537 4920 2743 4955 nccnou
2787 4922 2890 4958 uno
2926 4906 3259 4959 Ebroiccnsi.

2312 4976 2423 5045 (t0)
2461 4975 2620 5042 Ergo,
2665 4975 2797 5027 alias
2848 4977 3016 5041 deest,
3064 4978 3158 5029 sed
3195 4977 3387 5046 legitur
3446 4977 3497 5029 in
3554 4980 3809 5034 erunibus

2238 5061 2366 5097 lllSS.

2307 5112 2417 5187 (ll)
2448 5109 2597 5187 Mssa.
2642 5130 2658 5160 ι
2691 5113 3155 5182 apprOpinquavit.
3200 5133 3218 5166 ι
3258 5114 3413 5171 Libb.
3456 5116 3613 5181 editi,
3656 5135 3677 5169 ι
3713 5135 3807 5187 ap-

2235 5182 2640 5251 propinquabit.
2676 5202 2694 5231 ι

2306 5252 2415 5318 (t2)
2449 5250 2655 5312 Solum,
2685 5252 2833 5305 deest
2870 5253 2919 5303 iu
2954 5252 3105 5307 libsis
3151 5264 3308 5306 antea
3358 5254 3537 5320 editis,
3574 5258 3669 5309 sed
3710 5274 3809 5311 cx-

2234 5332 2338 5376 stat
2368 5324 2419 5373 iu
2449 5321 2908 5388 Saugcrmanensi
2941 5334 2994 5375 et
3027 5339 3133 5377 uno
3165 5324 3498 5377 Ebroiceusl.

2304 5392 2417 5465 (l3)
2448 5390 2748 5465 hiemans”
2788 5410 2805 5441 ι
2854 5402 2911 5443 ιιι
2936 5402 3085 5465 tunc,
3118 5413 3136 5444 ι
3168 5404 3221 5465 et
3258 5394 3413 5462 paulo
3438 5404 3579 5462 post,
3614 5414 3633 5446 ι
3672 5411 3802 5465 pro-

2237 5462 2453 5535 ducitur
2479 5460 2841 5535 ct__ddli:rtur.
2878 5480 2895 5511 ι
2936 5460 3081 5521 Libri
3128 5460 3277 5524 editi,
3309 5480 3328 5513 ι
3369 5460 3802 5535 et‘tunc...'pro-

2235 5530 2478 5587 ducitur,
2510 5526 2775 5583 dilIertur.
2808 5548 2826 5580 ι

2300 5598 2411 5668 (Η)
2440 5597 2585 5651 Unus
2606 5600 2769 5651 codex
2794 5601 3156 5665 Ebroicensis,
3194 5620 3211 5652 ι
3241 5610 3295 5655 et
3319 5602 3386 5654 ad
3419 5603 3712 5657 deteriores
3737 5621 3795 5660 ac

2234 5669 2567 5726 decoloratas
2591 5668 2790 5722 ultimae
2817 5668 3177 5738 generationis
3200 5672 3444 5727 nationes
3461 5673 3753 5728 advenerit.
3771 5692 3789 5725 ι
