4104 6226
345 330 459 388 885

1344 328 1409 380 IN
1446 327 1705 383 LIBRUM
1736 327 1901 382 .IESU
1944 328 2128 383 NAVE
2164 329 2443 384 IIOMILIA
2484 328 2593 382 XII.

3517 328 3619 381 886

347 458 406 500 et
448 447 740 503 extendere
779 446 923 499 diem
952 459 1076 501 cum
1119 443 1308 497 salutis
1338 456 1422 500 cst
1457 456 1694 516 tempus,
1725 458 1779 500 et
1807 448 1932 501 bre-
1965 452 2011 509 Α
2040 450 2288 502 ASsident
2320 447 2522 501 etenim
2550 444 2709 498 etiam
2740 442 2824 496 his
2851 443 2998 511 ipsis,
3026 459 3162 511 quos
3201 443 3462 505 diximus,
3497 457 3620 495 cor-

347 540 504 593 viare
559 540 723 604 diem,
785 554 911 593 cum
975 536 1347 592 tribulationis
1392 548 1447 591 et
1490 538 1810 607 perditionis
1852 548 1937 593 est

348 642 586 701 tempus.
620 630 725 683 Nos
752 640 928 684 tamen
964 630 1090 682 dum
1122 630 1383 683 habemus
1412 632 1575 692 diem,
1598 640 1654 683 et
1685 631 1935 698 produci-

350 732 443 776 tur
477 722 631 775 nobis
664 722 897 790 spatium
938 719 1098 782 lucis,
1138 736 1155 769 ι
1192 720 1333 773 sicut
1365 721 1417 773 in
1444 721 1531 775 die
1562 722 1787 776 honeste
1816 736 1933 775 atu-

349 813 603 867 bulemus
634 813 698 875 ιο,
736 831 754 863 ι
792 822 845 864 et
874 826 1039 879 opera
1080 812 1213 865 lucis
1238 826 1546 878 Operemur.

423 906 480 959 4.
538 903 643 958 Sed
695 914 749 958 et
805 903 932 957 illud
998 904 1274 957 videamus
1306 905 1437 973 quid
1465 916 1550 959 est
1589 907 1731 975 quod
1782 908 1933 970 dicit,

348 996 589 1063 quinque
611 1011 763 1065 reges
786 994 972 1060 fuisse,
1000 1003 1053 1047 et
1077 995 1175 1048 hos
1198 995 1249 1046 in
1270 994 1557 1063 speluncas
1580 995 1781 1066 fugisse
1798 998 1933 1069 (15).

351 1092 506 1158 Smpe
523 1090 760 1143 diximus
785 1089 1058 1157 duplicem
1083 1102 1202 1142 esse
1221 1087 1651 1141 Christianorum
1680 1106 1933 1159 pugnam.

349 1179 618 1233 Perfectis
666 1180 883 1247 quidem
925 1188 979 1232 et
1029 1178 1227 1231 talibus
1268 1179 1442 1246 qualis
1473 1191 1590 1233 erat
1628 1178 1829 1234 Paulus
1880 1188 1937 1234 et

350 1271 593 1340 Ephesii,
641 1272 780 1324 sicut
822 1270 934 1338 ipse
964 1269 1160 1323 Paulus
1197 1268 1306 1340 (ιδ)
1339 1270 1471 1325 dicit
1494 1270 1575 1338 “,
1620 1287 1639 1322 ι
1694 1286 1804 1327 non
1848 1281 1932 1327 est

348 1376 527 1430 pugna
562 1363 824 1414 adversus
855 1375 1074 1414 carnem
1103 1369 1158 1415 et
1188 1362 1529 1430 sanguinem,
1552 1362 1647 1414 sed
1678 1362 1937 1416 adversus

347 1454 679 1522 prim-ipatns
730 1462 784 1506 et
827 1463 1147 1523 potestates,
1196 1456 1483 1509 adversum
1544 1455 1729 1507 mundi
1778 1456 1938 1525 hujus

349 1555 588 1599 rectores
618 1544 966 1598 tenebrarum
993 1547 1208 1607 harmn,
1237 1547 1497 1601 adversus
1521 1548 1785 1615 spiritalia
1813 1550 1926 1621 (l7)

346 1638 602 1704 nequitiae
633 1636 685 1688 in
719 1635 1052 1689 caelestibus.
1098 1656 1115 1686 ι
1157 1637 1511 1692 Inferioribus
1539 1654 1689 1704 vero,
1727 1652 1782 1694 et
1807 1658 1937 1695 uou-

347 1732 473 1783 dum
522 1725 774 1795 perfectis
818 1742 993 1796 pugna
1053 1729 1233 1783 adlmc
1290 1731 1551 1785 adversus
1612 1747 1830 1786 carnem
1879 1744 1934 1788 et

2039 541 2311 610 poralibus
2341 540 2589 594 sensibus
2622 537 2897 592 hominum
2933 536 3176 604 maligna:
3215 536 3462 600 virtutes,
3499 548 3621 601 quas

2036 649 2129 688 eos
2159 633 2225 685 ad
2266 631 2435 687 malas
2474 630 2941 698 concupiscentias
2981 636 3034 681 et
3062 625 3229 697 426
3268 624 3413 679 ΐωιιει
3452 625 3617 677 ιιιίιιί-

2038 724 2202 779 steria
2244 724 2436 777 anima:
2477 722 2764 791 praebenda
2823 720 3138 774 sollicitent.
3172 720 3318 781 Quas
3351 715 3621 783 malignas

2037 816 2263 869 virtutes
2292 815 2334 868 si
2373 814 2503 868 fides
2534 813 2645 885 (l9)
2679 812 2881 875 Christi
2908 809 3272 880 superaverit,
3307 818 3362 861 et
3396 807 3449 861 iu
3476 808 3621 876 ligno

2037 904 2214 958 crucis
2244 904 2361 972 ejus
2391 904 2590 958 fuerint
2628 917 2921 971 suSpeusre.
2970 911 3025 954 ut
3054 911 3107 955 et
3152 901 3216 953 de
3264 898 3396 969 ipsis
3428 899 3619 951 trium-

2036 995 2164 1063 phet
2199 995 2250 1048 in
2284 995 2424 1064 ligno
2465 997 2643 1049 crucis
2683 1009 2815 1057 sum,
2849 992 3187 1061 interemptis
3218 991 3304 1053 iis,
3341 1006 3620 1059 regnoque

2037 1086 2293 1153 depulsis,
2327 1097 2452 1139 tunc
2477 1084 2707 1138 edicitur
2748 1085 2927 1137 anima
2958 1084 3009 1135 in
3044 1094 3197 1151 parte
3225 1082 3341 1145 Dei,
3369 1093 3495 1135 tunc
3527 1082 3618 1135 .le-

2038 1175 2271 1228 rusalem
2318 1190 2537 1243 regnum
2569 1175 2658 1227 Dei
2692 1174 2943 1237 cfiicitur,
2968 1182 3021 1226 ct
3048 1173 3311 1240 templum
3338 1175 3389 1225 in
3420 1188 3488 1225 ea
3512 1173 3618 1224 Do-

2038 1267 2185 1320 mino
2207 1267 2543 1320 construitur
2572 1264 2707 1337 (20).
2732 1266 2923 1318 Annon
2950 1266 3051 1317 hoe
3075 1265 3141 1316 de
3176 1266 3466 1330 semetipso
3496 1276 3621 1315 sen-

2039 1359 2204 1412 tiebat
2254 1358 2342 1413 ille
2369 1359 2461 1426 qui
2506 1358 2723 1411 dicebat
2754 1357 2821 1420 δ’,
2852 1358 2980 1425 quia
3018 1376 3034 1407 ι
3076 1372 3291 1409 eramus
3327 1353 3623 1423 aliquando

2036 1460 2092 1505 et
2125 1467 2221 1505 nos
2258 1450 2539 1512 iuseusali,
2570 1449 2861 1513 increduli,
2899 1458 3168 1510 errantes,
3202 1446 3500 1500 servientes
3529 1444 3623 1497 de-

2036 1541 2252 1595 sideriis
2284 1552 2338 1594 et
2363 1541 2727 1609 voluptatibus
2751 1540 2954 1594 variis?
2995 1560 3011 1590 ι
3049 1538 3161 1592 Non
3194 1539 3335 1592 enim
3365 1536 3509 1589 aliud
3541 1544 3623 1590 est

2038 1634 2140 1686 hoc
2170 1635 2313 1702 quod
2360 1633 2660 1689 Jerusalem
2687 1636 2978 1703 aliquando
3012 1634 3175 1688 fuisse
3204 1633 3303 1686 sub
3336 1646 3460 1701 rege
3485 1630 3623 1684 Ado-

2037 1724 2261 1777 nibczee
2288 1726 2567 1793 scribitur,
2594 1726 2677 1781 vel
2696 1726 2814 1781 aliae
2851 1725 3101 1780 civitates
3128 1724 3227 1778 sub
3256 1725 3380 1778 aliis
3412 1723 3477 1778 ‘3.

345 1823 664 1889 sanguinem
700 1822 926 1893 geritur,
957 1822 1021 1876 iis
1046 1822 1136 1890 qui
1168 1824 1344 1876 adhuc
1370 1824 1679 1879 carnalibus
1712 1827 1856 1880 vitiis
1880 1839 1924 1882 et

2107 1816 2161 1869 6.
2222 1815 2328 1869 Sed
2388 1817 2604 1870 interim
2653 1816 2813 1871 Iesus
2871 1815 3142 1870 interfecit
3190 1816 3462 1879 inimicos,
3514 1830 3619 1868 non

348 1912 464 1981 frag
491 1914 729 1967 litatibus
760 1915 1174 1983 impugnantur:
1211 1914 1356 1982 quod
1393 1915 1554 1969 etiam
1586 1916 1637 1967 in
1680 1916 1780 1969 hoc
1814 1917 1932 1971 loco

347 2003 573 2057 iudicari
628 2015 774 2071 puto.
811 2005 1022 2058 Etenim
1054 2003 1371 2058 Gabaonitis
1420 2006 1682 2059 indictum
1731 2024 1852 2061 esse
1900 2026 1930 2063 a

346 2095 583 2164 quinque
618 2096 831 2164 regibus
870 2096 1107 2149 diximus
1156 2095 1379 2156 bellum,
1432 2112 1664 2164 quorum
1702 2100 1928 2169 figuram

346 2187 453 2239 dixi
491 2203 608 2241 esse
637 2189 685 2239 in
726 2188 789 2240 iis
811 2187 899 2256 qui
933 2186 1236 2255 imperfecti
1264 2197 1415 2241 sunt.
1444 2187 1537 2242 Isti
1565 2204 1695 2257 ergo
1725 2208 1752 2243 a
1774 2192 1933 2258 quin-

344 2294 449 2343 que
501 2277 717 2344 regibus
773 2278 1178 2346 impugnantur.
1245 2277 1493 2348 Quinque
1541 2290 1725 2333 autem
1774 2297 1927 2351 reges

343 2372 581 2435 quinque
620 2385 808 2423 sensus
834 2384 1124 2437 Corporeos
1146 2370 1405 2431 iudicant,
1440 2372 1642 2435 visum,
1662 2375 1927 2438 auditum,

342 2470 578 2529 gustum,
632 2472 833 2513 tactum
874 2470 927 2512 et
974 2462 1281 2515 odoratum.
1340 2462 1443 2515 Per
1488 2464 1720 2533 aliquem
1777 2467 1923 2521 enim

352 2552 567 2617 Iterum,
600 2566 1037 2620 unumquemque
1070 2568 1290 2607 necesse
1319 2563 1401 2606 est
1432 2554 1682 2610 decidere
1712 2558 1763 2609 in
1804 2572 1929 2626 pec-

341 2653 543 2694 catum.
598 2642 698 2707 Qui
729 2643 968 2711 quinque
1022 2659 1214 2697 sensus
1266 2646 1373 2697 illis
1418 2646 1658 2713 quinque
1713 2650 1928 2717 regibus

342 2746 748 2801 comparantur,
802 2736 890 2803 qui
951 2735 1298 2803 Gabaonitas,
1335 2738 1388 2790 id
1423 2748 1505 2792 est
1558 2740 1647 2807 qui
1678 2745 1927 2796 carnales

345 2827 590 2879 homines
615 2836 946 2897 expugnant.
985 2827 1138 2893 Quod
1189 2838 1370 2883 autem
1410 2831 1662 2885 dicuntur
1698 2833 1748 2884 in
1798 2849 1923 2900 spes

344 2918 529 2972 luncas
554 2920 879 2988 confugisse,
911 2929 1087 2987 potest
1119 2920 1219 2975 hoc
1250 2920 1487 2977 fortasse
1518 2922 1770 2987 indicari,
1797 2930 1924 2995 quia

342 3011 593 3079 spelunca
629 3010 779 3065 locus
831 3020 912 3064 est
960 3010 1012 3063 in
1060 3010 1388 3079 profundum
1440 3022 1602 3067 terrae
1652 3013 1920 3071 defossus.

2036 1908 2414 1960 crudelitatem
2446 1909 2648 1963 docens
2681 1924 2774 1976 per
2802 1909 2925 1970 hoc,
2962 1909 3104 1962 sicut
3129 1907 3374 1961 hmretici
3404 1914 3614 1976 putant,

2034 2002 2129 2054 sed
2175 2004 2352 2053 futura
2412 2002 2461 2053 in
2499 2003 2583 2055 his
2624 2016 2745 2071 quae
2788 2012 3052 2071 geruntur
3085 2010 3425 2055 sacramenta
3474 2000 3619 2053 desi-

2034 2107 2206 2160 gnatts
2240 2092 2352 2159 (21)
2386 2106 2400 2144 :
2436 2101 2491 2144 ut
2522 2108 2644 2145 cum
2698 2093 3029 2147 interemerit
3066 2109 3157 2148 eos
3195 2109 3373 2160 reges,
3409 2091 3499 2159 qui
3535 2106 3619 2143 re-

2033 2200 2196 2253 gnum
2244 2186 2449 2254 peccati
2493 2195 2677 2238 tenent
2718 2187 2768 2239 iu
2819 2187 2997 2268 npbis,
3042 2187 3310 2255 possimus
3350 2184 3478 2236 illud
3522 2182 3617 2235 int-

2033 2274 2181 2342 plere
2213 2275 2353 2344 quod
2394 2275 2532 2329 dixit
2565 2276 2854 2343 Apostolus
2888 2276 2978 2329 *δι
3019 2296 3035 2327 ι
3089 2275 3245 2329 Sicut
3288 2272 3616 2330 cxliibuistis

2033 2368 2277 2421 membra
2306 2377 2485 2422 vestra
2518 2370 2719 2423 servire
2744 2368 3013 2438 iniquitati
3050 2369 3116 2421 ad
3149 2367 3508 2438 iniquitatem,
3541 2366 3613 2417 ita

2034 2475 2176 2513 mtnc
2206 2461 2559 2515 exhibeamus
2598 2461 2838 2514 membra
2870 2470 3053 2515 nostra
3079 2462 3284 2514 servire
3312 2458 3535 2527 justitize
3560 2458 3612 2510 in

2025 2552 2466 2621 justificationent
2510 2552 2642 2623 (22).
2678 2572 2696 2605 ι
2746 2554 2882 2619 Quid
2915 2568 3044 2621 ergo
3083 2564 3188 2617 est,
3236 2552 3378 2621 quod
3416 2554 3485 2605 ab
3533 2551 3617 2604 eis

2032 2643 2133 2697 hoc
2153 2644 2270 2699 loco
2291 2644 2668 2697 velutcrudcle
2693 2644 2986 2713 culpatur?
3021 2644 3151 2708 Iloc,
3178 2645 3350 2713 inquit
3370 2644 3438 2707 ⁸³,
3467 2644 3610 2711 qttml

2030 2737 2292 2806 scriptum
2316 2748 2400 2791 est
2436 2754 2449 2789 :
2491 2754 2508 2787 ι
2538 2736 2729 2792 Ponite
2758 2738 2925 2806 pedes
2959 2748 3168 2791 vestros
3200 2752 3363 2804 super
3407 2736 3604 2789 collum

2029 2845 2239 2892 eorum,
2290 2839 2345 2884 et
2404 2829 2695 2884 interficite
2741 2846 2859 2887 eos.
2898 2850 2915 2883 ι
2960 2829 3097 2897 Quid
3153 2830 3295 2899 quod
3344 2831 3460 2883 lucc
3502 2844 3606 2883 non

2030 2920 2339 2982 crudelitas,
2369 2922 2463 2974 sed
2514 2921 2822 2976 humanitas
2852 2932 2904 2975 et
2940 2922 3249 2991 benignitas
3294 2918 3609 2975 invenitur?

2034 3010 2249 3065 Utinam
2298 3021 2353 3065 et
2388 3023 2442 3066 tu
2486 3013 2607 3067 talis
2642 3027 2813 3076 esses,
2861 3014 2952 3082 qui
3000 3029 3234 3083 poueres
3272 3014 3437 3084 pedes
3489 3025 3612 3067 tuos

336 3102 508 3169 Igitur
535 3102 697 3155 etiam
741 3102 826 3155 isti
864 3119 997 3171 quos
1039 3119 1201 3171 supra
1231 3104 1465 3158 diximus
1492 3119 1686 3160 sensus
1714 3122 1924 3162 cumse
1952 3141 1996 3200 Ο
2030 3118 2193 3172 super
2252 3113 2535 3174 serpentes
2584 3114 2638 3159 et
2689 3106 3020 3171 scorpiones,
3067 3116 3120 3159 ct
3170 3122 3333 3175 supra
3387 3120 3606 3160 omnem

342 3194 570 3246 terrenis
614 3195 824 3248 actibus
873 3196 923 3247 in
960 3210 1187 3262 corpore
1225 3197 1383 3262 positi
1430 3198 1813 3261 demerserint,
1869 3212 1925 3254 et

344 3285 475 3337 nihil
504 3284 569 3334 iul
593 3300 724 3351 opus
761 3284 871 3346 Dei,
904 3286 996 3339 sed
1025 3296 1197 3340 totum
1234 3288 1300 3341 ad
1336 3288 1700 3343 ministerium
1724 3305 1919 3360 corpo-

342 3374 416 3425 ris
452 3374 675 3439 egerint,
700 3374 751 3427 in
783 3376 1073 3444 speluncas
1097 3379 1404 3446 confugisse
1434 3379 1707 3433 dicuntur.

410 3465 462 3518 5.
499 3464 786 3518 Sciendum
823 3476 998 3520 tamen
1028 3470 1170 3536 quod
1202 3470 1302 3521 ista
1328 3470 1441 3538 ipsa
1473 3486 1657 3539 regna,
1688 3486 1921 3539 quorum

345 3567 481 3607 lltlllc
512 3569 665 3623 reges
691 3558 980 3611 vincuntur
1006 3560 1072 3612 ab
1103 3558 1250 3621 Jesu,
1278 3570 1332 3609 et
1352 3560 1674 3629 confugiunt
1702 3562 1769 3614 ad
1801 3576 1925 3631 spe-

342 3646 549 3707 luncas,
588 3648 925 3714 postmodmu
948 3650 999 3702 in
1031 3660 1233 3704 sortem
1261 3654 1486 3704 veniunt
1517 3662 1833 3705 sanctormu
1867 3663 1924 3708 et

342 3751 465 3804 pars
504 3737 713 3790 Domini
747 3740 1103 3806 appellantur,
1151 3742 1295 3795 sicut
1336 3757 1555 3809 regnum
1596 3741 1918 3808 Jerusalem,

342 3828 421 3880 vel
455 3828 671 3894 Lat-his,
712 3831 789 3881 vel
826 3832 1095 3885 Chebron.
1127 3833 1181 3885 In
1216 3850 1324 3902 quo
1358 3834 1459 3887 hoc
1492 3834 1730 3889 arbitror
1780 3836 1921 3888 imii-

338 3920 471 3983 cari,
505 3921 842 3989 quodetiam
889 3923 976 3975 isti
1026 3925 1269 3992 quinque
1314 3939 1529 3990 sensus,
1567 3940 1701 3994 quos
1756 3942 1920 3995 supra

335 4012 702 4079 exposuimus,
741 4013 792 4066 in
822 4028 1049 4081 corpore
1083 4016 1263 4081 positi,
1287 4031 1411 4070 cum
1448 4032 1543 4084 per
1574 4016 1757 4072 Iesum
1798 4017 1921 4074 fue-

338 4105 443 4156 rint
472 4105 691 4171 devicti,
739 4108 811 4160 ita
841 4117 897 4158 ut
931 4107 1223 4162 infidelitas
1266 4110 1332 4163 ab
1360 4110 1439 4164 eis
1467 4120 1520 4165 et
1560 4112 1919 4167 incredulitas

338 4200 655 4265 depellatur,
692 4212 745 4253 et
790 4217 911 4255 cum
959 4202 1262 4255 moriuntur
1308 4214 1538 4272 peccato
1582 4206 1633 4257 in
1675 4220 1741 4259 eo
1773 4206 1917 4274 quod

338 4291 587 4343 tlcsiuttnt
618 4306 646 4342 a
666 4292 966 4345 ministerio
996 4295 1202 4362 peccati
1227 4314 1238 4359 ;
1272 4296 1392 4349 istis
1421 4298 1549 4365 ipsis
1576 4302 1916 4367 postmodum

339 4381 600 4434 ministris
661 4393 845 4435 ttletur
906 4386 1082 4439 anima
1139 4388 1205 4440 ad
1262 4390 1592 4457 operandam
1644 4391 1913 4460 justitiam

2028 3196 2279 3249 virtutem
2313 3196 2537 3259 inimici,
2570 3206 2624 3249 et
2652 3196 3005 3252 conculcarcs
3046 3200 3336 3252 draconem
3375 3208 3429 3252 et
3465 3197 3609 3251 basi-

2026 3284 2238 3351 liscum,
2272 3287 2323 3340 id
2362 3298 2444 3339 est
2494 3286 2762 3355 regulum,
2804 3289 2894 3356 qui
2944 3288 3229 3356 aliquando
3279 3288 3521 3358 regnavit,
3555 3289 3607 3342 in

2027 3385 2099 3438 te,
2130 3384 2183 3428 et
2216 3376 2386 3428 tenuit
2418 3377 2469 3428 iu
2508 3386 2558 3429 te
2587 3391 2808 3444 regnum
2845 3378 3051 3445 peccati
3083 3392 3097 3430 :
3125 3388 3177 3429 ut
3221 3378 3326 3431 illis
3352 3380 3617 3432 omnibus

2028 3469 2392 3536 interemptis,
2425 3468 2513 3534 qui
2549 3468 2599 3520 in
2640 3478 2690 3520 te
2723 3469 3019 3538 regnabant
3058 3486 3220 3531 apere
3257 3472 3484 3539 peccati.
3520 3488 3609 3525 so-

2026 3560 2108 3612 lus
2166 3559 2217 3611 in
2276 3569 2326 3611 te
2380 3568 2568 3624 regnet
2616 3557 2863 3635 Christus
2901 3558 3059 3615 .Iesus
3092 3561 3352 3614 Dominus
3401 3572 3606 3627 uoster,

2025 3647 2107 3701 cui
2126 3648 2391 3715 cstgloria
2420 3647 2776 3715 etimperium
2809 3647 2920 3721 (25)
2954 3650 3005 3703 in
3040 3650 3235 3705 sarcula
3259 3651 3604 3707 surculorum.

2023 3742 2220 3796 Amen.

2595 3855 2875 3910 IIOMILIA
2905 3855 3021 3909 XII.

2023 3948 2101 4003 De
2129 3965 2189 4003 ea
2231 3952 2368 4017 quod
2414 3950 2730 4018 spiritaliter
2759 3950 2983 4019 intelligi
3039 3951 3259 4004 debeant
3310 3951 3443 4005 bella
3489 3969 3607 4019 qua:

2092 4020 2247 4087 gessit
2271 4019 2448 4082 Jesux,
2484 4024 2691 4087 etquod
2736 4037 2998 4089 regressus
3028 4021 3251 4085 populus
3280 4035 3395 4090 post
3435 4025 3608 4077 victo-

2093 4092 2228 4141 riam
2260 4106 2361 4142 non
2391 4091 2591 4143 mutivit
2624 4092 2677 4142 in
2708 4092 2886 4160 lingua
2917 4107 3015 4143 sua
3043 4091 3176 4162 (21).

2093 4204 2144 4256 1.
2176 4202 2231 4255 Si
2281 4218 2342 4257 ea
2369 4219 2487 4272 qua:
2515 4218 2612 4270 per
2653 4204 2866 4273 Moysen
2899 4205 2967 4260 de
2998 4206 3371 4269 tabernaculo,
3410 4207 3490 4260 vel
3515 4221 3606 4261 sa-

2021 4296 2243 4350 criﬁciis
2276 4307 2329 4350 et
2365 4296 2511 4350 omni
2555 4296 2645 4350 illo
2670 4296 2814 4350 cultu
2851 4297 3338 4361 adumbrabantur,
3372 4308 3528 4367 typus
3551 4307 3607 4351 et

2022 4388 2209 4440 umbra
2234 4388 2485 4441 dicuntur
2515 4404 2635 4442 esse
2660 4388 2988 4452 caelestium,
3026 4389 3145 4443 sine
3182 4388 3345 4443 dubio
3377 4401 3431 4444 et
3462 4391 3598 4446 bella

340 4466 429 4520 Dei
452 4466 587 4536 (f8),
617 4476 669 4520 ct
697 4469 768 4521 ita
818 4471 874 4524 fit
918 4483 975 4525 ut
1008 4473 1327 4538 Jerusalem,
1373 4476 1425 4529 iu
1462 4492 1566 4546 qua
1614 4480 1764 4546 prius
1823 4495 1915 4535 rex
1948 4494 1997 4554 ι)
2025 4495 2144 4546 qua:
2181 4495 2275 4548 per
2319 4480 2501 4536 Jesutn
2534 4491 2818 4549 geruntur,
2849 4490 2903 4534 et
2952 4497 3137 4550 regum
3172 4491 3333 4552 atque
3366 4484 3603 4539 hostium

340 4573 570 4625 ncqttatn
603 4563 859 4628 regnabat
884 4574 938 4617 et
966 4567 1248 4633 pessimus,
1281 4570 1618 4635 postmodum
1651 4570 1703 4623 in
1733 4586 1795 4625 ea
1822 4588 1912 4627 re-

336 4657 473 4717 gnet
517 4649 685 4706 David
738 4667 924 4721 potens
984 4672 1167 4723 manu,
1204 4657 1285 4711 vel
1333 4659 1590 4727 pacificus
1634 4660 1911 4718 Salomon.

407 4786 452 4819 ’⁵ο
488 4789 643 4847 Rom.
684 4808 802 4857 xm,
838 4794 922 4847 15.
998 4796 1040 4826 δι
1072 4796 1270 4867 Ephcs.
1300 4813 1371 4860 vr,
1405 4798 1493 4852 12.

336 4979 359 5033 f
405 4911 517 4991 (I3)
545 4914 721 4967 Codex
754 4915 1035 4986 Saugerm.
1068 4936 1190 4975 cum
1222 4937 1330 4977 uno
1358 4922 1692 4989 Ebroicensi,
1725 4943 1742 4975 ι
1782 4940 1909 4978 cou-

360 4998 551 5033 uaisse.
602 5002 619 5033 ι

360 4998 551 5047 ugtsse.
602 5002 619 5034 ι

408 5050 517 5119 (l6)
544 5054 705 5113 Idem.
746 5072 763 5103 ι
806 5056 1119 5125 Apostolus.
1178 5080 1196 5112 ι
1237 5059 1440 5115 Ibidem
1481 5064 1586 5114 duo
1619 5063 1909 5116 Ebroiccn-

335 5133 445 5181 ses,
478 5139 495 5171 ι
538 5140 640 5176 ιιοιι
676 5133 757 5177 est
785 5141 981 5195 pugna.
1024 5148 1041 5180 ι
1084 5130 1227 5185 Libri
1264 5132 1417 5195 editi,
1466 5150 1484 5183 ι
1525 5149 1629 5185 non
1660 5142 1779 5185 erat
1810 5150 1911 5201 pu-

333 5204 707 5397 ξζᾷίρὶῖἰιλῗῐζι,
731 5281 749 5313 ι
791 5267 1052 5325 adversus
1072 5271 1357 5387 Spiritalia.
1394 5291 1411 5323 ι
1440 5272 1585 5326 Libri
1608 5272 1758 5337 editi,
1795 5290 1814 5323 ι
1852 5284 1905 5327 et

334 5376 685 5525 nr“(|‘|§)mls:ei,
713 5405 863 5459 deest
886 5406 936 5458 in
972 5420 1131 5464 antea
1173 5376 1355 5477 editis,
1382 5412 1475 5467 sed
1501 5420 1679 5465 exstat
1707 5412 1761 5465 in
1786 5430 1903 5467 om-

415 5488 425 5517 ι
637 5511 649 5523 .

415 5488 495 5519 IIIS
520 5488 649 5523 IIISS.

404 5536 513 5604 (l9)
543 5538 719 5619 codex
754 5541 1036 5619 Sa‘ngerm.
1081 5562 1203 5601 cum
1256 5564 1362 5605 uno
1417 5550 1748 5619 Ebroiceusi,
1800 5572 1818 5605 ι
1856 5557 1900 5608 si

336 5608 489 5679 fides.
531 5628 547 5659 ι
582 5610 733 5665 Libb.
767 5608 921 5679 editi,
957 5634 975 5668 ι
1006 5632 1128 5670 cum
1165 5619 1317 5674 fides.
1358 5638 1376 5670 ι

405 5678 520 5747 (20)
567 5680 767 5736 Omnes
807 5700 964 5754 mss.,
1012 5704 1032 5740 ι
1077 5689 1431 5746 construitur.
1496 5708 1515 5742 ι
1560 5690 1713 5747 Libb.
1745 5692 1897 5759 editi,

344 5766 362 5799 ι
408 5759 762 5807 cuttstructur.
813 5773 832 5806 ι

1571 4799 1616 4830 ⁸⁸
1635 4800 1743 4855 Tit.
1775 4818 1857 4865 ιιι,
1884 4802 1937 4855 5.

2021 4585 2252 4643 strages,
2284 4574 2586 4628 cmlestium
2629 4589 2808 4629 rerum
2848 4575 2961 4646 (25)
2995 4578 3185 4631 umbra
3218 4588 3273 4632 et
3298 4588 3453 4649 typus
3483 4594 3621 4633 esse

2022 4664 2242 4718 dicenda
2299 4674 2445 4730 sunt,
2495 4681 2680 4720 eorum
2726 4666 2988 4722 duntaxat
3024 4669 3308 4735 bellorum,
3345 4687 3462 4739 qua:
3495 4670 3601 4724 Do-

2014 4802 2058 4833 ”
2085 4800 2208 4857 .Iud.
2240 4819 2276 4856 ι.
2352 4802 2398 4837 ⁸⁸
2435 4802 2591 4857 Rom.
2642 4805 2831 4868 νι,19.
2909 4809 2954 4839 "
2997 4807 3109 4861 Jos.
3143 4823 3197 4872 ι,
3223 4806 3314 4863 24.

2091 4926 2203 4992 (21)
2238 4925 2392 4981 Libb.
2426 4928 2580 4991 editi,
2628 4946 2653 4979 ι
2698 4927 2875 4981 futura
2921 4939 3260 4981 sacramenta
3300 4928 3611 4997 designans.

2015 4997 2079 5047 de
2110 4998 2173 5049 iis
2213 5012 2333 5064 qme
2357 4999 2720 5065 gerebantur;
2764 5017 2789 5049 ι.
2818 4998 2909 5051 sed
2941 5013 3131 5051 omnes
3165 5012 3295 5051 mss.
3338 5009 3395 5051 ut
3419 4998 3470 5051 in
3508 5016 3598 5052 no-

2013 5075 2125 5118 ειη)
2152 5075 2322 5119 textu.

2087 5135 2195 5204 (22)
2223 5136 2401 5190 Codex
2427 5134 2811 5202 Saugerman.,
2838 5154 2855 5188 ι
2891 5135 3364 5205 justificatiouem.
3398 5158 3418 5191 ι
3447 5137 3609 5193 Libri

2010 5204 2165 5264 editi,
2202 5223 2219 5255 ι
2260 5206 2769 5259 sanctificationem.
2805 5227 2824 5258 ι

2083 5274 2196 5338 (25)
2235 5274 2385 5347 Unus
2419 5275 2768 5330 Ebroiceusis
2817 5285 2936 5347 post
2983 5293 3002 5326 ι
3042 5275 3326 5346 imperium
3362 5298 3379 5331 ι
3420 5277 3588 5345 addit,

2018 5362 2036 5393 ι
2076 5359 2198 5397 cum
2224 5343 2426 5408 Spiritu
2454 5352 2662 5397 sancto.
2710 5364 2728 5396 ι

2086 5413 2195 5485 (24)
2230 5414 2293 5467 Et
2316 5413 2456 5485 quod
2487 5428 2747 5485 regressus
2787 5414 3011 5484 papulas
3034 5425 3145 5485 post
3172 5417 3440 5471 victoriam
3484 5433 3590 5472 non

2011 5484 2293 5556 mulivitiu
2313 5483 2491 5551 lingua
2512 5501 2629 5556 sua.
2669 5484 2789 5556 llzec
2807 5485 3003 5539 desunt
3029 5483 3078 5540 in
3107 5486 3259 5556 libris
3289 5500 3442 5541 antea
3468 5486 3587 5541 edi-

2012 5554 2101 5674 ἓξ,
2149 5555 2241 5632 sed
2285 5553 2533 5632 leguntur
2577 5552 2631 5607 in
2667 5555 2853 5609 codice
2887 5572 2986 5613 ms.
3023 5552 3309 5627 Sangerm.
3361 5569 3413 5611 et
3472 5572 3581 5612 uno

2028 5636 2039 5655 θ
2058 5629 2342 5674 brotreHSI.

2028 5622 2342 5676 Shroireusi.

2082 5691 2191 5813 (25)
2220 5691 2428 5757 flerunt,
2465 5693 2614 5747 deest
2658 5694 2711 5749 itt
2754 5693 2909 5752 libris
2942 5696 3127 5765 editis,
3164 5697 3263 5756 sed
3292 5706 3475 5755 exstat
3516 5696 3609 5755 in-

2082 5761 2189 5813 :ice
2225 5778 2325 5813 ms.
2360 5762 2611 5813 Santram.

2006 5761 2189 5816 codice
2225 5778 2325 5819 ius.
2360 5762 2611 5835 Saugcm.
