4104 6226
498 254 605 316 837

1945 255 2268 311 ORIGENIS

3743 251 3860 309 838

502 380 683 432 minus
722 382 905 432 noster
932 372 1088 430 Jestts
1126 393 1247 431 cum
1288 392 1383 430 suo
1420 377 1685 443 exercitu,
1716 389 1771 431 et
1801 377 2086 447 tnagistra-
2115 381 2161 436 Α
2196 390 2293 445 per
2315 374 2592 443 speculum
2625 382 2679 429 et
2711 374 2764 428 in
2800 374 3085 443 aenigmate
3114 373 3293 444 aliqua
3328 387 3397 427 ex
3445 383 3651 442 parte
3705 388 3855 425 con-

500 468 668 531 tibus,
699 468 751 521 id
776 478 861 521 est
885 466 1219 521 credentium
1260 469 1487 536 pupulis.
1522 478 1686 537 atque
1713 483 1897 522 eorum
1927 468 2081 521 duci~

498 562 600 613 bus
628 568 817 611 contra
846 557 1119 611 diabolum
1150 566 1204 611 et
1231 558 1347 626 ejus
1379 559 1602 626 angelus
1629 560 1923 628 pra-liatur.
1966 560 2083 629 lpse

492 648 640 703 enim
682 653 785 711 εει,
819 648 907 715 qui
944 649 995 700 in
1038 646 1206 701 Paulo
1254 659 1308 701 et
1361 649 1411 701 in
1460 649 1709 717 Ephesiis
1751 661 1953 718 pugnat
1981 653 2077 702 ad-

492 748 688 791 versus
719 735 1052 805 principatus
1075 746 1127 789 et
1159 746 1461 805 potestates
1490 748 1541 790 et
1563 748 1799 792 rectores
1826 738 2077 791 tenebra-

501 844 614 882 rum
664 829 878 895 harum,
927 829 1187 882 adversus
1235 828 1496 897 spiritalia
1548 830 1799 897 nequitia:
1833 831 1884 883 in
1918 830 2078 885 cmle-

499 922 667 975 stibus
685 920 750 973 “.
774 920 837 974 Et
866 921 1005 984 vide,
1030 921 1239 990 ingrate
1266 920 1539 981 lia-retice,
1561 921 1831 989 quomodo
1847 938 1913 976 ex
1936 922 2074 976 inte~

490 1022 590 1082 gro
636 1012 907 1067 veteribus
953 1027 1088 1066 nova
1132 1012 1486 1066 cencordant.
1543 1011 1878 1067 Promissum
1914 1027 1997 1069 est
2032 1017 2071 1046 "

489 1102 764 1157 veteribus
801 1118 1022 1171 regnum
1060 1114 1217 1157 terra:
1251 1114 1477 1169 sanctae,
1520 1113 1678 1157 terra:
1726 1102 1944 1160 ﬂuentis
1990 1106 2071 1161 lac

486 1206 541 1250 ct
591 1196 714 1259 tnel,
748 1210 867 1263 qua:
902 1204 1043 1249 terra
1086 1207 1210 1251 tunc
1235 1213 1262 1250 a
1313 1196 1689 1265 peccatoribus
1721 1208 1775 1251 et
1820 1201 2073 1268 pessimis

492 1290 681 1343 incolis
705 1305 766 1342 ac
803 1292 1021 1358 regibus
1046 1294 1349 1345 tenebatur.
1385 1291 1541 1345 Venit
1567 1291 1619 1344 itt
1651 1292 1811 1346 istam
1870 1303 2069 1348 terram

487 1372 645 1433 Jesus
674 1397 796 1434 cum
832 1384 1071 1436 eXttt'Clllt
1110 1382 1341 1446 Domini,
1375 1391 1428 1436 et
1461 1383 1779 1439 lsraeliticis
1815 1384 2065 1445 ducibus.

487 1481 755 1537 extinguat
782 1487 990 1534 omnes,
1036 1473 1317 1535 interimit,
1352 1476 1581 1538 obtinet,
1606 1486 1659 1529 et
1715 1477 1784 1529 ob
1829 1477 2068 1530 victoria:

486 1561 738 1613 meritum
788 1562 983 1627 accipit
1020 1577 1208 1615 eorum
1245 1580 1406 1633 regna
1446 1580 1582 1633 quos
1610 1566 1759 1622 vicit.
1800 1566 1920 1619 Tibi
1973 1583 2069 1635 per

486 1651 771 1719 Evangelia
807 1669 910 1704 non
955 1654 1340 1722 promittuntur
1390 1671 1549 1723 regna
1588 1668 1745 1709 terrae
1778 1657 1914 1725 (2(5),
1969 1658 2063 1711 sed

2190 466 2327 522 tueri
2360 480 2415 521 et
2451 467 2720 535 inspicere
2772 469 2993 536 tiguras,
3045 466 3257 532 plenius
3303 465 3476 519 nobis
3526 479 3850 527 reserare,

2185 569 2238 612 et
2279 558 2577 625 perfectius
2606 556 2928 628 dignaretur
2954 559 3170 627 aperire
3201 572 3214 609 :
3245 556 3477 609 videres
3516 557 3852 623 quomodo

2185 653 2343 707 nobis
2380 652 2717 707 claresceret
2761 650 2917 717 cujus
2949 650 3289 717 potissimmn
3321 666 3392 702 ex
3427 648 3849 717 spiritalibus

2185 744 2454 810 hostibus,
2494 744 2559 797 iis
2593 742 2684 811 qui
2720 756 2865 795 nunc
2895 741 3208 808 impngnant
3240 740 3405 792 Israel
3437 740 3835 808 spiritalem,

2184 838 2409 903 tiguram
2452 833 2628 887 tenuit
2676 833 2781 888 iste
2816 832 3066 901 princeps
3092 833 3156 883 de
3194 829 3442 899 Mageda,
3496 843 3566 885 et
3615 832 3720 887 ille
3759 833 3832 887 de

2181 925 2398 991 Lachis,
2436 936 2491 979 et
2526 924 2612 979 ille
2660 926 2727 978 de
2760 923 2938 979 Lebua
2980 943 2991 976 :
3041 934 3135 974 aut
3171 923 3327 991 cujus
3366 924 3527 976 intra
3598 935 3822 977 temet-

2178 1018 2353 1087 ipsum
2387 1018 2524 1081 vitii,
2565 1017 2649 1072 vel
2697 1016 2902 1070 erroris
2941 1016 3139 1084 quibus
3189 1015 3372 1066 anima
3410 1016 3809 1083 implicmur,

2174 1109 2406 1161 formam
2441 1115 2629 1162 tenent
2663 1107 2861 1177 singuli
2914 1106 3116 1175 quique
3174 1106 3371 1159 horum
3403 1146 3419 1165 ,
3465 1121 3625 1173 quos
3658 1105 3801 1159 Iesu

2173 1200 2312 1254 duce
2353 1199 2628 1254 interfecit
2663 1198 2902 1268 populus
2935 1197 3168 1261 Domini,
3210 1197 3242 1250 ii
3270 1197 3518 1250 videlicet
3546 1198 3661 1265 qui
3684 1214 3796 1249 au-

2172 1292 2332 1346 diunt
2366 1292 2621 1345 mandata
2652 1291 2793 1360 ejus,
2820 1301 2874 1345 et
2904 1298 3169 1359 przecepta
3201 1288 3524 1351 custodiunt,
3550 1291 3781 1355 quibus

2173 1383 2285 1451 ipse
2324 1382 2513 1435 tribuit
2555 1380 2868 1436 facultatem
2900 1380 3147 1435 catcandi
3182 1395 3336 1447 super
3357 1390 3648 1447 serpentes
3690 1387 3764 1433 et

2170 1474 2509 1543 scorpiones,
2558 1484 2615 1528 et
2666 1489 2830 1543 super
2885 1486 3101 1527 omnem
3151 1482 3448 1540 potestatem
3485 1471 3732 1525 inimici.

2167 1566 2397 1622 Oremus
2427 1582 2561 1635 ergo
2589 1577 2648 1620 ut
2677 1576 2733 1621 et
2768 1566 2936 1621 nostri
2972 1566 3136 1634 pedes
3168 1565 3303 1617 tales
3328 1565 3449 1627 sint,
3469 1574 3556 1616 tam
3576 1581 3717 1627 spe-

2167 1661 2323 1721 ciosi,
2358 1670 2465 1712 tam
2498 1658 2686 1722 validi,
2740 1657 2830 1726 qui
2880 1657 3087 1726 possint
3121 1655 3334 1710 calcare
3368 1656 3573 1707 cervices
3596 1653 3708 1707 ini-

487 1749 870 1813 promittuntur
916 1760 1076 1813 regna
1113 1744 1393 1798 caalorum.
1445 1746 1551 1798 Sed
1587 1748 1697 1800 haec
1745 1765 1907 1817 regna
1958 1764 2062 1804 non
2098 1745 2137 1799 Β
2170 1752 2456 1812 micorum,
2494 1750 2583 1818 qui
2614 1750 2828 1819 possint
2864 1749 2935 1803 ita
2981 1756 3143 1818 caput
3188 1747 3403 1800 calcare
3435 1750 3671 1815 serpentis
3695 1788 3712 1807 ,

484 1845 611 1887 sunt
657 1848 846 1901 vacua,
903 1850 1002 1889 nec
1057 1836 1259 1899 inania,
1298 1836 1499 1891 habent
1547 1839 1884 1895 habitatores
1937 1854 2063 1895 suos

482 1939 794 1997 peccatores
828 1940 881 1982 et
921 1944 1150 1997 nequam
1186 1930 1429 1997 spiritus.
1455 1937 1678 2000 angelos
1722 1932 1954 2002 refugas.
1985 1932 2059 1987 lbi

482 2021 723 2073 habitant
755 2021 853 2085 illi,
874 2023 1159 2074 adversum
1193 2038 1329 2089 quos
1361 2032 1411 2075 te
1434 2024 1730 2090 apostolica
1763 2040 2060 2093 persounns

482 2113 605 2163 tuba
639 2111 838 2165 l’aulns
876 2114 1193 2166 roliortatur
1225 2115 1290 2168 ad
1322 2115 1588 2184 praelium,
1618 2127 1671 2170 et
1699 2118 1839 2170 sicut
1874 2117 1944 2171 ibi
1973 2117 2059 2170 di-

476 2204 632 2255 rt:le
664 2202 773 2273 (‘27)
817 2202 994 2265 Jesus,
1034 2206 1156 2272 quia
1194 2206 1392 2260 bclltmt
1434 2209 1538 2261 erit
1582 2207 1737 2261 vobis
1772 2209 2055 2262 adversum

474 2294 819 2349 Amorrhmos
845 2304 900 2348 et
931 2294 1267 2362 Pherezaeos,
1306 2307 1359 2352 et
1395 2296 1605 2361 vaos,
1642 2310 1698 2353 et
1730 2297 2007 2355 Jebusaros
2038 2315 2054 2351 :

473 2385 727 2440 similiter
763 2386 855 2440 tibi
891 2386 1051 2439 etiam
1084 2389 1169 2442 hic
1187 2387 1385 2441 Paulus
1407 2388 1910 2454 denuntiatdiceus,
1938 2392 2054 2445 Non

473 2477 576 2528 erit
604 2476 752 2529 vobis
776 2492 951 2546 pugna
982 2479 1244 2533 adversus
1272 2493 1493 2533 carnem
1537 2489 1592 2533 et
1618 2480 1931 2547 sanguinem
1956 2481 2001 2511 “
2036 2522 2052 2546 ,

474 2567 527 2619 id
559 2578 641 2621 est
673 2586 776 2622 non
809 2570 888 2622 sic
926 2570 1284 2637 pugnabimus
1328 2571 1470 2625 sicut
1503 2581 1877 2641 pugnaverunt
1907 2573 2051 2626 anti-

471 2660 586 2726 qui,
622 2675 719 2713 nec
748 2660 798 2713 in
843 2661 1005 2715 terris
1045 2661 1199 2716 nobis
1233 2662 1494 2717 adversus
1524 2663 1771 2717 homines
1805 2664 2052 2719 habenda

472 2760 598 2803 stunt
648 2751 853 2819 pra-lia,
886 2752 978 2805 sed
1010 2752 1269 2807 adversus
1302 2754 1660 2823 principatus,
1702 2766 1757 2808 et
1790 2756 2053 2812 adversus

471 2852 790 2911 potestates,
828 2844 1091 2900 adversus
1124 2847 1307 2900 mundi
1336 2847 1495 2915 hujus
1527 2858 1773 2903 rectores
1798 2849 2053 2903 tenebra-

472 2946 611 2987 rum.
639 2933 757 2987 Jant
796 2936 981 3005 utique
1016 2936 1276 3008 intelligis
1305 2939 1356 2991 in
1388 2938 1587 3007 quibus
1633 2939 1765 2995 locis
1804 2940 2055 3010 hujusce-

471 3026 613 3080 modi
655 3027 763 3079 sint
794 3029 886 3080 tibi
928 3029 1189 3082 movenda
1224 3031 1548 3084 certamina.
1598 3032 1707 3085 Aut
1736 3034 1779 3085 si
1814 3034 1906 3087 tibi
1942 3048 2047 3089 non

2169 1853 2225 1895 ut
2282 1841 2598 1895 calcaneum
2656 1850 2897 1894 nostrqu
2947 1840 3196 1893 mordere
3256 1855 3363 1892 non
3405 1840 3589 1907 possit.
3628 1838 3727 1903 Qui

2165 1932 2313 1986 enim
2366 1940 2571 2000 pugnat
2615 1930 2717 1985 sub
2748 1929 2874 1985 Jcsu
2928 1934 3064 1985 duce
3120 1932 3406 1983 adversum
3441 1932 3742 1984 contrarias

2164 2034 2483 2094 potestates,
2526 2021 2687 2076 debet
2730 2021 2895 2076 etiam
2940 2021 3069 2075 illud
3116 2004 3441 2090 promereri,
3487 2020 3628 2089 quod
3678 2021 3747 2073 de

2167 2116 2440 2185 prioribus
2472 2113 2829 2169 bellatoribus
2861 2112 3123 2167 scribitur
3156 2127 3169 2165 :
3208 2131 3226 2163 ι
3262 2111 3328 2165 Et
3359 2127 3615 2165 reversus
3637 2120 3752 2174 est,

2161 2208 2337 2275 inquit
2362 2208 2431 2270 ⁸¹,
2465 2208 2753 2260 universus
2786 2208 3013 2274 p0pulns
3043 2205 3109 2258 ad
3161 2202 3346 2257 .lesum
3403 2204 3702 2258 incolumis
3733 2241 3753 2266 ,

2160 2311 2214 2354 et
2256 2314 2358 2353 non
2396 2297 2616 2351 tuutivit
2658 2297 2946 2365 quisquam
2999 2296 3064 2349 de
3107 2296 3233 2348 tiliis
3278 2294 3441 2349 Israel
3480 2298 3530 2347 in
3565 2296 3748 2364 lingua

2165 2408 2286 2447 sua.
2324 2411 2342 2443 ι
2382 2389 2546 2445 Vides
2581 2405 2710 2458 ergo
2741 2389 2868 2458 quia
2915 2388 3005 2457 qui
3042 2388 3143 2440 sub
3172 2386 3298 2441 .icsu
3335 2390 3554 2453 tnilitat,
3595 2391 3753 2443 inco-

2158 2483 2322 2537 lumis
2350 2481 2509 2535 debet
2545 2481 2724 2535 redire
2752 2481 2818 2534 de
2852 2480 3058 2549 prmlio,
3095 2494 3191 2533 nec
3223 2495 3451 2547 usquam
3482 2481 3641 2533 debet
3674 2497 3748 2535 ex

2150 2576 2347 2645 jaculis
2374 2574 2596 2644 maligni
2628 2574 2815 2642 ignitis
2839 2571 3034 2625 vulnus
3058 2572 3332 2641 accipere,
3358 2587 3463 2624 non
3496 2571 3547 2624 in
3570 2573 3751 2627 corde

2158 2666 2345 2737 pollui,
2379 2682 2483 2720 non
2514 2668 2566 2717 in
2604 2666 2937 2734 cogitatione
2965 2663 3258 2725 maculari,
3297 2678 3400 2715 non
3438 2677 3539 2731 per
3573 2663 3750 2727 iram,

2159 2775 2265 2813 non
2294 2774 2392 2827 per
2426 2757 2813 2825 cupiditatem,
2849 2772 2954 2809 non
2986 2769 3083 2822 per
3124 2753 3287 2808 aliam
3313 2753 3609 2822 quamlibet
3634 2769 3746 2808 oc-

2156 2851 2429 2905 casionem
2462 2849 2814 2903 daemoniacis
2857 2846 2969 2916 (30)
3020 2846 3338 2899 vulneribus
3372 2845 3550 2899 locum
3581 2847 3744 2900 dare.

2156 2942 2308 3007 Quod
2367 2951 2547 2995 autem
2600 2940 2808 2993 addidit
2840 2938 2976 3007 (5|),
3018 2938 3143 3007 quia
3197 2937 3374 2991 nullus
3420 2937 3635 2990 mutivit
3685 2939 3745 2991 in

2156 3030 2337 3101 lingua
2369 3046 2487 3094 sua,
2518 3030 2621 3085 hoc
2650 3030 2781 3083 mihi
2811 3030 3031 3084 videtur
3058 3029 3292 3095 ostendi,
3321 3030 3445 3098 quia
3474 3030 3538 3083 de
3562 3029 3746 3083 victo-

470 3119 665 3173 sullicit
696 3119 1021 3186 intellectus,
1052 3123 1153 3176 nisi
1182 3124 1344 3177 etiam
1375 3124 1489 3179 loca
1519 3126 1631 3195 ipsa
1675 3126 1787 3196 (‘28)
1817 3127 2049 3183 manife-
2078 3106 2123 3168 ο
2159 3124 2237 3177 I‘ia
2275 3138 2435 3177 nenlo
2488 3138 2549 3177 se
2574 3122 2806 3191 iaClaVil
2850 3122 2988 3191 (εἳ),
3033 3136 3194 3175 "Nilo
3231 3137 3345 3176 sua:
3392 3122 3578 3176 virtuti
3605 3123 3740 3191 quia

469 3221 549 3264 sta
580 3212 671 3266 tibi
714 3228 845 3269 voce
872 3217 1185 3284 signentur,
1211 3219 1339 3271 audi
1375 3219 1425 3271 iu
1468 3222 1931 3287 consequentibus
1957 3221 2001 3254 “
2031 3240 2044 3275 :

472 3320 491 3353 ι
530 3305 827 3359 Adversum
868 3308 1155 3375 spiritalia,
1188 3310 1362 3378 inquit
1393 3310 1526 3381 (29),
1568 3312 1900 3379 nequititein
1936 3328 2049 3368 cce-

467 3395 712 3451 icstibus.
759 3417 777 3450 ι
823 3398 1034 3453 Audisti
1074 3400 1164 3468 qui
1198 3401 1308 3453 sint
1343 3402 1443 3461 illi,
1474 3404 1564 3468 qui
1600 3403 1693 3455 tibi
1732 3403 1871 3457 bello
1911 3416 1965 3457 et
1998 3406 2043 3458 vi

465 3489 534 3541 de
558 3490 874 3543 cmlestibus
899 3491 1203 3558 espellcndi
1246 3502 1395 3557 sunt,
1432 3504 1487 3544 ut
1513 3503 1563 3544 tu
1597 3493 1773 3560 possis
1805 3494 1919 3547 loca
1957 3494 2047 3547 illa

464 3582 613 3648 regni
665 3582 923 3636 caelorum
972 3584 1299 3636 luereditatis
1328 3594 1473 3637 sorte
1503 3584 1807 3652 Suscipere.
1851 3585 1957 3638 Sed
1990 3596 2047 3638 et

466 3674 727 3728 Dominus
759 3675 811 3728 in
851 3676 1144 3745 Evangelia
1179 3692 1355 3730 nonne
1376 3675 1658 3729 evidenter
1692 3676 1805 3730 haec
1840 3677 2045 3731 indicat

462 3780 588 3819 cum
618 3766 747 3821 dicit
773 3767 817 3799 '°
850 3784 863 3820 :
895 3786 913 3820 ι
962 3768 1006 3821 Α
1047 3769 1236 3822 diebus
1258 3766 1483 3822 Joannis
1520 3782 1743 3837 regnum
1780 3768 2043 3824 cmlorum

462 3857 570 3909 vim
603 3859 827 3926 patitur,
847 3871 900 3914 et
929 3859 1034 3913 vim
1070 3860 1330 3913 facientes
1357 3861 1615 3925 diripiunt
1649 3862 1814 3917 illud?
1846 3884 1863 3913 ι

532 3948 586 4000 2.
625 3949 765 4015 Quid
815 3965 945 4020 ergo
974 3965 1183 4015 cessas,
1235 3965 1269 4003 ο
1300 3951 1571 4015 baeretice,
1606 3954 1770 4006 etiam
1816 3953 2044 4008 Domino

461 4050 517 4092 et
549 4040 818 4095 Salvatori
851 4052 1039 4095 nostro
1067 4040 1399 4095 calumniam
1446 4041 1647 4107 facere,
1673 4046 1765 4114 qui
1817 4061 2043 4113 regnum

460 4128 748 4192 cmlorum,
801 4130 942 4198 quod
975 4130 1318 4185 credentibus
1368 4132 1421 4185 itt
1457 4146 1516 4187 se
1551 4135 1907 4201 promiserat.
1949 4151 2075 4205 per.

461 4222 570 4274 vim
604 4221 763 4292 diripi
808 4220 1001 4289 jubet?
1034 4225 1099 4277 Et
1146 4224 1333 4293 utique
1379 4226 1422 4279 si
1461 4226 1766 4281 adhibenda
1801 4228 1882 4282 vis
1934 4238 2042 4292 est,

460 4320 669 4365 certum
708 4322 791 4368 est
822 4315 966 4385 quod
996 4316 1399 4385 possidentibus
1436 4318 1741 4373 adhibenda
1768 4328 1871 4372 est.
1923 4315 2041 4371 Vim

457 4404 604 4457 enim
655 4405 853 4472 facere,
912 4408 1014 4463 hoc
1044 4418 1129 4463 est
1170 4409 1443 4478 expellere
1496 4409 1882 4478 possidentem,
1915 4426 2041 4479 pos—

456 4496 869 4567 sessionemque
926 4499 1180 4568 diripere.
1255 4500 1426 4553 Dicite
1484 4516 1637 4569 ergo,
1699 4501 1825 4568 quid
1890 4500 2037 4554 aliud

455 4597 538 4641 est
600 4591 744 4657 quod
808 4591 1078 4645 accusatis
1145 4592 1339 4646 fecisse
1403 4591 1585 4645 Jesum
1663 4607 2034 4647 successorem

454 4678 670 4737 Musei?
702 4682 878 4752 Atque
936 4682 1142 4737 utinam
1211 4684 1356 4754 digni
1413 4698 1658 4738 essemus
1698 4685 1896 4752 quibus
1932 4686 2035 4740 Do-

455 4776 634 4830 minus
656 4774 814 4830 Jesus
842 4774 1121 4843 sapientiae
1147 4789 1258 4828 sua‘
1287 4777 1462 4827 aulam
1503 4777 1831 4843 putltlet'clcl
1862 4776 2033 4828 itttro-

453 4864 677 4920 duceret
712 4883 809 4923 nos
838 4866 976 4920 intra
1004 4868 1287 4923 thesauros
1316 4870 1559 4923 scientia:
1598 4886 1732 4930 sum,
1759 4880 1813 4921 et
1847 4883 1909 4921 ea
1965 4869 2029 4921 de

451 4954 615 5027 827
653 4959 849 5027 quibus
896 4974 1040 5013 nunc
1089 4960 1418 5028 pedetentim
1476 4975 1738 5015 conamur
1774 4968 2030 5027 tauquam

522 5050 572 5081 “
609 5050 809 5121 Ephes.
844 5067 913 5113 vt.
948 5052 1035 5108 12.
1113 5054 1157 5085 ⁸⁷
1186 5054 1357 5109 Levit.
1388 5071 1481 5108 xx.

454 5117 582 5174 Cor.
618 5117 705 5187 xv,
737 5122 824 5176 10.
901 5124 948 5155 ⁸³
979 5124 1113 5182 Luc.
1145 5139 1279 5182 xvn.
1327 5126 1416 5179 lt).

525 5212 848 5288 Codex
877 5214 1165 5288 Saugerm.
1212 5236 1232 5270 ι
1278 5228 1511 5273 terrena.
1551 5240 1569 5272 ι

526 5284 639 5357 (ῼῖ)
676 5286 841 5350 Idem,
883 5304 901 5336 ι
934 5284 1155 5343 θιέἰουι
1182 5305 1277 5357 per
1309 5290 1490 5342 tubam
1530 5291 1765 5343 dicebat.
1796 5308 1814 5341 ι

527 5354 641 5424 (‘28)
667 5357 815 5421 Ipsa,
851 5357 1002 5411 deest
1038 5358 1091 5412 in
1129 5354 1281 5413 libris
1307 5360 1486 5425 editis,
1516 5360 1608 5414 sed
1634 5368 1813 5414 exstat
1843 5359 1894 5412 iu
1930 5377 2031 5416 ms.

456 5418 745 5474 Satteerm-

501 5438 745 5488 augertu.

527 5491 869 5563 (29)lnquit,
918 5497 1072 5553 deest
1106 5499 1271 5554 etiam
1322 5499 1373 5552 in
1423 5497 1573 5553 libris
1612 5499 1795 5563 editis,
1847 5515 2033 5554 verum

453 5570 633 5639 exstat
668 5563 719 5615 in
747 5567 1163 5639 ιιιδ.μὸίιιιεει·ιιι.
1183 5568 1348 5623 Paulo
1372 5577 1495 5639 post
1516 5584 1705 5639 omnes
1730 5586 1861 5639 mss.
1890 5582 2035 5623 recte

458 5630 677 5709 habent,
716 5651 733 5683 ι
773 5633 913 5688 bello
936 5630 1071 5709 ιη’νὶ
1099 5641 1163 5695 de
1199 5630 1532 5697 cmlesiibus.
1572 5658 1590 5692 ι
1639 5637 1696 5696 lu
1722 5638 1851 5697 libb.
1878 5640 2037 5697 editis

455 5700 817 5772 desideratur,
852 5721 869 5756 ι
900 5706 972 5760 vi.
1010 5726 1027 5758 ι
1620 5710 1623 5713 ‘

1556 5054 1600 5085 ιε
1630 5052 1830 5122 Εριιεε.
1874 5068 1926 5107 νι
1990 5052 2078 5108 te.

2152 3214 2433 3281 superavit
2460 3213 2711 3281 ascripsit
2740 3212 2851 3283 (55)
2884 3227 2898 3264 :
2925 3214 3020 3266 sed
3050 3214 3285 3266 scientes
3307 3214 3432 3280 quia
3462 3212 3619 3265 Jesus
3644 3224 3741 3265 est

2152 3304 2243 3373 qui
2282 3303 2568 3356 victoriam
2603 3302 2811 3367 tribuit,
2848 3302 2946 3368 ipsi
2993 3302 3043 3354 in
3082 3300 3265 3371 lingua
3310 3317 3404 3353 sua
3447 3316 3550 3354 non
3611 3317 3738 3351 mu-

2156 3399 2317 3451 tiuut.
2363 3396 2514 3461 Quod
2556 3396 2692 3449 bene
2736 3394 3051 3461 intelligens
3081 3393 3369 3463 Apostolus
3408 3394 3736 3448 diccbat":

2156 3507 2173 3539 ι
2210 3488 2322 3540 Non
2352 3496 2530 3540 autem
2562 3502 2685 3555 ego,
2725 3486 2818 3540 sed
2858 3486 3031 3555 gratia
3066 3486 3194 3548 Dei,
3222 3502 3343 3554 qua:
3376 3486 3425 3537 in
3457 3502 3541 3539 me
3573 3497 3672 3539 est.
3709 3508 3731 3539 ο

2148 3580 2286 3633 Ριιιο
2336 3590 2516 3633 autem
2549 3578 2676 3647 quia
2716 3580 2783 3631 ad
2815 3578 2916 3631 hoc
2954 3578 3178 3645 respicit
3225 3586 3280 3631 et
3334 3577 3462 3631 illud
3511 3577 3732 3632 Domini

2148 3672 2463 3726 mandatum
2505 3670 2646 3739 quod
2677 3671 2753 3722 ait
2786 3670 2832 3700 ⁸³
2862 3692 2872 3723 :
2906 3688 2923 3720 ι
2961 3669 3094 3724 Cum
3127 3678 3307 3723 autem
3341 3670 3585 3725 feceritis
3611 3686 3736 3725 om-

2149 3766 2234 3817 nia
2273 3756 2406 3827 haec,
2457 3763 2624 3816 dicite
2655 3762 2780 3830 quia
2838 3762 2981 3815 servi
3043 3760 3261 3815 inutiles
3308 3779 3542 3817 sumus:
3579 3765 3732 3833 quod

2147 3855 2433 3908 debuimus
2469 3854 2671 3918 facere,
2705 3851 2949 3906 fecimus.
2986 3871 3004 3903 ι
3034 3850 3100 3905 Ει
3144 3852 3195 3906 in
3239 3853 3339 3907 hoc
3378 3854 3525 3906 enim
3560 3854 3729 3907 simili

2153 3948 2312 4000 modo
2352 3962 2532 4001 rerum
2566 3960 2827 4016 prospere
2856 3954 3131 4013 gestarum
3181 3945 3397 3999 videtur
3434 3945 3728 4013 prohibere

2141 4033 2481 4103 jactautiam.

2217 4128 2269 4181 ὖ.
2306 4128 2411 4181 Sed
2456 4126 2715 4193 Marcion,
2755 4139 2809 4180 et
2848 4125 3187 4189 Valentinus,
3211 4134 3264 4179 et
3302 4124 3591 4190 Basilides,
3617 4141 3723 4178 ra:-

2148 4219 2357 4287 terique
2406 4234 2529 4272 cum
2568 4219 2699 4287 ipsis
2738 4218 3001 4282 haeretici,
3036 4219 3162 4271 dum
3212 4217 3326 4271 haec
3353 4217 3543 4272 uolunt
3584 4218 3723 4271 sicut

2144 4321 2337 4365 Sancto
2360 4310 2563 4379 Spiritu
2592 4310 2811 4379 dignum
2836 4318 2917 4364 est
2946 4310 3271 4380 intelligere,
3303 4310 3723 4364 declinaverunt

2146 4419 2173 4455 a
2212 4402 2339 4464 tide,
2373 4411 2427 4455 et
2473 4402 2823 4455 inseruerunt
2856 4416 2913 4456 se
2956 4402 3331 4470 impietatibus
3364 4401 3549 4456 multis
3582 4402 3720 4471 (54),

2147 4494 2339 4555 alium,
2367 4493 2536 4547 Deutn
2569 4494 2725 4563 legis,
2761 4502 2817 4548 et
2852 4493 3037 4547 mundi
3068 4480 3459 4548 creatoremac
3483 4494 3719 4562 judicent

2144 4582 2505 4651 prolercntes,
2536 4586 2679 4638 velut
2714 4600 2808 4655 per
2844 4585 2958 4639 haec
3004 4601 3124 4654 qua:
3154 4587 3357 4655 scripta
3390 4596 3553 4649 sunt,
3598 4601 3725 4639 cru-

2144 4678 2419 4731 delitatem
2461 4679 2751 4745 quamdam
2783 4678 3102 4744 docentem,
3159 4679 3302 4745 quod
3354 4680 3567 4732 calcare
3628 4678 3721 4731 bo-

2145 4772 2312 4825 stium
2364 4772 2603 4826 cervices
2628 4771 2907 4838 jubentur,
2928 4782 3090 4840 atque
3125 4773 3177 4825 iu
3211 4772 3357 4841 ligno
3388 4772 3718 4838 suspendere

2146 4877 2301 4931 rcges
2342 4870 2500 4915 terra:
2542 4862 2705 4929 illius,
2740 4878 2902 4931 quam
2935 4862 3205 4917 violenter
3232 4864 3511 4917 invadunt.
3539 4864 3717 4931 Atque

2145 4958 2348 5011 utinam
2395 4957 2657 5011 Dominus
2692 4974 2843 5012 meus
2874 4958 3033 5013 Jesus
3070 4959 3240 5013 Filius
3287 4959 3377 5012 Dei
3416 4959 3545 5012 mihi
3574 4959 3713 5011 istud

2160 5054 2204 5085 δ’
2254 5055 2386 5110 ibid.
2499 5055 2543 5085 ⁵⁰
2576 5055 2765 5110 Matth.
2803 5072 2879 5121 si,
2924 5056 3005 5109 l2.
3111 5055 3153 5085 "
3200 5052 3312 5107 Jus.
3352 5071 3406 5115 χ,
3442 5053 3533 5108 21.
3612 5050 3711 5106 ⁸⁸1

2219 5219 2329 5291 (50)
2362 5219 2540 5274 Codex
2577 5218 2885 5287 Sangerm.,
2924 5238 2941 5271 ι
2975 5220 3308 5274 ιΙωιιιοιιίςίε.
3335 5240 3354 5272 ι

2208 5291 2317 5357 (51)
2348 5291 2512 5356 Iden),
2548 5309 2565 5341 t
2594 5292 2759 5343 addit.
2785 5310 2802 5340 ι

2208 5360 2317 5431 (3‘2)
2350 5362 2548 5415 Omnes
2583 5376 2738 5425 mss,
2780 5378 2798 5410 ι
2834 5359 3083 5429 jactavit.
3126 5380 3143 5412 ι
3184 5360 3337 5414 Libb.
3386 5360 3547 5422 editi,
3583 5359 3707 5429 «ja-

2135 5440 2567 5581 m‘li’iﬁipmnes
2612 5516 2785 5566 niss.,
2846 5518 2865 5552 ι
2912 5501 3186 5572 ascripsit.
3244 5518 3263 5552 ι
3320 5500 3479 5555 Libb.
3537 5496 3704 5567 editi,

2141 5588 2158 5621 t
2183 5572 2429 5625 ascribit.
2463 5590 2482 5621 ι

2206 5640 2317 5713 (34)
2348 5641 2532 5697 Codex
2562 5641 2874 5712 Sangcrnt.,
2918 5662 2936 5697 ι
2961 5642 3240 5700 doloribus
3273 5641 3473 5697 multis.
3506 5659 3523 5694 ι
