4104 6226
371 339 476 399 889

1335 340 1401 396 IN
1442 339 1702 397 LIBRUM
1744 342 1906 396 JESU
1953 340 2137 395 NAVE
2180 339 2461 395 IIOMIIJA
2498 337 2631 391 Xlll.

3538 333 3640 388 890

372 465 681 531 Concedat,
716 474 773 521 et
815 464 1006 535 jubeat
1041 478 1127 519 me
1183 464 1410 533 pedibus
1471 466 1607 518 meis
1639 465 1960 519 conculcare
1990 468 2033 523 Α
2065 462 2310 532 singulas
2350 474 2598 530 quasque
2640 457 2926 518 civitates,
2972 471 3116 509 tmnc
3165 456 3215 509 in
3269 455 3497 509 veritate
3545 468 3641 523 per

373 555 633 620 spiritum
684 556 1088 621 fornicationis,
1124 567 1179 609 et
1235 555 1452 610 calcare
1509 572 1675 625 super
1714 561 1958 610 cervices

374 645 604 711 Spiritus
640 645 936 700 iracundia:
962 656 1015 700 et
1044 645 1264 711 furoris,
1307 646 1524 700 calcare
1572 649 1818 700 avaritiae
1853 650 1959 702 da:-

375 751 614 799 tuunem,
641 738 857 791 calcare
899 738 1245 807 jactantiam,
1289 750 1579 793 conterere
1609 740 1833 807 pedibus
1863 755 1957 792 su-

374 828 577 895 perbiae
602 828 853 896 spiritum
885 848 897 882 :
932 840 987 884 et
1024 844 1147 884 cmn
1193 831 1306 884 tunc
1353 829 1554 895 fecero,
1597 831 1779 899 operis
1820 832 1954 899 gesti

374 936 665 984 summam,
699 937 808 975 non
854 922 1010 986 mihi,
1046 924 1140 977 sed
1183 928 1329 978 cruci
1370 922 1486 993 ejus
1517 924 1846 994 appendere,
1878 940 1958 978 se-

373 1011 561 1076 quenti
592 1007 819 1065 Paulum
867 1007 1138 1068 dicentem
1171 1014 1240 1076 5‘,
1271 1016 1396 1084 quia
1429 1030 1524 1082 per
1560 1016 1734 1083 ipsum
1775 1034 1792 1066 ι
1823 1015 1953 1068 mihi

374 1103 610 1157 mundus
646 1105 947 1159 crucifixus
984 1115 1099 1169 est,
1136 1124 1154 1157 ι
1205 1117 1259 1158 et
1292 1121 1354 1159 ea
1394 1122 1515 1174 qua:
1547 1106 1660 1172 jam
1705 1107 1956 1174 snperius

372 1197 796 1249 memoravimus
836 1197 979 1264 quod
1022 1198 1098 1249 ait
1121 1194 1165 1228 ⁵⁵
1193 1215 1205 1249 :
1237 1215 1255 1248 ι
1283 1196 1396 1250 Νοιι
1444 1208 1624 1252 autem
1669 1213 1770 1269 ego
1795 1238 1810 1261 ,
1859 1198 1953 1252 sed

370 1290 549 1355 gratia
581 1288 696 1353 Dei,
730 1304 851 1357 qua:
880 1291 932 1343 in
960 1304 1045 1342 me
1079 1298 1182 1345 cst.
1221 1308 1240 1342 ι
1274 1289 1428 1357 Quod
1458 1293 1501 1345 si
1532 1292 1603 1345 ita
1632 1292 1814 1346 facere
1844 1306 1956 1346 me-

371 1394 554 1445 ruero,
590 1380 781 1433 beatus
803 1393 919 1443 ero,
947 1389 1001 1433 et
1034 1380 1251 1435 dicetur
1274 1382 1439 1435 etiam
1467 1381 1623 1445 mihi,
1657 1380 1799 1451 quod
1824 1380 1956 1436 dicit

369 1471 609 1541 antiquis
628 1464 787 1527 Jesus
812 1468 858 1503 '°
887 1490 899 1525 :
938 1490 956 1522 ι
999 1470 1246 1527 Viriliter
1274 1474 1440 1543 agite.
1466 1482 1521 1527 et
1543 1472 1951 1537 confortamini,

370 1578 480 1617 non
517 1564 754 1619 timentis
779 1604 795 1629 ,
830 1580 930 1617 nec
965 1566 1262 1620 vereamini
1307 1582 1336 1618 a
1380 1564 1520 1619 facie
1552 1580 1739 1623 eorum
1765 1607 1781 1629 ,
1823 1568 1951 1635 quia

367 1654 631 1709 Dominus
658 1655 802 1710 Deus
832 1656 1054 1709 tradidit
1074 1656 1232 1711 vobis
1249 1673 1439 1712 omnes
1464 1657 1714 1711 inimicos
1741 1667 1952 1713 vestros

367 1748 422 1802 in
454 1761 665 1802 manus.
698 1764 717 1798 ι
752 1747 877 1802 llaec
909 1748 951 1802 si
986 1748 1307 1818 spiritaliter
1339 1750 1725 1820 intelligamus,
1762 1761 1817 1805 et
1848 1752 1950 1804 lm-

360 1837 667 1908 juscemodi
714 1838 856 1892 bella
883 1840 1202 1908 spiritaliter
1229 1856 1605 1911 procuremus,
1633 1854 1688 1896 et
1715 1843 1950 1912 expella-

371 1945 494 1982 mus
517 1928 697 1982 omnia
725 1930 811 1983 illa
835 1930 1098 2000 spiritalia
1128 1932 1387 2000 nequitiae
1427 1932 1491 1987 de
1522 1933 1854 1999 cmlestibus,
1879 1935 1951 1990 ita

368 2021 584 2074 denunn
609 2023 908 2089 poterimus
934 2023 1098 2077 etiam
1125 2023 1242 2078 loca
1274 2032 1328 2077 et
1357 2039 1520 2093 regna
1550 2025 1792 2093 ipsorum
1830 2041 1950 2095 qua:

366 2122 499 2167 sunt
524 2113 784 2169 ctelorum
820 2130 985 2185 regna
1034 2117 1149 2187 (55)
1180 2117 1249 2170 ab
1276 2100 1402 2171 Jesu
1436 2118 1768 2173 haereditatis
1801 2128 1949 2174 sorte

366 2203 673 2272 suscipere,
720 2213 1017 2270 prazstante
1068 2206 1303 2261 Domino
1341 2216 1398 2261 et
1445 2207 1731 2263 Salvalore
1760 2218 1949 2263 nostro

363 2288 495 2346 Jesu
527 2292 767 2356 Christo,
800 2293 889 2348 cui
940 2304 1024 2348 est
1070 2295 1246 2366 gloria
1292 2307 1347 2352 et
1389 2298 1679 2369 imperium
1727 2298 1841 2370 (56)
1890 2299 1946 2354 in

363 2383 562 2437 sazcula
598 2386 944 2440 saeculorum.
984 2386 1179 2441 Amen.

927 2495 1211 2552 HOMILIA
1250 2496 1387 2553 XIII.

362 2584 442 2640 De
472 2586 682 2655 Lacinia,
712 2598 764 2643 et
796 2588 995 2653 Lelma,
1035 2599 1082 2643 et
1110 2595 1174 2643 de
1204 2589 1441 2659 Chebron
1464 2588 1788 2655 civitatibus,
1814 2606 1945 2659 quas

772 2672 1017 2727 ceperunt
1055 2660 1165 2731 (57)
1197 2660 1302 2727 ﬁlii
1341 2658 1531 2713 Israel.

440 2750 492 2803 1.
525 2766 545 2800 ι
575 2748 699 2805 Haec
724 2752 930 2815 omnia,
960 2767 1083 2820 qua:
1113 2750 1416 2822 figuraliter
1460 2751 1782 2806 accidebant
1815 2750 1942 2817 illis,

370 2840 573 2909 scripta
603 2851 730 2896 sunt
756 2853 934 2897 autem
972 2853 1193 2912 propter
1226 2860 1323 2898 nos
1361 2844 1412 2898 in
1437 2858 1575 2912 quos
1610 2843 1745 2898 flues
1773 2858 1945 2898 sarcu-

361 2931 535 2986 lorum
573 2933 682 3004 (58)
716 2935 1051 2990 devenerunt
1075 2935 1141 2989 ⁵⁷.
1184 2955 1202 2987 ι
1235 2933 1369 2990 Cum
1402 2935 1530 3005 legit
1556 2937 1599 2989 is
1624 2936 1714 3005 qui
1748 2936 1800 2989 in
1826 2952 1944 2989 ma~

362 3026 562 3079 uil'esto
593 3023 809 3082 Judzens
848 3038 971 3093 est,
1025 3037 1081 3082 et
1136 3029 1227 3098 qui
1285 3028 1629 3084 manifestam
1683 3028 1846 3084 habet
1889 3031 1940 3085 in

2062 555 2308 623 singulas
2359 565 2605 621 quasque
2654 549 2862 603 animas
2898 547 3242 601 credentium
3273 547 3545 616 complet:
3580 553 3640 601 ut

2061 661 2181 713 qua:
2209 643 2377 714 428
2409 644 2825 711 possidebantur
2854 657 2882 694 a
2926 641 3082 693 malis
3118 650 3173 694 et
3207 640 3456 708 pessimis
3496 638 3640 707 regi-

2062 738 2160 790 lms
2203 737 2504 791 secundum
2547 735 2844 805 principem
2877 737 3021 789 aeris
3054 734 3241 787 mundi
3290 733 3469 801 lmjus.
3522 731 3636 797 spi-

2063 827 2197 879 ritus
2228 826 2319 893 qui
2363 842 2507 880 nunc
2548 836 2810 895 operatur
2860 827 2910 879 in
2971 825 3112 879 filios
3167 821 3492 885 diffidentia).
3547 836 3636 891 ex:

2060 916 2226 986 pulsis
2256 917 2320 970 iis
2351 928 2405 970 et
2443 918 2741 986 peremptis
2765 958 2779 979 ,
2814 916 2995 970 facere
3028 931 3119 969 eas
3145 915 3396 983 dignetur
3425 913 3635 966 habita-

2059 1012 2244 1060 culum
2284 1006 2378 1060 Dei
2407 1007 2521 1079 (59)
2553 1046 2570 1071 ,
2623 1016 2678 1062 et
2726 1008 2900 1062 sancti
2944 1007 3180 1073 Spiritus
3224 1005 3527 1074 templum:
3577 1013 3638 1057 ut

2060 1096 2302 1149 membra
2346 1111 2464 1163 qua:
2495 1098 2804 1151 servierant
2843 1094 2942 1148 sub
2982 1110 3111 1162 rege
3143 1094 3327 1161 iniquo
3366 1089 3637 1159 iniquitati

2058 1189 2123 1241 ad
2163 1188 2591 1252 immunditiam,
2617 1205 2759 1241 nune
2803 1187 3043 1241 serviant
3083 1184 3307 1251 justitiae
3337 1183 3402 1235 ad
3433 1182 3638 1236 sancti-

2057 1279 2389 1333 ficationem.
2434 1279 2525 1333 Sic.
2558 1295 2684 1348 ergo
2715 1279 2956 1346 intellige
2999 1278 3146 1345 quod
3178 1272 3455 1328 interfecit
3478 1270 3639 1327 Jesus

2059 1386 2237 1441 regem
2263 1368 2508 1436 Jericho,
2564 1382 2618 1425 ct
2675 1386 2856 1440 regem
2893 1369 3014 1430 llai,
3041 1378 3091 1420 et
3132 1380 3309 1436 regem
3341 1363 3546 1425 Lebna,
3582 1368 3640 1416 et

2059 1474 2238 1531 regem
2271 1462 2492 1527 Lachis,
2543 1473 2599 1517 et
2644 1478 2824 1532 regem
2859 1461 3135 1525 Chebron,
3179 1469 3238 1511 ut
3285 1458 3399 1510 ista:
3448 1468 3637 1509 omnes

2056 1553 2253 1607 animae
2298 1569 2422 1622 qua:
2456 1562 2581 1607 ante
2610 1553 2712 1607 sub
2752 1553 2965 1621 regibus
3011 1550 3262 1620 pessimis
3285 1547 3396 1619 (40)
3429 1546 3637 1617 peccati

2057 1642 2225 1713 legem
2259 1645 2543 1709 colebant,
2575 1662 2720 1700 nunc
2752 1646 2852 1699 sub
2887 1644 2976 1697 Dei
3011 1643 3220 1712 legibus
3250 1650 3435 1711 agant.

2125 1738 2161 1790 ἓ
2216 1738 2321 1791 Sed
2355 1747 2406 1791 et
2434 1739 2496 1792 de
2521 1738 2652 1807 ipsis
2682 1735 3222 1806 interpretationibus
3260 1735 3564 1793 nominum,
3590 1732 3635 1785 si

2054 1830 2327 1884 Clll'fOsitls
2373 1845 2437 1883 ac
2484 1829 2797 1898 diligentius
2842 1838 3280 1899 perscrntemur,
3327 1826 3638 1879 invenietur

2055 1920 2383 1990 significatio
2409 1919 2521 1991 (41)
2548 1922 2827 1974 nominum
2861 1937 3003 1975 nunc
3028 1921 3093 1973 ad
3130 1920 3255 1973 mali
3287 1919 3458 1988 regni,
3494 1933 3637 1972 nunc

2052 2014 2217 2066 etiam
2246 2012 2312 2064 ad
2342 2012 2471 2065 boni
2505 2011 2919 2080 intelligentiam
2946 2028 3101 2080 posse
3126 2010 3388 2065 conferri.
3418 2008 3483 2063 Ut
3505 2019 3635 2077 puta

2052 2103 2239 2158 Lehua
2266 2105 2465 2159 candor
2496 2104 2890 2173 interpretatur
2912 2103 3051 2172 (42).
3099 2102 3316 2156 Candor
3347 2110 3525 2152 autent
3556 2099 3635 2151 dio

2052 2211 2211 2252 verse
2259 2196 2605 2265 intelligitur.
2653 2195 2748 2249 Est
2784 2195 2929 2248 enim
2979 2196 3186 2247 candor
3223 2199 3414 2260 teprze,
3447 2200 3531 2245 est
3580 2200 3635 2245 et

2051 2289 2261 2342 candor
2281 2286 2437 2339 lucis.
2455 2285 2719 2340 Possibile
2740 2299 2870 2353 ergo
2896 2294 2980 2338 est
3006 2285 3170 2337 etiam
3197 2282 3432 2336 nominis
3468 2283 3637 2350 ipsius

2050 2379 2535 2449 interpretatimte,
2571 2378 2856 2445 utriusque
2905 2386 3079 2431 status
3130 2374 3465 2429 differentias
3496 2375 3636 2428 indi-

2048 2475 2184 2536 carl,
2228 2480 2285 2524 ut
2330 2472 2627 2525 candorem
2676 2468 2897 2537 quidem
2953 2467 3116 2535 leprte
3157 2466 3407 2521 habuerit
3449 2466 3633 2521 chna

2048 2563 2148 2617 sub
2187 2561 2404 2631 regibus
2434 2560 2590 2613 tnalis
2629 2580 2641 2614 :
2681 2575 2790 2629 quo
2841 2560 3120 2612 destructo
3177 2566 3339 2626 atque
3399 2571 3591 2610 everso
3615 2598 3631 2624 ,

2047 2669 2170 2707 cum
2206 2654 2274 2706 ad
2310 2651 2671 2707 lsraeliticum
2702 2665 2925 2718 regnmu
2957 2648 3203 2717 pervenit
3242 2647 3425 2701 Lebna
3451 2688 3464 2710 ,
3499 2662 3633 2700 can-

2047 2746 2236 2800 dorem
2273 2746 2408 2800 lucis
2442 2744 2741 2812 acceperit,
2776 2744 2903 2812 quia
2929 2744 3132 2796 candor
3164 2741 3216 2794 iu
3247 2740 3550 2809 Scripturis
3579 2749 3634 2793 et

2048 2838 2336 2894 laudabilis
2369 2848 2423 2893 et
2454 2836 2744 2906 culpabilis
2776 2836 3013 2903 ponitur.
3065 2834 3131 2888 Et
3176 2834 3369 2887 iterum
3436 2832 3635 2887 Laeliis

2048 2935 2438 3002 interpretatur
2475 2934 2577 2984 iter
2620 2928 2755 3002 (45).
2792 2931 2896 2983 lter
2929 2939 3112 2982 autem
3157 2936 3212 2982 et
3260 2925 3530 2980 laudabile
3576 2934 3632 2979 et

2046 3025 2317 3094 culpabile
2349 3026 2400 3078 in
2437 3022 2739 3091 Scripturis
2789 3020 3036 3074 habetur.
3089 3019 3241 3085 Quod
3279 3018 3492 3071 difficile
3524 3034 3629 3071 non

360 3132 533 3171 carne
563 3117 1063 3184 circumcisionem,
1100 3121 1347 3175 nesciens
1376 3121 1505 3189 quid
1534 3121 1602 3176 sit
1640 3121 1693 3174 in
1728 3121 1941 3176 occulto
1969 3139 2014 3201 α
2048 3128 2127 3173 est
2162 3115 2413 3185 probare,
2452 3115 2592 3169 sicut
2631 3114 2829 3168 dicitur
2865 3113 2919 3166 in
2973 3112 3205 3165 Psalmis
3245 3112 3290 3143 ⁸³
3321 3127 3334 3163 :
3374 3128 3390 3160 ι
3429 3111 3493 3163 Et
3530 3112 3631 3163 iter

361 3222 485 3261 esse
529 3207 770 3262 Judaeum
807 3211 862 3264 in
893 3208 1315 3264 circumcisione
1351 3211 1569 3274 cordis,
1622 3208 1754 3264 nihil
1795 3212 1940 3266 aliud

363 3306 518 3368 putat
549 3314 671 3354 esse
698 3300 798 3354 nisi
833 3300 971 3355 bella
997 3302 1294 3370 descripta,
1318 3311 1372 3356 et
1395 3301 1648 3356 interitus
1675 3301 1937 3363 hostium,

363 3397 418 3440 et
471 3390 743 3444 Israelitas
792 3391 931 3445 duce
976 3391 1107 3447 Jesu
1159 3394 1457 3458 vincentes,
1512 3403 1568 3448 et
1618 3392 1941 3461 diripientes

362 3480 607 3547 gentium
643 3497 827 3548 regna.
858 3484 958 3548 Qui
1003 3498 1132 3538 vero
1167 3484 1219 3537 in
1265 3484 1482 3538 occulto
1512 3482 1730 3537 Judams
1755 3494 1860 3545 est,
1888 3484 1940 3538 id

362 3577 447 3623 est
478 3567 839 3636 Christianus,
891 3572 981 3639 qui
1033 3570 1220 3628 Jesum
1270 3590 1374 3627 non
1423 3584 1528 3627 tam
1579 3574 1751 3627 filium
1792 3574 1941 3628 Nave

361 3676 524 3730 qttam
558 3660 758 3717 Filium
806 3663 897 3716 Dei
935 3666 1214 3732 sequitur,
1272 3664 1384 3718 hate
1446 3666 1625 3718 omnia
1683 3666 1939 3736 mysteria

354 3753 620 3823 intelligit
665 3769 785 3809 esse
835 3756 983 3825 regni
1027 3755 1312 3821 etelorum,
1349 3766 1401 3810 et
1441 3759 1568 3809 dicit
1607 3759 1733 3824 quia
1772 3757 1938 3809 etiam

364 3861 509 3900 nunc
567 3847 826 3902 Dominus
865 3864 1017 3902 meus
1045 3847 1203 3903 Jesus
1234 3849 1483 3904 Christus
1533 3849 1695 3903 bellat
1747 3851 1940 3904 adver-

358 3954 480 3993 sum
510 3939 743 4001 virtutes
774 3941 1106 4005 contrarias,
1139 3950 1194 3996 et
1223 3940 1371 4009 ejicit
1399 3957 1490 3995 eas
1533 3942 1599 3996 de
1627 3942 1940 3997 civitatibus

357 4044 498 4099 quas
535 4032 923 4099 possidebant,
965 4032 1016 4086 id
1055 4042 1139 4085 est
1172 4034 1239 4086 de
1272 4032 1555 4087 animabus
1593 4034 1831 4099 nostris;
1885 4044 1940 4087 et

360 4122 620 4177 interficit
654 4139 809 4194 reges
841 4123 932 4193 qui
970 4125 1271 4192 regnabant
1311 4125 1362 4177 in
1394 4124 1682 4179 animabus
1715 4127 1936 4189 nostris,

361 4229 429 4269 ne
466 4214 607 4268 ultra
638 4226 825 4284 regnet
853 4216 905 4268 in
931 4216 1087 4269 nobis
1118 4223 1403 4283 peccatum
1444 4233 1458 4269 :
1492 4225 1549 4268 nt
1576 4229 1935 4285 posteaquam

360 4304 701 4358 interemerit
740 4319 919 4373 regem
958 4305 1161 4373 peccati
1205 4307 1271 4359 de
1316 4305 1537 4359 civitate
1577 4308 1775 4360 anima:
1833 4324 1936 4361 no-

367 4406 517 4460 slra’,
552 4397 648 4449 fiat
680 4396 857 4449 anima
888 4406 1075 4449 nostra
1111 4397 1301 4451 civitas
1344 4395 1460 4458 Dei,
1496 4406 1758 4466 etreguet
1793 4400 1845 4452 in
1872 4416 1934 4453 ea

2048 3208 2340 3276 impiorum
2389 3206 2610 3273 peribit.
2645 3224 2662 3255 ι
2699 3204 2768 3256 Ει
2812 3204 2942 3257 alibi
2993 3202 3308 3256 econtrario
3342 3202 3387 3232 ⁸⁸
3419 3218 3433 3254 :
3471 3220 3487 3252 ι
3523 3199 3630 3253 lter

2047 3308 2255 3354 rectmn
2291 3297 2455 3350 facite
2485 3296 2710 3362 pedibus
2735 3295 2988 3349 vestris.»
3020 3293 3204 3347 Potest
3233 3307 3365 3359 ergo
3397 3290 3626 3358 intelligi

2044 3391 2213 3444 etiatn
2252 3390 2362 3451 hic,
2397 3388 2542 3456 quod
2572 3388 2673 3441 iter
2708 3387 2996 3454 impiorum
3038 3385 3201 3438 fuerit
3233 3386 3405 3453 primo
3430 3382 3627 3435 civitas

2045 3476 2243 3530 Lacbis
2278 3491 2291 3528 :
2337 3492 2447 3544 quo
2477 3478 2753 3528 destructo
2776 3484 2939 3543 atque
2963 3475 3245 3538 subverso,
3284 3471 3625 3540 postmodum

2045 3568 2306 3623 lsraelitis
2345 3568 2699 3635 regnantibus
2746 3565 2812 3619 ad
2862 3568 2962 3619 iter
2993 3571 3249 3633 perducta
3282 3565 3353 3619 sit
3390 3574 3621 3618 rectum.

2045 3660 2313 3715 Similiter
2350 3669 2529 3712 autem
2568 3666 2623 3710 et
2659 3656 2935 3719 Chebron,
2969 3672 3130 3724 quam
3163 3655 3509 3725 interpretari
3538 3655 3623 3709 di-

2042 3761 2173 3807 cunt
2197 3750 2621 3819 conjunctionem
2660 3748 2744 3801 vel
2793 3748 3097 3816 conjugiunt
3135 3746 3269 3817 (44).
3296 3746 3622 3812 Conjunctio

2042 3860 2173 3899 vero
2204 3843 2399 3897 anima:
2432 3853 2632 3894 nostrse
2708 3840 2811 3893 fuit
2852 3841 3028 3907 primo
3057 3855 3179 3893 eum
3217 3841 3357 3891 tnalo
3400 3840 3535 3899 viro,
3568 3844 3623 3889 et.

2043 3937 2243 3989 marito
2276 3934 2513 4003 pessimo
2544 3931 2762 3986 diabolo
2788 3949 2800 3985 :
2825 3946 2932 4000 quo
2951 3932 3228 3985 destructo
3250 3941 3303 3983 et
3325 3929 3619 3990 exstincto,

2041 4025 2269 4078 liberata
2324 4033 2409 4078 est
2460 4022 2639 4077 anima
2676 4022 2787 4093 (45)
2820 4039 2850 4073 a
2893 4021 3005 4091 lege
3054 4021 3253 4090 prioris
3295 4029 3349 4074 et
3398 4019 3615 4089 pessimi

2041 4119 2167 4178 viri,
2199 4126 2253 4171 et
2282 4115 2574 4185 conjuncta
2608 4126 2690 4170 est
2716 4115 2832 4180 vim
2862 4115 3001 4169 bono
3033 4125 3088 4168 et
3124 4115 3384 4183 legitimo,
3414 4112 3514 4176 illi,
3547 4113 3615 4165 de

2041 4226 2147 4279 quo
2195 4209 2329 4263 dicit
2372 4208 2651 4277 apostolus
2685 4206 2885 4262 Paulus
2909 4207 2952 4238 "
2984 4224 2997 4259 :
3035 4226 3052 4257 ι
3092 4205 3267 4260 Statui
3305 4215 3486 4258 autem
3521 4221 3619 4259 vos

2043 4303 2132 4355 uui
2170 4304 2285 4355 viro
2330 4301 2597 4369 virginem
2633 4308 2841 4353 castam
2894 4298 3155 4351 exhibere
3186 4296 3425 4350 Christo.
3466 4316 3485 4347 ι
3525 4295 3619 4351 Sic

2042 4409 2171 4463 ergo
2217 4393 2381 4446 etiam
2442 4392 2716 4445 nominum
2756 4392 2996 4459 ipsorum
3036 4389 3387 4457 intelligentia
3423 4390 3487 4442 ad
3520 4406 3616 4458 ge-

359 4488 525 4552 Deus,
550 4497 603 4541 et
629 4489 842 4542 dicatur
868 4488 934 4542 ad
964 4505 1065 4544 nos
1090 4489 1135 4520 ³³
1161 4530 1176 4553 ,
1213 4490 1338 4558 quia
1388 4508 1406 4539 ι
1431 4504 1558 4545 ecce
1588 4507 1811 4561 regnum
1842 4495 1933 4549 Dei
1973 4478 2015 4533 1)
2044 4486 2247 4539 minum
2301 4486 2445 4538 hunc
2476 4484 2902 4553 uniuscujusque
2936 4483 3175 4537 civitatis
3208 4493 3470 4537 consonat
3501 4492 3616 4535 sta-

360 4580 497 4632 intra
536 4594 629 4634 vos
658 4590 760 4634 est.
796 4600 815 4633 ι
853 4579 948 4635 Est
968 4596 1097 4651 ergo
1130 4597 1264 4650 opus
1287 4596 1510 4636 summa:
1542 4583 1935 4639 misericordia:

359 4670 462 4723 hoc
490 4671 631 4738 quod
675 4671 912 4727 haeretici
956 4673 1297 4728 crudelitatis
1348 4684 1629 4737 accusant,
1654 4677 1799 4744 quod
1832 4677 1932 4731 Do-

357 4764 537 4818 minus
581 4762 739 4819 Jesus
785 4766 1168 4821 adumbratam
1218 4767 1371 4836 prius
1416 4781 1446 4820 a
1490 4766 1600 4822 filio
1647 4767 1795 4823 Nave
1833 4784 1932 4839 per

425 4877 472 4949 ff
492 4876 610 4931 Gal.
643 4893 713 4940 vt,
745 4879 833 4937 14.
941 4881 1170 4936 "lCor.
1208 4898 1306 4949 xv,
1343 4883 1429 4936 10.

352 4947 399 4979 ⁸⁸
431 4947 593 5003 flebr.
617 4964 713 5011 xu,
746 4950 832 5003 15.
907 4952 949 4982 ⁶¹
982 4949 1019 5004 fl
1049 4952 1173 5007 Cor.
1209 4947 1365 5017 “,2.

425 5038 538 5111 (55)
569 5042 701 5107 Qua:
735 5055 854 5117 sunt
881 5048 1125 5100 rariorum
1171 5064 1352 5117 regna.
1396 5046 1521 5102 Haec
1550 5048 1746 5102 desunt
1781 5047 1833 5102 in
1867 5048 1930 5103 li-

350 5113 467 5184 bris
500 5121 666 5184 antea
702 5116 882 5177 editis,
916 5118 1007 5169 sed
1040 5113 1293 5184 leguntur
1325 5120 1375 5170 in
1412 5118 1666 5171 omnibus
1692 5133 1828 5173 mss.

424 5182 538 5253 (56)
559 5181 721 5257 pnus
745 5187 913 5239 codex
941 5181 1156 5241 Ebroic.
1184 5196 1305 5256 post
1332 5206 1350 5239 ι
1380 5188 1669 5257 imperium
1699 5205 1716 5238 ι
1755 5189 1926 5253 addit,

355 5270 375 5302 ‹
404 5250 525 5305 eum
555 5250 759 5319 Spiritu
799 5268 1010 5310 sancto.
1039 5275 1057 5309 ι

422 5321 536 5390 (57)
567 5324 748 5377 Codex
785 5323 1070 5396 Sangerm.
1101 5365 1116 5390 ,
1160 5346 1179 5378 ι
1209 5337 1491 5397 ceperunt.
1521 5345 1540 5379 ι
1584 5326 1738 5382 Libb.
1768 5327 1925 5394 editi,

352 5409 372 5444 ς
405 5402 790 5459 receperunt.)

422 5461 536 5530 (58)
568 5462 708 5515 Idem
740 5479 867 5529 ms.,
904 5482 923 5515 ι
949 5466 1155 5525 saeculi.
1180 5484 1198 5518 ι

425 5532 535 5602 (55)
562 5532 762 5602 anes
784 5550 937 5597 mss.,
977 5555 995 5586 ι
1023 5537 1133 5591 Dei.
1162 5556 1181 5588 ι
1217 5536 1369 5591 Libh.
1404 5537 1556 5602 editi,
1582 5556 1601 5588 ι
1629 5538 1769 5591 fidei.
1798 5558 1816 5591 ι

425 5601 535 5672 (10)
574 5600 725 5656 Unus
776 5603 1157 5675 Ebroicensis,
1196 5627 1213 5657 ι
1248 5617 1305 5659 ιιι
1330 5606 1416 5659 isti
1448 5600 1637 5662 onmes
1667 5609 1755 5675 qui
1795 5617 1920 5660 ante

347 5668 528 5750 .lcs‘uui
557 5682 611 5750 et
647 5687 830 5744 regem
863 5674 961 5731 Gai
1019 5686 1074 5733 et
1123 5668 1302 5748 regem
1348 5675 1529 5733 Lebna
1567 5668 1920 5749 sub'rcgibus

349 5753 620 5805 pessmus.
644 5761 662 5794 ι

1417 5932 1441 5953 α

1542 4883 1589 4914 ⁵⁸
1622 4881 1734 4939 Jos.
1772 4899 1828 4951 κ,
1861 4884 1953 4940 25.

2045 4588 2175 4631 111111.

2112 4681 2167 4737 5.
2197 4682 2308 4754 Ego
2340 4693 2468 4754 puto
2499 4683 2643 4753 quod
2702 4683 2781 4737 sic
2824 4682 3016 4738 melius
3065 4692 3149 4737 est
3202 4681 3424 4752 intelligi
3478 4679 3613 4733 bella

2040 4771 2359 4838 lsraelitica,
2394 4783 2447 4827 et
2482 4774 2625 4842 quod
2659 4774 2740 4827 sic
2774 4773 2966 4827 melius
2996 4773 3230 4841 przeliari
3275 4771 3432 4826 Jesus
3459 4780 3617 4840 pute-

2034 4886 2079 4917 ⁵⁷
2128 4883 2144 4937 1
2190 4882 2322 4939 Cor.
2377 4898 2452 4949 ι,
2496 4889 2584 4942 ll.
2659 4889 2706 4921 ³⁸
2729 4886 2860 4940 Luc.
2889 4899 3023 4946 xvu,
3064 4884 3157 4938 21.
3237 4884 3283 4916 ⁸⁹
3310 4883 3451 4941 Psal.
3486 4900 3525 4953 ι,
3554 4886 3610 4940 6.

2107 5049 2219 5120 (ιι)
2249 5049 2432 5103 Codex
2458 5049 2767 5119 Sangerm.,
2787 5032 2815 5100 ἰ
2842 5048 3189 5118 significatio.
3220 5067 3239 5101 ι
3268 5048 3422 5104 Libb.
3455 5052 3606 5117 editi,

2037 5135 2060 5173 ι
2086 5120 2474 5181 significantia.
2500 5137 2519 5170 ι

2105 5177 2216 5261 (Ᾰῖ)
2254 5188 2429 5242 Lebua
2477 5191 2677 5242 candor
2722 5190 3115 5257 interpretatur.
3159 5192 3199 5245 Α
3241 5177 3333 5279 P5
3379 5191 3601 5245 «album

2031 5276 2216 5399 €513.53
2251 5327 2440 5382 an/tis
2468 5327 2843 5395 interpretatur
2866 5330 2983 5384 iter.
3008 5329 3089 5384 Ab
3114 5312 3205 5411 ηδ’
3240 5349 3259 5381 ι
3290 5331 3393 5386 iter
3416 5330 3596 5385 fecit.)

2105 5418 2216 5490 (Η)
2249 5419 2675 5490 Chebron,quam
2708 5419 3041 5482 interpretari
3065 5421 3599 5490 dicunt,conjunclie—

2036 5506 2149 5542 nem
2182 5489 2256 5543 vel
2292 5489 2616 5557 coniugium.
2650 5490 2732 5544 Ab
2773 5499 2893 5550 “inn
2923 5508 2940 5539 ι
2965 5491 3317 5558 ronjnnctus,
3356 5493 3598 5554 sociatus

2034 5569 2209 5699 ehi-lii)
2240 5628 2452 5690 Anima,
2491 5628 2643 5703 deest
2677 5628 2728 5683 in
2760 5628 2887 5687 libb.
2928 5630 3090 5687 editis
3115 5672 3130 5701 ,
3171 5633 3263 5689 sed
3310 5633 3506 5703 legitur
3533 5633 3589 5691 in

2026 5694 2124 5755 ms.
2163 5699 2645 5770 Sangerntanensi,
