4104 6226
457 299 557 356 89!
1925 297 2245 354 ORICENIS
3685 297 3821 356 893

461 429 572 482 tur,
603 426 655 471 et
691 418 972 472 destruere
1021 420 1203 485 urbes,
1241 434 1302 473 ac
1359 436 1520 491 regna
1574 423 1912 476 subvertere.
1949 421 2038 474 Sic
2071 427 2113 481 Λ
2145 429 2318 474 strum
2345 459 2359 483 ,
2403 429 2456 472 et
2493 434 2675 472 nmrns
2731 419 2980 472 elati-mis
3023 429 3361 472 exstruxerat
3415 420 3557 488 (δὲ’)
3612 441 3629 472 :
3673 421 3815 474 lucc

464 511 609 563 enim
654 519 708 563 et
746 509 872 562 ilhul
902 509 1106 562 dietmn
1150 510 1459 580 religiosius
1491 521 1546 565 ct
1580 512 1899 566 clementius
1926 511 2039 583 (46)
2145 525 2327 565 sermo
2359 508 2452 562 Dei
2491 510 2757 562 subvertit
2817 519 2870 562 et
2925 510 3167 571 subruit,
3203 521 3257 561 ut
3295 511 3506 563 merito
3554 526 3813 564 secun—

464 602 771 670 apparebit,
803 603 946 669 quod
989 601 1190 653 dicitur
1224 603 1297 654 ita
1335 603 1665 657 subvertissc
1711 613 1763 658 et
1795 615 2039 657 vastasse
2141 604 2270 654 dum
2325 600 2637 668 Apostolum
2674 601 2719 631 “
2750 599 3043 653 ellicianmr
3081 619 3099 649 ι
3130 601 3221 654 Dei
3269 603 3525 666 cultura,
3570 612 3645 656 et
3690 601 3802 656 Dei

466 694 1618 761 singulasquastlueurbes,tttnihilineis
1644 696 2040 763 relinqueretur
2143 694 2472 753 a'dilieatio,
2530 709 2690 788 supra
2759 693 3167 745 l'ntidamcntum
3237 695 3658 762 aposmlorum
3735 703 3804 749 et

464 786 608 854 quod
643 789 897 854 spiraret,
953 801 1128 855 neque
1176 786 1264 854 qui
1303 789 1489 840 salvus
1534 787 1706 846 ﬁeret,
1745 802 1917 853 neque
1949 786 2038 854 qui
2145 785 2536 853 prophetarum
2584 783 2745 851 positi
2795 784 2861 834 ab
2905 783 3021 852 ipso
3056 784 3168 852 (55)
3223 800 3437 838 sununo
3474 786 3796 855 angulari

463 878 744 947 effugeret.
783 879 996 934 Utinam
1034 881 1178 932 enim
1221 879 1480 933 Dominus
1513 881 1576 933 de
1609 880 1892 932 animabus
1920 896 2040 934 cre-
2140 876 2307 948 429
2340 876 2517 944 lapide
2545 876 2767 929 Christo
2797 872 2947 940 Jesu,
2985 890 3050 929 ex
3072 890 3179 944 quo
3208 875 3469 945 junctura
3506 876 3790 930 aedilicii

463 970 721 1026 dentibus
747 972 877 1033 sibi,
909 982 962 1024 et
987 987 1122 1039 quas
1157 986 1252 1023 suo
1279 971 1514 1024 vindicat
1539 986 1727 1040 regno.
1751 971 1894 1024 etde
1923 988 2037 1025 mea
2142 978 2358 1022 crescat
2392 969 2442 1020 in
2487 967 2744 1034 templum
2774 967 2868 1021 Dei
2914 969 2966 1020 in
2991 970 3183 1038 Spiritu
3205 1009 3217 1031 ,
3255 987 3272 1020 ι
3308 978 3364 1021 et
3395 971 3467 1022 ita
3508 970 3785 1024 demum

463 1063 635 1128 ipsius
667 1063 846 1116 anima
882 1062 952 1114 ita
987 1062 1168 1128 cjiciat
1204 1070 1255 1115 et
1291 1062 1607 1131 exstinguat
1639 1064 1818 1116 omnia
1853 1064 2036 1132 priora
2141 1059 2276 1112 clliei
2319 1076 2633 1112 mereamur
2666 1060 2715 1111 in
2750 1059 3069 1114 haereditate
3092 1069 3247 1112 terra!
3270 1062 3552 1114 sanctmin
3587 1071 3779 1130 parte

463 1153 628 1211 mala.
653 1163 712 1206 ιιι
741 1151 919 1204 nullus
953 1152 1002 1204 in
1035 1167 1118 1205 me
1142 1153 1366 1206 malitia:
1393 1168 1592 1207 sensus
1619 1153 1754 1207 ultra
1785 1155 2036 1222 respiret,
2140 1151 2461 1216 Israelitica,
2496 1152 2783 1205 exstinctis
2833 1152 3088 1205 omnibus
3135 1163 3186 1204 et
3221 1154 3524 1220 peremptis
3556 1154 3776 1207 hosti--

465 1244 647 1296 nullus
683 1243 796 1305 iraa,
829 1242 1006 1296 nullus
1037 1245 1490 1313 concupiscentia:
1523 1245 1754 1314 alicuius
1786 1247 1940 1301 malm
1981 1246 2035 1300 in
2141 1242 2242 1295 bns
2273 1242 2471 1294 nostris
2508 1258 2522 1304 ς
2565 1242 2636 1293 ila
2673 1252 2730 1295 ιιι
2757 1258 2860 1296 ηοιι
2898 1242 3240 1310 relinquatur
3283 1257 3349 1295 εκ
3397 1245 3477 1296 εἷς
3509 1245 3608 1312 qui
3655 1259 3764 1296 rc-

461 1349 550 1386 me
593 1332 834 1386 salvetur
861 1332 1122 1398 allectus,
1181 1336 1362 1391 nullus
1415 1339 1655 1406 supersit
1691 1340 1783 1408 qui
1815 1339 2040 1407 ellugiat

461 1435 641 1474 sermo
686 1422 856 1477 malus
905 1423 973 1477 de
1022 1440 1117 1478 ore
1155 1441 1294 1480 meo.
1348 1426 1441 1480 Sic
1492 1429 1637 1481 enim
1687 1439 1876 1497 potero
1909 1428 2036 1482 Jesu

461 1517 598 1568 duce
631 1524 889 1584 purgatus
921 1518 990 1573 ab
1013 1520 1268 1572 omnibus
1301 1521 1574 1588 prioribus
1609 1521 1786 1588 malis,
1819 1523 1954 1575 ellici
1984 1523 2035 1575 in

459 1605 774 1660 civitatibus
838 1607 1072 1661 liliornm
1135 1609 1344 1675 Israel,
1398 1612 1464 1664 de
1521 1612 1716 1680 quibus
1776 1613 2036 1680 scriptum

457 1706 540 1748 est
562 1697 605 1727 “
635 1711 648 1748 :
688 1715 704 1746 ι
744 1696 1181 1752 ᾹΞιιίῐίοειὺιιιιιιιι*
1213 1701 1460 1754 civitates
1492 1700 1644 1755 Iuda:
1677 1700 1811 1772 (47),
1851 1714 1906 1756 et
1937 1704 2033 1756 ha-

458 1787 704 1840 bitahunt
736 1787 788 1841 in
818 1789 916 1841 eis.
960 1807 978 1840 ι
1027 1789 1237 1843 Etenim
1273 1806 1415 1844 nunc
1467 1792 1892 1862 uniuscujusque
1933 1809 2033 1846 no-
2068 1770 2108 1822 Β

468 1889 639 1930 suum
684 1879 794 1948 (48)
833 1883 1068 1934 animam
1099 1881 1259 1936 Jesus
1304 1885 1534 1938 destruit
1577 1895 1631 1939 et
1682 1887 1914 1940 :cdilicat
1945 1903 1959 1940 :
1986 1897 2041 1941 et

456 1970 597 2023 sicut
641 1972 954 2027 dicebamus
989 1985 1113 2028 tunc
1143 1992 1266 2030 cum
1307 1977 1600 2032 Jeremiam
1645 1980 2039 2034 dissereremus

454 2062 578 2128 quia
613 2063 722 2132 (l9)
753 2077 1036 2133 acceperat
1077 2070 1239 2121 verba
1278 2070 1330 2122 in
1372 2085 1434 2122 os
1487 2087 1642 2124 sumn
1676 2074 1872 2140 quibus
1909 2073 2039 2127 sub-

454 2163 692 2206 verteret
745 2165 799 2208 et
839 2159 1162 2219 :edilieat'cl,
1219 2161 1474 2216 evelleret
1506 2172 1558 2216 et
1607 2163 1920 2231 plantaret;
1962 2167 2032 2218 ita

455 2249 618 2298 etiam
674 2263 814 2301 nunc
848 2249 901 2300 in
935 2251 1017 2303 his
1046 2266 1162 2317 qua:
1201 2253 1462 2308 habemus
1493 2256 1544 2317 in
1588 2256 1838 2309 manibus
1877 2257 2034 2310 intel-

455 2339 724 2406 ligendum
761 2354 890 2408 puto
917 2383 932 2407 ,
987 2359 1091 2396 non
1124 2345 1419 2400 secundum
1453 2347 1761 2413 haereticos,
1810 2349 1890 2402 vel
1944 2364 2033 2402 se-

455 2431 688 2481 cundum
719 2429 971 2496 Iudaeos;
1010 2437 1104 2488 sed
1129 2435 1273 2488 sicut
1307 2437 1376 2491 ibi
1419 2440 1485 2492 ad
1509 2438 1801 2494 Jeremiam
1832 2441 2034 2495 dictum

453 2519 643 2572 e51“:
684 2540 700 2571 ι
740 2519 877 2576 Ecce
912 2526 1171 2579 constitui
1217 2539 1265 2580 te
1301 2529 1460 2583 hodie
1511 2544 1673 2597 super
1715 2542 1931 2599 gentes
1981 2541 2036 2586 et

456 2627 644 2681 regna,
678 2614 980 2678 eradicare,
1017 2627 1070 2670 et
1103 2619 1437 2682 subvertere,
1481 2631 1538 2675 et
1578 2623 1847 2690 perditum
1881 2624 2033 2689 dare,

455 2712 511 2755 et
545 2713 666 2770 post
699 2705 813 2760 haec
840 2709 1133 2774 mdilicare,
1169 2719 1221 2763 et
1255 2711 1544 2778 plantare;
1581 2731 1598 2762 ι
1637 2713 1710 2766 ita
1765 2722 1818 2767 et
1855 2715 1918 2767 de
1969 2715 2034 2769 iis

459 2809 580 2862 quae
613 2813 708 2864 per
737 2797 921 2852 Jesum
957 2803 1275 2855 Scribuntur
1312 2816 1461 2872 gesta
1521 2805 1854 2860 credendum
1904 2818 1987 2860 est
2018 2825 2032 2861 :

461 2887 566 2941 imo
616 2892 796 2956 potius
837 2893 903 2946 de
954 2893 1017 2947 iis
1057 2910 1177 2964 qua:
1227 2911 1322 2964 per
1357 2906 1598 2950 nostrum
1636 2897 1919 2952 Dominum
1948 2899 2037 2955 Je-

458 2995 578 3033 sum
605 2981 930 3038 etiamnunc
953 2999 1217 3051 geruntur
1245 2989 1294 3042 in
1322 2987 1494 3042 nobis.
1525 2987 1768 3042 Pritnum
1797 3006 2035 3062 namque

455 3083 592 3139 Opus
623 3070 781 3125 Verbi
819 3070 910 3125 Dei
944 3084 1022 3126 est
1053 3115 1068 3136 ,
1103 3076 1384 3131 eradicare
1441 3077 1801 3146 przecedentia
1845 3078 1984 3131 mala

454 3162 642 3232 spinas
669 3178 732 3217 ac
765 3165 992 3218 tribulos
1037 3167 1308 3220 vitiorum.
1347 3167 1483 3221 Dmn
1517 3168 1661 3222 enim
1717 3169 1832 3224 ista:
1878 3163 2033 3226 malae

457 3253 672 3314 radices
705 3267 1022 3323 occupatam
1052 3259 1298 3311 detinent
1331 3266 1529 3314 terram
1561 3299 1576 3322 ,
1609 3275 1714 3312 non
1744 3269 1922 3330 potest
1949 3277 2034 3317 se-

458 3343 603 3396 tnina
631 3343 767 3397 bona
797 3356 849 3398 et
881 3356 1070 3399 sancta
1097 3348 1392 3417 suscipere.

527 3431 580 3486 4.
625 3432 1005 3488 Necessarium
1039 3451 1170 3505 ergo
1201 3449 1255 3492 et
1285 3439 1514 3506 primum
1553 3440 1656 3493 hoc
1699 3457 1833 3510 opus
1873 3442 2030 3496 Verbi

457 3521 550 3577 Dei
581 3534 684 3588 est,
721 3526 958 3595 plantam
995 3528 1410 3599 (50)eradicare
1442 3533 1684 3600 peccati,
1733 3544 1787 3587 et
1818 3550 2032 3588 onmem

457 3617 696 3685 plantam
746 3634 904 3685 quant
956 3637 1058 3674 non
1106 3622 1365 3690 plantavit
1406 3622 1567 3677 Pater
1595 3625 1852 3688 caelestis,
1883 3626 2032 3680 evel-

457 3706 599 3770 lere,
640 3709 854 3777 ignique
888 3728 1232 3766 consumere.
1285 3714 1518 3769 Secundi
1564 3715 1675 3783 jam
1728 3717 1910 3786 eperis
1951 3727 2036 3772 est

458 3798 722 3867 plantare.
764 3801 902 3868 Quid
939 3815 1021 3857 est
1061 3805 1200 3872 quod
1235 3805 1440 3874 plantat
1478 3807 1661 3861 Deus?
1694 3809 1909 3880 Moyses
1957 3810 2036 3862 di-

457 3891 552 3955 cit,
601 3893 728 3962 quia
778 3897 1092 3962 paradisum
1144 3897 1407 3966 plantavit
1440 3898 1602 3953 Deus.
1639 3900 1744 3952 Sed
1790 3910 1840 3953 et
1894 3917 2035 3955 nttuc

458 3983 667 4051 plantat
706 3984 846 4038 Deus
877 3985 988 4056 (51)
1017 4003 1030 4050 ;
1058 3996 1112 4040 et
1145 3989 1386 4055 quotidie
1415 3988 1626 4056 plantat
1663 3991 1713 4042 in
1748 3993 2036 4046 animabus

458 4076 819 4128 credentium.
873 4074 930 4128 ln
986 4078 1168 4130 anima
1205 4077 1350 4146 enim
1386 4078 1450 4130 de
1483 4093 1587 4145 qua
1634 4081 1840 4135 excidit
1873 4083 2034 4146 iram,

459 4165 928 4220 mansuetudinem
967 4166 1207 4234 plantat;
1244 4144 1325 4221 et.
1345 4169 1413 4222 de
1447 4183 1552 4236 qua
1599 4172 1803 4224 excidit
1849 4189 2037 4240 super-

458 4255 626 4317 biam,
660 4253 873 4321 plantat
898 4256 1300 4324 humilitatem;
1326 4261 1467 4316 etde
1489 4277 1592 4331 qua
1618 4264 1861 4317 eradicat
1887 4264 2039 4319 lasci-

457 4345 623 4409 viam,
659 4347 969 4414 pudicitiam
1003 4350 1250 4418 plantat;
1286 4353 1427 4408 etde
1457 4368 1562 4422 qua
1591 4356 1856 4423 exstirpat
1888 4357 2038 4426 igno-

2015 3117 2104 3173 Ὀ

2139 1333 2316 1400 spirct
2348 1333 2400 1386 in
2437 1333 2614 1396 nobis,
2644 1333 2738 1386 sed
2767 1333 2914 1386 solus
2947 1334 2999 1386 in
3037 1333 3191 1387 nobis
3229 1335 3456 1400 respiret
3481 1335 3753 1403 Spiritus

2142 1425 2348 1479 Christi
2375 1439 2472 1494 per
2496 1440 2615 1490 ora,
2651 1434 2706 1478 et
2737 1441 3042 1492 sermones,
3071 1426 3549 1494 etintelligentiam
3588 1428 3736 1494 spi-

2143 1515 2386 1582 ritalem,
2422 1516 2719 1570 secundum
2759 1515 3062 1569 doctrinam
3097 1512 3225 1569 Jesu
3265 1516 3443 1569 Christi
3479 1515 3718 1571 Domini

2141 1607 2342 1671 nostri,
2377 1608 2463 1660 cui
2496 1616 2576 1660 est
2617 1605 2730 1679 (55)
2761 1608 2933 1660 virtus
2958 1615 3008 1660 et
3037 1617 3278 1675 potestas
3302 1609 3353 1659 in
3384 1607 3555 1659 szecula
3577 1621 3695 1659 sre-

2139 1697 2404 1752 cnlorum.
2430 1697 2622 1750 Amen.

2698 1805 2972 1860 HOMILIA
3015 1807 3154 1861 XIV.

2144 1897 2218 1952 De
2235 1897 2396 1952 Jabin
2417 1915 2534 1968 rege
2557 1897 2711 1970 Aspar.
2739 1909 2789 1950 et
2813 1899 3106 1970 decertari:
3139 1901 3367 1970 reqibus,
3391 1900 3481 1970 qui
3502 1916 3700 1968 congre-

2525 1969 2635 2037 gati
2669 1978 2788 2019 sunt
2827 1969 3102 2021 adversum
3142 1968 3334 2023 Israel.

2215 2060 2265 2112 l.
2305 2060 2412 2112 llas
2444 2060 2657 2113 easdem
2685 2057 3001 2126 Scripturas
3026 2070 3151 2115 ante
3182 2061 3476 2115 adventum
3501 2063 3719 2131 quidem

2142 2150 2355 2203 Domini
2406 2149 2577 2203 nostri
2628 2147 2752 2203 Jesu
2782 2151 2983 2204 Christi
3015 2167 3136 2204 cum
3169 2151 3376 2220 legeret
3419 2152 3593 2208 Israel
3629 2153 3724 2208 ille

2140 2245 2231 2310 qui
2259 2243 2559 2296 secundum
2587 2258 2807 2296 carnem
2827 2251 2926 2305 est,
2955 2243 3088 2297 nihil
3115 2243 3263 2296 aliud
3288 2244 3340 2298 in
3366 2245 3431 2298 iis
3455 2245 3559 2299 nisi
3579 2246 3724 2300 bella

2138 2345 2191 2388 et
2225 2333 2543 2389 cll'usionetn
2577 2336 2864 2406 sanguinis
2894 2333 3249 2404 intelligebat,
3285 2352 3352 2388 ex
3395 2351 3505 2404 quo
3553 2339 3726 2392 etiam

2138 2431 2203 2482 ad
2241 2429 2459 2482 nimiam
2491 2427 2828 2482 ferocitatem
2861 2429 3194 2483 acuebantur
3229 2431 3392 2482 animi
3425 2445 3635 2494 eorum,
3659 2439 3727 2486 et

2138 2535 2354 2587 semper
2389 2520 2546 2574 bellis
2590 2536 2655 2574 ac
2693 2521 3055 2574 seditionibus
3087 2521 3473 2589 pascebantur.
3520 2520 3720 2575 Postea

2139 2625 2269 2663 vero
2304 2625 2465 2678 quam
2495 2612 2783 2679 prmsentia
2831 2611 3040 2665 Domini
3085 2613 3187 2664 mei
3221 2609 3350 2666 Jesu
3381 2612 3584 2666 Christi
3615 2615 3724 2668 hu-

2142 2703 2320 2756 tnanis
2365 2703 2620 2756 cordibus
2665 2705 2931 2772 placidum
2985 2705 3228 2758 scientia:
3283 2705 3460 2758 lumen
3501 2705 3721 2769 inludit,

2137 2795 2335 2863 quippe
2361 2812 2480 2847 cum
2515 2797 2810 2848 secumlum
2848 2795 3162 2864 Apostolum
3199 2797 3243 2827 ⁸⁸
3289 2797 3400 2864 ips»
3425 2798 3496 2850 sit
3544 2815 3563 2847 ι
3612 2815 3722 2865 pax

2141 2897 2347 2952 nostra,
2385 2907 2402 2937 ι
2435 2904 2628 2956 pacem
2671 2903 2772 2942 nos
2823 2887 2982 2942 docet
3027 2903 3090 2940 ex
3126 2889 3240 2958 ipsa
3291 2888 3517 2942 lectione
3549 2889 3722 2943 bello—

2139 2994 2277 3031 rutn.
2311 2979 2415 3031 Pax
2447 2980 2590 3032 enirn
2627 2981 2868 3034 redditur
2903 2980 3117 3040 animae,
3151 2982 3194 3033 si
3225 2982 3292 3034 ab
3315 2998 3376 3035 ea
3407 2983 3588 3036 hostes
3630 2984 3718 3037 sui

2139 3077 2356 3135 peccata
2415 3084 2476 3122 ac
2528 3069 2655 3121 vitia
2708 3068 3102 3137 propellantur.
3149 3070 3213 3123 Et
3251 3071 3370 3125 ideo
3419 3078 3718 3125 secundum

2145 3164 2490 3217 traditionem
2545 3165 2755 3218 Domini
2809 3167 2979 3220 nostri
3031 3165 3158 3220 Jesu
3191 3169 3416 3231 Christi,
3465 3186 3584 3221 cum
3619 3186 3723 3225 nos

2139 3253 2369 3324 legimus
2394 3257 2517 3318 ista,
2545 3273 2821 3310 armantur
2844 3259 3058 3327 quidem
3085 3260 3246 3312 etiam
3271 3276 3390 3321 nos,
3413 3272 3460 3314 et
3483 3262 3720 3314 com-ita-

2138 3364 2261 3401 mur
2300 3349 2366 3400 ad
2404 3349 2674 3418 praelium,
2711 3349 2802 3402 sed
2835 3350 3100 3403 adversus
3138 3350 3255 3402 illos
3297 3352 3479 3402 hostes
3516 3352 3604 3416 qui
3649 3352 3720 3405 de

2138 3451 2327 3495 nostro
2351 3442 2513 3494 corde
2539 3442 2863 3510 procedunt,
2889 3443 3252 3510 cogitationes
3284 3442 3492 3496 scilicet
3520 3442 3714 3505 malm,

2139 3531 2306 3597 furta,
2334 3531 2470 3586 falsa
2505 3531 2834 3598 testimonia,
2863 3531 3251 3602 blasphemias,
3290 3542 3624 3601 ca‘terosque
3650 3535 3719 3602 iis

2139 3623 2348 3677 similes
2399 3622 2746 3675 adversarios
2790 3622 2984 3675 anima:
3032 3633 3270 3677 nostrae:
3302 3624 3366 3676 de
3406 3637 3511 3690 qua
3550 3599 3718 3674 CCII?!-

2141 3731 2282 3776 tnur,
2329 3713 2630 3766 secundum
2667 3715 2808 3780 quod
2841 3714 2953 3766 ha'c
2985 3715 3252 3781 scriptura
3303 3712 3491 3773 refert,
3518 3714 3558 3764 si
3597 3714 3714 3764 lieri

2137 3818 2336 3878 potest,
2370 3824 2474 3862 non
2523 3808 2831 3875 relinquere
2856 3809 3022 3861 ullum
3055 3809 3144 3877 qui
3173 3808 3352 3862 salvus
3384 3809 3496 3872 liat,
3543 3821 3716 3872 neque

2137 3905 2226 3971 qui
2257 3905 2509 3973 respiret.
2551 3904 2604 3958 Si
2626 3905 2768 3958 enim
2793 3903 2893 3957 hos
2925 3901 3105 3955 hostes
3134 3902 3550 3962 obtinuerimus,
3573 3916 3715 3952 com-

2139 4005 2389 4064 petenter
2424 3996 2796 4051 obtinebimus
2839 3995 3002 4047 etiam
3049 4007 3240 4045 aereas
3289 4002 3617 4060 potestates,
3658 3999 3711 4042 et

2141 4104 2306 4158 regno
2337 4105 2437 4143 suo
2470 4105 2585 4152 cas,
2625 4090 2766 4157 quod
2800 4087 2936 4139 intra
2968 4100 3064 4138 nos
3091 4099 3253 4151 supra
3280 4085 3529 4136 vitiormn
3559 4082 3711 4133 sedes

2140 4182 2564 4242 collocaverunt,
2597 4180 2945 4248 depcllemns.
2979 4176 3036 4229 In
3074 4175 3350 4244 prioribus
3389 4174 3713 4228 lectionibus

2146 4290 2237 4326 rex
2271 4273 2570 4328 Jerusalem
2622 4279 3050 4343 congregaverat
3099 4285 3281 4323 secum
3319 4269 3455 4321 alios
3481 4275 3713 4336 quatuor

2145 4379 2300 4434 reges
2331 4364 2619 4418 adversum
2666 4362 2850 4416 Jesum
2883 4371 2931 4413 et
2989 4360 3273 4412 adversum
3325 4357 3463 4410 ﬁlios
3517 4355 3709 4415 Israel,

462 4439 692 4491 rantiam
717 4479 732 4500 ,
770 4441 960 4495 inserit
995 4445 1303 4500 scientiam.
1352 4445 1467 4501 Non
1513 4448 1605 4501 tibi
1658 4448 1876 4501 videtur
1908 4451 2034 4503 talis
2072 4454 2111 4506 ι)
2147 4471 2289 4511 nunc
2326 4463 2505 4504 autem
2533 4453 2644 4519 jam
2682 4470 2784 4506 non
2830 4467 2966 4504 unus
3003 4462 3236 4519 quatuor
3266 4457 3580 4516 congregat,
3625 4453 3715 4497 aut

459 4544 579 4583 esse
628 4531 823 4585 debere
862 4535 1124 4601 plantatio
1161 4553 1321 4603 quam
1373 4539 1583 4608 plantat
1641 4539 1802 4603 Deus,
1863 4541 2034 4608 magis

454 4636 618 4689 quam
685 4627 1018 4680 sensibilium
1074 4638 1524 4699 terrenorumque
1573 4631 1893 4699 lignorum?
1942 4633 2037 4686 Est

458 4716 587 4768 i;em
625 4716 675 4768 in
731 4719 922 4786 primis
980 4736 1117 4788 opus
1176 4718 1334 4774 Verbi
1391 4721 1538 4784 Dei,
1585 4723 1868 4776 destruere
1908 4727 2037 4775 mdi-

461 4809 580 4860 livia
617 4809 919 4874 diabolica,
961 4829 1081 4878 qua:
1122 4812 1172 4864 in
1208 4812 1389 4864 anima
1415 4813 1726 4866 construxit
1774 4815 2034 4867 humana.

459 4903 550 4957 llle
613 4907 814 4960 etenim
864 4918 1043 4963 turres
1095 4908 1366 4977 superbia:
1419 4908 1472 4961 in
1529 4923 1856 4977 unoquoque
1936 4925 2036 4962 no-

532 5041 576 5073 “
601 5042 766 5098 Amos
795 5059 869 5111 ix,
903 5044 987 5100 l4.
1091 5047 1136 5079 “
1156 5045 1361 5101 Jerem.
1395 5063 1430 5109 I,
1461 5045 1547 5102 10.

553 5177 642 5254 Alﬁ)
674 5181 857 5254 _Codex
895 5183 1181 5254 Sangerm.
1223 5203 1243 5236 ι
1297 5186 1498 5241 rectius
1533 5193 1589 5240 et
1621 5184 1964 5241 clementius.
2015 5205 2034 5239 ι

554 5251 644 5318 47)
674 5251 844 5319 Idem,
877 5271 896 5305 ι
925 5251 1144 5309 Judaear.
1174 5274 1192 5306 ι

533 5319 646 5392 (48)
678 5322 848 5392 idem,
887 5341 906 5374 ι
932 5335 1194 5379 vestrum.
1223 5345 1240 5377 ι

536 5391 820 5460 (49⁷)1ιιειιι
869 5410 990 5448 cum
1017 5411 1122 5450 uno
1160 5397 1476 5452 Ebroiceusi
1512 5416 1524 5450 :
1561 5417 1578 5448 ι
1602 5398 1999 5453 dissereremus
2028 5436 2042 5462 ,

465 5463 653 5537 quiat}
685 5462 842 5537 _L_ibb.
871 5465 1024 5537 editi,
1057 5482 1076 5516 ι
1106 5467 1526 5531 disserebamus,
1560 5468 1674 5537 qui.
1702 5486 1722 5520 ι

684 5533 850 5603 idem,
888 5554 905 5584 ι
932 5534 1162 5603 plantas.
1189 5555 1206 5586 ι

541 5599 653 5669 (51)
679 5601 779 5654 Sed
814 5613 862 5656 et
895 5599 1031 5656 nuuc
1075 5605 1278 5667 plantat
1326 5607 1484 5660 Deus.
1517 5607 1641 5662 Ilaec
1673 5609 1860 5663 desunt
1895 5608 1948 5660 in
1981 5607 2044 5658 li-

471 5671 586 5749 bris
623 5670 802 5749 editis,
847 5673 940 5728 sed
987 5675 1240 5744 leguntur
1287 5677 1340 5732 in
1402 5679 1690 5747 Sangerm.
1725 5695 1824 5734 ms.
1859 5689 1909 5732 et
1940 5693 2043 5731 nuo

475 5738 818 5797 Ebroiceusi.

1622 5046 1668 5076 “
1701 5043 1867 5103 lCor.
1901 5062 1981 5112 ιιι,
2012 5047 2066 5113 9,
2094 5056 2148 5103 et
2173 5048 2368 5116 Ephes.
2397 5062 2458 5110 ιι,
2481 5045 2572 5100 20.

2145 4549 2403 4617 quinque,
2437 4548 2528 4600 sed
2562 4549 2680 4598 vide
2709 4560 2845 4597 unus
2876 4552 3132 4608 quantam
3167 4539 3566 4592 multitudinem
3591 4553 3716 4591 con-

2141 4649 2324 4708 gregat
2355 4656 2367 4691 :
2399 4656 2416 4687 ι
2449 4637 2518 4691 Ut
2539 4627 3229 4696 autemaudivit,inquit“,
3253 4628 3413 4684 Jabin
3435 4641 3530 4681 ται
3560 4628 3714 4689 Asor,

2145 4729 2294 4781 misit.
2327 4729 2393 4780 ad
2421 4725 2594 4779 .lohab
2624 4739 2803 4790 regem
2856 4721 3317 4781 Anmrrlueornm,
3353 4730 3409 4773 et
3441 4719 3506 4771 ad
3535 4733 3714 4785 regem

2115 4804 2402 4881 .Svmeon,
2429 4828 2483 4870 et
2514 4817 2578 4869 ad
2611 4831 2788 4883 regem
2825 4812 2912 4865 Zil
2937 4811 3070 4879 (55),
3095 4820 3148 4864 et
3175 4812 3239 4865 ad
3269 4827 3422 4880 reges
3445 4809 3536 4878 qui
3562 4816 3718 4861 erant

2142 4912 2286 4966 circa
2343 4910 2598 4965 Sidonem
2656 4923 2924 4976 magnam,
2986 4914 3040 4960 et
3093 4920 3192 4974 per
3245 4915 3527 4961 montana,
3577 4909 3630 4952 et
3661 4899 3716 4952 in

2649 5045 2694 5078 ⁵⁸
2733 5045 2933 5114 Ephes.
2973 5059 3031 5109 It,
3068 5044 3150 5098 ιι.
3229 5043 3273 5075 ⁶⁶
3314 5042 3431 5098 .Ios.
3463 5061 3536 5105 xt,
3569 5041 3713 5096 1-10.

2223 5185 2336 5257 (52)
2384 5184 2562 5238 Codex
2608 5181 2903 5257 _Sangerm.
2933 5220 2950 5246 ,
3016 5200 3036 5234 ι
3079 5188 3444 5236 exstruxerat.
3476 5200 3498 5230 δ
3559 5175 3714 5230 Libb.

2149 5252 2354 5329 edi'tiL'c
2375 5252 2665 5329 exstruxit.
2697 5270 2724 5329 t_
2756 5322 2768 5329 _
2834 5321 2848 5329 _
2899 5321 2910 5329 _
3115 5319 3137 5329 -
3163 5320 3233 5329 ,,.
3359 5317 3390 5329 ..
3426 5317 3436 5329 .
3649 5321 3655 5326 .

2221 5326 2332 5394 (ἥδ)
2374 5325 2537 5388 Idem,
2568 5341 2586 5374 ‹
2613 5322 2770 5394 positi
2801 5321 2870 5376 ab
2899 5321 3035 5391 ipso.
3062 5338 3083 5374 ι
3115 5319 3275 5376 Libb.
3308 5319 3463 5383 editi,
3496 5337 3514 5370 ι
3545 5321 3716 5389 posito

2151 5412 2287 5451 IDSO.
2312 5416 2330 5447 ι

2173 5413 2336 5534 vis!)
2380 5464 2545 5530 Idem,
2583 5482 2601 5515 ‹
2641 5462 2724 5516 cui
2753 5472 2857 5518 est.
2891 5482 2910 5516 ι
2941 5461 3097 5518 Libb.
3133 5461 3342 5534 editiLc
3374 5459 3527 5534 cujus
3557 5465 3711 5534 est.)

2149 5526 2349 5590 Ibidem
2383 5544 2504 5602 post
2533 5526 2554 5585 ι
2595 5542 2833 5602 potestas
2857 5551 2877 5587 ι
2906 5536 3070 5588 codex
3097 5547 3236 5586 unus
3262 5526 3607 5586 Ebroicensis
3626 5526 3717 5581 ad-

2150 5607 2226 5660 dit
2259 5622 2271 5657 :
2313 5624 2331 5653 ι
2376 5621 2498 5657 cum
2527 5603 2733 5673 Spiritu
2762 5613 2975 5657 sancto.
3015 5622 3034 5655 ι

2219 5675 2331 5744 (55)
2351 5673 2457 5744 Zif.
2485 5669 2632 5730 Altet'
2663 5673 3006 5730 Ebroicensis
3040 5689 3052 5726 :
3089 5692 3105 5725 ι
3126 5671 3290 5740 Anim,
3319 5689 3337 5724 ι
3363 5669 3497 5727 alter
3535 5689 3555 5723 ε
3586 5669 3718 5726 Ase-

2150 5746 2300 5814 pltet.
2332 5765 2349 5797 ι
