4104 6226
351 368 456 423 895

1310 366 1375 421 IN
1416 368 1674 423 LIBRUM
1708 370 1873 425 JESU
1916 369 2101 424 NAVE
2141 368 2429 425 HOMILIA
2463 364 2603 420 XIV.

3501 360 3606 415 89I

348 476 531 530 Araba
561 473 697 546 (56),
730 491 849 545 qum
880 484 960 529 est
989 486 1181 530 contra
1213 478 1582 546 Ceneroth,et
1608 483 1671 535 ad
1694 498 1935 552 campos,
1970 489 2014 541 Α
2042 492 2288 544 cteteros,
2317 490 2370 534 et
2394 481 2461 534 ad
2476 472 2907 545 coniurationem
2935 471 3157 539 seeleris
3180 470 3619 536 invitans,Jabin

349 578 408 623 et
429 569 480 622 in
498 566 849 631 Faneandor,
868 578 921 622 et
944 569 1010 621 ad
1028 569 1387 636 Chananaeos,
1406 575 1497 639 qui
1524 587 1683 628 erant
1703 576 1755 628 in
1786 576 1945 628 mari-

351 659 501 713 timis
518 660 585 713 ab
598 660 828 723 oriente,
850 667 904 713 et
928 660 992 714 ad
1014 661 1359 717 Amorrbzeos
1375 665 1464 733 qui
1490 676 1644 718 erant
1665 669 1715 719 in
1740 681 1821 719 ma
1832 668 1946 720 riti-

351 750 459 805 mis
482 749 618 822 (57),
649 758 702 804 et
718 750 785 803 ad
801 749 1067 815 Cethzeos,
1087 761 1143 804 et
1183 751 1250 804 ad
1280 751 1681 822 Pherezaeos,et
1698 760 1764 809 ad
1783 755 1947 809 Jcbu-

354 856 517 909 sreos,
546 842 639 911 qui
666 851 823 896 erant
849 845 901 896 in
928 845 1223 907 montanis,
1250 856 1303 897 et
1324 843 1530 907 Ermos,
1550 849 1640 915 qui
1663 856 1818 900 erant
1848 847 1948 902 sub

355 938 574 992 deserto
590 937 882 1006 Masecma,
898 945 951 991 et
973 939 1228 993 exierunt
1256 939 1354 1009 ipsi
1376 949 1428 993 et
1450 955 1603 1011 reges
1617 957 1805 995 eorum
1824 958 1945 996 eum

357 1030 517 1098 ipsis,
546 1030 688 1086 sicut
719 1040 801 1084 est
828 1045 992 1085 arena
1035 1031 1202 1085 maris
1234 1031 1288 1084 in
1325 1033 1691 1097 multitudine,
1722 1044 1776 1088 et
1800 1034 1946 1103 equi,

359 1132 415 1176 et
459 1124 735 1194 quadriga:
788 1125 970 1177 multa:
1021 1124 1201 1177 nimis.
1241 1124 1305 1177 Et
1360 1136 1733 1179 convenerunt
1758 1141 1950 1181 omnes

363 1229 524 1284 reges
570 1215 682 1275 isti,
723 1223 777 1267 et
805 1215 1058 1268 coierunt
1113 1215 1166 1267 in
1203 1230 1365 1267 unum
1401 1216 1467 1269 ad
1515 1230 1713 1283 aquam
1764 1215 1948 1270 Maron

359 1316 608 1370 pugnare
639 1312 827 1356 contra
853 1300 1043 1357 Israel.
1075 1302 1223 1355 Dixit
1254 1311 1437 1357 autem
1473 1304 1732 1357 Dominus
1763 1306 1829 1356 ad
1861 1302 1953 1359 Je-

363 1407 488 1446 sum
525 1410 539 1445 :
582 1392 699 1445 Non
752 1395 997 1448 verearis
1028 1410 1055 1447 a
1096 1394 1235 1447 facie
1266 1394 1504 1458 illorum,
1551 1397 1674 1461 quia
1706 1395 1947 1450 crastina

362 1483 451 1537 die
484 1484 549 1536 ad
583 1484 723 1538 hanc
752 1485 940 1537 horam
972 1499 1074 1553 ego
1122 1487 1329 1537 tradam
1381 1502 1477 1539 eos
1526 1486 1804 1540 sauciatos
1829 1495 1954 1540 ante

362 1575 558 1629 faciem
596 1575 782 1629 Israel.
812 1575 993 1644 Equos
1016 1592 1205 1629 eorum
1241 1578 1631 1640 subnervabis,
1668 1584 1722 1630 et
1757 1592 1953 1631 currus

362 1681 552 1720 eorum
580 1666 690 1734 igni
717 1680 934 1719 exores.
958 1665 1022 1718 Et
1051 1667 1194 1718 venit
1225 1664 1403 1729 Jesns,
1433 1676 1487 1719 et
1513 1666 1692 1720 omnis
1724 1666 1954 1734 populus

364 1757 686 1810 bellatorum
718 1770 841 1808 cum
876 1770 940 1809 eo
963 1770 1127 1823 super
1156 1756 1304 1825 ipsos
1332 1758 1396 1808 ad
1432 1772 1626 1825 aquam
1652 1756 1863 1819 Maron,
1891 1767 1948 1811 et

2051 575 2383 635 nominatur,
2425 570 2515 639 qui
2553 575 2673 622 erat
2727 581 2820 620 rex
2860 565 3017 619 Asor.
3054 563 3174 632 Ipse
3217 565 3361 617 enim
3412 573 3497 617 est
3531 563 3621 631 qui

2048 663 2250 717 dicitur
2281 663 2444 715 etiam
2476 667 2710 713 caeteros
2738 668 3089 710 convocasse.
3129 652 3284 707 Jabin
3324 664 3503 707 autem
3544 654 3631 709 in-

2051 760 2387 821 terpretatur
2402 767 2606 813 sensus,
2626 749 2743 802 sive
2771 746 3046 816 prudentia
3078 744 3211 815 (59).
3243 743 3376 810 Quis
3396 760 3525 815 ergo
3547 750 3632 799 est

2051 845 2154 898 iste
2209 857 2425 907 sensus,
2480 842 2598 895 sive
2649 838 2959 908 prudentia,
3008 836 3110 891 nisi
3166 836 3253 889 ille
3287 852 3447 907 quem
3499 837 3633 891 dicit

2048 937 2219 992 Isaias
2250 935 2512 1006 propheta
2546 946 2768 986 sensum
2803 930 3097 999 magnum?
3133 929 3221 982 Ait
3248 929 3392 983 enim
3416 928 3461 961 ⁸⁷
3492 946 3505 982 :
3531 948 3548 981 ι
3568 932 3634 984 Et

2052 1032 2305 1086 inducam
2340 1044 2503 1099 super
2549 1027 2715 1099 430
2756 1040 2979 1079 sensum
3028 1039 3281 1092 magnum
3332 1024 3634 1093 principem

2052 1122 2406 1191 Assyriorum
2455 1120 2546 1188 qui
2579 1117 2716 1172 dixit
2745 1134 2759 1171 :
2792 1114 2907 1169 Mea
2961 1114 3165 1167 virtute
3196 1113 3416 1175 faciam,
3458 1123 3511 1166 et
3545 1129 3635 1163 sa-

2054 1215 2257 1284 pientia
2292 1227 2486 1266 sensus
2518 1210 2625 1264 mei
2651 1208 2894 1262 auferam
2924 1207 3057 1259 lines
3080 1206 3344 1274 gentium,
3374 1214 3428 1258 et
3463 1203 3636 1256 virtu-

2056 1316 2160 1360 tem
2193 1318 2379 1358 eorum
2409 1300 2784 1371 deprtedabor.
2826 1319 2843 1350 l
2880 1298 2986 1351 Isle
3025 1311 3155 1365 ergo
3177 1307 3259 1349 est
3288 1296 3378 1363 qui
3414 1296 3482 1347 ibi
3518 1296 3642 1364 qni-

2054 1402 2177 1452 dem
2207 1394 2408 1448 dicitur
2431 1407 2626 1446 sensus
2646 1406 2880 1460 magnus
2911 1408 3000 1444 rex
3030 1390 3401 1459 Assyriorum,
3435 1388 3522 1440 hic
3549 1401 3644 1437 au-

2060 1499 2164 1543 tem
2198 1487 2377 1548 Jabin,
2430 1500 2623 1539 sensus
2672 1482 2755 1537 vel
2793 1484 3100 1550 prudentia.
3148 1480 3359 1534 Etenim
3416 1492 3645 1546 serpens

2059 1579 2224 1632 fuisse
2257 1577 2307 1630 iu
2345 1575 2599 1641 paradiso
2644 1573 2911 1628 scribitur
2937 1574 3257 1641 prudentior
3283 1571 3526 1627 omnium
3555 1570 3648 1623 he-

2058 1674 2287 1723 stiarutn
2335 1682 2455 1737 quae
2490 1675 2649 1719 erant
2690 1680 2854 1732 super
2911 1676 3134 1718 terram.
3177 1664 3283 1717 Sed
3339 1673 3393 1716 et
3438 1662 3651 1717 villicus

2062 1757 2368 1828 iniquitatis
2397 1756 2697 1824 prudenter
2734 1753 2930 1808 fecisse
2978 1754 3178 1807 dicitur
3219 1753 3308 1805 illa
3344 1768 3463 1820 quae
3493 1750 3647 1806 fecit.

367 1849 550 1900 subito
606 1848 763 1901 irruit
813 1864 979 1916 Super
1009 1863 1103 1901 eo:
1152 1849 1202 1901 in
1251 1860 1454 1911 monte,
1484 1858 1543 1901 et
1590 1850 1816 1902 tradidit
1854 1866 1950 1903 eos
1985 1824 2029 1882 Β
2066 1848 2164 1902 Ilie
2203 1849 2365 1917 igitur
2395 1845 2574 1908 .labin,
2607 1861 2699 1898 rev
2730 1853 2814 1897 est
2848 1846 3007 1898 Aser.
3046 1844 3438 1912 Interpretatur
3468 1854 3648 1896 autem

370 1940 634 1995 Dominus
665 1942 715 1993 in
747 1957 940 1993 matms
966 1940 1154 2003 Israel,
1178 1952 1231 1994 et
1254 1942 1525 1994 caedentes
1557 1957 1651 1995 eos
1680 1944 1955 2011 persrcuti

371 2046 505 2089 sunt
548 2049 718 2101 usque
749 2035 814 2086 ad
863 2033 1123 2087 Sidonent
1161 2049 1436 2102 tnaguam,
1464 2042 1518 2087 et
1553 2049 1723 2100 usque
1764 2036 1813 2088 in
1847 2036 1957 2088 Ma-

371 2125 548 2180 sefoth
579 2127 646 2179 ad
698 2141 918 2195 aquam,
952 2134 1005 2177 et
1046 2139 1216 2193 usque
1247 2126 1312 2176 ad
1352 2141 1572 2194 campos
1601 2125 1797 2180 Masfra
1828 2143 1959 2181 con-

375 2228 457 2270 tra
478 2216 785 2275 Orientem.
804 2227 857 2271 et
883 2218 1290 2272 trucidaverunt
1318 2231 1411 2270 eos
1440 2233 1718 2287 usquequo
1741 2236 1845 2273 non
1870 2236 1960 2272 sn-

374 2320 619 2379 peicssct
666 2324 734 2363 ev
781 2311 860 2363 eis
896 2309 988 2375 qui
1025 2311 1305 2368 evaderet.
1367 2311 1436 2365 Et
1489 2310 1617 2364 fecit
1667 2313 1747 2365 eis
1803 2312 1960 2367 Jesus

375 2400 519 2453 sicut
546 2400 803 2468 praecepit
833 2401 882 2453 ei
925 2400 1204 2463 Demittus,
1236 2410 1291 2454 et
1325 2415 1493 2470 equos
1521 2416 1706 2455 eorum
1734 2402 1961 2455 subner—

375 2492 549 2551 vavit.
590 2502 645 2546 et
680 2508 875 2547 currus
926 2508 1115 2546 eorum
1150 2493 1362 2546 exussit
1400 2494 1531 2563 igni.
1572 2493 1634 2546 Et
1663 2509 1961 2549 conversos

375 2593 459 2639 est
487 2584 647 2639 Jesns
682 2587 734 2638 in
782 2589 902 2654 ipso
945 2597 1221 2655 tempore,
1265 2597 1321 2640 et
1367 2588 1657 2655 occupavit
1693 2586 1851 2650 Aso‘r,
1909 2595 1964 2641 et

376 2692 558 2745 regem
587 2678 705 2746 ejus
736 2676 1013 2730 interfecit
1036 2676 1237 2746 gladio.
1276 2697 1294 2729 ι
1328 2676 1492 2732 Vides
1533 2687 1737 2746 quanta
1769 2679 1963 2732 adver-

377 2783 496 2821 sum
520 2767 700 2823 Jesum
729 2779 783 2824 et
808 2769 1165 2824 lsraeliticnm
1197 2771 1528 2832 exercitum,
1559 2772 1959 2823 contrariarum

378 2861 642 2912 virtutum
669 2870 724 2913 et
754 2861 1121 2930 pessimorum
1151 2862 1457 2914 dmmonum
1490 2862 1740 2913 examina
1777 2860 1965 2915 conci-

381 2955 601 3007 tentur?
628 2952 715 3007 Isti
745 2969 934 3008 omnes
957 2954 1230 3007 tlzemones
1254 2964 1378 3007 ante
1422 2953 1716 3007 adventum
1752 2951 1961 3005 Domini

380 3059 435 3101 et
472 3047 778 3101 Salvatoris
802 3048 998 3110 nostri,
1026 3047 1193 3116 quieti
1246 3057 1300 3099 et
1346 3045 1529 3099 securi
1558 3046 1824 3099 humanas
1848 3042 1967 3096 ani-

383 3155 503 3191 mas
541 3140 903 3207 possidentes,
928 3138 979 3191 in
1008 3153 1195 3192 earnm
1231 3138 1506 3190 mentibus
1536 3136 1966 3206 corporibusque

384 3231 710 3299 regnabant.
751 3227 857 3282 Sed
895 3240 952 3282 ut
983 3228 1035 3281 in
1075 3229 1233 3281 terris
1264 3229 1518 3295 apparuit
1572 3226 1749 3294 gratia
1776 3236 1829 3280 et
1867 3225 1967 3279 mi-

386 3320 689 3375 sericordia
722 3319 1023 3373 Salvatoris
1059 3321 1229 3374 nostri
1268 3320 1381 3384 Dei,
1410 3321 1647 3374 edocens
1674 3333 1773 3372 nos
1801 3327 1859 3371 ut
1886 3317 1972 3386 pie

389 3422 444 3466 et
472 3422 656 3465 sancte
696 3412 746 3465 in
781 3413 883 3467 hoc
924 3413 1125 3466 mundo
1146 3451 1163 3477 ,
1196 3424 1250 3467 et
1281 3413 1549 3481 segregati
1572 3413 1640 3466 ab
1670 3412 1815 3465 omni
1841 3426 1974 3464 con-

391 3504 608 3572 tagione
639 3504 844 3571 peccati
881 3504 1145 3567 vivamus,
1188 3511 1245 3556 ut
1278 3504 1584 3558 libertatem
1622 3518 1773 3555 suam
1813 3510 1976 3569 atque

392 3595 685 3657 imaginem
724 3594 839 3655 Dei,
878 3595 929 3647 in
969 3610 1074 3663 qua
1108 3612 1172 3651 ex
1207 3596 1364 3648 initio
1396 3604 1579 3649 creata
1633 3602 1737 3656 est,
1793 3594 1972 3645 anima

396 3699 742 3753 unaquaque
794 3686 1044 3753 recipiat,
1102 3685 1205 3739 ista
1239 3686 1305 3738 de
1336 3699 1499 3738 causa
1530 3684 1598 3736 ab
1636 3684 1745 3738 illis
1781 3682 1979 3750 iniquis

396 3776 675 3830 veteribus
703 3777 1111 3845 possessoribus
1145 3791 1333 3831 earum
1370 3790 1560 3845 pugna?
1584 3776 1906 3829 exoriuntur
1926 3784 1979 3827 et

394 3869 600 3939 pradia.
633 3871 697 3922 Et
722 3871 764 3924 si
801 3871 1179 3940 opprimantur
1220 3870 1380 3939 primi
1416 3906 1432 3931 ,
1474 3868 1642 3922 nmlto
1672 3868 1856 3937 plures
1885 3882 1985 3920 ex-

398 3973 630 4030 surgunt
656 3963 1000 4031 postmodum
1030 3970 1195 4030 atque
1226 3962 1277 4014 in
1311 3976 1478 4013 utmm
1503 3969 1728 4021 coeunt,
1761 3969 1815 4011 et
1847 3974 1984 4011 con-

398 4054 610 4122 spirant
642 4055 693 4107 in
726 4054 952 4118 malum,
985 4054 1073 4123 qui
1103 4068 1319 4122 semper
1344 4051 1617 4105 dissident
1659 4067 1688 4103 a
1718 4051 1876 4103 bono.
1921 4050 1985 4102 Et

400 4149 443 4201 si
481 4148 720 4202 secundo
752 4149 877 4200 victi
910 4147 1135 4215 fuerint,
1175 4150 1366 4202 iterum
1417 4148 1577 4200 tertio
1609 4146 1726 4197 aliae
1757 4148 1986 4197 virtutes

404 4239 695 4305 nequiores
748 4248 1070 4308 exsurgunt.
1123 4239 1189 4293 Et
1240 4239 1488 4293 fortassis
1556 4249 1760 4307 quanto
1815 4236 1987 4303 magis

411 4342 640 4391 augetur
668 4330 899 4399 populus
928 4330 1042 4396 Dei,
1078 4341 1129 4385 et
1159 4332 1327 4385 nmlto
1366 4332 1488 4401 plus
1522 4330 1720 4386 crescit
1754 4340 1808 4384 et
1842 4331 1985 4383 mul-

409 4423 710 4488 tiplicatur,
749 4432 901 4476 tanto
924 4422 998 4477 illi
1028 4424 1209 4493 plures
1234 4425 1299 4479 ad
1321 4423 1742 4494 Oppugnandum
1774 4422 1989 4491 conspi-

412 4523 556 4565 rant.

484 4606 540 4659 2.
574 4604 680 4658 Sed
714 4614 979 4659 tentemus
1031 4607 1164 4680 (58),
1199 4619 1360 4678 prout
1391 4607 1533 4662 Deus
1563 4607 1792 4671 dederit,
1818 4606 1997 4660 discu-

410 4703 523 4747 tere
546 4696 786 4763 singulos
810 4712 1052 4766 quosque
1081 4699 1292 4753 adversi
1311 4698 1587 4752 exercitus
1615 4712 1793 4765 reges,
1821 4705 1875 4750 et
1900 4711 1995 4765 pro

408 4785 1093 4851 signiticantiisnominum
1148 4789 1576 4859 uniuscujusque
1638 4790 1802 4843 etiam
1859 4803 1993 4857 Opus

409 4877 553 4945 quod
584 4878 719 4946 gerit
751 4878 805 4931 in
842 4880 1047 4934 malitia
1080 4882 1460 4950 contemplari.
1483 4881 1701 4935 Primus
1729 4881 1992 4945 omnium,

410 4968 505 5039 qui
529 4977 584 5021 et
615 4980 807 5023 auctor
831 4971 955 5025 belli
986 4971 1147 5039 hujus
1177 4974 1494 5027 nominatus
1517 4982 1622 5037 est,
1653 4987 1997 5041 congregans

483 5109 528 5140 "
557 5107 684 5164 Isai.
714 5126 769 5177 κ,
814 5110 909 5175 12,
942 5111 1027 5163 I5.
1107 5112 1151 5143 ³⁸
1176 5112 1368 5166 Matth.
1408 5128 1502 5165 xn.
1580 5110 1625 5143 ⁸⁸
1656 5110 1814 5164 Prov.
1840 5125 1891 5174 v,
1931 5111 1985 5168 4.

488 5254 602 5319 (56)
632 5253 811 5307 Codex
834 5252 1124 5320 Sangerm.
1165 5271 1182 5302 ι
1217 5252 1439 5307 Arabia.
1480 5268 1498 5300 ι

491 5323 604 5391 (57)
646 5324 812 5385 Idetn,
848 5340 865 5370 ι
904 5326 1183 5375 maritimi.
1214 5342 1232 5373 ι

490 5394 604 5463 (58)
646 5393 787 5446 Idetu
815 5432 829 5455 ,
865 5409 890 5471 ι
943 5403 1232 5447 tentetntts.
1273 5413 1289 5445 1
1329 5393 1465 5447 Libb
1536 5394 1689 5461 editi,
1731 5412 1749 5446 ι
1788 5400 2001 5460 tempus

422 5478 522 5523 est.
555 5483 574 5515 ι

492 5535 606 5605 (59)
636 5530 796 5605 Jabin
819 5540 995 5605 autem
1028 5528 1407 5601 interpretatur
1422 5550 1604 5588 sensus
1636 5534 1742 5587 sive
1768 5532 1999 5601 pruden-

422 5602 515 5660 tia.
546 5609 581 5656 Α
609 5613 691 5669 ττι
720 5618 740 5652 ι
774 5602 1097 5669 intelligere.
1137 5630 1150 5649 ς

495 5672 628 5746 (60)'
650 5673 1039 5746 Interpretatur
1063 5686 1236 5728 autent
1268 5676 1401 5728 Aser
1432 5675 1581 5728 aula.
1616 5675 1694 5728 Ab
1716 5682 1837 5733 ’ἾῖΠ
1863 5672 2005 5741 quod

423 5742 513 5801 est
536 5767 554 5797 ι
589 5742 808 5805 attuum,
836 5742 977 5795 aula.
1020 5763 1036 5793 ι

500 5820 610 5888 (bl)
650 5813 817 5868 Jubab
842 5814 1050 5882 quidem
1087 5817 1460 5887 interpretatur
1481 5815 1790 5881 inimicitia’,
1817 5812 2003 5866 Marco

2064 1942 2200 1992 Asor
2240 1942 2365 1990 aula
2419 1936 2553 2007 (60).
2608 1936 2703 1989 Est
2749 1951 2881 2005 ergo
2923 1936 3100 1990 omnis
3132 1944 3274 1989 terra
3329 1936 3450 1987 aula
3488 1935 3650 2004 lmjns

2067 2033 2230 2099 regis,
2255 2031 2345 2099 qui
2381 2029 2545 2082 totius
2568 2037 2728 2081 terra:
2750 2028 2899 2082 velut
2918 2028 3053 2080 aula:
3080 2026 3240 2078 unius
3260 2026 3471 2079 obtinet
3497 2027 3650 2095 prin-

2066 2125 2325 2191 cipatum,
2350 2121 2439 2188 qui
2460 2128 2543 2173 est
2561 2116 2833 2173 diabolus.
2858 2116 2945 2171 Vis
2971 2129 3151 2171 autem
3184 2119 3366 2171 videre
3392 2118 3651 2184 quoniam

2067 2215 2190 2268 aula
2228 2214 2397 2280 ipsius
2419 2220 2502 2265 est
2536 2210 2718 2263 terra?
2749 2208 2805 2262 In
2840 2208 3148 2276 Evangeliis
3172 2210 3215 2241 ⁸⁸
3252 2210 3512 2277 scriptum
3549 2218 3654 2269 est,

2067 2307 2192 2376 quia
2224 2304 2379 2358 fortis
2413 2304 2466 2356 in
2498 2302 2617 2354 aula
2674 2316 2769 2354 sua
2829 2315 3057 2354 securus
3101 2301 3324 2366 dortnit,
3371 2316 3657 2366 usqueqno

2068 2398 2251 2451 veniat
2280 2395 2473 2448 fortior
2498 2394 2589 2461 qui
2630 2402 2683 2446 ct
2709 2393 2886 2460 ipsum
2921 2393 3129 2458 alliget,
3168 2403 3223 2447 et
3249 2407 3366 2461 qua:
3411 2392 3657 2458 possidet

2070 2490 2301 2543 auferat.
2336 2486 2432 2541 Est
2457 2502 2590 2556 ergo
2614 2502 2705 2539 rex
2740 2486 2898 2547 aulm,
2928 2486 3183 2554 princeps
3216 2484 3399 2539 mundi
3438 2484 3601 2552 hujus
3636 2500 3652 2537 :

2070 2590 2170 2642 iste
2207 2587 2369 2640 ntiltil
2419 2587 2484 2639 ad
2519 2584 2694 2640 Jobab
2727 2601 2740 2639 :
2780 2586 2895 2655 ipse
2934 2596 3016 2639 est
3065 2587 3212 2639 enim
3260 2581 3351 2649 qui
3392 2578 3560 2631 mittit
3591 2573 3658 2628 ad

2070 2695 2261 2733 omnes
2295 2691 2507 2747 gentes,
2547 2688 2596 2732 et
2637 2678 2837 2731 invitat
2888 2678 2954 2730 ad
3005 2675 3271 2743 praalinm.
3317 2670 3476 2724 Mittit
3508 2675 3560 2720 et
3587 2664 3657 2719 ad

2070 2787 2248 2839 regem
2277 2769 2482 2822 Maron.
2509 2768 2688 2823 Jobab
2719 2767 2940 2836 quidem
2991 2768 3387 2833 interpretatur
3428 2754 3664 2812 inimici.

2072 2862 2182 2923 tite,
2204 2860 2389 2913 Maron
2412 2870 2590 2913 autem
2622 2858 3010 2910 amaritudine:
3035 2852 3170 2925 (61).
3202 2851 3365 2905 Mittit
3394 2862 3522 2912 ergo
3550 2844 3665 2896 dia-

2073 2955 2230 3007 holus
2261 2953 2325 3005 ad
2361 2952 2522 3004 aliam
2559 2952 2816 3004 virtutem
2857 2947 3142 3001 inimicam
3195 2959 3257 2995 ex
3292 2939 3499 3006 angelis
3543 2937 3663 2989 sine

2074 3047 2234 3100 dubio
2258 3043 2485 3111 refugis,
2510 3055 2631 3110 qua:
2656 3041 2829 3093 virtus
2848 3036 3281 3091 amaritudinum
3305 3047 3397 3084 rex
3423 3038 3503 3082 est
3523 3045 3536 3083 :
3556 3041 3665 3096 quo

2078 3147 2301 3189 auctore
2339 3135 2623 3189 scilicetet
2654 3146 2873 3199 operam
2907 3130 3089 3185 dante.
3117 3138 3311 3179 omnes
3339 3136 3460 3190 qua:
3486 3121 3536 3171 in
3566 3119 3666 3170 hoc

2082 3226 2282 3278 IlltllltiO
2313 3223 2702 3275 amaritudines
2742 3230 2796 3274 et
2840 3217 3165 3285 asperitates
3209 3213 3423 3265 miseris
3462 3216 3670 3259 morta-

2082 3316 2223 3368 libus
2282 3314 2596 3381 intlignntnr
2653 3311 2789 3381 (6:2),
2838 3308 3120 3362 eveniunt.
3169 3303 3311 3356 Sunt
3348 3310 3527 3352 autem
3564 3297 3665 3347 ista

2082 3409 2294 3461 diversa
2321 3421 2515 3474 genera
2548 3404 2776 3473 peccati.
2802 3400 2988 3469 Neque
3013 3398 3157 3451 enim
3195 3393 3398 3462 aliquid
3428 3390 3668 3442 zonarius

2083 3508 2259 3568 potest
2290 3513 2409 3550 esse
2437 3510 2682 3565 peccato,
2713 3496 2926 3549 etiamsi
2957 3489 3207 3559 qumdam
3238 3484 3414 3537 dulcia
3451 3480 3671 3534 videan-

2087 3607 2175 3648 tur
2212 3594 2264 3647 in
2319 3592 2533 3659 primis,
2586 3591 2729 3643 sicut
2777 3587 3035 3639 Salomon
3073 3580 3267 3634 scribit
3292 3579 3335 3608 θ’
3372 3593 3384 3626 :
3416 3593 3433 3624 ι
3468 3572 3574 3626 Sed
3615 3572 3667 3623 iu

2088 3684 2421 3746 novissimis,
2443 3683 2640 3750 inquit,
2671 3682 2907 3732 amarius
2932 3676 3056 3730 felle
3086 3671 3334 3726 invenies
3351 3667 3490 3736 quod
3517 3664 3672 3717 dulce

2092 3772 2146 3831 in
2178 3778 2351 3831 initiis
2390 3774 2696 3836 videbatur,
2725 3781 2779 3823 et
2802 3769 3015 3822 acutius
3040 3764 3157 3818 acie
3185 3760 3367 3830 gladii.
3402 3778 3419 3808 1
3445 3753 3674 3810 Justitia-

2089 3885 2217 3923 vero
2267 3876 2457 3920 natura
2507 3863 2785 3918 contraria
2814 3869 2918 3924 est,
2961 3860 3013 3911 in
3061 3855 3233 3910 initiis
3265 3853 3479 3904 videtur
3516 3863 3667 3898 ama-

2099 3963 2231 4023 rior,
2268 3962 2318 4012 in
2352 3956 2665 4010 novissimis
2717 3969 2848 4008 vero
2902 3950 3059 4005 melle
3117 3945 3328 4000 dulcior
3362 3939 3671 3998 invenitttr,

2093 4068 2214 4107 Cum
2243 4050 2463 4101 virtutis
2493 4046 2605 4119 (63)
2634 4048 2841 4099 fruetus
2879 4040 3142 4097 attulerit.
3178 4035 3320 4089 Misit
3365 4033 3530 4100 igitur
3562 4030 3679 4082 dia-

2094 4145 2247 4199 bolus
2270 4147 2334 4196 ad
2363 4141 2537 4195 Jobab
2569 4140 2847 4193 inimicum
2882 4129 3264 4189 amaritudinis
3286 4141 3486 4195 regem.
3517 4120 3680 4174 Mittit

2096 4246 2280 4288 autem
2316 4234 2481 4287 etiam
2515 4231 2580 4283 ad
2619 4244 2797 4299 regem
2842 4227 3103 4297 Sytneon,
3148 4220 3239 4290 qui
3283 4220 3678 4284 interpretatur

2095 4325 2364 4380 exanditio
2399 4322 2531 4395 (6t).
2570 4320 2678 4375 Sed
2713 4318 2909 4387 duplex
2964 4315 3178 4368 videtur
3224 4325 3343 4363 esse
3377 4303 3679 4360 exattditio.

2098 4416 2406 4482 Aliquando
2439 4412 2655 4482 quidem
2690 4423 2811 4463 eum
2846 4406 3069 4461 exaudit
3103 4402 3215 4473 (I35)
3240 4399 3512 4454 hominem
3543 4395 3683 4447 Dens

2101 4509 2399 4562 secundum
2432 4503 2570 4571 quod
2609 4512 2663 4554 et
2686 4502 2921 4572 Symeon
2953 4511 3090 4549 unus
3124 4510 3189 4548 ex
3219 4488 3549 4559 patriarchis
3575 4502 3677 4538 uo-

2104 4616 2225 4655 nten
2279 4597 2524 4665 accepit,
2567 4596 2825 4663 quoniam
2882 4591 3099 4659 quidem
3162 4585 3484 4641 exaudierat
3540 4579 3682 4632 Dens

2101 4707 2317 4761 pret-em
2354 4690 2549 4742 matris
2602 4689 2740 4756 ejus.
2798 4685 3008 4738 Dicitttr
3052 4683 3217 4735 etiam
3251 4674 3546 4734 exauditio,
3576 4684 3681 4737 qua

2101 4785 2221 4853 quis
2261 4781 2481 4835 exaudit
2509 4789 2835 4848 prmi-cptum
2870 4774 3095 4827 diaboli.
3135 4772 3281 4824 Solet
3324 4768 3467 4821 enim
3499 4763 3685 4816 dicere

2098 4874 2349 4941 diabolus
2379 4872 2426 4904 ⁷⁸
2456 4889 2470 4925 :
2502 4889 2519 4921 ι
2554 4870 2610 4923 Si
2642 4870 2931 4937 procidens
2957 4863 3395 4921 adoraverisme,
3423 4855 3516 4909 tibi
3546 4852 3687 4907 dabo

2102 4972 2217 5025 haec
2246 4971 2449 5025 omnia.
2492 4988 2510 5020 1
2548 4968 2651 5021 Sed
2685 4977 2738 5019 tu
2788 4966 2832 5018 si
2863 4963 3046 5017 Jesutn
3078 4957 3359 5027 sequeris,
3411 4951 3550 5008 dicis
3582 4948 3633 5004 ei
3662 4960 3678 4999 :

2063 5110 2111 5144 ¹¹⁶
2132 5110 2326 5166 Matth.
2359 5125 2434 5176 tv,
2458 5108 2511 5162 9.

2112 5257 2286 5300 antem
2327 5240 2731 5297 antarilmlines.
2759 5237 2932 5293 Jobab
2960 5237 3026 5291 ab
3054 5244 3158 5295 νη
3187 5254 3203 5285 ι
3232 5230 3486 5287 inimicus
3510 5227 3611 5284 fuit
3630 5241 3679 5293 ς»

2110 5316 2297 5372 Maron
2331 5324 2507 5367 autem
2544 5328 2573 5363 a
2599 5321 2731 5370 ‘13}:
2756 5328 2774 5360 ι
2806 5323 3053 5362 amarum
3097 5322 3240 5360 esse.
3274 5323 3294 5356 ι

2183 5387 2295 5456 (62)
2338 5384 2489 5444 Mss.,
2526 5400 2545 5433 ι
2585 5382 2920 5450 intinguntur.
2954 5397 2973 5430 ι
3008 5376 3163 5431 Libb.
3193 5374 3323 5429 editi
3356 5412 3370 5437 ,
3394 5390 3414 5423 ι
3452 5370 3685 5438 infigun-

2110 5470 2216 5513 tur.
2262 5475 2279 5506 ι

2180 5525 2293 5594 (6'5)
2335 5524 2485 5585 Mss.,
2530 5540 2547 5573 ι
2589 5520 2823 5594 virtutis.
2856 5540 2872 5570 ι
2914 5519 3067 5572 Libb.
3103 5516 3254 5579 editi,
3287 5512 3568 5594 [virtu-issi

2180 5584 2293 5667 (64)
2335 5592 2675 5667 Symeon,qui
2708 5591 3089 5658 interpretatur
3128 5584 3420 5639 esauditio.
3454 5584 3492 5635 Α
3541 5587 3685 5644 um

2116 5687 2133 5719 t
2176 5664 2383 5723 audire,
2411 5664 2691 5715 exaudire.
2730 5679 2747 5712 1
3002 5728 3009 5729 γ
3138 5726 3171 5729 __
3206 5726 3216 5729 _
3494 5720 3526 5729 ..
3571 5718 3581 5728 .

2185 5737 2296 5806 ((53)
2334 5720 2483 5798 Missa,
2514 5750 2531 5782 ι
2567 5731 2807 5786 exaudit.
2841 5749 2858 5783 1
2897 5728 3050 5783 Libb.
3086 5726 3219 5781 editi
3280 5742 3298 5775 ι
3334 5720 3632 5777 exaudivit.
3659 5734 3677 5767 1
