4104 6226
461 246 566 302 895

1915 237 2236 295 GRIGENIS

3613 242 3763 301 836

462 366 749 420 Dominum
780 364 943 418 Deum
975 365 1232 427 adoraho,
1272 374 1326 419 et
1360 364 1456 433 ipsi
1504 363 1601 418 soli
1642 361 1893 418 serviam.
1930 360 2030 410 Au-
2066 360 2112 415 Α
2142 354 2408 406 dicentem
2445 351 2510 404 ad
2545 349 2838 419 discipulos
2859 364 2988 407 suos
3018 351 3067 385 ⁷⁸
3103 370 3117 408 :
3150 371 3168 405 ι
3201 352 3321 409 Sint
3350 355 3517 411 lumbi
3552 361 3753 414 vestri

463 459 617 512 dittnt
652 468 829 511 autem
864 439 1150 525 illum,'qui
1190 467 1315 510 sunt
1342 472 1405 511 ex
1457 469 1610 525 parte
1646 455 1783 522 ejus,
1816 456 1956 507 sicut
1984 458 2038 506 et

462 563 607 603 nunc
639 548 768 602 fecit
823 549 925 603 i510
979 550 1246 619 Symeon,
1306 550 1457 602 illum
1510 550 1738 602 audiens
1794 548 1937 599 venit
1969 546 2033 598 ad

463 656 694 709 pugnam
727 651 917 694 contra
967 640 1173 694 Jesnm.
1211 640 1377 693 Mittit
1408 649 1589 694 autem
1646 651 1701 693 et
1732 640 1798 691 ad
1852 651 2033 702 regem

463 729 564 784 Zil'.
586 731 871 785 Zifautetn
893 732 1276 800 interpretatur
1301 732 1690 799 quomodo/luit
1711 730 1731 783 !
1751 728 1860 800 (66)
1895 728 2036 782 velut

460 824 780 877 admirantis
802 839 1053 879 sermone
1080 840 1095 876 :
1127 823 1250 893 quia
1288 832 1343 876 et
1380 837 1568 876 revera
1594 820 1897 874 mirandum
1928 828 2033 883 est,

458 916 732 982 quomodo
751 914 915 965 lluuut
936 914 1113 966 omnia
1137 929 1255 981 qua:
1282 922 1409 967 sunt
1434 913 1594 982 hujus
1627 911 1811 965 mundi
1843 926 2036 965 carna-

459 1002 550 1068 lia,
571 1014 623 1057 et
652 1005 922 1071 quomodo
946 1004 1084 1056 ﬂuxa
1107 1014 1232 1057 sunt
1265 1014 1317 1057 et
1349 1004 1574 1068 caduca,
1600 1018 1718 1071 qua:
1746 1004 1884 1071 apud
1912 1002 2033 1054 inli—

456 1096 605 1149 deles
634 1096 879 1149 homines
908 1096 1279 1163 permanentia
1308 1096 1639 1163 deputantur
1668 1102 1722 1149 et
1755 1103 2030 1162 perpetua.

455 1188 556 1252 Qui
587 1198 763 1239 autent
798 1203 977 1240 rerum
1010 1188 1319 1242 considerat
1353 1188 1645 1251 rationem,
1675 1196 1727 1239 et
1770 1188 1891 1239 vita:
1936 1185 2032 1237 lm-

448 1279 538 1347 jns
563 1293 682 1346 quze
704 1289 963 1347 putantur
988 1280 1145 1341 bona,
1179 1290 1492 1344 contuetur,
1514 1281 1784 1349 quomodo
1816 1294 2033 1345 semper

458 1378 741 1422 mutentur
795 1379 848 1423 et
882 1378 1190 1431 transeant,
1231 1369 1331 1423 iste
1363 1367 1816 1432 dicit,Quomodo
1872 1367 2028 1420 ﬂuit!

454 1458 623 1511 Vocat
659 1468 839 1513 autem
874 1459 1238 1516 contratilios
1281 1457 1442 1513 Israel
1475 1457 1719 1511 diabolus
1746 1458 1909 1512 etiam
1939 1472 2034 1511 eos

453 1551 545 1619 qui
575 1551 718 1604 circa
753 1550 1009 1606 Sidonem
1049 1568 1296 1620 magnam
1335 1561 1482 1605 sunt.
1518 1552 1630 1620 Ego
1657 1551 1874 1620 quidem
1905 1567 2028 1604 cum

455 1643 505 1694 in
535 1642 665 1697 locis
691 1644 909 1698 Sidonis
931 1644 1222 1711 aliquoties
1250 1644 1563 1697 demoratus
1587 1644 1710 1708 sim,
1749 1659 2026 1711 nunquam

453 1736 687 1804 ccinperi
722 1736 855 1789 duas
884 1751 1001 1790 esse
1026 1735 1280 1799 Sidonas,
1303 1751 1463 1788 unam
1489 1750 1761 1805 magnam,
1787 1745 1841 1788 et
1867 1736 2026 1789 aliam

452 1840 696 1893 parvam,
724 1838 983 1894 quantunt
1015 1827 1082 1880 ad
1118 1835 1390 1880 terrenum
1420 1827 1657 1895 pertinet
1689 1825 1889 1879 locum.
1920 1824 2025 1879 Sed

450 1917 495 1970 si
520 1917 586 1971 ad
612 1917 1117 1987 interpretationem
1146 1920 1382 1974 nominis
1410 1918 1655 1983 redeam,
1684 1919 1829 1988 quod
1860 1918 2028 1987 signi-

456 2010 583 2063 ﬁcat
630 2011 981 2077 venatricem,
1033 2011 1115 2066 vel
1176 2023 1463 2066 venatores
1512 2008 1645 2083 (67).
1696 2010 1851 2063 video
1882 2009 2025 2079 quod

451 2100 891 2158 adversariarum
922 2103 1210 2168 virtutum,
1241 2104 1294 2157 in
1333 2102 1529 2173 quibus
1564 2102 1744 2156 multa:
1773 2115 1896 2157 sunt
1926 2099 2028 2153 dif-

452 2191 715 2258 ferentize,
746 2195 966 2263 quidam
1000 2204 1126 2249 sunt
1180 2205 1471 2251 venatores
1501 2196 1555 2249 in
1587 2195 1791 2265 parvis,
1823 2204 1878 2249 et
1908 2195 2028 2263 qni-

450 2282 575 2335 dam
633 2293 917 2337 venatores
961 2283 1015 2335 in
1064 2284 1310 2353 magnis;
1355 2284 1406 2337 id
1460 2291 1573 2345 est,
1609 2284 1752 2351 quod
1791 2282 1881 2335 alii
1929 2296 2025 2351 per

451 2387 615 2439 parva
647 2382 871 2440 peccata
934 2374 1169 2436 animas,
1209 2373 1299 2426 alii
1353 2388 1448 2442 per
1492 2390 1681 2443 magna
1726 2374 2023 2443 decipiunt.

454 2461 612 2515 Verbi
644 2464 845 2532 gratia,
896 2479 1019 2518 cum
1056 2463 1107 2515 in
1147 2462 1519 2531 voluptatibus
1548 2465 1733 2517 saeculi
1758 2475 1809 2518 et
1841 2466 2025 2518 carnis

452 2554 663 2607 deliciis
696 2554 873 2608 anima
897 2555 1184 2625 decipitur,
1218 2556 1268 2609 in
1295 2570 1463 2623 parvo
1484 2565 1637 2623 capta
1672 2556 1899 2609 dicenda
1921 2565 2025 2613 est.

450 2646 585 2700 Cum
619 2661 745 2701 vero
783 2658 874 2701 aut
929 2646 1339 2702 Providentiam
1375 2656 1555 2717 negat,
1616 2655 1707 2701 aut
1753 2647 2026 2702 dmmoncs

449 2736 603 2804 quasi
645 2738 809 2791 Deum
856 2738 1011 2803 colit,
1043 2739 1156 2793 lure
1191 2738 1241 2792 in
1288 2754 1482 2808 magno
1526 2738 1759 2807 putanda
1791 2749 1874 2794 est
1907 2754 2028 2794 esse

449 2826 694 2896 decepta.
717 2827 780 2881 Et
802 2829 920 2883 ideo
940 2842 1082 2881 nunc
1102 2827 1267 2880 mittit
1283 2828 1348 2881 ad
1365 2826 1622 2881 Sidouem
1644 2841 1890 2895 magnam
1912 2825 2025 2894 (68)

450 2923 540 2990 qui
583 2925 735 2993 quasi
767 2924 832 2978 ad
861 2924 1199 2978 vinationem
1229 2938 1476 2994 magnam
1494 2926 2024 2978 conveniantcontra

2143 445 2436 513 prmcincti,
2461 453 2515 496 et
2553 442 2785 496 lucernae
2814 452 3007 500 vestra).
3033 446 3312 501 ardentes.
3348 467 3369 501 ι
3416 450 3560 503 Sunt
3587 467 3747 521 ergo

2141 551 2323 589 eorum
2371 536 2461 603 qui
2508 537 2559 588 in
2612 535 2853 590 Beelesia
2897 538 3056 592 [idem
3102 540 3421 593 catholicam
3476 544 3737 608 docent,

2139 640 2193 683 et
2236 629 2447 698 plebem
2488 628 2580 682 Dei
2614 630 2783 689 verbo
2812 630 3060 685 veritatis
3094 631 3435 697 illuminant,
3479 635 3750 689 lucerncc

2139 727 2413 781 ardentes.
2449 724 2484 779 li
2524 741 2651 779 vero
2700 727 2790 795 qui
2843 726 3096 781 haeretica
3150 728 3399 797 dogmata
3453 745 3516 782 ex
3547 729 3733 801 5.31

2139 818 2432 887 Scriptura:
2502 826 2702 870 sancta:
2771 816 3097 869 testimoniis
3167 816 3316 870 falsis
3388 820 3737 876 assertioni-

2138 914 2236 967 bus
2287 911 2517 975 docent,
2568 922 2666 978 pro
2720 923 2785 962 eo
2846 909 2989 975 quod
3026 908 3339 977 Scripturas
3392 910 3597 979 legunt,
3632 912 3737 963 vi-

2136 1006 2337 1059 dentur
2378 1003 2679 1059 accendere
2722 1002 2975 1057 lucernas
3005 1019 3019 1055 ;
3050 1002 3143 1056 sed
3174 1003 3297 1070 quia
3331 1000 3484 1055 falsis
3531 1019 3735 1055 assero

2138 1096 2373 1150 tionibus
2406 1102 2657 1157 utuntur,
2685 1109 2791 1147 non
2819 1104 2945 1146 sunt
2969 1093 3225 1157 lucernae,
3242 1094 3335 1146 sed
3353 1092 3504 1159 quasi
3539 1094 3731 1147 lucer-

2140 1202 2241 1239 [ιω.
2280 1186 2424 1239 Misit
2449 1186 2613 1241 etiam
2656 1186 2723 1237 ad
2755 1198 3014 1251 campos;
3048 1198 3270 1236 necesse
3299 1182 3442 1234 enim
3484 1194 3627 1244 erat,
3659 1197 3730 1236 ut

2137 1274 2187 1327 in
2216 1276 2532 1328 societatem
2557 1290 2710 1328 suam
2743 1284 2958 1328 vocaret
2982 1274 3149 1326 etiam
3178 1286 3271 1325 eos
3302 1274 3391 1339 qui
3429 1273 3479 1323 in
3504 1276 3728 1342 campis

2136 1378 2285 1431 Sunt,
2327 1378 2379 1422 et
2422 1368 2648 1422 humilia
2689 1368 2912 1436 sapiunt
2956 1381 3020 1420 ac
3059 1375 3299 1420 terrena.
3353 1365 3498 1418 Misit
3550 1376 3611 1419 et
3662 1370 3721 1419 iu

2137 1458 2482 1525 Faneandor,
2538 1458 2630 1528 qui
2684 1460 3077 1527 interpretatur
3130 1459 3395 1510 conversio
3452 1457 3591 1527 (72).
3653 1457 3725 1512 Et

2135 1552 2424 1606 conversio
2458 1553 2655 1618 duplex
2693 1551 3032 1620 intelligitur.
3083 1550 3177 1604 Est
3206 1552 3349 1604 enim
3397 1554 3719 1616 conversio,

2137 1661 2239 1714 qua
2276 1645 2396 1711 quis
2426 1644 2491 1697 ad
2532 1644 2699 1697 Deum
2732 1646 3097 1708 com'ertitur,
3133 1644 3212 1697 vel
3251 1659 3280 1695 a
3312 1644 3419 1695 Deo
3457 1653 3542 1696 est
3579 1659 3717 1700 con-

2133 1753 2316 1791 versus
2355 1738 2420 1790 ad
2467 1736 2629 1790 bona.
2691 1735 2787 1789 Est
2817 1746 2996 1790 autem
3037 1747 3088 1791 et
3126 1738 3229 1790 alia
3260 1735 3370 1805 (75)
3399 1738 3721 1804 conversio,

2130 1844 2232 1895 qua
2267 1843 2359 1881 rex
2388 1826 2572 1891 Jabin,
2607 1828 2657 1881 id
2689 1838 2773 1883 est
2813 1828 3080 1895 diabolus,
3124 1830 3189 1883 ad
3232 1844 3292 1883 se
3336 1830 3559 1883 animas
3582 1845 3721 1883 eon-

2130 1921 2315 1983 vertit,
2379 1921 2516 1973 sicut
2567 1929 2620 1973 et
2673 1920 2740 1973 de
2792 1920 3064 1989 Symeone
3098 1937 3263 1988 supra
3303 1921 3719 1989 exposuimus:

2130 2014 2305 2081 qualis
2336 2012 2571 2081 putanda
2618 2020 2701 2066 est
2753 2020 2808 2065 et
2842 2013 2927 2066 illa
2970 2012 3286 2073 conversio,
3332 2028 3456 2081 quae
3511 2013 3722 2069 Calatis

2130 2104 2425 2167 acciderat,
2475 2104 2541 2156 de
2568 2118 2674 2171 qua
2713 2102 2847 2156 dicit
2886 2102 3177 2171 Apostolus
3221 2102 3311 2153 "z
3350 2122 3366 2153 ι
3397 2101 3721 2157 Currebatis

2130 2197 2289 2259 bene.
2344 2195 2465 2262 quis
2501 2210 2599 2249 vos
2648 2194 2949 2263 impedivit.
2987 2213 3005 2245 ι
3068 2195 3173 2248 hoc
3225 2202 3309 2247 est
3359 2195 3624 2247 convertit
3682 2208 3712 2247 a

2128 2306 2290 2345 cursu
2330 2288 2472 2343 bono
2508 2297 2563 2340 et
2598 2286 2800 2340 itinere
2839 2287 3028 2339 recto?
3064 2284 3231 2339 Mittit
3262 2295 3317 2337 et
3363 2287 3425 2337 ad
3453 2299 3576 2343 eos,
3605 2285 3705 2352 qui

2127 2382 2367 2439 erantin
2404 2379 2696 2435 maritimis
2725 2378 2884 2443 locis,
2925 2382 2991 2433 ad
3024 2379 3235 2432 vicinos
3271 2377 3511 2431 ﬂuctuum
3548 2375 3692 2431 Cha-

2131 2492 2371 2537 nauzeos,
2424 2474 2514 2542 qui
2572 2475 3000 2542 interpretantur
3038 2471 3172 2525 velut
3205 2472 3439 2524 commoti
3472 2470 3612 2539 (71),
3639 2468 3699 2523 id

2129 2566 2330 2635 estqui
2373 2580 2587 2635 semper
2621 2563 2952 2619 motionibus
2994 2572 3047 2617 et
3097 2563 3352 2618 [luctibus
3393 2572 3709 2631 permovent

2128 2668 2345 2721 cuncta,
2405 2668 2460 2712 et
2494 2658 2562 2711 ad
2614 2655 2920 2708 maritimos
2965 2655 3334 2708 Amorrhzeos.
3397 2653 3709 2706 Amorrhrei

2129 2751 2563 2821 interpretantur
2600 2755 2988 2802 amaresccntes
3030 2745 3142 2817 (75)
3171 2789 3185 2811 ,
3217 2747 3306 2814 qui
3348 2754 3475 2799 sunt
3504 2744 3713 2800 similes

2132 2842 2257 2905 illis,
2291 2842 2357 2895 de
2400 2840 2601 2908 quibus
2638 2838 2890 2907 superius
2927 2836 3301 2891 disseruimus.
3352 2833 3500 2889 Talis
3546 2835 3714 2900 igitur

2130 2944 2218 2989 est
2266 2930 2546 2999 catalogus
2608 2930 2773 2985 totius
2827 2929 3031 2983 militia:
3079 2927 3429 2981 invisibilitnn
3475 2927 3712 2980 hostium

452 3016 591 3069 ﬁlios
615 3015 801 3071 Israel.
834 3015 1000 3069 Mittit
1036 3025 1088 3069 et
1117 3015 1183 3068 ad
1221 3027 1499 3070 m0ntana.
1540 3017 1790 3071 Montana
1827 3018 2027 3071 intelli-
2055 3044 2098 3103 ς
2132 3026 2224 3096 qui
2282 3034 2679 3093 congregantur
2710 3036 2805 3091 per
2852 3035 3032 3089 regem
3060 3019 3218 3074 Jahin
3241 3058 3255 3081 ,
3309 3029 3365 3072 ut
3399 3028 3715 3088 expugnent

450 3108 624 3178 geuda
658 3109 1006 3187 sunbomnis
1053 3123 1245 3162 sensus
1280 3109 1374 3177 qui
1408 3109 1618 3165 extollit
1666 3124 1725 3162 se
1776 3118 1829 3162 et
1864 3109 2027 3177 erigit

451 3199 714 3254 adversus
740 3200 1023 3254 scientiam
1075 3200 1192 3254 Dei.
1233 3200 1395 3257 Mittit
1421 3212 1474 3256 et
1508 3202 1561 3256 in
1616 3202 1823 3253 Araba.
1856 3201 2027 3254 luter-

453 3304 698 3360 pretatur
731 3300 910 3345 autem
937 3292 1114 3345 Araba
1142 3292 1349 3346 insidia:
1376 3293 1507 3364 (69).
1536 3292 1732 3347 invitat
1755 3308 1886 3363 ergo
1920 3293 2029 3346 vir-

453 3392 595 3436 tutes
622 3383 1005 3447 insidiatrires,
1027 3398 1146 3453 (pta:
1172 3386 1437 3439 lmmanas
1460 3385 1666 3438 animas
1699 3400 1803 3438 non
1836 3385 1909 3446 vi,
1931 3400 2029 3439 nec

448 3474 650 3542 apertis
674 3473 1171 3543 impugnatiouilnts
1204 3473 1340 3545 (7U),
1371 3476 1462 3529 sed
1483 3476 1794 3545 improvisis
1819 3477 2029 3531 insidiis

450 3564 766 3632 callidisque
798 3566 1068 3633 decipiant
1097 3582 1109 3618 :
1147 3565 1287 3619 forte
1318 3565 1513 3635 quales
1553 3576 1683 3619 sunt
1728 3576 1780 3619 et
1816 3566 1926 3631 illi,
1961 3567 2029 3621 de

448 3660 647 3726 quibus
697 3658 963 3730 Propheta
1011 3661 1143 3714 dicit
1170 3661 1259 3713 7’:
1302 3679 1319 3711 ι
1361 3659 1657 3715 Insidiatur
1701 3661 1755 3714 in
1812 3660 2027 3714 occulto

449 3754 593 3808 sicut
644 3751 727 3805 leo
756 3752 807 3805 in
845 3753 1008 3807 cubili
1043 3768 1165 3819 suo,
1200 3753 1485 3807 insidiatur
1511 3762 1568 3807 ιιι
1601 3754 1779 3823 rapiat
1827 3768 2029 3823 paupe-

450 3863 586 3902 rem.
613 3866 631 3897 ι
650 3845 754 3899 Sed
788 3850 831 3899 si
864 3847 990 3914 quis
1015 3846 1138 3901 talis
1156 3854 1239 3899 est
1259 3846 1434 3913 qualis
1454 3841 1672 3911 Paulus,
1693 3847 2028 3900 conﬁdenter

449 3938 575 3991 dicit
609 3938 699 3992 "z
742 3956 760 3989 ι
808 3937 924 3991 Νοιι
981 3938 1124 3992 enim
1181 3937 1491 4005 ignoramus
1547 3939 1776 3993 astutias
1826 3940 1964 4008 ejus.
2000 3959 2019 3992 ι

450 4026 611 4081 Mittit
643 4028 770 4081 etin
802 4027 1091 4081 Ceneroth.
1116 4027 1508 4111 interpretatur
1539 4039 1720 4083 autem
1755 4029 2027 4086 Ceneroth

448 4121 601 4187 quasi
628 4119 857 4173 lucerna:
876 4118 1008 4188 (7t).
1042 4117 1157 4173 Non
1187 4118 1439 4188 lucernae,
1468 4121 1561 4175 sed
1589 4122 1742 4190 quasi
1770 4121 2026 4176 lucernae.

448 4210 612 4263 Aliud
648 4217 730 4263 est
765 4210 911 4264 enim
942 4210 1184 4277 lucerna,
1220 4212 1364 4267 aliud
1400 4213 1555 4284 quasi
1588 4213 1832 4268 lucerna.
1862 4211 2029 4267 Joan-

450 4319 546 4356 nes
579 4321 597 4353 ι
630 4303 852 4358 lucerna
904 4316 1022 4360 erat
1074 4308 1273 4363 ardens
1302 4307 1367 4374 ⁷³,
1413 4327 1431 4359 ι
1472 4307 1599 4378 quia
1636 4315 1753 4362 erat
1801 4305 2029 4377 angelus

2134 3131 2230 3170 nos
2296 3114 2390 3184 qui
2456 3112 2740 3181 sequimur
2791 3110 2985 3164 ducem
3036 3107 3219 3163 Jesnm
3268 3118 3323 3163 et
3368 3108 3711 3162 Salvatoretu

2131 3216 2399 3262 nostrum.
2456 3204 2562 3259 Sed
2598 3202 2727 3272 quid
2752 3202 2883 3255 dicit
2916 3199 3217 3255 Dominus?
3274 3219 3291 3250 ι
3319 3199 3395 3253 Ne
3444 3198 3709 3258 verearis,

2134 3298 2311 3368 inquit
2339 3297 2407 3361 ",
2442 3311 2471 3349 a
2499 3293 2639 3348 facie
2664 3308 2877 3357 eorum,
2908 3291 3032 3360 quia
3064 3292 3300 3343 crastina
3330 3291 3417 3343 die
3445 3290 3545 3343 hac
3575 3290 3711 3343 hora

2132 3390 2338 3443 tradam
2370 3403 2467 3443 eos
2499 3387 2552 3440 in
2585 3399 2780 3438 manus
2812 3394 2951 3440 tuas.
2980 3402 2998 3435 ι
3029 3381 3197 3437 Video
3231 3382 3371 3451 quod
3398 3382 3556 3437 hodie
3594 3398 3703 3434 non

2132 3497 2414 3551 possumus
2446 3480 2571 3535 illos
2612 3493 2802 3534 omnes
2838 3477 3184 3547 opprimere,
3224 3492 3322 3531 nec
3357 3486 3587 3531 Cunctos
3627 3477 3711 3527 in-

2135 3572 2399 3638 terficere,
2455 3573 2550 3626 sed
2618 3570 2861 3625 crastino
2914 3570 3275 3638 perimeatur,
3342 3568 3394 3622 id
3446 3576 3530 3623 est
3584 3576 3710 3635 pOsl.

2131 3664 2651 3719 consunnnationem
2682 3663 2837 3729 hujus
2868 3664 3073 3716 smculi.
3120 3661 3273 3717 Tunc
3302 3664 3501 3716 etenim
3528 3664 3710 3716 omnis

2130 3758 2304 3811 virtus
2333 3756 2611 3811 contraria
2641 3756 2981 3819 destruetur,
3019 3764 3073 3809 et
3111 3763 3239 3809 tunc
3275 3754 3487 3823 penitus
3526 3754 3709 3807 vince-

2132 3860 2238 3914 tur,
2287 3863 2411 3901 cum
2457 3848 2657 3900 videris
2693 3847 2757 3900 iis
2800 3847 2889 3914 qui
2936 3862 2965 3899 a
3017 3847 3261 3900 sinistris
3304 3854 3427 3899 sunt
3476 3848 3577 3899 dici
3608 3847 3701 3897 77:

2136 3942 2255 3994 tlte
2309 3940 2361 3993 in
2404 3941 2582 4009 ignem
2635 3948 2920 4002 :eternum,
2972 3952 3133 4006 quem
3194 3939 3522 4007 praeparavit
3568 3936 3706 3990 Deus

2133 4029 2348 4085 diabolo
2371 4039 2424 4083 ct
2452 4028 2655 4098 angelis
2688 4029 2825 4098 ejus.
2856 4047 2874 4081 ι
2914 4027 3068 4084 Tunc
3099 4029 3242 4084 enim
3276 4038 3329 4083 et
3366 4044 3463 4082 nos
3491 4030 3538 4082 si
3566 4029 3706 4082 vice-

2133 4123 2323 4186 rimus,
2356 4131 2409 4175 et
2440 4120 2694 4174 obtinere
2723 4123 3041 4192 poterimus,
3078 4133 3370 4189 sequentes
3396 4120 3580 4175 Iesum
3608 4123 3705 4173 du-

2130 4228 2267 4277 cem,
2323 4213 2693 4281 percipiemus
2742 4230 2963 4283 regnum
2999 4219 3140 4282 quod
3196 4214 3516 4284 praeparavit
3568 4214 3707 4265 Deus

2135 4305 2298 4359 Pater
2327 4308 2533 4361 sanctis
2562 4307 2696 4372 suis,
2727 4321 2782 4360 et
2814 4307 2879 4359 iis
2906 4309 2994 4374 qui
3028 4307 3279 4360 mandata
3310 4306 3425 4375 ejus
3461 4316 3513 4359 et
3542 4305 3704 4373 justi-

447 4393 607 4450 lueis.
644 4395 807 4462 Quasi
851 4397 1069 4452 lucerna
1106 4411 1287 4455 autem
1349 4410 1431 4455 est
1475 4399 1565 4454 ille
1607 4400 1696 4468 qui
1740 4398 2027 4468 trauslign—
2060 4385 2103 4439 Ι)
2137 4395 2237 4448 tias
2284 4395 2668 4465 impleverunt,
2728 4412 2824 4465 per
2887 4397 3061 4465 ipsmu
3114 4397 3399 4451 Domimnn
3457 4406 3705 4450 nostrum

452 4498 537 4541 rat
572 4503 631 4542 se
684 4489 736 4542 in
774 4491 1022 4559 angelum
1065 4490 1224 4545 lucis.
1269 4491 1335 4545 Et
1375 4492 1421 4544 si
1473 4491 1556 4544 vis
1600 4492 1773 4544 adhuc
1802 4490 2025 4544 eviden-

449 4580 558 4633 tius
596 4594 821 4635 noscere
856 4581 1190 4636 diﬂ'erentias
1232 4582 1620 4645 lucernarum,
1655 4590 1707 4634 et
1744 4582 1900 4649 quasi
1948 4581 2027 4634 lu-

446 4686 761 4737 ceruarum,
796 4690 914 4743 quae
942 4674 996 4727 iu
1029 4674 1300 4728 Ceneroth
1336 4683 1483 4736 sunt,
1520 4672 1644 4726 audi
1681 4670 2022 4726 Salvatorezn

2136 4488 2317 4543 Jcsum
2345 4488 2646 4551 Christum,
2673 4492 2755 4543 cui
2784 4501 2867 4543 est
2894 4491 3061 4559 gloria
3105 4500 3161 4545 et
3194 4490 3478 4558 imperium
3513 4491 3563 4543 in
3600 4505 3705 4544 sa:-

2136 4582 2256 4634 cula
2279 4581 2621 4636 saeculorum.
2653 4584 2840 4635 Amen.

514 4764 564 4795 τί
596 4763 794 4848 Dsztlttt.
816 4780 887 4818 ιι.
964 4766 1009 4797 ⁷²
1037 4763 1079 4819 ιι
1113 4763 1238 4819 Cor.
1273 4778 1334 4828 tt,
1368 4762 1453 4817 ll.
1530 4763 1575 4794 ⁷³
1597 4761 1753 4816 Joan.
1794 4779 1846 4827 v,
1873 4762 1965 4848 3.:‘5.

2133 4778 2245 4818 .uc.
2282 4779 2383 4827 xu,
2408 4762 2497 4815 55.
2574 4764 2617 4794 ⁷⁸
2650 4763 2769 4820 Gal.
2804 4781 2852 4829 ν,
2889 4764 2940 4817 7.
3018 4761 3195 4817 7‘Jos.
3224 4778 3298 4825 XI,
3329 4764 3380 4817 6.
3447 4765 3489 4793 ⁷⁷
3513 4762 3702 4822 Matth.

448 4851 576 4898 xxv,
612 4835 701 4890 εΗ.

519 4928 631 4993 (66)
673 4926 767 4993 ΖίῙ
812 4937 988 4979 autent
1045 4927 1444 4994 interpretatur,
1494 4925 1755 4995 quomodo
1786 4924 1949 4994 ﬂuit!
1986 4925 2029 4978 Α

442 5009 531 5057 ιτς
560 5000 633 5049 ~el
658 5008 749 5055 τινι
783 5017 799 5048 ι
842 4997 1022 5050 liuere.
1062 5014 1079 5045 ι

521 5068 633 5137 (67)
678 5070 833 5132 Quod
862 5067 1124 5135 signiﬁcat
1167 5068 1506 5132 venatricem,
1543 5065 1620 5119 vel
1650 5077 1947 5119 venatores.
1982 5068 2023 5119 Λ

444 5147 541 5196 'mr
582 5157 599 5187 ι
640 5138 848 5193 venari.
882 5154 899 5185 ι

519 5212 631 5277 (68)
674 5207 946 5277 Magnam.
979 5206 1140 5263 Deest
1167 5208 1217 5260 in
1245 5206 1377 5261 libb.
1409 5208 1591 5272 editis,
1627 5206 1720 5260 sed
1751 5206 1945 5276 legitur
1974 5207 2025 5258 in

450 5276 834 5334 Gemeticensi.

524 5350 637 5416 (69)
677 5349 1067 5419 Interpretatur
1106 5358 1282 5403 autem
1323 5349 1501 5403 Araba
1540 5347 1767 5402 insidia’.
1802 5346 1882 5401 Ab
1908 5356 2027 5403 3'18

456 5433 475 5467 ι
515 5420 797 5475 iusidiattts
821 5430 922 5475 est.
961 5440 980 5473 ι

523 5488 634 5558 (70)
674 5488 854 5545 Codex
884 5490 1199 5560 Sangertn.,
1235 5509 1253 5542 ι
1290 5488 1776 5560 impugnatoribus.
1810 5506 1829 5539 ι
1868 5486 2022 5540 Libb.

450 5558 604 5619 editi.
622 5578 653 5630 qr
683 5558 1164 5630 eXpugnaloribus.
1188 5579 1208 5613 ι

525 5633 569 5697 (ἶ
592 5628 638 5698 l)
682 5626 1065 5696 Interpretatur
1092 5643 1265 5683 autem
1300 5628 1552 5684 Ceneroth
1584 5628 1735 5697 quasi
1771 5626 2018 5683 lurernw.

452 5698 529 5753 Et
554 5715 586 5762 ο
620 5721 636 5754 ι
673 5701 828 5772 quasi
864 5718 881 5751 ι
916 5709 970 5754 ct
994 5711 1061 5759 *τι
1101 5720 1120 5753 ι
1147 5702 1386 5756 lucerna.
1434 5720 1451 5752 ι

2207 4923 2319 4992 (72)
2362 4920 2711 4988 Faneaudor,
2743 4928 2831 4995 qui
2857 4926 3236 4993 interpretatur
3266 4928 3557 4980 conversio.
3602 4925 3705 4978 Me-

2137 4992 2244 5047 lius
2268 4996 2723 5062 interpretaretnr
2755 4992 2771 5045 i
2799 4992 3085 5049 conversio
3107 4997 3477 5063 generationis
3508 5016 3526 5048 ι
3549 5013 3578 5051 a
3600 5005 3704 5056 ται.)

2143 5082 2160 5115 t
2187 5067 2457 5135 (’ttlrlvcrl'lll.
2484 5083 2502 5114 ι
2535 5077 2590 5120 et
2613 5074 2711 5123 ἾΠ
2746 5084 2764 5115 ι
2794 5067 3090 5135 generatio.
3132 5084 3150 5114 ι

2208 5134 2320 5202 (75)
2352 5134 2482 5188 Mss.
2519 5153 2536 5186 ι
2568 5135 2695 5187 alia.
2731 5156 2748 5186 ι
2785 5134 2940 5189 Lihb.
2983 5136 3108 5186 editi
3138 5148 3153 5186 :
3187 5153 3205 5185 ι
3236 5134 3347 5187 illa.
3379 5154 3397 5187 ι

2206 5202 2707 5276 (πλωιαηίιηανοε,
2771 5206 2859 5276 qui
2913 5207 3328 5271 interpretantur
3380 5205 3517 5257 velut
3563 5221 3705 5257 cont-

2133 5277 2280 5327 moti.
2316 5274 2469 5331 Exzi
2498 5275 2632 5328 sicut
2662 5274 2846 5339 ictam
2876 5277 3135 5335 nuovcri,
3164 5277 3551 5328 commoveri.»
3587 5277 3704 5325 Cae-

2134 5353 2305 5396 terum
2328 5344 3065 5412 prmvelutcommotiude
3087 5346 3281 5411 legitur
3311 5346 3362 5397 in
3395 5360 3550 5409 mss.,
3581 5345 3703 5397 libri

2129 5416 2260 5467 editi
2294 5415 2491 5468 habent
2524 5434 2541 5465 ι
2573 5416 2713 5468 Velut
2747 5417 3110 5469 commotior)
3146 5414 3347 5469 ibidem
3380 5415 3508 5468 libb.
3533 5415 3701 5467 editi:

2137 5501 2156 5534 ι
2198 5485 2288 5551 qui
2313 5500 2527 5552 semper
2550 5485 2603 5539 in
2636 5488 2962 5541 motionibus
2990 5498 3043 5538 et
3079 5486 3328 5538 ﬂuctibus
3359 5495 3703 5553 permanent,

2132 5563 2184 5608 et
2218 5555 2284 5605 ad
2311 5555 2632 5620 maritimos,
2663 5576 2680 5606 ι
2718 5560 2810 5610 sed
2839 5573 2966 5609 mss.
3004 5566 3061 5609 ut
3095 5557 3146 5609 in
3177 5567 3362 5607 nostro
3391 5565 3562 5609 textu.

2202 5623 2313 5693 (75)
2344 5622 2633 5677 Antorrlta'i
2660 5630 3072 5697 interpretantur
3106 5639 3506 5681 amarcsct’utcs.
3527 5627 3707 5685 A't‘tn

2137 5712 2154 5745 ι
2190 5708 2431 5748 amarum
2468 5709 2607 5751 €558.
2642 5715 2659 5748 l
