4104 6226
364 382 469 439 897

925 492 1202 548 IIOMILIA
1250 494 1363 549 XV.

371 596 433 645 lu
463 604 522 641 ea
549 602 668 656 qua:
694 598 1083 653 consequuntur
1116 598 1229 654 post
1268 587 1444 658 Jubin.
1468 606 1484 637 ι
1516 588 1716 657 Ειβτίι
1756 590 1936 658 Iesus,

599 658 786 727 inquit,
819 658 952 710 sicut
980 667 1296 725 pra'ceperat
1328 660 1373 711 ei
1410 657 1691 713 Dominus.
1729 683 1748 713 ι

438 776 488 830 l.
524 774 632 828 Nisi
660 774 791 826 bella
830 774 930 828 ista
960 772 1201 827 carnalia
1233 774 1458 842 figurant
1495 774 1758 829 bellorum
1789 779 1942 848 spiri-

364 867 548 921 talium
608 876 881 933 gererent,
948 881 1264 934 nunquam,
1315 866 1532 935 opinor.
1582 864 1935 925 Judaicarum

365 958 712 1011 historiarum
747 955 863 1009 libri
897 957 1179 1026 discipulis
1196 957 1420 1020 Christi,
1451 958 1541 1027 qui
1582 960 1722 1013 venit
1750 975 1937 1029 pacem

365 1050 581 1113 docere,
633 1048 841 1118 legendi
898 1049 950 1101 in
996 1048 1246 1103 ecclesiis
1283 1051 1509 1104 fuissent
1560 1051 1630 1104 ab
1680 1054 1940 1118 apostolis

367 1144 571 1196 traditi.
620 1143 737 1208 tao
786 1142 931 1195 enim
971 1142 1051 1195 eis
1079 1140 1343 1195 bellorum
1378 1144 1667 1211 proliceret
1708 1145 1809 1198 ista
1841 1147 1930 1199 de-

364 1235 612 1303 scriptio,
644 1233 839 1302 quibus
867 1233 1064 1286 dicitur
1094 1230 1163 1285 ab
1186 1230 1312 1286 Jesu
1340 1233 1385 1263 ⁷⁸
1417 1248 1432 1285 :
1470 1251 1487 1283 ι
1522 1233 1715 1287 Pacem
1761 1252 1935 1289 nteant

364 1328 434 1377 do
475 1325 658 1389 vobis,
712 1339 896 1392 pacem
932 1338 1104 1377 meant
1144 1324 1389 1394 relinquo
1423 1325 1623 1379 vobis?
1652 1346 1669 1378 ι
1718 1327 1778 1379 Et
1819 1328 1940 1395 qui-

363 1416 462 1468 bus
518 1430 612 1483 pcr
674 1414 987 1483 Apostolqu
1036 1414 1262 1482 jubetur
1316 1426 1369 1470 et
1428 1417 1738 1470 dicitur":
1781 1419 1937 1472 «Non

364 1508 718 1575 vosmetipsos
776 1506 1110 1559 vindicantes
1136 1545 1152 1570 ,
1184 1490 1203 1557 ι
1250 1516 1306 1559 et
1344 1524 1356 1563 :
1396 1526 1413 1557 ι
1442 1506 1612 1577 Magis
1687 1509 1937 1575 iujuriam

363 1598 617 1666 accipite,
655 1617 673 1649 ι
710 1608 805 1651 et:
840 1616 858 1647 ι
890 1596 1055 1664 Magis
1105 1596 1349 1652 fraudem
1399 1600 1690 1667 patimini?
1726 1621 1744 1653 ι
1788 1600 1939 1657 Unde

362 1688 601 1756 denique
646 1688 827 1740 sciens
875 1688 1168 1754 Apostolus
1222 1689 1368 1742 nulla
1428 1693 1582 1745 nobis
1635 1692 1745 1761 jam
1800 1694 1938 1746 ultra

362 1780 497 1833 bella
532 1795 653 1833 esse
677 1779 968 1833 carnaliter
997 1784 1328 1853 peragenda,
1387 1787 1481 1837 sed
1533 1786 1731 1839 animm
1761 1798 1939 1840 certa-

360 1872 506 1922 mina
562 1882 748 1922 contra
806 1871 1080 1940 spiritales
1158 1874 1505 1928 adversarios
1576 1877 1931 1939 desudanda,

360 1960 506 2013 velut
557 1962 813 2030 magister
866 1961 1070 2017 militia:
1129 1975 1456 2032 plmceptutn
1513 1967 1607 2019 dat
1672 1967 1934 2022 militibus

357 2051 559 2105 Christi
591 2054 775 2106 dicens
800 2054 844 2085 ⁸ο
874 2070 887 2106 :
935 2073 953 2105 t
983 2055 1189 2109 luduite
1220 2070 1313 2108 vos
1346 2072 1498 2109 arma
1531 2056 1621 2111 Dei
1653 2097 1669 2123 ,
1713 2069 1771 2113 ut
1804 2075 1931 2128 pos-

358 2142 477 2196 sitis
500 2153 646 2197 stare
683 2144 944 2200 adversus
990 2145 1219 2199 astutias
1260 2144 1373 2217 (76)
1426 2148 1648 2203 diaboli.
1686 2168 1704 2200 ι
1748 2150 1815 2204 Ει
1874 2162 1933 2206 ιιι

359 2232 551 2287 horum
602 2236 924 2303 spiritalium
986 2237 1253 2291 bellorum
1325 2253 1391 2291 ex
1455 2250 1699 2295 veterum
1769 2244 1937 2312 gestis

358 2323 559 2379 habere
590 2328 857 2394 possimus
885 2330 1157 2399 exempla,
1191 2330 1325 2383 istas
1350 2330 1506 2386 nobis
1537 2348 1719 2388 rerum
1752 2347 1932 2405 gesta-

359 2430 477 2468 rum
512 2418 855 2471 narrationes
886 2417 937 2470 in
974 2418 1207 2473 ecclesia
1240 2421 1409 2474 voluit
1441 2424 1685 2487 recitari,
1720 2436 1777 2478 ut
1811 2443 1930 2488 nos,

357 2507 401 2560 si
432 2507 702 2575 spiritales
728 2522 937 2571 smnus,
966 2511 1252 2565 audientes
1271 2514 1397 2581 quia
1433 2514 1515 2568 lex
1537 2516 1798 2583 spiritalis
1827 2528 1934 2580 est,

361 2602 412 2654 in
486 2601 550 2653 iis
609 2615 729 2669 qua:
790 2601 1042 2653 audinms
1088 2604 1200 2671 (77)
1256 2606 1597 2676 spiritalibus
1664 2609 1934 2676 spiritalia

357 2703 749 2757 comparemus,
777 2700 829 2743 et
864 2693 1295 2761 contemplemur
1326 2712 1391 2750 ex
1430 2697 1495 2750 iis
1534 2699 1791 2768 gentibus
1816 2716 1937 2765 qua:

358 2780 632 2834 carnalem
692 2780 853 2835 Israel
902 2784 1187 2838 visibiliter
1236 2800 1655 2858 Oppugnarunt,
1718 2800 1937 2859 quantze

359 2873 468 2927 sint
520 2883 708 2941 gentes
746 2876 1147 2930 contrariarum
1176 2879 1435 2934 virtutum
1464 2892 1528 2930 ex
1562 2876 1931 2950 spiritalibus,

358 2979 476 3033 quas
504 2965 755 3019 dicuntur
788 2967 1059 3034 spiritales
1078 2970 1332 3038 nequitiae
1356 2972 1407 3024 in
1441 2972 1777 3035 cmlestibus,
1810 2988 1930 3041 qua:

360 3057 615 3112 adversus
650 3058 950 3114 Ecelesiam
982 3060 1220 3128 Domini,
1257 3078 1378 3132 qua:
1421 3077 1504 3118 εει
1548 3080 1712 3119 verus
1744 3066 1932 3131 Israel,

1341 382 1405 436 IN
1447 380 1703 437 LIBRUM
1740 377 1903 433 JESU
1943 379 2128 433 ΝᾹΥΕ
2170 381 2449 439 llOMllJA
2493 384 2608 439 XV.

3514 379 3620 436 898

1972 506 2013 559 Α
2051 498 2142 552 Dei
2176 500 2401 567 implens
2421 499 2603 562 Iesus.
2636 498 2764 552 fecit
2794 496 2933 550 sicut
2963 496 3219 564 praecepit
3249 494 3299 550 ei
3334 494 3614 552 Dominus.

2046 590 2099 644 In
2138 607 2243 659 quo
2277 594 2452 659 primo
2483 592 2724 645 omnium
2767 590 2998 643 dicimus
3026 588 3092 639 ad
3124 600 3237 649 eos,
3287 590 3377 656 qui
3430 591 3619 643 volunt

2042 684 2340 736 secundum
2367 682 2603 736 litteram
2641 689 2848 734 tantum
2883 679 2996 733 haec
3020 677 3182 748 432
3208 680 3456 749 intelligi,
3491 682 3618 748 quia

2043 766 2088 821 si
2117 768 2334 835 quidem
2360 765 2761 833 supertuissent
2796 767 2963 833 aliqui
2997 782 3062 821 ex
3114 768 3383 832 hostibus,
3421 786 3615 823 consc-

2042 872 2214 927 queus
2240 858 2523 911 videbatur
2548 871 2718 925 equos
2748 858 3097 920 subnervari,
3148 874 3213 911 ne
3257 860 3333 912 uti
3364 860 3443 913 eis
3492 861 3616 928 quis

2043 958 2227 1014 posset
2269 948 2335 1000 ad
2400 946 2603 1015 fugam.
2646 946 2802 1001 Nunc
2844 964 2973 1002 vero
3024 964 3146 1002 cum
3196 950 3414 1004 dicatur
3442 952 3621 1005 nullus

2044 1039 2269 1094 relictus
2314 1055 2435 1093 esse
2485 1040 2578 1110 qui
2612 1040 2847 1109 spiraret
2904 1042 2954 1093 in
3004 1042 3272 1106 hostibus,
3306 1059 3405 1097 cur
3454 1045 3618 1098 etiam

2042 1135 2164 1201 equi
2195 1135 2517 1187 subnervari
2560 1132 2847 1201 jubentur,
2901 1133 2989 1199 qui
3040 1134 3225 1201 utique
3258 1136 3375 1187 usui
3407 1150 3469 1188 ac
3523 1136 3623 1187 tui—

2045 1223 2269 1277 nistcrio
2303 1232 2554 1291 poterant
2584 1238 2704 1278 esse
2740 1225 3073 1277 victoribus?
3124 1224 3217 1277 Vis
3259 1234 3437 1277 autem
3477 1227 3622 1279 scire

2043 1316 2169 1384 quia
2198 1316 2403 1368 soleant
2454 1315 2708 1369 Israelita:
2750 1316 2911 1381 hujus
2945 1317 3019 1369 rei
3049 1328 3104 1370 et
3136 1318 3389 1369 utilitatis
3414 1318 3617 1371 habere

2044 1421 2254 1469 curam,
2284 1417 2336 1458 et
2376 1406 2607 1461 devictis
2651 1407 2899 1460 hostibus
2926 1410 2991 1459 ad
3024 1422 3151 1461 suos
3182 1424 3309 1461 usus
3341 1424 3621 1461 reservare

2039 1495 2316 1562 jumeuta?
2377 1496 2430 1550 In
2477 1497 2730 1552 Numeris
2775 1498 3007 1566 legimus
3048 1501 3309 1567 scriptum
3359 1500 3427 1565 3’,
3494 1501 3621 1569 quia

2044 1602 2164 1641 cum
2195 1604 2258 1641 cx
2293 1598 2562 1656 prmccpto
2599 1588 2693 1642 Dei
2730 1592 3127 1657 processissent
3153 1606 3395 1659 pugnare
3427 1592 3620 1644 adver—

2044 1698 2160 1734 sum
2209 1680 2562 1745 Madianitas,
2619 1684 2844 1737 devictis
2894 1684 3140 1738 hostibus
3194 1683 3400 1752 aliquot
3456 1685 3621 1738 millia

2046 1775 2321 1827 asinorum
2365 1775 2429 1827 de
2467 1773 2645 1843 praeda
2685 1775 2924 1828 hostium
2964 1788 3317 1829 reservarunt
3352 1776 3469 1830 suis
3510 1779 3622 1830 usi-

2044 1862 2143 1915 bus
2172 1863 2506 1931 profuturos,
2547 1882 2646 1920 nec
2677 1867 2898 1919 ontniuo
2930 1866 3167 1919 refertur
3195 1868 3266 1922 ibi
3300 1868 3424 1938 quia
3452 1869 3623 1922 inter-

2040 1953 2266 2008 fecerint
2300 1958 2482 2011 asinos
2528 1958 2770 2011 hostibus
2798 1959 3087 2025 superatis.

2111 2048 2166 2103 ὃ.
2226 2049 2334 2103 Nos
2395 2063 2523 2118 ergo
2581 2047 2919 2116 Scripturam
2979 2060 3224 2106 sanetam
3295 2053 3620 2123 sibimetipsi

2040 2144 2407 2209 conferentes,
2437 2152 2491 2197 et
2517 2142 2857 2212 spiritalibus
2888 2144 3156 2209 spiritalia
3206 2154 3619 2212 comparantes,

2040 2233 2385 2302 requiramus
2414 2234 2545 2302 quid
2574 2242 2656 2287 est
2682 2234 2825 2300 quod
2852 2233 2916 2285 de
2950 2234 3124 2286 asinis
3151 2234 3368 2303 quidem
3398 2250 3503 2288 non
3540 2244 3623 2289 est

2040 2324 2302 2391 SCl'lpltllll
2332 2325 2456 2392 quia
2504 2323 2816 2378 subnervati
2846 2335 3008 2387 sunt,
3055 2339 3152 2378 nec
3202 2324 3619 2379 Madianitarum

2040 2417 2209 2485 spolia
2240 2417 2324 2471 vel
2364 2416 2619 2469 animalia
2661 2416 2983 2485 interempta
3044 2416 3314 2482 dicantur,
3355 2418 3449 2471 sed
3493 2433 3621 2487 pro-

2043 2510 2208 2564 fuisse
2242 2509 2555 2564 lsraeliticis
2614 2509 2799 2563 usibus
2828 2525 2841 2561 :
2870 2511 2937 2562 de
2964 2508 3083 2562 istis
3127 2517 3309 2562 autem
3353 2508 3443 2578 qui
3499 2525 3608 2565 non

2042 2603 2318 2656 habebant
2354 2602 2555 2663 asinos,
2595 2601 2689 2655 sed
2726 2615 2900 2667 equos
2926 2639 2942 2664 ,
2990 2600 3245 2669 praecepit
3295 2601 3409 2670 ipse
3440 2602 3623 2657 Domi-

2043 2708 2167 2758 nus,
2205 2703 2258 2747 et
2289 2693 2645 2761 dixit,Equos
2674 2708 2866 2748 eorum
2898 2695 3307 2749 subnervabitis
3339 2714 3354 2751 :
3386 2697 3529 2765 quod
3567 2706 3623 2751 et

2039 2782 2202 2839 Jesus
2235 2783 2377 2838 sicut
2406 2797 2436 2835 a
2469 2782 2699 2838 Domino
2729 2787 3040 2849 mandatur,
3064 2786 3325 2855 explevit.
3361 2787 3621 2844 Pntamus

2041 2874 2156 2929 lucc
2193 2875 2458 2928 accidisse
2494 2872 2758 2941 fortuitu,
2807 2886 2864 2929 ut
2913 2878 3036 2946 equi
3076 2878 3301 2932 hostiles
3339 2879 3623 2933 interinte-

2041 2975 2256 3026 rentnr,
2297 2974 2350 3018 et
2386 2965 2526 3019 asini
2566 2977 2939 3032 servarentur,
2997 2976 3054 3021 et
3108 2968 3160 3021 in
3198 2972 3481 3038 praeceptis
3529 2971 3620 3025 Dei

2041 3054 2269 3108 fortuita
2302 3054 2494 3126 .aliqua
2545 3057 2880 3113 arbitramur
2942 3060 3223 3115 incidere?
3280 3063 3361 3116 Att
3408 3063 3623 3133 dignius

358 3147 623 3200 suscitent
654 3148 811 3200 bella.
843 3147 1101 3203 Moabita:
1141 3155 1366 3205 veniunt
1398 3162 1450 3205 et
1488 3154 1839 3219 Auunonitze,
1878 3166 1933 3210 et
1961 3167 2006 3229 ς
2041 3148 2254 3202 Videtur
2291 3157 2349 3203 ιιι
2379 3158 2633 3217 putemus
2666 3153 2839 3219 magis
2880 3153 2931 3205 iu
2960 3153 3026 3206 iis
3057 3153 3400 3222 Scripturam
3428 3158 3621 3226 mysti-

354 3251 548 3291 omues
588 3237 659 3290 illi
698 3253 871 3306 reges,
900 3250 952 3293 et
989 3248 1180 3310 gentes
1212 3243 1548 3308 invisibiles,
1593 3260 1734 3314 quas
1773 3262 1931 3316 supe-

360 3331 473 3383 rius
508 3332 923 3386 memoravimus
945 3374 960 3398 ,
1003 3337 1289 3390 adversum
1330 3353 1428 3391 nos
1462 3340 1685 3392 veniunt
1722 3356 1931 3410 pugna-

361 3429 495 3475 tune
522 3422 656 3493 (78),
686 3424 751 3477 ad
786 3426 885 3479 hoc
917 3437 972 3478 ut
1004 3442 1229 3494 peccare
1256 3445 1356 3482 nos
1381 3430 1601 3482 faciant.
1630 3432 1764 3495 Quia
1791 3434 1933 3485 sicut

360 3527 557 3583 corpus
592 3527 811 3584 accepto
836 3517 962 3570 ferri
993 3520 1217 3573 vulnere
1258 3523 1511 3577 moritur.
1552 3523 1623 3573 ita
1656 3533 1709 3575 et
1750 3525 1927 3577 anima

360 3617 581 3675 accepto
647 3610 851 3676 peccati
905 3610 1127 3664 vulnere
1186 3613 1435 3665 moritur.
1488 3614 1551 3667 Et
1607 3626 1737 3681 puto
1786 3616 1930 3683 quod

359 3700 548 3753 eadem
578 3700 913 3769 frequentius
937 3703 1121 3757 dicere
1148 3705 1304 3758 nobis
1329 3706 1547 3773 quidem
1575 3708 1784 3777 pigrum
1813 3724 1932 3763 esse

359 3794 583 3855 debeat,
617 3796 763 3847 vobis
793 3806 968 3849 tamen
1008 3799 1373 3851 necessarimn
1407 3800 1497 3853 sit.
1532 3798 1748 3853 Utinam
1782 3805 1930 3856 enim

362 3885 444 3937 vel
506 3885 845 3954 frequentius
896 3890 1039 3942 dicta
1092 3891 1205 3943 lucc
1255 3891 1452 3945 animis
1501 3895 1699 3947 vestris
1741 3898 1933 3951 crebro

360 3979 626 4033 inculcata
661 3982 908 4046 teneatis,
942 3992 1000 4034 ut
1040 3998 1142 4036 non
1183 3984 1295 4037 lnec
1333 3983 1591 4053 legentes.
1632 3987 1711 4039 vel
1742 3987 1931 4040 .ludai-

358 4088 479 4125 cum
531 4073 582 4125 in
627 4075 707 4127 eis
754 4088 970 4127 sensum
1002 4076 1253 4138 teneatis,
1312 4076 1393 4129 vel
1448 4079 1787 4131 luereticum.
1827 4078 1931 4133 Sed

358 4174 710 4234 posteaquam
764 4167 1092 4235 generaliter
1144 4168 1601 4229 comtnonuimus,
1663 4186 1766 4222 non
1824 4173 1933 4226 erit

359 4256 691 4327 superfluum
721 4260 883 4311 etiam
931 4259 1213 4327 speciatim
1251 4261 1317 4315 de
1348 4261 1414 4315 iis
1441 4276 1563 4330 quze
1604 4263 1735 4315 lecta
1779 4274 1930 4331 sunt,

360 4361 532 4416 pauca
566 4346 858 4401 disserere.
892 4349 1218 4418 Repeteutes
1251 4352 1418 4421 igitur
1445 4368 1507 4407 ea
1532 4369 1651 4423 qure
1680 4354 1733 4407 itt
1770 4370 1932 4424 sape-

361 4437 601 4490 riuribus
627 4438 823 4492 omissa
860 4442 1090 4504 fuerant,
1126 4444 1482 4500 disseramus.

2038 3257 2161 3297 cum
2199 3242 2402 3310 aliquid
2440 3242 2731 3298 iudicare?
2772 3245 3013 3314 Denique
3045 3254 3099 3299 et
3143 3246 3234 3299 filii
3274 3246 3439 3300 Israel
3488 3265 3622 3301 ιιιιιι-

2039 3349 2201 3403 quam
2248 3334 2405 3403 equis
2455 3334 2534 3387 usi
2577 3349 2699 3389 esse
2745 3336 3079 3397 referuntur.
3132 3346 3186 3390 et
3227 3336 3310 3390 lex
3367 3338 3499 3391 nihil
3556 3341 3623 3393 de

2036 3426 2214 3494 equis,
2248 3426 2340 3479 sed
2372 3425 2438 3479 de
2465 3425 2639 3479 asinis
2689 3427 2931 3491 mandat,
2968 3436 3155 3496 utpote
3186 3428 3252 3482 de
3295 3429 3624 3484 animalibus

2038 3533 2160 3588 qua:
2205 3521 2274 3573 ad
2326 3520 2593 3574 lmmanos
2642 3518 2856 3574 labores
2897 3521 3186 3590 juvandos,
3240 3533 3295 3577 et
3343 3524 3409 3578 ad
3451 3539 3619 3578 onera

2036 3628 2224 3667 eorum
2259 3614 2523 3680 portanda
2548 3611 2800 3666 videntur
2821 3615 3107 3679 exsistere,
3142 3617 3264 3685 equi
3290 3630 3417 3671 vero
3448 3618 3622 3687 magis

2038 3704 2102 3757 ad
2136 3704 2413 3757 hominum
2444 3704 2806 3772 perditionem
2838 3724 2850 3759 :
2891 3705 2993 3758 hoc
3033 3707 3177 3759 enim
3214 3720 3317 3770 est.
3349 3710 3491 3776 quod
3525 3726 3621 3778 per

2038 3811 2132 3850 eos
2183 3798 2238 3849 in
2282 3795 2482 3865 prieliis
2521 3797 2754 3866 geritur.
2806 3796 3017 3851 Lascivi
3056 3807 3234 3852 motus
3289 3801 3512 3865 animal,
3565 3813 3619 3855 et

2038 3890 2283 3957 superbae
2336 3888 2570 3943 cervicis
2625 3890 2912 3958 accipitur.
2967 3889 3106 3941 Sunt
3150 3906 3282 3958 ergo
3317 3891 3453 3944 asini
3510 3892 3621 3946 fre-

2037 3990 2268 4048 quenter
2292 3996 2321 4033 a
2359 3980 2642 4048 Scriptura
2696 3981 2750 4034 in
2794 3993 2918 4051 typo
2961 3981 3203 4050 gentium
3240 3983 3398 4051 positi
3437 3985 3621 4038 :sicut

2036 4082 2093 4124 et
2126 4070 2374 4125 Salvator
2402 4071 2713 4125 ostenditur
2740 4086 2901 4141 supra
2944 4074 3158 4125 asinum
3198 4074 3417 4137 sedens,
3470 4088 3613 4125 mm-

2037 4179 2199 4233 quam
2225 4173 2404 4216 autem
2427 4176 2567 4231 equo
2593 4162 2790 4217 sedens
2817 4163 3071 4220 refertur.
3098 4163 3202 4217 Sed
3224 4172 3279 4217 et
3310 4179 3433 4218 cum
3460 4163 3621 4218 disci-

2038 4256 2193 4327 pulos
2229 4256 2393 4309 mittit
2438 4257 2504 4309 ad
2533 4254 2847 4310 solvendam
2886 4257 3115 4317 asinam,
3173 4266 3229 4311 et
3268 4256 3471 4326 pullum
3509 4258 3619 4311 asi-

2038 4364 2142 4414 nze,
2163 4348 2292 4402 dicit
2319 4348 2398 4401 eis
2423 4347 2468 4378 ⁸³
2494 4366 2507 4400 :
2545 4365 2564 4400 ι
2604 4348 2660 4402 Si
2688 4348 2810 4417 quis
2841 4363 2937 4402 vos
2970 4348 3407 4419 interrogaverit,
3455 4350 3620 4403 dicite

2038 4442 2164 4510 quia
2192 4441 2451 4495 Dominus
2486 4441 2568 4496 eis
2603 4456 2741 4508 opus
2776 4441 2957 4495 habet.
2987 4460 3005 4492 ι
3079 4441 3146 4494 Et
3203 4441 3404 4495 sedens
3456 4457 3622 4510 super

432 4528 487 4582 2.
529 4548 546 4580 ‹
571 4530 632 4582 Et
666 4530 791 4584 fecit
817 4572 830 4594 ,
865 4533 1038 4601 inquit
1060 4536 1127 4600 ει,
1162 4537 1240 4590 eis
1268 4536 1426 4591 ,ιεευς
1445 4579 1460 4603 ,
1490 4539 1633 4593 sic";
1662 4554 1929 4609 prmcepe.
1966 4512 2013 4572 0
2038 4542 2161 4581 eum
2183 4528 2483 4597 ingreditur
2505 4528 2828 4593 Jerusalem,
2862 4540 2917 4583 et
2945 4546 3219 4599 nunquam
3243 4545 3384 4599 equo
3412 4531 3614 4585 sedens

365 4630 448 4674 rat
480 4623 528 4675 ei
575 4622 849 4678 Dominus.
890 4627 1070 4696 Equos
1100 4645 1286 4681 eorum
1315 4629 1688 4694 subnervavit,
1725 4641 1779 4683 et
1808 4647 1935 4685 cur-

366 4730 457 4769 rus
485 4732 671 4770 eormn
702 4721 910 4773 exussit
943 4721 1073 4790 igni.
1121 4722 1186 4775 Et
1228 4736 1525 4776 conversus
1560 4721 1719 4777 Jesus
1760 4725 1811 4775 in
1848 4723 1937 4776 illo

366 4818 606 4875 tetnpore
631 4814 917 4880 occupavit
962 4812 1103 4866 Asor
1130 4824 1183 4867 et
1216 4828 1395 4883 regem
1438 4814 1556 4882 ejus
1584 4815 1786 4869 occidit
1822 4814 1937 4885 gla-

364 4902 473 4965 dio,
506 4911 560 4954 et
590 4903 862 4957 interfecit
902 4922 1117 4959 omnem
1151 4907 1242 4977 qui
1283 4908 1527 4974 spirabat
1567 4907 1620 4961 in
1656 4922 1718 4961 ea
1763 4909 1815 4961 in
1842 4922 1937 4962 ore

363 4992 548 5059 gladii,
577 5002 627 5047 et
655 4998 998 5051 exterminati
1036 5008 1161 5051 sunt
1200 5012 1412 5062 omnes,
1449 4996 1522 5051 ita
1553 5005 1613 5051 ut
1640 5014 1743 5052 non
1776 4999 1937 5053 relin-

364 5103 623 5158 queretur
655 5092 707 5144 in
739 5106 801 5144 ea
836 5090 927 5159 qui
956 5090 1273 5159 respiraret.
1296 5108 1313 5140 ι
1341 5087 1652 5141 Mandatum
1680 5089 1882 5143 dicitur
1905 5103 1934 5141 a

366 5185 478 5240 Deo
508 5185 693 5236 datum
734 5184 798 5235 ad
828 5180 1034 5246 Jesum,
1082 5190 1138 5234 ut
1182 5190 1533 5249 posteaquam
1574 5188 1941 5249 expugnasset

366 5275 551 5330 hostes
598 5275 848 5342 superius
913 5282 1266 5335 memoratos,
1328 5270 1456 5323 nulli
1507 5280 1792 5339 parceret,
1842 5272 1936 5323 sed

362 5382 533 5435 equos
576 5380 759 5421 eorum
800 5362 1180 5417 subnervaret.
1232 5360 1385 5413 Unde
1428 5361 1575 5413 velut
1614 5362 1934 5414 mandatum

432 5466 479 5497 "
500 5462 655 5517 Joan.
702 5476 811 5517 χιν,
858 5458 948 5511 27.
1028 5458 1121 5511 "I
1170 5458 1295 5512 Cor.
1348 5473 1421 5521 vt,
1473 5456 1526 5511 7.

364 5551 477 5599 ur,
505 5535 559 5588 ’5.
635 5532 682 5563 ³⁸
722 5530 887 5584 Zaeli.
918 5545 996 5593 ιχ,
1024 5529 1107 5583 l0.

433 5648 546 5717 (76)
579 5651 691 5702 Duo
722 5663 851 5702 mss.
880 5648 1255 5711 Ebroicenses,
1303 5669 1319 5697 ι
1352 5644 1596 5717 insidias.
1632 5666 1649 5697 ι

435 5715 549 5788 (77)
589 5720 770 5772 Codex
809 5719 1096 5789 Sangerm.
1145 5736 1161 5768 ι
1186 5717 1459 5771 audimus.
1489 5735 1507 5769 ι
1566 5715 1721 5772 Libb.
1749 5716 1881 5772 editi
1921 5732 1934 5769 :

369 5810 387 5844 ι
409 5791 733 5848 audivimus.
759 5808 777 5840 ι

1602 5458 1647 5491 ⁸ο
1698 5457 1894 5525 Ephes.
1942 5470 2016 5519 ιι,
2068 5455 2153 5507 ll.

2036 4620 2315 4689 ingressus
2342 4633 2464 4674 esse
2489 4619 2708 4674 dicitur.
2753 4622 2858 4675 Sed
2894 4631 2949 4675 et
2991 4623 3255 4691 propheta
3289 4625 3357 4675 de
3395 4623 3510 4691 ipso
3546 4623 3618 4674 ita

2035 4712 2501 4781 praanuntiaverat
2548 4711 2693 4779 quod
2737 4712 2934 4766 sedens
2984 4714 3139 4768 asino
3186 4713 3396 4766 veniret
3429 4712 3495 4764 ad
3529 4710 3619 4765 Je-

2036 4806 2293 4871 rusalem,
2362 4805 2551 4861 dicens
2602 4805 2649 4838 ⁸⁵
2688 4823 2700 4859 :
2737 4824 2754 4856 t
2784 4805 2923 4859 Ecce
2981 4820 3075 4859 rex
3127 4814 3248 4858 tuus
3301 4813 3619 4857 mansuetus

2053 4900 2248 4952 sedens
2264 4911 2428 4967 super
2453 4897 2790 4967 subjugalem
2825 4907 2879 4950 et
2907 4895 3111 4964 pullum
3135 4895 3300 4948 asina:
3323 4894 3616 4949 novellum.

2036 4991 2100 5044 Et
2131 4990 2513 5045 exterminabit
2539 5004 2733 5044 currus
2763 4987 3019 5055 Ephrem,
3060 4995 3115 5039 et
3137 5000 3332 5055 equum
3360 5000 3427 5040 ex
3458 4984 3617 5041 Jeru-

2037 5082 2230 5135 salem.
2270 5100 2288 5132 ι
2345 5080 2507 5135 Vides
2545 5093 2674 5148 ergo
2701 5079 2825 5147 quia
2854 5077 2989 5147 (79),
3018 5078 3312 5130 secundum
3344 5078 3621 5147 propheta:

2036 5174 2383 5238 sententiam,
2415 5172 2503 5241 qui
2546 5184 2708 5238 super
2752 5169 2963 5221 asinum
2997 5168 3178 5232 sedet,
3237 5170 3621 5222 ex-terminabit

2036 5280 2229 5317 currus
2262 5264 2520 5332 Ephrem.
2555 5272 2610 5316 et
2657 5276 2854 5329 equum
2899 5262 2963 5314 de
3015 5258 3339 5314 Jerusalem.
3395 5260 3458 5313 Et
3502 5262 3620 5313 ideo

2039 5359 2291 5409 videntur
2328 5356 2456 5409 mihi
2499 5354 2637 5409 asini
2673 5352 2916 5422 quidem,
2976 5361 3034 5405 ut
3084 5353 3340 5415 diximus,
3392 5352 3618 5421 ﬁgurant

2229 5453 2271 5483 ⁸³
2302 5449 2416 5505 Jos.
2459 5466 2537 5514 χι,
2586 5449 2742 5503 9-H.
2832 5448 2878 5479 ⁸¹
2911 5448 3070 5501 Num.
3116 5462 3266 5501 aut.
3342 5446 3388 5477 ⁸³
3422 5445 3616 5500 Matth.

2114 5643 2225 5715 (78)
2268 5639 2432 5707 Idem,
2468 5658 2486 5693 ι
2532 5648 2870 5710 pugnaturae.
2910 5656 2927 5689 ι
2976 5636 3133 5691 Libb.
3172 5637 3323 5701 editi,
3371 5651 3621 5706 «pugna-

2047 5725 2229 5855 “"6193
2259 5782 2381 5839 uss.
2419 5782 2613 5851 «Quia.
2646 5798 2663 5832 ι
2703 5780 2859 5834 Libb.
2895 5779 3044 5843 editi,
3090 5797 3108 5831 ι
3139 5777 3433 5849 ιιιιοηιοσίο·
3464 5794 3484 5831 ⁵
