4104 6226
492 272 596 328 399

1934 262 2254 322 ORlGEXlS

3769 249 3892 302 νῦν

493 406 711 447 servare
749 404 937 444 eorum
969 390 1058 458 qui
1085 406 1148 444 ex
1180 391 1425 460 gentibus
1459 392 1712 456 credunt,
1748 404 1912 458 super
1934 403 2069 456 quos
2100 389 2144 444 Α
2171 383 2296 452 quis
2349 383 2531 450 equini
2581 382 2796 450 seueris
2842 381 2909 432 ἀεὶ
2943 379 3132 447 εροιίίε
3163 377 3398 431 hosﬁum
3431 383 3682 440 Cap”
3732 372 3886 425 διιδ-

495 483 607 555 (80)
639 484 843 536 sedisse
878 483 1140 538 scribitur
1165 485 1454 551 Dominus;
1477 485 1597 551 equi
1623 497 1748 535 vero
1774 484 1864 551 qui
1890 491 2073 536 exter-

495 577 786 638 minautur,
825 585 879 628 et
902 591 1116 641 currus,
1147 577 1370 645 figuram
1400 588 1584 629 tenere
1611 575 1825 629 illorum
1846 614 1860 637 ,
1886 574 1978 642 qui
2019 576 2070 624 iu

491 665 806 720 cretes-tibus
832 667 1013 734 positi,
1043 682 1138 736 per
1171 667 1450 720 lasriviam
1482 676 1537 720 et
1580 666 1888 735 superbiam
1921 665 2071 717 deci-

494 759 708 819 derunt,
741 757 956 826 quando
979 755 1058 810 vel
1090 757 1154 810 ad
1195 757 1334 811 ﬁlias
1367 757 1644 811 hominum
1676 759 2072 826 concupiscen-

493 845 609 909 das,
645 847 967 915 semctipsos
1018 847 1326 900 incentores
1380 847 1491 916 (8f)
1539 849 1928 916 prmhuerunt,
1990 847 2069 900 vel

492 935 664 988 secuti
718 945 842 988 sunt
896 935 1069 997 illum,
1121 936 1210 1004 qui
1263 935 1402 988 dixit
1442 937 1490 968 ⁸³
1537 955 1549 989 :
1603 936 1853 990 «Ponant
1912 953 2075 1006 super

493 1026 666 1079 nubes
713 1025 893 1077 sedem
949 1039 1141 1084 n-eam,
1203 1033 1258 1076 et
1308 1039 1402 1079 ero
1454 1027 1646 1080 similis
1702 1027 2007 1081 Altissimo.
2051 1046 2068 1077 ι

496 1117 621 1170 Inde
657 1116 904 1168 fortassis
933 1126 1018 1169 est
1049 1114 1191 1184 quod
1222 1126 1276 1170 et
1307 1115 1576 1186 Propheta
1614 1119 1747 1173 dicit
1779 1120 1823 1150 ⁸⁸
1857 1138 1870 1172 :
1909 1139 1926 1170 ι
1952 1119 2075 1172 Fal-

505 1222 598 1260 sus
631 1221 804 1273 equus
829 1208 892 1258 ad
926 1207 1174 1260 salutem.
1210 1225 1229 1260 ι
1281 1207 1348 1261 Et
1374 1208 1568 1262 iterum
1599 1209 1727 1263 dicit
1782 1212 1846 1263 de
1891 1211 1954 1264 iis
1982 1211 2071 1278 qui

498 1299 551 1350 in
589 1298 923 1351 daemonibus
959 1298 1300 1354 confidebant
1335 1299 1380 1330 ⁸⁷
1418 1318 1433 1356 :
1469 1319 1486 1351 ι
1514 1299 1574 1353 1Ιί
1612 1301 1661 1353 ἰιι
1698 1303 1986 1364 curribus,
2015 1312 2069 1355 et

497 1390 529 1442 ii
566 1391 617 1440 in
649 1390 830 1452 equis,
862 1407 958 1442 nos
985 1404 1165 1444 autem
1201 1393 1256 1446 in
1291 1393 1514 1445 nomine
1564 1393 1655 1445 Dei
1705 1393 1878 1446 nostri
1923 1394 2074 1447 invo-

495 1480 737 1534 cahimus
785 1482 914 1551 (82!.
953 1501 970 1533 ι
1017 1481 1198 1552 Neque
1231 1485 1374 1536 enim
1413 1499 1614 1536 currus
1649 1493 1701 1538 et
1743 1499 1912 1552 equos
1965 1485 2075 1538 Deo

495 1569 814 1624 contulisset
847 1580 1110 1640 quantum
1171 1574 1236 1625 ad
1293 1573 1651 1626 invocantium
1698 1582 1906 1642 Spectat.
1940 1576 2074 1628 :sed

495 1658 681 1726 utique
749 1661 848 1712 hoc
905 1660 1168 1723 ostendit,
1225 1663 1349 1730 quia
1406 1663 1550 1714 sicut
1597 1676 1694 1716 nos
1754 1663 2073 1717 invocamus

499 1751 662 1806 Deum
692 1768 898 1817 verum,
936 1753 1005 1805 ita
1041 1753 1111 1805 illi
1167 1755 1424 1807 invocant
1451 1768 1646 1807 currus
1689 1764 1744 1808 et
1778 1771 1968 1822 equos,
2016 1756 2068 1810 id
2107 1727 2146 1783 Β

496 1857 580 1898 est
619 1845 910 1908 dmmoues,
971 1861 1106 1915 quos
1145 1844 1470 1899 invocabant
1522 1857 1713 1915 gentes
1771 1848 1904 1912 illze,
1957 1864 2074 1916 qme

495 1938 757 1989 adversus
805 1937 968 1991 Israel
1000 1938 1195 1992 bellum
1229 1939 1508 2006 gerebant.
1547 1938 1652 1992 Sed
1689 1949 1746 1994 et
1787 1939 2073 2011 Egyptio-

498 2043 613 2079 rum
647 2043 820 2095 equos
853 2038 1246 2082 commemorat
1303 2027 1586 2095 Scriptura
1616 2071 1630 2095 ,
1675 2039 1727 2085 et
1763 2031 1896 2085 istos
1933 2032 2078 2099 ipsos

497 2134 630 2186 quos
663 2135 805 2172 nunc
854 2120 1093 2174 interimi
1142 2119 1313 2186 jubet.
1368 2119 1516 2174 Unde
1561 2122 1664 2176 hoc
1718 2124 1938 2194 intelligi
1985 2123 2078 2174 da-

499 2221 583 2264 tur
609 2211 742 2282 (85),
767 2212 907 2280 quod
933 2212 984 2264 in
1019 2222 1144 2283 typo
1175 2211 1390 2280 quidem
1424 2214 1702 2267 asinorum
1735 2227 1924 2282 gentes
1956 2231 2079 2285 qua:

497 2302 562 2354 ad
611 2301 987 2355 credulitatem
1042 2303 1283 2365 veniunt,
1341 2303 1536 2357 nterito
1588 2317 1986 2361 reservantur:
2019 2307 2072 2361 in

500 2405 624 2463 typo
674 2408 802 2446 vero
851 2410 1134 2464 equorum,
1189 2406 1243 2450 et
1297 2411 1594 2462 curruum,
1655 2399 1926 2455 dtemones
1981 2402 2073 2469 qui

498 2484 748 2536 humana:
787 2484 944 2538 saluti
975 2486 1269 2540 adversarii
1303 2497 1449 2553 sunt,
1506 2499 1559 2542 et
1613 2489 1840 2553 inimici,
1876 2495 2076 2546 merito

499 2574 860 2640 perimuntur.
895 2574 998 2630 Sed
1031 2587 1083 2630 et
1119 2579 1162 2632 si
1194 2580 1476 2647 passiones
1509 2583 1752 2651 corporis
1776 2620 1792 2646 ,
1852 2583 1904 2636 id
1957 2593 2076 2646 est,

498 2665 804 2732 libidinem,
837 2666 1133 2727 lasciviam,
1171 2669 1253 2724 vel
1285 2670 1636 2740 superbiam,
1671 2686 1735 2726 ac
1771 2672 2072 2736 levitatem,

499 2755 699 2824 quibus
750 2755 937 2810 infelix
994 2757 1172 2811 anima
1229 2759 1375 2812 velut
1423 2763 1681 2830 equitaus
1715 2771 1990 2829 vectatur,
2025 2775 2082 2818 et

498 2851 673 2906 fertur
732 2853 797 2907 ad
843 2851 1159 2922 praecipitia,
1218 2867 1388 2921 equos
1436 2871 1578 2910 nunc
1615 2857 1717 2910 dici
1765 2866 1821 2912 et
1878 2873 2072 2912 currus

501 2941 896 3011 intelligamus,
941 2951 992 2995 et
1044 2942 1187 3010 ipsos
1215 2958 1336 2996 esse
1390 2945 1480 3012 qui
1532 2962 1599 3000 ex
1652 2960 1928 3019 praecepto
1987 2950 2078 3003 Dei

2177 483 2383 528 nervet.
2403 473 2640 538 Quorum
2661 483 2840 526 autem
2862 472 2982 538 equi
3009 468 3447 523 sulmervantur?
3485 467 3630 520 Est
3669 467 3880 517 etiam

2176 565 2276 618 hoc
2298 579 2472 632 opera:
2500 565 2729 632 pretium
2760 575 3024 630 qumrere.
3059 559 3260 628 Equos,
3291 560 3494 626 inquit
3527 558 3634 621 '°,
3681 553 3884 610 Jahiu

2173 656 2334 729 433
2349 655 2776 709 subncrvandos.
2795 654 2953 707 Jabin
2975 662 3152 706 autem
3175 650 3464 719 prudentia
3514 650 3595 701 in
3607 660 3884 714 cer-pre-

2177 755 2326 801 tatur
2371 744 2456 799 vel
2485 761 2692 802 sensus.
2741 743 2874 809 Qum
2925 751 3008 796 est
3037 745 3136 796 ista
3168 739 3497 810 prudentia,
3557 737 3682 790 vel
3727 736 3880 806 quis

2175 852 2398 903 sensus,
2436 835 2591 903 cnjns
2635 835 3055 889 suLuervandns
3093 843 3174 886 cst
3212 831 3458 886 currus?
3514 829 3732 884 Illius
3771 831 3873 883 ui-

2176 932 2406 996 mirnm,
2445 931 2510 984 de
2537 944 2642 996 qua
2673 927 2806 980 dicit
2836 925 3124 995 Apostolus
3154 925 3220 987 ",
3252 925 3378 992 quia
3418 942 3437 974 ι
3473 925 3865 994 prudentia

2175 1023 2358 1076 carnis
2407 1021 2629 1075 inimica
2664 1028 2746 1073 est
2799 1019 2945 1072 Deo:
2985 1037 3004 1069 ι
3055 1028 3108 1072 et
3150 1017 3234 1071 ille
3281 1032 3487 1070 sensus
3530 1059 3551 1076 .
3603 1018 3697 1070 de
3739 1033 3861 1087 quo

2175 1117 2306 1169 dicit
2351 1117 2416 1180 ",
2474 1133 2491 1165 ι
2524 1114 2692 1168 inflati
2733 1129 2891 1168 sensu
2945 1113 3127 1167 carnis
3171 1127 3302 1163 sum.
3334 1130 3352 1162 ι
3415 1110 3628 1164 .labin
3698 1127 3854 1162 vero

2178 1222 2272 1260 rex
2302 1207 2460 1259 Asor.
2504 1206 2644 1258 Asnr
2677 1215 2858 1258 autem
2910 1205 3034 1257 aula
3066 1205 3490 1270 interpretatur.
3547 1201 3721 1256 "ac
3743 1214 3840 1254 est

2175 1300 2317 1350 Aser
2350 1313 2469 1365 qua:
2497 1296 2739 1349 omnium
2775 1296 2969 1349 horum
3027 1309 3310 1363 regnorum
3338 1293 3636 1347 obtinere
3677 1295 3834 1347 dici-

2179 1399 2267 1442 tur
2313 1389 2726 1458 principatum:
2779 1390 2866 1457 qui
2917 1388 3240 1458 intclligitur
3287 1387 3561 1454 princeps
3633 1387 3824 1455 hujus

2179 1480 2364 1534 tnundi
2406 1495 2639 1548 regnans
2670 1481 2719 1533 in
2755 1480 2874 1532 aula
2907 1520 2922 1540 ,
2973 1481 3023 1534 id
3054 1490 3133 1534 est
3158 1521 3171 1544 ,
3201 1496 3365 1546 super
3399 1491 3652 1543 terram,
3715 1483 3813 1536 It!

2177 1573 2319 1638 quod
2371 1573 2544 1641 majus
2573 1583 2657 1627 est
2687 1614 2700 1634 ,
2747 1575 2798 1626 in
2835 1573 2981 1627 vitiis
3015 1574 3220 1627 carnis.
3271 1571 3380 1625 Sed
3433 1583 3478 1626 et
3505 1573 3785 1626 omnium

2183 1662 2394 1718 illorum
2443 1679 2648 1733 regunt,
2697 1681 2933 1732 quorum
2979 1665 3084 1717 vim
3125 1664 3430 1718 secundum
3479 1667 3765 1720 nouimus:

2177 1768 2399 1807 suorum
2427 1756 2928 1823 interpretationem
2952 1755 3062 1822 jam
3091 1764 3214 1808 ante
3234 1755 3620 1822 exposuimus,
3645 1754 3774 1822 equi

2179 1849 2248 1901 ab
2271 1845 2399 1901 .lesu
2433 1847 2687 1901 dicuntur
2721 1848 2975 1901 interfici.
3012 1845 3250 1910 Quorum
3281 1861 3378 1901 nos
3412 1845 3456 1898 si
3483 1856 3651 1900 recte
3681 1846 3787 1896 sub

2177 1939 2302 1995 Jesu
2351 1941 2490 1994 duce
2547 1938 2882 2003 militamus,
2941 1939 3202 1992 debemus
3243 1937 3295 1990 in
3350 1936 3794 2005 nobismetipsis

2178 2032 2502 2086 abscindere
2535 2032 2691 2094 vitia,
2726 2041 2780 2084 et
2807 2043 3030 2100 accepto
3063 2029 3292 2097 spiritali
3328 2029 3511 2098 gladio
3537 2031 3795 2084 suimet--

2179 2137 2307 2174 vare
2332 2137 2548 2175 omnem
2594 2122 2756 2175 istum
2792 2123 3093 2190 equitatum
3141 2123 3437 2190 pessimum
3479 2121 3792 2176 vitiorum.

2182 2210 2287 2266 Sed
2318 2222 2372 2265 et
2413 2229 2605 2266 currus
2631 2213 2890 2268 debemus
2920 2214 3211 2268 incendere
3231 2255 3245 2276 ,
3276 2215 3327 2267 id
3357 2223 3465 2279 est,
3489 2228 3730 2268 onmem
3755 2227 3788 2263 a

2182 2303 2339 2356 nobis
2365 2307 2695 2373 arrogantia:
2729 2315 2784 2358 et
2819 2305 3074 2360 elatioais
3106 2307 3355 2373 spiritum
3393 2322 3681 2369 resecare,
3727 2317 3790 2356 ut

2181 2395 2322 2448 ultra
2366 2411 2475 2450 non
2511 2397 2562 2449 in
2594 2398 2750 2465 equis
2787 2413 2962 2466 neque
2994 2397 3047 2450 in
3080 2399 3248 2451 armis
3272 2438 3286 2461 ,
3327 2399 3418 2451 sed
3460 2401 3512 2451 in
3543 2401 3785 2451 nomine

2181 2487 2394 2542 Domini
2442 2488 2532 2542 Dei
2567 2491 2736 2542 nostri
2786 2490 3118 2543 invocemus.
3153 2490 3434 2554 Quomodo
3479 2502 3670 2544 autem
3725 2492 3781 2541 in

2182 2579 2592 2648 nobismetipsis
2635 2581 3026 2648 complebimus
3071 2595 3122 2635 et
3173 2583 3274 2635 hoc
3314 2583 3460 2649 quod
3501 2584 3654 2650 dicit,
3717 2595 3782 2636 ιιι

2184 2686 2289 2723 non
2341 2671 2658 2724 remittatur
2707 2671 2850 2724 ullus
2885 2671 2973 2740 qui
3029 2671 3306 2739 respiret?
3345 2670 3643 2728 Videndum
3684 2689 3780 2728 cst

2182 2761 2304 2828 quis
2334 2761 2524 2828 sitqui
2573 2775 2674 2815 nec
2720 2762 2996 2831 respirare
3041 2763 3260 2830 quidem
3308 2780 3406 2832 per
3433 2778 3770 2835 pra-ceptum

2189 2852 2407 2906 Domini
2434 2851 2678 2920 jubetur.
2725 2853 2889 2909 Verbi
2921 2869 3080 2908 causa
3115 2894 3130 2915 ,
3169 2855 3212 2909 si
3259 2855 3336 2909 ira
3372 2859 3672 2912 ascenderit
3708 2859 3768 2910 in

2183 2959 2278 2997 cor
2309 2959 2485 2997 meum
2513 2983 2528 3008 ,
2563 2954 2738 3013 potest
2772 2945 2884 3000 fieri
2937 2955 2993 2998 ut
3021 2961 3184 3015 opera
3222 2947 3435 3014 quidem
3466 2949 3764 3003 iracundia:

497 3035 815 3089 subncrvari
845 3034 1123 3103 jubentur,
1173 3051 1276 3087 non
1320 3036 1426 3088 erit
1479 3040 1676 3094 rationi
1719 3054 1917 3096 nostra:
1950 3057 2081 3097 con-
2109 3063 2151 3120 ο
2189 3051 2292 3091 non
2326 3036 2607 3104 impleam,
2639 3037 2724 3091 vel
2763 3048 2904 3091 metu
2937 3040 3254 3103 deterritus,
3288 3040 3367 3093 vel
3390 3041 3538 3093 etiam
3570 3040 3750 3093 futuri

502 3127 666 3182 traria
731 3127 1108 3198 intelligentia.
1175 3129 1555 3187 Subnervatur
1641 3149 1817 3204 equus
1883 3136 2080 3205 quippe

498 3222 714 3289 quando
771 3223 988 3291 jejuniis
1039 3235 1094 3276 et
1145 3223 1368 3294 vigiliis,
1421 3235 1478 3280 et
1531 3227 1680 3280 omni
1737 3229 2082 3283 abstinentia:

500 3311 791 3367 afﬂictione
842 3329 1042 3382 corpus
1095 3316 1434 3373 humiliatur.
1488 3318 1556 3373 Et
1588 3335 1781 3374 currus
1814 3321 1921 3391 igni
1950 3336 2082 3375 exu-

502 3413 710 3468 runtur,
769 3421 887 3459 cum
947 3407 998 3459 in
1059 3407 1216 3462 nobis
1271 3411 1581 3478 completur
1635 3427 1816 3466 sermo
1869 3413 2082 3469 Domini

500 3496 730 3551 dicentis
748 3493 863 3544 “:t
887 3498 1067 3566 ignem
1093 3499 1216 3552 veni
1261 3501 1477 3554 mittere
1503 3501 1553 3554 in
1585 3510 1808 3566 terram,
1839 3512 1892 3557 et
1917 3518 2081 3573 quam

500 3587 622 3640 volo
658 3597 716 3641 ut
750 3589 1094 3642 accendatur.
1137 3608 1155 3641 ι
1221 3589 1338 3656 Quo
1375 3592 1496 3660 igne
1537 3590 1652 3659 jam
1679 3609 1737 3648 se
1782 3593 1854 3648 illi
1889 3597 2082 3650 ardere

501 3677 734 3733 confessi
759 3689 902 3743 sunt,
937 3681 1028 3750 qui
1062 3680 1312 3737 dicebant
1335 3684 1379 3715 ⁸ο
1403 3702 1415 3736 :
1443 3701 1460 3733 ι
1494 3684 1682 3740 Nuuue
1715 3702 1810 3740 cor
1837 3699 2077 3742 nostrqu

499 3779 619 3823 erat
639 3771 838 3826 ardens
869 3771 1006 3826 intra
1041 3787 1163 3839 nos,
1207 3789 1331 3827 cum
1374 3776 1690 3844 adaperiret
1725 3778 1881 3832 nobis
1919 3779 2074 3833 Scri-

498 3863 726 3934 pturas?
759 3888 778 3916 ο
811 3863 939 3919 Ideo
961 3881 1090 3933 ergo
1122 3875 1175 3920 et
1212 3867 1378 3923 falsus
1402 3883 1574 3937 equus
1613 3869 1816 3924 dicitur
1843 3871 1908 3923 ad
1932 3869 2078 3925 salu—

502 3963 632 4019 tem,
678 3956 722 4010 si
771 3965 950 4012 motus
999 3960 1245 4026 corporis
1303 3961 1474 4013 nostri
1527 3961 1657 4015 ferri
1703 3963 2080 4031 permittamus

501 4045 766 4111 infrenos,
800 4062 900 4103 nec
937 4049 1284 4104 abstinentia:
1313 4048 1444 4119 jngo
1487 4051 1691 4106 lasciva
1733 4055 1919 4107 carnis
1965 4053 2079 4124 (84)

498 4149 557 4193 et
587 4141 816 4208 superba
853 4141 992 4197 colla
1025 4145 1343 4201 subdamus.
1399 4146 1506 4200 Sed
1551 4155 1605 4198 et
1667 4159 1812 4199 nunc
1859 4144 1904 4199 si
1955 4146 2080 4215 quis

2179 3129 2369 3198 judicii
2403 3130 2596 3182 timore
2627 3129 2898 3183 cohibitus
2928 3151 2939 3184 :
2979 3132 3072 3185 sed
3128 3148 3254 3193 non,
3295 3132 3479 3203 inquit,
3506 3132 3602 3187 hoc
3625 3133 3744 3186 suf-

2187 3223 2320 3288 ficit,
2346 3222 2612 3292 agendum
2646 3221 2738 3275 tibi
2768 3221 2948 3291 potius
2973 3234 3076 3284 est,
3104 3233 3367 3291 quatenus
3403 3240 3466 3279 ne
3490 3231 3594 3293 ipsa
3623 3226 3754 3291 qui-

2187 3313 2308 3368 dem
2338 3312 2633 3366 commotio
2661 3312 2952 3365 iracundia:
2983 3314 3160 3368 locum
3197 3314 3395 3368 habeat
3430 3317 3565 3367 intra
3596 3327 3665 3368 te.
3698 3314 3756 3366 Si

2188 3406 2332 3460 enim
2357 3405 2662 3460 effervescit
2695 3403 2913 3457 animus
2933 3413 2987 3455 et
3016 3405 3391 3468 conturbatur,
3413 3408 3620 3459 etiamsi
3657 3424 3757 3459 non

2185 3496 2495 3567 impleverit
2528 3510 2663 3563 opus
2689 3535 2704 3556 ,
2733 3494 2848 3562 ipsa
2893 3506 3074 3548 tamen
3122 3497 3461 3564 perturbatio
3507 3499 3762 3550 indecens

2184 3599 2269 3644 est
2313 3589 2362 3642 ei
2414 3589 2504 3657 qui
2551 3587 2653 3642 sub
2678 3587 2806 3642 Jesu
2845 3587 3045 3640 militat
3092 3587 3248 3642 duce.
3303 3589 3565 3644 Similiter
3604 3601 3663 3645 et
3699 3595 3763 3645 de

2185 3681 2639 3750 cuncupiscentizu
2691 3681 2824 3733 vitio
2856 3718 2872 3743 ,
2921 3690 2976 3734 et
3023 3680 3090 3734 de
3129 3681 3396 3745 tristitia},
3445 3684 3763 3749 ceterisque

2185 3775 2438 3827 omnibus
2461 3771 2805 3826 sentiendum
2831 3780 2932 3825 est.
2963 3771 3036 3825 De
3053 3772 3252 3841 quibus
3274 3773 3485 3825 cunctis
3511 3772 3580 3824 ita
3599 3789 3762 3841 agen-

2187 3866 2310 3919 dum
2339 3875 2423 3918 est
2472 3862 2739 3931 discipulo
2771 3861 2923 3923 Jesu,
2958 3874 3016 3915 nt
3047 3862 3179 3916 nihil
3217 3863 3439 3916 omnino
3469 3864 3663 3916 borum
3710 3864 3761 3916 in

2185 3959 2302 4028 ejus
2338 3959 2507 4012 corde
2557 3959 2787 4026 respiret
2816 3973 2831 4010 :
2868 3973 2935 4010 ne
2960 3956 3100 4010 forte
3127 3957 3170 4008 si
3206 3955 3356 4024 parvi
3390 3955 3617 4025 alicujus
3649 3955 3762 4008 vitii

2185 4062 2276 4102 aut
2309 4050 2649 4104 consuetudo
2676 4057 2770 4101 aut
2807 4049 3064 4118 cogitatio
3097 4047 3436 4116 relinquatur
3462 4047 3514 4100 in
3555 4049 3722 4100 corde
3747 4085 3763 4109 ,

2185 4157 2444 4213 processu
2471 4143 2730 4212 temporis
2755 4141 3121 4203 convalescat,
3147 4150 3202 4194 et
3223 4139 3478 4210 paulatim
3511 4142 3658 4193 vires
3685 4139 3763 4192 la-

501 4229 640 4285 furte
690 4248 754 4286 ex
803 4235 884 4288 his
944 4249 1064 4304 qua:
1109 4236 1343 4292 dicimus
1393 4237 1484 4290 Dei
1524 4239 1716 4292 verbis
1765 4236 2080 4291 stimulatur
2115 4255 2155 4310 ο
2187 4234 2397 4288 titando
2432 4235 2764 4304 conquirat,
2815 4243 2979 4301 atque
3011 4233 3078 4286 ad
3113 4233 3360 4286 ultiauuu
3402 4243 3613 4286 revocet
3668 4247 3763 4284 nos

501 4333 664 4393 atque
686 4328 1086 4395 compungitur,
1116 4329 1238 4382 etis
1269 4329 1360 4398 qui
1395 4331 1650 4384 hesterno
1682 4330 1769 4383 die
1792 4343 1996 4397 pronus
2024 4340 2079 4383 et

503 4417 740 4470 fervidus
798 4427 1054 4486 tauquam
1113 4435 1288 4489 equus
1340 4422 1391 4474 in
1447 4421 1724 4477 libidinem
1781 4422 2079 4483 ferebatur,

503 4504 662 4558 hodie
690 4504 735 4558 si
763 4505 847 4560 his
876 4507 1078 4562 auditis
1107 4511 1355 4577 pcenitet,
1385 4520 1752 4577 convertitur,
1787 4527 1850 4566 ac
1883 4529 2078 4566 secun-

501 4597 626 4650 dum
664 4599 978 4668 prophetam
1019 4617 1047 4654 a
1092 4602 1286 4655 timore
1326 4603 1416 4656 Dei
1448 4603 1699 4658 confixus
1730 4603 1972 4658 refrenat
2001 4621 2079 4670 se,

501 4697 556 4742 et
582 4699 800 4744 revocat
828 4706 856 4743 a
893 4702 1136 4760 peccato,
1166 4703 1222 4747 et
1249 4695 1496 4762 pudicam
1533 4696 1729 4750 dehinc
1757 4704 2075 4764 castamque
2099 4692 2102 4696 ’

501 4784 676 4852 d.ligit
714 4785 916 4850 vitam,
966 4787 1272 4842 videbimur
1325 4787 1488 4840 etiam
1551 4803 1646 4840 nos
1697 4787 1876 4858 gladio
1929 4789 2075 4842 verbi

503 4873 596 4928 Dei
635 4870 939 4947 'evagiuato
993 4879 1354 4932 subncrvasse
1391 4894 1559 4946 equos
1595 4894 1608 4932 :
1639 4889 1694 4934 et
1748 4880 1920 4949 magis
1984 4895 2079 4949 per

505 4966 604 5018 hoc
623 4965 782 5033 digne
801 4968 1055 5034 impletur
1080 4979 1408 5038 praeceptum
1435 4969 1549 5036 Dei,
1566 4984 1726 5038 quam
1751 4969 1795 5023 si
1822 4969 2077 5024 animalia

571 5076 617 5107 ⁸⁸
644 5077 760 5129 lsai.
806 5094 913 5138 xiv,
946 5077 1032 5131 ii.
1114 5079 1159 5110 ⁸⁸
1185 5080 1326 5134 Psal.
1365 5079 1644 5142 sum".

499 5147 545 5177 ⁹¹
578 5146 736 5202 Rom.
769 5163 880 5212 \llt,
910 5151 964 5201 7.
1039 5151 1085 5181 ⁸³
1109 5151 1312 5206 Coloss.
1353 5167 1413 5214 tt,
1443 5151 1525 5203 18.

501 5260 684 5381 ιηΞΟ.)
735 5259 862 5315 Mss.
919 5279 936 5313 ι
983 5278 1141 5332 super
1200 5280 1356 5333 quos.
1403 5284 1422 5317 ι
1477 5263 1637 5328 Editi,
1685 5283 1704 5316 ι
1758 5279 1920 5334 super
1967 5263 2087 5332 qui-

541 5345 624 5382 US.

507 5348 686 5518 ϊυῗέι.)
725 5399 846 5455 Mss.
895 5421 910 5452 ι
945 5401 1276 5459 inccntorcs.
1311 5423 1328 5456 ι
1365 5404 1518 5458 Libb.
1563 5404 1716 5458 editi.
1773 5422 1792 5454 ι
1839 5405 2076 5486 incesta-

530 5484 670 5518 Ol‘tla‘.
709 5490 726 5518 Ι

530 5484 670 5521 υΙῚτό.
709 5490 726 5520 I

574 5559 685 5626 (89.)
722 5558 830 5614 Mss
884 5582 902 5614 ι
935 5563 1324 5619 invocabimus.
1353 5584 1368 5613 ι
1409 5564 1562 5618 Libb.
1603 5565 1736 5620 editi
1787 5582 1805 5615 ι
1856 5563 2073 5631 magni-

509 5626 809 5682 licabintur.
840 5651 860 5684 ο
924 5633 1040 5685 Mox
1101 5637 1272 5689 codex
1326 5637 1614 5702 Sangertn.
1666 5653 1685 5686 ι
1716 5651 1889 5703 neque
1925 5626 2069 5688 enim

510 5712 699 5755 currus
733 5710 785 5757 et
815 5717 979 5772 equos
1013 5703 1117 5758 Deo
1153 5708 1465 5771 contuleris,
1505 5708 1598 5760 scd
1639 5705 1850 5772 utique,
1884 5721 1905 5758 ι
1957 5711 2062 5758 etc.

1719 5077 1764 5111 ⁸⁷
1799 5078 1941 5132 Psal.
1973 5080 2135 5138 “,7.

1603 5148 1648 5179 ⁸³
1678 5147 1867 5204 Matth.
1900 5165 1994 5214 XII,
2035 5149 2124 5203 45.

2184 4330 2249 4382 ad
2280 4328 2540 4382 vomitum
2573 4337 2842 4386 nostrum,
2885 4335 2941 4381 et
2970 4327 3101 4378 fiant
3135 4343 3153 4376 ι
3189 4324 3422 4378 hominis
3457 4325 3599 4378 illius
3625 4342 3645 4373 ι
3678 4325 3759 4375 cui

2187 4423 2290 4475 hoc
2339 4420 2638 4483 acciderit,
2701 4418 3045 4472 «novissima
3099 4415 3282 4486 pejora
3325 4417 3601 4486 prioribus
3638 4417 3705 4465 ’3.
3741 4435 3758 4466 ι

2185 4509 2299 4562 lloc
2333 4519 2451 4562 erat
2482 4507 2625 4577 quod
2664 4515 2719 4560 et
2765 4505 3036 4574 Propheta
3070 4503 3413 4575 prospiciens
3451 4504 3506 4558 in
3540 4502 3765 4556 Psalmis

2185 4610 2475 4670 pnemonet
2513 4599 2701 4653 dicens
2739 4598 2822 4652 "z
2883 4618 2902 4650 ι
2939 4598 3136 4652 Beatus
3181 4596 3272 4665 qui
3317 4606 3462 4650 tenet
3491 4603 3550 4648 et
3595 4594 3767 4648 allidit

2187 4689 2442 4761 parvulos
2478 4699 2601 4744 tuos
2627 4689 2694 4744 ad
2725 4700 2972 4757 petram;
3011 4705 3029 4738 ι
3069 4683 3362 4755 Babylonis
3397 4682 3608 4737 scilicet
3639 4696 3763 4748 par-

2188 4780 2360 4844 vulis,
2399 4782 2490 4850 qui
2527 4781 2658 4834 nulli
2694 4781 2784 4835 alii
2825 4779 3222 4848 intelliguntur,
3266 4777 3367 4832 nisi
3408 4777 3765 4845 cogitationes

2191 4875 2343 4928 mala:
2373 4890 2496 4943 qua:
2525 4887 2622 4927 cor
2665 4883 2909 4928 nostrum
2939 4871 3278 4925 confundunt
3315 4880 3368 4924 et
3413 4871 3760 4924 conturbant.

2189 4971 2303 5024 lloc
2341 4971 2487 5022 enim
2521 4969 2908 5037 interpretatur
2952 4967 3186 5038 Babylon
3219 4966 3353 5038 (83).
3385 4966 3514 5033 Quae
3551 4963 3763 5032 cogita-

2231 5078 2278 5108 ⁸⁸
2311 5078 2440 5132 Luc.
2469 5093 2568 5141 xu,
2592 5078 2683 5133 ιθ.
2779 5079 2824 5110 ⁸³
2852 5077 3138 5141 Luc.xxtv,
3175 5074 3265 5129 52.
3367 5075 3413 5108 ”
3447 5073 3560 5129 Jos.
3591 5089 3668 5138 XI,
3705 5071 3758 5125 6.

2203 5149 2250 5181 9"
2279 5149 2420 5203 Psal.
2449 5163 2673 5214 cum,
2701 5148 2754 5202 9.

2207 5334 2217 5345 _
2268 5263 2382 5345 (83)
2411 5261 2540 5319 Mss.
2594 5263 2865 5333 «intelligi
2895 5263 3072 5318 datur.
3113 5281 3130 5313 ι
3163 5259 3322 5316 Libb.
3361 5260 3514 5326 editi,
3552 5277 3570 5310 ι
3597 5256 3754 5312 intel-

2184 5332 2400 5473 ligi‘gglr.
2429 5351 2585 5457 l'aibb-
2637 5404 2789 5468 editi,
2838 5421 2856 5455 ι
2903 5404 3018 5459 fieri
3067 5401 3442 5473 permittamus
3464 5399 3756 5473 _in_fren_es,

2187 5468 2288 5544 nec
2318 5468 2658 5528 abstinentia:
2679 5475 2806 5544 jugo
2839 5468 3114 5528 lasviviain
3147 5471 3352 5527 carnis.
3390 5489 3409 5519 ι
3458 5470 3565 5526 Sed
3587 5468 3753 5523 codex

2189 5542 2676 5611 Sangcrmanensis
2708 5542 2762 5598 ut
2791 5547 2840 5597 iu
2871 5555 3058 5598 nos‘tro
3089 5552 3261 5611 textu,

2260 5606 2375 5684 (εἷ)
2417 5612 2530 5666 Hoc
2581 5616 2720 5668 enim
2769 5606 3746 5679 interpretaturBabylon.«Confusim

2179 5703 2418 5778 Babylon
2448 5707 2836 5774 interpretatur
2864 5722 2892 5759 a
2926 5689 3028 5766 55:
3053 5725 3070 5756 ί
3102 5705 3361 5761 confudit.
3395 5725 3414 5756 ι

2779 5079 2824 5110 ⁸³
2852 5077 3138 5142 Luc.xxrv,
3175 5074 3265 5129 52.
