4104 6226
375 357 471 413 901

1334 348 1398 401 l.\'
1442 348 1705 403 LIBRUM
1744 348 1907 404 JESU
1948 348 2138 404 N.\VE
2173 348 2460 405 HOMILIA
2501 349 2617 403 XV.

3548 366 3654 422 909.

379 476 552 528 tiones
582 472 707 524 dum
746 469 927 523 adhuc
974 467 1212 537 parvulae
1254 477 1400 531 sunt,
1437 478 1490 522 et
1541 469 1695 521 initia
1735 470 1959 530 habent,
1994 476 2037 531 Α
2068 467 2253 522 Potest
2288 476 2469 522 autem
2519 469 2684 522 etiam
2727 470 2793 522 de
2836 469 2953 538 ipso
3002 471 3230 531 Domino
3264 488 3317 532 et
3372 478 3661 539 Salvatore

377 563 623 618 tenendae
655 569 799 623 sunt,
825 570 878 612 et
907 560 1188 613 allidendze
1217 558 1281 611 ad
1310 570 1540 626 petram.
1568 561 1660 629 qui
1692 570 1775 613 est
1804 562 1963 615 Chri-

376 664 496 709 stus
520 694 533 716 ,
576 662 627 706 et
661 656 778 720 ipso
801 650 1023 718 iubente
1053 647 1362 717 jugulauda:
1388 692 1402 715 ,
1440 659 1499 703 ut
1537 650 1672 703 nihil
1724 652 1776 703 in
1809 650 1965 704 nobis

377 745 614 801 resideat
645 747 787 812 quod
835 745 1091 810 respiret.
1126 739 1282 794 Sicut
1320 757 1455 812 ergo
1487 743 1557 796 ibi
1594 743 1811 797 beatum
1850 753 1958 806 est,

379 833 660 904 Babylonis
696 834 950 903 parvulos
995 844 1203 900 tenere,
1230 844 1285 888 et
1330 836 1552 889 allidere
1598 838 1661 891 ad
1713 850 1944 907 petram,

375 933 428 978 et
457 926 808 996 cogitationes
833 926 1000 978 malas
1029 925 1207 979 statim
1242 925 1292 978 in
1325 926 1490 980 initiis
1523 944 1716 981 nccare
1753 948 1764 981 :
1796 930 1864 983 ita
1889 937 1945 984 et

376 1014 464 1069 hic
496 1018 712 1071 beatum
748 1016 1152 1086 intelligendum
1201 1024 1284 1070 est
1323 1026 1378 1070 et
1424 1018 1742 1086 perfectum.
1779 1020 1820 1073 si
1856 1021 1942 1073 ni-

377 1108 452 1160 hil
492 1108 825 1177 relinquatur
862 1108 912 1160 in
962 1107 1117 1161 nobis
1155 1108 1297 1176 quod
1341 1110 1507 1177 possit
1552 1111 1819 1180 gentiliter
1850 1128 1940 1165 rc-

375 1200 596 1266 spirare.

440 1285 492 1338 4.
534 1304 553 1335 ι
583 1284 641 1337 Et
676 1301 896 1348 omnes,
939 1288 1114 1356 inquit
1158 1288 1228 1354 ⁸³,
1265 1300 1422 1358 reges
1451 1302 1638 1342 eorum
1680 1289 1957 1344 interfecit

364 1372 523 1430 Jesus
562 1378 613 1430 in
664 1393 763 1432 ore
807 1378 993 1447 gladii.
1028 1400 1045 1431 ι
1108 1380 1162 1432 ltt
1218 1381 1475 1433 omnibus
1510 1380 1665 1432 nobis
1703 1382 1955 1446 regnavit

368 1478 644 1535 peccatum
669 1510 683 1531 ,
709 1480 760 1523 et
792 1471 1110 1524 inmunibus
1144 1472 1295 1523 nobis
1327 1473 1452 1523 vitia
1483 1485 1867 1537 regnaverunt,
1900 1484 1954 1530 et

368 1559 534 1613 fuitin
555 1561 709 1614 nobis
728 1564 981 1615 omnibus
1011 1578 1234 1630 regnum
1271 1566 1525 1630 generale
1559 1568 1787 1633 peccati,
1812 1568 1953 1621 sicut

366 1659 421 1703 et
456 1653 752 1720 Apostolus
788 1652 921 1705 dicit
950 1653 1031 1706 "z
1084 1672 1103 1702 ι
1131 1656 1331 1707 Umnes
1363 1656 1506 1707 enim
1540 1669 1905 1722 peccaverunt
1933 1698 1950 1723 ,

367 1752 422 1796 et
451 1752 608 1812 egent
655 1743 822 1811 gloria
875 1745 989 1797 Dei.
1029 1764 1047 1795 ι
1093 1743 1478 1814 Unusquisque
1526 1755 1705 1802 tamen
1763 1751 1952 1803 habuit

2068 567 2259 611 nostro
2288 559 2425 622 dici,
2459 559 2583 627 quia
2619 575 2739 627 quae
2771 565 3030 632 prtcccpit
3072 566 3286 637 Moyses
3323 572 3375 623 in
3408 574 3545 644 lege.
3578 576 3658 630 fe-

2066 650 2142 702 cit
2177 646 2356 711 .lesus,
2390 660 2445 701 et
2478 666 2583 701 non
2616 660 2699 702 est
2743 660 3123 721 transgressus
3142 659 3482 729 quidquam:
3520 681 3659 733 quo-

2065 741 2211 792 niam
2243 741 2460 807 quidem
2495 741 2628 794 dicit
2657 743 2952 810 ApoSIolus
2982 746 3023 807 ³,
3055 748 3178 814 quia
3217 768 3234 799 ι
3262 767 3385 805 cum
3414 758 3653 812 venisset

2062 828 2341 896 plenitudo
2372 831 2636 898 temporis
2667 832 2778 902 (88)
2816 834 2961 888 misit
2990 836 3130 891 Deus
3160 839 3353 895 Filium
3386 859 3542 899 suum
3572 848 3655 902 fa-

2062 929 2208 972 ctum
2239 935 2305 971 ex
2340 920 2587 985 muliere,
2625 922 2827 976 factum
2864 926 2965 980 sub
2998 925 3134 997 lege.
3169 949 3187 982 ι
3228 930 3283 985 Si
3315 948 3444 1004 ergo
3478 939 3653 996 factus

2062 1022 2146 1067 est
2192 1014 2291 1068 sub
2338 1014 2491 1083 lege,
2522 1031 2645 1070 cmn
2684 1017 2784 1070 sub
2817 1019 2933 1088 lcge
2966 1033 3109 1077 esset
3148 1026 3284 1094 (89),
3319 1032 3500 1085 omnia
3533 1049 3649 1101 qtae

2058 1103 2144 1158 lex
2180 1106 2472 1161 mandabat
2510 1108 2772 1178 implevit,
2812 1122 2869 1165 ut
2900 1128 2999 1168 nos
3035 1117 3329 1173 redimeret
3358 1137 3386 1174 a
3423 1124 3651 1179 maledi-

2058 1205 2149 1250 (διο
2179 1197 2332 1264 legis.
2366 1198 2470 1253 Sed
2507 1210 2561 1253 et
2601 1201 2713 1269 ipse
2741 1204 2806 1256 de
2835 1218 2894 1256 se
2927 1205 3057 1260 dicit
3088 1208 3129 1272 ³,
3162 1210 3295 1278 quia
3342 1230 3360 1263 ι
3394 1228 3501 1267 non
3529 1215 3651 1271 veni

2058 1286 2233 1357 legem
2258 1290 2492 1354 solvere,
2524 1293 2621 1345 sed
2651 1295 2971 1363 adimplere.
3011 1312 3029 1345 ι

2133 1380 2187 1433 5.
2228 1401 2244 1431 ι
2277 1383 2341 1437 Et
2378 1386 2623 1454 accepit,
2674 1387 2913 1455 iuquit‘,
2954 1386 3107 1443 lesus
3144 1406 3333 1449 omnes
3379 1396 3435 1449 in
3473 1397 3647 1464 bello,

2057 1475 2181 1542 quia
2236 1491 2330 1542 per
2378 1476 2665 1532 Dominum
2714 1479 2922 1533 factum
2975 1492 3061 1535 est
3120 1488 3179 1533 ut
3238 1483 3535 1539 confortart
3557 1498 3647 1543 tur
3708 1476 3725 1485 ”

2055 1564 2221 1635 434
2252 1582 2347 1619 cor
2381 1583 2593 1631 eorum,
2625 1579 2682 1623 et
2710 1566 3067 1628 occurrerent
3093 1576 3143 1627 in
3179 1578 3424 1647 prtuliqu
3458 1592 3647 1635 contra

2057 1655 2247 1710 Israel.
2280 1676 2298 1709 ι
2344 1657 2458 1712 Non
2511 1662 2649 1716 dixit
2684 1664 2811 1731 quia
2867 1665 3082 1735 aliquos
3132 1671 3345 1738 accepit
3388 1670 3547 1727 Jesns
3594 1677 3648 1729 in

2059 1748 2238 1814 bello,
2272 1762 2324 1803 et
2351 1751 2565 1820 aliquos
2599 1769 2705 1807 non
2743 1757 2997 1825 accepit,
3037 1761 3133 1813 sed
3168 1776 3359 1818 omnes
3391 1769 3601 1833 accepit
3629 1804 3649 1833 ,

369 1837 421 1889 in
455 1851 514 1889 se
548 1836 778 1904 aliquem
803 1838 1097 1906 specialem
1136 1853 1337 1903 regem,
1372 1840 1462 1908 qui
1493 1841 1544 1891 in
1577 1855 1640 1893 eo
1670 1844 1948 1910 regnabat,
1988 1822 2026 1876 Β
2062 1840 2109 1891 id
2135 1852 2235 1900 est,
2268 1844 2413 1911 cepit
2440 1860 2653 1909 outues,
2684 1848 2915 1915 peremit
2947 1864 3159 1906 omnes.
3193 1854 3403 1908 Etenim
3438 1822 3649 1926 species:

365 1938 419 1981 et
449 1929 829 1982 dominabatur
859 1929 931 1984 ei.
971 1926 1128 1981 Verbi
1164 1943 1359 1993 causa,
1389 1930 1441 1982 in
1473 1930 1581 1983 alio
1616 1948 1839 2000 regmnu
1875 1947 1956 1988 te-

368 2021 530 2071 nebat
562 2020 816 2081 avaritia,
850 2020 904 2071 in
934 2019 1040 2072 alio
1075 2022 1350 2088 superbia,
1383 2022 1435 2075 in
1470 2020 1580 2076 alio
1608 2025 1953 2079 mendacium

368 2114 667 2182 regnabat,
701 2115 753 2166 in
786 2114 893 2165 alio
942 2112 1108 2165 libido
1144 2113 1534 2168 dominabatur
1560 2156 1574 2179 ,
1608 2125 1664 2170 et
1698 2118 1838 2171 alius
1869 2134 1956 2173 re-

362 2221 482 2272 gem
517 2206 828 2273 patiebatur
858 2206 1119 2260 furorem.
1164 2206 1313 2271 Quod
1352 2217 1532 2261 autem
1572 2207 1689 2263 inec
1715 2211 1788 2263 ita
1822 2212 1950 2274 sint,

360 2308 414 2352 et
440 2299 491 2351 in
520 2315 847 2367 ttnoqnoque
873 2313 1114 2355 nostrum
1150 2314 1338 2372 regnet
1366 2315 1673 2371 peccatum,
1702 2305 1951 2373 apostolo

361 2388 528 2444 Paulo
555 2394 715 2444 crede
754 2392 971 2447 dicenti.
1004 2395 1092 2446 Ait
1126 2396 1267 2447 extitit
1291 2397 1370 2450 ’τε
1408 2417 1425 2448 ι
1455 2398 1568 2451 Non
1595 2413 1726 2467 ergo
1764 2407 1951 2466 regnet

358 2493 641 2550 peccatum
670 2484 721 2535 in
754 2494 935 2537 vestro
965 2488 1179 2539 mortali
1212 2504 1442 2556 corpore
1480 2490 1545 2543 ad
1586 2491 1945 2543 cla-diendum

355 2577 426 2631 ei.
464 2596 482 2627 ι
530 2576 657 2629 Erat
687 2590 816 2645 ergo
856 2594 1077 2647 regnum
1130 2585 1334 2650 peccati
1380 2584 1431 2635 in
1477 2598 1802 2651 unoquoque
1850 2598 1948 2635 no-

354 2678 831 2738 8trumantequam
864 2674 1237 2731 crederemus.
1265 2674 1457 2728 Postea
1492 2691 1620 2727 vero
1653 2690 1814 2743 quam
1854 2691 1945 2727 ve-

356 2761 435 2812 nit
465 2756 647 2823 Jesus,
676 2771 731 2814 et
771 2763 969 2817 occidit
1005 2779 1197 2816 omnes
1243 2779 1425 2833 reges,
1459 2766 1549 2829 qui
1590 2766 1640 2815 in
1675 2764 1832 2816 nobis
1864 2774 1943 2816 te-

357 2853 560 2906 nebant
601 2871 763 2924 regna
807 2858 1010 2922 peccati
1041 2897 1055 2919 ,
1110 2857 1367 2925 pra'ccpit
1415 2856 1575 2908 nobis
1634 2856 1943 2909 interficere

353 2964 544 3004 Omnes
577 2951 712 3003 istos
748 2968 901 3021 reges
924 2994 937 3013 ,
978 2964 1027 3003 et
1059 2952 1262 3005 nullum
1295 2969 1360 3006 ex
1412 2952 1493 3007 eis
1524 2953 1850 3022 relinquere.
1882 2952 1938 3006 Si

354 3042 477 3110 quis
508 3043 654 3095 enim
709 3043 945 3111 aliquem
982 3045 1171 3097 horum
1211 3046 1260 3105 in
1311 3046 1605 3114 semetipso
1642 3048 1942 3102 servaverit

354 3136 535 3188 vivum
570 3178 582 3197 ,
620 3138 671 3188 iu
704 3139 946 3190 exercitu
983 3138 1107 3191 .lesu
1158 3154 1410 3193 essenon
1448 3140 1668 3207 poterit.
1717 3142 1771 3191 Si
1811 3156 1939 3210 ergo
1966 3178 2007 3232 Ο

352 3239 546 3296 regnet
582 3229 757 3281 adlmc
789 3229 900 3299 (86)
954 3232 1003 3283 in
1041 3242 1090 3283 te
1143 3232 1372 3284 avaritia
1397 3270 1411 3293 ,
1466 3232 1510 3285 si
1540 3232 1801 3300 jactautia
1832 3273 1847 3296 ,
1890 3235 1934 3286 si

352 3320 635 3387 SUperbia,
669 3322 711 3374 si
748 3322 932 3386 libido,
969 3339 1073 3375 nutt
1110 3324 1220 3375 eris
1255 3322 1588 3377 Israeliticus
1621 3325 1799 3385 miles,
1835 3340 1935 3378 nec

354 3406 546 3477 imples
577 3420 903 3478 prarreptum
957 3414 1098 3481 quod
1140 3415 1282 3465 dedit
1330 3413 1588 3466 Dominus
1627 3416 1693 3467 ad
1728 3414 1933 3466 .lcsuut.

357 3519 376 3553 ι
404 3502 555 3553 Sicut
581 3503 900 3568 constituit,
937 3505 1115 3573 inquit
1144 3505 1210 3566 ⁸⁸,
1243 3506 1291 3557 ei
1337 3503 1549 3574 Moyses
1580 3520 1717 3574 puer
1750 3504 1937 3557 Domi-

355 3592 431 3646 ni.
469 3610 487 3642 ι
538 3591 635 3647 llic
683 3608 817 3662 puer
856 3594 1065 3647 Domini
1121 3596 1333 3665 Moyses
1362 3638 1377 3658 ,
1415 3610 1595 3649 sermo
1649 3596 1763 3663 ipse
1803 3595 1938 3663 legis

354 3684 682 3753 appellatur,
725 3687 865 3741 sicut
907 3697 963 3741 et
989 3688 1038 3739 in
1068 3688 1363 3757 Evangelio
1396 3688 1527 3741 dicit
1552 3688 1598 3719 ⁸⁸
1624 3706 1637 3741 :
1678 3704 1695 3735 ι
1726 3686 1939 3742 llabent

354 3774 573 3845 Moysen
628 3788 680 3831 et
732 3780 1067 3848 prephetas,
1125 3781 1345 3833 audiant
1402 3778 1541 3832 illos.
1578 3798 1596 3831 ι
1636 3778 1747 3832 Lex
1803 3794 1935 3846 ergo

358 3870 611 3937 prtecepit
652 3872 807 3924 nobis
833 3870 1139 3925 interficere
1170 3886 1358 3925 omnes
1391 3887 1547 3940 reges
1581 3871 1810 3939 pect-ati,
1845 3871 1934 3940 qui

352 3974 453 4015 nos
491 3971 795 4031 provocant
846 3962 912 4016 ad
959 3974 1261 4031 peccatum.
1304 3983 1322 4014 ι
1360 3962 1451 4018 Sic
1490 3963 1618 4018 fecit
1650 3963 1808 4017 Jesus
1832 4005 1847 4029 ,
1882 3973 1937 4018 et

354 4068 459 4107 non
510 4060 596 4107 est
647 4062 1023 4122 transgressus
1070 4056 1366 4124 quidquam
1411 4057 1479 4109 ab
1531 4056 1783 4111 onmibus
1818 4071 1937 4125 qua:

352 4145 707 4199 coustituitei
748 4144 1015 4216 Muyses‘.
1054 4165 1070 4198 ι
1112 4147 1355 4203 Diximus
1373 4148 1592 4216 quidem
1636 4150 1932 4203 secundum

353 4234 590 4303 priorem
643 4238 1001 4306 expositionis
1038 4237 1149 4307 (87)
1187 4240 1465 4305 ordinem,
1516 4240 1640 4309 quia
1672 4256 1933 4310 qna'cun-

355 4339 459 4393 que
484 4325 567 4376 lex
598 4326 712 4387 Dei,
742 4327 832 4393 qui
862 4343 1005 4380 nunc
1034 4327 1244 4398 Moyses
1270 4328 1593 4396 appellatur,
1625 4329 1931 4391 constituit,

353 4415 542 4485 implet
571 4416 729 4470 .lesus
762 4418 814 4469 ιιι
867 4420 1058 4471 nobis:
1098 4429 1153 4473 et
1187 4420 1302 4488 ipse
1334 4432 1417 4474 est
1451 4424 1539 4489 qui
1578 4422 1846 4475 interimit
1877 4422 1929 4475 in

2059 1932 2267 1997 peceati
2309 1936 2557 2003 purgavit
2592 1935 2855 1992 Dominus
2886 1940 3065 2007 Jesus,
3104 1960 3402 2015 omnesque
3437 1952 3649 2003 destru-

2059 2023 2156 2074 xit.
2192 2024 2382 2077 Cuncti
2416 2043 2651 2097 uanique
2696 2046 2714 2080 t
2750 2047 2970 2088 eramus
2998 2035 3258 2092 insensati
3285 2079 3300 2100 ,
3334 2040 3598 2097 increduli
3627 2082 3643 2107 ,

2055 2129 2323 2178 errantes.
2361 2122 2667 2175 servientes
2706 2124 2995 2180 desideriis
3026 2130 3214 2194 variis,
3251 2131 3302 2184 iu
3340 2134 3547 2188 malitia
3587 2144 3645 2190 et

2056 2213 2255 2266 invidia
2293 2225 2552 2283 agentes,
2585 2216 2813 2272 odibiles
2840 2258 2854 2283 ,
2888 2222 3135 2277 odieutes
3179 2224 3410 2279 invicem
3443 2226 3489 2292 ⁸,
3523 2246 3543 2280 ι
3587 2237 3645 2284 et

2052 2320 2215 2360 Omne
2244 2309 2612 2379 quodcunque
2643 2310 2771 2364 illud
2803 2322 2885 2365 est
2920 2316 3126 2382 peccati
3160 2332 3351 2385 genus.
3382 2321 3524 2387 quod
3557 2322 3640 2374 in-

2052 2399 2269 2451 venitur
2301 2398 2352 2451 in
2381 2399 2697 2455 hominibus
2730 2413 3023 2472 antequam
3053 2411 3301 2461 credant.
3338 2409 3481 2463 Bene
3508 2427 3645 2481 ergo

2050 2486 2206 2551 dicit,
2238 2489 2364 2557 quia
2399 2504 2588 2543 omnes
2612 2491 2815 2545 occidit
2838 2491 2997 2546 Jesus
3025 2496 3115 2561 qui
3148 2499 3403 2552 exierunt
3428 2502 3495 2552 ad
3528 2502 3640 2554 bel-

2051 2578 2180 2631 lum.
2222 2578 2373 2633 Nulla
2408 2582 2554 2634 enim
2588 2583 2799 2651 species
2834 2587 3042 2652 peccati
3078 2596 3223 2640 tanta
3256 2599 3359 2653 est,
3390 2606 3494 2659 qua
3530 2610 3635 2648 non

2047 2672 2118 2723 sit
2144 2674 2396 2739 superior
2423 2672 2603 2735 Jl-sns,
2637 2676 2727 2743 qtti
2762 2687 2846 2730 est
2878 2675 3111 2730 Verbum
3144 2682 3484 2750 ttsapieutia
3518 2685 3637 2740 Dei.

2046 2764 2239 2817 Oumia
2271 2766 2415 2818 enim
2441 2776 2661 2834 superat
2687 2778 2742 2821 et
2770 2769 2961 2823 vincit.
2996 2771 3187 2825 Annon
3218 2773 3291 2826 ita
3336 2776 3636 2843 credimus,

2046 2857 2171 2922 quia
2200 2870 2362 2909 omne
2393 2873 2569 2927 genus
2599 2860 2803 2926 peccati
2835 2877 2957 2913 cum
2985 2864 3051 2915 ad
3080 2862 3317 2918 salutare
3354 2866 3491 2921 lavat
3511 2884 3630 2923 rum

2045 2948 2293 3000 venimus
2330 2950 2631 3003 aufertur?
2666 2950 2776 3003 lloc
2810 2952 2956 3005 enim
3001 2964 3055 3007 ct
3106 2957 3385 3024 apostolus
3436 2960 3636 3017 Paulus

2044 3039 2295 3109 designat
2324 3062 2335 3097 :
2375 3044 2465 3112 qui
2503 3058 2626 3097 cum
2657 3045 2907 3098 universa
2942 3057 3290 3114 peccatorum
3325 3066 3520 3119 genera
3556 3056 3638 3107 di-

2046 3146 2406 3197 uumerasset,
2452 3136 2602 3188 addit
2648 3146 2769 3204 post
2795 3137 2997 3200 omnia,
3028 3148 3081 3192 et
3122 3140 3251 3194 dicit
3283 3142 3339 3195 δε
3375 3160 3391 3192 ι
3426 3145 3481 3195 l'jl
3521 3146 3637 3200 liu'c

2043 3226 2260 3291 quidem
2294 3225 2493 3289 fuistis,
2526 3226 2621 3279 sed
2651 3225 2819 3279 abluti
2874 3226 3009 3278 estis
3032 3265 3047 3288 ,
3123 3226 3221 3280 sed
3303 3230 3631 3284 sanctilicati

2048 3314 2205 3375 estis,
2236 3316 2640 3381 sedjustilicati
2678 3320 2812 3371 estis
2860 3317 2975 3388 (90)
3028 3318 3081 3371 in
3144 3321 3366 3375 nomine
3418 3323 3635 3379 Domini

2045 3404 2215 3456 nostri
2239 3401 2362 3457 Jesu
2400 3404 2625 3459 Christi.
2662 3424 2679 3456 ι
2710 3406 2822 3459 lloc
2855 3422 2988 3476 ergo
3016 3409 3173 3462 modo
3200 3425 3391 3465 omnes
3420 3414 3635 3482 cepisse

2042 3494 2096 3548 in
2141 3495 2325 3563 praelio
2359 3495 2562 3551 dicitur
2588 3534 2603 3559 ,
2647 3506 2701 3549 et
2733 3513 2926 3551 omnes
2958 3500 3288 3565 peremisse,
3325 3521 3340 3551 ι
3376 3504 3501 3572 quia
3538 3518 3634 3573 per

2042 3587 2325 3641 Dominum
2358 3586 2558 3640 factum
2590 3598 2673 3642 est
2720 3599 2772 3640 ut
2818 3590 3177 3645 inVaIesceret
3203 3607 3298 3645 cor
3327 3608 3536 3659 eurmn,
3574 3607 3631 3652 ct

2040 3687 2394 3733 occurrerent
2425 3678 2477 3731 in
2513 3678 2756 3747 przelium
2812 3690 3001 3733 contra
3042 3683 3244 3747 lsrael,
3280 3696 3335 3737 ut
3368 3689 3631 3743 extermi-

2042 3781 2323 3825 narentur.
2364 3791 2382 3824 ι
2424 3771 2558 3825 Dum
2589 3773 2736 3825 enim
2789 3790 2895 3827 non
2929 3775 3153 3828 veniunt
3183 3778 3421 3833 inim‘caa
3461 3780 3631 3836 virtu-

2042 3873 2123 3918 tes
2148 3904 2162 3928 ,
2207 3878 2331 3933 qua:
2365 3874 2584 3934 peccata
2637 3875 2935 3935 operantur
2982 3868 3033 3921 in
3081 3870 3271 3934 nobis,
3308 3888 3405 3923 nec
3436 3887 3630 3939 provo~

2040 3965 2165 4011 cant
2197 3972 2295 4011 nos
2322 3958 2391 4010 ad
2429 3958 2784 4026 peccandum,
2821 3975 2919 4013 nec
2953 3960 3229 4014 lacessunt
3266 3963 3331 4015 ad
3361 3964 3630 4019 dimican-

2038 4050 2165 4103 dum
2188 4090 2203 4113 ,
2242 4049 2472 4103 interfici
2504 4066 2609 4104 non
2646 4062 2913 4120 possunt,
2945 4068 3043 4107 nec
3088 4056 3466 4110 exterminari.
3502 4056 3626 4111 Ideo

2003 4155 2169 4219 “ergo
2201 4138 2345 4194 Deus
2374 4139 2575 4194 dicitur
2610 4143 2923 4209 permittere
2946 4182 2959 4205 ,
2996 4144 3105 4196 imo
3137 4153 3190 4197 et
3237 4146 3462 4199 incitare
3494 4163 3622 4215 pro-

2039 4231 2329 4299 pemodum
2361 4232 2707 4287 adversarias
2746 4234 2978 4287 virtutes
3005 4235 3159 4289 exire
3193 4238 3476 4291 adversum
3522 4253 3625 4293 nos

2039 4325 2092 4377 in
2132 4324 2378 4392 praelium
2410 4364 2424 4388 ,
2462 4333 2522 4378 ut
2551 4335 2605 4379 et
2640 4340 2738 4379 nos
2768 4326 3050 4380 victoriam
3090 4329 3394 4397 capiamus,
3428 4339 3482 4382 et
3520 4331 3625 4385 illte

2040 4416 2321 4471 interitum
2354 4427 2780 4484 consequantur.
2818 4415 2973 4472 Unde
3002 4418 3134 4471 tnihi
3163 4418 3377 4472 videtur
3392 4434 3512 4474 esse
3541 4420 3627 4472 iu-

354 4510 509 4563 nobis
541 4510 689 4573 vitia,
719 4520 773 4563 ct
820 4512 1157 4579 nequissima
1210 4515 1417 4581 peccati
1453 4529 1614 4583 regna
1648 4513 1937 4567 subvertit.
1973 4511 2014 4565 D
2048 4510 2466 4580 liuitusquidam
2492 4524 2754 4565 numerus
2770 4510 3173 4565 contrariarqu
3203 4512 3459 4567 virtutum
3486 4514 3622 4583 (9|),

421 4651 466 4685 "
493 4649 609 4705 Jos.
644 4667 718 4712 xi,
762 4652 851 4705 Ω.

350 4722 371 4754 ³
397 4720 513 4775 Gal.
550 4737 623 4785 tv,
656 4721 711 4776 4.

954 4655 999 4685 ’δ
1031 4652 1184 4707 ltum.
1230 4670 1309 4719 ιιι,
1352 4655 1443 4709 25.

787 4723 807 4752 ³
838 4724 1026 4777 Matth.
1063 4741 1111 4791 v,
1150 4726 1237 4777 l7.
1314 4727 1333 4754 ⁸
1362 4725 1474 4780 Jos.
1520 4730 1712 4791 xt,18,
1748 4726 1835 4778 Π.

419 4858 531 4931 (86)
583 4860 791 4914 Adhuc.
828 4860 988 4917 Deest
1032 4862 1085 4916 in
1136 4863 1265 4917 libb.
1304 4862 1488 4931 editis,
1518 4862 1611 4918 sed
1659 4871 1838 4917 exstat
1869 4863 1921 4916 in

348 4946 481 4985 mss.

389 5022 798 5106 .(87)nUterque
842 5026 1247 5106 Ebroiccnsis:_
1281 5045 1298 5078 ι
1332 5028 1574 5096 priorem
1620 5026 1922 5106 expositio-

350 5095 453 5165 nis.
484 5112 502 5144 ι
542 5094 1068 5163 Sangermaueusis,
1118 5115 1137 5148 ι
1170 5094 1406 5163 priorem
1445 5094 1867 5165 exposititinum.
1900 5114 1919 5147 ι

347 5162 502 5217 Libb.
534 5162 700 5228 editi,
741 5183 757 5214 ι
786 5168 982 5231 prioris
1012 5162 1390 5235 exposuimus.
1430 5186 1446 5217 ι

440 5256 528 5327 88)
565 5255 745 5327 Codex
776 5257 1092 5327 Saugerm.,
1133 5278 1151 5309 ι
1186 5269 1507 5324 temporum.
1544 5278 1562 5309 ι

440 5256 506 5309 88
566 5256 745 5310 Codex
776 5257 1092 5327 Saugerm.,
1133 5278 1151 5309 ι
1186 5269 1507 5324 temporum.
1544 5278 1562 5309 ι

417 5256 531 5398 itii);
560 5325 715 5381 Libb.
744 5329 873 5380 editi
895 5370 909 5392 ,
951 5346 969 5378 ι
1003 5344 1124 5381 cum
1158 5331 1257 5381 sub
1286 5329 1400 5397 lege
1427 5345 1533 5382 non
1563 5337 1728 5382 esset.
1763 5347 1779 5379 ι
1814 5326 1920 5382 Sed

344 5410 475 5451 mss.
502 5414 531 5470 ἰ
562 5412 684 5450 cum
722 5397 821 5450 sub
856 5400 973 5467 lege
1003 5408 1170 5453 esset.
1206 5417 1226 5449 ι

416 5488 529 5572 (⁸90)
582 5488 638 5544 In
694 5504 795 5544 ms.
846 5489 1137 5560 Saugerm.
1203 5490 1356 5545 deest
1416 5508 1435 5540 ι
1487 5490 1578 5545 sed
1637 5490 1921 5557 justificati

344 5569 707 5701 ὥὶἓίίυηάε
737 5630 864 5682 mihi
901 5632 1105 5684 videtur
1142 5648 1251 5685 esse
1280 5631 1521 5699 inﬁnitus
1558 5632 1775 5699 quidam
1823 5647 1922 5683 nu-

347 5716 519 5752 merus
561 5703 955 5753 contrariarum
1007 5703 1295 5765 rirtutnm,
1358 5712 1465 5755 etc.
1527 5702 1676 5753 Iluuc
1741 5701 1917 5753 locum

351 5781 413 5817 υλ
464 5781 618 5835 parte
664 5774 905 5826 imitatur
956 5772 1320 5847 lliet'ouyuttts
1372 5774 1437 5825 ad
1475 5770 1675 5825 llabac.
1710 5784 1795 5837 ιιι,
1830 5771 1915 5824 H.

1551 4656 1594 4686 ⁹⁷
1623 4655 1777 4708 Rom.
1807 4670 1888 4717 νι,
1917 4652 2007 4706 12.
2117 4652 2161 4680 ’⁸
2189 4652 2252 4703 Jo

1558 4730 1712 4774 1-18.
1748 4726 1835 4774 Π.
1913 4725 1933 4754 ⁸
1966 4722 2073 4774 'l'it.
2111 4736 2191 4774 ιιι.
2220 4719 2253 4772 5

2117 4648 2304 4703 "10s.
2339 4664 2416 4708 χι.
2459 4648 2541 4702 12.
2652 4649 2697 4681 ⁹⁹
2724 4648 2855 4704 Luc.
2884 4664 2995 4716 xvr,
3040 4648 3133 4706 29.

2354 4719 2374 4750 ⁸
2408 4718 2426 4772 l
2455 4721 2579 4775 Cor.
2620 4735 2694 4787 vi,
2730 4720 2817 4773 11.

3238 4652 3253 4682 ¹
3278 4648 3391 4704 Jos.
3426 4650 3616 4714 xt,15.

2034 4856 2177 4927 [dem
2206 4858 2470 4927 Origenes
2501 4858 2568 4912 ad
2602 4857 2826 4913 Joannis
2852 4874 2934 4920 ut,
2967 4857 3038 4911 49
3066 4875 3081 4912 :
3122 4875 3141 4908 ι
3173 4854 3436 4927 Convenit
3456 4855 3610 4923 juxta

2036 4925 2369 4995 Scripturas,
2397 4939 2683 4997 peccantes
2712 4930 2873 4997 multa
2898 4928 3079 4997 facere
3103 4937 3296 4995 praeter
3320 4926 3606 4992 rationem;

2039 5012 2143 5049 non
2175 5005 2244 5052 ob
2273 4996 2443 5061 aliud,
2476 4999 2576 5051 nisi
2608 4999 2730 5066 quia
2762 4996 2894 5051 facti
2930 4996 3130 5049 fuerint
3161 5010 3387 5064 capaces
3415 5012 3610 5061 opera-

2038 5065 2202 5135 tionis
2221 5069 2342 5120 mali
2368 5069 2609 5135 spiritus,
2629 5065 2718 5119 vel
2736 5067 3025 5119 voluntatis
3047 5066 3308 5119 immundi
3325 5066 3603 5119 daemonis.

2038 5134 2153 5206 _Non
2185 5134 2501 5190 dubitarunt
2533 5138 2699 5206 igitur
2725 5137 2805 5188 vel
2837 5151 2898 5206 ea
2925 5151 3047 5203 quae
3071 5135 3455 5189 existimantur
3486 5151 3607 5190 esse

2035 5203 2174 5259 levia
2210 5217 2431 5274 peccata
2468 5203 2747 5259 daemoniis
2778 5205 3017 5259 tribuere
3044 5246 3059 5269 ,
3112 5207 3184 5259 illi
3218 5206 3306 5270 qui
3357 5206 3610 5261 dixerunt

2036 5279 2373 5344 repentinam
2408 5278 2566 5339 iram,
2596 5276 2957 5343 similiterque
2984 5275 3378 5330 detractionem
3410 5278 3609 5330 dzemo-

2030 5345 2178 5399 nium
2226 5360 2365 5400 esse.
2416 5365 2434 5398 ι
2498 5348 2699 5413 Aperte
2752 5346 2973 5415 respicit
3020 5347 3085 5399 ad
3140 5345 3352 5398 llermze
3403 5344 3496 5398 lib.
3541 5360 3606 5413 tt,

2030 5418 2285 5467 mandato
2306 5419 2361 5477 ‘2,
2393 5417 2479 5468 ubi
2515 5435 2531 5467 ι
2559 5417 2827 5469 detractio
2858 5415 3087 5468 adicitur
3122 5418 3471 5467 «inconstans
3500 5416 3609 5469 dae—

2028 5487 2287 5538 nmuium.
2320 5504 2338 5537 ›
2370 5487 2499 5539 ltem
2530 5487 2621 5539 lib.
2650 5499 2734 5545 ιιι,
2761 5486 2927 5539 simil.
2954 5486 3007 5547 9,
3038 5501 3155 5551 cap.
3187 5485 3277 5548 ἓξ,
3302 5502 3321 5535 ι
3356 5500 3607 5554 inagnum

2033 5554 2360 5609 (Ιίειιιοιιίιιιιι
2396 5568 2498 5619 est,
2529 5556 2754 5609 audatia
2790 5568 2845 5608 et
2875 5558 3198 5609 conlidentia
3247 5556 3455 5621 inanis;
3494 5574 3513 5607 ι
3552 5565 3611 5611 et

2030 5642 2152 5693 cap.
2180 5626 2269 5691 25,
2302 5628 2539 5681 hortatio
2571 5628 2629 5679 lit
2660 5637 2715 5679 ut
2749 5644 2767 5677 ι
2805 5628 2872 5679 ab
2900 5626 2994 5677 ira)
3021 5627 3286 5681 dtemouio
3315 5644 3333 5678 ι
3372 5642 3470 5678 tius
3503 5640 3608 5693 pu-

2033 5697 2327 5749 rilicemus.
2372 5698 2478 5750 Sed
2519 5707 2574 5750 et
2613 5698 2865 5764 scriptori
2906 5694 3364 5766 choguiiiouum,
3399 5695 3488 5749 lib.
3542 5711 3605 5761 tt,

2030 5780 2150 5834 cap.
2180 5766 2272 5831 25,
2316 5768 2621 5839 ignorantia
2651 5778 2733 5823 est
2764 5768 2969 5823 daemon
3003 5767 3296 5838 pessimus.
