4104 6226
557 291 662 349 905

2001 286 2328 345 ORIGENIS

3830 292 3969 346 9οι

555 420 653 474 pro
683 417 749 457 eo
785 404 927 473 quod
957 418 1052 473 per
1084 404 1326 476 singulos
1356 421 1493 476 pene
1528 407 1779 461 homines
1813 416 1939 461 sunt
1968 405 2131 474 spiri-
2162 409 2208 463 Α
2238 403 2547 458 exteriores
2604 400 2890 465 tenebras,
2935 404 3017 455 vel
3081 414 3189 469 quo
3240 400 3489 469 quisquis
3541 401 3675 457 ille
3758 404 3963 461 locus

558 505 643 547 tus
670 496 860 563 aliqui,
891 497 1103 550 diversa
1138 498 1188 548 iu
1218 498 1282 550 iis
1316 509 1665 563 peccatorum
1693 514 1890 566 genera
1920 500 2141 553 molien-

558 596 655 642 tes.
690 586 850 641 Verbi
885 604 1073 652 causa,
1105 599 1191 642 est
1223 591 1423 659 aliquis
1465 590 1849 644 fornicationis
1883 592 2134 657 Spiritus,

556 691 637 734 est
670 682 762 735 irae
803 682 1029 751 spiritus
1065 681 1243 737 alius:
1293 693 1376 736 est
1414 682 1657 736 avaritiae
1690 683 1915 751 Spiritus
1939 721 1953 746 ,
2001 683 2142 737 alius

551 785 683 828 vero
716 774 1003 842 superbiae.
1041 775 1103 827 Et
1136 773 1179 827 si
1217 774 1433 827 eveniat
1474 772 1585 845 (92)
1618 788 1740 828 esse
1771 773 2007 842 aliquem
2044 775 2140 829 ho-

556 864 778 928 minem,
811 864 903 933 qui
939 866 1023 919 his
1058 868 1313 919 omnibus
1347 866 1527 933 malis,-
1568 876 1661 920 aut
1695 868 1859 920 etiam
1890 866 2138 936 pluribus

556 963 810 1029 agitetur,
842 973 1034 1013 omnes
1077 959 1205 1023 hos,
1232 960 1316 1014 vel
1342 960 1506 1014 etiam
1540 958 1722 1027 plures
1753 959 1804 1013 in
1842 974 1901 1013 se
1938 959 2138 1013 habere

552 1052 799 1105 inimicus
828 1052 1100 1118 putandus
1141 1060 1223 1104 est
1252 1052 1505 1120 spiritus.
1538 1050 1691 1106 Unde
1724 1060 1780 1104 et
1816 1065 1913 1118 per
1947 1050 2137 1119 singu-

553 1143 633 1196 los
663 1148 844 1211 plures
873 1157 992 1197 esse
1025 1142 1281 1197 credendi
1311 1151 1459 1209 sunt,
1490 1144 1615 1212 quia
1648 1158 1752 1196 non
1784 1142 1995 1212 singula
2026 1142 2137 1194 siu-

551 1234 657 1302 guli
693 1234 936 1288 homines
977 1234 1179 1287 habent
1215 1235 1367 1298 vitia,
1409 1236 1488 1290 vel
1522 1245 1741 1303 peccata
1767 1236 2134 1297 couunittunt,

551 1326 643 1378 sed
675 1324 825 1392 plura
856 1327 923 1378 ah
952 1341 1276 1396 unoquoque
1301 1328 1553 1381 videntur
1579 1329 1812 1381 admitti.
1846 1327 1911 1381 Ει
1937 1328 2132 1381 iterum

552 1434 659 1473 non
698 1430 781 1474 est
812 1422 1107 1489 putandum
1140 1421 1283 1490 quod
1320 1437 1460 1474 unus
1489 1420 1876 1476 fornicationis
1910 1421 2135 1490 spiritus

548 1513 768 1567 seducat
795 1528 916 1565 cum
949 1514 1059 1581 qui,
1090 1513 1242 1566 verbi
1280 1513 1474 1582 gratia,
1517 1513 1569 1567 in
1602 1512 1902 1567 Britanniis
1951 1512 2132 1568 forni-

448 1650 454 1668 ι
545 1614 724 1667 catur,
756 1614 808 1657 et
840 1604 987 1656 ἰΙΙιιιη
1019 1602 1109 1671 qui
1144 1603 1195 1655 iu
1229 1602 1377 1656 ludia
1410 1643 1425 1667 ,
1457 1605 1540 1659 vel
1575 1606 1627 1659 in
1674 1606 1795 1659 aliis
1828 1606 1941 1675 (95)
1975 1606 2131 1672 locis,

548 1710 723 1757 neque
756 1712 918 1747 unum
955 1709 1076 1748 esse
1113 1696 1208 1748 irze
1246 1695 1542 1761 spiritum,
1575 1696 1665 1764 qui
1699 1696 1934 1750 diversis
1970 1697 2020 1750 in
2057 1697 2133 1750 lo-

546 1788 625 1839 cis
672 1787 917 1839 diversos
950 1786 1200 1840 homines
1235 1786 1402 1856 agitet
1431 1804 1444 1839 :
1494 1789 1588 1841 sed
1622 1798 1751 1856 puto
1785 1789 1954 1857 magis
1984 1790 2135 1859 prin-
2162 1769 2207 1824 Β

548 1877 720 1944 cipem
778 1877 993 1945 quidem
1041 1877 1418 1932 fornicationis
1474 1878 1725 1947 spiritum
1762 1895 1926 1933 unum
1966 1895 2087 1935 esse
2114 1921 2130 1946 ,

548 1971 869 2025 innumeros
903 1986 1032 2025 vero
1078 1986 1200 2025 esse
1232 1972 1321 2040 qui
1360 1974 1412 2026 in
1444 1974 1546 2026 hoc
1575 1972 1623 2026 ei
1653 1972 1830 2027 ollicio
1863 1986 2128 2043 pareant,

544 2074 599 2116 et
644 2079 739 2133 per
769 2064 1016 2134 singulos
1064 2078 1313 2134 quosque
1363 2066 1612 2119 homines
1660 2067 1860 2121 diversi
1906 2068 2131 2137 spiritus

546 2154 644 2207 sub
670 2169 735 2208 eo
761 2155 1003 2223 principe
1036 2155 1352 2219 militantes,
1384 2156 1450 2208 ad
1481 2154 1853 2222 hujuscemodi
1883 2172 1978 2212 eos
2006 2173 2131 2227 pec-

544 2253 660 2296 cata
721 2243 1036 2299 sollicitent.
1089 2242 1358 2298 Similiter
1414 2253 1470 2297 et
1516 2244 1815 2299 iracundia:
1874 2247 2127 2314 spiritum

545 2334 845 2402 principem
905 2349 1072 2387 unum
1114 2349 1238 2388 esse
1297 2336 1582 2400 arbitror,
1632 2336 1948 2391 innumeros
2002 2352 2130 2392 vero

541 2437 663 2477 esse
694 2424 791 2477 sub
821 2424 936 2492 ipso
967 2435 1216 2493 agentes,
1244 2427 1335 2495 qui
1367 2441 1461 2495 per
1486 2427 1730 2496 singulos
1755 2444 2003 2498 quosque
2029 2430 2128 2484 ho-

546 2515 717 2570 mines
756 2515 983 2583 hujusce
1024 2516 1139 2569 vitii
1186 2526 1408 2586 peccata
1452 2519 1809 2572 succeudant.
1861 2519 2129 2574 Similiter

542 2613 599 2659 et
629 2604 873 2659 avaritire
908 2620 1074 2658 unum
1111 2620 1232 2660 esse
1274 2606 1597 2675 principem,
1642 2607 1721 2661 sic
1750 2619 1804 2662 et
1837 2610 2125 2678 superbizr,

540 2707 597 2752 et
624 2706 944 2752 cmterorum
972 2696 1260 2751 malorum.
1290 2699 1355 2752 Et
1390 2698 1512 2753 ideo
1540 2714 1647 2753 non
1682 2716 1822 2755 unus
1856 2705 2128 2773 principa-

544 2798 632 2844 tus
658 2789 857 2844 dicitur
885 2790 934 2842 in
964 2789 1257 2843 contrariis
1288 2789 1585 2846 virtutibus
1623 2793 1693 2845 ab
1715 2794 2001 2861 Apostolo,
2030 2796 2124 2849 sed

541 2880 757 2951 plures,
801 2879 1091 2933 adversum
1133 2894 1270 2947 quos
1303 2894 1540 2948 pugnam
1576 2882 1677 2937 sibi
1715 2897 1838 2939 esse
1882 2893 1935 2938 et
1971 2886 2126 2939 nobis

546 2970 800 3025 omnibus
848 2970 1058 3024 scribit.
1097 2971 1229 3026 Esse
1274 2980 1455 3026 tamen
1493 2988 1617 3028 reor
1653 2974 1847 3028 horum
1876 2976 2124 3030 omnium

2227 1417 2454 1479 ,hitabat
2519 1415 2630 1486 (98)
2698 1417 3000 1471 da-monem
3074 1416 3287 1483 patiens
3333 1460 3347 1481 ,

2208 1506 2463 1578 ‘gareiur
2497 1508 2659 1579 435
2704 1524 2731 1561 a
2769 1507 3078 1572 Salvatore,
3123 1509 3267 1578 quod
3324 1509 3420 1563 tibi
3477 1524 3712 1565 nomen
3747 1523 3856 1570 est.

2228 1600 2589 1669 respondisse
2637 1600 2796 1669 legio.
2861 1618 2879 1652 ι
2923 1600 3090 1654 Multa
3141 1601 3325 1663 enim,
3394 1601 3586 1669 inquit
3640 1603 3687 1664 ³,
3734 1602 3841 1655 ἀε-

2230 1693 2421 1746 ‘monia
2450 1708 2659 1747 sumus.
2702 1712 2720 1744 ι
2755 1692 2895 1759 Quid
2941 1706 3073 1762 ergo
3132 1693 3330 1746 mirum
3382 1692 3646 1755 videtur,
3680 1697 3724 1747 si
3748 1712 3827 1761 per

2257 496 2339 549 eis
2381 495 2576 564 dignus
2623 504 2738 558 est,
2785 493 3128 546 abducantur
3180 507 3209 544 a
3253 493 3400 561 justo
3447 494 3678 561 judice
3743 494 3953 547 Chri-

2248 598 2357 650 sto,
2404 586 2593 656 agonis
2628 586 2788 654 hujus
2824 586 2952 638 vita:
2984 584 3294 638 mortalium
3326 586 3595 652 praeside.
3646 586 3741 639 Et
3788 587 3945 640 inde

2247 688 2331 732 est
2356 679 2499 746 quod
2528 679 2765 749 plurimo
2804 680 3111 733 daemonum
3162 694 3395 732 numero
3416 677 3527 745 jam
3584 679 3821 739 victo.
3858 686 3935 731 ad

2249 769 2626 826 credulitatem
2656 780 2843 840 gentes
2890 772 3079 826 venire
3117 771 3469 825 relaxantur:
3523 772 3642 839 qui
3692 772 3933 838 utique

2248 861 2556 916 nullatenus
2589 865 2901 918 sinerentur
2927 863 3075 934 (96),
3104 864 3148 918 si
3185 864 3406 932 integra:
3437 878 3701 927 eorum,
3748 864 3923 918 sicut

2250 954 2405 1020 prius
2441 953 2686 1018 fuerant,
2719 953 3087 1009 subsisterent
3113 953 3378 1024 legiones.
3408 951 3566 1019 Quod
3606 954 3673 1007 si
3717 952 3915 1006 alicui

2245 1041 2458 1099 diﬂicile
2481 1047 2697 1100 videtur
2722 1060 2843 1100 esse
2866 1045 3009 1115 quod
3032 1044 3261 1099 dicimus
3285 1060 3382 1113 per
3404 1046 3686 1117 singulos
3714 1062 3908 1117 quos.

2243 1153 2348 1207 que
2395 1139 2738 1207 peccantium
2784 1138 2951 1191 multa
2989 1140 3187 1192 vacare
3228 1139 3340 1207 (97)
3380 1139 3689 1193 ilaemonia
3731 1182 3753 1205 ,
3796 1151 3901 1196 aut

2246 1231 2548 1286 fabulosum
2581 1234 2685 1286 hoc
2736 1240 2922 1301 putat,
2991 1233 3177 1285 redeat
3224 1232 3293 1283 ad
3327 1230 3625 1301 Evangelii
3672 1249 3893 1290 auexe-

2244 1325 2460 1377 ritatem
2492 1364 2507 1387 ,
2549 1334 2601 1378 et
2663 1324 2902 1378 inveniet
2956 1322 3106 1377 illutn
3161 1323 3251 1391 qui
3310 1323 3362 1376 in
3418 1323 3725 1394 sepulcris
3786 1327 3887 1380 ha-

3415 1432 3547 1471 cum
3606 1419 3676 1470 in
3689 1432 3875 1472 terro-

2237 1784 2445 1852 singula
2477 1800 2675 1854 genera
2705 1796 3052 1854 peccatorum
3102 1784 3300 1854 singuli
3344 1785 3640 1839 daemones
3677 1790 3833 1840 assii.

2236 1876 2455 1939 bantur,
2490 1892 2610 1930 cum
2643 1878 2903 1945 scriptum
2931 1877 3004 1930 sit
3055 1877 3107 1929 in
3138 1891 3248 1930 uno
3304 1876 3529 1930 homine
3558 1877 3843 1947 integram

2238 1966 2406 2019 fuisse
2432 1968 2739 2021 llzetuonutu
2775 1967 3081 2037 legionem?
3131 1966 3348 2020 Memini
3406 1978 3601 2021 autem
3638 1971 3845 2024 similia

2236 2075 2324 2114 tne
2364 2060 2567 2113 dixisse
2609 2058 2773 2111 etiam
2804 2058 2859 2111 in
2896 2058 2963 2112 iis
2994 2057 3146 2131 locis,
3198 2058 3251 2111 in
3281 2059 3477 2127 quibus
3501 2064 3842 2129 exponeba-

2236 2166 2355 2204 mus
2388 2149 2715 2204 versiculum
2751 2149 2938 2218 psalmi
2972 2151 3023 2202 in
3056 2165 3162 2217 quo
3196 2149 3459 2217 scriptum
3492 2162 3581 2204 est
3617 2154 3639 2184 ⁹
3674 2169 3692 2204 :
3731 2173 3752 2204 σ
3792 2157 3842 2209 lu

2234 2241 2513 2297 matutinis
2547 2241 2938 2296 interliciebam
2969 2255 3162 2294 omnes
3186 2250 3509 2308 peccatores
3541 2251 3746 2307 terrae,
3782 2256 3839 2297 ut

2232 2333 2542 2402 disperdam
2578 2334 2644 2388 de
2677 2333 2902 2388 civitate
2931 2333 3140 2386 Domini
3171 2348 3363 2387 omnes
3393 2335 3487 2402 qui
3523 2348 3840 2404 operantur

2233 2424 2597 2496 iniquitatem.
2638 2444 2656 2477 ι
2696 2425 2773 2479 lta
2806 2425 3041 2490 denique
3079 2424 3243 2477 etiam
3278 2423 3328 2475 iu
3358 2438 3520 2475 manu
3548 2425 3833 2493 justornm

2230 2519 2394 2589 gladii
2467 2519 2735 2589 ancipites
2812 2532 2932 2573 esse
2991 2517 3277 2578 dicuntur,
3347 2516 3469 2569 sine
3518 2517 3688 2571 dubio
3733 2519 3827 2587 qui

2228 2613 2541 2670 contrarias
2578 2613 2806 2665 virtutes
2839 2611 3126 2679 perimant.
3160 2608 3297 2662 Puto
3332 2618 3516 2662 autem
3545 2611 3691 2679 quod
3727 2626 3825 2665 ve-

2229 2704 2542 2761 hementior
2573 2704 2639 2757 ad
2682 2704 2796 2757 haec
2848 2703 3127 2772 probanda
3162 2716 3282 2769 qua:
3312 2700 3553 2755 diximus
3591 2703 3823 2772 apostoli

2230 2796 2380 2851 Pauli
2414 2798 2501 2851 illa
2558 2796 2792 2867 proferri
2858 2798 3031 2867 possit
3082 2800 3349 2862 assertio,
3400 2815 3520 2854 cum
3560 2800 3694 2853 dicit
3724 2798 3815 2855 '°:

2233 2907 2253 2942 ι
2292 2888 2434 2944 Deus
2460 2900 2637 2943 autem
2664 2891 2814 2958 pacis
2846 2896 3093 2941 conterat
3123 2888 3387 2943 Satanam
3433 2892 3531 2945 sub
3574 2892 3815 2959 pedibus

2228 2980 2432 3033 vestris
2462 2980 2748 3033 velociter.
2792 2998 2810 3031 ι
2853 2978 2908 3058 Si
2943 2980 3088 3033 enim
3127 2997 3268 3035 unus
3298 2991 3371 3036 est
3395 2981 3640 3043 Satanas,
3664 2998 3807 3049 quo-

539 3060 654 3130 (94)
688 3062 986 3131 principem
1014 3100 1030 3125 ,
1062 3062 1213 3117 velut
1259 3063 1675 3119 eminentiorem
1727 3066 2019 3133 quemdam
2069 3068 2121 3121 in
2151 3112 2195 3170 α
2232 3072 2393 3125 modo
2422 3082 2598 3141 potest
2630 3074 2748 3142 ipse
2778 3074 3045 3127 contritus
3074 3088 3196 3128 esse
3231 3074 3333 3128 sub
3363 3072 3568 3143 pedibus
3597 3088 3791 3127 servo-

542 3155 781 3224 uequitia
812 3197 827 3221 ,
866 3165 922 3209 et
957 3156 1008 3208 in
1040 3154 1245 3210 scelere
1288 3156 1601 3221 celsiorem,
1637 3158 1728 3226 qui
1760 3168 1930 3211 totum
1966 3176 2124 3215 mun-

540 3252 689 3316 dum,
723 3266 884 3319 quem
911 3250 1000 3305 isti
1057 3252 1123 3305 ad
1163 3264 1385 3322 peccata
1413 3253 1612 3323 singuli
1640 3252 1841 3323 quique
1872 3269 1966 3323 per
2003 3270 2125 3324 pec-

536 3353 782 3397 catorum
826 3344 1040 3413 Species
1071 3361 1169 3415 pro
1202 3354 1357 3415 parte
1400 3346 1705 3401 sollicitant
1732 3387 1746 3409 .
1794 3347 1945 3401 solus
1978 3345 2125 3402 velut

535 3435 780 3488 omnium
817 3435 1125 3505 principqu
1171 3438 1277 3491 dux
1306 3478 1321 3501 ,
1350 3446 1405 3491 et
1438 3438 1605 3491 totius
1632 3438 1885 3492 nefandae
1918 3438 2123 3493 militiae

539 3526 817 3593 magister,
857 3529 1127 3598 exagitet;
1162 3528 1319 3597 cujus
1348 3531 1576 3599 ﬁguram
1604 3545 1728 3583 cum
1758 3529 1916 3584 Jabin
1943 3532 2124 3587 dieu-

538 3623 817 3685 tereuius,
851 3634 947 3689 pro
983 3635 1151 3690 parvo
1194 3620 1568 3691 intelligentia:
1614 3631 1817 3675 nostra:
1859 3632 2018 3691 captu
2069 3623 2120 3677 iu

537 3711 910 3777 superioribus
935 3710 1313 3779 patefecimus.

606 3798 661 3853 ϐ.
723 3800 857 3854 Ρυιο
912 3817 1046 3857 sane
1102 3803 1228 3873 quia
1297 3804 1472 3859 sancti
1544 3804 1746 3873 quique
1819 3820 2123 3875 repugnan-

539 3901 620 3946 tes
691 3894 952 3949 adversus
1017 3896 1153 3950 istos
1214 3897 1529 3951 incentores
1600 3905 1949 3964 peccatorum
2010 3896 2122 3967 spi-

537 3988 694 4048 ritus,
742 3995 797 4041 et
843 3987 1123 4041 vincentes
1158 4002 1254 4042 eos
1276 4026 1291 4050 ,
1337 3997 1501 4054 atque
1535 4003 1727 4043 eorum
1757 4005 2119 4059 unumquem-

533 4091 639 4145 que
669 4088 1007 4145 superantcs,
1044 4078 1371 4132 imminuant
1421 4080 1723 4133 exercitum
1772 4080 2078 4135 (ltetuonnm
2104 4124 2119 4150 ,

534 4180 589 4222 et
619 4168 763 4222 velut
787 4170 1213 4239 quamplurimos
1237 4170 1349 4241 (95)
1375 4187 1564 4227 eorum
1610 4172 1952 4231 interimant.
1986 4174 2119 4230 Ver-

536 4260 589 4315 bi
647 4274 836 4327 causa,
869 4273 928 4317 ut
956 4264 999 4317 is
1049 4263 1139 4333 qui
1178 4273 1327 4319 caste
1375 4265 1678 4334 pudiceque
1735 4266 1967 4323 vivendo
2011 4268 2122 4322 for-

534 4353 822 4408 nicationis
876 4355 1128 4424 Spiritum
1200 4358 1576 4425 superaverit,
1653 4374 1763 4414 non
1833 4362 1972 4415 ultra
2042 4361 2121 4417 fas

2237 3180 2354 3217 rum
2386 3162 2503 3229 Dei,
2535 3174 2590 3218 et
2620 3164 2816 3219 iterum
2842 3164 3101 3234 operari?
3150 3164 3205 3218 Si
3238 3167 3382 3219 enim
3412 3164 3659 3219 coalritus
3683 3174 3784 3224 est.

2232 3264 2287 3309 et
2316 3271 2344 3308 a
2374 3254 2484 3308 Deo
2538 3255 2831 3319 contritus,
2879 3239 3322 3325 operariutique
3373 3255 3485 3326 (99)
3517 3256 3653 3307 ultra
3689 3271 3793 3310 non

2234 3354 2432 3415 potest.
2461 3345 2537 3401 Ne
2565 3345 2705 3400 forte
2728 3361 2857 3415 ergo
2889 3349 3021 3401 tanti
3047 3362 3167 3403 esse
3196 3349 3417 3418 putandi
3443 3350 3552 3402 sint
3572 3347 3801 3413 Satanze,

2233 3440 2419 3509 quanti
2458 3450 2582 3493 sunt
2637 3438 2734 3502 illi,
2764 3439 2856 3509 qui
2906 3451 3206 3509 operantur
3231 3455 3393 3509 opera
3433 3441 3665 3494 Satanm.
3698 3439 3804 3495 lloc

2232 3531 2377 3586 enim
2418 3531 2549 3585 mihi
2578 3531 2795 3587 videtur
2820 3533 3056 3587 indicari
3089 3543 3145 3587 et
3180 3535 3230 3587 in
3266 3534 3567 3602 Sapientia,
3614 3534 3697 3587 ubi
3725 3534 3804 3591 di-

2231 3620 2377 3675 citur
2434 3620 2502 3685 ¹¹,
2550 3621 2675 3691 quia
2705 3640 2725 3672 ι
2760 3622 2959 3690 impius
3015 3622 3343 3677 Inaledicens
3388 3623 3665 3686 Satanam,
3695 3624 3799 3691 ipse

2232 3713 2508 3769 maledicit
2529 3714 2767 3769 animam
2791 3729 2966 3769 suam.
3002 3734 3021 3767 ι
3060 3715 3167 3771 Sed
3195 3726 3251 3768 et
3282 3716 3332 3769 in
3366 3715 3552 3785 aliquo
3575 3717 3795 3785 quodam

2232 3806 2435 3874 libello,
2466 3808 2557 3877 qui
2612 3807 2917 3877 appellatur
2971 3806 3361 3863 Testamentum
3418 3810 3683 3863 duodecim
3703 3826 3792 3875 pa-

2231 3901 2610 3965 triarcharum,
2640 3901 2890 3969 quamvis
2919 3914 3026 3954 non
3057 3900 3321 3954 habeatur
3350 3902 3402 3956 in
3470 3917 3686 3965 canone,
3719 3908 3791 3954 ta-

2232 3992 2332 4045 lem
2376 4001 2558 4046 tamen
2588 3993 2885 4060 quemdam
2922 4008 3141 4047 sensum
3175 3993 3516 4057 iuvenimns',
3546 3992 3676 4062 quod
3703 4006 3789 4060 per

2230 4083 2479 4149 singulos
2509 4093 2798 4150 peccantes
2816 4084 3011 4152 singuli
3046 4083 3265 4137 Satanm
3293 4085 3523 4155 intelligi
3558 4085 3784 4139 debeant.

2233 4173 2549 4226 livideutius
2578 4182 2842 4227 autemet
2875 4176 2989 4243 ipsa
3030 4174 3266 4229 nominis
3314 4176 3433 4243 ejus
3485 4175 3779 4243 interpreta-

2232 4265 2322 4329 tio,
2354 4266 2492 4319 sicut
2521 4266 2748 4320 studiosi
2779 4267 3130 4320 Hi-braznrum
3167 4269 3407 4329 tradimt,
3440 4267 3545 4321 hoc
3574 4268 3697 4321 idem
3713 4267 3779 4319 si-

2229 4356 2491 4425 gnificare
2516 4357 2755 4412 videtur.
2788 4356 3018 4412 Satanas
3047 4374 3279 4427 namque
3304 4359 3634 4412 adversarius
3655 4360 3778 4415 dicio

534 4443 609 4499 sit
676 4443 823 4499 illum
871 4446 1145 4515 spiritum,
1185 4448 1277 4516 qui
1328 4450 1397 4503 ab
1442 4448 1532 4502 illo
1572 4460 1760 4506 sancto
1818 4452 1993 4508 victus
2022 4466 2128 4525 est,
2164 4471 2207 4525 ι)
2237 4458 2342 4501 tur.
2371 4450 2573 4503 Omnes
2624 4464 2754 4518 ergo
2810 4450 2897 4516 qui
2939 4450 3304 4506 adversantur
3362 4449 3455 4502 Dei
3521 4449 3777 4511 vulunlati,

534 4538 852 4608 impugnare
922 4539 1119 4593 iterum
1189 4540 1354 4594 alium
1433 4541 1757 4607 hominem;
1828 4545 1923 4599 sed
1991 4547 2136 4605 sicut

534 4629 611 4685 illi
662 4630 907 4700 spiritus,
952 4630 1043 4700 qui
1084 4630 1351 4700 rogabant
1410 4628 1592 4685 Jesum
1647 4646 1713 4687 ne
1764 4634 1816 4687 in
1871 4637 2130 4708 abyssum

536 4724 890 4778 mitterentur
945 4725 1003 4791 ',
1054 4723 1200 4794 quod
1256 4738 1400 4777 nunc
1448 4723 1665 4778 interim
1722 4726 1982 4781 Dominus
2034 4746 2131 4799 pro

536 4820 796 4889 praesenti
847 4820 1259 4890 dispensatione
1308 4818 1623 4887 concessit;
1679 4822 1751 4875 ita
1785 4837 2130 4893 consequens

533 4910 794 4975 videtur,
855 4909 997 4977 quod
1048 4908 1248 4978 singuli
1326 4911 1529 4979 quique
1594 4925 1829 4981 nequam
1901 4915 2129 4984 spiritus

534 5013 657 5055 cum
699 5003 992 5055 vincuntur
1039 5017 1069 5055 a
1120 5001 1347 5067 sanctis,
1395 5002 1480 5058 vel
1542 5002 1598 5057 in
1647 5003 1900 5076 abyssum
1954 5006 2034 5060 vel
2074 5007 2128 5059 in

2234 4538 2450 4591 Satanze
2482 4547 2710 4607 possunt
2734 4539 2857 4591 dici.
2888 4537 3011 4591 Ilaac
3037 4553 3169 4607 ergo
3199 4538 3438 4591 diximus
3463 4554 3559 4607 pro
3580 4554 3636 4591 eo
3654 4538 3777 4606 quod

2232 4634 2491 4702 scriptum
2526 4640 2609 4686 est
2640 4631 2705 4693 “,
2737 4649 2755 4682 r
2794 4633 2916 4700 quia
2967 4630 3296 4686 confortavit
3341 4631 3596 4684 Dominus
3634 4629 3773 4685 corda

2231 4741 2418 4780 eormn
2471 4735 2527 4779 ut
2580 4725 2794 4779 exirent
2852 4725 2918 4777 ad
2956 4724 3200 4793 pra-lium
3260 4733 3446 4776 contra
3496 4721 3668 4785 Israel,
3725 4730 3775 4772 ut

2229 4818 2748 4871 exterminarentur.
2791 4836 2808 4867 ι
2847 4816 3045 4871 Beatus
3078 4830 3211 4886 ergo
3237 4826 3319 4869 est
3357 4815 3446 4883 qui
3492 4814 3773 4866 indesinen-

2231 4919 2311 4961 tcr
2342 4905 2637 4974 spiritalem
2666 4906 2988 4959 machaeram
3031 4914 3243 4970 tenens,
3280 4918 3386 4957 non
3417 4902 3589 4956 aufert
3616 4916 3720 4955 eam
3744 4915 3770 4952 a

2230 4998 2531 5053 cervicibus
2562 4998 2751 5051 horum
2788 4998 3051 5063 hostium,
3083 4999 3149 5051 de
3186 4997 3383 5065 quibus
3416 4995 3647 5063 Superius
3672 5009 3766 5051 un:-

602 5177 624 5210 '
653 5177 846 5234 Matth.
872 5197 991 5236 vut.
1066 5182 1087 5213 ⁸
1119 5181 1250 5236 Luc.
1290 5198 1407 5246 vut,
1435 5181 1525 5235 50.
1598 5180 1619 5210 ⁹
1649 5178 1790 5235 Psal.
1821 5196 1897 5246 cr,
1938 5181 1991 5235 8.
2073 5182 2117 5213 ¹⁶

2235 5196 2301 5235 m.
2341 5180 2568 5243 xvt,20.
2647 5181 2685 5210 “
2722 5180 2868 5234 Eccl.
2905 5196 3020 5245 ut,
3048 5180 3137 5233 50.
3216 5181 3258 5209 "
3291 5178 3407 5234 Jos.
3448 5193 3524 5238 χι.
3554 5177 3633 5235 9.0.

536 5361 549 5376 .
607 5290 719 5376 (92)
754 5292 879 5376 Mss.
936 5314 953 5346 ι
984 5304 1039 5350 et
1084 5304 1128 5350 si
1172 5298 1412 5353 eveniat.
1447 5316 1464 5349 ι
1522 5295 1679 5351 l.ibb.
1726 5295 1881 5360 editi,
1924 5313 1940 5345 ι
1976 5305 2031 5349 et
2065 5297 2108 5350 si

537 5367 800 5418 inveniat.
830 5383 849 5417 ι

571 5432 727 5552 “Eg-3).
774 5436 901 5493 Mss.
947 5456 965 5488 ι
999 5435 1078 5491 vel
1131 5436 1184 5490 in
1228 5437 1370 5492 aliis.
1413 5458 1430 5491 ι
1482 5437 1600 5492 Lib.
1653 5435 1821 5499 editi,
1881 5453 1899 5485 ε
1950 5446 2003 5490 et
2057 5437 2107 5490 in

533 5516 675 5556 alus.
710 5524 727 5555 ι

606 5572 720 5647 (ili)
749 5574 905 5647 Libb.
933 5576 1105 5642 editi,
1157 5595 1175 5629 ‹
1212 5591 1445 5647 pugnam
1489 5591 1608 5633 esse
1649 5575 1810 5631 nobis
1850 5574 2108 5629 omnibus

534 5643 747 5698 scribit.
781 5644 985 5700 Tamen
1019 5662 1141 5702 reor
1180 5643 1449 5701 omnium.
1484 5666 1502 5698 ι

603 5715 718 5786 (95)
766 5715 882 5770 Duo
921 5730 1052 5771 mss.
1086 5716 1478 5782 Ebroicenses,
1519 5734 1536 5767 ι
1569 5716 1715 5774 velut
1745 5731 1916 5791 equos
1948 5715 2111 5788 pluri-

2212 5729 2317 5773 ms.

2226 5311 2415 5436 η’(ξῗίδῖ
2463 5365 2664 5421 Omnes
2719 5366 3073 5436 manuscripti
3105 5406 3121 5431 ,
3177 5385 3194 5417 ο
3236 5368 3567 5420 sinerentur.
3604 5383 3618 5417 ι
3660 5363 3759 5419 Lib.

2221 5438 2374 5496 editi,
2409 5460 2423 5483 ‹
2469 5438 2785 5489 linirentur.
2823 5454 2843 5488 ι

2289 5506 2403 5576 (97)
2435 5506 2555 5576 Duo
2584 5506 2969 5569 Ebt‘oiccnses,
3012 5523 3029 5555 ι
3064 5507 3268 5573 vagari.
3303 5526 3322 5559 ι

2284 5576 2397 5644 (98)
2431 5575 2616 5644 iidem,
2655 5594 2673 5626 ι
2707 5577 3007 5631 habitabat.
3032 5596 3049 5627 ι
3096 5576 3248 5630 Lihh.
3282 5577 3444 5641 editi,
3482 5576 3712 5631 thabilat.
3736 5591 3754 5625 ι

2279 5646 2400 5727 (99)
2425 5643 2615 5713 Utique
2671 5647 2822 5727 deest
2872 5648 2924 5701 iu
2974 5647 3105 5703 libb.
3153 5648 3338 5713 editis,
3382 5648 3475 5703 sed
3518 5656 3670 5702 exstat
3712 5646 3756 5702 in

2397 5729 2842 5786 angermanensr.

3406 6212 3862 6226 μή...ἠῆ
3938 6222 3977 6226 ,_
4003 6212 4005 6219 .
