4104 6226
301 279 439 339 903

1333 279 1403 335 lN
1442 279 1701 336 LIBRUM
1742 283 1907 340 JESU
1952 284 2140 341 NAVE
2180 286 2461 345 HOMlLlA
2506 290 2645 349 XVI.

3494 307 3603 360 900

303 398 691 464 moravimus,
748 396 895 452 sicut
941 404 997 449 et
1038 393 1307 451 Jeremlas
1353 399 1617 468 propheta
1663 400 1794 455 dicit
1830 402 1873 433 "
1909 417 1922 453 :
1957 406 2003 462 Α
2032 418 2098 458 00
2122 406 2478 475 appellamur,
2509 411 2650 479 quod
2683 409 2979 480 longaevam
3013 416 3265 473 duxerint
3293 419 3479 489 vitam,
3509 427 3605 480 scd

314 508 338 543 1
379 488 709 543 Maledictus
733 487 899 542 homo
928 485 1021 554 qui
1047 485 1174 538 facit
1204 500 1363 555 opera
1398 487 1607 541 Domini
1645 487 1918 559 negligen-

311 592 437 643 ter,
463 590 516 635 et
540 581 720 633 aufert
748 580 1069 632 machaeram
1098 592 1252 631 suam
1286 593 1315 631 a
1352 579 1618 649 sanguine
1664 580 1915 634 inimico-

310 688 476 727 rum.
515 691 533 723 1
565 671 677 724 1100
701 671 744 723 si
776 669 1073 722 secundum
1108 667 1347 722 litteram
1384 667 1773 739 intelligamus,
1824 683 1916 724 ne-

309 781 486 821 cesse
548 765 654 819 erit
704 777 803 816 nos
863 761 1235 814 indesinenter
1297 760 1617 828 sanguinem
1666 760 1914 815 fundere.

311 859 485 925 Quod
517 856 688 912 11111101
746 863 1005 924 putantes
1032 852 1126 923 qui
1179 866 1244 906 ex
1299 850 1510 921 integro
1548 867 1678 906 caro
1707 861 1831 906 sunt
1862 861 1918 906 et

312 950 580 1019 sanguis,
642 945 894 1002 crudeles
924 954 979 997 et
1026 941 1393 1011 implacabiles
1460 942 1615 1005 fiunt,
1673 943 1912 997 dicentes

315 1040 773 1096 maledictiouem
810 1037 1041 1106 positam
1071 1050 1193 1088 esse
1225 1035 1306 1097 iis,
1339 1035 1429 1104 qui
1461 1050 1490 1088 a
1541 1038 1808 1105 sanguine
1834 1037 1917 1091 01-

317 1133 608 1189 fundendo
636 1130 993 1191 cessaverint,
1021 1139 1077 1181 et
1108 1127 1231 1180 ideo
1280 1129 1443 1196 pedes
1492 1144 1678 1183 eorum
1705 1129 1918 1185 veloces

320 1236 459 1282 sunt
483 1226 551 1279 ad
582 1222 963 1278 effundendum
993 1223 1333 1289 sanguinem.
1363 1219 1471 1275 Sed
1517 1220 1621 1276 illis
1657 1222 1915 1292 hujusce-

318 1316 481 1370 modi
514 1314 891 1385 intelligentia,
937 1314 1064 1383 quia
1118 1327 1248 1367 caro
1284 1322 1341 1366 et
1382 1314 1609 1384 sanguis
1663 1324 1811 1380 sunt,
1837 1314 1917 1367 vi-

317 1410 575 1474 deatur;
638 1408 771 1462 mihi
829 1416 1011 1460 autem
1064 1414 1288 1474 przestct
1342 1406 1604 1461 Dominus
1640 1421 1914 1475 nunquam

316 1498 607 1570 negligere
634 1512 802 1568 opera
830 1496 1061 1555 Domini,
1089 1506 1189 1547 nec
1215 1494 1433 1551 auferre
1461 1496 1763 1565 spiritalem
1801 1495 1918 1566 gla-

318 1591 478 1645 dium
505 1589 652 1644 verbi
692 1589 782 1643 Dei
816 1604 844 1641 a
883 1589 1151 1655 sanguine
1198 1587 1597 1642 contrariarum
1630 1587 1916 1653 virtutum,

316 1692 381 1735 et
414 1680 748 1735 mortificare
770 1693 863 1733 eas
893 1678 945 1731 in
994 1693 1324 1747 unoquoque
1354 1679 1683 1732 auditorum.
1746 1678 1918 1733 luter-

2029 510 2128 564 pro
2154 500 2471 552 maturitate
2513 517 2705 556 sensus
2729 515 2782 555 et
2829 505 3096 573 gravitate
3140 512 3264 565 vitae
3294 519 3609 573 veneranda

2029 586 2132 641 bac
2156 589 2520 658 appellatione
2570 593 2917 657 decorentur,
2969 600 3202 654 maxime
3226 617 3345 655 cum
3387 607 3610 661 additur

2028 677 2092 730 ad
2133 680 2502 751 presbyterum
2549 699 2733 737 sermo
2782 686 2883 741 iste
2921 690 3011 758 qui
3063 694 3328 761 sequitur,
3363 712 3381 745 1
3418 697 3609 765 plenus

2028 768 2262 827 dierum.
2300 790 2320 822 1
2353 771 2407 825 Si
2441 775 2581 825 enim
2624 777 2722 829 :evi
2755 778 3064 845 prolixitate
3101 785 3471 854 appellandus,
3512 794 3610 860 qui

2026 862 2334 932 presbyter,
2364 864 2444 917 vel
2486 866 2670 918 senior
2718 868 3013 930 videretur.
3045 887 3206 942 quem
3241 879 3414 946 magis
3439 895 3605 949 opor-

2030 952 2177 1005 tebat
2223 954 2386 1007 alimn
2442 956 2544 1010 hoc
2598 960 2816 1011 nomine
2871 963 3107 1027 censeri,
3165 981 3325 1034 quam
3368 970 3605 1039 primum

2026 1045 2220 1137 Adam,
2250 1051 2333 1103 vel
2362 1061 2510 1106 certe
2549 1052 2928 1120 Mathusalem,
2977 1067 3071 1111 aut
3110 1059 3244 1123 Noe,
3292 1064 3385 1131 qui
3417 1066 3606 1137 utique

2026 1136 2182 1208 longe
2206 1141 2452 1209 pluribus
2480 1143 2556 1213 (5)
2588 1160 2750 1214 quam
2787 1148 2968 1202 caeteri
2997 1150 3157 1204 annis
3190 1151 3242 1205 in
3272 1155 3376 1208 1100
3405 1136 3606 1213 mundo

2026 1230 2228 1284 vixisse
2259 1232 2643 1288 declarantur?
2691 1235 2797 1291 Sed
2832 1253 2977 1293 nunc
3025 1240 3309 1298 videamus
3363 1250 3507 1315 quod
3538 1264 3605 1303 ex

2027 1320 2134 1376 illis
2161 1322 2379 1391 quidem
2407 1323 2572 1397 5.36
2607 1328 2784 1383 nullus
2836 1329 3075 1385 refertur
3106 1346 3133 1385 a
3166 1331 3450 1404 Scriptura
3481 1354 3606 1408 prc-

2026 1415 2215 1483 sbyter
2240 1423 2334 1468 aut
2372 1418 2558 1471 senior
2604 1420 2926 1488 appellatus,
2959 1423 3053 1476 sed
3087 1423 3131 1478 is
3174 1426 3265 1494 qui
3294 1426 3452 1497 longe
3485 1430 3608 1485 bre-

2024 1506 2192 1560 vioris
2238 1508 2499 1576 temporis
2546 1509 2711 1564 vitam
2743 1511 2920 1575 duxit,
2953 1512 3158 1581 primus
3188 1514 3241 1568 in
3307 1516 3606 1586 Scriptnris

2024 1596 2231 1652 sanetis
2275 1596 2549 1652 Abraham
2596 1602 2903 1671 presbyter,
2951 1603 3034 1656 vel
3070 1604 3253 1659 senior
3279 1609 3603 1682 appellatur.

2027 1685 2238 1740 Dicttnn
2268 1697 2352 1741 est
2395 1688 2560 1743 etiam
2590 1691 2657 1743 ad
2690 1691 2906 1763 Moysen
2958 1709 2988 1747 a
3027 1694 3260 1750 Domino
3290 1698 3368 1753 ":
3402 1717 3422 1750 1
3458 1701 3608 1770 Elige

322 1773 595 1828 ﬁciuntur
626 1779 806 1823 autem
836 1770 889 1823 in
920 1769 1075 1825 vobis
1106 1770 1177 1823 ita
1209 1769 1449 1835 demum,
1499 1769 1544 1824 si
1601 1769 1686 1825 his
1716 1770 1918 1825 auditis
1953 1759 1994 1817 Β
2026 1778 2122 1831 tibi
2161 1779 2229 1831 ab
2252 1779 2396 1832 omni
2427 1780 2623 1850 populo
2649 1759 3022 1854 presbyteros,
3056 1801 3191 1855 quos
3219 1796 3273 1842 tu
3309 1793 3449 1846 nosti
3474 1759 3605 1863 quia

320 1878 521 1918 earum
549 1876 713 1931 opera
751 1876 855 1915 non
890 1862 1083 1929 agatis.

402 1954 456 2007 7.
487 1954 695 2008 Dicitur
729 1966 911 2007 autem
945 1953 998 2007 in
1026 1955 1488 2023 consequentibus
1522 1955 1587 2019 “,
1614 1954 1740 2024 quia
1775 1973 1793 2006 1
1827 1968 1918 2010 00·

321 2045 407 2115 pit
443 2044 601 2100 Jesns
628 2060 846 2099 omnem
879 2053 1098 2107 terram,
1134 2046 1276 2099 sicut
1321 2046 1597 2099 mandavit
1649 2044 1917 2101 Dominus

328 2136 528 2206 Moysi.
572 2156 589 2188 1
622 2137 715 2192 1110
741 2136 901 2191 Jesus
937 2136 1078 2190 illius
1110 2135 1279 2200 Nave,
1329 2152 1433 2191 non
1470 2138 1626 2192 video
1656 2139 1797 2207 quod
1827 2154 1918 2194 ce-

328 2228 475 2297 perit
503 2243 716 2283 omnem
777 2237 1001 2285 terram.
1048 2230 1320 2297 Quantum
1353 2229 1496 2284 enim
1556 2240 1714 2283 terra:
1745 2232 1909 2299 cepit,

323 2320 422 2388 qui
452 2318 694 2375 Judmam
733 2321 908 2374 tenuit
937 2320 1150 2376 solam?
1193 2318 1388 2375 Noster
1415 2330 1592 2374 autem
1658 2319 1918 2374 Dominus

327 2411 492 2467 Jesus
524 2413 637 2481 ipse
661 2428 789 2467 vere
813 2416 957 2483 cepit
982 2428 1197 2467 omnem
1229 2422 1453 2473 terram,
1500 2413 1551 2465 in
1585 2428 1650 2466 eo
1677 2413 1821 2481 quod
1851 2426 1915 2467 ex

323 2501 475 2556 omni
504 2512 672 2567 terra,
706 2513 871 2573 atque
923 2519 988 2558 ex
1012 2504 1263 2559 onmibus
1298 2504 1629 2567 nationibus,
1685 2504 1752 2557 ad
1793 2519 1915 2557 eum

324 2595 610 2649 concurrit
636 2596 972 2651 credentium
1006 2597 1084 2665 (Ι)
1121 2595 1431 2650 multitudo.
1466 2594 1697 2649 Additur
1747 2595 1914 2649 etiam

327 2696 453 2755 post
494 2685 609 2740 11100
651 2694 998 2756 posteaquam
1028 2701 1245 2741 omnem
1301 2698 1501 2742 terram
1538 2688 1681 2755 cepit
1711 2686 1913 2745 Jesus:

334 2794 354 2827 1
389 2775 455 2832 Et
482 2779 769 2847 requievit,
798 2779 974 2848 inquit
997 2781 1064 2843 ³⁵,
1106 2790 1251 2833 101111
1304 2794 1332 2833 a
1383 2780 1557 2834 bellis.
1596 2800 1614 2833 1
1646 2780 1756 2835 1100
1781 2797 1916 2852 quo-

331 2870 495 2924 modo
519 2885 643 2925 vere
670 2871 942 2924 videbitur
978 2872 1083 2926 dici
1115 2873 1182 2926 de
1208 2871 1319 2925 lilio
1355 2869 1517 2936 Nave,
1562 2874 1687 2941 quia
1733 2889 1917 2929 cessa-

331 2963 411 3017 vit
469 2974 610 3019 terra
659 2980 687 3017 a
733 2965 911 3029 bellis,
957 2982 1077 3033 qua:
1124 2981 1401 3036 nunquam
1433 2966 1543 3020 fere
1582 2970 1917 3037 temporibus

330 3054 450 3123 eius
479 3057 709 3111 cessavit
757 3074 785 3109 a
836 3058 1035 3112 bellis?
1065 3059 1171 3112 Sed
1222 3060 1322 3113 hoc
1350 3060 1658 3129 completur
1704 3062 1755 3115 in
1800 3061 1916 3115 solo

334 3145 567 3201 Domino
596 3161 716 3201 meo
760 3147 884 3202 Jesu
914 3148 1155 3204 Christo.
1213 3147 1270 3202 Si
1324 3151 1469 3203 enim
1519 3153 1834 3207 consideres
1866 3164 1917 3206 te

333 3239 424 3307 qui
456 3239 647 3293 venisti
698 3240 762 3292 ad
815 3239 1020 3301 Jesum,
1055 3241 1202 3294 etab
1243 3254 1308 3292 eo
1355 3254 1451 3309 per
1504 3242 1758 3309 baptismi
1790 3258 1915 3311 gra-

340 3333 494 3395 tiam,
525 3333 901 3386 remissionem
957 3341 1285 3387 consecutus
1326 3348 1384 3387 es
1434 3344 1813 3401 peccatorum,
1862 3346 1916 3389 et

332 3423 442 3493 jam
492 3423 544 3476 in
594 3433 644 3476 te
680 3437 783 3476 non
818 3433 1023 3493 pugnat
1067 3438 1195 3477 caro
1232 3424 1495 3478 adversus
1540 3426 1812 3494 spiritum,
1862 3436 1919 3480 et

338 3513 561 3581 spiritus
592 3514 854 3567 adversus
904 3529 1146 3573 carnem.
1177 3515 1416 3568 cessavit
1460 3513 1535 3583 (2)
1586 3525 1727 3568 terra
1771 3524 1858 3567 tua
1886 3531 1915 3570 a

337 3605 489 3661 bellis
527 3622 542 3660 :
576 3606 618 3659 si
650 3614 827 3658 tamen
877 3614 1107 3657 mortem
1159 3601 1287 3658 Jesu
1340 3603 1540 3659 Christi
1589 3605 1641 3657 in
1685 3620 1918 3674 corpore

340 3708 429 3753 tuo
465 3698 843 3759 circumferas,
895 3700 965 3749 ita
1003 3697 1429 3751 utcessantihus
1472 3699 1523 3751 in
1561 3707 1613 3752 te
1662 3699 1917 3753 omnibus

340 3789 536 3860 prteliis
564 3789 817 3843 efﬁciaris
846 3788 1128 3858 pacilleus,
1168 3797 1223 3843 et
1252 3789 1396 3843 [ilius
1428 3790 1521 3843 Dei
1548 3790 1782 3845 vaceris.
1809 3788 1915 3844 Sed

342 3884 441 3937 1100
467 3882 558 3936 1101
586 3891 939 3952 posteaquam
974 3882 1110 3935 bella
1140 3882 1495 3950 transegeris,
1549 3892 1603 3936 et
1655 3883 1916 3937 adversa-

339 3977 445 4029 rios
469 3974 687 4028 viceris.
716 3972 870 4027 Tunc
898 3972 995 4025 tibi
1020 3971 1239 4026 dabitur
1262 3974 1494 4040 requies,
1522 3980 1581 4026 ut
1606 3973 1917 4041 requiescas

339 4066 436 4121 sub
465 4069 575 4121 vite
602 4075 715 4132 tua,
741 4065 831 4135 qui
862 4072 947 4119 est
967 4062 1221 4117 Christus
1241 4061 1419 4128 Jesus,
1446 4074 1503 4117 et
1540 4066 1639 4118 sub
1667 4063 1771 4118 11011
1799 4073 1914 4127 tua,

342 4159 427 4225 qui
469 4166 552 4211 est
591 4156 827 4227 Spiritus
869 4166 1110 4222 sanctus,
1138 4164 1200 4210 ut
1235 4155 1306 4209 ita
1351 4154 1553 4222 gratias
1579 4154 1784 4209 referas
1806 4156 1916 4210 Deo

343 4247 482 4302 Patri
508 4248 869 4316 omnipotenti
908 4248 960 4303 in
1006 4250 1125 4319 ipso
1147 4246 1366 4302 Christo
1406 4244 1534 4300 Jesu
1560 4245 1789 4301 Domino
1817 4261 1916 4299 no-

342 4351 473 4402 stro,
528 4340 614 4393 cui
643 4348 724 4393 est
749 4339 917 4409 gloria
954 4349 1008 4395 ct
1032 4337 1317 4409 imperium
1360 4336 1440 4407 (5)
1477 4337 1531 4391 111
1582 4338 1777 4393 saecula
1812 4354 1914 4394 stc-

342 4432 599 4486 culorum.
629 4431 822 4485 Amen.

893 4520 1172 4576 llOlllLlA
1210 4521 1351 4575 XVI.

348 4614 416 4668 De
437 4631 495 4667 eo
518 4620 655 4685 quod
680 4614 931 4683 scriptum
956 4623 1053 4679 est,
1072 4634 1089 4665 t
1107 4614 1336 4685 Ellesus
1361 4620 1471 4685 erat
1497 4609 1781 4678 presbyter,
1813 4608 1911 4685 hoc

407 4698 477 4738 est
504 4681 676 4739 senior
700 4694 747 4737 et
777 4681 1043 4751 provectus
1070 4688 1122 4736 in
1150 4684 1335 4736 diebus
1380 4681 1489 4733 suis
1502 4689 1612 4741 ,Ἴθι
1647 4683 1911 4751 quantodo

408 4757 680 4895 ῗιιῖειιὶἱῗῖ
730 4749 821 4821 per
868 4753 1080 4823 Moysen
1106 4758 1230 4807 data
1271 4762 1344 4804 es:
1377 4753 1579 4803 duabus
1621 4749 1776 4801 seruis
1809 4749 1910 4800 tri-

443 4844 468 4878 11
510 4843 567 4877 us
679 4865 691 4878 .

409 4917 456 4969 1.
493 4918 664 4969 Etiam
694 4926 821 4972 ante
853 4933 950 4972 nos
982 4917 1201 4985 quidam
1249 4917 1606 4969 observantes
1648 4917 1909 4965 notarunt

345 5006 392 5062 in
423 5004 739 5076 Scripturis,
772 5008 897 5077 quia
948 5005 1279 5078 presbyteri,
1326 5002 1411 5058 vel
1437 5003 1681 5057 seniores
1709 5017 1815 5056 non
1845 5013 1910 5053 ex

409 5169 449 5203 ¹³
498 5167 609 5223 Jer.
648 5182 834 5231 1111111,
875 5166 958 5221 10.
1037 5164 1223 5219 unios.
1269 5179 1349 5228 111,
1378 5163 1471 5217 25.
1552 5161 1594 5193 “
1646 5160 1776 5218 ibid.

410 5330 710 5399 (l)0mncs
767 5343 924 5390 mss.,
981 5346 998 5378 1
1061 5325 1422 5383 credentium.
1481 5341 1500 5375 1
1544 5320 1703 5375 leb.
1756 5317 1908 5382 editi,

348 5421 368 5456 1
401 5403 660 5479 gentium.
694 5418 712 5450 1
1189 5468 1221 5479 Β
1336 5463 1355 5479 _
1382 5464 1415 5479 η
1442 5461 1468 5479 L
1553 5458 1677 5479 Am

411 5460 481 5538 (2)
511 5470 713 5523 Omnes
757 5484 912 5533 mss.,
944 5486 962 5521 1
994 5468 1251 5523 cessavit.
1285 5484 1302 5517 1
1336 5461 1497 5518 Libb.
1547 5460 1702 5525 editi,
1738 5478 1757 5512 1
1794 5473 1914 5515 ces-

347 5543 497 5681 Μῗὲ).
521 5560 650 5666 ἔθει
684 5629 705 5662 1
744 5610 1028 5676 imperium
1061 5629 1078 5661 1
1111 5622 1250 5662 unus
1272 5605 1442 5661 codex
1472 5601 1692 5656 Ebroic.
1723 5599 1907 5654 addit:

360 5700 375 5736 t
410 5699 522 5735 rum
558 5681 764 5750 Spiritu
793 5691 1002 5733 sancto.
1047 5699 1063 5729 1

411 5752 485 5822 («1)
519 5740 615 5805 Εἴ
643 5751 904 5823 quomodo
951 5749 1232 5803 liwreditas
1263 5762 1356 5812 per
1394 5743 1611 5812 Moysen
1667 5740 1793 5793 data
1831 5745 1909 5791 est

702 5847 977 5905 l’nnor.
1013 5845 1132 5905 Gn.
1184 5840 1322 5903 ΧΗ.

1856 5160 1901 5191 ¹⁶
1938 5157 2097 5212 Num.
2130 5170 2207 5211 ιι.
2243 5152 2330 5209 16.

2026 1871 2325 1939 presbyteri
2354 1884 2502 1928 sunt.
2547 1890 2566 1922 1
2604 1872 2711 1926 Sed
2737 1873 2965 1930 observa
3001 1879 3165 1933 etiam
3194 1888 3275 1945 tu,
3306 1896 3340 1935 ο
3366 1885 3604 1951 auditor,

2027 1959 2080 2013 in
2105 1962 2250 2014 omni
2283 1962 2592 2032 Scriptura,
2626 1966 2800 2019 sicubi
2826 1965 3077 2024 invenire
3101 1984 3254 2040 petes
3284 1975 3605 2042 appellatio-

2026 2068 2151 2107 nem
2190 2054 2330 2110 1111110
2359 2055 2546 2110 senior
2576 2064 2631 2109 et
2664 2056 2852 2124 plenus
2890 2060 3122 2127 dierum,
3185 2064 3413 2132 positam
3445 2083 3608 2137 super

2026 2143 2207 2212 aliquo
2235 2155 2544 2212 peccatore.
2578 2144 2733 2199 Nune
2765 2161 2897 2216 ergo
2920 2152 3097 2204 sancti
3127 2151 3366 2221 Spiritus
3401 2171 3499 2209 vox
3525 2165 3606 2210 est

2025 2238 2435 2305 pronuntiantis
2485 2235 2672 2291 Jesum
2720 2241 3123 2311 presbyterum,
3185 2244 3268 2297 vel
3308 2246 3603 2308 seniorem.

2025 2337 2079 2381 et
2117 2337 2434 2395 provectum
2469 2328 2520 2381 in
2555 2329 2769 2385 diebus.
2804 2330 2881 2386 Ita
2914 2334 3059 2386 enim
3090 2334 3223 2387 dicit
3257 2336 3297 2367 ⁸⁷
3343 2354 3357 2389 :
3396 2356 3414 2388 1
3447 2335 3605 2393 Iesus

2025 2419 2171 2472 enim
2209 2429 2349 2483 erat,
2402 2420 2599 2487 inquit,
2651 2422 2955 2493 presbyter,
3010 2425 3091 2478 vel
3119 2430 3303 2482 senior
3326 2438 3381 2482 et
3411 2444 3603 2497 prove-

2026 2518 2143 2565 ctus
2170 2511 2401 2564 dierum.
2437 2530 2455 2562 1
2484 2511 2637 2576 Quod
2692 2515 2878 2581 utique
2901 2515 2966 2568 de
3020 2528 3310 2583 peccatore
3356 2520 3459 2573 dici
3496 2536 3602 2575 non

2026 2610 2261 2669 poterat,
2294 2603 2421 2670 quia
2475 2614 2731 2671 peccator
2775 2622 2878 2659 non
2913 2616 2995 2660 est
3028 2620 3318 2675 provectus
3367 2610 3603 2668 dierum.

2025 2692 2141 2747 Non
2175 2694 2318 2747 enim
2346 2709 2404 2748 se
2434 2696 2682 2749 extendit
2709 2697 2775 2750 ad
2800 2712 2861 2751 ea
2892 2712 3012 2765 qua:
3046 2709 3172 2753 ante
3198 2710 3319 2753 sunt
3349 2701 3446 2771 (6),
3468 2702 3608 2756 obli-

2026 2787 2243 2841 viscens
2277 2802 2338 2839 ea
2377 2803 2498 2856 qum
2548 2799 2849 2843 retrorsum
2902 2802 3051 2858 sunt,
3094 2794 3185 2847 scd
3212 2809 3427 2860 semper
3459 2808 3607 2853 retro

2026 2877 2384 2942 convertitur,
2416 2888 2471 2930 ct
2502 2878 2566 2931 ad
2596 2879 2854 2932 vomitum
2880 2896 3036 2933 suum
3074 2883 3229 2946 redit,
3265 2895 3317 2938 et
3350 2886 3469 2940 ideo
3498 2902 3605 2940 non

2026 2976 2182 3036 aptus
2206 2976 2289 3021 est
2319 2983 2486 3038 regno
2519 2969 2807 3024 caelorum.
2840 2970 2939 3038 Qui
2977 2986 3157 3030 autem
3185 2993 3399 3047 semper
3430 2979 3506 3049 (7)
3536 2980 3604 3034 ad

2024 3060 2206 3126 priora
2242 3060 2579 3126 extenditur,
2610 3072 2663 3115 et
2697 3063 2763 3114 ad
2815 3064 3204 3131 perfectionem
3259 3070 3450 3133 fertur,
3502 3072 3606 3125 ista

2025 3162 2315 3218 provectus
2368 3152 2540 3206 estin
2574 3155 2766 3208 diebus
2812 3158 2947 3209 suis.
3005 3158 3068 3211 Et
3110 3176 3251 3214 nunc
3295 3177 3425 3232 ergo
3470 3163 3605 3217 dicit

2025 3242 2286 3296 Dominus
2319 3243 2383 3296 ad
2418 3241 2602 3297 Jesum
2635 3245 2680 3276 “‘
2714 3266 2726 3300 :
2764 3263 2783 3297 1
2819 3246 2896 3299 Tu
2927 3259 3217 3316 provectus
3246 3268 3303 3306 es
3330 3254 3381 3306 in
3412 3255 3604 3310 diebus

2023 3332 2147 3385 tuis.
2185 3350 2204 3382 1
2242 3330 2437 3385 Nescio
2460 3346 2560 3401 ego
2592 3334 2637 3385 si
2672 3334 2723 3387 in
2765 3336 2867 3390 1100
2909 3337 3027 3390 1000
3066 3338 3194 3393 1111111
3248 3348 3423 3409 potest
3451 3341 3603 3396 11110-

2022 3422 2089 3485 ri,
2116 3423 2241 3491 quia
2272 3422 2373 3476 hoc
2420 3424 2641 3477 dicebat
2694 3426 2953 3481 Dominus
3009 3431 3075 3482 ad
3127 3428 3334 3496 Jesum,
3368 3434 3508 3502 quod
3533 3434 3605 3489 de

2021 3523 2180 3567 actate
2203 3514 2321 3583 ejus
2349 3516 2509 3569 senili
2554 3531 2746 3570 omnes
2778 3519 3059 3583 videbant,
3110 3532 3166 3575 et
3219 3536 3409 3579 omnes
3438 3540 3605 3580 nove-

2023 3615 2169 3661 rant.
2202 3606 2267 3659 Et
2294 3622 2414 3675 qua:
2438 3618 2565 3661 sunt
2595 3619 2703 3662 tam
2744 3626 2937 3681 magna
2972 3627 3224 3681 responsa
3264 3618 3364 3671 ista
3394 3618 3601 3684 divina,

2020 3713 2139 3767 qua:
2164 3698 2477 3753 hominibus
2511 3699 2855 3769 deferuntur,
2902 3713 2961 3757 ut
3004 3705 3188 3762 dicant
3219 3709 3333 3763 seni
3376 3711 3602 3773 homini.

2019 3791 2146 3861 quia
2181 3805 2346 3845 senex
2376 3806 2459 3853 es.
2494 3794 2639 3860 quod
2673 3809 2862 3849 omnes
2887 3796 3163 3863 videbant,
3195 3810 3250 3853 et
3288 3816 3483 3857 onmes
3507 3819 3598 3857 no.

2022 3884 2249 3938 verant?
2279 3885 2386 3939 Sed
2425 3885 2555 3938 mibi
2606 3883 2818 3939 videtur
2862 3902 3121 3954 magnum
3183 3890 3401 3960 aliquod
3441 3897 3603 3947 testi-

2022 3978 2262 4030 monium
2293 3992 2321 4030 a
2352 3978 2581 4031 Domino
2613 3992 2709 4046 per
2731 3978 2845 4033 haec
2898 3980 3015 4034 dari
3051 3980 3160 4035 lilio
3192 3981 3362 4046 Nave,
3396 4001 3516 4037 011111
3550 3986 3602 4042 cl

2020 4066 2240 4133 dicitur,
2277 4068 2404 4136 quia
2467 4076 2761 4136 provectus
2812 4069 3021 4125 dierutn
3078 4087 3156 4128 es.
3217 4073 3281 4127 Et
3337 4087 3599 4143 quantum

2019 4158 2238 4226 quidem
2274 4159 2519 4228 proloqui
2550 4158 2724 4222 nobis,
2755 4161 2841 4215 vel
2871 4163 3086 4231 aperire
3126 4166 3191 4218 de
3228 4164 3430 4219 divinis
3482 4187 3601 4242 my-

2020 4250 2208 4303 steriis
2236 4248 2321 4302 fas
2346 4260 2450 4313 est,
2484 4264 2584 4317 cgo
2610 4250 2848 4305 arbitror
2874 4252 3016 4321 quod
3061 4253 3200 4307 sicut
3244 4256 3322 4308 sol
3363 4258 3461 4312 iste
3489 4261 3603 4314 dies

2020 4344 2150 4398 facit
2182 4345 2385 4398 mundo
2438 4344 2585 4405 huic,
2618 4343 2688 4397 ita
2718 4353 2770 4397 et
2805 4345 2883 4398 sol
2906 4344 3134 4414 iustitiae
3184 4348 3347 4404 faciat
3392 4354 3603 4421 aliquos

1946 4446 1993 4506 ι)
2021 4435 2135 4490 dies
2171 4434 2469 4504 spiritales,
2492 4437 2580 4504 qni
2614 4434 2825 4505 fulgore
2852 4439 3098 4490 veritatis
3150 4447 3203 4490 et
3235 4439 3483 4508 l'Jtllpath
3515 4460 3606 4496 sa-

2021 4529 2242 4597 pientia:
2273 4529 2634 4583 illustrantur.
2673 4529 2728 4583 Si
2760 4530 2882 4599 quis
2924 4546 3055 4600 ergo
3104 4530 3155 4584 in
3194 4536 3478 4602 praeceptis
3507 4535 3599 4587 Dei

2022 4623 2187 4675 vitam
2226 4624 2364 4677 hanc
2392 4632 2736 4691 pnesentem,
2774 4637 2915 4688 qua),
2963 4624 3104 4676 sicut
3154 4623 3322 4678 Jacoh
3359 4625 3603 4687 dicebat,

2021 4730 2315 4787 paucorum
2346 4723 2402 4768 ct
2429 4713 2693 4769 malorum
2752 4714 2962 4768 diermn
3004 4721 3107 4773 est,
3149 4716 3492 4783 transegerit,
3545 4728 3604 4770 et

2021 4804 2427 4861 immaculatum
2474 4822 2534 4860 se
2570 4808 2634 4859 ab
2668 4806 2771 4860 hoc
2819 4807 3019 4859 mundo
3052 4807 3407 4872 custodierit,
3439 4816 3601 4875 atque

2020 4913 2213 4953 omnes
2238 4898 2578 4951 adversarios
2599 4906 2653 4951 et
2684 4900 2868 4952 hostes
2899 4912 3027 4951 suos
3054 4897 3333 4966 subegerit
3379 4899 3601 4967 011111111-

2020 4993 2125 5054 les,
2152 4991 2219 5044 ab
2255 4988 2372 5043 istis
2424 4990 2612 5056 paucis
2644 4998 2699 5043 et
2753 4988 2910 5043 malis
2943 4986 3135 5044 diebus
3178 4988 3495 5059 provehitur
3545 4998 3602 5043 et

2414 5151 2453 5184 "
2499 5148 2613 5208 Jos.
2648 5151 2845 5215 11111,1.
2924 5151 2967 5182 ⁸⁸
3000 5152 3135 5209 ibid.

2014 5315 2217 5366 duabus
2241 5311 2398 5364 semis
2434 5310 2692 5363 tribubus.
2745 5307 2870 5363 11100
2920 5308 3304 5363 desiderantur
3358 5308 3409 5361 111
3442 5308 3598 5363 libris

2016 5397 2172 5437 antea
2212 5382 2395 5444 editis,
2451 5383 2542 5433 sed
2577 5380 2829 5449 leguntur
2864 5381 2915 5431 in
2958 5395 3060 5433 ms.
3113 5379 3594 5449 Sangermanensi‘.

2088 5452 2165 5522 (5)
2199 5448 2740 5522 MsaSangermgu
2800 5450 3187 5522 utiquelongc
3248 5448 3512 5518 pluribus.
3572 5469 3592 5502 1

2018 5519 2174 5577 Libb.
2205 5520 2356 5580 editi,
2391 5539 2407 5569 1
2441 5521 2653 5586 utrique
2686 5519 2840 5589 longe
2876 5520 3139 5589 pluribus.
3187 5538 3204 5568 1

2089 5590 2165 5656 (6)
2195 5590 2294 5643 Ms.
2326 5590 2631 5655 Sangernt..
2667 5608 2685 5638 1
2720 5591 2771 5642 in
2800 5600 2927 5644 ante
2956 5599 3099 5644 sunt.
3144 5608 3163 5640 1

2091 5663 2166 5728 (7)
2197 5660 2433 5728 Semper.
2488 5659 2645 5712 llecst
2678 5660 2728 5713 in
2780 5660 2932 5714 libris
2968 5659 3149 5722 editis,
3185 5660 3280 5714 sed
3313 5659 3508 5727 legitur
3533 5661 3588 5711 in

2020 5748 2121 5786 ms.
2158 5729 2633 5798 Sangermaneusi.
