4104 6226
456 277 589 343 ὌΟῚ
1948 262 2281 321 τΟῙὶΙΟΕΝΙΞ

3703 236 3859 296 sae

490 400 839 467 promovetur
868 392 936 447 ad
964 388 1091 447 illos
1123 386 1238 443 dies
1262 395 1497 443 aeternos
1543 394 1598 442 ct
1628 386 1819 450 bonos,
1870 384 2057 440 aeterni
2092 390 2137 443 Α
2164 382 2230 436 ad
2260 382 2394 436 (lues
2412 377 2569 435 orbis
2594 384 2864 432 terrarum
2898 374 2955 427 in
2977 377 3278 441 eansytecun
3304 367 3422 438 eius
3444 362 3853 467 proride

488 488 622 545 solis
656 487 777 542 luce
830 486 1090 554 signatos.
1138 478 1255 535 Tali
1282 495 1411 551 ergo
1462 481 1691 549 quodam
1743 479 1933 535 ordine
1978 479 2063 531 in-

493 579 815 649 telligendus
846 586 928 631 est
950 586 1003 631 et
1029 573 1186 630 :icsus
1220 588 1293 628 ex
1342 574 1539 628 divinis
1572 573 1843 642 responsis
1862 585 2061 642 prove-

494 680 614 727 ctus
640 670 847 731 dim-um
879 666 1246 737 pronuntiari.
1747 728 1751 733 ν

562 764 616 818 2.
651 761 849 817 Verum
886 761 1143 831 quoniam
1199 755 1535 812 instituimus
1581 769 1702 823 qua:
1729 755 1794 809 de
1817 752 1943 807 Jesu
1972 754 2061 807 di-

492 862 688 909 cuntur
708 853 869 908 etiam
895 862 950 906 et
971 850 1038 905 ad
1066 849 1349 903 Dominum
1375 856 1431 900 et
1457 846 1789 899 Salvatorem
1816 853 2060 897 nostrum

493 941 719 1007 referre,
746 941 869 1010 quis
895 940 970 995 ita
998 938 1294 1009 presbyter
1320 944 1379 990 et
1416 934 1600 989 senior
1633 941 1921 1002 provectus
1948 932 2063 986 die-

491 1051 616 1094 rum
654 1032 999 1101 intelligitur,
1028 1030 1167 1085 sicut
1193 1029 1423 1097 ipsequi
1449 1037 1533 1082 est
1578 1025 1920 1096 principium,
1958 1023 2065 1092 pri-

492 1125 798 1197 megenitus
827 1122 1005 1179 omnis
1028 1120 1329 1177 creaturae?
1354 1119 1480 1173 ideo
1504 1117 1749 1173 fortassis
1778 1118 1892 1184 ipse
1917 1116 2063 1173 solus

492 1232 620 1273 vere
643 1224 697 1275 et
730 1214 942 1281 integre
968 1210 1255 1281 presbyter
1297 1209 1517 1271 dicitur,
1550 1216 1677 1263 ante
1702 1222 1867 1277 quem
1903 1221 2066 1263 tremo

492 1318 596 1362 est.
643 1306 807 1375 igitur
834 1302 1046 1359 tametsi
1080 1311 1206 1356 sunt
1252 1300 1342 1369 qui
1396 1301 1647 1355 dicantur
1684 1300 1739 1357 in
1768 1300 2066 1369 Scripturis

494 1396 793 1469 presbyteri
825 1395 911 1455 vel
944 1395 1210 1459 seniores,
1261 1395 1344 1447 vel
1376 1393 1683 1461 pontiﬁces,
1741 1401 1922 1447 tamen
1956 1391 2066 1445 Do-

493 1492 669 1547 minus
695 1487 855 1546 Jesns
880 1489 1022 1545 sicut
1054 1488 1107 1541 in
1154 1486 1500 1556 pontiﬁcibus
1550 1483 1865 1553 pontiﬁcum
1911 1484 2066 1553 prin-

494 1594 619 1648 ceps
648 1587 751 1642 est,
784 1587 837 1635 et
883 1578 1025 1634 sicut
1060 1578 1111 1630 in
1143 1576 1453 1645 pastoribus
1486 1575 1739 1643 princeps
1786 1582 2063 1643 pastorum

492 1682 595 1738 est,
651 1670 723 1726 ita
756 1680 809 1724 et
841 1670 893 1725 in
943 1667 1278 1739 presbyteris
1308 1667 1391 1721 vei
1448 1666 1757 1721 senioribus
1813 1664 2065 1733 princeps

493 1762 929 1833 presbyterorum
978 1760 1248 1829 putandus
1268 1769 1381 1824 .cst,
1426 1767 1481 1813 ct
1532 1757 1582 1811 in
1608 1755 1882 1825 episcopis
1913 1755 2065 1824 prin-

491 1868 617 1923 ceps
640 1852 1037 1921 episcoporum,
1065 1859 1120 1905 et
1140 1864 1305 1903 omne
1332 1848 1705 1917 quodcunque
1750 1845 2064 1900 bonorabile

490 1959 686 2003 nomen
714 1950 817 2006 est,
848 1943 1088 2011 primum
1125 1941 1177 1995 in
1218 1942 1340 2005 hoc,
1377 1948 1430 1993 et
1458 1938 1759 2007 principem
1784 1951 1911 1991 esse
1939 1949 2062 1989 ere-

490 2036 722 2093 dandum
742 2042 826 2095 est
841 2033 1205 2097 Salvatorem,
1231 2032 1357 2101 quia
1374 2032 1494 2101 ipse
1515 2029 1856 2085 estomuium
1877 2036 2060 2097 caput.

560 2128 614 2184 ὅ.
650 2126 816 2181 Addit
846 2135 1024 2181 autem
1056 2125 1234 2179 adhuc
1260 2136 1582 2191 responsura
1614 2119 1861 2173 divinum
1900 2127 1958 2173 et
1985 2119 2066 2173 di-

490 2219 566 2275 cit
594 2218 677 2271 ινδ
716 2234 734 2273 α
766 2214 845 2271 Tu
879 2223 1165 2286 provectus
1195 2229 1252 2268 es
1284 2212 1336 2267 in
1368 2212 1582 2277 diebus,
1617 2221 1669 2264 ct
1704 2220 1847 2265 terra
1880 2209 2063 2264 relicta

489 2318 572 2364 est
608 2308 775 2367 multa
812 2308 985 2363 valde.
1022 2327 1041 2358 υ
1080 2306 1135 2363 ln
1163 2305 1541 2373 superioribus
1566 2303 1873 2368 dicebatur,
1925 2302 2066 2359 sicut

489 2398 922 2461 observavimus,
956 2396 1082 2465 quia
1114 2394 1349 2449 cessavit
1391 2401 1535 2447 terra
1565 2407 1593 2444 a
1627 2391 1804 2453 bellis,
1840 2399 1895 2445 et
1936 2388 2062 2458 quia

491 2489 648 2551 Jesus
670 2489 817 2556 cepit
848 2502 1060 2540 omnem
1096 2494 1295 2539 terram
1334 2499 1348 2534 :
1382 2492 1438 2537 et
1482 2484 1569 2538 bic
1609 2484 1770 2536 modo
1800 2481 2063 2550 scriptum

490 2588 569 2632 est
602 2575 703 2648 (8),
732 2576 859 2645 quia
894 2584 1037 2629 terra
1067 2572 1253 2628 relicta
1282 2581 1367 2626 est
1420 2572 1582 2625 multa
1614 2570 1787 2625 valde.
1827 2569 2065 2627 Putasne

492 2667 769 2725 contraria
789 2665 892 2720 sibi
918 2664 1196 2732 Scriptura
1232 2663 1545 2717 contineat?
1603 2661 1713 2716 lloc
1740 2677 1840 2716 nee
1878 2661 2065 2717 leviter

491 2758 872 2829 suspicandum
908 2766 1011 2812 est.
1047 2755 1154 2811 Sed
1206 2755 1490 2810 redeamus
1536 2755 1601 2809 ad
1650 2754 2062 2820 intelligentiam

493 2849 808 2921 spiritalem,
843 2857 897 2903 et
927 2850 979 2902 in
1013 2862 1078 2901 ea
1107 2846 1239 2900 nihil
1274 2845 1516 2900 invenies
1543 2860 1666 2901 esse
1702 2846 2060 2905 contrarium.

493 2938 705 2996 intuere
728 2936 938 2993 Domini
967 2946 1022 2991 et
1071 2935 1374 2991 Salvatoris
1408 2936 1578 2993 nostri
1634 2935 1811 3004 primo
1841 2936 2060 3005 quidem

492 3032 725 3088 adventu
755 3044 875 3086 cum
911 3028 1058 3087 venit
1102 3027 1375 3084 seminare
1407 3027 1632 3087 verbum
1681 3042 1838 3082 suum
1865 3029 1918 3083 in
1968 3042 2063 3082 or-

492 3127 615 3181 bem
644 3132 820 3190 terrae,
864 3120 1135 3192 quomodo
1164 3120 1307 3188 cepit
1344 3133 1563 3174 omnem
1610 3129 1810 3174 terram
1835 3118 1952 3173 solo
1978 3133 2067 3175 se-

492 3215 842 3286 minisjactu,
874 3222 930 3269 et
954 3213 1225 3282 quomodo
1251 3210 1594 3269 adversarios
1653 3221 1959 3283 potestates
1999 3226 2069 3267 ex

490 3322 553 3363 ea
581 3316 636 3363 et
659 3305 880 3378 angelos
904 3305 1141 3374 refugas,
1164 3302 1256 3372 qui
1290 3303 1575 3373 gentilium
1613 3313 1827 3361 mentes
1849 3304 2072 3361 obsede-

492 3407 637 3464 rant,
665 3397 946 3469 eti'ngavit,
973 3404 1030 3450 et
1076 3395 1299 3450 interim
1328 3395 1622 3457 seminavit
1660 3396 1882 3455 verbum
1907 3405 2071 3466 atque

494 3487 767 3543 Ecclesiae
812 3484 1149 3556 propagavit.
1186 3483 1309 3540 "(PC
1359 3496 1445 3542 est
1490 3487 1667 3554 prima
1721 3486 1839 3554 ejus
1903 3488 2070 3542 totius

491 3586 648 3633 terrae
677 3577 965 3648 possessio.
991 3576 1231 3645 Sequere
1256 3585 1437 3630 autem
1466 3591 1571 3640 me,
1600 3591 1633 3631 ο
1673 3577 1914 3640 auditor,
1971 3592 2068 3646 per

491 3669 715 3726 subtiles
757 3668 927 3725 lineas
972 3666 1144 3731 verbi,
1178 3675 1235 3721 et
1290 3668 1571 3729 ostendam
1638 3668 1738 3724 tibi
1798 3670 2071 3739 quomodo

490 3763 654 3817 etiam
684 3762 922 3817 secundo
951 3763 1132 3832 capiat
1160 3774 1361 3821 terram
1399 3763 1558 3824 hanc,
1592 3776 1716 3832 quae
1748 3776 1891 3819 nunc
1928 3761 2070 3819 dici-

494 3862 581 3907 tur
629 3852 695 3907 ad
752 3851 935 3909 Jesutn
976 3853 1141 3911 multa
1178 3868 1301 3909 esse
1360 3852 1641 3908 derelicta.
1702 3853 1842 3911 Audi
1893 3854 1960 3908 de
2005 3869 2071 3911 eo

493 3944 717 4003 Paulum
747 3947 1016 4003 dicentem
1044 3948 1089 3979 '°
1122 3966 1135 4000 :
1174 3965 1193 3999 ι
1228 3945 1454 4015 Oportet
1481 3947 1626 4000 enim
1656 3961 1778 4003 eum
1818 3961 2069 4013 regnare,

494 4037 666 4094 donec
692 4045 858 4107 ponat
889 4053 1080 4092 omnes
1105 4036 1356 4093 inimicos
1379 4050 1510 4093 suos
1545 4035 1844 4095 scabellum
1876 4037 2082 4104 pedum

492 4144 733 4183 suorum.
778 4146 797 4179 ι
832 4128 956 4184 Huic
984 4143 1116 4198 ergo
1146 4137 1232 4182 est
1258 4136 1423 4195 terra,
1451 4142 1572 4197 quae
1620 4142 1765 4188 nunc
1792 4128 1957 4183 multa
1991 4128 2072 4187 di-

493 4218 638 4274 citur
665 4233 788 4274 esse
816 4218 1096 4284 derelicta,
1135 4218 1309 4277 donec
1366 4234 1556 4276 omnes
1582 4219 1807 4276 omnino
1832 4219 2072 4277 subdan-

493 4318 581 4363 tur
612 4308 717 4363 sub
739 4308 969 4379 pedibus
993 4307 1139 4378 ejus,
1173 4317 1227 4365 ct
1278 4323 1376 4377 per
1404 4310 1516 4365 haec
1549 4307 1866 4363 haereditate
1889 4306 2072 4377 capiat

2161 473 2480 542 Ethiopes;
2536 487 2554 518 ι
2607 478 2663 526 et
2686 469 2733 507 ³⁸
2779 485 2794 521 :
2846 485 2869 525 ι
2912 467 2988 520 De
3038 474 3194 519 trans
3242 463 3390 531 ripas
3442 456 3843 542 Canusinus

2161 539 2453 632 Ethiopian
2484 559 2716 617 oifereot
2762 555 3051 613 sacriﬁcia.
3084 570 3103 603 ›
3145 551 3295 608 Unde
3341 555 3578 604 constat!
3630 539 3845 610 quod

2165 656 2216 707 in
2248 651 2485 707 secundo
2514 650 2751 711 adventu
2791 645 2938 699 banc
2981 651 3193 696 serram
3230 636 3455 692 multum
3486 648 3654 702 qua:
3708 644 3845 682 sn-

2164 753 2364 815 porest,
2386 740 2658 797 attinebit
2692 736 2856 797 Iesus
2884 753 2903 789 ε
2934 732 3028 791 sed
3054 730 3199 788 beati
3224 738 3354 784 sum
3382 725 3483 789 illi,
3573 722 3719 792 qni
3768 721 3843 775 in

2162 837 2342 906 primo
2388 833 2504 900 ejus
2557 832 2787 885 adventu
2822 824 3030 882 absenti
3081 831 3224 879 sunt.
3282 818 3373 875 isti
3426 816 3596 871 enim
3651 825 3842 865 vere

2163 928 2303 998 grati
2331 935 2508 989 erunt,
2536 924 2650 992 qni,
2690 920 2871 976 multis
2890 914 3214 972 adversariis
3236 908 3700 966 resistentibus,
3750 912 3831 958 es

2167 1020 2348 1074 Inultis
2375 1017 2616 1074 hostibus
2646 1011 3107 1084 impngnantibus,
3156 1005 3301 1061 bello
3328 1014 3383 1057 et
3420 1002 3620 1054 armis
3668 1000 3824 1052 lue-

2167 1112 2450 1165 aeditatem
2500 1118 2666 1163 terrae
2722 1098 3162 1173 repromissionis
3222 1096 3522 1163 accipiunt.
3616 1091 3819 1143 Cum

2166 1215 2293 1255 vero
2344 1216 2410 1255 ex
2472 1196 2801 1252 necessitate
2853 1194 2980 1263 quis
3033 1188 3197 1245 fuerit
3248 1185 3551 1253 subjectus,
3628 1194 3819 1234 tunc

2163 1292 2380 1362 quando
2424 1290 2592 1344 etiam
2646 1286 3009 1343 novissimum
3070 1282 3353 1337 inimicum
3384 1277 3604 1333 destrui
3667 1293 3801 1329 nc-

2165 1399 2317 1440 oesse
2340 1392 2447 1448 est,
2482 1381 2692 1437 scilicet
2740 1387 2998 1441 mortem,
3024 1390 3135 1435 non
3160 1372 3266 1429 erit
3292 1372 3401 1439 iam
3450 1369 3649 1439 .gratia
3698 1368 3787 1421 iis

2165 1476 2255 1546 qui
2282 1474 2670 1544 subjiciuntur.

2233 1567 2289 1623 4.
2316 1567 2446 1621 Post
2478 1565 2592 1620 haec
2630 1577 2753 1618 ctua
2782 1565 3151 1615 enumerasset
3204 1552 3480 1625 plurimas
3528 1561 3753 1621 gentes,

2165 1657 2324 1729 487
2355 1657 2422 1711 de
2464 1654 2707 1711 Sidoniis
2737 1651 2868 1709 solis
2910 1649 3148 1706 dixit”:
3187 1665 3208 1701 ι
3234 1646 3303 1701 Et
3349 1659 3535 1699 omnes
3568 1643 3728 1697 Sidu—

2170 1749 2287 1803 nios
2317 1763 2415 1819 ego
2447 1746 2821 1805 exterminabo
2856 1757 2885 1803 a
2925 1743 3065 1798 locis
3094 1739 3327 1797 ﬁliorum
3359 1735 3588 1791 lsraeLi
3614 1734 3709 1786 So-

2170 1841 2354 1894 minati
2409 1847 2535 1893 sunt
2583 1835 2917 1899 Chananaei,
2965 1830 3223 1891 nominati
3280 1836 3412 1887 sunt
3454 1836 3519 1881 et
3570 1826 3605 1881 ii
3642 1826 3721 1891 qui

2170 1941 2359 1987 contra
2399 1930 2593 1986 faciem
2627 1926 2850 1998 Egypti
2894 1932 3052 1990 sinit,
3088 1932 3143 1979 et
3190 1922 3225 1979 ii
3264 1921 3359 1992 qui
3402 1928 3535 1975 sunt
3578 1934 3642 1973 es
3675 1918 3743 1967 ii-

2171 2024 2329 2079 uibus
2357 2023 2640 2083 Accarou,
2685 2028 2741 2073 et
2772 2016 3011 2071 sinistris
3056 2014 3300 2082 partibus
3342 2011 3655 2074 “liminum,
3688 2017 3753 2061 et

2170 2116 2289 2169 aliae
2317 2111 2732 2183 quamplurima;
2759 2115 2969 2176 gentes,
2995 2115 3043 2159 et
3085 2104 3152 2160 de
3178 2103 3311 2158 solis
3336 2100 3587 2157 Sidoniis
3612 2098 3757 2155 dicit
3780 2145 3793 2151 -

2172 2206 2435 2264 Dominus
2466 2202 2612 2272 quod
2643 2215 2738 2257 eos
2772 2211 3064 2256 eversurus
3099 2196 3191 2251 sit.
3236 2193 3444 2251 Sidonii
3478 2193 3762 2247 dicuntur

2171 2308 2372 2361 autem,
2397 2297 2538 2351 sicut
2571 2305 2696 2351 ante
2722 2291 2835 2362 jam
2865 2292 3122 2355 diximus,
3149 2299 3444 2343 venatores.
3466 2285 3582 2353 Qui
3612 2300 3761 2351 ergo

2174 2387 2547 2457 intelliguntur
2580 2384 2666 2439 isti
2707 2381 2832 2437 mali
2870 2388 3158 2435 venatores
3184 2392 3319 2448 quos
3354 2377 3620 2432 Dominus
3649 2391 3758 2429 es-

2174 2481 2463 2543 terminat,
2505 2478 2607 2533 nisi
2656 2476 2759 2532 illae
2803 2473 3035 2528 virtutes
3080 2469 3375 2527 contraria
3425 2469 3490 2522 de
3542 2466 3759 2532 quibus

2169 2572 2302 2628 dicit
2351 2571 2623 2641 Propheta
2660 2570 2729 2633 ",
2764 2568 2890 2639 quia
2936 2584 2957 2618 ι
2986 2565 3210 2634 laqueos
3260 2571 3597 2630 paraverunt
3646 2574 3753 2626 pe-

2171 2663 2330 2720 dibus
2374 2660 2783 2730 meis?»quibus
2815 2658 3027 2714 scilicet
3069 2664 3333 2710 venentur
3364 2663 3418 2707 et
3466 2652 3751 2720 decipiant

2173 2755 2385 2810 animas
2411 2754 2477 2811 ad
2509 2761 2815 2823 peccatum.
2850 2751 2991 2806 istos
3021 2763 3150 2818 ergo
3178 2745 3439 2805 Dotuinus
3480 2742 3757 2798 exterriti-

2171 2855 2302 2911 nat;
2339 2844 2489 2914 quia,
2535 2844 2579 2898 si
2618 2843 2707 2900 isti
2738 2841 2872 2896 tales
2912 2838 3219 2895 interierint
3268 2844 3575 2899 venatores,
3614 2846 3751 2886 crint

2165 2936 2277 3006 iam
2312 2950 2471 2991 nemo
2506 2934 2671 2995 fuerit
2701 2936 2794 3004 qui
2829 2933 3051 3003 laqueos
3088 2931 3343 2986 tendatet
3376 2926 3534 2988 retia,
3564 2934 3625 2978 ut
3650 2924 3754 2977 de-

2170 3024 2335 3095 cipiat
2380 3026 2592 3080 animas
2639 3024 2693 3079 in
2740 3033 2985 3093 peccato,
3034 3030 3160 3074 tunc
3202 3017 3511 3087 requiescet
3566 3029 3753 3073 unus-

2171 3117 2399 3188 quisque
2422 3117 2525 3172 sub
2554 3116 2665 3171 vite
2692 3131 2815 3181 sua,
2840 3123 2894 3170 et
2926 3115 3024 3168 sub
3057 3111 3160 3166 iicu
3194 3126 3313 3165 sua.

2240 3212 2295 3266 5.
2339 3211 2447 3265 Sed
2494 3218 2551 3266 et
2597 3208 2726 3263 illud
2787 3207 2945 3263 nobis
2996 3206 3159 3260 hodie
3206 3204 3403 3261 lectum
3443 3210 3565 3265 est,
3614 3198 3754 3270 quia

2170 3301 2383 3371 Moyses
2414 3299 2626 3355 dederit
2659 3299 3027 3355 haereditatem
3061 3295 3391 3367 quibusdam
3421 3312 3434 3347 :
3465 3302 3587 3360 post
3630 3292 3752 3347 bac

2169 3409 2300 3451 vero
2345 3391 2564 3462 legitur,
2608 3391 2737 3460 quia
2775 3398 2831 3445 et
2877 3388 3033 3451 Jesus
3077 3386 3375 3443 secundum
3410 3394 3753 3455 praeceptum

2174 3485 2390 3542 Domini
2414 3482 2696 3539 distribuit
2726 3482 3119 3537 hereditatem.
3144 3480 3359 3533 Primus
3378 3494 3507 3548 ergo
3533 3477 3753 3546 Moyses

2170 3575 2538 3635 iuereditatem
2596 3572 2911 3635 distribuit,
2967 3570 3239 3625 secundus
3308 3581 3488 3623 autem
3560 3566 3747 3621 Jesus.

2171 3668 2325 3725 Nunc
2357 3667 2575 3739 Moysen
2611 3665 2782 3734 legem
2830 3661 3086 3730 intellige.
3132 3659 3195 3715 iii
3238 3675 3369 3731 ergo
3412 3661 3503 3729 qui
3545 3676 3747 3715 secun-

2171 3760 2301 3816 dum
2347 3758 2517 3828 legem
2567 3756 2841 3819 vixerunt,
2876 3752 3033 3823 primi
3085 3763 3411 3822 acceperunt
3455 3753 3748 3807 bar-redita-

2176 3861 2305 3917 tem.
2331 3851 2428 3908 sed
2459 3860 2610 3905 extra
2649 3857 2853 3905 terram
2892 3844 3348 3914 repromissionis.
3375 3845 3510 3901 Tum
3549 3846 3747 3902 deinde

2172 3958 2295 4001 cum
2323 3943 2663 4011 accepissent
2692 3948 2894 3994 terram
2926 3936 3286 4003 ltmreditatis,
3321 3952 3426 3991 non
3461 3952 3580 3993 eam
3616 3953 3748 4005 ρας.

2172 4034 2355 4095 sident
2419 4045 2595 4101 neque
2646 4030 2895 4085 dividunt
2957 4028 3100 4085 inter
3143 4044 3236 4095 se,
3284 4030 3379 4084 sed
3422 4039 3747 4099 exspectant

2173 4137 2453 4193 usquequo
2507 4122 2589 4176 eis
2640 4134 2736 4189 per
2793 4119 2980 4175 Iesum
3037 4118 3397 4175 distribuatur
3462 4122 3516 4176 in
3572 4130 3744 4177 sorte.

2172 4212 2360 4269 Nonne
2394 4210 2677 4269 evidenter
2721 4209 2824 4269 hoc
2862 4218 2948 4267 est
2994 4210 3138 4281 quod
3174 4211 3469 4282 Apostolus
3502 4213 3634 4267 dicit
3675 4214 3745 4266 ad

2172 4304 2459 4371 Hebraeos,
2508 4303 2757 4367 scribens
2806 4303 2875 4358 de
2921 4303 3200 4373 prioribus
3266 4305 3550 4374 patribus,
3603 4319 3749 4374 quos

492 4400 796 4457 universos.
831 4418 853 4453 ι
892 4400 961 4456 Et
998 4402 1115 4457 haec
1160 4410 1271 4467 est,
1318 4401 1494 4472 inquit
1525 4402 1594 4469 “,
1629 4408 1796 4467 terra,
1828 4414 1947 4470 quae
1972 4400 2067 4457 de-
2093 4405 2145 4467 υ
2170 4396 2306 4453 dixit
2349 4398 2453 4452 iide
2488 4394 2761 4466 placuisse
2806 4393 2959 4448 Deo?
3005 4393 3072 4448 Et
3112 4393 3262 4449 addit
3312 4396 3501 4452 dicens
3527 4397 3573 4428 ³⁷
3605 4413 3621 4450 :
3653 4414 3673 4448 ι
3704 4395 3746 4450 li

493 4492 680 4547 relicta
705 4500 810 4558 est,
833 4507 1025 4548 omnes
1053 4494 1187 4549 lines
1220 4493 1580 4559 Pbilistbiim,
1619 4510 1639 4545 ι
1666 4501 1723 4548 ει
1748 4491 1856 4548 alia
1881 4506 2067 4562 qnam-

492 4583 718 4655 plurima
769 4599 891 4654 qute
940 4592 1264 4655 sequuntur.
1313 4582 1480 4639 Multa
1536 4584 1717 4642 adhuc
1771 4592 2068 4656 supersunt

493 4684 752 4747 quantum
780 4675 848 4731 ad
874 4683 1059 4731 nostra
1094 4682 1337 4745 tempora
1390 4682 1621 4744 spectat,
1650 4689 1773 4744 quae
1820 4675 2067 4732 videmus

493 4768 731 4824 nondum
767 4766 995 4839 pedibus
1017 4764 1145 4827 Jesu
1189 4779 1311 4822 esse
1337 4765 1603 4836 subjecta,
1629 4781 1788 4835 quem
1842 4781 2069 4823 necesse

489 4866 572 4914 est
593 4858 672 4929 (9)
699 4856 887 4929 utique
908 4856 1092 4915 ornaia
1118 4856 1385 4915 obtinere.
1414 4856 1602 4928 Neque
1626 4857 1773 4913 enim
1806 4856 1929 4913 ﬁnis
1949 4870 2073 4915 esse

489 4951 689 5021 poterit
710 4965 916 5037 rerum,
953 4950 1059 5007 nisi
1087 4949 1293 5011 iuerint
1317 4949 1367 5006 ei
1394 4948 1548 5021 prius
1573 4957 1771 5007 cuncta
1801 4948 2068 5020 subjecta.

493 5042 584 5097 Sic
612 5042 757 5098 enim
786 5052 841 5098 et
870 5041 1142 5114 Propheta
1191 5042 1320 5099 dicit
1353 5043 1419 5106 ",
1446 5041 1572 5113 quia
1606 5060 1627 5095 s
1658 5056 1849 5097 omnes
1879 5052 2069 5113 gentes

491 5136 729 5190 servient
764 5135 846 5201 ei;
895 5152 915 5186 ι
950 5143 1007 5191 et
1040 5133 1129 5187 "z
1172 5153 1193 5188 ι
1225 5135 1269 5191 Δ
1326 5135 1527 5193 ﬁnibus
1574 5134 1855 5190 ﬂuminum
1894 5150 2069 5207 usque

2171 4499 2351 4545 autem
2375 4501 2562 4544 omnes
2596 4486 2967 4542 testimonium
2998 4485 3263 4541 habentes
3289 4500 3385 4555 per
3412 4488 3574 4541 Idem
3610 4504 3748 4541 non-

2171 4582 2296 4639 dum
2325 4577 2607 4635 consecuti
2635 4586 2762 4634 sunt
2800 4576 3279 4645 repromissiones,
3309 4578 3418 4632 Deo
3451 4593 3551 4647 pro
3585 4578 3749 4633 nobis

2172 4674 2365 4729 melius
2412 4669 2529 4741 (10)
2574 4668 2784 4739 aliquid
2819 4667 3159 4738 providente,
3194 4668 3273 4722 uti
3323 4684 3391 4723 ne
3432 4668 3553 4723 sine
3590 4670 3751 4723 nobis

2169 4765 2393 4838 perfecti
2426 4761 2789 4819 efﬁcerentur.
2812 4776 2831 4812 ι
2869 4757 3080 4813 Habent
3108 4758 3272 4828 igitur
3307 4757 3417 4828 iam
3451 4760 3749 4827 repromis-

2170 4858 2376 4916 sionem
2406 4870 2592 4921 suam,
2625 4862 2681 4910 et
2716 4849 3101 4922 requieverunt
3141 4848 3285 4920 (lt),
3320 4858 3376 4903 et
3420 4848 3567 4918 digni
3595 4848 3747 4919 judi-

2172 4948 2279 5004 cati
2311 4956 2439 5003 sunt
2476 4961 2571 5016 per
2600 4943 2817 5016 Moysen
2850 4955 3049 5012 capere
3077 4939 3448 4994 hzereditatcm
3476 4957 3491 4993 :
3527 4954 3746 4993 verum-

2174 5049 2351 5094 tamen
2378 5038 2555 5092 adbnc
2586 5044 2641 5089 et
2674 5033 2775 5103 ipsi
2806 5038 3075 5103 pugnant,
3099 5038 3153 5084 et
3182 5030 3236 5082 in
3274 5029 3577 5084 certamine
3618 5038 3745 5084 sunt

2172 5147 2271 5203 pro
2297 5130 2364 5195 iis
2389 5129 2481 5198 qui
2515 5127 2616 5182 sub
2643 5123 2772 5181 Jesu
2808 5122 3065 5177 militant.
3098 5118 3206 5175 Sed
3244 5120 3477 5192 requiris
3505 5121 3597 5190 qui
3630 5120 3743 5176 sint

565 5274 605 5305 "
649 5273 759 5329 .ios.
796 5291 915 5337 XIII,
946 5275 998 5330 Ι.
1074 5275 1119 5308 ³⁸
1148 5276 1165 5331 l
1193 5276 1319 5331 Cor.
1348 5292 1438 5342 xv,
1461 5276 1552 5331 25.
1630 5277 1673 5310 ’ί
1702 5274 1814 5331 Jos.
1843 5292 1962 5337 stu.
1986 5276 2042 5330 Ξ.
2120 5276 2165 5307 "
2193 5272 2333 5329 Psal.
2364 5284 2533 5333 Lxxtt,
2564 5267 2650 5321 ii.
2724 5265 2769 5296 "
2792 5262 2944 5328 ibid.,
2974 5260 3030 5328 8,
3061 5258 3115 5315 9.
3190 5258 3236 5290 “
3261 5257 3501 5328 Soplion.
3542 5272 3624 5323 ut,
3653 5255 3739 5316 10.

492 5342 538 5375 ³⁸
576 5342 687 5400 Jos.
734 5360 860 5412 xm,
891 5345 942 5400 6.
1021 5348 1066 5378 ’⁸
1105 5347 1246 5402 Psal.
1274 5363 1415 5423 uti,
1460 5346 1515 5403 6.

492 5487 821 5609 οδέξὶδίεε..
864 5508 883 5541 ι
917 5489 1177 5559 scriptum
1203 5498 1308 5544 est.
1347 5507 1365 5539 ι
1400 5486 1553 5543 Libb.
1602 5488 1753 5554 editi,
1794 5506 1814 5540 ε
1861 5490 2063 5543 dictum

564 5625 639 5695 (9)
688 5627 837 5693 Mss.,
891 5650 908 5680 ι
976 5648 1131 5697 quem
1181 5643 1400 5686 necesse
1463 5640 1567 5683 est.
1630 5653 1646 5680 ι
1692 5629 1847 5685 Ubi).
1911 5628 2064 5689 Ctiiii,

503 5716 519 5745 ς
564 5712 681 5764 qua!)
715 5714 928 5753 necesse
958 5709 1058 5754 est.
1099 5721 1114 5752 ι

1604 5347 1647 5377 ιτ
1690 5345 1854 5403 llebr.
1887 5362 1971 5414 ιι,
1996 5342 2084 5411 39,
2109 5345 2197 5399 to.

2246 5481 2358 5552 (l0)
2402 5480 2612 5535 Melius.
2645 5478 2806 5552 Deest
2853 5476 2905 5530 in
2943 5472 3070 5528 libb.
3100 5472 3281 5538 editis,
3327 5472 3420 5526 sed
3460 5471 3656 5543 legitur
3685 5474 3738 5528 in

2175 5549 2281 5609 uno
2320 5549 2422 5608 tus.
2452 5549 2789 5607 Ebroicensi.

2244 5624 2353 5690 (ll)
2398 5621 2554 5684 Mss,
2610 5638 2627 5671 ι
2666 5618 3066 5687 requievcrunt.
3093 5629 3111 5662 ι
3161 5609 3319 5666 Libb.
3363 5612 3495 5666 editi

2179 5695 2417 5763 quirunt.
2448 5710 2464 5741 ι

3540 5627 3743 5666 Ξίΐον

4030 840 4033 855 l

4026 870 4033 885 1

4030 964 4033 971 ς
