4104 6226
257 337 401 394 (309

1318 336 1383 390 IN
1424 335 1683 392 LIBRUM
1717 335 1883 393 JESU
1920 322 2107 390 NAVE
2145 335 2429 392 HOMILIA
2467 335 2630 393 xvu.

3495 342 3600 396 9l0

267 453 393 509 isti
450 458 575 523 qui
616 462 873 526 pugnant,
920 462 971 507 ct
1017 467 1136 521 qua:
1176 462 1257 507 est
1292 448 1379 508 illa
1415 470 1591 523 pugna
1639 471 1801 524 quam
1854 456 1926 508 illi
1960 458 2004 513 Α
2033 456 2264 510 veritate
2321 456 2548 509 adorent
2572 455 2637 507 ³³.
2692 452 2782 507 Sic
2836 468 2971 523 ergo
3024 460 3287 525 praesente
3344 457 3593 526 veritate,

272 556 565 615 gerunt.
613 546 724 616 Ego
757 546 835 599 sic
877 543 1115 596 arbitror
1145 546 1288 612 quod
1318 559 1505 599 omnes
1550 546 1623 599 illi
1666 548 1756 615 qui
1804 548 1926 600 dor-

276 640 597 694 mierunt
648 648 774 693 ante
823 653 922 691 nos
970 646 1187 705 patres,
1238 644 1485 705 pugnent
1539 635 1819 689 nobiscum
1871 648 1928 690 et

284 729 612 797 adiuvent
664 743 761 781 uos
795 727 1134 781 orationibus
1170 724 1307 777 suis.
1351 723 1426 776 Ita
1477 738 1713 791 namque
1762 725 1925 778 etiam

290 822 645 889 quemdam
676 821 743 874 de
779 818 1089 873 senioribus
1132 814 1406 884 magistris
1434 816 1618 867 audivi
1656 816 1925 868 dicentem

299 912 366 967 in
406 928 490 966 eo
544 914 689 977 loco,
724 911 778 965 in
807 925 915 979 quo
950 908 1207 977 scriptum
1241 915 1323 959 est
1356 903 1408 957 in
1448 902 1699 957 Nnmeris
1724 904 1769 934 ’⁸
1798 904 1924 972 quia

306 1021 329 1054 ι
366 1002 644 1072 alilinget
684 1014 957 1072 synagoga
996 997 1083 1050 illa
1112 1014 1130 1048 ι
1168 995 1308 1048 hanc
1347 1008 1702 1065 synagogam,
1739 1013 1757 1045 ‹
1788 997 1929 1049 sicut

305 1093 583 1169 ablingit
611 1092 807 1145 vitulus
834 1090 1055 1143 herbam
1083 1086 1309 1139 viridem
1338 1084 1389 1137 in
1420 1098 1665 1152 campo.»
1704 1082 1927 1139 Dicebat

306 1198 474 1252 ergo
510 1202 529 1237 :
561 1182 739 1248 Quare
790 1177 1095 1247 huiusmodi
1151 1174 1445 1229 similitudo
1481 1185 1759 1243 assumpta
1807 1186 1923 1241 est,

314 1275 444 1327 nisi
492 1275 629 1343 quia
675 1274 775 1328 hoc
822 1280 904 1325 est
949 1272 1089 1339 quod
1145 1270 1551 1340 intelligendum
1597 1276 1683 1321 est
1717 1268 1769 1320 in
1826 1270 1928 1322 hoc

314 1363 492 1425 loco,
523 1363 668 1433 quod
698 1376 969 1435 synagoga
1004 1360 1239 1423 Domini,
1271 1374 1390 1428 qua
1426 1373 1528 1413 nos
1554 1357 1838 1427 prtecessit
1871 1356 1927 1411 in

314 1456 589 1519 sanctis,
628 1469 722 1507 ore
752 1463 803 1508 et
836 1453 1014 1521 lingua
1052 1451 1322 1505 consumit
1359 1449 1726 1504 adversariam
1764 1463 1930 1519 syna-

318 1560 577 1613 gogam,
618 1545 669 1598 id
703 1553 805 1607 est,
837 1541 1174 1596 orationibus
1209 1550 1263 1594 et
1294 1540 1546 1610 precibus
1585 1540 1928 1595 adversarios

325 1644 578 1689 nostros
610 1634 875 1688 absumit?
922 1630 1039 1685 Non
1072 1645 1201 1701 ergo
1247 1630 1413 1685 armis
1456 1630 1803 1701 pugnandum
1846 1639 1930 1687 est

2035 553 2195 614 typus
2221 553 2275 597 et
2305 545 2491 597 umbra
2523 544 2756 598 cessavit
2784 560 2799 598 :
2832 555 2887 599 et
2923 560 3045 600 cum
3078 548 3297 602 adesset
3320 550 3598 619 templum,

2032 634 2173 701 quod
2228 648 2324 703 per
2377 634 2638 702 Spiritum
2675 630 2768 687 Dei
2807 642 2864 688 et
2917 635 3172 690 virtutem
3225 637 3487 693 Altissimi
3543 643 3597 694 in

2033 731 2185 777 utero
2213 723 2436 791 virginis
2466 712 2790 778 fabricatum
2820 733 2926 788 est,
2957 726 3193 781 dirutum
3227 736 3311 782 est
3344 730 3598 798 templum

2030 828 2095 866 ex
2134 808 2401 881 lapidibus
2453 814 2799 870 fabricatum.
2843 817 3046 871 Aderat
3093 820 3336 889 pontifex
3383 821 3595 876 futuro—

2035 919 2149 957 rum
2201 903 2488 958 bonorum.
2537 901 2903 959 Cessaverunt
2952 906 3063 976 (16)
3096 909 3379 977 pontiﬁces
3414 919 3598 966 tauro-

2034 1010 2151 1046 rum
2192 1003 2248 1049 et
2282 994 2578 1048 hircorum.
2610 982 2777 1050 'Venit
2802 997 2986 1067 Agnus
3024 999 3138 1065 Dei,
3164 1001 3256 1068 qui
3286 1001 3428 1055 tollit
3473 1006 3599 1071 p‘ec-

2030 1094 2208 1140 catum
2246 1086 2429 1140 mundi
2458 1086 2501 1117 ⁸³
2528 1126 2543 1150 ,
2591 1084 2799 1143 destitit
2842 1100 3013 1160 agnus
3059 1106 3122 1144 ex
3174 1094 3466 1161 pecudibus
3512 1110 3599 1148 as-

2031 1185 2278 1246 sumptus
2309 1188 2363 1231 et
2398 1179 2766 1247 nequidquam
2800 1189 2876 1235 tot
2912 1176 3122 1236 smeulis
3148 1183 3425 1252 iugulatus
3455 1178 3592 1255 (17).

2029 1264 2199 1332 Igitur
2227 1266 2271 1320 si
2322 1267 2437 1321 haec
2477 1267 2657 1321 omnia
2702 1282 2822 1337 quae
2852 1269 2903 1323 in
2936 1270 3123 1324 umbra
3163 1270 3433 1340 prioribus
3468 1274 3593 1327 data

2030 1358 2263 1423 fuerant,
2302 1370 2570 1429 prasente
2607 1370 2661 1416 et
2702 1363 2989 1418 assistente
3026 1363 3251 1417 veritate
3296 1356 3601 1430 cessarunt,

2030 1465 2369 1519 consequens
2416 1451 2535 1506 sine
2579 1452 2743 1507 dubio
2797 1463 2915 1509 erat
2964 1463 3052 1519 ut,
3097 1448 3412 1508 haereditate
3453 1454 3603 1523 regni

2029 1542 2290 1595 ctelorum
2359 1544 2668 1612 patefacta,
2724 1545 3009 1601 htereditas
3073 1556 3283 1600 terrena
3342 1544 3599 1600 cessaret.

2026 1629 2184 1683 Ratio
2208 1639 2389 1685 autem
2432 1648 2537 1701 qua
2576 1633 2689 1687 haec
2723 1644 2919 1689 cuncta
2957 1626 3288 1698 desinerent,
3320 1632 3407 1688 ﬁla
3439 1621 3606 1706 438

323 1726 521 1779 nobis
581 1725 866 1779 adversum
926 1723 1110 1776 hostes
1176 1731 1391 1777 nostros
1455 1720 1783 1785 invisibiles,
1833 1724 1927 1777 sed
1960 1784 1994 1790 _
2026 1729 2131 1784 est,
2161 1730 2222 1774 ut
2249 1735 2411 1775 omne
2460 1737 2522 1776 os
2568 1718 2901 1790 obstruatnr,
2933 1734 2989 1779 et
3017 1716 3267 1779 subditus
3304 1720 3399 1777 ~fiat
3429 1723 3605 1779 omnis

312 1815 721 1879 crationibtts,
749 1822 804 1867 et
837 1812 984 1867 verbi
1019 1812 1107 1866 Dei
1153 1812 1613 1875 meditationibus,
1641 1823 1696 1865 et
1735 1813 1927 1880 operi-
1960 1784 2002 1839 Β
2034 1808 2264 1862 mundus
2300 1802 2429 1873 Deo,
2484 1823 2553 1863 ne
2601 1802 2691 1877 qui
2738 1784 2898 1863 forte
2923 1810 2991 1865 ex
3040 1809 3328 1864 'incrednlo
3370 1809 3595 1880 populo,

320 1903 465 1962 bus,
519 1918 583 1957 ac
631 1902 878 1957 sensibus
927 1902 1111 1955 rectis.
1163 1899 1255 1955 Sic
1301 1901 1444 1955 enim
1494 1902 1848 1956 armabantur
1873 1912 1929 1957 et

326 2002 571 2061 patres,
611 1992 715 2047 lide
762 2002 814 2046 et
876 1992 1131 2061 operibus
1182 1990 1481 2045 vincentes.
1508 1991 1643 2045 Vide
1692 1991 1926 2062 denique

336 2081 494 2149 quia
530 2082 610 2136 sic
663 2082 920 2150 scriptum
958 2089 1042 2134 est
1089 2080 1156 2134 de
1190 2081 1308 2134 eis:
1356 2097 1375 2131 ι
1404 2078 1800 2146 Crediderunt,
1846 2084 1929 2135 ln-

331 2176 471 2242 qnit
503 2174 569 2239 ",
614 2172 743 2237 Deo,
776 2181 829 2226 et
865 2170 1030 2241 Moysi
1077 2170 1278 2224 famulo
1317 2169 1453 2238 ejus.
1480 2188 1499 2222 ι
1541 2171 1604 2224 Et
1643 2179 1768 2225 tunc
1802 2185 1930 2225 can-

341 2266 495 2318 tavit
539 2264 747 2335 Moyses
775 2266 1041 2317 canticum
1078 2263 1181 2316 hoc
1208 2270 1265 2315 et
1312 2262 1447 2316 dixit
1469 2261 1514 2293 ³⁰
1543 2279 1557 2315 :
1593 2280 1611 2313 t
1635 2260 1930 2316 Cantemus

344 2354 610 2417 Domino,
639 2354 873 2424 gloriose
904 2352 1049 2407 enim
1084 2351 1474 2407 honoriﬁeatus
1499 2360 1603 2407 est.
1625 2369 1645 2405 ι
1685 2350 1763 2406 Ita
1797 2366 1929 2423 ergo

343 2456 406 2502 et
444 2463 547 2502 nos
580 2447 737 2502 ﬁdem
771 2446 985 2515 plenam
1016 2453 1071 2498 et
1115 2458 1279 2512 opera
1310 2443 1425 2515 (η)
1458 2443 1723 2514 perfecta,
1773 2444 1929 2499 inde-

344 2542 603 2596 sinentes
636 2540 935 2604 orationes,
970 2538 1375 2593 meditationem
1408 2536 1557 2591 verbi
1617 2535 1809 2602 divini,
1845 2536 1929 2592 in-

344 2633 711 2702 telligentiam
754 2630 1051 2701 spiritalem
1092 2630 1357 2696 colentes,
1385 2636 1436 2683 et
1470 2628 1523 2683 in
1556 2629 1641 2684 liis
1674 2629 1931 2685 omnibus

348 2723 513 2777 velut
564 2723 729 2777 armis
780 2718 873 2777 Dei
923 2720 1155 2785 muniti,
1203 2729 1408 2776 stemus
1464 2721 1723 2776 adversus
1776 2728 1929 2775 astu-

349 2816 461 2869 tias
499 2812 609 2885 (15)
659 2813 877 2877 diaboli,
913 2814 1225 2867 invocantes
1261 2813 1427 2867 Deum
1476 2812 1775 2878 adjutorem
1827 2826 1929 2866 no-

343 2915 533 2960 strum
566 2905 619 2959 in
645 2904 859 2960 Christo
883 2903 1009 2960 Jesu
1041 2903 1269 2959 Domino
1300 2912 1508 2970 nostro,
1533 2904 1619 2959 cui
1648 2911 1732 2959 est
1756 2903 1927 2974 gloria

351 3006 410 3052 et
444 2997 728 3067 imperium
761 2999 811 3051 iu
842 2997 1039 3051 saecula
1074 2994 1419 3051 saecularum.
1449 2995 1643 3053 Amen.

906 3088 1188 3145 IIOMILIA
1228 3078 1389 3144 XVII.

359 3177 441 3233 De
472 3193 531 3233 eo
573 3179 712 3249 quod
744 3174 1085 3301 Levitis/ton
1123 3188 1431 3321 negarunt
1466 3180 1521 3235 in
1557 3180 1924 3237 hereditatem

979 3262 1153 3302 errant
1323 3288 1338 3303 ο

979 3262 1153 3302 errant
1205 3262 1338 3303 (14).

438 3340 492 3393 1.
532 3337 683 3393 Sicut
715 3338 920 3394 umbrae
961 3348 1016 3393 et
1057 3339 1352 3410 exemplari
1401 3337 1715 3398 deserviunt
1759 3341 1931 3399 crete-

365 3430 530 3483 stium
568 3431 622 3495 ii,
653 3430 743 3501 qni
776 3430 945 3500 legem
978 3430 1303 3502 suscipiunt,
1334 3448 1456 3501 quae
1485 3440 1569 3489 est
1609 3433 1758 3489 illius
1789 3438 1931 3488 verae

367 3518 501 3586 legis
547 3521 760 3581 umbra,
793 3521 864 3574 ita
910 3520 1190 3591 exemplar
1228 3531 1281 3577 et
1316 3522 1565 3578 umbram
1624 3534 1928 3594 sequuntur

366 3612 646 3667 divisionis
680 3612 917 3667 ctelestis
951 3613 1007 3677 ii,
1036 3612 1126 3677 qui
1161 3612 1215 3668 in
1264 3611 1449 3668 Iudaea
1487 3612 1808 3671 hmreditate
1843 3616 1928 3671 di-

370 3698 557 3753 vidunt
592 3708 811 3753 terram.
851 3698 975 3755 Erat
1024 3715 1154 3771 ergo
1195 3702 1248 3756 in
1296 3702 1449 3757 ctelis
1482 3703 1707 3769 veritas,
1740 3705 1930 3759 umbra

366 3804 495 3844 vero
525 3800 579 3843 et
607 3790 886 3861 exemplar
918 3791 1033 3863 (15)
1060 3791 1302 3847 veritatis
1348 3795 1401 3847 in
1443 3793 1627 3849 terris.
1660 3794 1728 3848 Et
1761 3794 1931 3851 donec

366 3893 557 3935 umbra
593 3882 704 3936 haec
732 3881 1017 3937 constabat
1042 3882 1095 3937 in
1134 3882 1316 3949 terris,
1344 3890 1463 3939 erat
1489 3881 1790 3940 Jerusalem
1819 3893 1931 3940 ter-

366 3972 577 4036 restris,
605 3982 718 4025 erat
754 3972 1029 4041 templum,
1070 3982 1192 4028 erat
1218 3973 1413 4040 altare,
1444 3985 1566 4030 erat
1599 3984 1654 4030 et
1699 3975 1931 4032 visibilis

363 4062 561 4124 cultus,
606 4071 763 4115 erant
808 4062 1091 4131 pontifices
1136 4070 1192 4117 et
1234 4065 1570 4129 sacerdmes,
1605 4065 1932 4121 censtabant

365 4150 531 4204 etiam
562 4150 812 4205 civitates
853 4154 909 4206 et
937 4150 1039 4205 vici
1074 4150 1296 4219 Iudaeae,
1338 4160 1395 4208 et
1434 4155 1616 4208 omnia
1650 4155 1765 4211 hac
1812 4171 1932 4225 qutn

370 4254 510 4292 nunc
558 4239 610 4291 in
643 4239 748 4292 hoc
786 4236 928 4292 libro
973 4238 1240 4310 descripta
1273 4241 1591 4297 recitantur.
1623 4243 1755 4298 Cum
1800 4254 1931 4300 vero

369 4327 421 4383 in
457 4327 689 4381 adventu
739 4326 1038 4382 Salvatoris
1085 4328 1256 4383 nostri
1299 4329 1391 4385 Dei
1422 4344 1453 4386 e
1498 4333 1651 4388 omlis
1701 4334 1931 4389 descen-

1957 3106 2000 3170 C

2026 1902 2341 1954 occasiones
2369 1894 2485 1953 suai
2514 1894 2855 1955 infidelitatis
2886 1892 3221 1970 acciperent,
3249 1906 3304 1955 et
3331 1896 3600 1956 habentes

2027 1990 2251 2043 umbras
2279 1980 2583 2056 antiquitus
2615 1990 2716 2043 sibi
2755 1982 3002 2054 traditas,
3032 1990 3117 2043 vel
3150 1990 3368 2061 templi,
3399 1982 3483 2045 vel
3519 1988 3599 2043 al-

2026 2078 2178 2141 taris,
2227 2077 2306 2131 vel
2357 2072 2707 2146 pontificum,
2752 2079 2839 2133 Vel
2879 2076 3224 2133 sacerdotum
3259 2076 3396 2149 (18),
3447 2079 3598 2133 vide-

2029 2178 2217 2224 rentur
2259 2168 2360 2222 sibi
2403 2176 2762 2238 permanente
2800 2169 3003 2238 autiqui
3038 2164 3217 2225 cultus
3260 2180 3405 2224 statu
3450 2176 3597 2239 pra:-

2027 2259 2253 2313 varicari
2299 2256 2574 2328 religionis
2603 2259 2848 2316 ordinem
2882 2258 2925 2316 si
2964 2258 3260 2316 transirent
3290 2262 3356 2315 ad
3412 2260 3595 2317 fidem.

2029 2346 2321 2418 Propterea
2353 2364 2486 2419 ergo
2534 2340 2741 2404 auferri
2794 2351 2907 2406 haec
2951 2350 3133 2405 omnia
3168 2358 3289 2421 'quze
3339 2353 3392 2405 i'n
3436 2353 3599 2408 terris

2030 2426 2227 2489 dudum
2268 2431 2483 2490 fuerant
2519 2438 2865 2506 adumbrata,
2894 2438 3075 2494 divina
3112 2441 3450 2510 providentia
3484 2442 3595 2497 dis-

2029 2524 2312 2592 pensavit,
2360 2530 2417 2577 u’t
2450 2524 2593 2578 viam
2640 2527 3042 2595 quodammOdo
3096 2529 3364 2598 accipiant
3411 2531 3598 2599 requi-

2030 2614 2209 2668 renda:
2232 2613 2480 2667 veritatis
2521 2616 2859 2670 Cessantibu‘s
2904 2618 3066 2686 typis.
3116 2618 3171 2671 Si
3208 2630 3344 2686 ergo
3376 2619 3597 2673 veniens

2030 2704 2097 2757 ad
2128 2699 2430 2758 Jerusalem
2467 2704 2741 2758 civitatem
2770 2711 3065 2773 terrenam,
3107 2720 3140 2761 o
3185 2706 3396 2770 Judzee,
3439 2708 3596 2762 inve-

2031 2794 2146 2849 nies
2170 2802 2290 2849 eam
2327 2795 2642 2848 subversam
2690 2804 2746 2848 et
2796 2796 2849 2849 in
2894 2794 3109 2850 cineres
3152 2812 3216 2851 ac
3259 2795 3467 2851 favillas
3507 2812 3598 2851 rc-

2031 2886 2264 2950 dactam,
2289 2884 2398 2941 noli
2427 2884 2574 2947 ﬂere,
2609 2880 2749 2939 sicut
2781 2900 2923 2939 nunc
2947 2885 3126 2940 facitis
3150 2892 3405 2955 tauquam
3437 2887 3594 2954 pueri

2032 2972 2305 3039 sensibus,
2337 2971 2447 3025 noli
2495 2970 2799 3037 lamentari,
2836 2973 2929 3028 sed
2972 2984 3072 3041 pro
3114 2982 3331 3028 terrena
3384 2974 3599 3042 requiro

2032 3064 2333 3119 eteles1em.
2370 3063 2598 3118 Sursum
2633 3063 2859 3132 respice,
2885 3072 2938 3119 et
2977 3064 3049 3119 ibi
3098 3064 3340 3119 invenies
3376 3063 3597 3119 Jerusa-

2036 3154 2138 3210 lem
2166 3153 2464 3218 caelestem,
2497 3164 2618 3224 qua:
2648 3162 2730 3209 est
2758 3155 3000 3208 omnium
3038 3164 3211 3209 mater
3231 3153 3297 3208 “.
3334 3153 3390 3207 Si
3422 3156 3597 3208 altare

2033 3249 2241 3305 videris
2272 3248 2611 3308 desdtutum,
2637 3246 2763 3300 nolo
2795 3247 3159 3301 contristeris.
3186 3247 3241 3301 Si
3282 3248 3594 3315 pontiﬁcem

2031 3350 2139 3393 non
2181 3336 2445 3399 invenias,
2492 3335 2615 3389 nolo
2648 3334 2923 3403 desperes.
2969 3336 3063 3390 Est
3098 3335 3151 3389 in
3200 3336 3358 3391 ctelis
3402 3336 3596 3403 altare,

2032 3430 2089 3481 et
2123 3425 2330 3481 assistit
2362 3426 2411 3480 ei
2463 3426 2705 3494 pontifex
2744 3424 3051 3481 futurorum
3092 3426 3355 3481 bonorum
3399 3440 3597 3481 secun-

2032 3516 2160 3572 dum
2201 3514 2445 3571 ordinem
2492 3512 2894 3571 Melchisedech
2948 3517 3154 3572 electus
3189 3531 3218 3570 a
3258 3517 3457 3573 Deo".
3502 3515 3597 3572 Sic

2032 3621 2163 3676 ergo
2189 3605 2343 3660 vobis
2390 3606 2591 3675 pietate
2613 3615 2669 3660 et
2701 3607 3073 3663 misericomia
3106 3607 3199 3662 Dei
3229 3608 3391 3663 etiam
3425 3608 3600 3663 haere-

2032 3700 2175 3752 ditas
2205 3706 2421 3751 terrena
2464 3697 2674 3751 Sublata
2704 3704 2811 3763 est,
2842 3709 2899 3751 ut
2930 3692 3301 3753 litereditatem
3335 3700 3590 3768 qutet'atis

2034 3788 2087 3843 itt
2117 3788 2293 3841 cmlis.

2101 3879 2156 3933 2.
2203 3879 2582 3933 Verumtamen
2642 3878 2920 3933 videamus
2992 3880 3117 3949 quid
3173 3890 3256 3935 est
3306 3880 3448 3949 quod
3502 3894 3599 3950 per

2031 3968 2282 4025 umbram
2328 3970 2678 4033 describitur,
2724 3972 2851 4038 quia
2900 3971 2950 4024 in
2987 3973 3177 4025 umbra
3225 3972 3359 4041 legis
3401 3972 3600 4027 veritas

2033 4060 2376 4116 deformatur
2403 4058 2536 4129 (19).
2584 4058 2841 4114 Refertur
2882 4076 3013 4129 ergo
3047 4062 3217 4129 prima
3262 4072 3316 4115 et
3362 4066 3598 4116 secunda

2029 4150 2370 4208 hereditatis
2408 4151 2549 4206 facta
2582 4152 2804 4207 divisio.
2840 4152 3019 4207 Prima
3057 4153 3278 4223 quidem
3316 4169 3410 4222 per
3450 4155 3600 4223 Moy-

2032 4258 2160 4310 sen;
2195 4243 2431 4300 secunda
2484 4258 2635 4308 vero,
2674 4259 2794 4313 qua:
2826 4245 3096 4313 potentior
3147 4255 3253 4307 est,
3287 4260 3381 4313 per
3412 4246 3597 4301 Iesum

2035 4336 2175 4392 facta
2207 4336 2551 4391 describitur.
2582 4336 2647 4390 Et
2679 4336 2889 4406 Moyses
2916 4344 3069 4390 trans
3099 4335 3388 4392 Jordanem
3425 4336 3594 4391 tribui

372 4420 505 4472 deus
538 4434 558 4469 ι
589 4418 790 4472 veritas
813 4419 879 4472 de
928 4430 1069 4473 terra
1098 4429 1218 4474 orta
1246 4424 1349 4487 est,
1376 4430 1431 4476 et
1454 4418 1663 4491 justitia
1698 4424 1764 4479 de
1792 4424 1931 4480 ctelo
1966 4440 2009 4496 ι)
2036 4424 2247 4495 Ruben,
2290 4436 2345 4481 et
2394 4427 2556 4481 tribui
2589 4426 2728 4491 στω,
2769 4436 2824 4481 et
2852 4413 3085 4481 dimidia:
3135 4428 3298 4482 tribui
3351 4428 3601 4483 Manasse

369 4507 979 4578 prospexit",tumbr:e
1002 4520 1056 4566 et
1099 4510 1427 4580 exemplaria
1460 4512 1795 4569 ceciderunt.
1830 4518 1931 4571 Ce-

368 4595 497 4650 cidit
534 4594 677 4650 enim
706 4595 1028 4661 Jerusalem,
1057 4598 1256 4652 cecidit
1290 4599 1571 4668 templum,
1600 4602 1774 4657 altare
1803 4602 1929 4655 sub-

370 4685 535 4741 latum
566 4694 669 4751 est,
696 4689 772 4743 uti
801 4688 913 4758 jam
949 4699 1124 4757 neque
1172 4689 1224 4743 in
1261 4696 1443 4743 monte
1462 4686 1726 4754 Garizim,
1757 4706 1932 4760 neque

372 4782 423 4837 in
462 4776 813 4851 Jerosolymis
857 4781 929 4834 sit
962 4780 1113 4835 locus
1161 4781 1251 4835 ubi
1288 4789 1502 4848 oportet
1537 4781 1791 4847 adorare,
1835 4783 1933 4838 sed

371 4872 479 4927 veri
528 4873 845 4926 adoratores
878 4871 966 4939 qui
1013 4872 1243 4925 adorant
1282 4869 1598 4936 Patrem,in
1634 4872 1826 4942 spiritu
1878 4880 1935 4929 et

433 5012 479 5044 ³⁸
517 5008 679 5064 Νυιη.
713 5024 824 5064 xxtt
849 5047 865 5072 ,
896 5010 950 5062 4.
1028 5008 1072 5039 ¹⁹
1114 5008 1284 5065 Exod.
1314 5024 1427 5074 atv,
1454 5009 1543 5064 51.
1619 5010 1664 5043 ³⁸

366 5079 451 5137 29.
526 5080 570 5112 ³³
607 5082 725 5136 Gal.
770 5095 841 5134 tv.
919 5079 962 5111 ³⁸
1004 5078 1242 5134 llebr.v.

434 5225 545 5306 lii)
585 5225 739 5306 Mss”
769 5247 787 5279 ι
820 5229 977 5282 tidem
1010 5227 1223 5297 plenam
1252 5236 1306 5282 et
1330 5241 1550 5297 operaa
1582 5226 1923 5284 Libb.cditi;

370 5314 389 5350 ι
419 5295 543 5365 ﬁdei
576 5297 731 5365 plena
757 5312 941 5365 Opera.
969 5316 987 5348 ι

431 5364 543 5430 (15)
587 5364 737 5421 Unus
765 5364 1115 5421 Enroicensis
1143 5386 1156 5422 :
1190 5386 1209 5418 ι
1240 5365 1487 5421 insidias.
1514 5385 1534 5418 ι

461 5434 545 5506 te)
582 5436 764 5506 Codex
793 5436 1103 5506 Sangerm.,
1138 5456 1155 5488 ι
1186 5435 1553 5491 luereditatem
1587 5446 1763 5492 terra.
1792 5455 1812 5489 ι

460 5504 547 5574 15)
587 5505 769 5574 ldeut:
814 5524 831 5556 ι
861 5504 1216 5574 eiemplaria.
1242 5523 1262 5557 ι

433 5572 545 5639 (16)
584 5573 735 5639 Mss.,
774 5593 793 5625 t
825 5572 1060 5631 cessant.
1090 5595 1110 5628 ι

431 5642 545 5709 (17)
589 5644 653 5697 Et
705 5646 1055 5713 nequidquam
1092 5656 1165 5699 tot
1206 5645 1413 5700 circulis
1452 5644 1749 5714 iugulatus.
1799 5644 1923 5699 llzec

367 5715 556 5768 desunt
608 5714 660 5770 in
710 5716 836 5769 libb.
879 5716 1061 5781 editis,
1112 5718 1205 5771 sed
1269 5715 1516 5784 leguntur
1567 5717 1618 5769 in
1672 5717 1924 5769 omnibus

1734 5011 1902 5067 Exod.
1947 5028 2037 5079 xv,
2070 5016 2119 5069 1.

2035 4518 2428 4587 possessionem
2459 4515 2704 4572 decernit
2728 4534 2742 4581 ;
2771 4509 2953 4570 caeteri
2998 4530 3129 4570 vero
3154 4532 3343 4572 omnes
3385 4534 3480 4587 per
3507 4518 3599 4573 Je—

2034 4618 2154 4661 sum
2191 4607 2496 4674 suscipiunt
2537 4600 2932 4660 btereditatem.
2974 4604 3220 4661 Diximus
3243 4607 3312 4660 de
3361 4608 3446 4661 his
3486 4608 3600 4676 jam

2034 4696 2207 4765 prius,
2235 4698 2505 4765 quomodo
2547 4695 2582 4749 ii
2616 4696 2704 4765 qui
2748 4708 2843 4765 per
2878 4695 3051 4765 legem
3104 4696 3425 4767 placuerunt
3470 4697 3603 4763 Deo,

2038 4785 2402 4857 praecedentes
2449 4795 2696 4856 tempore
2734 4798 2829 4842 eos
2872 4788 2965 4854 qui
3018 4799 3115 4854 per
3157 4786 3315 4839 tidem
3360 4784 3486 4839 .Iesu
3536 4790 3602 4837 ad

2039 4878 2362 4948 repromissa
2431 4879 2796 4946 perveniunt,
2861 4879 3098 4931 nondum
3169 4890 3291 4946 qua:
3364 4876 3605 4947 perfecta

2194 5016 2235 5047 "
2282 5015 2421 5069 Psal.
2457 5031 2654 5081 Lxxxv,
2682 5016 2771 5070 11.
2858 5013 2901 5046 ³’
2940 5013 3097 5070 Joan.
3135 5029 3209 5069 tv.
3292 5011 3337 5042 "
3374 5010 3533 5071 Joan.
3560 5026 3606 5083 ι,

2032 5246 2215 5369 ωἷῗὸ)
2268 5298 2356 5350 Vel
2397 5299 2713 5371 tempii,_tvel
2749 5295 2970 5371 altaria,
3016 5298 3098 5354 vel
3132 5300 3474 5371 pontiﬁcum,
3528 5302 3606 5357 vel

2029 5367 2377 5422 sacerdotum.
2434 5367 2490 5420 In
2534 5368 2661 5424 libb.
2696 5369 2857 5423 editis
2901 5373 3074 5433 deest,
3122 5367 3253 5426 ivel
3281 5367 3481 5438 templi
3521 5372 3606 5425 vel

2029 5439 2238 5558 alltnt‘is,
2268 5456 2286 5489 ο
2324 5449 2381 5491 et
2429 5438 2674 5507 legitur:
2722 5456 2741 5489 ι
2792 5443 2876 5493 vel
2921 5441 3221 5509 pontiﬁcii,
3272 5442 3351 5496 vel
3410 5455 3600 5496 sacer-

2033 5518 2188 5560 tutu.
2221 5526 2238 5558 ι

2046 5576 2212 5700 ῐὶ(119)
2257 5575 2404 5642 Μῦς.)
2462 5576 2905 5633 «deformatur.»
2960 5579 3116 5635 Libb.
3164 5580 3320 5647 editi,
3370 5600 3388 5632 ι
3420 5580 3597 5637 refor-

2089 5664 2115 5696 a
2147 5662 2226 5699 ιη’.
2260 5668 2274 5697 t

2031 5662 2226 5699 matur.
2260 5668 2274 5697 I
