4104 6226
540 283 639 340 9H

2022 278 2273 335 {tRlGEN
2281 280 2345 335 IS

538 408 666 453 sunt
708 395 820 466 (20)
856 404 1286 464 consequuntur,
1325 404 1708 465 exspectantes
1747 410 1841 450 eos
1875 363 1969 465 qui
2013 411 2112 465 po—
2142 403 2186 457 Α
2220 390 2434 465 Moyses
2475 394 2661 450 dicere
2691 410 2795 450 non
2844 392 3033 465 potuit,
3068 392 3269 448 idcirco
3304 393 3416 461 ipsa
3462 394 3597 463 (Β)
3673 396 3883 447 habi—

539 488 799 542 steriores
844 486 1059 539 diverso
1116 484 1334 553 quidem
1393 495 1638 553 tempore
1689 486 1784 540 sed
1846 500 1954 539 una
2011 485 2114 539 fide

544 579 851 648 placebant,
898 580 1038 632 sicut
1080 577 1372 648 Apostolus
1422 577 1557 632 dicit
1584 578 1648 645 ³⁸,
1700 596 1718 628 ι
1751 578 1827 631 ιιιί
1883 593 1950 633 ne
1997 577 2114 632 sine

542 670 700 723 nobis
742 669 1136 738 perfectionem
1185 678 1716 735 consequerentur.»
1762 665 1970 720 Interea
2010 665 2111 721 Le-

542 760 669 813 vitis
713 774 887 827 neque
918 757 1128 829 Moyses
1167 758 1315 812 dedit
1365 759 1769 822 hareditatem,
1814 772 1987 827 neque
2025 755 2115 811 Je-

542 867 658 914 sus,
690 854 816 922 quia
844 851 1106 906 Dominus
1134 850 1276 904 Deus
1315 851 1431 919 ipse
1460 860 1543 905 est
1578 851 1870 904 hareditas
1901 864 2111 904 eorum.

540 941 597 996 In
629 957 733 1011 qua
769 955 825 995 re
852 938 979 1011 quid
1006 938 1149 993 aliud
1178 939 1521 993 sentiendum
1549 948 1656 1001 est,
1685 939 1793 992 nisi
1828 938 1972 1007 quod
2005 938 2115 993 sint

479 1036 487 1042 ’
542 1037 597 1091 in
633 1038 875 1093 Ecclesia
922 1034 1129 1088 Domini
1163 1033 1423 1103 quidam,
1465 1031 1557 1099 qui
1602 1030 1805 1084 virtute
1850 1028 2016 1083 animi
2060 1038 2116 1084 et

543 1132 860 1187 meritorum
942 1126 1112 1193 gratia
1186 1130 1415 1176 cateros
1488 1135 1680 1175 omnes
1756 1118 2111 1187 praeedunt,

542 1224 741 1294 quibus
766 1221 881 1287 ipse
910 1215 1171 1271 Dominus
1215 1212 1508 1267 hareditas
1537 1226 1659 1266 esse
1702 1211 1937 1265 dicitur?
1969 1210 2037 1265 Et
2068 1211 2114 1265 si

541 1314 625 1369 fas
657 1320 741 1366 est
773 1309 972 1363 audere
1008 1306 1058 1360 in
1096 1304 1313 1368 talibus,
1339 1313 1393 1359 et
1417 1302 1602 1357 arcani
1626 1302 1887 1357 reconditi
1910 1301 2114 1371 aliquid

541 1405 777 1477 aperire,
810 1401 1093 1454 videamus
1121 1414 1186 1451 ne
1220 1396 1362 1451 forte
1395 1395 1524 1450 illttd
1556 1396 1648 1460 sit,
1679 1397 1821 1466 quod
1855 1395 2115 1449 sacerdo-

542 1508 654 1553 tum
684 1493 769 1549 vel
800 1492 1118 1546 Levitarum
1154 1487 1379 1558 figuram
1425 1487 1662 1541 latenter
1690 1486 1950 1550 ostendit,
1988 1486 2112 1553 quia

541 1587 775 1645 inomni
813 1584 1007 1655 populo
1049 1582 1258 1655 (eorum
1296 1581 1419 1635 dico
1464 1581 1555 1649 qui
1600 1575 1901 1647 salvantur)
1944 1578 2116 1646 major

541 1678 659 1733 sine
699 1675 862 1728 dubio
900 1688 1027 1741 pars
1053 1681 1170 1733 est,
1205 1678 1260 1724 et
1302 1669 1459 1737 longe
1506 1668 1851 1722 numerosior
1894 1681 2109 1733 eorum,

2217 486 2394 539 tacula
2448 484 2793 539 sacerdotum
2838 495 2893 538 et
2952 483 3265 538 Levitarutn
3314 488 3681 554 dispensare
3744 502 3881 539 ιιοιι

2216 577 2409 646 potuit.
2445 575 2643 631 Beatus
2679 590 2809 645 ergo
2840 585 2926 629 est
2956 576 3046 645 qui
3078 590 3134 629 se
3171 576 3329 629 talem
3374 576 3659 638 exhibet,
3704 588 3783 630 et
3821 577 3885 629 in

2217 666 2337 721 istis
2379 666 2634 721 omnibus
2667 682 2787 736 qua
2829 666 3087 735 pracepit
3130 664 3312 731 Jesus,
3346 667 3661 722 invenitur
3725 681 3893 719 esse

2216 758 2508 825 perlectus.
2559 768 2613 811 ut
2663 757 2730 810 ab
2767 755 2896 811 Jesu
2942 766 3144 811 sortem
3204 758 3442 811 calestis
3492 759 3885 813 mansionis

2216 850 2445 919 accipiat
2478 850 2529 903 in
2567 848 2772 903 futuro.
2806 850 2879 904 De
2924 865 3034 917 quo
3066 850 3200 904 dicit
3244 850 3356 919 ipse
3405 850 3720 905 Dominus
3763 849 3877 906 Je-

2216 954 2308 994 sus
2332 938 2418 993 “:
2457 957 2477 990 ‹
2503 938 2683 1004 Pater,
2716 941 2834 995 volo
2869 950 2926 994 ut
2978 941 3064 996 ubi
3113 956 3215 1012 ego
3256 958 3373 997 sum
3396 983 3412 1007 ,
3457 953 3516 997 et
3551 945 3663 997 isti
3734 947 3877 1000 sint

2217 1044 2460 1097 mecum;
2492 1049 2510 1082 ι
2556 1031 2674 1085 et“
2714 1048 2729 1085 :
2769 1050 2787 1083 ι
2823 1031 2976 1087 Sicut
3023 1048 3123 1102 ego
3171 1035 3224 1087 in
3278 1044 3353 1098 te,
3400 1044 3455 1087 et
3506 1045 3568 1088 tu
3614 1038 3687 1091 in
3762 1054 3873 1092 uie

2216 1138 2377 1175 unum
2414 1138 2621 1188 sumus,
2657 1132 2715 1176 ut
2744 1133 2799 1177 et
2829 1124 2919 1178 isti
2954 1124 3007 1177 in
3044 1124 3201 1178 nobis
3231 1141 3393 1178 unum
3428 1128 3567 1181 sint.
3595 1146 3619 1177 ν

2287 1214 2339 1267 3.
2387 1213 2537 1279 Quod
2594 1215 2639 1267 si
2680 1215 2906 1269 audiens
2954 1216 3319 1284 perfectorum
3360 1228 3413 1272 et
3453 1221 3850 1276 eminentio-

2216 1321 2333 1359 rum
2379 1307 2748 1360 hareditatem
2799 1308 3086 1361 Dominum
3135 1309 3263 1371 dici,
3309 1310 3535 1379 ignoras
3582 1323 3647 1365 et
3707 1328 3844 1366 am-

2215 1393 2352 1463 bigis
2391 1396 2523 1463 quid
2578 1395 2706 1449 illud
2750 1395 2821 1450 sit
2874 1398 3016 1465 quod
3069 1396 3169 1450 sub
3216 1398 3318 1452 hoc
3366 1401 3596 1455 nomine
3658 1403 3835 1456 desi-

2216 1494 2431 1552 gnatur,
2464 1487 2588 1539 audi
2622 1486 2747 1555 quia
2783 1486 3046 1541 Dominus
3077 1488 3344 1557 sapientia
3380 1500 3487 1544 est.
3532 1493 3638 1546 Cui
3676 1509 3835 1563 ergo

2216 1574 2417 1629 dicitur
2458 1576 2743 1631 hareditas
2784 1591 2909 1632 esse
2960 1577 3073 1647 (25)
3129 1578 3421 1644 Dominus,
3474 1582 3582 1635 iste
3626 1584 3823 1637 hare-

2217 1663 2444 1719 ditatem
2514 1666 2791 1734 sapientia
2831 1668 3029 1736 capiet.
3090 1668 3347 1724 Dominus
3386 1671 3606 1739 iustitia
3647 1677 3797 1727 dicr-

537 1768 631 1839 qui
670 1732 990 1835 simpliciter
1030 1762 1315 1816 credentes
1346 1759 1403 1813 in
1432 1759 1628 1814 timore
1660 1758 1781 1826 Dei,
1814 1773 1908 1827 per
1946 1773 2106 1826 Opera
2144 1732 2185 1790 Β
2217 1766 2322 1811 tur.
2363 1756 2460 1810 Cui
2498 1771 2627 1825 ergo
2672 1756 2960 1811 hareditas
3011 1758 3269 1813 Dominus
3309 1771 3430 1826 est,
3472 1762 3577 1817 iste
3611 1766 3774 1817 itare—

541 1864 702 1922 bona,
741 1865 797 1910 et
840 1868 936 1924 per
968 1853 1225 1907 honestos
1274 1863 1474 1915 mores,
1517 1858 1572 1903 et
1604 1859 1759 1904 actus
1806 1847 2114 1918 probabiles

542 1948 771 2005 Domino
820 1944 1055 2014 placent.
1090 1941 1256 1995 Pauci
1289 1956 1419 1996 vero
1467 1947 1631 2003 sunt,
1677 1948 1732 1993 et
1763 1939 1917 1993 valde
1966 1940 2111 2002 rari,

537 2037 630 2107 qui
662 2032 942 2105 sapientia
980 2045 1045 2084 ac
1077 2029 1319 2085 scientia
1351 2044 1572 2099 operam
1611 2030 1824 2093 dantes,
1868 2040 1919 2083 et
1967 2044 2115 2083 men-

541 2141 644 2185 tem
696 2142 852 2181 suam
906 2122 1161 2178 mundam
1208 2134 1516 2191 puramque
1586 2130 1905 2184 servantes,
1953 2131 2115 2189 atque

538 2219 789 2275 omnibus
839 2213 1118 2285 praelaris
1173 2210 1466 2265 virtutibus
1518 2224 1644 2264 suas
1692 2211 1903 2265 animas
1951 2225 2112 2264 cxco-

539 2315 734 2376 lcntes,
782 2308 1000 2364 cateris
1062 2302 1489 2373 simplicioribus
1538 2316 1634 2370 per
1681 2300 1941 2356 doctrina
1989 2318 2114 2372 gra-

541 2405 666 2459 tiam
698 2401 1005 2458 illuminaut
1050 2398 1156 2451 iter
1192 2411 1297 2464 quo
1329 2395 1672 2464 gradiuntur,
1703 2405 1758 2449 ct
1788 2396 2013 2449 veniunt
2046 2396 2113 2450 ad

538 2496 793 2553 salutem.
832 2492 870 2546 li
902 2489 1152 2545 fortassis
1179 2503 1323 2542 nunc
1349 2487 1449 2542 sub
1494 2485 1803 2539 Levitarum
1836 2496 1889 2541 et
1930 2501 2115 2540 sacer-

538 2588 727 2645 datum
758 2583 979 2638 nomine
1012 2580 1384 2649 designantur,
1414 2592 1646 2646 quorum
1682 2576 1972 2630 hareditas
2002 2576 2113 2645 ipse

539 2675 823 2739 Dominus,
853 2672 943 2742 qui
977 2679 1060 2726 est
1089 2669 1375 2738 sapientia,
1408 2684 1572 2737 quam
1608 2682 1721 2737 pra
1752 2669 1965 2724 caeteris
2002 2684 2112 2724 om-

539 2772 699 2825 nibus
748 2766 1076 2829 dilexerunt,
1105 2778 1225 2817 esse
1272 2761 1612 2830 perhibetur.
1660 2758 1878 2814 Invenio
1928 2770 2107 2816 tamen

540 2862 777 2931 aliquam
808 2854 1175 2913 differentiam
1215 2854 1267 2907 in
1303 2854 1370 2906 iis
1397 2867 1517 2921 qua
1552 2850 1770 2922 Moyses
1812 2854 2107 2925 distribuit,

539 2962 589 3007 et
638 2952 691 3006 in
744 2950 813 3003 iis
858 2962 978 3016 qua
1026 2943 1205 2999 Jesus.
1260 2942 1472 3013 Moyses
1533 2959 1766 3013 namque
1806 2946 2011 3003 duabus
2056 2958 2109 3003 et

2215 1848 2439 1901 ditatem
2470 1847 2695 1916 iustitia
2754 1858 3137 1915 consequetur.
3195 1850 3462 1907 Dominus
3514 1870 3618 1923 pax
3657 1866 3775 1916 ea.

2214 1940 2471 1994 Dominus
2520 1940 2822 2005 redemptio
2871 1949 2995 2003 est,
3049 1940 3309 1997 Dominus
3371 1946 3520 1997 salus
3573 1958 3690 2010 est,
3738 1950 3797 1999 iu

2211 2031 2377 2103 439
2416 2031 2638 2085 Domino
2676 2040 2802 2085 sunt
2839 2031 3080 2086 thesauri
3113 2034 3394 2103 sapientia
3438 2047 3496 2090 et
3553 2040 3809 2092 scientia

2212 2123 2534 2177 absconditi.
2575 2122 2698 2178 liae
2756 2124 2939 2178 omnia
2978 2125 3032 2177 in
3080 2125 3451 2181 hareditatem
3490 2131 3795 2199 percipiet,

2212 2214 2365 2282 cujus
2415 2214 2706 2268 hareditas
2760 2214 3018 2269 Dominus
3072 2217 3254 2273 fuerit.
3294 2217 3685 2275 Verumtamen
3751 2231 3812 2275 et

2213 2305 2300 2357 isti
2336 2304 2533 2373 quibus
2578 2304 2845 2368 sapientia
2871 2304 2991 2371 Dei,
3023 2315 3076 2359 et
3108 2304 3343 2361 Verbum
3377 2309 3471 2363 Dci
3504 2321 3554 2362 ct
3592 2312 3813 2365 veritas

2212 2406 2266 2450 et
2288 2395 2498 2461 justitia
2532 2395 2824 2450 hareditas
2867 2411 2988 2451 esse
3022 2398 3242 2463 dicitur,
3274 2400 3661 2454 habitationem
3696 2404 3812 2455 in-

2214 2486 2377 2540 terim
2418 2499 2541 2540 cum
2573 2485 2678 2540 illis
2711 2487 3003 2556 accipiunt,
3036 2502 3263 2557 quorum
3290 2488 3562 2544 hareditas
3608 2491 3806 2547 habe-

2213 2587 2299 2633 tur
2326 2580 2375 2631 itt
2414 2578 2575 2631 terris
2614 2594 2626 2631 :
2663 2590 2719 2631 ut
2752 2594 2816 2632 ex
2850 2578 3088 2647 ipsorum
3121 2582 3398 2635 consortio
3446 2582 3501 2644 ii,
3532 2584 3625 2650 qui
3679 2598 3799 2651 per

2210 2670 2533 2740 semctipsos
2559 2672 2797 2724 nondum
2826 2670 3026 2735 valent,
3072 2686 3168 2739 per
3198 2672 3315 2727 illos
3350 2674 3642 2743 participes
3678 2673 3801 2729 ραι·

2210 2763 2431 2817 ciantur
2459 2762 2742 2832 sapientia
2774 2770 2825 2817 et
2858 2762 3098 2817 scientia
3130 2761 3250 2826 Dei,
3293 2772 3347 2817 et
3382 2764 3634 2817 veritatis
3670 2765 3798 2830 ejus

2211 2870 2273 2906 ac
2299 2853 2485 2908 Verbi.
2514 2854 2579 2907 Et
2607 2855 2675 2907 ita
2706 2853 2870 2908 etiam
2907 2854 2975 2907 ad
3004 2854 3259 2909 minimos
3289 2870 3538 2924 quosque
3566 2856 3798 2925 dispen-

2209 2945 2350 2999 satio
2385 2944 2563 2998 divina
2598 2946 2893 3014 pertendit,
2928 2953 2984 2996 ut
3010 2944 3100 3014 qui
3120 2944 3499 3015 principaliter
3530 2962 3637 3000 non
3661 2963 3797 3015 pos-

541 3042 706 3097 semis
741 3040 990 3094 tribubus
1024 3046 1226 3089 terram
1256 3034 1588 3090 distribuens
1618 3034 1757 3089 ultra
1793 3036 2104 3107 Jordanem,
2134 3067 2177 3126 ο
2212 3045 2341 3090 sunt
2381 3035 2577 3089 divina
2611 3035 2797 3104 gratia
2825 3049 3052 3104 capaces
3079 3036 3365 3102 exsistere,
3399 3037 3696 3091 illuminari
3721 3053 3799 3093 ex

541 3148 648 3185 non
696 3129 844 3185 dedit
894 3126 1098 3181 Levitis
1152 3123 1447 3178 habitaculi
1497 3126 1802 3194 portionem
1850 3144 1969 3199 qua
2012 3145 2108 3186 eos

540 3219 927 3292 contingebat:
959 3216 1118 3272 Jesus
1151 3225 1331 3269 autem
1365 3214 1533 3281 dedit,
1583 3232 1685 3270 non
1724 3219 1894 3273 solum
1951 3220 2003 3274 in
2042 3221 2111 3276 iis

540 3314 791 3371 tribubus
815 3324 952 3377 quas
986 3308 1099 3376 ipse
1139 3306 1437 3374 dispensat,
1466 3321 1649 3361 verum
1680 3316 1735 3361 et
1766 3308 1818 3361 in
1852 3310 1959 3365 illis
1989 3326 2110 3380 qua

543 3422 573 3459 a
607 3405 789 3473 Moyse
825 3410 977 3454 trans
1026 3394 1319 3449 .lordanent
1352 3393 1561 3449 fuerant
1599 3397 1895 3454 collocata.
1945 3400 2110 3457 llabi-

543 3494 720 3548 tacula
765 3492 967 3547 etenim
1001 3485 1214 3541 Levitis
1253 3484 1305 3536 itt
1353 3484 1579 3553 singulis
1629 3488 1875 3543 tribubus
1918 3493 2107 3544 decer-

539 3594 769 3649 nuntur,
817 3591 875 3636 ut
910 3596 1009 3652 per
1045 3579 1149 3635 hoc
1200 3579 1371 3635 multo
1420 3578 1861 3649 magnificentius
1905 3591 2107 3651 myste-

541 3676 683 3732 rium
729 3686 1087 3729 nosceremus
1133 3669 1271 3741 (2|).
1323 3670 1427 3727 lste
1464 3671 1609 3726 enim
1661 3672 1794 3725 ordo
1838 3670 2113 3730 Leviticus

538 3767 623 3821 vel
653 3764 1029 3829 sacerdotalis,
1061 3762 1151 3829 qui
1186 3761 1278 3815 Dei
1314 3760 1591 3828 sapientia
1617 3769 1671 3814 et
1702 3761 1945 3816 scientia
1981 3776 2108 3825 ope-

538 3875 654 3914 ram
699 3856 984 3926 impendit,
1024 3867 1128 3909 non
1163 3850 1336 3921 potuit
1363 3864 1393 3903 a
1438 3848 1622 3919 Moyse
1663 3862 1865 3904 sortem
1900 3850 2110 3906 habita-

540 3952 705 4006 tionis
754 3949 1042 4019 acciperc;
1096 3945 1222 4013 quia
1272 3957 1377 3997 non
1415 3950 1533 3995 erat
1580 3940 1790 4011 Moyses
1841 3943 2108 4009 veritatis,

538 4046 632 4098 sed
666 4042 875 4096 umbra
906 4050 960 4094 et
992 4034 1322 4104 exemplaris
1366 4032 1633 4089 minister.
1661 4031 1822 4087 Jesus
1850 4049 1976 4087 vero
2008 4034 2110 4087 Do-

541 4136 722 4187 minus
756 4142 963 4195 noster,
1012 4131 1101 4197 qui
1134 4137 1251 4180 erat
1283 4124 1551 4194 sapientia
1594 4124 1709 4187 Dei,
1740 4126 1854 4193 ipse
1904 4125 2111 4180 habita-

536 4227 655 4281 cula
695 4224 1029 4291 sapientibus
1066 4219 1291 4288 prabet.
1340 4214 1455 4270 Non
1505 4216 1646 4269 enim
1706 4216 1880 4284 potuit
1929 4215 2110 4272 dicere

536 4317 751 4387 Moyses
774 4315 815 4345 ³⁷
850 4328 864 4367 :
909 4332 925 4365 t
962 4311 1128 4374 Vade,
1165 4310 1335 4363 vende
1366 4306 1545 4361 omnia
1585 4315 1674 4359 tua
1707 4322 1830 4376 qua
1861 4308 2025 4362 babes
2056 4317 2110 4360 et

2215 3126 2444 3181 istorum
2481 3126 2760 3182 consortio
2798 3134 3133 3193 mereantur,
3171 3135 3227 3183 et
3255 3127 3592 3197 compleatur
3634 3128 3796 3192 illud,

2213 3218 2355 3286 quod
2385 3219 2645 3289 scriptum
2676 3227 2761 3273 est
2790 3218 2835 3249 δ’
2877 3234 2890 3270 :
2927 3234 2946 3269 ‹
2988 3219 3087 3285 Qui
3116 3220 3365 3286 multum,
3406 3237 3511 3274 non
3545 3223 3799 3274 abunda-

2214 3311 2324 3377 vit;
2355 3320 2408 3365 et
2434 3314 2526 3381 qui
2556 3310 2863 3375 minimum,
2892 3326 2998 3365 non
3030 3311 3330 3367 minoratus
3347 3313 3600 3367 estuScd
3634 3325 3690 3367 et
3724 3314 3795 3366 il—

2216 3400 2310 3453 lud
2340 3399 2482 3469 quod
2517 3400 2811 3468 Apostolus
2842 3401 2908 3454 ad
2940 3399 3251 3454 Corinthios
3306 3402 3434 3454 dicit
3473 3402 3540 3454 de
3585 3402 3799 3455 sanctis

2211 3487 2614 3561 Jerosolymitis
2648 3505 2662 3540 :
2706 3507 2724 3540 ι
2766 3488 2837 3543 Ut
2896 3499 3097 3555 vestra,
3128 3492 3299 3559 inquit
3334 3491 3401 3554 “,
3453 3492 3796 3545 abundantia

2215 3581 2309 3635 fiat
2343 3581 2409 3635 ad
2436 3581 2656 3637 illorum
2690 3581 2948 3651 inopiam,
2981 3593 3035 3636 et
3068 3582 3280 3636 illorum
3326 3583 3659 3637 abundantia
3693 3583 3795 3636 fiat

2212 3671 2277 3724 ad
2314 3682 2549 3725 vestram
2581 3671 2837 3741 inOpiant.
2882 3690 2900 3725 ι
2942 3671 3017 3726 lta
3052 3682 3274 3742 ergo-et
3306 3688 3447 3727 nunc
3473 3674 3802 3727 cohabitare

2207 3759 2467 3830 jultetttur
2492 3761 2678 3815 Levita
2712 3772 2765 3815 et
2787 3764 3043 3817 sacerdos
3072 3764 3162 3832 qui
3197 3776 3302 3816 non
3334 3762 3535 3817 habent
3564 3773 3792 3828 terram,

2217 3852 2467 3909 Israelita
2494 3856 2585 3927 qui
2618 3856 2779 3911 habet
2826 3864 3050 3915 terram.
3082 3866 3139 3909 ut
3167 3855 3464 3924 percipiant
3500 3856 3567 3910 ab
3607 3856 3785 3913 lsrae-

2215 3941 2306 3997 lite
2352 3947 2600 4001 sacerdos
2649 3957 2705 4001 et
2747 3946 2931 4001 Levita
2980 3956 3191 4000 terrena
3236 3960 3353 4014 qua
3393 3961 3501 3999 non
3546 3946 3780 4014 habent;

2214 4040 2268 4086 et
2313 4049 2501 4089 rursus
2549 4036 2815 4091 lsraelites
2861 4034 3121 4105 percipiat
3170 4034 3278 4102 (24)
3328 4050 3356 4087 a
3411 4037 3692 4090 sacerdote
3727 4047 3780 4091 et

2212 4123 2396 4179 Levita
2426 4125 2671 4179 calestia
2712 4133 2767 4178 et
2792 4125 2976 4178 divina
3008 4140 3127 4195 qua
3162 4140 3268 4178 non
3304 4126 3484 4179 habet.
3516 4125 3622 4180 Lex
3642 4126 3790 4180 enim

2214 4214 2304 4268 Dei
2348 4212 2723 4267 sacerdotibus
2766 4216 3056 4269 eonunissa
3089 4226 3171 4270 est
3204 4225 3257 4270 et
3308 4216 3538 4280 Levitis,
3574 4229 3628 4271 et
3660 4219 3789 4272 huic

2214 4303 2312 4357 soli
2342 4318 2565 4371 operam
2599 4303 2867 4369 tribuant,
2897 4315 2949 4359 et
2988 4305 3153 4359 verbo
3186 4306 3279 4360 Dei
3312 4309 3521 4377 absque
3544 4309 3649 4361 ulla
3682 4309 3791 4362 sol-

535 4414 601 4464 da
662 4406 1021 4477 pauperibus,
1063 4413 1115 4457 et
1180 4402 1403 4456 habebis
1462 4401 1775 4455 thesaurum
1832 4401 1883 4452 in
1944 4397 2111 4462 calo,
2152 4393 2497 4456 Dlicitudine
2542 4403 2760 4448 vacent.
2806 4392 2911 4449 Sed
2964 4395 3179 4449 interim
3223 4407 3277 4449 ut
3311 4413 3509 4451 vacare
3555 4400 3789 4467 possint,

535 4511 590 4553 et
622 4498 764 4559 veni,
804 4512 1029 4563 sequere
1076 4510 1178 4546 me.
1206 4512 1222 4543 ι
1264 4491 1373 4545 lluc
1414 4500 1499 4545 est
1545 4490 1688 4543 enim
1723 4499 1935 4557 partem
1979 4490 2109 4543 dare

534 4590 760 4645 Levitis.
806 4587 911 4639 Nec
967 4585 1140 4653 potuit
1181 4584 1365 4636 dicere
1417 4580 1627 4651 Moyses
1674 4581 1752 4645 ³⁸,
1804 4582 1930 4649 quia
1967 4599 1985 4633 ι
2016 4580 2107 4649 qui

532 4696 643 4741 non
680 4675 1071 4730 renuntiaverit
1115 4671 1368 4725 omnibus
1390 4685 1512 4738 qua
1548 4669 1806 4738 possidet,
1852 4685 1957 4723 non
2015 4685 2113 4737 po-

537 4782 639 4825 test
663 4782 784 4822 esse
812 4781 964 4821 mens
997 4761 1316 4832 discipulus.
1343 4780 1361 4812 ι
1401 4760 1510 4815 Nec
1542 4760 1719 4831 potuit
1754 4761 1935 4814 dicere
1966 4761 2113 4832 Moy-

535 4878 622 4916 ses
646 4862 725 4915 "z
758 4879 775 4912 ι
812 4858 999 4915 Omnis
1025 4856 1116 4925 qui
1154 4869 1259 4907 non
1293 4853 1467 4907 oderit
1494 4863 1701 4919 patrem
1737 4850 1817 4904 vel
1860 4861 2110 4915 matrem,

534 4964 589 5006 et
619 4952 818 5004 fratres
844 4960 897 5003 et
926 4962 1143 5003 sorores
1166 4956 1218 5000 et
1251 4945 1416 5008 filios.
1445 4944 1668 5012 insuper
1699 4944 1861 4997 etiam
1907 4953 1961 4997 et
1992 4944 2111 4997 ani-

537 5056 677 5095 tuam
714 5055 892 5103 suam,
930 5052 1034 5092 non
1070 5044 1249 5106 potest
1278 5049 1428 5088 meus
1453 5048 1573 5087 esse
1600 5031 1914 5097 discipulus.
1942 5050 1959 5083 ι
1997 5031 2110 5087 Hoc

608 5183 652 5214 ³⁸
694 5182 855 5238 llehr.
895 5198 970 5244 XI,
1000 5180 1089 5233 40.
1165 5180 1207 5210 ⁸⁷
1252 5177 1439 5231 Matth.
1483 5192 1593 5238 χιι.
1630 5177 1721 5231 21.

536 5255 581 5285 ⁵³
616 5254 654 5307 ll
689 5254 817 5308 Cor.
848 5267 963 5311 vttt,
1012 5250 1097 5303 15.
1177 5250 1221 5279 ⁸³
1249 5248 1376 5301 ibid.
1423 5246 1507 5300 l4.

606 5373 719 5441 (10)
760 5370 913 5426 Libh.
943 5370 1097 5433 editi,
1134 5388 1158 5441 ί(
1193 5368 1669 5441 repromissionetn
1703 5368 1952 5441 veniunt,
2003 5381 2104 5418 non

536 5436 632 5506 per
673 5436 819 5495 illaut
859 5457 980 5510 qua:
1025 5436 1265 5508 perfecta
1306 5448 1452 5492 sunt.
1486 5456 1504 5488 ι
1557 5436 1682 5491 Mss.
1713 5444 1771 5489 ut
1817 5436 1869 5489 in
1918 5446 2104 5489 nostro

542 5521 719 5646 “uti;
759 5579 910 5641 Mss.,
963 5598 979 5629 t
1014 5591 1422 5632 noseuemus.»
1468 5575 1623 5630 Libh.
1666 5575 1817 5638 editi,
1858 5593 1877 5625 t
1905 5588 2096 5629 cerne-

563 5664 744 5698 't‘.ttlts.
777 5668 793 5697 1

563 5664 744 5698 't‘.ttlts.
777 5668 793 5697 1

548 5664 559 5701 Ι
615 5719 725 5787 t2-)
766 5718 942 5770 Codex
978 5718 1287 5785 Stttgerttt.,
1325 5733 1343 5766 σ
1378 5716 1511 5785 ipse.
1538 5734 1555 5766 ι

1798 5176 1843 5207 ³⁸
1883 5175 2010 5229 Luc.
2061 5192 2167 5240 stv,
2211 5178 2299 5229 '55.

2217 4486 2478 4539 lait-orum
2506 4486 2581 4538 ttti
2619 4485 2935 4542 ministeriis
2962 4488 3176 4542 debent.
3212 4488 3266 4543 Si
3299 4491 3444 4543 enim
3478 4490 3647 4544 laicus
3674 4506 3794 4559 qua

2219 4576 2520 4630 necessaria
2558 4587 2683 4630 sunt
2713 4594 2818 4631 non
2852 4581 3141 4648 praebuerit
3182 4582 3558 4635 sacerdotibus
3606 4591 3657 4634 et
3687 4581 3792 4636 Le-

2221 4670 2367 4732 vitis,
2396 4669 2647 4738 occupati
2683 4668 2756 4721 illi
2810 4670 2860 4721 itt
2908 4669 3129 4731 talibus,
3183 4670 3233 4722 id
3284 4681 3364 4723 est
3416 4674 3795 4740 corporalibus

2224 4766 2390 4824 curis,
2428 4764 2605 4815 minus
2638 4762 2739 4832 legi
2771 4764 2860 4817 Dei
2897 4764 3187 4817 vacabunt.
3222 4763 3331 4818 Illis
3362 4776 3541 4817 autem
3571 4782 3676 4817 non
3705 4780 3795 4815 va-

2220 4854 2496 4918 cantibus,
2543 4868 2718 4922 neque
2753 4869 2973 4924 operam
3013 4856 3274 4909 dantibus
3319 4856 3416 4927 legi
3459 4859 3573 4923 Dei,
3610 4867 3663 4910 ttt
3696 4872 3795 4925 pe-

2222 4946 2507 4999 riclitaris.
2542 4944 2937 5000 Obscurabitur
2969 4947 3113 5000 enim
3152 4948 3239 5000 lux
3282 4950 3551 5010 scientia,
3585 4964 3703 5016 qua
3738 4949 3793 5000 in

2221 5036 2325 5089 illis
2350 5044 2455 5097 est,
2493 5046 2543 5089 te
2588 5052 2693 5089 non
2731 5036 3182 5091 subministrante
3212 5039 3388 5092 oleum
3437 5040 3693 5103 lucerna,
3739 5047 3797 5092 et

2376 5177 2419 5208 ³⁸
2461 5178 2613 5239 ihid.,
2652 5177 2741 5232 9.6.
2834 5178 2878 5209 δ’
2917 5177 3074 5234 Joan.
3103 5182 3355 5241 κνιιλιί.
3458 5181 3503 5213 ⁸⁸
3544 5180 3791 5235 ibid.”-

2285 5366 2395 5434 (ὶὸ)
2440 5366 2586 5419 Esse.
2636 5367 2797 5423 Deest
2848 5368 2900 5421 in
2939 5368 3068 5422 libb.
3125 5369 3308 5433 editis,
3353 5369 3449 5422 sed
3502 5378 3689 5423 exstat
3732 5367 3789 5423 in

2215 5452 2391 5573 misit)
2420 5504 2495 5557 Ab
2540 5503 2787 5559 Israelita
2836 5506 3086 5578 sacerdos
3117 5518 3164 5561 et
3218 5507 3376 5561 levita
3416 5518 3625 5560 terrena
3663 5524 3783 5578 qua

2208 5592 2312 5627 non
2339 5578 2525 5627 habent
2553 5592 2571 5637 ;
2606 5585 2653 5628 et
2687 5592 2870 5629 rursus
2897 5574 3169 5629 lsraelites
3206 5578 3480 5643 percipiat.
3522 5578 3645 5631 ll'ee
3676 5574 3781 5631 ’ἀε-

2205 5646 2519 5767 δξιῦονειυιητ
2545 5648 2593 5699 in
2622 5646 2775 5699 libris
2800 5656 2956 5701 antea
2975 5647 3155 5710 editis,
3184 5648 3280 5701 sed
3300 5648 3556 5716 leguntur
3589 5650 3643 5701 in
3662 5661 3784 5703 om-

2205 5732 2256 5768 Ill
2300 5730 2360 5768 us
2393 5730 2521 5768 tuss.

3752 280 3889 333 DIE!
