4104 6226
364 300 473 357 915

1346 295 1415 350 IN
1455 292 1717 350 LIBRUM
1758 289 1922 346 JESU
1954 287 2139 343 NAV'E
2178 288 2466 343 IIOMILIA
2509 288 2695 344 XVIII.

3520 289 3580 344 9i
3594 291 3629 346 4

362 415 524 485 culpa
558 421 648 470 tua
675 413 801 469 illud
831 412 1070 480 eveniet,
1105 411 1249 482 quod
1282 411 1420 466 dixit
1450 410 1707 466 Dominus
1730 407 1798 473 “,
1823 406 1948 476 quia
1980 410 2031 467 Α
2058 405 2221 459 etiam
2254 414 2470 474 possunt
2508 421 2608 460 nos
2644 404 2912 460 instruere
2940 403 3004 457 ad
3029 401 3277 458 salutent.
3302 402 3485 457 Primo
3507 418 3621 457 om-

371 521 744 565 ncmcuscaeco
780 506 1039 560 ducatum
1090 506 1364 573 praebens,
1422 503 1583 557 ambo
1636 503 1687 556 in
1740 500 1950 555 l‘oveam

366 601 580 653 cadent.
615 618 632 650 ι
662 598 769 653 Scd
798 606 854 651 et
891 596 1019 651 illud
1054 596 1109 650 in
1147 606 1196 650 te
1225 595 1588 665 complebitur
1610 593 1750 661 quod
1772 592 1952 647 Domi-

364 707 472 747 nus
500 693 634 746 dixit
661 691 705 723 "
733 706 750 746 :
783 711 803 743 ι
838 690 896 745 Si
922 690 1067 744 enim
1100 689 1186 743 lux
1216 706 1335 759 qua:
1377 691 1427 742 in
1474 698 1527 742 te
1576 697 1683 751 est,
1719 687 1953 741 tenebrae

368 792 520 846 sunt,
578 784 706 853 ipsa:
752 785 992 837 tenebrae
1040 789 1255 850 quantze
1309 782 1468 834 sunt?
1508 800 1524 831 ι
1566 779 1634 835 Ut
1680 794 1812 849 ergo
1861 778 1951 831 lux

369 878 615 932 scientia:
656 878 710 932 in
742 877 1118 934 sacerdotibus
1148 875 1375 945 fulgeat,
1414 886 1469 930 et
1504 875 1719 930 lucerna
1762 888 1949 927 eorum

368 968 445 1021 sit
474 983 691 1038 semper
721 984 976 1032 accensa,
1018 977 1073 1020 tu
1112 967 1277 1034 imple
1299 966 1535 1020 oliieium
1575 974 1745 1025 tuum.
1798 980 1950 1019 com-

369 1058 461 1128 ple
493 1061 802 1113 mandatum
840 1059 933 1114 Dei
964 1074 1093 1128 erga
1120 1059 1377 1128 obsequia
1403 1059 1773 1113 sacerdotum.
1799 1054 1953 1121 Quod

374 1147 421 1201 si
448 1148 589 1202 forte
628 1148 894 1217 susceptis
935 1162 966 1202 a
1012 1156 1065 1203 te
1104 1162 1224 1216 qua:
1268 1146 1574 1203 necessaria
1608 1154 1756 1210 sunt,
1789 1153 1843 1198 et
1871 1144 1951 1198 sic

375 1250 484 1290 non
508 1235 660 1303 quasi
688 1237 915 1290 avaritia
945 1235 1038 1291 sed
1081 1235 1238 1305 quasi
1290 1235 1665 1290 benedictione
1701 1232 1837 1305 (‘25),
1878 1234 1950 1288 illi

374 1326 714 1396 neglexerint
746 1327 1039 1381 eruditioni
1099 1342 1321 1396 operam
1357 1330 1509 1389 dare,
1549 1334 1601 1380 et
1650 1327 1816 1379 verbo
1856 1325 1949 1381 Dei

373 1430 592 1482 vacare,
636 1418 765 1472 etin
799 1417 916 1488 lege
956 1418 1048 1472 Dei
1087 1419 1339 1472 meditari
1394 1417 1483 1471 die
1523 1432 1586 1470 ac
1638 1427 1818 1481 nocte,
1850 1416 1950 1485 ipsi

373 1510 641 1564 videbunt
690 1512 962 1579 quomodo
1011 1525 1111 1580 pro
1156 1510 1444 1565 animabus
1490 1509 1688 1564 vestris
1724 1510 1954 1564 reddant

370 1600 599 1655 Domino
628 1602 918 1656 rationem.
953 1599 1060 1655 Sed
1085 1602 1443 1670 deprecemur
1474 1601 1651 1669 potius
1690 1600 1781 1652 Dei
1836 1599 1949 1669 (26)

367 1691 760 1759 onmipotentis
795 1690 1254 1755 misericordiam,
1307 1700 1369 1745 ut
1415 1705 1515 1745 suo
1576 1689 1800 1753 lumine,
1849 1705 1948 1744 sua

370 1776 625 1840 veritate,
667 1792 766 1831 suo
807 1778 1113 1846 splendore,
1140 1793 1331 1835 omnes
1369 1795 1468 1835 nos
1506 1779 1812 1834 illuminare
1859 1781 1944 1833 di-

366 1877 565 1934 gnetur
611 1877 665 1922 et
714 1870 844 1924 dare
896 1871 1170 1925 lucernam
1221 1872 1448 1941 pedibus
1482 1874 1684 1927 nostris
1722 1873 1945 1928 verbum

370 1971 547 2024 suum,
586 1967 638 2011 et
682 1958 862 2011 lumen
912 1960 1126 2015 semitis
1160 1961 1385 2028 nostris,
1430 1962 1603 2031 ipsum
1658 1963 1947 2018 Dominum

368 2056 615 2101 nostrum
648 2046 833 2103 Iesum
881 2049 1180 2114 Christum,
1206 2051 1297 2119 qui
1330 2060 1416 2105 est
1443 2066 1567 2107 vera
1602 2052 1690 2107 lux
1741 2054 1946 2120 mundi,

370 2138 461 2191 cui
486 2147 568 2193 est
596 2138 769 2208 gloria
802 2150 858 2195 et
904 2143 1191 2211 imperium
1226 2142 1337 2216 (27)
1372 2144 1425 2199 in
1471 2145 1669 2201 saecula
1719 2147 1950 2202 saeculo-

371 2244 513 2285 rum.
546 2232 744 2289 Amen.

898 2324 1179 2381 IIOIIILIA
1235 2326 1419 2382 XVIII.

372 2432 449 2486 De
476 2436 627 2488 initio
657 2438 927 2509 divisionis
952 2452 1125 2497 (erm.
1151 2458 1267 2509 qua:
1292 2443 1463 2495 divisa
1493 2456 1568 2498 est
1615 2447 1679 2497 ab
1707 2445 1855 2505 Iesu,
1901 2456 1948 2499 et

442 2508 700 2584 quomodo
746 2511 963 2563 accessit
987 2512 1056 2564 ad
1093 2508 1276 2566 JeSum
1327 2511 1507 2579 Calcb,
1535 2526 1580 2568 et
1618 2516 1767 2584 petiit
1799 2517 1863 2569 ab
1892 2533 1950 2569 eo

445 2573 706 2628 Chebron.

448 2689 496 2742 ι.
548 2688 827 2746 Discamus
870 2709 932 2749 ex
988 2694 1102 2764 lege
1133 2712 1293 2765 quam
1327 2699 1643 2754 necessarie
1673 2700 1947 2767 descripta

372 2790 454 2835 est
486 2792 644 2836 terra)
695 2785 911 2853 divisio,
942 2804 1061 2856 qua:
1099 2790 1278 2858 primo
1321 2806 1420 2860 per
1467 2791 1674 2857 Mosen,
1710 2796 1950 2847 secundo

374 2873 540 2927 etiam
568 2874 678 2947 (28)
714 2894 809 2947 per
842 2877 1026 2934 Iesum
1062 2882 1263 2935 dicitur
1296 2881 1461 2944 facta,
1511 2898 1615 2938 non
1649 2894 1709 2937 ut
1746 2892 1951 2938 utram-

372 2980 478 3035 que
536 2982 839 3036 servemus,
888 2974 980 3025 scd
1028 2972 1299 3028 rationem
1354 2975 1641 3042 utriusque
1680 2975 1953 3031 discentes

2051 495 2202 550 nium
2230 497 2395 552 Caleb
2424 498 2815 566 interpretatur
2843 496 2991 565 quasi
3024 512 3114 548 cor
3141 496 3279 565 (52).
3318 494 3446 560 Quis
3493 510 3621 560 ergo

2051 600 2133 645 est
2168 590 2320 661 quasi
2355 605 2469 655 cor,
2504 588 2604 643 nisi
2631 590 2675 643 is
2698 588 2789 658 qui
2816 588 2867 642 in
2898 585 3465 642 omnibusintellcctui
3497 600 3623 654 0pc-

2053 694 2167 731 ram
2225 678 2434 745 tribuit,
2466 680 2557 748 qui
2600 695 2708 732 non
2756 679 2971 749 aliquod
3025 676 3323 729 membrum
3377 675 3621 742 corporis

2058 769 2316 824 Ecclesiae
2342 785 2460 825 esse
2507 770 2726 836 dicitur,
2766 771 2870 825 nisi
2912 771 3043 825 illud
3088 768 3230 839 quod
3266 776 3349 821 est
3385 768 3437 820 in
3476 766 3624 819 nobis

2052 861 2369 932 prmclarius
2419 876 2556 917 cor:
2597 862 2647 915 id
2679 871 2795 927 est,
2819 864 2905 933 qui
2948 865 3126 918 omnia
3165 878 3288 917 cum
3328 861 3537 915 ratione
3571 869 3624 912 et

2052 954 2339 1022 prudentia
2386 953 2551 1022 gerit,
2592 962 2646 1008 et
2675 954 2747 1006 ita
2779 956 3281 1025 cunctadispcnsat
3310 956 3466 1024 quasi
3517 969 3624 1007 non

2053 1048 2123 1101 sit
2152 1046 2325 1110 aliud,
2359 1047 2461 1100 uisi
2508 1047 2641 1100 cor?
2687 1044 3088 1115 Interpretatur
3124 1060 3303 1103 autem
3335 1061 3388 1102 et
3415 1046 3627 1102 .Ielione

2053 1150 2206 1209 pater
2231 1137 2345 1205 ejus
2370 1139 2637 1192 conversio
2679 1139 2816 1210 (55).
2858 1139 2956 1193 llic
2991 1156 3120 1210 ergo
3154 1141 3318 1196 Caleb
3366 1141 3508 1193 ﬁlius
3543 1149 3627 1191 est

2052 1230 2441 1286 conversionis.
2473 1230 2611 1297 Quid
2660 1231 2761 1285 nisi
2805 1231 2933 1300 quia
2966 1233 3032 1286 ad
3088 1232 3255 1287 Demn
3306 1247 3626 1293 conversus,

2055 1322 2212 1375 talem
2242 1336 2313 1374 ex
2336 1336 2393 1375 se
2430 1320 2664 1374 fructum
2700 1321 2987 1388 proferret,
3033 1333 3091 1375 ut
3121 1338 3214 1376 cor
3255 1320 3417 1374 lilium
3467 1335 3630 1388 gene-

2054 1413 2239 1467 raret?
2271 1412 2366 1468 Est
2400 1428 2532 1481 ergo
2566 1413 2743 1467 omnis
2772 1414 2862 1482 qui
2914 1414 3114 1467 divinis
3167 1415 3419 1467 sensibus
3449 1418 3625 1471 vacat,

2052 1516 2107 1559 et
2138 1507 2436 1575 prudenter
2461 1516 2657 1563 cuncta
2712 1522 2776 1562 ac
2826 1506 3223 1561 rationabiliter
3255 1506 3385 1575 agit,
3435 1504 3624 1559 Caleb.

2053 1598 2151 1652 llic
2173 1600 2345 1666 primo
2380 1601 2596 1668 quidem
2627 1600 2871 1654 eruditus
2894 1615 2923 1651 a
2953 1598 3121 1661 Mose,
3148 1595 3385 1652 secundo
3410 1611 3537 1650 vero
3560 1596 3629 1648 ab

2052 1689 2198 1752 Iesu,
2229 1691 2315 1745 cui
2365 1692 2681 1752 assistebat.
2724 1691 2973 1745 dicit“:
3018 1708 3036 1741 ι
3094 1688 3174 1743 Tu
3222 1689 3359 1743 nosti
3400 1688 3627 1741 verbum

2053 1786 2196 1849 quod
2225 1781 2435 1834 locutus
2473 1790 2556 1835 est
2582 1781 2847 1835 Dominus
2875 1783 2941 1835 ad
2986 1779 3170 1835 Mosen
3203 1778 3478 1834 hominem
3510 1777 3629 1833 Dei.

2053 1871 2131 1925 'I‘u
2164 1871 2329 1943 440
2362 1873 2470 1926 scis
2497 1874 2720 1927 verbum
2752 1873 2897 1942 quod
2923 1872 3137 1927 locutus
3168 1880 3251 1925 est
3285 1868 3573 1925 Dominus.
3605 1887 3630 1921 ι

2048 1959 2179 2027 Quis
2206 1964 2349 2017 enim
2374 1964 2512 2016 alius
2535 1978 2692 2018 nosse
2708 1973 2883 2035 potest
2904 1966 3127 2021 verbum
3148 1964 3287 2033 quod
3317 1962 3525 2017 loeutus
3544 1971 3634 2017 est

2052 2054 2310 2109 Dominus
2341 2055 2407 2108 ad
2444 2055 2650 2120 Mosen,
2686 2056 2792 2110 nisi
2822 2054 2982 2112 Iesus
3009 2055 3195 2111 solus?
3220 2054 3395 2110 Nemo.
3433 2054 3510 2110 sic
3538 2054 3626 2107 in-

2054 2142 2258 2198 tellexit
2286 2144 2454 2212 legem
2485 2145 2627 2201 sicut
2653 2145 2842 2200 docuit
2869 2138 3048 2201 Iesus.
3097 2142 3218 2214 Ipse
3244 2144 3388 2199 enim
3442 2144 3636 2198 omnia.

2052 2238 2255 2302 docuit,
2282 2248 2336 2293 et
2368 2238 2603 2305 aperuit,
2635 2238 2750 2306 ipse
2797 2238 3058 2291 revelavit
3100 2235 3285 2299 Paulo,
3323 2236 3451 2305 quia
3479 2253 3500 2287 ι
3542 2234 3624 2289 lex

2051 2329 2311 2397 spiritalis
2331 2342 2412 2385 est
2443 2332 2509 2383 δί’.
2551 2329 2703 2383 Sicut
2732 2330 2943 2383 locutus
2969 2338 3073 2391 est,
3124 2327 3303 2397 inquit
3326 2327 3395 2393 ³ο,
3432 2326 3499 2380 de
3543 2342 3629 2380 me

2053 2430 2106 2475 et
2139 2421 2204 2472 de
2238 2430 2311 2475 te.
2354 2439 2371 2471 ι
2411 2421 2482 2474 De
2514 2436 2620 2482 me,
2649 2418 2847 2488 inquit,
2877 2427 2931 2471 et
2963 2418 3026 2471 de
3055 2426 3108 2471 te
3153 2415 3367 2470 locutus
3397 2423 3482 2469 est
3512 2411 3626 2466 Mo-

2052 2526 2160 2565 ses.
2193 2513 2263 2565 De
2301 2521 2351 2565 te
2378 2512 2620 2581 quidem,
2660 2513 2763 2565 hoc
2784 2519 2869 2566 est
2898 2510 3045 2579 quod
3079 2506 3217 2561 dixit
3249 2505 3512 2559 Dominus
3536 2503 3580 2534 "
3604 2545 3621 2569 ,

2052 2605 2177 2671 quia
2227 2596 2315 2656 «Si
2343 2604 2641 2658 crederetis
2667 2602 2824 2669 Mosi,
2853 2601 3153 2657 crederetis
3178 2600 3361 2669 utique
3381 2608 3435 2653 et
3471 2597 3628 2661 mihi,

2053 2696 2118 2749 de
2148 2711 2232 2748 me
2253 2695 2395 2748 enim
2427 2693 2514 2747 ille
2558 2695 2802 2764 Scripsit.
2849 2714 2866 2745 ι
2908 2695 2981 2748 De
3012 2707 3098 2747 me
3124 2707 3253 2746 vero
3294 2690 3435 2760 quod
3470 2688 3630 2752 dixit,

2056 2786 2156 2839 hoc
2192 2786 2369 2840 estde
2401 2784 2586 2847 Caleb.
2611 2786 2702 2853 qui
2754 2800 2851 2840 cor
2893 2794 2999 2851 est,
3033 2792 3243 2838 certum
3285 2792 3370 2837 est
3408 2781 3531 2851 quia
3565 2780 3630 2834 de

2054 2881 2217 2934 eorde
2247 2879 2529 2947 scripserit
2567 2879 2759 2946 Moses,
2790 2880 2988 2949 quippe
3026 2877 3119 2947 qui
3155 2877 3334 2931 omnia
3390 2875 3629 2945 pruden-

2058 2982 2139 3026 ter
2162 2973 2548 3042 sapienterque
2572 2971 2980 3041 conscripserit.
3008 2967 3099 3023 Ait
3126 2984 3255 3038 ergo
3276 2969 3321 3001 ⁸⁸
3351 2983 3363 3020 :
3406 2986 3424 3019 ι
3464 2967 3632 3021 Ilodie

371 3058 517 3121 iilam
550 3059 719 3114 solam
761 3072 1061 3131 teneamus,
1087 3079 1206 3134 qna:
1235 3066 1301 3120 ab
1327 3063 1456 3120 Iesu
1497 3076 1687 3121 nostro
1726 3066 1951 3121 Domino
1978 3085 2021 3142 ς,
2059 3065 2213 3119 valeo
2252 3065 2394 3118 sicut
2430 3063 2675 3118 valebam
2712 3072 2863 3121 tunc.
2908 3082 2926 3115 ι
2968 3061 3202 3117 Sanctus
3247 3060 3446 3130 quippe
3475 3059 3632 3114 simi-

372 3148 624 3202 traditur.
661 3150 825 3219 Igitur
858 3152 1003 3206 illam
1044 3163 1267 3219 terram,
1298 3170 1420 3224 qua:
1449 3165 1534 3211 est
1568 3166 1719 3211 trans
1761 3153 1952 3210 Iorda-

373 3253 519 3305 nem,
546 3239 757 3311 Moyses
790 3244 1068 3299 distribuit
1105 3264 1119 3299 :
1153 3246 1291 3299 hanc
1318 3258 1501 3301 autem
1532 3262 1653 3316 quae
1681 3256 1765 3301 est
1806 3258 1950 3301 terra

372 3344 557 3388 sancta
582 3343 636 3387 et
663 3346 806 3389 terra
836 3338 948 3407 (29)
980 3338 1145 3401 bona,
1176 3337 1459 3393 distribuit
1486 3338 1645 3394 Iesus
1668 3348 1717 3393 et
1744 3340 1953 3409 princi-

375 3438 469 3492 pes
508 3425 738 3479 tribumn
774 3429 961 3482 Israel.
1014 3429 1177 3484 Vides
1205 3446 1335 3500 ergo
1366 3432 1516 3500 quia,
1561 3446 1686 3485 cum
1726 3432 1955 3497 coeperit

378 3530 505 3569 vera
542 3517 633 3570 illa
664 3518 951 3573 brereditas
978 3530 1138 3575 terra:
1168 3530 1368 3575 sancta:
1400 3538 1428 3574 a
1465 3521 1748 3575 Salvatore
1776 3520 1956 3574 distrio

377 3608 495 3671 bui,
531 3622 879 3666 assumentur
913 3612 1024 3683 (50)
1059 3613 1223 3667 etiam
1271 3614 1543 3682 principes
1577 3614 1814 3666 tribuum
1844 3613 1955 3667 veri

376 3712 430 3754 et
456 3703 715 3770 spiritalis
737 3704 931 3759 Israel.
963 3705 1112 3773 Quos
1146 3716 1324 3759 autem
1370 3716 1624 3774 putamus
1654 3720 1776 3759 esse
1808 3705 1957 3773 prin—

373 3798 521 3864 cipes
561 3796 799 3853 tribuum
854 3810 1185 3864 nostrarum,
1220 3801 1301 3854 vel
1347 3798 1603 3854 Ecclesiae
1653 3798 1953 3867 principes,

376 3886 477 3940 nisi
530 3898 747 3941 sanctos
778 3888 1073 3957 apostolos,
1119 3890 1184 3943 ad
1236 3906 1374 3959 quos
1410 3889 1541 3944 dicit
1594 3887 1845 3943 Salvator
1888 3889 1954 3954 “,

375 3979 504 4049 quia
542 3996 559 4029 ι
594 3979 853 4034 sedebitis
876 3988 931 4034 et
957 3995 1053 4035 vos
1081 3994 1244 4049 super
1268 3980 1552 4034 duodecim
1598 3979 1841 4045 thronos,
1870 3980 1958 4048 ju-

376 4069 623 4128 dicantes
661 4072 941 4127 duodecim
994 4072 1168 4127 tribus
1214 4072 1424 4127 Israel?
1456 4091 1476 4125 ι
1513 4072 1829 4127 Assumitur
1878 4082 1956 4129 ta-

378 4175 501 4216 men
530 4163 595 4215 ad
630 4163 950 4217 divisionem
979 4162 1142 4218 etiam
1172 4164 1451 4227 sacerdos,
1478 4163 1569 4232 qui
1615 4174 1696 4218 est
1722 4179 1958 4221 arcanus

378 4262 433 4306 et
470 4253 732 4322 mysticus
752 4268 934 4308 sermo
965 4254 1079 4309 Dei.
1118 4255 1211 4309 Sic
1249 4256 1393 4310 enim
1425 4255 1577 4319 dicit,
1603 4255 1731 4325 quia
1761 4272 1958 4313 conve-

383 4347 567 4400 nerint
592 4346 750 4402 Iesus
779 4357 835 4404 et
866 4348 1095 4404 Eleazar
1146 4349 1310 4405 simul
1355 4350 1421 4405 ad
1457 4349 1802 4405 dividendam
1849 4360 1958 4405 ter-

379 4452 495 4491 ram
522 4437 661 4506 (3i).

451 4529 499 4581 ἓν
535 4529 599 4583 Ει
621 4531 902 4587 videamus
936 4533 1058 4604 quis
1088 4542 1190 4599 est,
1223 4534 1314 4604 qui
1362 4534 1570 4604 primus
1603 4533 1809 4602 accepit
1843 4533 1954 4590 hrc-

381 4625 667 4679 reditatem
698 4626 764 4679 ab
786 4624 933 4680 Iesu.
966 4644 983 4677 ι
1008 4626 1197 4691 Caleb.
1227 4628 1403 4696 inquit
1426 4627 1492 4692 ⁸⁷,
1525 4627 1665 4679 lilius
1689 4625 1946 4684 Ielfone.»

384 4714 485 4770 llic
525 4716 668 4770 enim
703 4716 911 4785 primus
951 4718 1107 4786 petit,
1157 4726 1212 4772 et
1262 4719 1393 4787 petit
1430 4718 1597 4774 certis
1630 4719 1950 4786 quibusdam

381 4809 686 4864 rationibus
714 4820 767 4865 et
791 4812 987 4875 verbis,
1027 4828 1146 4882 qua:
1178 4812 1447 4881 descripta
1473 4821 1618 4875 sunt,
1649 4826 1766 4878 qua:
1792 4810 1952 4864 verba

454 4922 499 4954 “
522 4921 708 4977 Matth.
743 4940 836 4988 xv,
855 4924 941 4978 Η.
1018 4926 1063 4957 ³⁸
1089 4925 1278 4978 Matth.
1308 4942 1382 4986 vr,
1408 4925 1500 4979 25.

381 5007 493 5058 Xiv,
519 4996 570 5047 6.
647 4992 860 5051 “Ioan.
898 5012 950 5062 v,
984 4996 1072 5051 46.
1150 4998 1195 5027 δ’
1221 4995 1337 5051 Ios.
1376 5012 1489 5059 XIV,
1526 4996 1608 5049 ll.

451 5092 567 5162 (25)
598 5091 755 5149 Libb.
793 5094 946 5158 editi,
980 5112 997 5144 ι
1047 5093 1357 5155 avaritiam,
1395 5090 1488 5144 sed
1527 5090 1681 5156 quasi
1730 5088 1951 5143 benedi-

380 5163 642 5225 ctionem,
680 5182 696 5212 ι
724 5164 820 5216 Ms.
852 5164 1209 5228 Sangerman.
1247 5173 1302 5214 ut
1330 5162 1379 5214 in
1428 5170 1611 5213 nostro
1636 5168 1806 5214 textu,

474 5231 565 5293 ‘26)
593 5232 770 5301 Codex
803 5232 1090 5301 Sangcrm.
1128 5252 1144 5283 ι
1184 5234 1275 5285 sed
1316 5231 1495 5299 potius
1530 5245 1747 5301 oretnus
1773 5228 1883 5301 Dei.
1930 5245 1948 5277 ι

474 5249 565 5293 20)
593 5249 770 5286 bouex
803 5249 1090 5301 Sangcrm.
1128 5252 1144 5283 ι
1184 5249 1275 5285 seu
1316 5249 1495 5299 ponus
1530 5249 1747 5281 oremus
1775 5249 1883 5281 uel.
1930 5249 1948 5277 ι

453 5249 566 5371 (27)
592 5300 743 5356 Unus
769 5303 1117 5356 Ebroieensis
1141 5309 1261 5371 post
1304 5319 1322 5349 ι
1368 5299 1650 5366 imperium
1692 5317 1708 5347 ρ
1741 5298 1895 5351 addit
1936 5312 1950 5349 :

389 5390 410 5423 ι
439 5388 563 5423 cum
595 5371 801 5439 Spiritu
844 5381 1055 5426 sancto.
1095 5392 1113 5423 ι

454 5442 565 5511 (‘28)
600 5437 801 5495 Etiam.
829 5441 992 5495 Abest
1033 5459 1060 5493 ιι
1089 5442 1218 5496 libb.
1248 5440 1428 5503 editis,
1461 5441 1555 5493 sed
1599 5439 1865 5506 reperitur
1902 5437 1952 5490 in

384 5514 876 5595 m8;§.='e%m'--
1039 5584 1049 5595 .
1637 5579 1650 5595 .
1904 5578 1914 5587 .

454 5583 569 5651 (29)
600 5579 785 5635 Terra.
843 5585 1001 5637 Deest
1039 5584 1093 5637 in
1142 5580 1272 5637 libb.
1322 5580 1505 5645 editis,
1559 5579 1650 5632 sed
1697 5587 1871 5632 exstat
1904 5579 1955 5631 in

384 5652 571 5728 eodem
600 5668 719 5728 ινδ.
752 5652 1036 5721 Sangcrm.
1432 5720 1452 5728 _
1481 5721 1510 5728 __
1537 5721 1548 5728 _
1669 5720 1697 5728 η
1735 5720 1743 5728 _

456 5721 566 5792 (30)
600 5723 742 5779 Idem
781 5720 883 5779 ms.
920 5743 936 5777 ι
979 5733 1343 5779 assumentur.
1382 5741 1397 5773 ι
1432 5720 1587 5776 Libb.
1617 5720 1743 5774 editi
1782 5742 1789 5769 :
1825 5737 1840 5769 ι
1872 5734 1959 5772 as-

1576 4925 1621 4956 “
1654 4924 1843 4977 Matth.
1867 4938 1980 4985 xix,
2000 4922 2090 4976 ‘28.

1686 4994 1731 5025 ⁸³
1770 4995 1897 5046 ibid.
1916 5032 1931 5056 ,
1962 4994 2047 5047 l2.

2058 3157 2184 3210 liter
2210 3156 2355 3210 valet
2384 3165 2437 3209 et
2466 3156 2519 3209 in
2570 3154 2931 3226 praesentibus
2955 3163 3012 3208 et
3050 3154 3104 3208 in
3147 3152 3463 3223 praeteritis,
3493 3161 3548 3204 et
3577 3149 3630 3203 in

2058 3248 2211 3302 novis
2244 3256 2298 3301 et
2332 3247 2385 3301 in
2422 3248 2717 3311 veteribus,
2747 3256 2804 3301 et
2853 3246 2906 3300 in
2954 3243 3263 3312 Evsngeliis
3287 3251 3340 3296 et
3390 3243 3443 3295 iu
3494 3240 3631 3310 lege.

2056 3341 2171 3395 IIoc
2199 3352 2281 3395 est
2308 3353 2437 3408 ergo
2472 3340 2612 3408 quod
2644 3339 2796 3405 dicit,
2834 3338 3018 3392 valere
3071 3352 3131 3392 se
3180 3335 3340 3389 hodie
3371 3335 3469 3388 sub
3502 3332 3629 3387 Iesu

2056 3432 2197 3486 sicut
2228 3441 2354 3484 tunc
2385 3431 2484 3483 sub
2518 3428 2686 3494 Mose,
2715 3428 2841 3496 quia
2890 3427 2942 3481 in
2990 3428 3272 3496 utriusque
3325 3423 3630 3477 testamenti

2059 3522 2336 3595 mysteriis
2371 3538 2466 3575 cor
2495 3521 2719 3590 vigilans
2749 3520 2909 3575 Valet.

2127 3619 2182 3671 '5.
2217 3617 2324 3670 Sed
2383 3615 2660 3667 videamus
2697 3614 2859 3667 etiam
2918 3612 3231 3680 petitionem
3285 3609 3404 3676 eius
3463 3623 3628 3678 quam

2058 3710 2291 3779 primam
2327 3711 2572 3779 poposcit
2606 3707 2819 3764 abIesu
2840 3707 3005 3763 Caleb
3028 3706 3166 3763 lilius
3194 3705 3421 3761 Icli'one.
3455 3724 3473 3755 ι
3502 3706 3645 3757 Peto.

2058 3818 2090 3857 a
2124 3814 2174 3856 te
2206 3813 2444 3855 montem
2481 3802 2646 3863 hunc,
2681 3802 2855 3869 inquit
2888 3800 2958 3862 ⁸³,
2996 3799 3141 3853 sicut
3186 3798 3323 3851 dixit.
3376 3796 3635 3852 Deminus

2061 3894 2113 3947 in
2151 3893 2238 3947 die
2268 3893 2379 3945 illa.
2421 3910 2439 3943 ι
2475 3890 2618 3945 Nihil
2644 3891 2867 3956 humile,
2894 3890 2974 3943 vel
3006 3888 3273 3956 deiectum
3306 3898 3526 3941 sanctus
3551 3901 3636 3938 re-

2057 3981 2246 4051 quirit,
2283 3981 2419 4035 nihil
2464 3983 2605 4052 quod
2660 3982 2712 4035 in
2748 3980 3015 4035 demersis
3050 3978 3387 4035 convallibus
3433 3977 3634 4044 jaceat,

2058 4075 2150 4128 sed
2190 4081 2426 4127 montem
2462 4075 2654 4142 qnzerit
2688 4074 2985 4139 excelsum,
3020 4073 3112 4127 sed
3162 4084 3401 4127 montem
3434 4071 3486 4124 in
3529 4085 3637 4138 quo

2057 4166 2306 4221 civitates
2356 4182 2563 4235 magna:
2614 4176 2669 4220 et
2722 4166 2942 4220 munita:
2998 4174 3149 4220 sunt.
3220 4165 3493 4233 Scriptum
3548 4170 3634 4216 est

2057 4258 2205 4313 enim
2237 4258 2305 4324 ⁵³,
2336 4258 2461 4327 Quia
2510 4276 2527 4307 ι
2567 4256 2636 4311 ibi
2663 4267 2789 4311 sunt
2822 4256 3019 4321 Illacbi,
3050 4256 3299 4311 civitates
3344 4266 3551 4322 magna:
3583 4259 3639 4304 et

2060 4350 2333 4406 munitam
2360 4350 2424 4403 Et
2454 4350 2570 4403 luce
2598 4349 2877 4418 poscebat,
2903 4348 3033 4417 quia
3054 4356 3283 4401 noverat
3308 4344 3636 4414 belligerari,

1991 4438 2035 4493 D
2066 4442 2211 4496 sicut
2239 4442 2502 4510 scriptum
2533 4450 2620 4495 est
2646 4441 2693 4473 ⁸⁵
2730 4456 2744 4493 :
2782 4459 2799 4491 ι
2833 4439 3096 4494 Civitates
3140 4439 3375 4492 munitas
3404 4452 3641 4503 occupa-

2065 4532 2143 4587 bit
2172 4533 2409 4603 sapiens,
2444 4543 2499 4587 et
2545 4532 2789 4588 destruet
2829 4531 3186 4585 munitionem
3232 4530 3282 4583 in
3315 4546 3418 4598 qua
3464 4528 3637 4581 conli-

2063 4625 2258 4679 debant
2300 4626 2468 4694 impii.
2508 4645 2525 4676 ι
2570 4625 2733 4679 Putas
2781 4641 2902 4680 cum
2948 4625 3063 4680 hzec
3101 4623 3305 4677 diceret
3361 4621 3638 4679 Salomon,

2062 4717 2167 4771 hoc
2191 4732 2288 4772 nos
2325 4717 2539 4771 volebat
2582 4718 2803 4781 docere,
2843 4719 2968 4786 quia
3006 4719 3224 4786 sapiens
3255 4721 3475 4783 caperet
3500 4709 3638 4763 civi-

2065 4819 2203 4863 tates
2229 4819 2282 4862 et
2312 4811 2645 4863 munitiones
2660 4810 2970 4864 destrueret
2997 4824 3063 4862 ex
3093 4807 3360 4877 lapidibus
3385 4811 3640 4857 constru-

2169 4921 2337 4975 "Jos.
2373 4938 2460 4976 stv
2483 4963 2496 4984 ,
2528 4921 2580 4974 6.
2658 4922 2702 4951 ⁸⁸
2736 4920 2866 4972 ibid.
2912 4920 2954 4951 ’⁵³
2987 4919 3143 4973 liom.
3173 4935 3271 4980 νιι,
3296 4916 3382 4970 υ.
3454 4915 3502 4948 ⁸⁰
3525 4913 3640 4970 Ios.

2124 4995 2171 5023 ³⁵³
2209 4994 2342 5046 ibid.
2418 4994 2462 5024 ⁸⁸
2489 4994 2650 5045 Prov.
2677 5006 2789 5047 xxi.
2812 4989 2905 5044 9.2.

2059 5097 2360 5139 sumuntur.
2400 5106 2419 5138 ι

2133 5158 2243 5225 (31)
2274 5157 2417 5211 Idem
2472 5173 2571 5209 ms.
2608 5173 2627 5205 ι
2675 5155 2882 5224 primus
2926 5153 3157 5223 accepit.
3196 5170 3216 5205 ι
3263 5150 3422 5206 Libb.
3457 5151 3585 5206 editi
3620 5165 3632 5198 τ

2066 5243 2085 5276 ι
2123 5228 2353 5293 primum
2385 5228 2547 5293 cepit.
2581 5245 2598 5276 ι

2136 5297 2248 5365 (52)
2283 5297 2430 5350 Unus
2452 5292 2633 5349 codex
2667 5294 3015 5348 Ebroicensis
3047 5308 3063 5347 :
3104 5312 3122 5345 ι
3154 5292 3368 5347 Primus
3395 5292 3667 5365 omnium,

2061 5361 2246 5419 Caleb.
2276 5368 2440 5420 (Salvi)
2477 5368 2867 5432 interpretatus
2896 5365 3093 5418 dicitur
3115 5365 3266 5434 quasi
3284 5379 3401 5417 cor.
3431 5380 3449 5412 ι
3471 5361 3641 5414 Porro

2064 5436 2230 5488 Caleb
2281 5438 2672 5504 interpretatur
2716 5453 2734 5483 ι
2768 5436 2921 5502 quasi
2967 5449 3099 5491 cor»
3152 5451 3180 5488 a
3213 5447 3245 5491 ,τι
3285 5453 3304 5487 ι
3334 5434 3483 5503 quasi
3523 5452 3539 5483 ι
3585 5441 3663 5493 et.

2078 5512 2157 5559 2'1
2184 5520 2199 5547 ι
2225 5515 2334 5554 cor.
2353 5520 2370 5549 ι

2139 5599 2251 5667 (53)
2292 5597 2687 5673 Interpretatur
2744 5608 2920 5673 autem
2978 5609 3023 5651 ει
3064 5598 3268 5673 Jelfoue
3327 5608 3473 5669 pater,
3528 5595 3665 5655 eius»

2070 5669 2357 5725 conversio.
2390 5671 2428 5723 Λ
2464 5678 2568 5736 mp
2612 5689 2629 5724 ι
2662 5671 2949 5725 conVertit.
2985 5689 3009 5727 ι.
