4104 6226
489 231 598 287 915
1986 202 2090 261 01ὶῖ

2198 200 2308 255 NlS
3739 181 3905 233 91⁸1

492 342 648 401 etas?
693 340 777 395 An
835 334 967 392 illud
1029 330 1211 403 potius
1268 327 1490 391 indicat,
1543 328 1688 397 quod
1738 325 1985 379 civitates
2024 330 2075 374 et
2106 324 2151 378 Α

496 434 637 489 muri
672 438 801 488 sunt
832 426 1122 497 impiorum
1153 420 1424 490 dogmata,
1467 425 1523 471 et
1554 414 1852 486 syllogismi
1900 412 2074 483 philo-

495 525 817 595 sophorum,
846 519 1043 589 quibus
1076 521 1327 569 astruunt
1356 511 1519 580 impia
1553 522 1783 578 quaeque
1803 514 1858 560 et
1884 503 2079 560 divina:

496 621 599 691 legi
630 614 930 679 contraria,
958 624 1080 680 qua:
1105 607 1245 677 apud
1295 618 1536 675 paganos
1558 602 1644 655 vel
1692 601 1955 655 barbaros
1984 597 2080 652 ob-

498 707 825 770 servantur?
853 702 960 760 Sed
987 710 1043 757 et
1076 700 1166 754 illa
1214 699 1268 754 in
1297 696 1383 752 his
1419 694 1727 765 deputanda
1764 700 1892 747 sunt
1921 700 1975 744 et
2002 692 2082 744 ei-

499 804 697 857 vitates
728 796 951 851 munita:
992 806 1135 856 esse,
1169 798 1333 860 atque
1367 788 1420 842 in
1468 784 1745 841 montibus
1777 780 2081 845 collocatae,

498 907 620 963 quae
651 887 892 945 lueretici
921 885 974 938 in
1009 882 1419 951 Scripturarnm
1456 874 1877 938 assertionibus,
1913 871 2079 925 veluti

501 985 555 1040 in
580 983 704 1038 altis
732 978 1034 1038 montibus,
1066 972 1359 1029 collocant.
1390 970 1523 1025 Istas
1561 984 1691 1039 ergo
1716 966 1967 1021 civitates
1995 978 2083 1018 sa-

502 1074 657 1144 piens
681 1071 912 1140 quisque
939 1067 1161 1120 verbum
1193 1060 1493 1133 praedicans
1515 1057 1807 1123 destruxit,
1838 1066 1894 1112 et
1920 1052 2086 1110 urbes

502 1162 773 1220 mendacii
815 1156 1070 1213 veritatis
1097 1155 1268 1209 ariete
1300 1150 1589 1216 subvertit,
1630 1149 1774 1206 sicut
1808 1148 2086 1218 apostolus

503 1256 706 1311 Paulus
754 1250 970 1306 dicebat
1007 1248 1097 1299 "z
1141 1264 1161 1298 ς
1202 1244 1579 1314 Cogitationes
1634 1241 2005 1303 destruentes,
2032 1247 2089 1293 et

503 1359 723 1401 onmem
752 1339 1091 1396 altitudinem
1123 1351 1245 1406 quas
1274 1351 1333 1391 se
1358 1334 1569 1389 extollit
1599 1334 1861 1388 adversus
1903 1330 2085 1385 scien-

510 1439 641 1493 tiam
675 1430 921 1490 DeiJlta
965 1443 1095 1500 ergo
1125 1428 1290 1484 etiam
1333 1441 1478 1482 nunc
1506 1426 1596 1481 hic
1649 1422 2088 1494 sapientissimus

502 1529 673 1584 Caleb
705 1524 915 1582 assistit
955 1531 1083 1577 ante
1124 1518 1335 1585 Jesum,
1369 1528 1425 1574 et
1472 1517 1745 1588 promittit
1794 1516 1975 1571 valere
2028 1529 2088 1569 se

505 1620 572 1673 ad
600 1617 825 1681 bellum,
860 1623 914 1669 et
940 1620 1255 1683 promptum
1304 1624 1429 1665 esse
1459 1610 1526 1663 ad
1559 1607 1836 1678 praelium;
1872 1616 1927 1661 et
1969 1607 2089 1661 ideo

504 1705 1020 1780 deposcitpermitti
1065 1703 1168 1759 sibi
1202 1701 1352 1757 velut
1389 1699 1696 1770 disputandi
1749 1696 2084 1761 facultatem,

505 1812 565 1858 ut
588 1800 973 1875 cougrediatur
999 1812 1122 1852 eum
1156 1792 1469 1849 dialecticis
1504 1789 1711 1856 saeculi,
1743 1804 1864 1845 eum
1898 1792 1964 1846 iis
1995 1788 2085 1858 qui

507 1911 608 1965 pro
634 1896 781 1949 veris
815 1893 949 1947 falsa
989 1888 1338 1952 confirmant,
1368 1895 1426 1941 ut
1454 1900 1549 1942 eos
1571 1885 1814 1940 confutet
1835 1890 1891 1938 et
1925 1896 2087 1952 supc-

506 1996 611 2053 ret,
645 1995 699 2041 et
743 1985 1025 2041 subvertat
1082 1982 1435 2057 omnia,un
1498 1978 1571 2033 illi
1612 1976 1766 2031 falsis
1824 1974 2088 2031 assertio-

506 2078 667 2133 nibus
696 2084 1143 2131 eonstruxerunt.
1166 2072 1293 2129 Ideo
1323 2071 1556 2139 denique
1594 2069 1788 2124 videns
1833 2065 2088 2122 alacrita-

506 2182 617 2226 tem
670 2169 809 2238 ejus,
844 2187 863 2220 ι
924 2168 1220 2231 benedicit,
1276 2164 1452 2235 inquit
1498 2165 1569 2230 ⁸⁷,
1602 2177 1751 2228 eum,
1810 2180 1829 2214 ι
1881 2160 2090 2215 scilicet

507 2262 653 2332 quod
684 2261 808 2315 talia
834 2261 1113 2327 deposcat,
1146 2267 1202 2312 et
1235 2257 1450 2312 audeat.
1480 2255 1587 2311 Sed
1610 2263 1664 2308 et
1693 2262 1747 2307 tu
1774 2253 1820 2308 si
1848 2252 1931 2306 vis
1962 2251 2091 2305 dare

2742 305 3021 365 IIOMILIA
3066 301 3206 358 XIX.

2434 404 2508 459 De
2529 401 2725 472 finibus
2765 396 3094 454 hereditatis
3134 392 3297 447 tribus
3326 390 3506 445 ludit.

2256 500 2305 554 1.
2335 495 2617 554 Distribuit
2644 492 2824 547 Moses
2850 488 3245 551 hereditatem,
3278 482 3579 538 distribuit
3623 482 3897 535 Intre-

2180 594 2403 648 ditatem
2430 599 2487 642 et
2513 586 2691 643 Jesus.
2721 582 2828 647 Sed
2864 595 2970 635 non
2997 588 3080 633 est
3112 576 3373 644 scriptum
3413 575 3467 629 in
3502 572 3896 627 distribu-

2185 684 2327 737 tione
2356 676 2687 734 hzercditatis
2713 670 3046 743 Moysi,quia
3072 667 3305 725 cessavit
3341 676 3487 720 terra
3513 682 3542 717 a
3586 664 3829 718 bellis
3862 682 3883 717 :

2184 776 2238 829 in
2268 771 2653 828 distributione
2676 782 2807 823 vero
2833 764 2960 820 Jesu
2990 764 3104 833 ipsa
3127 762 3277 816 verbi
3309 759 3567 828 prmfatio
3597 758 3721 811 sic
3761 759 3881 811 iu—

2184 867 2363 937 eipit:
2403 882 2422 916 t
2465 863 2531 919 Et
2553 862 2813 925 cessavit,
2856 859 3033 929 inquit
3052 857 3121 921 ⁸⁸,
3152 864 3297 909 terra
3342 868 3373 905 a
3427 851 3639 906 bellis.
3720 869 3748 899 ι
3785 848 3871 903 Si

2185 973 2318 1029 ergo
2340 967 2394 1011 tu
2425 957 2619 1026 dignus
2654 955 2737 1009 vis
2764 951 2903 1008 ellici
2926 950 3018 1021 qui
3058 948 3432 1003 haereditatem
3461 957 3867 1012 consequa-

2187 1052 2264 1107 ris
2286 1050 2353 1104 ab
2379 1048 2530 1113 .lesu,
2560 1057 2617 1102 et
2642 1057 2859 1101 sumere
2892 1043 2963 1098 ab
2992 1056 3058 1097 eo
3092 1040 3418 1111 portionem,
3447 1044 3725 1105 oportet
3786 1043 3859 1089 te

2186 1142 2341 1213 prius
2364 1139 2545 1195 omnia
2571 1137 2713 1194 bella
2743 1136 2925 1199 finire,
2950 1143 3005 1190 et
3052 1134 3107 1188 in
3150 1145 3285 1201 pace
3333 1128 3720 1188 consistere,
3780 1133 3852 1177 ut

2188 1232 2353 1286 etiam
2398 1230 2467 1284 de
2500 1240 2604 1284 tua:
2641 1228 2830 1283 carnis
2886 1236 3035 1283 terra
3086 1223 3320 1287 dicatur,
3348 1218 3479 1288 quia
3545 1213 3847 1270 cessavit

2191 1332 2336 1377 terra
2362 1336 2391 1374 a
2418 1319 2603 1376 bellis.

2261 1413 2317 1467 2.
2346 1410 2500 1465 Tunc
2530 1410 2729 1466 deinde
2755 1423 2880 1464 cum
2909 1401 3255 1462 consuetudo
3286 1400 3357 1455 sit
3393 1404 3624 1453 sancta:
3658 1392 3839 1447 Seri-

2192 1515 2367 1573 ptura:
2417 1511 2648 1570 quatuor
2690 1509 2875 1570 partes
2915 1496 3066 1551 orbis
3117 1503 3294 1555 terrae,
3344 1503 3483 1559 quas
3520 1485 3616 1539 vel
3680 1499 3833 1537 axes

2192 1598 2277 1651 vel
2306 1596 2490 1666 plagas
2523 1592 2809 1649 nominant
2840 1589 2979 1660 (36),
3004 1586 3301 1657 appellare,
3331 1583 3384 1635 in
3414 1577 3829 1645 descriptione

2125 1668 2163 1721 Β
2197 1688 2383 1741 finium
2415 1687 2590 1740 tribus
2612 1682 2785 1746 Judze,
2817 1682 2938 1735 dua:
2971 1675 3353 1733 tantummodo
3395 1670 3807 1729 nominantur,

2192 1782 2315 1836 duae
2374 1779 2695 1834 reticentur.
2749 1774 3027 1845 Scriptum
3073 1772 3219 1828 enim
3270 1770 3350 1824 sic
3392 1774 3475 1823 est
3543 1766 3601 1797 ⁸⁸
3637 1781 3699 1815 τι
3730 1762 3792 1815 Β

2197 1871 2323 1926 facti
2384 1878 2513 1925 sunt
2583 1866 2722 1921 fines
2770 1866 2950 1920 tribus
2998 1863 3230 1916 filiorum
3277 1858 3415 1913 Juda
3478 1853 3795 1909 secundus

2191 1965 2376 2034 plebes
2413 1976 2624 2025 eorum,
2672 1974 2700 2013 a
2763 1956 2964 2011 finibus
3009 1954 3277 2014 Idumam,
3336 1966 3363 2004 a
3400 1948 3642 2003 deserto
3685 1946 3808 2005 Sin,

2193 2061 2259 2114 ad
2290 2051 2767 2112 occidentemJEt
2804 2065 2929 2105 emn
2985 2046 3364 2116 descripsisset
3414 2043 3554 2096 lines
3592 2041 3666 2093 ab
3714 2056 3814 2092 os:-

2193 2151 2426 2213 cidente,
2483 2156 2613 2202 tunc
2659 2145 2854 2200 deinde
2910 2141 3047 2196 dicit
3091 2140 3137 2172 ⁸ο
3196 2153 3208 2189 :
3265 2157 3283 2188 ι
3336 2136 3399 2190 Et
3451 2135 3519 2188 ab
3573 2134 3813 2186 oriente

2190 2239 2350 2313 44],
2406 2254 2605 2304 omne,
2660 2235 2868 2309 inquit,
2893 2246 3042 2287 mare
3069 2229 3274 2285 salsum
3303 2243 3317 2280 :
3358 2232 3445 2279 tet
3480 2223 3624 2277 alias
3660 2222 3809 2273 duas

2191 2343 2374 2404 partes
2404 2329 2642 2395 reticuit,
2682 2327 2733 2383 id
2766 2332 2849 2381 est
2896 2319 3303 2392 septentrionis,
3334 2317 3418 2371 vel
3462 2314 3801 2369 meridiani.

2194 2403 2329 2479 Vide
2365 2436 2497 2492 ergo
2529 2420 2573 2475 si
2612 2434 2717 2473 non
2764 2415 2973 2487 repleta.
2993 2424 3123 2467 sunt
3158 2412 3263 2465 ista
3297 2407 3581 2479 mysteriis.
3618 2403 3801 2459 Licet

2193 2531 2293 2572 nos
2332 2513 2544 2581 singula
2590 2510 2673 2564 vel
2708 2508 2912 2563 sentire
2936 2546 2953 2571 ,
2984 2504 3065 2559 vel
3097 2501 3379 2572 explicare
3412 2511 3742 2567 nequeams
3768 2536 3789 2562 ,

2196 2616 2375 2660 tamen
2409 2611 2569 2673 prout
2605 2599 2867 2654 Dominus
2897 2595 3140 2665 pratbcre
3172 2592 3444 2660 dignatur,
3474 2596 3524 2640 et
3553 2600 3660 2638 nos
3688 2598 3795 2637 ea-

2192 2712 2318 2768 pere
2350 2693 2589 2749 valemus
2620 2690 2731 2762 (57)
2753 2733 2768 2757 ,
2801 2688 3072 2743 discutere
3104 2681 3311 2752 singula
3338 2693 3563 2749 quaeque
3606 2686 3794 2731 tenta.

503 2803 736 2875 iunctio,
756 2801 837 2855 vel
863 2768 1173 2868 coniugium
1191 2794 1469 2869 (54).›Ρθι’
1483 2794 1625 2864 quod
1658 2801 1833 2862 potest
1860 2790 2091 2846 fortasse
2192 2788 2392 2844 bimus.
2416 2805 2434 2839 ι
2462 2784 2611 2839 Facti
2629 2791 2778 2849 sunt,
2807 2778 3007 2848 inquit,
3038 2772 3325 2829 finesJuda
3351 2768 3789 2837 secundumple-

511 2865 639 2951 illud
667 2865 901 2957 ostendi,
931 2865 1073 2961 quod
1127 2865 1388 2957 spelunca
1430 2882 1624 2952 duplex
1674 2890 1988 2950 comparata
2021 2879 2090 2934 ab
2192 2881 2288 2938 bes
2321 2894 2509 2937 eorum
2542 2894 2571 2932 a
2610 2876 2807 2930 finibus
2841 2870 3083 2926 ldumtexe
3113 2884 3141 2922 a
3177 2867 3395 2923 deserto
3417 2865 3513 2919 Sin
3542 2866 3609 2918 ad
3635 2865 3789 2917 ocei-t

510 2986 785 3043 Abraham
821 2956 1133 3053 patriarcha
1160 2956 1225 3033 in
1261 2994 1324 3035 ea
1353 2987 1459 3041 est,
1496 2977 1547 3031 in
1588 2991 1693 3046 qua
1719 2974 1965 3042 coniugia
1992 2988 2087 3042 pa-
2118 3003 2161 3061 ο
2194 2973 2434 3028 dentem.
2456 2990 2475 3023 ι
2497 2970 2667 3040 Igitur
2689 2962 3035 3021 finesJudzete
3051 2960 3281 3031 proximi
3306 2956 3788 3012 suntfinibusldu-

510 3091 655 3134 trum
700 3086 754 3129 et
798 3074 1041 3143 reliquiae
1095 3086 1283 3127 eorum
1326 3071 1537 3140 jacent,
1589 3068 1640 3122 id
1680 3077 1761 3121 cst
1816 3066 2090 3120 Abraham
2123 3050 2161 3061 ν
2200 3081 2366 3120 micae.
2401 3063 2633 3117 ldumma
2662 3073 2815 3125 vero,
2851 3058 2993 3113 sicut
3016 3070 3156 3125 saepe
3183 3056 3294 3125 jam
3327 3051 3583 3112 diximus,
3618 3050 3781 3103 inter-

511 3184 634 3222 eum
666 3167 823 3231 Sara,
856 3165 1006 3219 Isaac
1033 3179 1154 3219 cum
1183 3162 1455 3225 Rebecca,
1489 3159 1657 3216 Jacob
1692 3177 1815 3215 cum
1841 3159 1955 3214 Lia.
1986 3156 2096 3211 Με-
2198 3167 2445 3228 pretatur
2492 3164 2699 3207 terrena
2754 3148 2891 3220 (38).
2938 3148 3064 3203 Post
3109 3157 3384 3201 terrenam
3420 3159 3551 3211 ergo
3598 3142 3779 3194 statim

506 2368 726 2425 operam
768 2352 984 2416 studiis,
1026 2361 1080 2404 et
1112 2351 1285 2419 legem
1310 2347 1406 2403 Dei
1432 2345 1728 2417 prudenter
1752 2342 2001 2399 meditari
2036 2350 2091 2396 et

505 2444 643 2499 efllci
675 2457 770 2497 eor
810 2441 862 2495 in
900 2440 1018 2510 lege
1067 2439 1183 2503 Dei,
1216 2445 1372 2506 potes
1404 2436 1539 2490 istas
1571 2446 1794 2501 magnas
1827 2437 1881 2485 et
1914 2429 2090 2483 muni-

509 2546 593 2588 tas
620 2533 804 2597 urbes,
831 2530 886 2585 id
922 2537 1009 2583 est
1059 2528 1400 2583 assertiones
1439 2527 1760 2580 subvertere
1808 2520 2087 2584 falsitatis,

510 2635 569 2679 ut
599 2632 656 2676 et
691 2632 745 2676 tu
781 2618 1044 2675 merearis
1072 2616 1324 2672 benedici
1373 2614 1441 2668 ab
1468 2613 1618 2679 Jesu,
1654 2623 1709 2667 et
1739 2611 1987 2681 accipere
2021 2610 2090 2664 ab

507 2730 575 2768 eo
616 2712 894 2769 Chebron.
937 2709 1336 2778 Interpretatur
1378 2715 1561 2759 autem
1590 2703 1841 2759 Chebron
1897 2722 1915 2754 ι
1960 2717 2091 2756 con-

514 3261 623 3313 ruit
652 3274 787 3329 ergo
829 3257 999 3313 Caleb
1044 3269 1259 3326 patrum
1308 3254 1567 3324 reliquias
1618 3254 1669 3308 in
1719 3253 2093 3308 hatreditatem

510 3352 814 3421 suscipere,
845 3351 963 3405 sine
996 3348 1162 3403 dubio
1195 3348 1322 3418 quia
1356 3363 1453 3416 per
1500 3347 1824 3416 sapientiam
1868 3361 1987 3415 qua}
2040 3345 2093 3400 in

510 3459 576 3497 eo
609 3450 748 3509 erat,
776 3457 882 3512 qua
918 3440 1137 3511 vigebat
1186 3448 1240 3493 et
1281 3439 1383 3495 sub
1413 3438 1562 3494 Mose
1595 3448 1648 3493 et
1680 3438 1780 3494 sub
1816 3437 1967 3502 Jesu,
2010 3438 2094 3490 in-

516 3534 800 3589 tellexerat
857 3530 1263 3601 coniunctionis
1309 3530 1479 3600 ipsius
1530 3530 1823 3593 rationem,
1876 3537 1930 3583 et
1974 3543 2096 3597 per-

511 3631 766 3693 spexerat
803 3621 930 3690 quid
958 3629 1102 3675 esset
1129 3634 1331 3685 causa},
1356 3619 1499 3688 quod
1524 3634 1648 3673 cum
1670 3618 1947 3673 Abraham
1983 3616 2094 3672 sola

514 3715 649 3769 Sara
684 3714 755 3769 ibi
779 3712 1016 3781 jaceret,
1049 3720 1105 3766 et
1138 3724 1316 3779 neque
1343 3709 1513 3780 Agar,
1557 3724 1734 3779 neque
1763 3708 1999 3763 Cethura
2044 3709 2095 3763 ei

511 3807 803 3862 meruisset
836 3804 1056 3876 adjungi
1098 3822 1109 3857 :
1138 3803 1225 3856 vel
1260 3801 1401 3872 quid,
1423 3810 1570 3857 esset
1597 3816 1777 3857 causa:
1802 3800 1943 3870 quod
1971 3815 2095 3855 cum

510 3896 682 3953 .lacob
706 3896 822 3952 sola
848 3894 944 3949 Lia
972 3896 1160 3963 jacere
1198 3894 1499 3957 videretur,
1550 3903 1605 3947 et
1646 3906 1820 3962 neque
1866 3890 2095 3959 Rachel,

511 4006 633 4058 qua:
659 3990 893 4059 amplius
922 3988 1103 4043 fuerat
1143 3988 1363 4050 dilecta,
1406 4000 1583 4054 neque
1623 3985 1804 4055 aliqua
1846 4000 1910 4039 ex
1961 4000 2096 4041 con-

517 4082 731 4137 cubinis
759 4085 810 4135 in
844 4080 1096 4149 sepulcro
1122 4080 1169 4135 ei
1199 4080 1377 4133 fuerat
1400 4077 1672 4146 cepulata.
1705 4078 1823 4147 Ipse
1866 4093 1997 4148 ergo
2041 4077 2094 4132 in

512 4170 793 4225 memoriis
822 4181 1033 4239 patrum
1062 4167 1444 4223 [nereditatem
1474 4167 1620 4236 capit
1644 4168 1883 4237 prudens
1922 4176 1978 4221 et
2011 4183 2099 4221 sa-

510 4263 664 4332 piens
692 4261 877 4318 Caleb.
912 4262 1016 4332 Ipsi
1042 4261 1201 4317 Jesus
1229 4258 1622 4315 Enacbitarum
1670 4261 1849 4332 gentis
1898 4270 2098 4316 metro-

2197 3258 2603 3315 consequuntur
2634 3245 2767 3298 fines
2791 3241 3014 3296 Iudaeae.
3046 3239 3152 3294 Sed
3178 3248 3230 3293 et
3254 3254 3283 3290 a
3317 3237 3553 3295 deserto.
3583 3232 3777 3300 inquit,

2199 3340 2319 3397 Sin.
2356 3340 2751 3409 Interpretatur
2779 3345 2956 3390 autem
2990 3335 3085 3390 Sin
3125 3332 3435 3387 tentationes
3473 3327 3608 3398 ('59).
3654 3325 3779 3380 Post

2200 3432 2532 3489 tentationes
2562 3444 2691 3497 ergo
2721 3438 3134 3498 consequuntur
3163 3426 3298 3479 fines
3324 3419 3658 3477 haereditatis
3686 3417 3777 3473 Ju-

2199 3526 2345 3581 dteaz.
2384 3525 2650 3580 Occidens
2683 3533 2738 3576 et
2770 3524 2953 3576 oriens
2990 3520 3330 3582 nominatur,
3367 3525 3424 3571 et
3462 3515 3631 3569 vicina
3663 3513 3773 3567 loca

2200 3633 2262 3673 ea
2304 3634 2428 3687 qua:
2473 3633 2637 3687 supra
2676 3616 2933 3680 diximus,
2970 3614 3079 3669 imo
3108 3610 3361 3667 confinia.
3398 3608 3505 3663 Sed
3543 3616 3595 3662 et
3624 3604 3769 3659 vallis

2200 3709 2421 3781 Egypti
2458 3710 2636 3764 vicina
2672 3706 3107 3764 occidentalibus
3150 3703 3397 3773 partibus
3430 3700 3764 3768 designatur,

2199 3820 2319 3881 qua:
2362 3817 2446 3859 est
2480 3819 2510 3857 a
2544 3804 2759 3859 deserto
2792 3801 2859 3855 ad
2891 3800 3231 3856 occidentem
3269 3814 3283 3851 :
3319 3796 3387 3850 ab
3417 3795 3618 3850 oriente
3644 3806 3764 3847 vero

2199 3898 2491 3966 cinguntur
2524 3898 2662 3951 fines
2693 3897 2828 3950 mari
2857 3895 3023 3949 salso.

2270 3987 2325 4043 5.
2364 3988 2489 4043 Post
2521 3989 2659 4055 hoc,
2692 4005 2711 4037 ‹
2745 4003 2774 4039 a
2803 3987 3057 4051 collibus,
3090 3984 3266 4055 inquit
3302 3984 3342 4015 ”
3376 4024 3392 4050 ,
3426 3983 3516 4053 qui
3557 3982 3758 4037 tendun-

2203 4093 2288 4137 tur
2318 4086 2385 4138 ad
2425 4084 2786 4147 occidentem,
2818 4090 2872 4134 et
2909 4080 3030 4134 inde
3065 4079 3381 4133 ascenditur
3409 4078 3475 4130 ab
3505 4076 3757 4130 occidente

2200 4190 2372 4245 usque
2402 4174 2579 4229 Cades
2617 4173 2791 4226 Darne
2816 4214 2831 4238 ,
2870 4191 2888 4224 ι
2931 4183 2985 4227 et
3028 4173 3109 4227 sic
3157 4169 3496 4240 pertenditur
3532 4169 3593 4221 ab
3624 4169 3753 4222 occi-

2201 4270 2363 4323 dente
2398 4268 2465 4320 ad
2493 4266 2829 4321 occidentem
2864 4265 3059 4321 Cadcs.
3086 4264 3151 4319 Et
3186 4264 3241 4319 hi
3279 4272 3404 4318 sunt
3433 4260 3565 4315 fines
3589 4274 3749 4314 eorum

511 4354 676 4422 polim
707 4354 896 4409 tribuit
925 4355 1202 4422 Chebron,
1236 4364 1293 4412 et
1318 4354 1552 4411 efIieitur
1583 4355 1632 4409 ei
1673 4368 1793 4409 sors
1836 4369 2008 4423 usque
2043 4354 2095 4407 in
2131 4346 2174 4401 D
2204 4360 2271 4415 ab
2292 4358 2500 4423 Ατιιῑρο,
2529 4369 2586 4413 ει
2614 4359 2738 4413 inde
2761 4358 3005 4428 perrexit
3033 4371 3204 4426 usque
3230 4356 3298 4410 ad
3320 4353 3511 4409 vallem
3537 4350 3749 4422 Αεεγριε,

512 4443 830 4498 hodiernum
852 4445 1016 4502 diem.
1050 4446 1267 4502 Utinam
1289 4456 1345 4501 et
1376 4446 1506 4501 mihi
1537 4447 1756 4503 daretur
1772 4462 1891 4502 sors
1916 4447 2096 4501 Abra-

514 4536 666 4601 ham,
695 4545 750 4589 et
795 4535 964 4603 Isaac,
998 4547 1054 4592 et
1078 4535 1273 4605 Iacob,
1319 4548 1372 4593 et
1411 4538 1723 4593 efficeretur
1760 4554 1911 4593 meus
1958 4538 2097 4593 Deus

514 4644 665 4684 meus
694 4628 805 4701 ('55)
835 4631 976 4687 sicut
1004 4632 1230 4687 effectus
1260 4640 1343 4686 est
1372 4631 1513 4687 Deus
1535 4631 1835 4698 Abraham,
1870 4644 1924 4686 et
1956 4633 2095 4687 Deus

512 4721 679 4785 Isaac,
699 4731 754 4777 et
783 4724 923 4779 Deus
947 4723 1135 4791 Jacob,
1163 4722 1216 4777 in
1244 4721 1463 4778 Christo
1487 4721 1613 4779 Jesu
1636 4721 1862 4778 Domino
1888 4734 2092 4791 nostro,

512 4814 703 4869 cuiest
736 4815 907 4887 gloria
954 4826 1021 4873 et
1055 4815 1343 4887 imperium
1405 4815 1461 4872 in
1513 4815 1707 4870 smcula
1753 4813 2093 4871 saeculorum.

508 4905 704 4961 Amen.

510 5063 628 5191 m”
653 5066 857 5191 I‘I‘Cor.
886 5085 938 5132 χ,
981 5070 1036 5136 4,
1059 5070 1112 5125 5.
1192 5073 1237 5104 ³⁷
1269 5070 1381 5128 Jos.
1428 5086 1540 5134 xiv,
1569 5068 1656 5124 l5.

585 5269 1120 5351 (ἵξιίῌηιει-ργειαιιιν
1167 5285 1342 5351 autent
1386 5275 1630 5333 Chebron
1662 5278 1964 5351 conjunctio
2019 5280 2098 5333 uel

511 5343 835 5427 coniiigiit‘m.‘
859 5343 1088 5427 Abn‘un
1129 5364 1147 5395 ι
1189 5346 1533 5427 ρουίυιιοιιιιξξ,
1575 5343 1814 5403 sociatus
1838 5358 1944 5404 est.
1970 5368 1987 5399 ι

582 5411 697 5480 (55)
725 5411 904 5493 Οιξιιειξ
933 5411 1320 5493 Βθῃβρηιιεηιὲ
1356 5434 1375 5466 ι
1420 5417 1733 5493 efﬁceretur
1775 5434 1927 5473 meus
1957 5419 2100 5474 Deus

516 5495 694 5533 meus.
735 5500 753 5532 ι
789 5481 942 5534 Libb.
972 5481 1098 5537 editi
1130 5502 1141 5536 :
1181 5502 1199 5535 t
1234 5484 1541 5540 efﬁceretur
1568 5487 1710 5542 Deus
1763 5503 1937 5544 meus.
1966 5508 1984 5540 ι

589 5548 1448 5631 (ξωΩοιιωεδιιιιευνιιιςιηρηδίε,
1484 5574 1501 5609 t
1541 5560 1845 5615 nominaut.
1886 5577 1903 5610 ι
1934 5557 2090 5615 Libb.

515 5622 647 5673 editi
675 5634 685 5667 :
711 5630 727 5663 ι
778 5622 1041 5679 nominat.
1062 5622 1089 5673 ’i

1754 5069 1800 5101 ⁸⁸
1824 5070 1935 5128 Jos.
1962 5089 2071 5139 xw,
2113 5076 2194 5136 l9.
2267 5077 2311 5109 ⁸³
2336 5076 2448 5132 Jos.
2486 5091 2576 5141 xv,
2628 5076 2680 5131 l.

2206 4449 2370 4506 Vides
2401 4450 2672 4520 quomodo
2701 4450 2753 4504 in
2782 4448 3084 4503 occidentis
3115 4447 3361 4517 partibus
3386 4455 3439 4500 et
3461 4443 3678 4498 Africum
3704 4450 3751 4495 et

2204 4541 2497 4613 Egyptum
2532 4540 2777 4595 nominat
2808 4549 2861 4594 et
2888 4537 3183 4594 occasum?
3212 4536 3344 4592 Sine
3367 4535 3550 4597 dubio,
3583 4534 3750 4587 utlnec

2203 4638 2384 4691 omnia
2411 4636 2548 4690 sciat
2566 4637 2666 4690 sibi
2696 4634 3071 4703 unusquisque
3092 4630 3368 4685 eradenda
3395 4645 3513 4684 esse
3537 4638 3585 4683 et
3603 4636 3750 4680 trans-

2204 4729 2404 4792 eunda,
2440 4736 2497 4781 ut
2530 4728 2601 4780 ita
2635 4728 2847 4781 denmm
2889 4726 3059 4794 possit
3103 4725 3169 4778 ad
3203 4723 3399 4777 tribum
3432 4721 3617 4789 regiam
3644 4733 3752 4786 per-

2206 4823 2432 4887 venire,
2480 4823 2545 4875 de
2593 4836 2699 4889 qua
2744 4820 2871 4874 dicit
2917 4816 3205 4887 Apostolus
3232 4817 3277 4848 ⁶¹
3315 4834 3330 4870 :
3379 4834 3396 4867 t
3439 4814 3640 4868 Certum
3672 4821 3744 4866 est

2208 4923 2387 4968 autem
2438 4912 2581 4987 quod
2609 4928 2671 4965 ex
2699 4911 2832 4967 Juda
2868 4922 3020 4965 ortus
3047 4918 3130 4965 est
3162 4907 3423 4964 Dominus
3453 4915 3632 4961 noster.
3660 4922 3674 4954 ι
3703 4903 3739 4955 Α

2757 5076 2801 5107 ⁸ο
2838 5075 2967 5130 ibid.
3020 5073 3075 5127 5.
3168 5073 3213 5105 “
3233 5072 3363 5129 ibid.
3389 5072 3445 5128 9.
3523 5071 3569 5107 ⁸⁸
3606 5069 3739 5125 Hebr.

2281 5280 2393 5349 (57)
2426 5279 2567 5349 Idem
2598 5297 2609 5332 :
2642 5279 2886 5334 valemus.
2917 5278 3073 5334 Libb.
3103 5277 3257 5343 editi,
3290 5277 3568 5331 valeamus.

2280 5343 2393 5416 (58)
2446 5348 2687 5404 Idumam
2742 5365 2954 5405 verm...
3009 5350 3387 5417 interpretatur
3436 5360 3635 5401 terrena.
3671 5343 3735 5398 Ab

2208 5431 2372 5480 nmis
2414 5430 2578 5473 terra.

2209 5569 2225 5612 ι
2278 5488 2821 5612 (ξυλιιηιρψνειαιιιτ
2868 5500 3040 5544 autent
3099 5489 3197 5547 Sin
3242 5488 3564 5545 tentatiotm.
3598 5487 3735 5546 Am)

2231 5577 2290 5612 en
2318 5577 2397 5612 am
2428 5602 2439 5612 .

2231 5571 2439 5617 entavtl.
