4104 6226
431 153 537 207 919
1922 137 1998 193 Oli

2102 135 2244 190 EIle
3665 121 3830 180 9'20

433 283 623 323 ventre
645 308 659 330 ,
691 267 780 336 qni
813 277 1019 321 tantum
1052 267 1230 336 capiat
1261 265 1516 321 utilitatis
1541 303 1556 328 ,
1603 261 1884 316 adhortari
1915 276 1998 314 vo-

2114 257 2323 325 γόμενα
2345 273 2358 285 ·
2387 255 2510 309 ἐπεὶ
2537 254 2592 308 δέ
2617 252 2872 306 δύσκολόν
2895 253 3042 304 ἐστιν
3063 253 3244 322 εὑρεῖν
3264 254 3351 305 τὸν
3379 251 3598 314 οὕτως
3614 247 3828 315 ὡφε-

433 361 612 414 lumus
653 359 969 422 audientes,
1006 374 1071 412 ne
1116 358 1352 412 animum
1405 357 1549 411 inter
1592 357 1878 424 legendum
1916 355 1998 406 tie-

2113 349 2390 420 λούμενον,
2426 347 2725 418 βουλόμεθα
2767 345 3269 416 παραμυθήσασθαι
3312 347 3442 407 τοὺς
3482 340 3828 397 ἀκούον-

433 449 754 518 spondeant.
803 446 1084 514 Quodnam
1137 447 1297 517 igitur
1341 446 1595 502 solatium
1629 446 1723 508 sit,
1775 459 1842 498 ne
1885 457 1998 496 sue-

2110 456 2208 502 τας
2243 439 2317 510 μὴ
2359 441 2615 492 ἐκκακεῖν
2675 437 2768 490 ἐπὶ
2817 439 2939 499 ταῖς
2991 436 3350 504 ἀναγνώσεσι.
3405 437 3508 502 Τίς
3567 430 3727 490 οὖν
3768 433 3818 504 ἡ

432 538 652 593 Outnbat
674 578 692 606 ,
725 537 818 607 qui
854 537 902 591 ei
942 537 1156 592 lectioni
1187 539 1436 602 interest,
1465 536 1770 592 dicendum.
1811 536 1998 602 Quem-

2110 531 2432 603 παραμυθία
2455 531 2595 601 ὑπὲρ
2629 528 2723 582 τοῦ
2769 529 2842 601 μὴ
2882 529 3138 582 ἐκκακεῖν
3168 529 3261 582 τὸν
3292 529 3600 583 ἀκούοντα
3649 526 3820 579 τῶν

435 627 722 681 admodum
775 626 937 695 igitttr
993 627 1236 681 carmina
1291 628 1396 682 vim
1451 625 1742 696 quamdam
1809 625 1998 678 habent

2108 623 2363 676 τοιούτων
2395 623 2863 692 ἀναγνωσμάτων,
2896 620 3149 674 λεκτέον·
3195 619 3382 693 ὥσπερ
3418 621 3663 674 τοίνυν
3727 617 3817 672 a1

434 715 672 782 insitam,
701 725 865 786 utque
889 717 1204 787 imprudens
1225 718 1426 786 aliquid
1455 732 1485 770 a
1515 715 1760 771 carmine
1787 714 1998 782 accipit,

2108 713 2316 784 ἐπῳδαὶ
2335 713 2560 784 δύναμίν
2587 731 2709 766 τινα
2753 712 2935 783 ἔχουσι
2980 713 3235 783 φυσικὴν,
3263 714 3359 765 καὶ
3399 713 3477 782 μὴ
3503 712 3719 765 ναῦν
3765 710 3810 764 ὁ

431 808 523 878 qui
553 807 877 874 incantatur,
897 823 959 863 ea
986 809 1241 864 nimirum
1267 819 1348 864 est
1379 818 1572 862 natura
1603 821 1860 862 sonorum
1887 821 1998 860 car«

2107 804 2542 875 κατεπᾳδόμενος
2568 802 2833 874 λαμὸάνει
2867 821 2918 856 τι
2951 805 3016 856 ἐκ
3043 804 3145 873 τῆς
3169 803 3400 874 ἐπῳδῆς,
3429 805 3609 857 κατά
3648 802 3802 873 τὴν

432 899 624 965 miuis,
657 899 770 954 sive
794 899 847 953 in
879 899 1135 952 damnum
1157 939 1171 963 ,
1198 899 1314 952 sive
1338 899 1404 952 ad
1439 899 1728 953 sanitatem
1757 896 1998 966 corporis

2107 895 2268 964 φύσιν
2288 894 2396 948 τῶν
2423 894 2672 964 φθόγγων
2697 894 2795 965 τῆς
2818 894 3050 964 ἐπῳδῆς,
3080 894 3189 947 εἴτε
3212 896 3293 958 εἰς
3325 894 3565 967 βλάϐην,
3619 896 3788 948 εἴτε

433 989 514 1043 vel
566 989 730 1044 animi
772 989 852 1043 sui
901 1007 915 1042 :
963 990 1042 1042 sic
1079 989 1237 1044 velim
1275 989 1556 1045 existimes
1585 989 1733 1045 omni
1761 989 1998 1044 carmine

2105 986 2186 1048 εἰς
2212 984 2352 1037 ἴασιν
2372 985 2622 1055 σώματος
2649 985 2682 1056 ἢ
2715 984 2892 1054 ψυχῆς
2913 984 3129 1049 ἑαυτοῦ,
3157 983 3298 1038 οὕτω
3324 1003 3417 1056 μοι
3456 987 3588 1039 νόει
3631 988 3781 1040 πά·-

431 1082 790 1149 potentiorent
832 1094 954 1134 esse
996 1079 1450 1148 signiﬁcationem
1489 1081 1766 1135 nominum
1808 1080 1998 1134 divinae

2107 1093 2205 1147 σης
2226 1077 2439 1148 ἐπῳδῆς
2467 1075 2842 1147 δυνατωτέραν
2878 1072 3017 1129 εἶναι
3055 1076 3156 1146 τὴν
3188 1077 3463 1147 σημασίαί
3492 1079 3632 1131 τῶν
3692 1081 3775 1130 ἐν

431 1174 751 1242 Scriptum.
801 1173 942 1225 Sunt
984 1173 1129 1226 enim
1173 1174 1417 1241 quaedam
1460 1173 1514 1228 in
1548 1173 1705 1228 nobis
1737 1172 1998 1239 virtutes,

2103 1170 2222 1231 ταῖς
2253 1167 2424 1230 θείαις
2445 1168 2688 1238 Γραφαῖς
2711 1166 3026 1236 ὀνομάτων·
3061 1169 3168 1222 εἰσὶ
3200 1170 3305 1240 γάρ
3347 1185 3500 1233 τινες
3535 1169 3770 1223 δυνά-

427 1279 658 1334 quarum
705 1281 824 1333 quae
869 1267 1122 1320 meliores
1163 1275 1330 1330 sunt,
1376 1281 1472 1335 per
1513 1266 1630 1322 bare
1677 1269 1837 1322 veluti
1878 1285 1998 1323 car-

2109 1278 2230 1330 μεις
2273 1262 2330 1314 ἐν
2364 1263 2498 1330 ἡμῖν
2537 1254 2612 1313 ὧν
2653 1262 2708 1312 αί
2749 1258 2847 1330 μὲν
2881 1261 3190 1330 κρείττονες
3229 1261 3314 1314 διὰ
3346 1262 3561 1316 τούτων
3598 1265 3762 1320 tu.”

2102 1353 2266 1405 οἱονεὶ
2317 1350 2538 1421 ἐπῳδῶν
2590 1350 2901 1421 τρέφονται,
2941 1354 3224 1420 συγγενεῖς
3267 1348 3424 1406 οὖσαι
3483 1355 3742 1422 αὑταῖς,

2105 1444 2199 1497 καὶ
2228 1441 2384 1513 ἡμῶν
2429 1442 2503 1512 μὴ
2552 1441 2816 1496 νοούντων
2852 1442 3069 1506 ἐκείνας
3104 1442 3205 1507 τὰς
3247 1445 3517 1516 δυνάμεις
3547 1451 3732 1502 νοοῦ-

2107 1549 2204 1596 σας
2255 1531 2329 1584 τὰ
2382 1533 2651 1602 λεγόμενα
2677 1572 2693 1597 ,
2737 1533 3113 1606 δυνατωτέρας
3163 1538 3220 1589 ἐν
3262 1539 3398 1607 ἡμῖν
3450 1540 3712 1606 γίνεσθαι

2105 1626 2239 1698 πρὸς
2273 1627 2333 1679 τὸ
2379 1631 2658 1697 συνεργεῖν
2704 1627 2784 1698 τῷ
2834 1628 3090 1700 ἡμετέρῳ
3129 1627 3230 1699 βίῳ
3253 1645 3266 1660 ’
3301 1630 3386 1682 ὅτι
3418 1633 3536 1702 γάρ
3574 1634 3693 1685 ἐστι

2103 1736 2223 1771 τινα
2266 1722 2324 1771 ὲν
2365 1721 2494 1790 ἡμῖν
2533 1719 2760 1790 ἀόρατα,
2792 1720 2886 1773 καὶ
2915 1719 3086 1774 πολλά
3129 1737 3193 1788 γε
3229 1721 3428 1785 ταῦτα,
3463 1723 3661 1792 Gnidiae;

2103 1813 2131 1863 ὁ
2169 1809 2338 1864 εἰπὼν
2380 1811 2614 1882 ψαλμός·
2647 1830 2664 1862 ι
2704 1811 2953 1880 Εύλὸγει,
2991 1813 3026 1882 ῆ
3070 1811 3215 1884 ψυχή
3242 1829 3380 1882 μου,
3430 1816 3532 1868 τὸν
3576 1816 3678 1869 Κύ-

2107 1921 2240 1976 ριον,
2287 1905 2379 1956 καὶ
2405 1903 2581 1957 πάντα
2629 1902 2697 1956 τά
2748 1903 2899 1968 ἐντός
2951 1921 3050 1975 μου
3102 1904 3161 1957 τὸ
3215 1905 3389 1976 ὄνομα
3428 1906 3497 1959 τὸ
3549 1906 3700 1975 ἄγων

2103 1996 2522 2051 αὐτοῦ.ιἜστιν
2541 1993 2636 2050 οὖν
2674 1996 2875 2067 πλῆθός
2927 2015 2979 2049 τι
3021 1999 3080 2051 ἐν
3116 2000 3248 2069 ἡμῖν
3278 1998 3572 2069 δυνάμεων
3606 2017 3703 2053 κε-

2105 2089 2207 2160 κλη
2217 2091 2472 2161 ρωμένων
2496 2089 2652 2160 ἡμῶν
2684 2088 2783 2153 τὰς
2807 2089 2981 2160 ψυχάς,
3013 2091 3108 2144 καὶ
3132 2089 3201 2142 τὰ
3223 2090 3469 2161 σώματα,
3496 2093 3706 2156 αἵτινες

2102 2181 2197 2235 ἐὰν
2241 2176 2373 2234 ὦσιν
2407 2181 2580 2250 ἅγιαι,
2605 2183 2703 2254 τῆς
2737 2183 2961 2253 Γραφῆς
3003 2182 3524 2252 ἀναγινωσκομένης
3557 2184 3703 2252 ὠφε-

2100 2274 2315 2328 λοῦνται
2361 2275 2454 2328 καὶ
2493 2275 2732 2343 γίνονται
2777 2276 3119 2346 ἰσχυρότεραι
3142 2291 3154 2304 ο
3191 2273 3290 2327 κᾶν
3320 2277 3347 2327 ὁ
3379 2275 3508 2338 νοῦς
3539 2277 3702 2346 ἡμῶν

2099 2365 2349 2438 ἄκαρπος
2369 2361 2424 2440 ᾖ,
2447 2367 2522 2428 ὠς
2542 2365 2853 2438 γέγραπται
2879 2385 2942 2419 πε
2951 2367 3005 2438 ρί
3026 2367 3119 2420 τοῦ
3138 2368 3353 2436 γλώσσῃ
3380 2367 3694 2430 λαλοῦντος,

2106 2457 2250 2511 «Ὅτι
2270 2457 2329 2510 τὸ
2345 2456 2563 2527 πνεῦμά
2599 2475 2698 2527 μου
2728 2457 2837 2528 (47)
2872 2458 3254 2530 προσεύχεται,
3281 2461 3309 2510 ὁ
3335 2459 3389 2510 δὲ
3433 2459 3563 2522 νοῦς
3591 2478 3694 2530 μου

2099 2546 2347 2618 ἄκαρπός
2370 2547 2508 2604 ἐστι.
2531 2566 2549 2597 ι
2571 2546 2698 2599 Νόει
2725 2542 2817 2599 οὖν
2845 2564 2934 2616 μοι
2965 2547 3045 2600 ὅτι
3074 2547 3202 2599 ποτε
3237 2545 3329 2598 τοῦ
3355 2549 3412 2598 ἐν
3434 2548 3573 2615 ἡμῖν
3598 2546 3691 2599 νοῦ

2100 2640 2348 2710 ἀκάρπου
2365 2638 2537 2702 ὄντος,
2562 2640 2614 2690 αἱ
2655 2636 2915 2708 δυνάμεις
2951 2639 3005 2690 αἱ
3051 2637 3406 2709 συνεργοῦσαι
3441 2640 3507 2707 τῇ
3546 2637 3694 2707 ψυχῇ

2099 2731 2195 2784 καὶ
2223 2731 2299 2801 τῷ
2327 2730 2422 2802 νῷ,
2448 2732 2542 2784 καὶ
2571 2731 2734 2782 πᾶσιν
2759 2732 2910 2800 ἡμῖν,
2944 2729 3234 2800 τρέφονται
3263 2727 3454 2797 λογικῇ
3482 2729 3553 2797 τῇ
3584 2726 3698 2780 ἀπὸ

2097 2822 2206 2875 τῶν
2231 2824 2275 2875 ίε
2283 2822 2391 2893 ρῶν
2414 2823 2756 2893 γραμμάτων
2778 2823 2872 2874 καὶ
2899 2822 3008 2875 τῶν
3031 2820 3308 2891 ὀνομάτων
3334 2819 3539 2871 τούτων
3569 2835 3707 2888 τρο-

2102 2915 2196 2984 φῇ,
2216 2913 2309 2966 καὶ
2328 2913 2658 2985 τρεφόμεναι
2678 2913 2916 2981 γίνονται
2935 2911 3300 2982 δυνατώτεραι
3324 2911 3456 2981 πρὸς
3478 2909 3540 2962 τὸ
3561 2911 3696 2980 ἡμῖν

2106 3008 2387 3077 συνεργεῖν
2404 3023 2417 3036 ·
2435 3006 2626 3078 ὥσπερ
2641 3005 2697 3058 δὲ
2719 3007 2775 3058 αί
2802 3005 3083 3077 κρείττους
3106 3005 3360 3074 δυνάμεις
3383 3001 3544 3054 οἱονεὶ
3561 3019 3696 3053 κατ-

2103 3097 2388 3168 επᾴδονται
2419 3099 2510 3150 καὶ
2544 3096 2900 3166 ὠφελοῦνται,
2940 3097 3032 3149 καὶ
3057 3095 3292 3164 γίνονται
3322 3091 3691 3164 δυνατώτεραι

2103 3187 2210 3241 ἀπὺ
2248 3188 2355 3240 τῶν
2391 3188 2498 3258 (48)
2541 3187 2795 3240 τοιούτων
2839 3188 3183 3259 γραμμάτων
3237 3187 3330 3238 καὶ
3378 3185 3683 3254 ὀνομάτων,

2102 3279 2273 3344 οὕτως
2300 3279 2356 3332 αἱ
2386 3279 2760 3350 ἁντικείμεναι
2801 3279 2908 3331 τῶν
2951 3281 3008 3332 ἐν
3049 3281 3179 3350 ἡμῖν
3209 3278 3488 3346 δυνάμεων
3520 3277 3687 3330 οἱονεὶ

2103 3374 2457 3428 καθέλκονται
2484 3373 2576 3426 καὶ
2606 3371 2862 3426 νικῶνται
2887 3371 2994 3424 ἀπὺ
3014 3371 3122 3422 τῶν
3151 3369 3243 3423 τοῦ
3274 3369 3407 3421 Θεοῦ
3436 3367 3679 3437 ἐπῳδῶδ,

2103 3470 2199 3521 καὶ
2249 3466 2545 3538 νικώμεναι
2597 3463 2956 3535 κοιμίζονται.
3008 3461 3120 3516 Καὶ
3171 3461 3349 3515 εἴποτέ
3393 3478 3477 3524 τις
3524 3458 3682 3530 ἡμῶν

2103 3559 2346 3630 ἐώρακεν
2381 3558 2491 3630 (49)
2537 3557 2645 3611 ἀπὸ
2686 3555 2907 3626 ἐπῳδῶν
2955 3554 3158 3608 ἀσπίδα
3199 3551 3611 3623 κοιμιζομένην,
3643 3548 3678 3620 ἢ

2103 3647 2231 3701 ἄλλο
2260 3664 2313 3698 τι
2346 3645 2549 3699 τούτων
2582 3644 2691 3700 τῶν
2724 3643 2962 3708 ίοὸόλων,
3000 3645 3177 3697 ἐκεῖνο
3207 3643 3552 3714 παράδειγμα
3580 3641 3679 3696 λα·-

2103 3735 2244 3789 6ἐτω
2278 3737 2356 3799 είς
2387 3735 2485 3806 τὴν
2524 3733 2769 3804 Γραφὴν,
2802 3729 2871 3811 ῆς
2902 3730 3421 3801 ἀναγινωσκομένης
3464 3728 3557 3783 καὶ
3605 3730 3675 3799 μὴ

2105 3826 2420 3896 νοουμένης,
2437 3825 2605 3878 ἐνίοτε
2633 3823 2831 3894 ἀκηδιᾷ
2852 3822 2945 3875 καὶ
2967 3823 3194 3876 ἐκκακεῖ
3217 3823 3244 3872 ὁ
3269 3817 3560 3891 ἀκροατὴς,
3584 3818 3677 3871 καὶ

2104 3916 2408 3970 πιστευέτω
2438 3917 2520 3970 ὅτι
2550 3915 2606 3968 αἱ
2640 3917 2697 3966 ἐν
2734 3912 2883 3984 αὐτῷ
2923 3912 3168 3975 ἀσπίδες,
3204 3911 3297 3965 καὶ
3333 3913 3389 3964 αί
3432 3912 3490 3962 ἐν
3534 3907 3678 3978 αὐτῷ

2103 4008 2308 4080 ἔχιδναι
2385 4005 2714 4077 ἀτονώτεραι
2763 4006 3002 4076 γίνονται
3059 4005 3168 4058 ἀπὸ
3221 4002 3330 4056 τῶν
3373 4001 3677 4072 φαρμάκων

2101 4099 2212 4152 τῶν
2246 4097 2732 4170 φαρμακευόντων,
2769 4091 2880 4149 οἷον
2914 4094 3065 4167 παρὰ
3109 4093 3273 4163 σοφοῦ
3304 4093 3496 4162 Μωσῆ,
3527 4090 3676 4160 παρά

2105 4189 2268 4258 σοφοῦ
2325 4189 2521 4260 Ἰησοῦ,
2571 4188 2721 4260 παρά
2771 4187 2949 4258 σοφῶν
2997 4185 3106 4240 τῶν
3150 4185 3320 4254 ἁγίων
3362 4183 3672 4255 προφητῶν.

2103 4283 2194 4352 Μὴ
2217 4281 2542 4352 ἐκκακῶμεν
2567 4277 2659 4336 οῦν
2682 4280 2969 4344 ἀκούοντες
2986 4277 3237 4352 Γραφῶν,
3257 4277 3321 4340 ἃς
3345 4276 3404 4328 οὐ
3429 4275 3673 4344 νοοῦμεν,

2103 4373 2239 4426 ἀλλά
2273 4373 2555 4444 γενηθήτω
2588 4373 2719 4444 ἡμῖν
2748 4369 2888 4425 κατὰ
2920 4369 3018 4438 τὴν
3058 4370 3240 4422 πίστιν
3275 4365 3452 4440 ἡμῶν,
3491 4366 3555 4436 ἣν
3586 4365 3677 4416 καὶ

2102 4466 2448 4537 πιστεύομεν,
2505 4468 2587 4520 ὅτι
2650 4466 2840 4518 «πᾶσα
2872 4465 2912 4517 Γ
2919 4463 3066 4536 ραφὴ
3109 4461 3464 4523 θεόπνευστος
3520 4454 3674 4520 οὖσα,

2101 4555 2372 4627 ὠφέλιμός
2401 4557 2536 4610 ἐστι’
2565 4575 2583 4608 ι
2636 4555 2696 4608 τὸ
2733 4554 2841 4627 γὰρ
2875 4555 2932 4607 ἒν
2962 4554 3069 4606 τῶν
3100 4553 3193 4606 δύο
3224 4551 3306 4606 δεῖ
3335 4569 3392 4604 σε
3440 4549 3678 4622 παραδέ-

2103 4645 2294 4710 ξασθαι
2327 4645 2419 4700 ἐπὶ
2450 4645 2652 4699 τούτων
2687 4645 2794 4699 τῶν
2825 4645 3078 4718 Γραφῶν,
3113 4645 3145 4715 ἢ
3190 4645 3270 4697 ὅτι
3296 4645 3394 4698 οὐκ
3423 4644 3526 4696 εἰσὶ
3564 4641 3679 4694 θεό-

2102 4753 2375 4799 πνευστοι,
2420 4736 2541 4789 ἐπεὶ
2568 4736 2667 4790 οὐκ
2700 4737 2835 4790 εἰσὶν
2880 4737 3164 4808 ὠφέλιμοι,
3194 4735 3269 4798 ὠς
3313 4734 3677 4804 ὑπολαμϐάνοι

2103 4825 2168 4878 ἂν
2197 4826 2226 4877 ὁ
2261 4825 2506 4889 ἄπιστος,
2551 4826 2584 4896 ἢ
2637 4826 2712 4889 ὠς
2750 4826 2938 4888 πιστὸς
2971 4824 3397 4897 παραδέξασθαι,
3436 4825 3514 4877 ὅτι
3556 4823 3677 4877 ἐπεί

2100 4918 2237 4968 εἰσιν
2295 4915 2580 4986 ὠφέλιμοι,
2617 4914 2962 4970 θεόπνευστοί
3021 4919 3177 4970 είσιψ
3215 4917 3386 4969 ίστέον
3433 4917 3675 4986 μέντοιγε

429 1355 596 1420 mina,
622 1355 819 1424 quibus
845 1372 964 1410 cum
996 1364 1236 1424 cognata:
1265 1367 1432 1425 atque
1460 1356 1649 1413 aliines
1687 1362 1816 1423 sint,
1849 1359 2006 1413 aluu-

427 1457 546 1512 tur,
593 1447 748 1501 nobis
785 1463 889 1502 non
921 1449 1346 1517 percipientibus
1377 1449 1606 1503 virtutes
1638 1448 2003 1519 iutelligeutes

423 1551 487 1590 ea
509 1553 628 1606 qua:
658 1539 947 1602 dicuntur,
995 1540 1324 1606 potentiores
1352 1540 1404 1590 in
1440 1539 1597 1592 nobis
1634 1540 1752 1592 ﬁeri
1782 1540 1847 1592 ad
1880 1541 2002 1593 vita:

427 1639 628 1684 nostra:
660 1629 960 1683 subsidium
998 1641 1162 1699 atque
1202 1628 1602 1695 adjumentunt.
1641 1629 1771 1684 Esse
1806 1632 2003 1700 quippe

427 1721 484 1774 in
533 1721 687 1776 nobis
709 1762 724 1787 ,
758 1736 878 1789 qua:
912 1739 1016 1776 non
1052 1723 1369 1784 vidcantur,
1404 1737 1576 1790 eaque
1611 1721 1778 1775 multa
1803 1762 1819 1787 ,
1861 1723 2004 1776 indi-

423 1813 565 1867 ealtit
592 1812 830 1882 psalmus
863 1813 952 1882 qui
986 1813 1115 1867 dicit
1147 1815 1192 1846 ⁷⁸
1223 1829 1238 1869 :
1286 1831 1303 1863 ι
1346 1813 1597 1877 Benedic,
1640 1814 1816 1867 anima
1860 1830 2001 1881 mea,

427 1903 673 1970 Domino,
708 1913 762 1957 et
787 1904 969 1957 omnia
998 1918 1118 1973 quat
1151 1905 1291 1956 intra
1319 1918 1404 1957 me
1433 1913 1559 1957 sunt
1581 1902 1788 1956 nomini
1812 1915 2003 1957 sancto

421 1994 558 2060 ejus.
613 2013 633 2046 ι
671 1995 812 2048 Sunt
844 1995 1013 2063 igitur
1045 1996 1096 2049 in
1135 1994 1291 2048 nobis
1317 1995 1561 2064 plurima:
1597 1995 1858 2060 virtutes,
1885 2010 2004 2064 qua:

423 2086 588 2140 veluti
637 2089 928 2142 sortitione
969 2089 1178 2141 animas
1220 2098 1440 2142 nostras
1471 2098 1524 2142 et
1563 2102 1791 2156 corpora
1830 2089 2002 2156 possi-

421 2181 580 2245 dent,
615 2195 756 2250 quzc,
797 2181 840 2234 si
867 2189 1070 2233 sanctae
1111 2179 1255 2242 sint,
1305 2179 1538 2235 lectione
1581 2181 1878 2250 Scriptura:
1913 2181 2003 2248 ju-

421 2281 653 2337 vantur,
695 2281 750 2326 et
806 2271 1094 2324 validiores
1128 2271 1299 2334 fiunt;
1335 2272 1438 2327 etsi
1487 2287 1636 2326 mens
1670 2282 1852 2328 nostra
1887 2272 2002 2326 fruo

420 2377 564 2417 etum
620 2371 724 2416 non
772 2363 997 2424 sentiat,
1041 2363 1497 2429 quemadmodum
1529 2363 1790 2432 scriptum
1821 2371 1900 2418 est
1934 2364 1999 2418 de

421 2473 506 2521 cn,
533 2455 623 2524 qui
652 2455 830 2524 lingua
855 2453 1150 2522 loquitur“
1187 2471 1242 2507 ει
1273 2453 1408 2520 Quia
1432 2454 1655 2522 spiritus
1680 2470 1830 2508 meus
1854 2463 1995 2519 orat,

423 2561 574 2599 luens
596 2553 776 2597 autem
802 2559 917 2598 mea
941 2543 1058 2598 sine
1078 2542 1253 2597 fructu
1273 2553 1376 2599 est.
1403 2565 1422 2598 ι
1451 2546 1640 2615 Cogita
1671 2546 1854 2616 igitur,
1875 2561 1995 2600 cum

422 2637 713 2705 aliquando
757 2653 908 2692 utens
945 2649 1130 2692 nostra
1167 2638 1406 2692 fructum
1440 2654 1546 2692 non
1585 2639 1844 2707 percipit,
1886 2638 1996 2692 vir-

423 2739 566 2783 tutes
591 2745 710 2798 qua:
728 2728 911 2783 animo
937 2738 992 2782 et
1018 2729 1187 2782 menti
1219 2737 1274 2782 et
1301 2729 1460 2783 nobis
1477 2730 1730 2782 omnibus
1756 2728 1997 2781 subsidio

419 2829 544 2874 stunt
565 2859 579 2882 ,
612 2820 712 2872 hoc
739 2819 1071 2883 rationabili,
1096 2818 1237 2887 quod
1265 2833 1294 2871 a
1325 2819 1500 2872 sacris
1526 2819 1724 2873 litteris
1753 2829 1807 2872 et
1832 2819 1998 2872 uomi-

419 2910 579 2964 izibus
593 2920 696 2974 est,
720 2911 1055 2963 nutrimento
1076 2909 1319 2972 educari,
1339 2917 1392 2960 et
1407 2908 1662 2961 educatas
1679 2906 1793 2961 ﬁeri
1813 2909 1878 2961 ad
1897 2923 1993 2962 nos

412 2999 680 3068 juvandos
695 3002 1042 3070 potentiores.
1056 3000 1123 3056 Ut
1145 3001 1308 3070 igitur
1323 2999 1573 3054 meliores
1588 3000 1814 3054 virtutes
1826 3001 1992 3055 veluti

420 3096 826 3165 permulceutur
849 3106 900 3148 et
923 3093 1202 3161 iuvantur,
1236 3093 1480 3161 ﬁuntque
1507 3109 1602 3164 per
1616 3095 1879 3164 ejusmodi
1910 3097 1996 3151 lit-

416 3187 578 3261 M3
611 3199 753 3241 teras
784 3197 838 3240 et
883 3188 1101 3241 nomina
1147 3187 1518 3256 potentiores;
1555 3188 1633 3242 sic
1668 3190 1995 3245 adversaria:

421 3285 472 3334 iu
509 3280 662 3334 nobis
696 3280 926 3333 virtutes
1001 3277 1206 3332 divinis
1253 3277 1592 3332 carminibus
1629 3279 1991 3344 deducuntur,

421 3383 474 3426 ut
516 3374 589 3427 ita
624 3373 820 3432 dicam,
857 3379 913 3424 ct
948 3370 1262 3439 vincuntur,
1301 3378 1355 3424 et
1383 3370 1539 3426 victae
1582 3371 1907 3440 s0piuntur:
1941 3382 1996 3426 et

418 3468 461 3519 si
498 3466 620 3533 quis
653 3478 890 3532 unquam
929 3473 1171 3516 nostrum
1220 3463 1358 3517 vidit
1398 3463 1732 3518 Carminibus
1763 3465 1992 3533 sopitaut

418 3558 684 3626 aspidem,
737 3567 828 3610 aut
870 3557 1012 3610 aliud
1047 3570 1078 3610 e
1113 3555 1417 3619 venenatis,
1455 3553 1584 3606 illud
1629 3567 1873 3611 assumat
1926 3558 1995 3612 ad

419 3650 757 3717 Scripturam
785 3647 1093 3717 exemplum
1122 3663 1136 3700 :
1161 3661 1281 3715 quae
1319 3645 1362 3700 si
1410 3644 1624 3714 legatur
1656 3662 1756 3701 nec
1794 3647 1996 3702 intelli-

417 3752 599 3811 gatur,
631 3743 902 3797 interdum
954 3739 1258 3812 languescit
1297 3749 1354 3794 et
1403 3741 1706 3794 succmnbit
1743 3743 1992 3808 auditor;

415 3844 471 3888 et
499 3835 686 3888 credat
733 3849 854 3904 qua:
894 3833 946 3886 in
978 3848 1036 3886 se
1066 3840 1195 3884 sunt
1225 3828 1464 3898 aspides,
1496 3837 1550 3883 et
1587 3845 1704 3898 quae
1743 3831 1794 3884 in
1827 3847 1885 3886 se
1917 3832 1996 3886 vi-

417 3942 580 3997 perae,
617 3925 1002 3980 imbecilliores
1053 3922 1171 3978 ﬁeri
1220 3922 1631 3976 medicamentis
1661 3923 1992 3988 curantium,

416 4018 871 4088 quemadmodum
907 4033 936 4070 a
965 4014 1213 4084 sapiente
1242 4012 1410 4079 Mose,
1445 4029 1472 4066 a
1511 4013 1753 4082 sapiente
1782 4013 1928 4079 Jesu,
1962 4031 1992 4070 a

418 4109 754 4178 sapientibus
810 4107 1015 4162 sanctis
1065 4106 1368 4176 prophetis.
1419 4103 1536 4158 Non
1585 4105 1750 4174 igitur
1810 4108 1994 4163 animo

420 4201 798 4271 langueamus,
832 4215 952 4254 cum
980 4199 1233 4253 audimus
1257 4199 1576 4269 Scripturas
1604 4213 1740 4268 quas
1771 4214 1877 4254 non
1907 4201 1992 4254 itt-

421 4295 733 4363 telligitntts.
772 4294 865 4348 sed
899 4293 990 4349 ﬁat
1019 4294 1176 4348 nobis
1205 4293 1504 4348 secundum
1533 4291 1692 4347 tidem
1723 4303 1990 4360 nostram,
2027 4319 2074 4378 Β

418 4403 526 4457 qua
573 4396 628 4440 et
669 4387 940 4441 credimus
973 4387 1100 4451 quia
1154 4403 1172 4437 ι
1203 4387 1381 4440 omnis
1407 4385 1687 4454 Scriptura
1735 4385 1995 4441 divinitus

421 4482 679 4552 inspirata
707 4479 854 4534 utilis
874 4491 958 4534 est
975 4467 1043 4532 τί.
1059 4497 1075 4529 ι
1100 4479 1498 4534 Alterumcnim
1527 4495 1556 4533 e
1576 4480 1786 4533 duobus
1804 4479 1995 4533 admit—

420 4584 535 4629 tt-t‘e
573 4583 623 4626 te
660 4580 876 4639 oportet
907 4571 959 4624 in
1005 4571 1071 4624 iis
1103 4570 1425 4638 Scripturis,
1453 4570 1533 4623 vel
1561 4585 1665 4624 non
1698 4586 1819 4624 esse
1847 4571 1990 4626 divi-

421 4665 566 4718 nitus
592 4666 765 4727 datas,
796 4663 1060 4732 siquidem
1088 4662 1247 4715 utiles
1281 4677 1386 4714 non
1417 4669 1560 4722 sunt,
1592 4672 1648 4715 ut
1685 4661 1992 4729 suspicetur

420 4757 616 4826 aliquis
655 4757 890 4810 inlidelis
919 4773 932 4809 :
965 4755 1047 4808 vel
1083 4763 1140 4807 ut
1181 4752 1354 4807 ﬁdelis
1391 4753 1641 4816 admitte,
1673 4752 1799 4821 quia
1836 4753 1993 4806 utiles

419 4860 566 4915 sunt,
599 4850 861 4904 divinitus
883 4863 1002 4902 esse
1024 4849 1196 4902 datas.
1212 4844 1506 4899 Sciendum
1531 4854 1617 4897 est
1644 4844 1811 4913 igitur
1836 4844 1994 4900 nobis

421 4959 520 4999 nec
545 4943 908 4998 sentientibus
951 4955 1188 5011 persaape
1233 4939 1516 4992 utilitatem
1558 4937 1761 5004 venire,
1800 4952 1993 5005 quem-

419 5035 709 5089 admodum
763 5051 908 5103 saepe
955 5035 1137 5086 cibum
1184 5031 1419 5100 aliquem
1466 5044 1683 5082 sumere
1736 5029 1992 5098 jubemur

418 5128 677 5183 acuendis
712 5127 906 5191 oculis,
939 5125 1167 5180 necdum
1206 5134 1384 5176 tamen
1425 5123 1480 5175 in
1513 5137 1579 5176 eo
1627 5122 1889 5175 sumendo
1916 5122 1994 5175 le-

527 5269 575 5300 "
617 5269 758 5324 l’sal.
793 5285 890 5328 cu.
926 5270 975 5322 l.
1054 5269 1096 5300 ⁷⁸
1144 5265 1316 5321 lCor.
1350 5281 1460 5329 xw,
1497 5265 1582 5318 M.

496 5417 608 5484 (-57)
651 5417 940 5470 I’hilocnlia
973 5432 1098 5477 tns.,
1127 5414 1185 5466 τὸ
1217 5410 1434 5484 πνεῦμά
1459 5409 1779 5484 -μουκίιὶιήξ,
1807 5412 1938 5484 editi
1975 5429 1986 5464 :

2102 5409 2308 5478 γλῶσσά
2340 5429 2458 5480 μου.

496 5480 609 5546 (⁷38)
642 5487 899 5540 l’lu'luml.
933 5505 1032 5540 tus.
1066 5483 1173 5538 ἀπὸ
1202 5483 1325 5536 τῶν.
1353 5480 1510 5535 Libb.
1540 5480 1670 5534 editi
1701 5497 1713 5532 :
1739 5481 1843 5533 ὑπὸ
1871 5481 2000 5534 τῶν.

2099 5019 2181 5071 ὃτι
2212 5020 2305 5071 καὶ
2329 5017 2739 5087 ἀνεπαισθήτως
2774 5020 2932 5089 ἡμῶν
2960 5019 3217 5082 πολλάκις
3243 5018 3449 5087 γίνεται
3473 5020 3505 5089 ἡ
3537 5014 3677 5086 ὠφέ-

2100 5121 2240 5186 λεια,
2275 5115 2382 5179 οἷον
2404 5117 2660 5183 πολλάκις
2676 5121 2882 5190 τροφήν
2905 5137 3024 5173 τινα
3040 5119 3436 5190 διατασσὸμεθα
3456 5118 3672 5182 ἐσθίειν,

1661 5263 1768 5318 "ll
1823 5264 1963 5320 Tim.
2015 5281 2094 5330 tu,
2129 5265 2213 5320 l6.

498 5557 606 5626 (’10)
659 5558 730 5611 Εἴ
766 5557 907 5610 ncte"
953 5574 1037 5621 τίς
1076 5554 1242 5624 ἡμῶν
1273 5549 1549 5619 ἑώρακεν,
1584 5559 1688 5606 clc.
1730 5549 1856 5606 Vide
1886 5551 1998 5605 l'liu

2102 5568 2114 5605 ι
2148 5550 2240 5605 lib.
2273 5565 2388 5615 vin,
2425 5567 2543 5620 cap.
2575 5551 2657 5616 l0,
2682 5560 2732 5607 et
2769 5549 2862 5606 lib.
2898 5564 3086 5618 sxvnt,
3113 5565 3232 5620 cap.
3260 5551 3320 5608 ‘3.

1945 6165 2264 6226 :_;::_7‘_
2309 6171 2956 6226 "T-".—_____
