4104 6226
459 193 568 249 923

1922 187 2249 246 ORIGENIS

3766 177 3951 237 923

463 317 589 374 sine
620 314 807 372 fructu
832 308 921 372 sit.
966 316 1218 387 intellige
1244 329 1380 387 ergo
1406 330 1471 371 ex
1502 315 1631 383 hoc,
1672 314 1796 385 quia
1846 314 1913 370 ﬁti
1948 317 2048 370 ali-
2075 322 2123 379 Α
2154 324 2332 369 tamen
2365 311 2631 368 debemus
2662 312 2792 383 quia
2819 312 2973 367 utiiis
3000 320 3106 369 est.
3140 311 3332 367 Solent
3372 310 3599 366 medici
3690 317 3955 375 pra-

469 412 695 479 quuudu
731 419 918 464 uoster
946 410 1170 479 quidem
1204 425 1399 464 sensus
1428 408 1547 463 sine
1580 407 1802 463 fructu:
1828 409 2054 477 spiritus

468 514 675 566 autem,
724 504 779 557 id
821 513 911 559 est.
936 504 1173 558 virtutes
1215 502 1342 567 illm,
1378 517 1500 571 quae
1535 502 1732 557 animae
1766 513 1968 555 nostra:
2001 500 2054 555 in

470 594 815 663 adjutorium
868 595 1009 649 datte
1060 605 1211 659 sunt,
1270 602 1573 664 pascuntur
1623 601 1680 646 et
1735 592 2057 646 reﬁciuntur

468 700 547 740 ex
570 686 761 741 auditu
788 686 1092 756 Scriptum
1120 696 1351 751 sanctas,
1383 684 1539 739 velut:
1558 699 1627 738 ex
1653 681 1859 737 divinis
1885 694 1943 737 et
1969 700 2058 738 ra-

475 779 837 834 tionabilibus-
874 778 1035 834 cibis.
1082 777 1224 844 Quid
1274 777 1398 831 diro
1427 777 1556 845 quia
1601 774 1799 829 divina:
1827 774 2058 830 virtutes

470 881 767 940 pascantur
800 881 856 927 et
898 871 1190 941 epulentur
1233 869 1287 925 in
1327 868 1508 935 nobis,
1550 866 1605 923 si.
1647 882 1747 922 nos
1779 868 1947 923 verba
1978 868 2060 922 di-

470 963 613 1017 vina:
647 963 949 1032 Scriptura:
987 962 1340 1033 proferamus
1368 976 1434 1015 ex
1479 960 1619 1016 ore?
1641 958 1764 1030 Ipse
1798 959 2062 1016 Dominus

473 1066 661 1113 uoster
687 1056 848 1111 Jesus
871 1055 1133 1110 Christus
1156 1054 1201 1109 si
1244 1068 1355 1109 nos
1390 1053 1637 1109 inveniat
1664 1052 1750 1107 his
1776 1062 2057 1120 vacantes,

470 1157 527 1202 et
558 1146 933 1216 hujuscemodi
967 1147 1247 1202 studiiset
1273 1146 1810 1217 exercitiisoperam
1841 1150 2061 1218 dantes,

474 1257 580 1294 non
622 1239 799 1292 solum
829 1238 976 1306 pasci
1007 1247 1059 1292 et
1092 1239 1240 1294 refici
1274 1241 1532 1310 dignatur
1575 1242 1628 1297 in
1660 1246 1839 1309 nobis,
1871 1258 2058 1301 verum

471 1331 640 1384 etiam
677 1329 721 1383 si
782 1329 883 1383 bas
935 1332 1124 1400 epulas
1159 1333 1303 1402 apud
1357 1349 1456 1388 nos
1496 1334 1692 1390 viderit
1743 1348 2056 1409 apparatos.

472 1421 692 1476 Patrem
738 1436 923 1476 secum
979 1422 1235 1492 dignatur
1284 1425 1578 1480 adducere.
1626 1426 1731 1481 Sed
1779 1430 1893 1483 lucc
1932 1430 2060 1499 quia

474 1513 609 1566 satis
638 1528 828 1582 magna
860 1524 916 1568 et
942 1526 1107 1582 supra
1141 1514 1417 1568 hominem
1450 1515 1729 1581 videntur,
1769 1533 1875 1571 non
1927 1520 2063 1574 meis

2158 408 2288 463 bere
2308 407 2580 462 interdum
2600 408 2779 460 cibum
2798 407 3058 477 aliquem,
3077 405 3350 460 interdum
3376 405 3559 459 etiam
3585 410 3769 476 pol
3782 411 3937 450 li

2158 499 2307 559 dare.
2336 497 2485 553 verbi
2519 499 2691 569 gratia
2717 499 2784 552 ad
2811 498 3222 553 discutiendam
3239 498 3541 567 caliginem
3579 496 3873 551 visos
3902 510 3929 547 :

2156 588 2321 661 “5
2374 605 2474 645 nec
2529 599 2713 644 tamen
2755 590 2807 644 iu
2842 590 3054 645 edendo
3089 591 3206 660 ipso
3234 592 3401 655 cibo,
3433 590 3531 644 vel
3590 592 3691 645 in
3760 602 3927 656 ρο·-

2161 683 2324 735 tando
2347 681 2629 736 sentiinus-
2657 681 2793 750 quia
2826 680 2961 737 utile
3006 692 3110 745 est,
3152 692 3209 737 et
3258 682 3491 751 prodest
3536 679 3839 736 oculis
3894 696 3919 731 :

2159 772 2255 827 sed
2292 788 2425 826 cum
2446 771 2729 827 transierit
2757 774 2877 827 dies
2920 789 3041 828 una
3058 784 3114 829 et
3138 774 3305 829 altera
3347 782 3401 828 et
3423 776 3615 828 tertia
3644 771 3911 844 (61),

2159 879 2259 920 suo
2285 866 2337 919 i'n
2368 875 2613 936 tempore
2645 882 2745 936 per
2771 866 3017 922 occultos
3040 870 3302 937 quosdam
3344 883 3578 927 tueatns
3605 872 3903 926 rebs:

2160 959 2229 1012 ad
2259 958 2430 1013 visum
2461 960 2569 1015 cibi
2610 960 2755 1017 illius
2790 972 2886 1016 aut
2910 964 3087 1033 poculi
3115 965 3307 1029 virtus,
3331 967 3616 1035 paulatim
3654 982 3901 1038 par-

2160 1062 2250 1124 gat
2293 1062 2603 1123 aspectum,
2635 1066 2691 1111 et
2737 1064 2866 1111 tunc
2905 1055 3122 1111 demum
3169 1060 3379 1113 sentire
3437 1061 3873 1130 incipimus,

2161 1145 2289 1215 quia
2323 1146 2477 1200 cibus
2510 1145 2599 1202 ille
2635 1146 2718 1203 vel
2765 1158 2926 1218 potus
2970 1147 3172 1218 profuit
3222 1151 3423 1206 oculis.
3458 1152 3587 1208 Sed
3630 1165 3713 1210 est
3774 1155 3859 1209 ἰ-

2161 1235 2285 1292 aliis
2315 1236 2566 1293 similiter
2605 1240 2857 1310 corporis
2897 1241 3141 1309 partibus
3175 1243 3362 1297 eadem
3410 1244 3533 1300 ﬁeri
3561 1249 3847 1302 solea-1..

2164 1323 2278 1380 Hoc
2313 1340 2443 1397 ergo
2481 1328 2641 1381 modo
2668 1331 2996 1384 credendum
3036 1342 3114 1385 est
3160 1332 3327 1386 etiam
3366 1335 3437 1391 de
3474 1336 3836 1408 Scriptura

2163 1425 2373 1480 sancta,
2420 1420 2545 1485 quia
2597 1420 2748 1474 utilis
2776 1429 2884 1486 est,
2915 1432 2969 1475 et
3013 1424 3208 1479 anima!
3253 1427 3507 1495 prodest,
3538 1430 3822 1485 etiami

2164 1521 2358 1563 sensus
2392 1520 2581 1566 noster
2605 1511 2677 1564 ad
2703 1527 2945 1580 praesens
2983 1516 3400 1587 intelligentiam
3447 1537 3560 1575 non
3600 1526 3797 1594 capit,

474 1606 592 1673 tibi,
623 1605 717 1659 sed
770 1606 943 1675 ipsius
1001 1605 1215 1659 Domini
1262 1614 1319 1659 et
1359 1605 1665 1662 Salvatoris
1713 1608 2062 1665 sermonibus

2178 1602 2443 1671 quoniam,
2469 1613 2527 1657 ut
2555 1604 2813 1671 diximus,
2835 1617 2888 1661 et
2910 1606 3065 1663 bona:
3080 1610 3305 1666 virtutes
3333 1627 3462 1681 qua
3500 1614 3635 1668 nobis
3650 1618 3767 1669 atl-

473 1701 899 1769 comprobentur
940 1698 1248 1754 dicentis"
1277 1716 1290 1752 :
1322 1716 1341 1750 ι
1366 1699 1538 1753 Amen
1579 1699 1703 1754 dico
1750 1700 1907 1756 vobis
1935 1701 2064 1771 quia
2096 1686 2139 1741 Β
2166 1704 2313 1761 sunt,
2345 1694 2667 1751 reﬁciuntur
2691 1701 2743 1751 in
2769 1698 2856 1753 bis
2879 1702 3305 1757 sermonibusel
3335 1715 3645 1772 pascantur.
3671 1721 3723 1762 et

474 1808 577 1863 ego
605 1802 659 1845 et
691 1792 853 1847 Pater
883 1792 1191 1856 veniemus,
1226 1800 1281 1845 et
1320 1792 1659 1847 mansionem
1692 1793 1978 1858 faciemus,
2010 1803 2067 1848 et

476 1885 816 1940 ccenabimus
849 1884 990 1953 apud
1039 1899 1187 1937 eum.
1220 1902 1239 1935 ο
1281 1883 1493 1951 Quem?
1525 1884 1671 1937 illum
1703 1886 1945 1954 profecto
1972 1885 2065 1956 qui

475 1988 571 2027 sua
604 1975 856 2027 mandata
899 1973 1154 2028 custodit.
1188 1972 1317 2039 Sed,
1348 1975 1491 2028 sicut
1527 1973 1786 2040 diximus,
1837 1975 1965 2044 quia
1997 1992 2064 2030 ex

478 2065 851 2133 lmjuscemodi
899 2064 1368 2129 meditationibus,
1415 2066 1724 2120 divinarum
1774 2082 1906 2137 erga
1964 2082 2062 2122 nos

481 2160 741 2210 virtutum
770 2158 1042 2211 consortia
1061 2168 1117 2211 et
1139 2157 1312 2211 oliicia
1342 2172 1711 2227 provocamus
1736 2174 1751 2212 :
1780 2158 1854 2213 ita
1885 2173 1914 2211 e
1937 2173 2071 2213 con-

481 2251 650 2303 trario
678 2250 1036 2319 malignarum
1062 2250 1320 2303 virtutunt
1347 2250 1597 2315 insidias,
1617 2251 2065 2319 etpessimorum

478 2341 788 2395 daemonum
822 2341 1185 2404 incursiones,
1216 2356 1280 2395 ex
1336 2342 1714 2413 hujuscemodi
1751 2357 2067 2397 sermonum

479 2443 531 2487 cl
572 2436 853 2489 nominum
896 2435 1356 2505 appellationibus
1387 2436 1713 2505 ell'uganms.
1745 2433 2070 2504 Verbi‘gra-

486 2526 583 2584 tia,
610 2535 666 2577 ut
696 2526 743 2579 si
776 2527 899 2595 quis
921 2539 1160 2583 vestrum
1188 2529 1487 2599 aliquando
1513 2528 1785 2597 perspexit
1817 2543 2066 2596 praecau-

484 2618 779 2673 tatiouibus
818 2621 1052 2689 sopitum
1100 2632 1409 2692 serpentem
1448 2623 1658 2692 portari
1696 2622 1749 2677 iu
1786 2622 2064 2689 manibus,

481 2710 565 2762 vel
597 2711 838 2777 protrahi
877 2711 944 2766 de
967 2713 1215 2768 cavernis
1261 2713 1395 2767 nihil
1455 2715 1727 2768 valentem
1758 2729 1955 2769 nocere
1980 2729 2072 2769 ve-

488 2803 665 2865 nenis,
697 2813 885 2872 utpote
916 2804 1303 2859 incantationis
1343 2806 1546 2860 virtute
1582 2805 1925 2875 torpentibus
1955 2824 1967 2859 :
1998 2807 2071 2861 ita

481 2896 647 2949 etiam
680 2895 931 2951 lectionis
969 2897 1163 2953 divinae
1196 2898 1418 2962 virtute,
1448 2899 1492 2952 si
1521 2899 1645 2968 quis
1681 2898 1823 2952 intra
1853 2913 1953 2953 nos
1980 2905 2068 2952 est

483 2990 775 3044 contraria:
825 2992 1114 3060 potestatis
1160 3006 1414 3062 serpens,
1466 2992 1511 3047 si
1549 2992 1673 3062 quis
1707 2991 1773 3045 ad
1810 2991 2072 3046 iusiJian-
2101 3030 2145 3090 ο

482 3081 864 3137 dmucoluber
896 3083 1050 3150 latet,
1084 3084 1135 3138 si
1175 3086 1451 3154 patienter
1478 3084 1643 3150 feras,
1679 3084 1723 3139 si
1755 3098 1861 3139 non
1913 3086 2072 3140 tzedio

484 3171 742 3241 fatigatus
770 3184 990 3228 avertas
1017 3176 1284 3241 auditum,
1315 3176 1620 3246 Scriptura:
1653 3175 1993 3232 carminibus
2018 3185 2074 3232 et

481 3263 655 3316 divini
691 3266 960 3320 sermonis
991 3267 1317 3322 assiduitate
1349 3267 1660 3337 depellitur.

557 3355 614 3409 2.
642 3353 697 3409 Si
734 3372 864 3427 ergo
903 3358 1077 3422 vides,
1108 3374 1140 3413 ο
1177 3359 1414 3425 auditor,
1442 3359 1736 3429 aliquando
1757 3359 1897 3432 legis
1923 3360 2076 3416 Scri-

485 3460 703 3512 ptttram
736 3448 788 3502 itt
821 3450 1049 3506 auribus
1082 3452 1187 3507 tuis
1213 3468 1375 3523 quam
1408 3468 1513 3507 nou
1541 3453 1820 3523 intelligis,
1853 3464 1907 3508 et
1940 3469 2073 3509 sen-

484 3558 582 3595 sus
606 3541 721 3609 ejus
750 3544 844 3596 tibi
868 3546 1082 3599 videtur
1110 3546 1399 3610 obscurus,
1424 3546 1640 3599 interim
1671 3546 1811 3600 banc
1839 3545 2072 3615 primam

486 3634 706 3703 suscipe
736 3635 1044 3700 utilitatem,
1083 3639 1228 3706 quod
1262 3638 1377 3693 solo
1410 3638 1609 3692 auditu
1640 3637 1787 3692 velut
1823 3654 2073 3707 praecan-

490 3724 698 3778 tatione
746 3726 1004 3794 quadam,
1037 3728 1324 3781 noxiarum
1359 3727 1642 3790 virtutum,
1682 3742 1803 3796 qua:
1848 3737 1900 3783 te
1928 3726 2077 3783 obsi-

491 3816 624 3869 dent
650 3826 703 3868 et
733 3832 853 3884 quin
879 3817 971 3871 tibi
1020 3818 1365 3882 insidiantur,
1395 3818 1546 3871 virus
1587 3817 1877 3885 depcllitur
1905 3830 1959 3872 et
1994 3819 2076 3873 l'u-

492 3918 673 3978 gatur.
707 3908 945 3963 Observa
998 3920 1203 3963 tantum
1256 3926 1322 3963 ne
1373 3908 1627 3964 t-lIiciaris
1671 3912 1811 3965 sicut
1861 3912 2079 3981 aspides

492 4001 701 4064 Surdav,
738 4011 793 4054 et
825 4003 1147 4057 obturantes
1173 4002 1285 4073 (59)
1318 4018 1477 4057 aures
1509 4006 1725 4070 suas",
1761 4022 1828 4061 ue
1854 4008 2081 4061 audiant

497 4105 684 4143 vocem
715 4091 1099 4147 iueautatiouis
1126 4104 1179 4147 et
1207 4094 1483 4157 veneﬁcii,
1515 4097 1658 4162 quod
1702 4096 2017 4151 incantatur
2048 4111 2079 4150 a

494 4181 765 4249 sapiente.
807 4182 965 4236 Verbi
999 4198 1185 4249 causa,
1214 4194 1298 4237 est
1330 4198 1553 4236 carmen
1602 4185 1746 4253 quod
1780 4199 2080 4253 prmcanta-

497 4281 590 4328 tur
614 4287 669 4327 et
702 4275 917 4329 canitur
946 4276 1060 4347 (60)
1107 4292 1135 4329 a
1169 4276 1418 4347 sapiente
1458 4276 1630 4341 Mose,
1669 4287 1722 4332 et
1758 4280 1903 4347 quod
1942 4293 2082 4348 prai-

497 4378 750 4421 cantatur
780 4378 835 4422 et
864 4371 1081 4424 canitur
1115 4386 1145 4424 a
1184 4370 1430 4440 sapiente
1460 4368 1587 4425 Jesu
1621 4370 1795 4436 Nave,
1843 4381 1901 4426 et
1934 4373 2079 4440 quod

498 4468 868 4529 pra-cantatur
898 4470 953 4514 et
989 4461 1203 4515 canitur
1232 4476 1261 4513 a
1296 4462 1640 4531 sapientibus
1670 4460 1927 4517 oumibus
1955 4478 2081 4531 pro-

500 4552 701 4622 phetis.
738 4551 862 4607 llazc
899 4562 1077 4607 autem
1129 4552 1347 4607 idcirco
1385 4553 1640 4618 diximus,
1684 4567 1752 4607 tte
1803 4554 2080 4610 fastidium

499 4645 782 4713 rapiamus
811 4645 1096 4699 audientes
1128 4642 1473 4713 Scripturas,
1506 4646 1671 4700 etiam
1704 4649 1749 4702 si
1788 4662 1894 4700 non
1926 4644 2086 4700 intel-

500 4736 740 4805 ligimus,
790 4736 901 4791 sed
930 4738 1023 4790 liat
1069 4736 1228 4791 nobis
1274 4738 1570 4790 secundum
1618 4736 1777 4791 ﬁdem
1814 4746 2083 4803 nostram,

498 4831 854 4887 credentibus
879 4831 1007 4901 quia
1057 4849 1076 4883 ι
1100 4830 1278 4886 omnis
1307 4829 1593 4901 Scriptura
1621 4830 1885 4885 divinitus
1918 4830 2086 4900 inspi-

500 4934 619 4976 rata
654 4924 805 4978 utilis
830 4927 995 4978 est".
1028 4939 1048 4972 ι
1088 4924 1145 4979 Si
1174 4938 1304 4993 ergo
1333 4923 1600 4977 divinitus
1632 4922 1893 4991 inspirata
1920 4930 2005 4974 est
2031 4929 2087 4974 et

503 5016 673 5080 utilis,
714 5017 931 5072 etiamsi
992 5032 1098 5072 non
1153 5016 1454 5072 sentiamus
1501 5013 1817 5077 utilitatem,
1863 5012 2087 5068 credere

574 5133 620 5165 ⁷⁸
645 5130 805 5188 Joan.
838 5149 948 5201 xiv,
980 5132 1076 5189 23.
1149 5135 1193 5167 ⁷⁷
1215 5132 1307 5189 Ps.
1338 5148 1493 5200 LVIII,
1529 5134 1583 5198 4,
1616 5133 1670 5191 5.
1745 5134 1791 5167 ⁷⁸
1820 5133 1864 5188 ll
1893 5135 2034 5191 Tim.
2067 5150 2150 5205 ιιι,
2177 5135 2266 5191 lli.

576 5250 691 5321 (b9)
731 5250 909 5321 Codex
940 5248 1250 5321 Saugernn,
1287 5267 1307 5302 ι
1328 5251 1680 5307 obduraules.
1703 5270 1722 5305 ι

580 5320 692 5388 (60-.
738 5320 802 5391 Et
842 5320 1073 5374 canitur.
1105 5322 1262 5375 Deest
1294 5322 1345 5374 in
1385 5321 1512 5377 libb.
1541 5323 1723 5386 editis,
1754 5324 1847 5378 sed
1887 5320 2086 5391 legitur

508 5389 562 5443 iu
602 5390 857 5443 oumibus
895 5409 1026 5445 mss.

588 5462 703 5530 (6i)
743 5460 864 5513 Dies
891 5478 995 5515 una
1020 5469 1072 5514 et
1101 5461 1271 5514 altera
1294 5475 1341 5516 et
1361 5462 1515 5515 tertia
1534 5478 1629 5515 suo
1659 5461 1712 5514 in
1745 5472 1974 5532 tempore
2000 5477 2093 5530 per

510 5533 741 5582 occultos
760 5533 1013 5599 quosdam
1046 5544 1248 5586 meatus
1276 5532 1438 5586 relata
1464 5533 1554 5585 ad.
1589 5532 1712 5586 ηερε
1741 5533 2002 5591 desuutiu
2025 5532 2094 5586 li-

510 5599 626 5655 bris
658 5601 839 5663 editis,
873 5603 967 5655 sed
996 5612 1215 5656 exsmnt
1240 5604 1289 5655 in
1318 5602 1570 5656 oumibus
1607 5618 1740 5655 mss.

587 5670 702 5743 (68)
743 5669 861 5726 Duo
894 5686 1026 5728 mss.
1066 5672 1464 5730 Ebt‘oiccnses:
1509 5691 1527 5726 t
1561 5673 1691 5730 dicit
1723 5672 1920 5744 aliquis
1944 5673 2096 5728 audi-

2169 1788 2462 1842 coutraria:
2494 1797 2823 1859 torpescunt
2867 1792 2952 1849 his
2999 1796 3489 1863 meditationibus,
3531 1810 3582 1852 et
3621 1799 3735 1853 eba-

2168 1890 2384 1948 gantur.
2404 1881 2508 1935 Sed
2530 1880 2763 1938 fortasse
2780 1884 2985 1940 dicitur
3008 1887 3076 1941 ab
3103 1891 3446 1946 auditoribus
3467 1894 3618 1959 (62):
3642 1893 3765 1948 llac

2169 1972 2326 2027 nobis
2361 1972 2567 2027 idcirco
2592 1974 2750 2040 dicis,
2786 1986 2842 2032 ut
2866 1987 2921 2033 te
2940 1980 3008 2035 ab
3037 1980 3215 2037 olIicio
3246 1982 3655 2052 disputationis
3672 2001 3768 2039 ex-

2168 2079 2326 2119 cuses
2354 2076 2410 2120 et
2450 2065 2502 2119 in
2540 2067 2607 2121 iis
2644 2066 2821 2132 ﬁnias,
2864 2086 3038 2141 neque
3077 2073 3372 2141 quidquam
3421 2089 3657 2143 prorsus
3684 2076 3767 2128 re!

2169 2172 2237 2211 ex
2270 2157 2337 2211 iis
2369 2158 2569 2226 quibus
2618 2160 3010 2228 possibileest,
3043 2164 3436 2218 censolationis
3470 2165 3767 2231 exhibeas,

2172 2263 2347 2318 neque
2405 2259 2462 2303 ut
2512 2250 2801 2306 Dominum
2849 2255 3164 2322 depreceris
3203 2268 3465 2324 praestare
3528 2260 3763 2327 gratiam

2170 2355 2322 2395 anan
2360 2342 2427 2396 ad
2472 2344 2763 2400 revelanda
2813 2361 2879 2400 ea
2918 2362 3040 2416 quae
3088 2348 3228 2403 lecta
3259 2360 3407 2411 sunt,
3434 2360 3495 2403 ut
3535 2367 3767 2419 parram

2171 2433 2381 2489 saltem.
2404 2436 2587 2491 cibum
2622 2453 2690 2493 ex
2738 2438 3077 2494 occultorum
3107 2451 3175 2496 et-
3194 2454 3535 2497 secretorum
3573 2444 3771 2512 expla-

2173 2528 2398 2583 natione
2445 2542 2756 2586 sumamus.
2803 2529 2935 2586 Non
2968 2533 3069 2586 ista
3099 2533 3167 2588 de
3222 2549 3387 2589 causa
3444 2535 3569 2590 bare
3621 2536 3775 2589 dixi-

2174 2634 2318 2683 mus,
2351 2635 2449 2675 uec
2506 2632 2833 2677 excusmttes
2891 2639 2990 2679 nos
3040 2625 3139 2677 ista
3178 2626 3541 2693 protulimus.
3571 2627 3671 2681 sed
3718 2638 3779 2681 ut

2175 2713 2597 2767 ostenderemus
2639 2713 2691 2766 iu
2724 2713 3025 2783 Scripturis
3058 2717 3261 2770 sanctis
3289 2732 3407 2772 esse
3439 2718 3550 2771 vim
3584 2736 3787 2788 quam-

2174 2803 2321 2870 dam,
2374 2818 2496 2873 qua:
2532 2803 2730 2875 legenti
2769 2806 2932 2860 etiam
2999 2808 3117 2863 sine
3166 2808 3557 2878 explanatione
3615 2812 3776 2865 suﬁ—

2175 2897 2305 2951 oiat.

2247 2987 2299 3040 3.
2340 2985 2493 3044 Nunc
2517 3002 2671 3051 vero,
2698 2989 2955 3058 quoniam
3000 3005 3106 3046 non
3140 2992 3297 3047 nobis
3326 2993 3533 3048 suﬁicit
3558 3005 3778 3065 tempus

2177 3087 2235 3132 ut
2256 3079 2323 3133 de
2349 3080 2602 3134 omnibus
2636 3096 2757 3149 quae
2798 3081 2934 3137 lecta
2980 3091 3107 3137 sunt
3142 3082 3252 3157 (65)
3286 3086 3648 3151 disseramus,
3690 3092 3777 3143 vel

2175 3186 2346 3239 pauca
2376 3170 2591 3237 Saltem,
2622 3175 3057 3241 proutDominus
3071 3177 3383 3242 donaverit,
3422 3182 3778 3252 perstringe-

2178 3276 2319 3318 mus.
2362 3262 2580 3316 luititun
2619 3264 3012 3322 distribuentis:
3047 3270 3580 3338 bwreditatis‘quam
3612 3272 3781 3327 ινδιξεμ

2176 3352 2465 3416 distribuit,
2491 3355 2674 3425 incipit
2694 3374 2721 3411 a
2741 3358 3074 3415 Caleb.Data
3109 3363 3416 3416 esteteuim
3445 3365 3570 3417 huic
3603 3364 3781 3419 Calrb

2177 3446 2446 3515 partionis
2482 3463 2591 3501 sua:
2622 3463 2744 3504 sors
2786 3450 3107 3520 priusquam
3131 3454 3303 3507 tribus
3320 3469 3439 3517 sua,
3462 3470 3583 3522 qua:
3605 3468 3686 3510 est
3718 3458 3779 3509 ti-

2178 3537 2373 3593 liorum
2399 3538 2555 3603 Juda,
2584 3541 2921 3610 perciperet;
2947 3553 3001 3596 et
3031 3544 3190 3597 tiatur
3210 3545 3257 3598 ei
3289 3562 3395 3597 non
3429 3547 3480 3598 in
3508 3549 3778 3602 extremis

2180 3631 2452 3701 aliquibus
2473 3636 2740 3702 partibus,
2756 3637 2850 3689 sed
2874 3636 2924 3688 in
2944 3637 3123 3691 medio
3142 3635 3523 3692 ﬁliorumJuda
3547 3642 3773 3693 :etdata

2179 3732 2264 3778 est
2290 3726 2336 3778 ei
2365 3726 2541 3793 portio
2570 3742 2677 3780 non
2693 3742 2788 3797 per
2805 3736 3032 3789 sortem,
3055 3728 3146 3780 sed
3185 3741 3287 3795 per.
3302 3740 3643 3798 praeceptum
3669 3729 3776 3781 Βυ-

2183 3815 2334 3877 mini,
2354 3827 2407 3869 et
2428 3818 2589 3870 datur
2611 3817 2657 3871 ei
2684 3818 2881 3872 civitas
2910 3818 3137 3886 integra.
3156 3816 3326 3884 Quem
3346 3818 3511 3871 alium
3541 3818 3769 3888 dignum

2182 3924 2298 3964 erat
2325 3909 2483 3963 talem
2512 3911 2771 3979 consequi
2803 3911 3199 3979 luereditatem,
3222 3923 3277 3966 et
3300 3911 3460 3966 talem
3486 3915 3773 3981 percipere

2183 4002 2512 4071 portionem,
2555 4002 2653 4055 nisi
2682 4002 2865 4067 (ialeb,
2892 4002 2985 4073 qui
3030 4003 3180 4058 solus
3222 4005 3405 4058 salvus
3428 4002 3653 4058 eﬁcctus
3690 4012 3772 4057 est

2184 4108 2303 4147 cum
2327 4091 2451 4146 .lcsu
2472 4092 2635 4159 Nave,
2657 4108 2718 4147 ex
2746 4096 3018 4148 sexcentis
3042 4094 3277 4149 millibus
3296 4105 3655 4155 arumtorum,
3678 4094 3770 4158 qui

2186 4186 2430 4239 exierant
2453 4184 2519 4237 de
2547 4182 2787 4253 IEgypto
2811 4188 2834 4239 Ἰ
2867 4183 3045 4253 Ipsum
3074 4188 3360 4253 oportebat
3383 4185 3494 4255 (δι)
3526 4188 3770 4253 accipere

2188 4276 2554 4346 metropolim.
2578 4275 2646 4331 Et
2670 4279 2786 4332 ideo
2821 4279 3083 4347 scriptum
3116 4287 3201 4333 est
3223 4278 3291 4332 7°:
3323 4298 3341 4329 ι
3371 4278 3587 4332 Deditei
3613 4276 3769 4331 Iesus

2189 4365 2464 4422 civitatem
2483 4366 2661 4420 Arbuc
2679 4366 3019 4435 metropolitn
3040 4365 3245 4431 Euacb,
3264 4382 3383 4436 qua:
3399 4376 3481 4420 est
3496 4366 3771 4429 Chebron,

2189 4458 2242 4512 in
2281 4472 2385 4526 qua
2427 4468 2603 4512 erant
2632 4458 2905 4512 memoria:
2949 4467 3183 4526 patrum.
3212 4476 3232 4511 ι
3266 4457 3365 4512 Hic
3426 4458 3593 4529 igitur
3638 4458 3773 4511 ciri-

2190 4562 2298 4607 tate
2324 4550 2528 4615 Arboc,
2565 4566 2685 4619 qua:
2720 4561 2838 4605 erat
2885 4550 3197 4619 metropolis
3246 4551 3466 4615 Euarh,
3524 4567 3645 4618 qua:
3690 4561 3772 4604 est

2188 4642 2460 4704 Chebron,
2500 4639 2880 4695 exterminavit
2920 4640 3043 4695 inde
3080 4648 3191 4693 tres
3230 4639 3369 4694 ﬁlios
3406 4640 3588 4695 Eaach
3631 4640 3765 4709 (tib).

2191 4735 2331 4801 Quid
2418 4746 2577 4801 putas
2646 4732 2807 4788 nobis
2877 4732 3062 4787 volens
3129 4732 3414 4803 Scriptura
3483 4734 3768 4786 ostendere

2192 4826 2356 4880 etiam
2387 4825 2487 4881 hoc
2518 4823 2841 4893 designavit,
2877 4822 3018 4893 quod
3060 4822 3224 4879 Caleb
3262 4833 3495 4892 accepta,
3519 4825 3765 4891 portione

2195 4916 2526 4972 beereditatis
2541 4931 2670 4982 suae,
2689 4925 2744 4969 et
2772 4924 2882 4969 tres
2914 4914 3051 4968 ﬁlios
3075 4913 3260 4968 Euach
3293 4912 3699 4975 exterminavit,
3722 4920 3773 4963 et

2197 5009 2415 5064 nomina
2448 5023 2634 5063 eorum
2659 5006 2969 5077 descripsit,
2986 5005 3035 5060 id
3059 5017 3142 5061 est
3166 5004 3351 5071 Susui,
3379 5005 3694 5066 Achlmach,
3719 5013 3771 5057 et

2342 5134 2388 5166 ⁷⁸
2411 5133 2523 5189 Jos.
2569 5149 2657 5198 xv,
2694 5133 2781 5198 l3,
2816 5131 2897 5188 14.

2195 5259 2400 5307 torum.
2442 5268 2460 5300 ι

2268 5321 2379 5389 (65)
2419 5319 2579 5373 Iidem
2598 5334 2642 5370 ει
2668 5318 2804 5373 lecla
2825 5326 2969 5375 sunt.
3008 5337 3026 5369 ι
3051 5317 3206 5372 Libb.
3239 5316 3447 5389 editi_:‘c
3471 5315 3612 5389 dicta
3630 5321 3770 5389 sunt.

2274 5385 2385 5460 (6i)
2425 5390 2627 5445 Omnes
2686 5405 2820 5444 mss.
2869 5408 2887 5439 t
2936 5390 3247 5459 oportebat.
3306 5407 3323 5439 ι
3372 5386 3528 5440 Libb.
3588 5385 3715 5439 editi
3757 5399 3770 5436 :

2206 5478 2227 5512 ι
2254 5471 2490 5525 oportet.
2527 5479 2544 5511 ι

2277 5530 2402 5603 (65)
2430 5530 2586 5603 Libb.
2622 5530 2752 5584 editi
2782 5545 2850 5603 at
2893 5544 3009 5603 qua:
3048 5538 3163 5603 erat
3189 5528 3481 5603 .Qhebron.
3509 5536 3561 5603 _cI
3599 5534 3770 5603 extero

2208 5597 2432 5655 Ininavit
2464 5600 2589 5654 inde
2620 5611 2728 5654 tres
2764 5600 2904 5655 lilios
2937 5597 3386 5666 Euach.»Sicque
3409 5597 3583 5654 ωυιιιι
3611 5597 3769 5650 omit-

2208 5681 2344 5727 tunt.
2372 5669 2499 5726 Mss.
2532 5686 2661 5726 vero
2697 5680 2751 5726 ut
2780 5670 2834 5726 iu
2871 5682 3057 5725 nostro
3087 5678 3256 5724 textu.
