4104 6226
386 268 513 323 99.5

1403 263 1474 319 IN
1520 262 1781 319 LIBRUM
1821 262 1981 318 JESU
2022 262 2207 318 NAVE
2248 262 2531 320 llOMlLlA
2566 264 2682 319 XX.

3550 267 3655 323 930

390 386 685 455 Thalami,
708 386 1086 465 generationes
1113 382 1340 443 Enaich?
1372 383 1660 439 Videamus
1705 398 1834 452 ergo
1857 382 1984 451 quid
2016 388 2059 443 Λ
2088 384 2255 443 Caleb
2279 386 2618 453 metropolitn
2658 384 2979 443 lunuil'ttatis
3017 385 3217 443 inanis.
3250 388 3391 444 Duas
3428 390 3652 444 humili-

393 489 493 535 est
518 479 661 548 quod
686 493 787 532 nec
836 476 1033 531 snﬂleit
1074 476 1123 530 ei
1170 475 1354 529 dicere
1394 474 1530 528 tilios
1579 473 1784 536 Enach,
1814 474 1905 527 sed
1931 482 1986 528 et

398 572 631 627 nomina
668 572 907 639 ipsorum
940 568 1168 630 addidit.
1208 574 1263 621 et
1298 581 1457 634 super
1477 565 1657 621 omnia
1695 565 1897 634 adjecit
1917 567 1983 630 ⁸ο,

402 685 423 715 ι
474 664 590 718 ista:
623 670 781 716 erant
813 659 1193 729 generationes
1220 656 1430 711 Enarh.
1469 675 1487 707 ι
1528 654 1635 709 Sed
1670 665 1729 710 et
1763 657 1816 710 in
1850 672 1983 712 con-

399 751 761 821 sequentibus
796 750 981 815 refert,
1013 748 1185 818 quod,
1209 757 1428 813 accepta
1463 746 1792 801 haereditatis
1817 757 1980 810 sorte.

398 844 573 897 Caleh
608 861 627 893 ‹
658 840 899 895 ascendit
930 839 1001 893 ad
1033 854 1129 899 eos
1155 837 1246 906 qui
1298 835 1616 890 habitabant
1671 836 1852 893 Dahir.
1883 837 1985 893 No-

402 950 534 988 men
578 944 758 987 autem
792 931 957 984 Dahir
985 939 1105 991 erat
1159 927 1310 996 prius
1357 927 1551 982 civitas
1603 928 1923 991 litterarum.
1959 943 1978 977 ι

406 1022 713 1078 Videndum
743 1036 872 1091 ergo
895 1028 977 1075 est
1002 1018 1132 1088 quid
1169 1026 1251 1071 est
1278 1016 1423 1085 quod
1452 1015 1605 1086 prius
1641 1024 1760 1072 erat
1790 1015 1984 1070 civitas

400 1114 737 1177 litterarum,
768 1120 821 1167 et
846 1122 1027 1181 postea
1061 1108 1203 1171 facta
1238 1115 1322 1162 est
1351 1106 1537 1161 Dahir.

483 1205 537 1257 4.
578 1204 845 1257 Praeterea
875 1200 1129 1263 refertur,
1154 1198 1278 1267 quia
1313 1207 1369 1252 et
1398 1197 1560 1253 tiliam
1589 1197 1797 1255 habens
1822 1196 1986 1253 Caleb

403 1294 752 1367 proposuerit
781 1292 943 1347 talem
971 1290 1273 1361 quamdam.
1302 1289 1669 1345 conditionem
1701 1288 1943 1343 dicens"
1967 1303 1982 1340 :

408 1406 429 1438 ς
483 1388 799 1461 Quicunque
840 1381 1426 1454 exscinderepotuerit
1456 1380 1738 1435 civitatem
1777 1378 1985 1433 littera—

404 1491 563 1541 rum,
583 1484 640 1529 et
668 1475 962 1529 obtinuerit
990 1488 1133 1535 eam,
1166 1472 1306 1526 dabo
1328 1472 1379 1526 ei
1412 1472 1583 1525 Axam
1616 1469 1779 1535 tiliam
1810 1484 1984 1524 meam

403 1581 656 1618 uxorem.
702 1583 721 1616 ι
753 1564 996 1631 Cumque
1021 1563 1110 1616 ille
1141 1563 1243 1618 hoc
1278 1562 1668 1631 proposuisset,
1695 1561 1985 1619 Gothoniel

404 1657 552 1710 filius
598 1656 849 1709 Chenner
896 1653 1065 1707 frater
1096 1651 1258 1708 Caleb
1292 1653 1480 1722 junior
1523 1653 1667 1721 cepit
1709 1653 1982 1707 civitatem

2089 486 2223 533 tates
2259 491 2380 533 esse
2402 486 2617 540 certttnt
2638 486 2741 533 est.
2761 475 2940 532 Unam
2961 477 3307 545 laudabilem,
3332 480 3398 534 de
3438 496 3543 549 qua
3573 480 3655 534 di-

2086 568 2161 621 cit
2190 567 2438 623 Salvator
2464 567 2517 603 ⁸³-
2546 583 2561 621 :
2591 586 2613 621 ι
2656 568 2859 624 Discite
2887 585 2916 622 a
2961 584 3068 631 me,
3096 570 3226 637 quia
3265 570 3415 623 mitis
3441 585 3563 623 sum
3597 576 3654 624 et

2088 657 2307 714 humilis
2330 658 2513 722 corde,
2548 668 2604 712 et
2649 658 2945 717 invenietis;
2975 662 3226 729 requiem
3255 660 3540 715 animabus
3559 676 3653 713 vo-

2085 749 2233 803 stris.
2281 766 2298 799 ι
2339 747 2403 805 Ει
2443 750 2511 805 de
2546 749 2645 803 hac
2691 750 3004 805 humilitate
3048 749 3258 805 dictum
3312 761 3397 804 est
3420 749 3486 812 ⁸⁸,
3526 750 3650 817 quia

2091 857 2117 897 «η
2148 839 2325 894 omnis
2354 839 2443 908 qui
2486 854 2545 894 se
2573 839 2849 904 humiliat,
2884 840 3233 898 exaltabitur.
3264 860 3290 893 ι
3324 841 3387 896 Ει
3429 842 3648 897 alibi":

2091 947 2110 981 ι
2138 928 3357 1001 llumiliaminisubpotentissimamanuDei.i
3375 932 3539 1004 M3
3560 934 3654 989 Est

2086 1031 2267 1077 autem
2291 1030 2343 1075 et
2368 1020 2474 1077 alia
2508 1020 2795 1081 humilitas.
2826 1020 3123 1091 adfabilis.
3144 1032 3512 1090 peccatorum.
3541 1027 3654 1081 sic-

2086 1122 2146 1165 ut
2179 1112 2266 1164 illa
2298 1127 2459 1179 quam
2492 1113 2559 1167 de
2605 1112 2797 1167 illicito
2832 1112 2991 1171 Milli.
3026 1112 3165 1173 dieit
3194 1113 3496 1182 Scriptura,
3525 1119 3651 1185 quia

2087 1204 2392 1258 lnnniliavit
2423 1204 2593 1269 illam,
2614 1205 2767 1273 quod,
2786 1205 2851 1261 de
2874 1205 3102 1263 Ammon
3129 1207 3395 1277 scriptum
3411 1211 3653 1278 est,qnia

2086 1293 2390 1348 humiliavit
2417 1292 2659 1351 Thamar
2700 1309 2945 1353 sororem
2973 1308 3129 1349 suam
3155 1294 3221 1348 ⁸⁸.
3257 1294 3349 1351 Est
3388 1312 3525 1367 ergo
3552 1298 3654 1350 lm-

2088 1386 2285 1441 militas
2315 1385 2492 1441 iuvantis
2520 1400 2640 1454 quae
2663 1385 2943 1440 descendit
2972 1402 3036 1441 ex
3077 1398 3319 1453 peccato.
3347 1387 3524 1455 Hujus.
3552 1390 3656 1458 igi-

2088 1486 2174 1530 tur
2210 1476 2533 1532 humilitatis
2574 1476 2751 1533 inanis
2777 1478 3115 1544 tnewopolim
3147 1479 3294 1549 cepit
3317 1480 3401 1535 vel
3425 1480 3657 1535 exseidit

2087 1564 2272 1630 Caleh,
2298 1574 2352 1619 et
2376 1566 2653 1621 interemit
2695 1575 2806 1622 tres
2834 1567 2979 1627 ﬁlios.
3000 1569 3205 1636 Euach,
3236 1570 3515 1639 quierant
3561 1570 3653 1625 lilii

2087 1652 2263 1706 inanis
2285 1653 2620 1721 humilitatis,
2644 1664 2700 1710 et
2728 1655 2833 1713 illis
2855 1656 3154 1713 interfectis
3177 1659 3292 1729 ipse
3317 1660 3521 1715 habitat
3543 1660 3654 1730 (67)

407 1746 736 1798 litterarum.
772 1743 877 1798 Sed
920 1752 977 1797 et
1014 1743 1186 1811 ipsum
1244 1735 1556 1810 quatstionis
1612 1741 1788 1796 locum
1836 1741 1983 1796 Scri-
2015 1733 2055 1788 Β
2085 1742 2380 1807 civitatem,
2410 1753 2465 1797 et
2511 1742 2639 1797 facit
2685 1760 2805 1813 quae
2853 1745 2905 1798 in
2940 1748 3397 1817 consequentibus
3452 1749 3654 1818 scripta

406 1847 571 1904 ptura
623 1844 814 1889 sancta
848 1834 1111 1903 posuerit,
1145 1834 1188 1887 si
1226 1842 1425 1898 tamen,
1460 1843 1518 1888 ut
1564 1832 1821 1896 diximus,
1848 1834 1980 1887 nihil

403 1927 587 1980 otiose
608 1926 660 1979 in
702 1926 785 1979 his
822 1925 999 1978 verbis
1028 1925 1488 1994 przetereundum,
1520 1925 1666 1994 quod
1692 1924 1982 1980 Gothouiel

408 2020 582 2073 frater
625 2033 745 2074 esse
796 2019 996 2073 dicitur
1044 2016 1229 2079 Caleb,
1253 2024 1306 2069 et
1347 2015 1511 2072 Caleb
1547 2017 1691 2071 illius
1722 2019 1983 2073 scribitur

405 2110 636 2174 Jeﬂ'one,
670 2123 725 2164 et
745 2109 1034 2166 Gothoniel
1073 2109 1215 2163 ﬁlius
1241 2109 1515 2164 Chenner.
1546 2110 1827 2179 Quomodo
1855 2126 1985 2182 ergo

408 2202 681 2256 videbitur
721 2201 889 2255 frater
919 2215 1043 2256 esse
1081 2199 1271 2263 Caleb,
1307 2200 1400 2270 qui
1444 2216 1549 2254 non
1584 2211 1669 2255 est
1700 2202 1841 2255 ﬁlius
1870 2202 1982 2257 Jef-

408 2292 562 2359 fone,
589 2293 680 2348 sed
707 2292 795 2347 ille
821 2293 1021 2346 dicitur
1069 2292 1213 2347 [ilius
1244 2289 1469 2356 Jell‘one,
1494 2292 1598 2346 iste
1631 2304 1810 2345 autem
1847 2294 1985 2350 ﬁlius

406 2383 682 2446 Cheuuer,
716 2383 815 2451 qui
832 2382 1038 2437 dicitur
1064 2384 1272 2452 cepisse
1301 2382 1580 2436 civitatem
1631 2381 1985 2439 litterarum?

408 2474 485 2529 De
521 2490 629 2544 quo
660 2476 900 2541 additur,
931 2475 1060 2544 quia
1104 2484 1161 2529 et
1187 2474 1375 2545 junior
1422 2484 1561 2539 erat,
1588 2483 1641 2529 et
1670 2490 1767 2544 per
1807 2478 1986 2531 condi-

409 2567 612 2621 tionem
637 2566 856 2621 virtutis
905 2567 1096 2621 merito
1127 2567 1397 2637 acceperit
1427 2566 1600 2620 Axam
1625 2566 1789 2620 ﬁliam
1823 2566 1986 2623 Caleb

408 2673 659 2720 uxorem,
688 2659 813 2728 quia
846 2659 1081 2714 cxscidit
1118 2668 1173 2714 et
1202 2658 1435 2729 perdidit
1473 2657 1748 2712 civitatem
1779 2657 1987 2712 littera-

405 2764 551 2802 rmn.
594 2747 795 2803 Exieus
851 2759 1029 2804 autem
1068 2749 1137 2805 de
1174 2750 1333 2803 domo
1363 2749 1529 2818 patris
1566 2747 1650 2802 sui
1682 2747 1817 2811 Axa,
1866 2763 1986 2817 quae

414 2838 455 2890 εἰ
490 2855 554 2891 cx
587 2849 735 2892 certa
778 2839 1090 2894 conditione
1139 2847 1362 2907 nuptum
1397 2838 1593 2891 tradita
1640 2844 1759 2902 cst,
1792 2838 1987 2890 sedens

411 2945 573 2998 super
622 2931 831 2984 asinum
870 2929 1081 2985 dicebat
1126 2930 1245 2983 viro
1301 2943 1399 2982 suo
1427 2929 1472 2960 ⁸⁸
1504 2946 1518 2982 :
1550 2946 1569 2979 ι
1622 2927 1803 2982 Petam
1836 2944 1862 2980 a
1896 2943 1987 2995 pa-

411 3034 493 3078 tre
530 3038 650 3078 meo
691 3024 991 3093 portionem
1040 3022 1179 3091 agri.
1219 3021 1284 3075 Et
1313 3020 1640 3075 exclamavit
1686 3020 1753 3073 de
1782 3030 1982 3082 monte,

409 3127 465 3169 et
515 3116 650 3169 dixit
694 3118 741 3170 ei
781 3116 979 3179 Caleh,
1004 3114 1141 3181 Quid
1196 3122 1280 3167 est
1323 3111 1467 3167 tibi?
1500 3121 1553 3166 et
1597 3112 1732 3165 dixit
1771 3111 1817 3164 ei
1857 3127 1873 3162 :
1913 3110 1984 3162 Da

413 3205 542 3259 mihi
569 3207 1018 3269 benedictionem,
1048 3205 1171 3272 quia
1200 3205 1252 3257 in
1278 3214 1425 3258 terra
1455 3203 1624 3256 austri
1657 3211 1875 3270 nuptum
1903 3216 1989 3254 me

413 3298 704 3359 tradidisti.
741 3298 805 3351 Et
844 3298 1052 3365 accepit
1085 3298 1370 3352 Gonetlam
1400 3296 1756 3363 superiorem,
1788 3304 1842 3348 et
1880 3293 1989 3349 Go-

408 3390 613 3459 rnetlam
652 3389 985 3444 inferiorem.
1018 3408 1035 3440 ι
1062 3388 1126 3441 Ει
1153 3387 1422 3442 conclusit
1451 3386 1731 3452 Scriptura
1765 3386 1983 3439 dicens:

422 3498 443 3533 ι
481 3479 605 3533 llzcc
655 3489 738 3533 est
773 3478 1063 3533 hcereditas
1115 3478 1288 3532 tribus
1342 3476 1499 3531 Juda.
1537 3494 1555 3525 ι
1605 3474 1810 3529 Videtis
1860 3474 1982 3544 quia

413 3588 538 3626 vere
568 3571 771 3623 auxilio
799 3570 889 3624 Dei
916 3584 1050 3639 opus
1085 3579 1189 3629 est,
1217 3579 1273 3621 ut
1304 3569 1417 3622 luec
1442 3566 1718 3636 explanari
1750 3564 1987 3634 queant?

416 3661 752 3732 llttpOSSlbllc
788 3675 1014 3730 prorsus
1044 3669 1127 3713 est
1169 3660 1335 3714 ulhnn
1371 3660 1649 3713 hominum
1679 3658 1743 3709 de
1783 3658 1848 3709 iis
1877 3656 1985 3709 dis-

415 3768 627 3813 serere,
673 3751 781 3804 nisi
822 3750 1156 3804 illuminatus
1206 3766 1304 3818 per
1364 3749 1455 3803 Dei
1508 3747 1734 3817 gratiam
1797 3744 1980 3800 fuerit.

420 3843 541 3896 ldeo
583 3857 711 3912 ergo
750 3841 930 3907 juvate
964 3858 1046 3895 me
1068 3841 1432 3901 orationibus,
1462 3850 1515 3893 et
1545 3855 1753 3895 mecmn
1780 3840 1985 3911 pariter

418 3935 673 3996 laborate,
696 3942 754 3986 ut
786 3932 1044 3985 Dominus
1075 3933 1127 3985 iu
1152 3933 1236 3985 his
1265 3941 1374 3985 tam
1403 3933 1647 3987 obscuris
1668 3942 1722 3986 et
1749 3934 1981 3987 abscon-

416 4026 538 4079 ditis
573 4024 707 4079 locis
731 4024 903 4078 lucem
926 4024 1179 4089 veritatis
1207 4026 1362 4079 nobis
1394 4024 1647 4093 dignetur
1675 4026 1979 4088 ostendere,

417 4126 471 4171 ut
499 4127 550 4169 et
582 4130 679 4169 nos
710 4114 861 4167 vobis
885 4113 1155 4183 possimus
1181 4115 1392 4184 aperire
1414 4113 1682 4182 quomodo
1704 4115 1820 4169 haec
1849 4128 1979 4168 vera

417 4218 466 4261 ct
500 4207 650 4260 utilia
680 4215 733 4259 et
774 4206 952 4258 divina
979 4213 1125 4271 sunt,
1152 4206 1247 4260 sed
1271 4220 1368 4275 pro
1401 4204 1696 4271 fragilitate
1727 4206 1977 4258 humana:

421 4306 621 4349 natum
661 4294 876 4348 obtecta
924 4296 1282 4350 sacramentis
1321 4303 1375 4349 et
1404 4295 1642 4348 involuta
1683 4295 1976 4364 mysteriis.

2084 1839 2233 1886 sunt.
2282 1831 2383 1896 Qui
2420 1842 2609 1885 autem.
2650 1845 2785 1887 sunt
2825 1833 2911 1889 isti
2963 1834 3055 1889 lilii
3105 1837 3283 1890 inanis
3333 1837 3658 1891 humilitatis

2085 1938 2220 1991 quos
2256 1925 2644 1979 exterminavit
2668 1924 2879 1980 Caleb?
2911 1926 3123 1983 Primus
3161 1929 3319 1983 Susui
3349 1931 3438 1999 qui
3487 1929 3658 1983 inter.

2085 2025 2323 2083 pretatnr
2348 2026 2495 2067 extra
2526 2032 2603 2067 me
2634 2012 2766 2086 (68),
2796 2015 2898 2069 hoc
2920 2026 3001 2072 est
3042 2025 3197 2070 extra
3234 2030 3503 2078 sanctum.
3531 2018 3653 2087 quia

2084 2114 2237 2158 extra
2268 2115 2514 2160 sanetum
2562 2114 2645 2160 est
2688 2105 2828 2159 [ilius
2869 2106 3050 2159 inanis
3086 2106 3437 2172 humilitatis,
3464 2108 3572 2160 imo
3602 2115 3657 2160 et

2085 2205 2236 2249 extra
2274 2195 2462 2250 Deum.
2488 2196 2582 2250 Est
2613 2206 2667 2251 et
2706 2197 2846 2251 alius
2875 2198 3162 2261 Achintan,
3196 2198 3285 2267 qui
3331 2199 3659 2266 interpreta-

2088 2297 2173 2345 tur
2195 2289 2355 2356 frater
2374 2304 2517 2340 mens
2543 2297 2690 2341 extra
2711 2289 2985 2342 consilium
3010 2288 3144 2359 (69).
3164 2288 3313 2343 velut
3334 2289 3378 2342 si
3406 2290 3655 2343 dicamus

2087 2379 2254 2433 frater
2311 2380 2430 2434 sine
2453 2378 2697 2433 consilio.
2744 2380 2944 2435 Omnes
2993 2382 3191 2436 etenim
3226 2380 3422 2437 fratres
3453 2383 3543 2452 qui
3592 2382 3660 2436 de

2088 2471 2393 2526 humilitate
2424 2470 2575 2524 inani
2622 2482 2939 2535 nascuntur,
2975 2480 3181 2526 certum
3213 2482 3295 2526 est
3320 2472 3447 2540 quia
3476 2482 3532 2524 et
3562 2486 3655 2527 ex-

2089 2576 2168 2619 tra
2206 2566 2492 2622 consilium
2535 2577 2679 2623 sunt.
2718 2565 2932 2619 Tertius
2966 2563 3239 2627 Thalami,
3269 2566 3360 2633 qui
3397 2564 3661 2632 interpres

2090 2667 2234 2712 tatur
2260 2657 2611 2726 pra’cipitinm
2645 2656 3022 2725 vel-suspensio
3052 2656 3163 2726 (70)
3197 2674 3210 2710 :
3237 2657 3379 2726 quod
3414 2657 3661 2725 designat

2090 2748 2222 2803 nihil
2255 2749 2307 2802 in
2340 2762 2404 2800 eo
2431 2749 2765 2812 stabilitatis,
2787 2749 2881 2802 sed
2909 2764 3045 2817 vaga
3065 2748 3245 2802 omnia
3264 2759 3318 2801 et
3341 2748 3394 2801 in
3425 2763 3661 2816 praeceps

2093 2841 2320 2895 ruentia.
2356 2839 2493 2894 Istos
2532 2854 2661 2908 ergo
2685 2839 2964 2895 treslilios-
2989 2840 3177 2895 Enacln
3196 2840 3576 2895 exterminavit
3606 2850 3663 2894 et

2091 2932 2362 2985 interfecit
2395 2931 2579 2994 Caleb,
2615 2941 2670 2986 et
2714 2940 2836 3001 pOSl
2874 2931 3015 2986 istos
3051 2930 3331 2985 tlescettdit
3372 2931 3424 2984 in
3476 2930 3655 2986 Dahir.

2094 3021 2296 3078 Nomen
2340 3035 2456 3078 erat
2499 3026 2664 3079 Dahir
2714 3028 2865 3095 prius
2898 3027 3093 3080 civitas
3136 3026 3463 3082 litterarum.
3495 3025 3662 3079 Dahir

2094 3116 2479 3184 interpretatur
2508 3117 2713 3186 loquela
2745 3118 2877 3187 (7|).
2907 3118 3012 3171 Sed
3045 3133 3240 3173 nomen
3288 3117 3471 3179 Dahir,
3508 3116 3661 3185 prius

2089 3206 2281 3260 civitas
2338 3205 2669 3262 litterarum.
2712 3207 2882 3277 igitur
2928 3208 3207 3262 civitatem
3240 3209 3539 3262 litterarum
3578 3208 3662 3261 in-

2091 3295 2269 3365 telligo
2315 3312 2476 3351 omne
2535 3298 2868 3352 Testamenti
2912 3297 3126 3353 Veteris
3193 3298 3659 3353 instrumentum:

2089 3384 2138 3437 id
2161 3396 2241 3440 est
2271 3394 2323 3439 et
2352 3386 2492 3440 hanc
2517 3386 2683 3455 ipsam
2720 3402 2881 3455 quam
2918 3404 3056 3443 nunc
3100 3388 3367 3443 disserere
3396 3403 3662 3443 conamur

2088 3474 2420 3544 Scripturam
2445 3517 2460 3542 ,
2504 3476 2874 3546 intelligamus
2901 3492 3021 3531 esse
3040 3479 3313 3532 civitatein
3333 3478 3658 3541 litterarum,

2085 3581 2204 3635 qua:
2233 3568 2570 3637 postmodum
2606 3568 2869 3623 eﬂlcialur
2901 3568 3083 3635 Dahir,
3126 3567 3268 3637 quod
3313 3579 3393 3623 est
3425 3568 3658 3636 loquela.

2088 3657 2212 3715 llaec
2242 3661 2441 3717 etenim
2471 3677 2592 3731 quae
2620 3662 2771 3732 prius
2796 3663 2857 3717 in.
2882 3661 3074 3717 litteris
3102 3670 3240 3722 erat,
3271 3671 3333 3715 et
3353 3661 3655 3715 sectmdum

2085 3748 2389 3805 litterarum
2434 3753 2855 3821 intelligebatur,
2887 3754 3046 3806 modo
3073 3751 3125 3805 in
3157 3750 3414 3805 Ecclesiis
3447 3749 3663 3805 Christo

2085 3842 2356 3895 revelante
2397 3843 2643 3903 Domino.
2679 3844 2901 3913 loquela
2935 3844 3124 3898 tellecta
3155 3851 3263 3907 est,
3311 3842 3664 3911 loquentibus

2085 3944 2140 3989 et
2189 3936 2583 3989 disserentibus
2625 3936 2799 4003 primo
2836 3936 3040 3990 sanctis
3078 3934 3359 4004 apostolis,
3383 3944 3438 3990 et
3482 3949 3663 3988 remo-

2080 4026 2333 4080 ventibus
2375 4025 2714 4093 superﬁciem
2746 4026 2964 4092 litterze,
3010 4026 3413 4095 proferentibus
3441 4040 3570 4080 vero
3593 4026 3662 4079 de

2080 4131 2142 4170 ea
2188 4116 2485 4183 spiritalem
2517 4116 2809 4185 loquelam.
2852 4116 2961 4173 Sed,
2998 4127 3052 4171 et
3091 4117 3292 4187 singuli
3328 4117 3530 4187 quique
3562 4116 3659 4170 ἀο-

2081 4216 2259 4262 ctores
2303 4207 2667 4261 Ecclesiarum
2708 4206 2941 4267 litteram
2965 4206 3099 4277 legis
3137 4206 3428 4276 loquelam,
3459 4215 3514 4261 et
3546 4206 3662 4260 dis-

2080 4296 2412 4366 putationem
2466 4297 2831 4367 evangelicam
2878 4296 3104 4351 faciunt.
3157 4296 3257 4362 Qui
3308 4305 3489 4351 autem
3535 4302 3670 4355 sunt

484 4386 538 4439 5.
579 4385 760 4439 Primo
786 4399 915 4454 ergo
941 4384 1301 4440 discutiamus
1328 4402 1501 4455 quare
1527 4387 1863 4453 metropolim
1890 4398 1979 4439 ac-
2011 4411 2059 4465 ι)
2086 4399 2195 4445 tres
2250 4389 2339 4443 lilii
2384 4389 2586 4450 Enach,
2633 4402 2773 4457 quos
2800 4386 2985 4452 Caleb,
3005 4388 3057 4441 in
3092 4385 3244 4453 cujus
3283 4401 3514 4455 persona
3554 4385 3663 4440 vir.

419 4478 559 4546 cepit
594 4475 778 4540 Caleb,
807 4484 860 4530 et
894 4475 1039 4529 illam
1074 4492 1195 4545 qua:
1237 4477 1410 4547 prima
1444 4478 1586 4531 inter
1611 4488 1834 4533 caeteras
1860 4492 1974 4531 om-

425 4584 514 4623 nes
546 4569 597 4621 in
630 4577 770 4621 terra
823 4568 1259 4636 repromissionis
1305 4572 1618 4639 metropolis
1648 4571 1978 4632 nominatur,

421 4670 466 4713 et
505 4659 841 4728 metropolim
889 4659 1095 4715 Enach.
1144 4661 1322 4716 Euaeh
1367 4662 1754 4731 interpretatur
1806 4661 1976 4713 humi-

421 4753 539 4804 litas
569 4751 761 4817 inanis,
802 4751 882 4805 vel
908 4755 1173 4821 responsio
1212 4754 1544 4824 inan‘s(66).
1587 4753 1810 4823 Accepit
1849 4767 1979 4821 ergo

481 4855 648 4934 solos.
671 4858 860 4923 xv,l5.
901 4866 944 4898 ⁸¹
973 4867 1126 4934 ibid.,
1154 4867 1241 4923 l6.
1316 4868 1559 4933 "ibid.,_
1617 4869 1702 4931 18,
1746 4869 1827 4934 l9,
1857 4869 1953 4925 20.

419 4936 461 4967 "
490 4932 509 4987 1
541 4934 673 5004 Reg.
711 4949 830 4988 xm.

488 5076 600 5139 (66)
644 5075 1238 5147 Enarh.interpretatur
1278 5080 1571 5137 humilitas,
1595 5078 1768 5132 inanis
1801 5077 1877 5147 uel
1904 5092 1984 5128 re-

425 5150 630 5229 sponsio
678 5148 876 5227 inanis.
913 5146 1005 5229 Ab
1037 5159 1141 5211 διν
1178 5167 1195 5198 ι
1231 5150 1530 5218 respondit,
1564 5146 1993 5213 liuiniliavit,iet

420 5222 1000 5293 Ptj‘ivacttusﬂnanis.
1036 5237 1054 5268 ι

424 5284 733 5406 ἰήιᾝίξιωῗ.
764 5286 1075 5354 Saugcrtn.,
1095 5305 1115 5338 α
1142 5288 1370 5342 habitat.
1411 5306 1429 5339 ι
1462 5287 1618 5342 L'lih.
1649 5286 1814 5345 editi:
1849 5306 1867 5338 ί
1895 5286 1990 5339 ha—

492 5422 601 5505 (68)
645 5422 933 5494 δμωῇσιιὶ
981 5426 1359 5505 interpretatur
1391 5438 1541 5479 extra
1585 5441 1686 5479 me.
1745 5424 1826 5477 Ah
1881 5432 1988 5505 γἸΠ

432 5509 447 5541 ‹
484 5504 631 5543 extra
660 5511 676 5540 ι
711 5505 765 5545 et
803 5495 1119 5561 pronomine
1161 5496 1317 5548 τεΠὶχο
1346 5504 1388 5547 ν.

490 5561 600 5629 (till)
644 5562 923 5624 Arhitnuu,
959 5566 1045 5632 qui
1082 5568 1456 5633 interpretatur
1479 5564 1643 5632 frater
1670 5580 1811 5617 metu
1836 5574 1986 5616 extra

427 5634 716 5687 consilium.
742 5633 993 5701 Suspicio
1025 5647 1105 5690 cst
1129 5635 1566 5705 etymulugistatu
1599 5634 1790 5705 legisse
1818 5635 1985 5687 Achi-

2090 4492 2257 4537 tutem
2301 4480 2432 4550 legis
2477 4479 2897 4547 ascripseramus
2924 4517 2940 4543 ,
2978 4477 3281 4533 interimit?
3331 4476 3510 4532 Inanis
3563 4478 3669 4531 hu-

2088 4570 2288 4624 militas
2316 4569 2631 4639 accipienda
2670 4578 2752 4622 est
2783 4568 2900 4632 illa,
2933 4583 3097 4638 quam
3140 4583 3329 4623 omnes
3368 4565 3524 4636 hujus
3557 4580 3669 4621 seu

2086 4661 2189 4715 culi
2230 4674 2398 4730 poetae
2437 4660 2841 4728 velphilosotthi
2894 4661 2957 4714 de
3013 4660 3291 4715 divinitate
3343 4666 3664 4721 senserunt,

2085 4754 2212 4822 quia
2249 4764 2295 4806 el
2338 4752 2555 4806 humilia
2585 4760 2635 4807 et
2671 4752 2780 4805 Deo
2817 4752 3033 4823 indigna
3057 4762 3180 4807 sunt
3217 4764 3334 4819 qna:
3355 4756 3660 4803 senserunt.

2038 4869 2083 4901 ⁸³
2111 4868 2301 4926 Matth.
2355 4884 2441 4931 ut,
2478 4868 2568 4923 29.
2643 4869 2690 4901 ⁸³
2718 4869 2852 4925 Luc.
2898 4883 3009 4933 χεν,
3048 4868 3134 4923 ll.

3210 4867 3255 4899 ⁸⁸
3282 4864 3321 4919 1,
3349 4863 3490 4919 Petr.
3516 4877 3575 4927 v,
3604 4861 3658 4916 6.

2097 5081 2269 5130 maaz,
2294 5076 2349 5120 et
2373 5065 2745 5135 etymologiam
2786 5078 2937 5117 suam
2978 5060 3195 5115 duxisse
3224 5074 3286 5113 ex
3321 5068 3425 5119 inte
3453 5079 3470 5109 ‹
3503 5059 3667 5135 frater

2098 5152 2253 5259 {nens
2290 5155 2305 5183 ι
2335 5145 2389 5189 et
2412 5131 2503 5223 In,
2535 5131 2652 5197 βία
2688 5142 2902 5202 ρι’ςυιεισ,
2932 5140 3115 5195 extra,
3155 5148 3171 5179 ι
3202 5139 3256 5183 et
3282 5139 3394 5191 ΠΥ]
3429 5149 3445 5179 ‹
3485 5131 3667 5182 consi-

2120 5220 2248 5258 tum.
2283 5223 2300 5253 ι

2170 5288 2280 5358 (70)
2308 5286 2564 5349 Thalami,
2594 5287 2682 5356 qui
2710 5286 3084 5358 interpretatur
3111 5285 3457 5353 prwcipitium
3483 5283 3562 5336 vel
3584 5300 3669 5335 su-

2097 5352 2318 5439 spensio.
2354 5352 2647 5438 Suspensio
2671 5385 2700 5423 a
2727 5352 2885 5428 ώΠῖ
2918 5352 3227 5436 suspendit,
3261 5386 3279 5415 ι
3310 5366 3663 5439 praecipitium

2098 5431 2276 5573 ante?
2311 5431 2552 5505 Thalami
2588 5452 2690 5506 dici
2743 5466 2901 5521 posse
2945 5431 3053 5504 non
3086 5431 3520 5513 videturfnisi'a
3549 5431 3665 5506 δίνη

2106 5540 2123 5572 σ
2156 5536 2217 5573 su
2242 5536 2357 5573 cus.
2401 5540 2418 5571 ›

2106 5540 2123 5572 σ
2156 5536 2357 5575 SUICUS.
2401 5540 2418 5571 ›

2165 5603 2216 5674 (7
2229 5605 2270 5675 Ι)
2286 5602 2447 5658 Dabir
2460 5603 2829 5673 interpretatur
2840 5601 3063 5671 loquela.
3077 5601 3120 5657 A
3131 5610 3243 5662 ἾΞἹ
3260 5619 3277 5653 ι
3298 5599 3509 5657 locutus
3524 5605 3623 5656 εει.
3638 5615 3659 5649 ι
