4104 6226
505 255 608 308 9‘27

1952 249 2271 309 ORIGENiS
2360 274 2364 277 ·

3733 242 3901 296 9ἳῖ

512 369 647 434 Quid
689 368 833 422 enim
879 377 987 423 tam
1039 368 1242 423 humile
1287 375 1341 424 et
1384 368 1516 438 quid
1566 378 1673 425 tam
1719 370 1951 425 inaniter
1984 372 2086 426 hn-
2117 372 2164 429 Α
2191 382 2315 420 ιιιιιη
2380 367 2563 435 (super
2591 378 2749 432 quem
2790 364 2997 417 asinum
3024 364 3048 417 τ
3074 362 3216 417 illum
3252 361 3368 416 sine
3406 357 3611 413 dubio
3641 374 3893 425 quem

513 459 639 511 mile
675 475 835 528 quam
878 459 1022 527 ligna
1071 468 1126 515 et
1180 460 1380 528 lapides
1426 461 1555 517 deos
1605 462 1686 517 vel
1726 473 1969 518 astruere
2004 464 2086 518 vel

512 560 701 619 putare
738 548 1069 621 (72)?llujus
1098 567 1228 622 ergo
1254 552 1431 607 inanis
1458 554 1782 610 humilitatis
1807 555 1946 608 filius
1974 558 2085 625 pri-

515 657 634 693 mus
664 651 747 695 est
782 640 962 705 Susni,
996 643 1085 711 qni
1118 643 1315 697 dicitur
1339 652 1487 697 extra
1517 659 1625 708 me,
1648 646 1749 698 hoc
1774 655 1858 699 est
1882 648 2086 711 primus

513 745 703 783 sensus
724 747 911 786 eorum
933 743 988 787 et
1011 743 1163 787 extra
1188 734 1496 795 veritatem,
1526 744 1581 787 et
1616 746 1772 789 extra
1792 734 1957 788 Deum
1981 737 2113 787 est.‘

514 821 795 879 Secundus
830 838 959 878 vero
992 827 1279 891 Achiman,
1305 828 1355 881 id
1385 836 1467 882 est
1501 827 1670 882 frater
1693 827 1810 881 sine
1839 825 2084 881 consilio.

515 913 739 968 Rectum
758 925 840 970 est
858 931 1005 983 vero,
1030 919 1154 986 quia
1170 928 1223 972 et
1237 919 1335 973 iste
1350 918 1519 975 frater
1540 919 1766 974 sitillius
1782 918 1981 974 erroris
1994 919 2083 986 qui

512 1007 630 1061 sine
653 1009 880 1062 consilio
892 1010 1116 1076 geritur.
1132 1009 1268 1074 Quid
1292 1010 1432 1064 enim
1456 1020 1563 1064 tam
1589 1011 1705 1065 sine
1727 1010 1954 1065 consilio
1981 1021 2084 1077 est,

514 1113 673 1167 quam
728 1097 1035 1165 relinquere
1072 1098 1236 1151 Deum
1296 1099 1387 1169 qui
1428 1114 1524 1154 nos
1550 1100 1698 1166 fecit,
1734 1111 1788 1157 et
1814 1101 1966 1169 sequi
1994 1117 2087 1157 eos

516 1206 651 1258 quos
691 1205 789 1243 nos
824 1190 1097 1245 fecimus?
1128 1192 1345 1248 'l'ertius
1372 1195 1577 1250 erroris
1613 1211 1804 1250 sensus
1832 1205 1913 1249 est
1946 1195 2086 1249 Tha-

516 1281 667 1344 lami,
694 1281 838 1347 quod
876 1291 958 1335 est
990 1284 1343 1353 praecipitium
1388 1286 1471 1340 vel
1521 1287 1827 1356 suspensio.
1856 1287 2088 1341 Novissi-

516 1384 598 1420 ma
636 1383 867 1435 namque
894 1371 1047 1436 hujus
1080 1374 1286 1427 erroris
1318 1377 1543 1429 tendunt
1576 1376 1627 1429 in
1652 1378 2002 1447 prmcipitinm
2034 1388 2088 1434 et

515 1460 569 1513 in
617 1461 935 1529 profundum
989 1466 1209 1522 inferni.
1245 1469 1389 1540 Ergo
1423 1470 1520 1524 hos
1544 1471 1863 1538 gentilitatis
1892 1485 2088 1524 sensus

513 1560 769 1619 tanquam
825 1555 962 1611 filios
1012 1557 1190 1612 Enaeh
1234 1561 1429 1613 vetusti
1474 1561 1681 1614 erroris
1711 1561 1941 1615 abscidit
1977 1562 2083 1628 lex,

514 1656 632 1709 quae
653 1645 816 1697 etiam
846 1647 1140 1699 secundum
1175 1648 1411 1704 litteram
1437 1651 1602 1704 Deum
1629 1664 1812 1704 verum
1842 1662 1895 1705 et
1925 1651 2084 1706 Crea-

513 1740 685 1785 torem
712 1734 952 1787 omnium
986 1738 1264 1805 pra‘dicat.

583 1823 635 1876 6.
680 1824 783 1877 Sed
824 1842 965 1878 nunc
1001 1830 1249 1882 ascendit
1297 1828 1463 1885 Calcb
1497 1832 1563 1885 ad
1612 1831 1768 1885 istam
1809 1832 2082 1887 civitatem

511 1911 907 1979 litterarum,et
937 1918 1067 1971 dixit
1092 1920 1134 1951 ⁸⁷
1170 1937 1181 1972 :
1214 1937 1233 1971 ι
1263 1921 1581 1991 Quicunque
1619 1924 1909 1978 cxsciderit
1945 1926 2077 1978 civi-

515 2014 680 2057 tatein
724 2007 879 2061 istam
926 2009 1249 2076 litterarum,
1283 2024 1337 2066 et
1363 2014 1659 2068 obtinuerit
1686 2030 1837 2082 eam,
1869 2017 2007 2070 dabo
2037 2016 2084 2070 ei

514 2097 680 2149 Axam
710 2097 868 2150 tiliam
897 2116 1069 2153 meam
1114 2118 1362 2157 uxorem.
1394 2104 1458 2158 Et
1487 2106 1629 2173 ccpit
1654 2121 1770 2159 eam
1800 2106 2085 2161 Gothonicl

517 2188 657 2241 tilins
693 2188 963 2246 Clienner.
1005 2211 1024 2243 ι
1067 2193 1356 2248 Gothoniel
1384 2206 1564 2249 autem
1601 2200 1688 2264 qui
1719 2199 1929 2265 accepit
1960 2199 2089 2253 civi-

520 2287 686 2331 tatem
720 2280 1048 2345 litterarum,
1089 2283 1479 2352 interpretatur
1526 2287 1793 2357 responsio
1829 2286 1921 2339 Dei
1949 2288 2085 2358 (75).

516 2368 819 2436 Responsio
844 2383 1022 2426 autem
1051 2375 1141 2427 Dei
1174 2376 1277 2427 dici
1304 2387 1477 2445 potest
1498 2381 1583 2433 cui
1613 2383 1895 2449 reSpondct
1926 2384 2087 2449 Dens,

518 2458 621 2511 hoc
655 2468 739 2513 est
766 2462 849 2512 cui
904 2463 1107 2515 revelat
1148 2477 1380 2534 secreta,
1412 2480 1464 2523 et
1499 2471 1685 2537 pandit
1726 2488 1945 2526 arcana.
1984 2472 2090 2528 Istc

515 2561 644 2615 ergo
678 2559 761 2602 est
800 2552 889 2617 qui
929 2563 1105 2621 potest
1152 2558 1397 2625 accipere
1446 2559 1717 2614 civitatem
1761 2562 2086 2631 litterarum,

515 2648 569 2690 et
598 2641 798 2693 veteris
840 2642 1180 2699 instrumenti
1218 2650 1537 2705 exscindere
1573 2652 1807 2707 litteram
1840 2656 2090 2710 occiden-

520 2738 647 2783 tem.
702 2730 894 2786 Frater
927 2733 1093 2789 Caleb
1118 2736 1320 2803 junior.
1357 2740 1471 2811 Ego
1528 2752 1705 2797 autem
1746 2760 1863 2798 sum
1895 2747 1960 2801 de
1990 2749 2090 2801 Ec-

516 2819 681 2873 clesia
722 2822 885 2876 frater
913 2822 1079 2878 Caleb
1105 2827 1306 2895 junior,
1346 2831 1436 2898 qui
1476 2832 1715 2888 exscissa
1732 2849 1794 2888 ac
1843 2835 2089 2891 discussa

520 2909 651 2980 legis
679 2912 874 2977 littera,
904 2931 1126 2970 sensum
1155 2919 1205 2971 in
1238 2934 1298 2973 ea
1330 2922 1663 2989 spiritualem
1704 2925 1943 2994 requiro.
1987 2929 2091 2981 lix-

2187 458 2463 513 solverant
2515 456 2762 526 discipuli
2823 458 3196 526 Salvatoris),
3236 455 3363 510 dicit
3418 454 3485 508 ad
3572 461 3887 522 putrem

2186 568 2339 606 suum
2388 550 2432 582 ⁸³
2475 566 2488 600 :
2533 567 2552 600 ι
2612 549 2684 603 Da
2746 550 2877 603 mihi
2933 549 3404 611 benedictionem,
3459 558 3700 612 pater-
3795 545 3889 597 Et

2188 644 2389 713 arccpit
2418 644 2699 698 Corneliam
2739 643 3097 711 superiorem,
3125 652 3179 696 et
3208 641 3496 696 Gonetlam
3552 640 3877 693 inferio-

2189 750 2320 787 rem.
2380 733 2540 805 “7
2576 754 2594 786 ι
2647 734 2796 799 Quod
2828 732 3127 786 evidentius
3158 732 3452 799 Apostolus
3496 732 3681 784 dicit
3734 731 3809 760 ”
3846 746 3868 782 :

2194 844 2211 875 ι
2245 824 2691 877 Pniiicitatioucm
2736 825 2941 877 habens
2968 824 3089 875 vitae
3116 821 3231 889 ejus
3262 839 3381 890 qua:
3414 836 3586 874 nunc
3621 829 3738 875 est
3790 829 3861 874 α

2187 913 2402 968 futurae.
2446 934 2462 965 ι
2503 913 2563 967 Et
2618 925 2674 968 ut
2712 913 2965 968 Salvator
3009 914 3338 981 repromittit
3374 915 3445 967 iis
3487 914 3614 983 qui
3684 930 3845 967 ver-

2188 1006 2238 1059 bi
2272 1007 2354 1061 sui
2386 1006 2773 1074 perfectionem
2809 1016 3129 1074 sequuntur,
3156 1006 3279 1077 quia
3324 1004 3633 1073 accipiant
3671 1019 3851 1057 cen-

2191 1094 2392 1162 tuplum
2426 1094 2533 1163 (76)
2562 1096 2611 1147 in
2655 1096 2903 1164 praesenti
2943 1098 3163 1159 saeculo,
3262 1095 3313 1148 in
3356 1096 3556 1147 futuro
3596 1105 3835 1148 autem

2190 1182 2352 1234 vitam
2385 1193 2642 1236 :cternam
2690 1194 3093 1251 consequantur
3118 1185 3184 1237 9‘.
3209 1183 3323 1237 lloc
3339 1194 3592 1253 estergo
3628 1199 3835 1238 acce-

2186 1274 2332 1342 pisse
2364 1274 2414 1327 in
2448 1272 2821 1328 benedictione
2853 1274 3132 1329 Gonetlam
3162 1276 3533 1344 superiorem,
3580 1284 3653 1329 et
3694 1273 3831 1330 Go-

2190 1365 2386 1418 netlain
2421 1365 2751 1420 inferiorem.
2782 1366 2950 1433 Quam
2985 1367 3420 1421 benedictionem
3451 1382 3716 1421 oremus
3752 1379 3821 1421 ut

2187 1466 2242 1507 ct
2291 1470 2388 1510 nos
2445 1458 2706 1527 consequi
2750 1473 3075 1525 mereamur,
3108 1473 3203 1526 per
3245 1457 3525 1513 Christum
3587 1458 3809 1512 Domi-

2187 1562 2315 1600 nmn
2352 1558 2594 1603 nostrum
2614 1591 2629 1613 ,
2660 1551 2746 1604 cui
2772 1558 2856 1604 est
2885 1549 3056 1619 gloria
3079 1560 3133 1605 et
3164 1550 3453 1620 imperium
3488 1550 3542 1603 in
3566 1551 3796 1605 secula

2188 1640 2527 1695 srcculorum.
2552 1647 2745 1697 Amen.

2741 1757 3019 1815 llOMllJA
3061 1757 3197 1813 XXI.

2188 1846 2262 1902 De
2293 1848 2419 1917 filii:
2459 1848 2633 1913 Juda,
2663 1851 2752 1919 qui
2797 1867 2899 1904 non
2945 1860 3225 1919 potuerunt
3261 1850 3567 1918 disperdere
3604 1848 3775 1904 Jeba-

2672 1936 2805 1973 διευς
2848 1927 2912 1974 de
2949 1921 3264 1974 Jerusalem.

2260 2032 2309 2087 l.
2337 2032 2454 2088 Filii
2482 2032 2614 2087 J‘uda
2642 2031 2893 2088 volebant
2914 2033 3225 2102 disperdere
3246 2033 3327 2086 vel
3348 2034 3681 2087 interimere
3694 2032 3789 2087 Jeo

2189 2122 2398 2177 busazos
2447 2124 2514 2176 de
2557 2120 2855 2177 Jerusalem
2894 2139 2912 2172 ι
2951 2132 3004 2177 et
3035 2137 3141 2174 non
3182 2130 3510 2189 potuerunt,
3548 2135 3789 2190 propter

2188 2216 2329 2284 quod
2378 2213 2691 2269 habitarunt
2725 2212 2955 2267 Jebusad
2995 2228 3115 2267 cum
3157 2213 3284 2267 ﬁliis
3324 2212 3457 2266 Juda
3511 2213 3568 2265 in
3611 2211 3785 2265 Jeni-

2191 2307 2359 2361 salem
2407 2321 2578 2374 usqne
2622 2305 2672 2359 in
2713 2305 3033 2359 hodiernum
3068 2305 3206 2358 diem
3246 2306 3312 2360 θ’.
3349 2322 3367 2355 ι
3416 2304 3695 2356 Volnnms
3751 2320 3781 2355 a

2190 2400 2367 2453 littera
2405 2399 2721 2466 incipientes
2762 2397 3032 2467 inquirere
3060 2397 3126 2451 ab
3161 2397 3225 2450 iis
3266 2396 3359 2465 qui
3409 2404 3604 2465 putant
3658 2398 3779 2448 base

2189 2490 2483 2544 secundmu
2522 2490 2757 2543 litteram
2780 2500 2928 2545 stare
2962 2504 3141 2560 posse,
3173 2490 3301 2557 quid
3331 2498 3414 2541 est
3447 2488 3596 2557 quod
3626 2488 3777 2540 dici-

2193 2590 2278 2634 tur
2304 2582 2413 2651 (77)
2474 2600 2492 2632 ι
2530 2597 2698 2651 usque
2726 2583 2778 2636 in
2824 2582 3143 2637 hodiernum
3188 2580 3329 2635 diem
3364 2597 3378 2632 :
3412 2598 3431 2631 ι
3468 2578 3615 2649 quod
3644 2595 3770 2633 ver-

2191 2674 2317 2728 bum
2344 2688 2559 2741 seraper
2588 2672 2870 2741 Scriptura
2919 2687 3014 2740 pro
3043 2686 3108 2726 eo
3146 2672 3298 2739 ponit
3337 2670 3417 2732 ³³,
3454 2680 3508 2722 ιιι
3540 2671 3770 2723 mternio

2193 2772 2354 2817 tatem
2376 2761 2557 2815 smculi
2591 2777 2686 2831 per
2708 2762 2808 2813 hoc
2831 2759 3114 2831 signiticet,
3148 2758 3293 2812 sicut
3313 2766 3370 2810 et
3392 2756 3526 2809 dicit
3557 2773 3573 2810 :
3601 2774 3619 2806 ι
3657 2754 3769 2809 No-

2194 2854 2284 2907 lite
2319 2852 2567 2906 recedere
2596 2867 2623 2905 a
2653 2851 2876 2905 Domino
2908 2852 2957 2903 in
2979 2849 3238 2904 hodierno
3261 2847 3369 2911 die,
3398 2867 3419 2899 ι
3450 2846 3501 2899 id
3523 2856 3641 2913 est,
3663 2848 3766 2900 «ιον

2193 2959 2293 2998 nec
2320 2942 2572 2997 smculum
2596 2949 2722 2995 stat.
2762 2940 3028 2994 Ostendat
3057 2954 3186 3006 ergo
3216 2937 3344 2990 mihi
3370 2938 3639 3004 quorundo
3668 2935 3760 2990 Je-

518 3004 705 3055 si-indo
728 3018 906 3058 autem
932 3006 1190 3073 litteram,
1219 3026 1342 3065 cum
1369 3012 1480 3080 jam
1510 3030 1615 3068 non
1644 3017 1939 3071 secundum
1971 3034 2093 3071 car—
2119 3038 2163 3095 ο
2196 3033 2405 3085 ιηιεςειιε
2426 3032 2597 3085 donec
2633 3030 2889 3084 smeuium
2924 3036 3052 3092 stat,
3083 3004 3292 3081 habitat
3319 3041 3441 3080 cum
3475 3026 3599 3079 liliis
3623 3024 3758 3079 Jllda

521 3112 642 3149 nem
679 3098 1059 3164 circumcidor,
1100 3117 1271 3171 neque
1302 3105 1596 3159 secundum
1642 3122 1860 3162 carnem
1899 3124 2086 3179 azyma

522 3191 821 3254 manduco,
859 3208 1031 3262 neque
1074 3194 1279 3249 Pascha
1320 3211 1441 3250 cum
1480 3195 1681 3252 Juda'is
1714 3198 1963 3262 observo,
1998 3218 2091 3252 ne-

521 3296 625 3346 que
649 3281 942 3336 Sabhatum
970 3287 1265 3340 secundum
1306 3287 1535 3341 litteram
1571 3304 1721 3343 curo.
1755 3291 2087 3346 Promissum

522 3384 758 3437 namque
795 3372 921 3424 mihi
953 3383 1056 3437 est,
1084 3375 1231 3442 quia,
1264 3375 1307 3429 si
1334 3377 1616 3432 exscidero
1643 3379 1914 3434 civitatem
1946 3381 2088 3433 litte-

526 3475 728 3523 rarum,
764 3473 1086 3531 accepturus
1116 3467 1215 3519 sim
1263 3467 1427 3522 filiam
1478 3468 1662 3523 fratris
1699 3471 1801 3523 mei
1847 3472 2086 3538 majoris.

526 3551 681 3603 liram
705 3570 935 3623 namque
953 3559 1101 3623 prius
1128 3558 1552 3622 ﬁliusCheItner,
1581 3560 1671 3629 qui
1704 3561 2091 3629 interpretatur

520 3644 732 3703 spretio.
752 3646 885 3711 Quis
911 3649 1056 3701 enim
1086 3658 1202 3702 erat
1221 3650 1423 3717 spretio
1454 3650 1587 3721 (74),
1618 3651 1758 3704 sicut
1781 3668 1876 3706 nos
1902 3664 2090 3721 gentes

521 3735 738 3790 alienati
761 3753 787 3789 a
809 3741 1217 3795 conversatione
1240 3743 1423 3807 Israel,
1445 3757 1592 3811 spem
1613 3759 1716 3797 non
1739 3744 2018 3810 habentes,
2036 3756 2089 3799 ct

522 3830 637 3882 sine
670 3827 779 3883 Deo
803 3831 853 3883 in
876 3830 977 3885 hoc
1003 3832 1243 3887 mundo?
1271 3832 1402 3886 Nam
1438 3835 1587 3902 prior
1614 3834 1699 3890 illc
1725 3835 1890 3891 frater
1916 3852 2086 3902 mens,

520 3922 673 3987 cujus
688 3939 828 3976 nunc
842 3926 1051 3993 accipio
1070 3927 1227 3979 tiliam
1246 3943 1341 3994 pro
1354 3943 1416 3981 eo
1432 3929 1571 3994 quod
1590 3930 1791 3985 exscidi
1811 3931 2086 3985 civitatem

523 4013 845 4081 litterarum,
879 4017 965 4070 ille
990 4019 1130 4073 tilins
1163 4018 1369 4073 Jcli'one
1408 4018 1529 4082 fuit,
1567 4021 1656 4088 qui
1701 4022 2091 4091 interpretatur

520 4108 806 4159 convenio.
831 4108 928 4161 Dat
952 4108 1078 4160 mihi
1097 4124 1230 4177 ergo
1249 4109 1412 4162 tiliam
1432 4125 1604 4175 suam,
1633 4112 1683 4164 id
1707 4114 2086 4168 estscientiam

524 4196 615 4249 Dei
647 4198 753 4260 sui,
779 4198 864 4251 vel
902 4200 1313 4269 iutelligentiatn
1358 4202 1487 4256 mihi
1525 4203 1635 4271 (75)
1687 4205 1881 4260 minori
1938 4204 2089 4260 fratri

521 4288 603 4339 dat
636 4288 741 4353 lex,
773 4292 1066 4344 secundum
1110 4292 1253 4361 quod
1277 4294 1537 4363 scriptum
1568 4309 1652 4350 est
1680 4296 1724 4328 ⁸⁸
1754 4316 1768 4351 :
1802 4316 1820 4349 ι
1868 4298 2089 4353 Aufere-

2193 3123 2244 3175 in
2271 3120 2598 3184 Jerusalem,
2631 3121 2829 3189 quippe
2864 3134 2983 3173 cum
3020 3134 3087 3171 ne
3117 3117 3213 3184 ipsi
3248 3118 3466 3186 quidem
3503 3116 3596 3168 lilii
3624 3115 3757 3170 Juda

2192 3213 2433 3265 habitent
2462 3213 2512 3265 in
2549 3210 2869 3267 Jerusalem.
2902 3212 3023 3265 Ideo
3054 3226 3185 3279 ergo
3226 3225 3323 3264 nec
3369 3209 3513 3262 istud
3540 3212 3756 3260 verbum

2190 3318 2308 3357 esse
2341 3303 2558 3370 poterit,
2591 3302 2733 3369 quod
2773 3299 3002 3355 Jcbusmi
3042 3316 3163 3353 cum
3195 3298 3395 3353 Judacis
3435 3298 3675 3352 habitent
3704 3299 3753 3351 in

2189 3394 2519 3457 Jerusalem,
2549 3393 2983 3461 quandoquidem
3028 3406 3094 3443 nc
3125 3391 3221 3459 ipsi
3268 3390 3483 3458 quidem
3516 3388 3753 3441 habitant

2192 3486 2243 3539 in
2274 3500 2355 3538 ea.
2388 3484 2494 3537 Sed
2530 3499 2626 3537 nos
2658 3484 3019 3550 intelligamus
3051 3483 3163 3536 haec
3192 3480 3568 3550 Spiritualiter,
3604 3495 3753 3533 assu-

2194 3588 2401 3630 tneutes
2425 3576 2691 3644 Evangelii
2734 3574 3043 3643 paraliolam
3076 3593 3198 3646 qum
3217 3574 3343 3626 dicit
3367 3573 3432 3625 de
3457 3571 3706 3624 zizanii"
3733 3587 3750 3625 :

2203 3682 2219 3712 ι
2261 3662 2430 3721 Sinite
2469 3675 2700 3736 utraque.
2761 3681 3027 3731 crescere,
3052 3679 3119 3720 ne
3154 3663 3426 3719 fortecum
3451 3661 3607 3716 vultis
3634 3676 3750 3716 era-

2193 3760 2374 3813 dicare
2420 3760 2661 3819 zizania,
2717 3757 3004 3811 eradicetis
3051 3755 3211 3811 simul
3266 3770 3388 3810 cum
3424 3755 3552 3822 ipsis
3592 3754 3743 3806 etiam

2192 3851 2451 3903 triticum.
2491 3868 2509 3901 ι
2550 3849 2701 3902 Sicut
2747 3864 2877 3918 ergo
2929 3849 2981 3901 in
3031 3847 3324 3918 Evangelio
3378 3846 3746 3915 permittuntur

2194 3942 2396 3994 zizania
2439 3941 2596 3994 simul
2637 3957 2757 3995 cum
2805 3939 2986 3995 tritico
3032 3954 3283 3994 crescere
3316 3955 3330 3991 :
3362 3940 3547 3993 eodem
3597 3936 3742 3991 modo

2191 4034 2352 4086 etiam
2404 4034 2491 4086 hic
2531 4033 2581 4085 in
2627 4031 2965 4096 Jerusalem,
3019 4030 3071 4086 id
3124 4039 3207 4085 est
3260 4030 3311 4083 in
3349 4029 3581 4084 Ecclesia
3629 4039 3741 4085 sunt

2193 4124 2409 4192 quidam
2464 4122 2727 4190 Jebusasi,
2772 4123 2857 4177 isti
2887 4123 2977 4191 qui
3018 4123 3307 4191 ignobilem
3338 4132 3394 4177 et
3442 4124 3735 4191 degenerem

2194 4216 2355 4267 vitam
2388 4216 2615 4280 ducunt,
2641 4214 2731 4286 qui
2776 4224 2831 4269 et
2863 4216 2998 4279 ﬁde,
3025 4226 3080 4270 et
3111 4215 3350 4280 actibus,
3380 4224 3434 4271 et
3463 4215 3600 4269 omni
3623 4230 3735 4267 cou-

2196 4306 2498 4359 versatione
2538 4322 2635 4360 sua
2676 4309 2915 4377 perversi
2950 4317 3096 4361 sunt.
3128 4308 3311 4377 Neque
3337 4308 3480 4360 enim
3506 4306 3732 4376 possibile

523 4386 609 4429 tnr
633 4392 661 4428 a
694 4380 843 4433 vobis
900 4395 1120 4449 regnum
1173 4381 1286 4446 Dei,
1330 4392 1384 4438 et
1421 4384 1637 4438 dabitur
1679 4398 1825 4455 genti
1862 4388 2083 4443 facienti
2117 4381 2162 4435 Ῐ)
2190 4405 2270 4450 est
2297 4397 2361 4449 ad
2387 4397 2643 4465 liquidum
2669 4398 2881 4467 purgari
2912 4397 3206 4452 Ecclesium
3232 4399 3358 4452 dum
3393 4397 3445 4451 in
3472 4399 3620 4451 terris
3643 4406 3729 4460 est,

521 4468 727 4523 fructus
753 4470 887 4539 ejus.
929 4492 945 4524 ι
991 4473 1283 4527 Sciendum
1318 4484 1495 4530 tamen
1539 4486 1620 4531 est
1663 4478 1807 4533 aliud
1847 4495 1967 4535 esse
2010 4480 2085 4535 le-

518 4577 661 4631 gem,
708 4565 859 4634 cujus
895 4583 1038 4621 nunc
1090 4583 1376 4635 personam
1425 4570 1669 4625 dedimus
1707 4570 1892 4635 Caleb,
1940 4571 2085 4626 aliud

522 4655 754 4710 litteram
792 4657 997 4713 Veteris
1036 4661 1568 4735 Testamcntinquam
1617 4662 1893 4718 civitatem
1950 4663 2084 4731 figu-

520 4747 706 4802 raliter
737 4749 971 4806 diximus
1006 4752 1329 4807 litterarum.
1382 4755 1615 4824 Accepta
1652 4770 1784 4823 ergo
1827 4755 1931 4808 tilia
1968 4757 2085 4824 ejus

515 4856 616 4909 ego
652 4840 820 4895 frater
862 4842 978 4910 ejus
1012 4842 1197 4911 junior
1227 4842 1399 4898 educo
1439 4860 1557 4900 eam
1610 4845 1676 4899 de
1708 4847 1868 4899 domo
1913 4846 2084 4914 patris

515 4934 619 4986 sui.
671 4934 801 5000 Qua:
852 4951 970 4989 cum
1023 4938 1234 4991 venerit
1272 4952 1480 4992 mecum
1517 4939 1712 4993 sedens
1754 4953 1917 5008 super
1972 4940 2081 4993 asi-

583 5044 625 5073 ⁸⁷
661 5043 771 5124 Jhos.
805 5061 895 5124 _x_v.
926 5048 1013 5108 10.
1056 5050 1143 5124 l7.
1289 5049 1473 5124 Matth.
1508 5068 1616 5115 xxi,
1651 5052 1844 5124 d5.__”
1870 5051 1983 5109 Jos.
2019 5071 2086 5108 xv

2190 5056 2240 5110 9.
2317 5056 2404 5110 "l
2437 5054 2575 5109 Tim.
2612 5071 2686 5119 tv,
2718 5054 2773 5109 8.

517 5115 606 5166 (35.
682 5115 764 5167 ⁸³1
804 5118 933 5187 lteg.
958 5135 1029 5171 xtl
1049 5159 1062 5177 .
1083 5122 1170 5171 ‘20.
1218 5121 1265 5151 9"
1284 5120 1472 5176 Matth.
1496 5138 1613 5187 xm,
1639 5124 1727 5187 '29,
1747 5122 1834 5175 50.

586 5208 699 5287 σε)
742 5209 895 5287 diss”
948 5231 964 5261 ι
998 5215 1154 5287 deos
1213 5215 1293 5268 vel
1357 5226 1605 5287 astruere
1660 5217 1741 5271 vel
1792 5220 2021 5287 putare?
2063 5238 2081 5271 ι

520 5277 689 5331 ιλίΙιΙιζ
719 5281 867 5342 editi,
917 5301 933 5331 ι
978 5286 1105 5336 deos
1133 5285 1415 5337 astruere?
1453 5306 1467 5332 ι

589 5349 702 5419 (‘5)
746 5346 1019 5405 Gut/iunia!
1132 5356 1507 5420 interpretatur
1540 5358 1807 5423 responsio
1837 5358 1950 5415 Dei.
2002 5359 2084 5413 Ah

524 5446 645 5510 fil):
664 5459 696 5510 ι
717 5445 991 5510 respondit
1034 5461 1050 5491 ι
1072 5449 1127 5494 et
1151 5424 1222 5502 Ss
1245 5465 1261 5497 ι
1288 5444 1484 5499 Deus.»

593 5508 707 5577 (74)
750 5508 1097 5585 Clienner,qni
1129 5516 1505 5580 interpretatur
1531 5519 1744 5585 spretio.
1789 5519 1919 5584 Quis
1947 5521 2084 5573 enim

524 5587 642 5659 erat
675 5582 886 5647 spretio,
912 5584 1043 5659 sicut
1082 5601 1194 5647 nos,
1218 5596 1321 5637 etc.
1361 5586 1450 5639 Sic
1475 5582 1624 5649 mss;
1662 5598 1714 5640 at
1751 5582 1877 5641 libb.
1914 5591 2079 5642 editi:

528 5663 546 5697 ι
583 5647 1355 5724 Che'mer,quiintcrprctatur
1376 5659 1574 5727 spretio
1605 5647 1925 5725 litterarum,
1947 5659 2079 5717 sicut.

2193 4486 2267 4543 ita
2298 4499 2353 4543 ut
2377 4504 2551 4559 neque
2590 4490 2787 4559 impius
2810 4489 2862 4543 in
2890 4505 2951 4544 ea
2991 4491 3276 4559 quisquam
3298 4530 3314 4554 ,
3348 4506 3528 4559 neque
3570 4507 3729 4560 pecca-

2195 4591 2281 4637 tor
2310 4583 2545 4637 residere
2588 4582 2855 4645 vidcatur,
2886 4581 2979 4636 sed
3026 4583 3136 4636 sint
3173 4582 3227 4636 in
3263 4598 3325 4637 ea
3356 4598 3546 4636 onmes
3581 4585 3727 4638 saneri

2193 4684 2243 4728 et
2276 4675 2438 4741 beati,
2471 4684 2525 4729 et
2564 4675 2615 4728 in
2644 4675 2842 4744 quibus
2883 4674 3025 4728 nulla
3054 4690 3281 4744 prorsus
3312 4677 3520 4744 peccati
3552 4676 3727 4729 macula

2191 4765 2639 4833 deprehendatur.
2674 4763 2778 4817 Sed
2818 4764 2959 4817 sicut
2990 4764 3188 4818 dicitur
3219 4765 3286 4819 de
3319 4765 3542 4824 zizauiis
3573 4782 3586 4819 :
3622 4784 3638 4816 ι
3663 4765 3726 4821 Ne

2192 4851 2331 4907 forte
2357 4854 2699 4908 cradicantes
2730 4853 2936 4907 zizania
2962 4852 3122 4907 simul
3157 4868 3277 4907 cum
3324 4854 3430 4907 illis
3474 4856 3728 4910 eradicetis

2186 4953 2239 4998 et
2272 4943 2510 4998 triticum
2535 4962 2548 5011 ;
2582 4962 2600 4994 ι
2638 4944 2709 4997 ita
2734 4945 2897 4998 etiam
2930 4959 3092 5012 super
3119 4945 3185 4997 iis
3213 4945 3318 4997 diei
3356 4954 3531 5013 potest
3558 4946 3603 4998 in
3626 4946 3724 5013 qni-

2848 5054 2894 5085 "
2927 5053 3115 5110 Matth.
3141 5071 3254 5119 xIx,
3278 5055 3370 5110 9.9.
3449 5056 3495 5087 “
3517 5055 3613 5111 Jos.
3646 5071 3719 5121 xv,

2196 5236 2314 5285 nos,
2355 5240 2373 5272 ι
2412 5233 2520 5277 etc.
2557 5220 2707 5277 Unde
2740 5231 2919 5275 autem
2950 5220 3202 5275 Chenner
3223 5220 3325 5274 dici
3359 5221 3529 5288 possit
3557 5240 3572 5271 ι
3593 5238 3717 5289 spre-

2197 5291 2293 5357 tio,
2334 5310 2350 5341 ι
2389 5292 2467 5345 vel
2505 5311 2522 5342 ι
2569 5292 2771 5360 spretio
2801 5292 3533 5357 litterarum,iigttorarctne
3562 5296 3711 5346 fateor.

2267 5360 2378 5430 (75)
2424 5360 2579 5415 Mihi.
2613 5362 2868 5415 ltestitnit
2895 5362 3061 5413 codex
3089 5361 3375 5429 Sangerin.

2265 5432 2377 5501 (76)
2407 5433 2545 5501 idem
2581 5447 2704 5495 ms.,
2741 5451 2757 5481 α
2791 5430 3066 5498 centupla.
3106 5449 3123 5481 ι

2263 5499 2377 5625 (7:7?
2413 5500 2541 5582 Mss.
2562 5543 2575 5566 ,
2623 5519 2637 5552 ι
2672 5502 2798 5570 quid
2831 5510 2912 5557 est
2931 5503 3070 5570 quod
3099 5499 3319 5557 dicitur.
3355 5519 3373 5553 ι
3406 5500 3555 5557 Libb.
3584 5501 3711 5569 editi,

2263 5588 2352 5625 tuti
2394 5572 2608 5625 dieitur.
2651 5591 2669 5624 ι

2197 5591 2215 5623 ε
2244 5572 2369 5643 quid
2394 5572 2608 5626 dicitur.
2651 5591 2669 5624 ι

4014 2516 4021 2789 ὗ

4013 2872 4019 3029 λ
