4104 6226
316 283 449 339 929

1324 278 1389 333 IN
1428 278 1690 335 LIBRUM
1728 280 1895 339 JESU
1936 281 2123 337 NAVE
2164 282 2448 342 IIOMILIA
2490 289 2653 347 XXil.

3503 314 3607 369 930

316 401 443 451 bus
480 397 560 450 vel
585 396 746 451 dubia
771 396 853 451 vel
887 395 1095 451 occulta
1121 406 1340 465 peccata
1375 408 1521 452 sunt.
1550 397 1734 467 Neque
1778 400 1923 452 enim
1956 404 2000 460 Α
2033 410 2320 467 potuerunt
2345 404 2437 458 ﬁlii
2475 406 2702 475 Ephrem
2728 411 3038 483 ili-perdere
3070 420 3401 480 Cliannnmns
3428 470 3441 490 ,
3478 430 3605 485 mm

318 492 571 545 dicimus
610 491 676 543 de
713 490 780 543 iis
808 489 897 557 qui
928 487 1214 542 manifeste
1247 497 1300 541 et
1336 490 1615 544 evidenter
1645 492 1917 546 criminosi

250 606 257 634 ε
321 589 588 645 sunt,ttt
636 595 739 633 non
795 581 860 634 de
897 578 1133 634 Ecclesia
1185 579 1550 647 expelluntur.
1601 580 1738 633 Audi
1792 596 1920 649 ergo

326 670 677 741 Scriptttratn
707 670 971 725 dicentem
992 710 1008 735 ,
1035 669 1161 738 quia
1199 684 1301 723 non
1336 680 1628 738 potuerunt
1659 672 1750 724 ﬁlii
1782 670 1916 726 Jnda

249 741 259 819 έ
326 764 654 833 disperdere
676 762 971 824 Jebuszeos,
993 761 1088 815 sed
1121 759 1507 814 habitaverunt
1536 778 1658 815 cum
1694 762 1825 830 ipsis
1864 762 1915 817 itt

323 854 633 910 Jerusalem
665 867 834 923 usque
872 852 923 905 itt
975 851 1291 905 hodiernum
1334 851 1496 905 diem.
1533 852 1684 906 Unde
1724 853 1917 921 depre-

322 961 434 999 cor
465 959 559 997 vos
604 944 693 1012 qui
725 941 909 997 ﬁdeles
949 939 1117 1005 cetis,
1147 949 1207 993 ut
1246 940 1317 994 ita
1366 943 1531 995 vitam
1580 954 1815 997 vestram
1860 954 1915 998 et

322 1034 804 1090 conversationem
829 1030 1088 1092 servetis,
1116 1045 1185 1085 ne
1216 1030 1266 1084 in
1312 1030 1495 1099 aliquo
1518 1033 1598 1086 vel
1628 1032 1727 1101 ipsi
1755 1050 1914 1090 scan-

321 1128 517 1181 dalum
549 1126 848 1196 patiamini,
889 1125 971 1179 vel
998 1125 1118 1179 aliis
1160 1126 1473 1180 scandalum
1525 1125 1741 1183 faciatis
1772 1148 1785 1183 :
1818 1131 1910 1185 setl

322 1219 407 1272 sit
439 1218 591 1272 vobis
626 1218 818 1272 summi
859 1218 1051 1282 studii,
1083 1232 1418 1287 summaeque
1445 1219 1666 1274 cautela:
1692 1236 1758 1274 ne
1787 1222 1910 1290 quis

324 1308 389 1361 in
430 1308 569 1362 hanc
598 1317 841 1360 sanctam
888 1308 1359 1377 congregationem
1400 1318 1640 1364 vestram
1674 1310 1909 1378 pollutus

321 1396 589 1461 introeat,
621 1411 691 1449 ne
725 1395 847 1465 quis
870 1394 1149 1451 Jehusaeus
1181 1397 1386 1451 habitet
1414 1397 1712 1455 vobiscum.
1748 1401 1908 1457 Vides

317 1505 465 1560 ergo
496 1490 622 1558 quia
655 1489 785 1543 dicit
828 1488 1108 1557 Scriptura
1131 1528 1147 1555 ,
1179 1491 1321 1558 quod
1362 1505 1466 1545 non
1493 1501 1781 1559 potuerunt
1806 1493 1907 1561 eji-

320 1596 461 1637 cere
511 1580 603 1634 ﬁlii
648 1579 781 1634 Juda
838 1576 1114 1633 Jebusazos
1156 1579 1223 1633 de
1260 1579 1578 1637 Jerusalem.
1628 1582 1906 1640 Jebuszeus

322 1685 513 1727 autem
540 1673 931 1740 interpretatur
956 1672 1425 1745 conculcatio(78).
1459 1676 1597 1745 Ergo
1642 1678 1764 1746 quia
1796 1693 1900 1734 non

320 1778 615 1834 possumus
670 1762 868 1829 ejicere
922 1764 1052 1817 istos
1107 1764 1198 1833 qui
1248 1779 1347 1820 nos
1397 1769 1714 1824 conculcant
1762 1787 1903 1829 :ccs

324 1853 524 1908 saltem
571 1852 851 1921 ejiciamus
881 1868 1017 1920 quos
1057 1870 1375 1924 possumus,
1405 1873 1633 1928 quorum
1681 1876 1898 1931 peccata

325 1941 618 1995 manifesta
641 1951 785 1996 sunt.
812 1941 909 1997 Ubi
933 1943 1076 1997 enim
1107 1953 1383 2012 peccatum
1418 1963 1522 2004 non
1547 1960 1629 2005 cst
1657 1953 1897 2021 evidens,

321 2037 529 2103 ejicere
563 2038 627 2090 de
674 2036 910 2091 Ecclesia
963 2037 1231 2093 neminem
1286 2054 1605 2108 possumus,
1652 2060 1719 2099 ne
1761 2047 1900 2101 forte

322 2127 670 2180 eradicantes
717 2129 963 2195 zizania,
1012 2129 1350 2184 eradicemus
1393 2132 1553 2187 simul
1593 2149 1714 2191 cum
1770 2140 1899 2209 ipsis

318 2218 489 2273 etiam
531 2218 787 2273 triticum.

393 2310 451 2363 2.
499 2309 673 2363 Movet
712 2326 794 2364 me.
828 2319 1005 2363 tamen
1041 2313 1182 2381 quod
1217 2313 1391 2379 dixit,
1416 2315 1539 2384 quia
1571 2332 1675 2372 non
1708 2329 1897 2388 potue-

319 2410 451 2454 runt
484 2399 971 2467 cjiccreJelmsmos
992 2442 1006 2466 ,
1046 2402 1109 2454 id
1139 2414 1222 2456 est
1258 2418 1350 2457 eos
1380 2406 1471 2474 qui
1524 2408 1892 2477 interpretan-

321 2504 409 2545 tur
436 2492 795 2548 concaleatio.
833 2493 895 2547 Et
923 2494 1041 2548 ideo
1079 2495 1357 2549 videamus
1388 2498 1478 2565 qui
1530 2508 1654 2552 sunt
1701 2501 1752 2554 in
1794 2502 1894 2555 Ec-

317 2583 484 2638 clesia
517 2584 917 2638 conculcantes.
967 2584 1046 2638 llli
1078 2585 1195 2638 sine
1232 2586 1393 2639 dubio
1425 2587 1489 2641 de
1525 2589 1720 2657 quibus
1760 2591 1891 2645 dicit

318 2674 581 2732 Dominus
610 2677 661 2731 in
700 2678 1004 2745 Evangeliis
1030 2678 1074 2710 "
1106 2696 1119 2731 :
1154 2699 1171 2731 ι
1206 2678 1379 2735 Nolite
1403 2682 1616 2736 mittere
1645 2694 1887 2737 sanctum

316 2770 574 2837 canibus,
607 2786 780 2840 neque
818 2773 1142 2842 margaritas
1177 2783 1389 2827 vestras
1422 2786 1547 2829 ante
1577 2790 1794 2842 porcos,
1822 2791 1888 2831 ne

318 2864 458 2916 torte
498 2863 815 2917 conculcent
852 2879 945 2919 eas
980 2863 1204 2934 pedibus
1251 2864 1397 2926 suis,
1431 2875 1484 2920 et
1508 2865 1751 2919 conversi
1791 2865 1884 2919 eli-

314 2954 446 3007 dant
487 2969 603 3008 vos.
641 2972 661 3007 ι
718 2954 824 3009 Iste
866 2964 948 3009 est
1000 2970 1129 3024 ergo
1170 2953 1481 3021 Jebusazus,
1514 2957 1881 3021 conculcatio,

2024 493 2253 547 observa
2273 501 2417 565 quod
2444 504 2725 569 Apostolus
2745 511 3084 567 commendat
3109 514 3296 571 dicens
3323 520 3368 549 "
3389 539 3401 573 :
3424 540 3439 571 ι
3464 520 3603 575 Sub-

2026 588 2222 641 trahite
2237 604 2332 643 vos
2374 590 2441 643 ab
2457 591 2602 643 omni
2626 591 3559 680 l‘ratreinquicteambnlante5,5,3.
3577 633 3593 657 ι

2023 675 2128 728 Sed
2164 680 2417 746 quoniam
2441 680 2692 739 Salomon
2728 688 2924 743 suadet
2955 690 3069 747 hazc
3103 707 3223 762 quae
3249 696 3473 765 legimus
3500 704 3598 756 de-

2018 766 2180 820 scribi
2229 768 2283 821 in
2310 770 2471 825 corde
2501 773 2783 841 tripliciter
2814 779 2881 847 ⁸⁸,
2915 782 3079 835 etiam
3132 795 3328 854 printer
3358 790 3443 843 illa
3482 810 3601 861 qua:

2017 856 2285 925 diximus,
2313 864 2453 930 quod
2475 865 2623 917 cordi
2651 882 2769 920 meo
2796 874 3037 927 occurrit
3061 914 3075 938 ,
3100 876 3166 931 ad
3206 892 3369 936 aures
3393 897 3600 939 vestras

2018 946 2287 1016 proferam
2311 969 2324 1006 :
2343 962 2397 1006 et
2412 968 2507 1008 vos
2526 953 2686 1011 facile
2708 963 2848 1029 quod
2866 966 3126 1035 scriptum
3142 972 3303 1037 est”,
3319 983 3373 1025 nt
3393 990 3497 1026 uno
3513 978 3563 1030 di
3580 1010 3596 1017 -

2014 1048 2172 1094 cente
2191 1058 2380 1097 omnes
2411 1045 2522 1114 (8i)
2560 1051 2896 1106 examinem.
2935 1055 3017 1109 Me
3040 1074 3167 1129 ergo
3206 1063 3420 1119 dici-nte
3452 1069 3594 1135 quod

2014 1130 2225 1195 sentio,
2265 1148 2359 1189 vos
2395 1137 2689 1196 discernite
2720 1152 2772 1196 et
2807 1147 3116 1202 examinate
3143 1151 3189 1203 si
3229 1154 3354 1218 quid
3389 1170 3592 1212 rectum

2011 1230 2095 1274 est
2146 1232 2238 1275 aut
2282 1227 2459 1281 minus
2514 1240 2737 1285 rectum.
2792 1235 2864 1289 Dc
2912 1235 3216 1295 Jerusalem
3275 1243 3595 1316 frequenter

2012 1311 2247 1369 diximus
2289 1319 2433 1385 quod
2484 1321 2611 1375 visio
2645 1325 2795 1389 pacis
2832 1326 3240 1396 interpretatur.
3284 1333 3340 1387 Si
3373 1311 3501 1407 ergo
3539 1343 3590 1394 in

2011 1404 2173 1459 corde
2210 1417 2395 1463 ttustro
2424 1408 2723 1468 Jerusalem
2755 1417 3019 1472 aediﬁcata
3043 1463 3057 1486 ,
3099 1426 3203 1477 hoc
3235 1436 3353 1492 est,
3384 1432 3425 1483 si
3458 1434 3592 1487 visio

2009 1497 2161 1564 pacis
2190 1497 2239 1551 in
2274 1502 2439 1556 corde
2466 1513 2652 1559 nostro
2686 1506 2907 1564 fundata
2933 1522 3037 1578 est,
3062 1528 3112 1569 et
3141 1517 3417 1575 Christum
3449 1540 3593 1578 sem-

2008 1600 2105 1654 per
2142 1590 2341 1657 quiest
2383 1607 2486 1660 pax
2537 1605 2755 1665 nostra,
2807 1600 3082 1658 intuemur
3127 1617 3181 1661 ct
3228 1624 3504 1668 servamus
3537 1617 3586 1670 in

2008 1678 2169 1731 corde
2205 1702 2215 1734 :
2247 1682 2510 1751 siquidem
2560 1689 2629 1741 ita
2672 1690 2760 1743 ﬁxi
2791 1702 2846 1745 et
2888 1694 3110 1751 stabiles
3141 1704 3191 1753 in
3235 1704 3334 1759 hac
3384 1709 3588 1766 visione

2008 1768 2188 1836 pacis,
2232 1782 2291 1825 ιιι
2328 1790 2606 1847 nunquam
2645 1798 2869 1848 prorsus
2888 1789 2993 1844 ulla
3020 1793 3279 1862 cogitatio
3310 1800 3467 1864 mala,
3504 1804 3584 1857 vel

2007 1860 2230 1930 alicujus
2256 1867 2463 1933 peccati
2494 1872 2778 1926 consilium
2806 1882 3065 1933 ascendat
3093 1860 3143 1937 in
3182 1902 3277 1938 cor
3302 1901 3581 1957 nostrum;

2004 1952 2048 2004 si
2082 1954 2180 2008 hoc
2207 1956 2276 2008 ita
2306 1956 2420 2011 ﬁeri
2467 1963 2661 2029 possit,
2692 1970 2990 2030 poterimus
3017 1973 3222 2037 dicere,
3253 1981 3376 2046 quia
3411 1982 3461 2043 1ιι
3493 1983 3585 2040 Je-

2005 2044 2233 2098 rusalem
2280 2064 2498 2115 sumus,
2532 2064 2584 2107 et
2608 2056 2783 2111 nullus
2821 2059 2957 2115 alius
3008 2066 3216 2121 habitat
3256 2072 3536 2126 nobiscum
3563 2119 3579 2142 ,

2002 2132 2101 2187 nisi
2150 2135 2245 2189 soli
2281 2139 2371 2207 qui
2414 2142 2587 2195 sancti
2624 2154 2770 2198 sunt.
2811 2146 2964 2204 Nunc
3005 2166 3134 2207 vero
3166 2172 3286 2210 cum
3322 2162 3482 2214 etiam
3514 2166 3581 2217 ad

1998 2228 2254 2293 grandem
2286 2230 2584 2297 profectum
2633 2238 2909 2294 veniamus
2933 2283 2946 2305 ,
2976 2252 3030 2295 et
3072 2250 3298 2303 summis
3345 2266 3581 2309 nosmet-

2000 2317 2144 2385 ipsos
2171 2322 2365 2376 studiis
2412 2327 2724 2381 excolamus
2745 2369 2759 2393 ,
2792 2340 2967 2385 tatncn
3023 2351 3126 2389 non
3166 2350 3293 2407 puto
3321 2343 3575 2413 cuiquam

2000 2417 2207 2462 tantum
2244 2413 2294 2465 itt
2331 2416 2490 2468 corde
2523 2419 2773 2484 puritatis
2809 2426 3058 2489 evenire,
3091 2437 3148 2481 ut
3180 2445 3452 2500 nunquam
3483 2438 3579 2490 ad-

1996 2513 2167 2553 versa:
2221 2503 2568 2570 cogitationis
2618 2512 2944 2579 contagione
2995 2519 3575 2579 maculctur:ccrtmn

1994 2602 2074 2644 est
2106 2593 2268 2646 etiam
2302 2594 2576 2653 Jebusteos
2624 2602 2869 2659 habitare
2908 2623 3028 2661 cum
3066 2609 3191 2664 ﬁliis
3219 2609 3355 2667 Juda
3399 2616 3450 2668 itt
3486 2616 3576 2671 Je-

1993 2684 2248 2738 rusalem.
2285 2684 2401 2740 Non
2451 2698 2630 2744 tamen
2671 2692 2789 2748 ideo
2824 2697 2936 2751 lnec
2980 2699 3247 2767 diximus,
3301 2708 3445 2773 quod
3478 2724 3575 2765 ne-

1989 2774 2255 2844 gligantus
2284 2789 2548 2848 quantum
2580 2784 2694 2839 ﬁeri
2727 2797 2905 2853 potest
2937 2790 3138 2859 ejicere
3170 2809 3283 2860 eos,
3311 2799 3404 2851 sed
3435 2803 3571 2856 satis

1991 2870 2259 2934 agendum
2293 2872 2451 2927 nobis
2474 2884 2594 2938 est,
2624 2888 2678 2930 et
2713 2883 3031 2937 tentandum
3074 2886 3315 2951 quotidie
3350 2904 3442 2944 eos
3473 2893 3575 2959 eji-

1988 2970 2110 3011 cere
2155 2959 2223 3014 de
2268 2960 2567 3018 Jerusalem
2600 2984 2614 3019 :
2647 2968 2739 3021 sed
2765 3010 2781 3034 ,
2831 2971 2969 3025 sicut
3007 2974 3265 3044 scriptum
3310 2989 3426 3041 est,
3462 2998 3569 3037 non

312 3046 402 3113 qui
444 3045 643 3115 indigni
678 3046 899 3098 audiunt
933 3046 1153 3099 verbum
1200 3046 1329 3111 Dei,
1361 3055 1415 3100 et
1450 3062 1570 3099 cum
1608 3049 1880 3101 audierint
1908 3073 1950 3129 α
1985 3064 2272 3117 possumus
2320 3055 2479 3108 simul
2534 3074 2722 3115 omnes
2777 3063 2990 3129 ejicere.
3047 3066 3156 3121 Hoc
3198 3070 3335 3125 idem
3387 3086 3566 3129 autem

310 3153 486 3207 neque
532 3150 587 3190 ιιι
633 3138 877 3192 inﬁdeles
908 3139 1224 3203 discedunt,
1267 3154 1440 3208 neque
1468 3151 1783 3209 permanent
1828 3152 1886 3197 ut

313 3229 529 3293 ﬁdeles,
585 3228 676 3281 sed
728 3239 977 3299 percepta
1044 3232 1418 3301 mysteriorum
1476 3233 1696 3297 notitia,
1760 3234 1880 3289 ﬁdei

313 3326 508 3374 nostra:
552 3318 937 3373 secretioribus
994 3322 1281 3383 scrutatis,
1341 3325 1587 3377 conversi
1643 3336 1883 3393 postmo-

310 3410 433 3462 tlillll
465 3409 775 3478 itnpttgnant
807 3425 903 3461 nos
924 3450 938 3473 ,
966 3420 1017 3463 et
1058 3412 1577 3469 contradictionibus
1609 3417 1723 3471 suis
1752 3432 1878 3471 cor-

308 3501 372 3554 da
408 3510 589 3556 nostra
634 3500 978 3569 dirumpunt,
1029 3503 1403 3559 conculcantes
1435 3508 1581 3559 verbi
1614 3508 1877 3563 Dotninici

308 3591 651 3660 margaritas,
706 3600 761 3645 et
821 3605 1137 3646 ornamenta
1199 3592 1323 3647 ﬁdei
1391 3597 1743 3652 maculantes.
1807 3601 1879 3654 De

307 3684 418 3739 istis
451 3697 581 3753 ergo
611 3682 827 3747 dicitur,
860 3683 982 3750 quia
1015 3696 1119 3736 non
1144 3694 1435 3752 potuerunt
1467 3686 1560 3739 ﬁlii
1594 3686 1745 3742 Judaa
1771 3690 1874 3759 eji-

304 3790 422 3830 cere
461 3774 767 3830 Jebnsaeum
804 3775 869 3830 de
892 3772 1193 3829 Jerusalem
1232 3790 1404 3845 usque
1449 3775 1502 3830 in
1549 3779 1871 3835 hodiernum

302 3869 459 3923 diem.
515 3867 705 3923 Simile
761 3877 941 3921 autem
992 3866 1192 3936 aliquid
1263 3868 1521 3937 scriptum
1583 3879 1667 3925 est
1710 3881 1763 3924 et
1806 3874 1873 3927 de

301 3963 550 4030 Ephrem;
582 3961 659 4015 ait
686 3960 830 4014 cnim
860 3959 1142 4029 Scriptura
1160 3960 1242 4016 ’δε
1267 3980 1285 4012 ι
1308 3961 1375 4016 Ει
1404 3964 1509 4016 nun
1549 3962 1871 4033 disperdidit

298 4052 526 4122 Ephrem
572 4052 937 4107 Chauanaaum
993 4052 1084 4121 qui
1131 4050 1405 4117 habitabat
1457 4052 1510 4107 in
1559 4054 1765 4117 Gazer,
1817 4064 1871 4110 et

298 4144 556 4201 habitavit
593 4144 935 4198 Chananteus
984 4141 1037 4196 itt
1080 4141 1316 4213 Ephrem
1361 4159 1531 4212 usque
1565 4144 1615 4199 in
1651 4146 1868 4201 hodier-

299 4250 420 4291 num
456 4235 619 4288 diem.
662 4253 679 4285 ι
722 4233 951 4302 Ephrem
991 4243 1172 4287 autem
1216 4235 1601 4304 interpretatur
1634 4235 1866 4305 fructiﬁ-

296 4328 425 4381 catio
451 4325 584 4397 (79).
612 4324 713 4391 Qui
739 4340 866 4395 ergo
892 4324 1182 4381 fructiﬁcat
1207 4335 1262 4380 et
1291 4328 1493 4382 crescit
1538 4329 1588 4383 in
1618 4330 1861 4394 ﬁde,non

297 4427 461 4488 potest
507 4418 870 4471 exterminare
908 4417 1269 4472 Chananaeum
1313 4434 1494 4474 semen
1528 4422 1815 4489 pessimmu
1840 4462 1856 4488 ,
1890 4408 1935 4462 Ῑ)

298 4521 472 4563 semen
516 4505 892 4574 maledictum,
946 4522 1127 4562 semen
1153 4524 1369 4577 semper
1408 4512 1639 4578 mobile,
1674 4528 1856 4568 semen

298 4598 569 4652 incertum.
619 4596 731 4653 Hoc
755 4600 896 4653 enim
940 4600 1325 4671 interpretatur
1357 4602 1689 4659 Chananzeus
1721 4606 1856 4677 (80).

1985 3138 2147 3192 etiam
2191 3142 2241 3194 in
2280 3142 2345 3196 iis
2395 3146 2485 3212 qui
2532 3145 2859 3203 ft'ttctilicant
2910 3154 3252 3210 sentientium
3297 3170 3417 3227 est,
3472 3164 3565 3231 qui

1986 3228 2220 3297 Ephrem
2256 3233 2349 3288 ﬁlii
2382 3239 2750 3304 nominantur,
2782 3243 2871 3310 qui
2905 3254 2959 3297 et
2988 3244 3087 3313 ipsi
3119 3228 3565 3316 Chananmospid

1983 3329 2068 3375 est
2118 3337 2280 3393 vagas
2313 3334 2369 3378 et
2418 3326 2654 3382 lubricas
2710 3333 3065 3399 cogitationes
3101 3350 3318 3407 seraper
3362 3342 3565 3400 debent

1982 3413 2177 3479 ejicere
2208 3416 2273 3469 de
2302 3418 2581 3473 animabus
2621 3421 2753 3474 suis.
2786 3422 2982 3479 Potens
3022 3437 3104 3482 est
3161 3440 3344 3485 autem
3381 3436 3560 3504 Deus,

1982 3505 2073 3573 qui
2100 3516 2149 3558 et
2181 3504 2459 3562 Jebnszcos
2485 3520 2538 3562 et
2572 3510 2910 3570 Cliauanazos
2936 3518 3186 3588 subjiciat
3215 3522 3394 3591 nobis,
3417 3527 3557 3581 sicut

1980 3597 2239 3664 scriptum
2293 3608 2377 3651 est
2413 3600 2751 3671 ’:tSubiccit
2805 3616 2982 3662 autem
3036 3610 3375 3672 Chananazos
3433 3618 3562 3676 ﬁliis

1979 3686 2455 3761 Ephrenmlpsum
2476 3707 2604 3760 ergo
2630 3694 2911 3751 Dominum
2944 3701 3319 3769 deprccenmr,
3364 3718 3420 3760 ιιι
3454 3710 3556 3778 eji-

1978 3775 2126 3830 ciens
2154 3792 2183 3830 a
2216 3780 2371 3833 nobis
2392 3782 2561 3836 malas
2584 3785 2971 3853 cogitationes,
2999 3789 3172 3848 bonas
3192 3793 3393 3851 inferat
3414 3775 3557 3867 (ὃέ),

1975 3864 2163 3933 dignas
2202 3864 2499 3922 Jerusalem
2542 3871 2761 3925 civitate
2795 3875 3006 3930 ctelesti
3029 3914 3043 3939 ,
3094 3878 3146 3932 itt
3183 3880 3381 3948 quibus
3418 3864 3554 3941 nihii

1974 3956 2234 4024 pollutum
2284 3959 2597 4014 inveniatur
2628 3972 2682 4016 et
2715 3966 2990 4021 sordidum
3014 4007 3030 4034 ,
3060 3971 3202 4039 quod
3234 3986 3334 4027 nos
3374 3975 3426 4028 in
3467 3976 3621 4047 die-

1965 4045 2153 4114 judicii
2209 4064 2278 4103 ex
2331 4053 2682 4108 conscientia:
2719 4056 3144 4125 cogitationibus
3187 4073 3410 4135 arguat,
3456 4068 3554 4123 sed

1970 4134 2280 4192 inveniatur
2314 4140 2368 4194 in
2413 4142 2568 4196 nobis
2615 4144 2823 4212 puritas
2856 4147 3037 4201 cordis
3075 4149 3129 4203 in
3175 4134 3393 4207 Christo
3423 4153 3550 4211 Jestt

1969 4225 2195 4282 Domino
2226 4239 2443 4295 nostro,
2470 4233 2554 4286 cui
2588 4244 2671 4288 est
2704 4235 2874 4301 gloria
2907 4246 2965 4293 et
3021 4239 3309 4310 imperium
3343 4244 3395 4299 itt
3442 4260 3549 4301 ste-

1966 4315 2086 4371 cuia
2121 4320 2468 4378 stet-tuorum.
2503 4324 2698 4377 Amen.

2504 4411 2786 4470 HOMILIA
2843 4416 3012 4474 XX-Il.

2265 4521 2343 4578 De
2376 4525 2513 4580 tribu
2558 4523 2783 4593 Ephrem
2819 4540 2869 4584 et
2901 4531 3235 4591 Chananazis.

2032 4611 2085 4668 1.
2106 4614 2394 4671 Chananzei
2418 4620 2576 4674 tertio
2595 4620 2723 4676 dicti
2741 4613 2874 4675 sunt
2893 4623 2944 4677 in
2965 4624 3089 4681 ﬁliis
3112 4643 3234 4684 esse
3262 4631 3494 4702 Ephrem
3522 4652 3537 4689 :

296 4691 357 4745 Et
397 4700 601 4746 certum
650 4700 753 4755 est,
783 4691 907 4760 quia
948 4706 1070 4746 cum
1112 4707 1176 4747 eo
1207 4692 1297 4761 qui
1334 4692 1626 4750 fructiﬁcat
1655 4706 1708 4752 et
1733 4713 1853 4752 ere.

293 4784 403 4843 scit,
438 4798 652 4852 semper
702 4782 905 4837 habitat
952 4782 1313 4838 Chananzeus.
1364 4783 1651 4855 Nunquam
1702 4788 1847 4842 enim

295 4878 633 4928 tentatioaum
678 4884 855 4928 motus
902 4885 1121 4930 cessant
1151 4878 1218 4929 ab
1263 4890 1349 4929 eo.
1392 4876 1498 4932 Sed
1540 4885 1593 4932 tu
1636 4879 1680 4933 si
1723 4893 1849 4934 vere

294 4966 570 5021 t'tuctiﬁcas
612 4968 664 5021 in
699 4968 837 5033 Deo,
874 4976 926 5022 et
961 4968 1115 5023 vides
1154 4968 1318 5023 talem
1359 4968 1590 5037 aliquem
1637 4971 1847 5040 inquieo

292 5070 419 5124 tum,
453 5060 757 5125 turbidum,
813 5059 1099 5129 mobilem,
1152 5063 1291 5117 scito
1335 5062 1463 5132 quia
1512 5062 1847 5119 Chananzeus

288 5162 375 5205 est.
403 5151 456 5206 Si
494 5168 597 5206 non
629 5165 779 5223 potes
804 5168 927 5209 eum
962 5154 1161 5225 ejicere
1186 5153 1255 5208 de
1288 5153 1548 5219 Ecclesia,
1582 5154 1706 5224 quia
1739 5171 1844 5210 non

1398 5298 1444 5339 θ’
1478 5296 1520 5352 ll
1542 5297 1733 5355 Thess.
1765 5314 1848 5367 ιιι,
1884 5300 1935 5358 6.

1960 4704 2054 4759 sed
2078 4706 2432 4763 observemus
2462 4711 2551 4779 qui
2585 4712 2653 4766 sit
2689 4713 2741 4768 in
2782 4715 3010 4786 singulis
3057 4718 3193 4773 ordo
3233 4721 3497 4777 dictorum
3519 4765 3539 4791 ,

1950 4794 2002 4848 id
2037 4804 2137 4860 est,
2168 4799 2294 4867 quid
2340 4801 2583 4856 continet
2634 4805 2844 4871 primus
2871 4821 3054 4862 sermo
3091 4811 3182 4877 qui
3219 4812 3350 4865 dicit
3394 4812 3537 4869 Cha-

1950 4902 2166 4943 nauaeos
2214 4904 2336 4944 esse
2364 4908 2485 4946 cmn
2540 4892 2664 4947 ﬁliis
2704 4895 2972 4965 Ephrem,
3015 4907 3069 4952 et
3104 4900 3233 4968 quid
3264 4904 3537 4959 secundus

1947 4987 1999 5032 et
2034 4980 2243 5034 tertius.
2269 4979 2325 5035 Si
2353 4983 2497 5037 enim
2527 4985 2838 5054 diligentius
2875 4990 3230 5045 observemus
3263 4998 3538 5061 quomodo

1949 5068 2108 5120 tertio
2129 5068 2382 5124 dicantur
2407 5087 2527 5126 esse
2576 5073 2869 5131 Chananaei
2917 5093 3038 5132 cum
3094 5080 3217 5135 ﬁliis
3259 5083 3534 5151 Ephrem,

1946 5167 2023 5223 et,
2057 5159 2283 5216 Domino
2313 5172 2621 5232 praestante,
2656 5168 2953 5236 poterimus
3004 5170 3331 5243 investigare
3380 5177 3532 5230 ordi-

349 5296 387 5330 "
410 5296 595 5351 Matth.
616 5312 709 5357 vn,
731 5297 786 5351 6.
862 5298 908 5329 “
938 5297 1052 5354 Jos.
1078 5312 1168 5353 xvi
1188 5337 1204 5364 ,
1233 5298 1321 5355 10.

2014 5305 2059 5342 ’⁸
2091 5306 2247 5361 Prov.
2278 5323 2411 5374 χιιι,
2437 5307 2527 5363 20.
2602 5312 2649 5343 ”
2676 5311 2691 5366 l
2723 5313 2850 5368 Cor.
2887 5329 2998 5368 ιιν.
3075 5316 3091 5346 ¹
3127 5314 3237 5371 Jos.
3269 5333 3408 5382 xvn,
3443 5319 3526 5372 t3.

352 5432 451 5494 (78)
503 5431 777 5487 Jebusa'us
825 5447 999 5488 autem
1054 5437 1432 5505 interpretatur
1500 5436 1845 5492 conculcatto.

290 5506 1079 5589 p3aspernere,conculcare.)
1283 5585 1347 5589 __
1490 5575 1510 5589 ἔ
1610 5576 1682 5589 η
1762 5578 1790 5589 γ’

348 5574 473 5639 (Ἶιι)
524 5574 749 5640 Ephrem
815 5585 992 5629 autem
1043 5580 1419 5643 interpretatur
1482 5575 1845 5645 fructiﬁcatio.

291 5646 321 5697 Δ
349 5653 451 5701 ΠἾΞ
488 5665 505 5693 ι
541 5645 904 5700 fructiﬁcavit.
931 5665 950 5697 ι

345 5716 444 5783 triti)
492 5714 605 5767 [Ioc
654 5716 788 5769 cnim
841 5716 1216 5787 interpretatur
1263 5715 1610 5772 Cleanana'us.
1645 5714 1843 5786 Nempe

1960 5444 2209 5516 rmnbile
2239 5463 2255 5496 ι
2299 5446 2757 5507 θυιιίηοθτιιιιιι.»
2797 5465 2825 5503 a
2852 5458 2940 5513 πυ
2973 5468 2991 5502 ι
3032 5451 3267 5516 moveri,
3354 5455 3521 5507 insta-

1956 5513 2060 5566 bile
2102 5530 2241 5570 esse.
2284 5535 2302 5567 ι

2025 5580 2133 5656 (8t)
2159 5583 2370 5656 Omnes.
2404 5586 2583 5642 Codex
2609 5585 2891 5656 Sangerm.
2929 5610 2949 5645 ι
2973 5590 3178 5647 ρειαί.
3210 5606 3235 5646 ι

2023 5654 2132 5723 (82)
2170 5654 2312 5711 Idem
2340 5674 2442 5712 ms.
2476 5675 2494 5711 ι
2530 5654 2795 5715 instituat.
2836 5683 2855 5713 ι
