4104 6226
502 348 606 407 cz-t
1960 338 2283 397 ORlGENlS
3723 342 3859 397 περ,

515 482 638 518 netu
671 465 999 530 dictionum,
1048 462 1176 533 quid
1206 461 1258 515 in
1304 461 1510 530 primo,
1542 458 1670 528 quid
1705 459 1755 511 in
1813 460 2083 521 secundo,
2110 463 2159 518 Α
2190 457 2451 518 ferimus,
2507 456 2855 511 exterminari
2891 471 2921 510 a
2966 456 3120 511 nobis
3172 456 3369 511 dicitur
3403 457 3851 515 Chaunum

507 557 637 625 quid
669 556 719 609 in
762 558 918 610 tertio
951 556 1148 609 factum
1183 552 1419 606 refertur
1454 569 1469 604 :
1502 560 1633 620 puto
1666 550 1809 619 quod
1844 566 1951 603 non
1979 549 2083 603 eri-
2255 546 2309 599 5.
2353 544 2456 600 Sed
2499 556 2552 600 et
2606 546 2731 599 illud
2786 561 2894 599 non
2951 549 3127 601 otiose
3166 554 3631 615 praetereundum
3703 561 3853 611 est,

513 662 630 697 mus
682 647 978 711 increduli,
1016 644 1140 713 quia
1174 657 1302 697 vere
1345 642 1461 695 haec
1501 655 1608 693 non
1647 650 1705 692 ut
1758 638 1871 692 sola
1929 639 2087 693 nobis
2187 637 2329 705 quod
2393 638 2594 690 dicitur
2644 638 2855 692 Pharao
2915 638 3132 692 venisse
3205 649 3261 692 et
3289 641 3583 707 accepisse
3672 641 3853 693 civi-

506 748 688 789 rerum
733 745 1011 804 gestarum
1052 732 1295 787 narratio
1341 732 1669 792 traderetur,
1698 730 1900 799 scripta
1930 737 2083 793 sunt,
2191 738 2352 782 tatem
2398 728 2562 800 m
2608 730 2804 794 Gazcr,
2852 730 2904 783 in
2949 746 3053 800 qua
3092 731 3432 785 Ghananmus
3479 732 3849 789 habitabat

507 826 599 877 Sed
633 826 988 879 sacramentis
1013 825 1214 877 divinis
1259 822 1479 889 Deoqne
1508 820 1682 889 dignis
1716 820 1941 888 repleta.
1968 818 2087 873 Pri-
2189 837 2311 875 emn
2342 822 2595 891 Ephrem,
2641 834 2693 874 et
2723 823 2938 889 dedisse
2979 838 3099 875 eam
3138 824 3188 875 in
3239 823 3417 876 dotem
3468 825 3620 879 ﬁlize
3670 841 3845 881 sum.

508 933 597 971 mo
618 934 746 985 ergo
779 918 979 970 dictum
1032 925 1113 969 est
1149 916 1189 979 ',
1226 932 1245 964 ι
1287 915 1411 981 quia
1445 928 1548 964 non
1579 911 1809 979 perdidit
1850 912 2083 979 Ephrem
2189 909 2364 965 Gazer
2402 921 2580 966 autem
2610 912 3002 980 interpretatur
3024 915 3345 966 constructio
3375 915 3516 985 (85).
3541 917 3621 970 Si
3671 932 3843 988 ergo

508 1008 871 1061 Cbananmnm
903 1007 993 1074 qui
1028 1007 1232 1058 habitat
1264 1004 1315 1056 in
1352 1002 1549 1065 Gazer,
1602 1006 1693 1056 sed
1737 1002 1944 1055 habitat
1972 1002 2084 1072 (85)
2190 1016 2387 1069 corpus
2416 1011 2470 1055 et
2494 1002 2672 1055 anitna
2707 1002 2759 1054 in
2788 1019 2899 1056 una
2935 1012 3096 1070 atque
3120 1006 3309 1058 eadem
3346 1011 3833 1063 constructione

507 1098 846 1151 Chananteus
892 1096 941 1148 in
976 1095 1209 1162 Ephrem
1253 1109 1423 1161 usque
1464 1094 1515 1147 in
1549 1093 1872 1147 hodiernum
1906 1093 2083 1159 diem,

2195 1090 2458 1153 habitent,
2500 1091 2550 1144 id
2588 1101 2679 1146 est
2720 1095 3025 1163 conjuncta:
3070 1097 3175 1149 sibi
3223 1098 3453 1150 invicem
3496 1109 3551 1153 et
3589 1101 3832 1167 socia,

507 1202 561 1244 et
596 1191 769 1244 factus
810 1196 893 1243 est
941 1190 1042 1241 sub
1073 1188 1273 1241 tributo
1314 1204 1503 1242 servus
1531 1203 1812 1257 usquequo
1845 1188 2090 1242 ascendit
2194 1182 2265 1234 ita
2294 1193 2347 1235 ut
2376 1197 2575 1253 corpus
2602 1185 2895 1240 carnaliter
2923 1187 3089 1251 vivat.
3118 1197 3172 1241 et
3200 1204 3302 1241 non
3332 1190 3559 1243 festinet
3593 1193 3826 1245 anima

514 1282 726 1336 Pharao
760 1295 849 1333 rex
887 1278 1109 1348 {Egypti
1134 1290 1187 1333 et
1213 1280 1422 1349 accepit
1452 1280 1828 1343 civitatem,ct
1854 1279 2091 1333 incendit
2193 1273 2433 1325 velocius
2478 1275 2578 1328 sibi
2628 1276 2970 1331 obedientem
3019 1289 3073 1332 et
3118 1282 3389 1335 subditam
3425 1282 3630 1337 facere
3674 1301 3821 1337 car-

507 1384 625 1423 eam
662 1368 791 1434 igni,
818 1377 870 1421 et
890 1367 1256 1433 Chananzeos,
1280 1379 1334 1422 et
1367 1368 1706 1432 Pherezmos,
1728 1371 1886 1439 etqni
1940 1370 2090 1423 habi-

514 1461 704 1513 tabant
750 1458 801 1513 iu
831 1458 1007 1514 Gazer
1037 1461 1342 1527 trucidavit,
1371 1470 1421 1515 et
1456 1461 1595 1514 dedit
1622 1474 1739 1514 eam
1772 1460 1984 1515 Pharao
2038 1463 2087 1515 in

512 1555 692 1606 dotem
726 1554 846 1607 tilia:
869 1570 1000 1607 sua.
1031 1572 1048 1605 ι
1076 1554 1360 1608 Secundo:
1386 1571 1403 1604 ι
1430 1555 1491 1607 Et
1509 1555 1708 1607 factum
1728 1569 1835 1620 est,
1859 1556 2029 1624 inquit
2047 1556 2091 1618 ³,

509 1644 765 1712 quoniam
800 1644 1142 1697 iuvalueruut
1177 1646 1267 1696 lilii
1294 1642 1482 1709 Israel,
1507 1656 1560 1697 et
1604 1644 1851 1699 fecerunt
1884 1647 2092 1700 Chana-

512 1749 657 1789 naaos
685 1733 975 1800 subjectos,
1003 1736 1456 1789 exterminatione
1492 1745 1669 1789 autem
1696 1753 1801 1790 non
1835 1740 2093 1791 extermi-

2194 1379 2338 1429 uem,
2385 1366 2678 1420 verendum
2718 1378 2805 1420 est
2839 1384 2906 1421 ne
2937 1370 3119 1425 veniat
3143 1371 3351 1425 Pharao
3385 1387 3453 1426 ex
3494 1372 3804 1444 Αἰεῃιιο,

2192 1469 2247 1511 et
2278 1460 2546 1525 captivam
2576 1462 2734 1514 ducat
2764 1460 3040 1515 infelicem
3084 1464 3349 1526 animam,
3385 1465 3460 1517 ita
3499 1474 3556 1518 ut
3593 1466 3651 1517 iu
3684 1468 3806 1518 do—

2196 1563 2301 1607 tem
2342 1566 2458 1605 eam
2482 1552 2665 1606 tradat
2697 1552 2820 1606 tilite
2847 1568 2978 1606 suae.
3010 1552 3066 1608 Si
3112 1555 3257 1609 enim
3287 1557 3620 1611 consideres
3645 1559 3794 1610 ξηιλ]

2193 1650 2334 1716 quod
2363 1647 2500 1701 dixit
2540 1645 2834 1713 Apostolus
2861 1646 2909 1710 ⁷,
2962 1660 3259 1715 exsurgere
3292 1646 3457 1699 aliam
3494 1647 3661 1717 legem
3712 1650 3775 1700 in

2200 1740 2459 1793 membris
2509 1739 2732 1804 nostris,
2782 1747 2837 1792 et
2875 1739 3118 1806 captivos
3157 1754 3259 1792 nos
3307 1741 3585 1793 ducerein
3632 1741 3751 1807 lege

511 1833 777 1879 naverunt
798 1840 911 1879 eos.
949 1845 965 1877 ι
995 1826 1178 1879 Tertio
1204 1866 1221 1889 ,
1246 1830 1466 1895 quando
1504 1829 1953 1883 contradixerunt
1982 1831 2081 1884 viri
2122 1827 2161 1879 Β
2191 1831 2415 1899 peccati,
2447 1831 2689 1885 invenies
2721 1830 2991 1898 quomodo
3027 1829 3114 1883 ille
3146 1828 3386 1892 Pharao,
3438 1832 3539 1899 qui
3568 1842 3639 1884 est
3654 1850 3741 1880 an-

510 1919 574 1969 de
604 1916 744 1969 tribu
786 1917 1016 1985 Ephrem
1050 1915 1202 1982 Jesn,
1232 1918 1476 1973 volentes
1500 1921 1799 1974 secundum
1832 1935 2087 1976 numero-

509 2005 721 2058 sitatem
757 2020 943 2069 suam,
977 2006 1101 2073 quia
1138 2005 1320 2074 plures
1345 2017 1499 2062 erant
1528 2018 1582 2061 et
1614 2008 1801 2073 validi,
1826 2010 2083 2079 majorem

510 2097 758 2164 accipere
806 2100 970 2151 etiam
1030 2098 1370 2151 hwreditatis
1421 2108 1660 2163 sortem;
1730 2110 1785 2154 et
1831 2101 2087 2170 jubentur

509 2188 805 2241 ascendere
839 2191 890 2243 in
920 2191 1118 2245 saltum
1138 2233 1151 2255 ,
1179 2198 1233 2242 ct
1261 2189 1362 2243 sibi
1392 2189 1524 2259 ipsis
1561 2191 1878 2259 ampliorem
1912 2192 2084 2247 locum

507 2296 733 2349 capere;
765 2292 818 2334 et
847 2292 904 2336 ut
926 2286 1138 2349 possint
1163 2283 1355 2336 latiora
1392 2285 1563 2350 spatia
1585 2285 2086 2353 occupare,jubeu-

512 2380 599 2422 tur
623 2371 990 2425 exterminare
1014 2374 1375 2426 Cbananmutn
1404 2370 1449 2427 ⁸.

577 2464 632 2515 2.
668 2462 956 2519 Videamus
999 2480 1130 2535 ergo
1180 2482 1324 2521 nunc
1350 2466 1481 2534 quid
1525 2466 1626 2520 sibi
1673 2466 1926 2537 velit(84)
1971 2469 2089 2522 haec

508 2554 576 2606 de
598 2554 919 2609 Chanameis
952 2556 1221 2625 tripartita
1244 2558 1509 2611 narratio.
1542 2556 1723 2610 Primo
1742 2557 2088 2614 Chananaens

514 2645 789 2698 nobiseum
838 2657 918 2700 est
950 2648 1197 2716 quidem,
1224 2660 1277 2702 et
1309 2649 1409 2704 sub
1454 2648 1654 2702 tributo
1694 2658 1814 2713 est,
1856 2664 1963 2703 non
2004 2660 2089 2706 est

513 2750 691 2791 tamen
755 2738 1013 2794 obediens
1066 2742 1261 2806 nobis,
1325 2756 1500 2810 neque
1565 2756 1777 2797 servus.
1841 2739 2089 2798 Secundo

510 2832 676 2883 etiam
710 2844 899 2885 servus
931 2829 1160 2885 efﬁcitur
1197 2842 1249 2886 et
1293 2830 1569 2887 obedieus.
1602 2834 1969 2890 Chananmum
2002 2837 2089 2891 hic

513 2936 733 2975 carnem
790 2932 1027 2976 nostram
1078 2925 1439 2992 accipiamus,
1494 2925 1577 2978 vel
1616 2940 1679 2980 ea
1730 2942 1854 2996 qua:
1905 2929 2089 2983 carnis

514 3019 659 3065 sunt.
717 3010 838 3066 llaec
874 3015 1050 3082 primo
1099 3014 1376 3069 nobiscum
1430 3024 1535 3081 est,
1600 3016 1704 3071 hoc
1761 3027 1843 3073 est
1894 3020 2088 3073 anima:

510 3106 699 3174 juncta
724 3114 839 3167 est,
864 3106 957 3160 sed
990 3121 1094 3160 non
1122 3107 1410 3173 obediens,
1442 3108 1542 3162 nisi
1577 3118 1784 3163 tantmn
1817 3111 1959 3179 quod
1994 3111 2087 3164 tri-

515 3197 642 3250 bula
669 3196 931 3265 depcmlet
964 3217 975 3250 :
1011 3197 1061 3251 id
1108 3206 1192 3251 est
1241 3199 1601 3253 ministerium
1634 3200 1856 3268 quidem
1893 3201 2085 3270 agendi

514 3286 715 3354 aliquid
763 3290 1001 3355 exhibet,
1055 3290 1137 3344 vel
1197 3291 1493 3356 movendi;
1542 3290 1878 3360 concupiscit
1911 3302 2088 3344 tamen

517 3379 781 3431 adversus
814 3380 1062 3447 spiritum
1095 3389 1148 3436 et
1193 3396 1303 3436 non
1329 3393 1412 3435 est
1439 3381 1701 3436 obcdiens
1741 3383 1965 3443 animae,
1994 3382 2090 3437 sed

517 3468 629 3521 suis
658 3469 941 3525 desideriis
972 3472 1133 3529 cedit.
1171 3471 1226 3526 Si
1263 3487 1392 3527 vero
1423 3472 1537 3543 jam
1586 3474 1927 3543 aliquantum
1959 3490 2090 3544 pro-

520 3558 809 3614 fecerimus
828 3600 840 3623 ,
873 3560 1100 3615 eﬂicitur
1130 3563 1288 3617 nobis
1319 3577 1449 3615 caro
1494 3578 1719 3629 servus,
1750 3574 1806 3618 et
1836 3564 2092 3619 obediens

518 3661 582 3698 ae
635 3661 829 3713 parcns
876 3650 1066 3703 animae
1090 3650 1377 3705 voluntati.
1424 3650 1489 3705 Et
1547 3652 1647 3706 iste
1701 3659 1786 3707 est
1818 3653 2093 3706 secundus

518 3736 713 3791 animae
750 3738 1051 3806 profectus,
1084 3756 1208 3796 eum
1248 3742 1349 3799 sibi
1390 3761 1611 3800 carnem
1660 3754 1715 3799 et
1756 3744 1961 3798 servire
2013 3744 2093 3799 ic-

516 3830 653 3883 eerit
681 3839 737 3883 et
768 3832 1008 3888 obedire.
1042 3832 1285 3889 Tertium
1316 3850 1442 3890 vero
1468 3844 1581 3901 est,
1611 3835 1755 3904 quod
1790 3833 2090 3903 perfectum

515 3930 621 3974 est.
654 3920 709 3975 Si
765 3925 907 3980 enim
949 3924 1062 3993 jam
1110 3926 1393 3981 veniamus
1436 3927 1503 3980 ad
1550 3926 1879 3997 perfectum,
1924 3925 2093 3981 etiam

514 4014 960 4069 exterminandus
1005 4016 1161 4071 nobis
1190 4017 1388 4070 dicitur
1416 4018 1786 4081 Chananteus,
1833 4028 1889 4073 et
1932 4018 2093 4072 morti

520 4105 830 4159 tradendus.
876 4108 1157 4172 Quomodo
1199 4115 1380 4161 autem
1418 4110 1522 4163 hoc
1589 4110 1645 4163 in
1695 4117 1881 4162 nostra
1927 4122 2094 4162 carne

518 4193 845 4262 completur,
902 4198 1026 4251 andi
1064 4200 1366 4267 apostolum
1420 4199 1646 4255 Paulum
1702 4198 1975 4252 dicentem
2019 4199 2091 4253 ’ς

522 4301 545 4335 ι
580 4284 898 4341 Mortiﬁcate
922 4288 1160 4343 membra
1185 4300 1364 4345 vestra
1388 4306 1508 4361 qua
1530 4299 1656 4347 sunt
1687 4304 1847 4358 super
1874 4298 2092 4355 terram,

522 4375 962 4442 fornicationem,
1002 4378 1436 4445 immunditiam,
1474 4398 1493 4432 ι
1529 4388 1588 4435 et
1626 4388 1817 4433 eastern
1841 4394 1962 4448 quae
2003 4394 2093 4434 se-

2191 1934 2310 1977 ctor
2342 1932 2397 1975 et
2422 1936 2515 1975 rex
2548 1922 2781 1991 peccati,
2820 1920 2943 1974 tilia:
2973 1936 3106 1986 sum,
3135 1936 3256 1990 quae
3295 1931 3381 1975 est
3416 1923 3505 1975 lex
3539 1924 3766 1989 peccati,

2190 2014 2428 2068 animam
2462 2028 2580 2082 qua:
2615 2011 2910 2066 carnaliter
2946 2012 3162 2073 vixerit,
3208 2009 3261 2062 in
3298 2012 3483 2065 dotem
3520 2011 3773 2066 conscri-

2189 2108 2287 2163 bit.

2260 2198 2314 2251 4.
2364 2196 2489 2251 Post
2530 2196 2645 2250 haec
2694 2194 2856 2248 etiam
2903 2193 3005 2247 hoc
3035 2191 3323 2245 videndum
3359 2199 3464 2257 est,
3504 2194 3655 2260 quod
3683 2191 3781 2243 lilii

2188 2286 2385 2357 Josepb
2421 2285 2773 2356 quaestionem
2826 2290 3045 2336 moveut
3073 2281 3140 2335 dc
3186 2280 3551 2345 haereditate,
3602 2284 3784 2346 majo—

2192 2395 2304 2435 rem
2333 2386 2536 2433 sortem
2562 2373 3125 2444 requirunt,dicentes
3151 2373 3216 2426 ad
3232 2370 3414 2425 Jesum
3434 2372 3455 2401 ⁸
3488 2387 3507 2425 :
3545 2392 3564 2422 ε
3591 2373 3781 2436 Quare

2193 2470 2348 2527 nobis
2383 2468 2577 2523 dedisti
2630 2466 2960 2521 haereditatis
2992 2474 3195 2519 sortem
3228 2464 3341 2534 (86)
3368 2480 3559 2528 unam,
3592 2475 3653 2516 et
3678 2480 3772 2532 pe.

2192 2563 2439 2616 daturam
2468 2557 2675 2613 uuam?
2711 2557 2824 2625 Ego
2848 2567 3031 2609 autem
3060 2556 3284 2624 pOpuitts
3309 2558 3511 2607 multus
3542 2570 3692 2616 sum,
3722 2564 3774 2607 et

2194 2651 2452 2705 Dominus
2483 2648 2762 2703 benedixit
2796 2661 2903 2700 me.
2959 2664 2978 2697 ι
3030 2644 3086 2699 Si
3143 2659 3270 2714 ergo
3315 2656 3366 2699 et
3398 2659 3495 2698 nos
3530 2646 3775 2713 populus

2192 2746 2362 2800 simus
2410 2741 2638 2805 multus,
2669 2749 2725 2795 et
2762 2738 3048 2792 benedicat
3098 2753 3195 2791 nos
3233 2737 3516 2800 Dominus,
3571 2736 3767 2788 audii.-

2195 2851 2315 2891 ntus
2360 2836 2429 2889 ab
2467 2833 2592 2887 Jesu
2622 2832 2643 2863 ⁹
2674 2852 2686 2886 ε
2723 2851 2742 2881 t
2783 2829 3018 2899 Populus
3065 2828 3266 2881 multus
3292 2842 3375 2892 es,
3418 2828 3663 2880 ascende
3716 2827 3774 2881 in

2192 2925 2412 2990 saltum,
2446 2933 2501 2977 ct
2539 2922 2737 2976 munda
2762 2920 2854 2974 tibi
2888 2919 3011 2988 ipsi,
3041 2927 3096 2970 et
3126 2933 3254 2986 para
3290 2916 3465 2969 locum
3511 2916 3565 2967 in
3592 2925 3770 2967 terra.

2195 3017 2450 3087 Expurga
2500 3014 2816 3068 Pherczmos
2875 3020 2930 3064 et
2982 3010 3269 3078 Raphaitu.
3331 3027 3349 3059 ι
3405 3007 3643 3060 Necesse
3685 3016 3771 3060 est

2193 3123 2325 3177 ergo
2351 3121 2448 3160 nos
2478 3106 2677 3175 ejicere
2716 3103 3052 3157 Pberezaros.
3093 3099 3397 3153 Invenimus
3420 3109 3602 3151 autem
3626 3097 3775 3151 Phe.

2196 3213 2399 3253 τρίπος
2429 3194 2773 3265 interpretari
2809 3193 3277 3262 fructi/icationem
3305 3188 3442 3259 (87).
3480 3190 3613 3252 Sed,
3658 3190 3776 3242 sic-

2195 3299 2251 3345 ut
2305 3304 2445 3358 srepe
2496 3288 2608 3359 jam
2642 3286 2879 3341 diximus
2901 3286 2967 3338 de
3013 3282 3140 3337 aliis
3188 3281 3518 3344 nominibus,
3560 3280 3615 3333 in
3669 3280 3778 3333 hoc

2194 3382 2391 3451 duplex
2444 3389 2529 3433 est
2574 3375 2976 3446 interpretatio.
3032 3372 3126 3427 Est
3161 3371 3363 3426 etenim
3418 3370 3777 3423 l'ructilieatio

2193 3472 2333 3526 bona
2368 3480 2422 3525 et
2450 3468 2803 3524 iructilieatio
2855 3465 3017 3529 mala,
3047 3464 3189 3517 sicut
3226 3463 3279 3517 in
3314 3460 3623 3530 Evangeliis
3678 3461 3781 3513 de-

2193 3564 2441 3633 signatur
2470 3561 2535 3626 ",
2560 3558 2686 3629 quia
2719 3577 2738 3610 ι
2775 3559 2940 3611 arbor
2966 3557 3105 3611 bona
3142 3554 3312 3608 bonos
3340 3551 3555 3606 fructus
3612 3550 3776 3616 facit,

2193 3660 2249 3705 et
2291 3650 2453 3702 arbor
2483 3647 2623 3702 mala
2661 3645 2833 3700 malos
2882 3643 3091 3699 fructus
3125 3642 3272 3697 facit.
3326 3659 3346 3694 ι
3379 3640 3610 3706 Oportet
3634 3654 3778 3711 ergo

2196 3754 2297 3794 nos
2326 3738 2600 3808 expellere
2632 3750 2795 3791 omne
2829 3735 3091 3807 quidquid
3144 3748 3249 3787 non
3278 3733 3414 3786 liene
3448 3729 3775 3794 fructiﬁcat,

2194 3837 2251 3883 et
2279 3828 2602 3883 abscindere
2630 3825 2864 3881 fructmn
2909 3824 3173 3895 pecccati,
3206 3832 3258 3878 et
3290 3836 3597 3892 expurgare
3650 3823 3778 3874 fru-

2194 3926 2313 3975 etus
2338 3919 2638 3990 injustitiaz.
2666 3918 2773 3973 Sed
2805 3925 2860 3972 et
2897 3915 3183 3981 Raphaim,
3203 3913 3397 3982 inquit,
3424 3911 3651 3982 expelie,
3684 3912 3779 3965 vel

2199 4012 2382 4082 potius
2407 4026 2648 4081 expurga
2694 4011 2761 4064 de
2800 4019 2875 4063 te.
2932 4008 3198 4078 liaphaim
3253 4007 3561 4061 invenimus
3592 4006 3776 4059 inter-

2195 4112 2467 4175 pretatum
2505 4100 2735 4156 resoluta
2764 4111 2934 4155 mater
2966 4099 3101 4171 (88).
3131 4097 3228 4152 Est
3268 4098 3321 4152 in
3367 4099 3544 4150 anima
3580 4105 3775 4150 nostra

2196 4200 2373 4253 virtus
2420 4197 2691 4268 quaedam,
2722 4211 2845 4265 qua:
2875 4195 3015 4265 parit
3061 4209 3278 4259 sensus,
3308 4202 3363 4247 et
3407 4190 3554 4245 velut
3595 4200 3778 4245 mater

2195 4300 2277 4345 est
2301 4304 2493 4344 eorum
2514 4302 2771 4342 sensuum
2797 4287 2883 4341 vel
2913 4286 3309 4347 intellectuunt,
3340 4283 3432 4352 qui
3464 4283 3775 4352 procedunt

2196 4398 2228 4437 e
2258 4381 2437 4446 nobis,
2461 4383 2761 4435 secundum
2790 4378 2931 4448 quod
2961 4378 3164 4434 dicitur
3193 4378 3246 4431 in
3279 4382 3631 4431 sacramento
3655 4372 3773 4443 (89)

519 4475 777 4537 qnuntur.
806 4467 869 4520 Et
894 4469 1085 4523 iterum
1120 4471 1254 4525 dicit
1277 4473 1299 4503 ⁸
1331 4490 1346 4527 :
1385 4490 1403 4524 ι
1444 4471 1545 4538 Qui
1575 4480 1756 4525 autem
1786 4483 1913 4525 sunt
1936 4470 2092 4525 Chri-
2126 4498 2169 4553 υ
2201 4476 2266 4527 de
2289 4473 2466 4527 anima
2485 4472 2641 4543 quasi
2670 4475 2739 4527 de
2759 4471 2986 4527 muliere
3010 4470 3049 4501 “
3084 4488 3141 4524 ει
3169 4470 3327 4525 Salva
3352 4468 3654 4524 autemerit
3674 4480 3776 4536 per

519 4557 611 4620 sti,
634 4572 850 4614 carnem
901 4577 1053 4615 suam
1102 4563 1492 4619 crttciiixernnt
1521 4580 1644 4620 cum
1686 4564 1832 4619 vitiis
1864 4574 1918 4618 et
1957 4578 2087 4621 eon-

520 4649 882 4718 eupiscentiis.
908 4671 927 4704 ι
949 4650 1039 4710 Sic
1053 4668 1184 4724 ergo
1230 4656 1392 4710 tertio
1411 4695 1427 4719 ,
1458 4655 1560 4710 hoc
1602 4665 1686 4710 est
1712 4671 1834 4710 cum
1864 4656 1932 4711 ad
1962 4671 2088 4725 per-

521 4743 804 4799 fectiouem
847 4745 1129 4812 venimus,
1175 4756 1233 4801 et
1286 4750 1526 4803 membra
1561 4758 1741 4801 nostra
1792 4748 2090 4802 mortiﬁca-

520 4852 637 4890 tnus
658 4875 675 4901 ,
706 4854 766 4893 ac
799 4850 1024 4895 mortem
1068 4840 1271 4897 Christi
1302 4841 1353 4895 in
1396 4857 1624 4911 corpore
1651 4850 1836 4896 nostro
1863 4843 2095 4894 circum-

586 4975 611 5005 ⁸
647 4972 761 5029 Jos.
837 4992 948 5040 xu,
980 4976 1065 5031 10.
1157 4976 1323 5035 ³108.
1370 4992 1505 5037 xvn.
1557 4976 1643 5032 i3.
1718 4976 1741 5008 ⁸
1798 4974 1956 5040 ibid.,
2008 4977 2095 5032 18.

518 5042 541 5074 ⁸
577 5040 694 5100 Jos.
745 5062 881 5112 xm,
912 5049 997 5102 Η.
1073 5049 1272 5115 ’ibid.,
1308 5049 1391 5104 l5.
1468 5050 1510 5080 '°
1546 5047 1728 5103 Matth.
1767 5063 1861 5111 vu,
1897 5048 1983 5102 l7.

589 5189 701 5259 (8'5)
728 5189 879 5245 Libb.
911 5190 1078 5258 editi,
1114 5210 1132 5243 ι
1167 5192 1375 5249 habitat
1396 5191 1449 5246 in
1473 5191 1669 5255 Gazer,
1693 5189 1786 5244 sed
1813 5188 2039 5244 habitat.
2073 5208 2094 5243 ι

520 5260 617 5317 Ms.
656 5262 938 5332 Saugerm.
974 5263 1293 5332 utrobique,
1333 5281 1351 5313 ι
1382 5261 1683 5315 habitabat.
1719 5279 1741 5314 ι

591 5333 702 5401 (81)
740 5330 881 5401 [dent
913 5348 1013 5385 tus.
1044 5349 1062 5382 ι
1094 5330 1326 5386 videtur.
1370 5351 1388 5383 ι

592 5398 703 5470 (85)
739 5398 911 5454 Caser
939 5414 1113 5455 autem
1146 5405 1525 5467 interpretatur
1549 5402 1891 5455 constructio.
1924 5400 1965 5453 Α
2002 5413 2098 5466 an

520 5488 615 5526 seu
648 5482 783 5532 n'm
816 5490 833 5521 ι
871 5484 1232 5541 segmentum,
1260 5473 1484 5533 excisio,
1513 5481 1746 5538 septum,
1778 5471 2096 5535 tabulatum,

519 5552 823 5607 separatmn
859 5557 875 5603 ;
912 5562 929 5592 ι
966 5544 1105 5596 unde
1131 5542 1304 5597 Gazer
1336 5542 1739 5609 quodammodo
1780 5542 1885 5596 dici
1926 5542 2097 5609 possit

525 5631 545 5661 ι
585 5615 938 5665 constructio.
982 5630 1001 5664 ι

592 5682 733 5751 (86)
794 5681 968 5738 Codex
1024 5682 1311 5752 Sangcrm.
1365 5699 1383 5733 ι
1447 5681 1499 5735 in
1549 5681 1919 5735 hzcreditatem
1970 5692 2090 5734 sor-

525 5762 653 5807 Ictu.
720 5770 739 5804 ι

2182 4977 2204 5010 ⁸
2245 4978 2451 5034 Cnloss.
2500 4990 2584 5043 tu,
2618 4978 2672 5032 ὃ.
2746 4976 2913 5033 ‘Gol.
2951 4992 3011 5044 v,
3074 4975 3168 5031 94.

2059 5048 2100 5079 ιι
2129 5047 2313 5103 l'l‘im.
2345 5064 2407 5115 ιι,
2434 5049 2521 5102 t5.

2206 4566 2442 4620 ﬁliorum
2473 4565 2905 4636 generationem,
2929 4566 2972 4620 si
2998 4562 3355 4635 permanserit
3385 4561 3438 4616 iu
3464 4561 3567 4614 tlde
3595 4568 3650 4613 et
3672 4572 3774 4611 ve-

2201 4660 2375 4714 ritate.
2420 4678 2438 4711 ι
2470 4659 2590 4713 Istae
2616 4672 2750 4728 ergo
2786 4667 3009 4719 matres,
3037 4658 3137 4711 hoc
3182 4664 3268 4709 est
3311 4655 3411 4708 ista
3445 4653 3619 4705 virtus
3651 4649 3775 4703 ani—

2201 4767 2323 4817 mae,
2350 4750 2456 4806 illis
2526 4753 2578 4805 in
2610 4752 2805 4819 quibus
2850 4748 3006 4803 fortis
3038 4760 3121 4801 est
3152 4758 3206 4801 et
3229 4746 3403 4800 valida
3429 4760 3492 4798 ac
3522 4746 3771 4805 robusta,

2202 4853 2433 4909 generat
2464 4857 2657 4896 sensus
2692 4840 2895 4894 validos
2929 4852 2984 4893 et
3014 4849 3279 4907 potentes,
3315 4842 3369 4891 et
3396 4836 3486 4904 qui
3524 4831 3770 4901 snperari

3261 4976 3282 5007 '
3309 4973 3464 5028 Item.
3506 4988 3614 5036 vit,
3671 4971 3768 5026 9.3.

2277 5188 2365 5257 (87
2374 5208 2390 5259 )
2416 5191 2714 5246 lnvenimm
2735 5200 2908 5245 autem
2938 5189 3243 5244 Pherezaea:
3265 5191 3599 5258 interpretari
3623 5189 3770 5256 {rur-

2208 5261 2571 5328 tiﬁcationeut.
2611 5262 2651 5315 Α
2681 5270 2798 5323 m9
2844 5278 2862 5311 ε
2903 5260 3270 5315 l‘ructiticavit.
3310 5280 3328 5311 ι

2282 5329 2392 5402 (88)
2430 5328 2696 5402 ﬁophaim
2750 5332 3040 5386 invenimus
3088 5332 3485 5402 interpretatum
3532 5330 3765 5402 resoluto

2202 5400 2392 5454 mater.
2420 5400 2509 5455 Sic
2533 5404 2670 5455 alter
2691 5416 2754 5456 ex
2791 5400 3230 5465 Ebroiceusibns,
3278 5401 3397 5451 libri
3427 5408 3607 5452 autem
3631 5400 3762 5452 editi

2201 5487 2302 5537 pro
2339 5489 2357 5521 ι
2412 5472 2646 5524 resoluta
2685 5482 2878 5533 mater,
2934 5486 2953 5521 ι
3003 5468 3250 5523 habent:
3290 5484 3307 5520 α
3366 5469 3614 5521 resoluta!
3646 5484 3764 5520 tua-

2204 5552 2333 5594 tres.
2373 5559 2391 5591 ι
2428 5540 2757 5611 Etyntulogia
2790 5541 3005 5594 ducitur
3042 5552 3107 5594 ex
3148 5544 3264 5602 ΓΕἿ
3305 5558 3324 5592 t
3367 5540 3766 5603 remissumre-

2198 5613 2434 5665 solatnnt
2460 5626 2669 5667 esseiet
2692 5622 2777 5668 me
2808 5614 3061 5661 tmatern

2271 5684 2379 5749 (δυ)
2424 5680 2487 5732 In
2519 5693 2867 5733 sacramento.
2925 5681 3084 5733 lleest
3130 5682 3184 5733 in
3226 5678 3354 5737 libb.
3389 5687 3543 5733 antea
3577 5676 3761 5745 editis,

2198 5755 2289 5805 sed
2327 5761 2505 5805 exstat
2535 5753 2589 5805 in
2623 5752 2875 5805 omnibus
2908 5765 3036 5803 mss.
