4104 6226
244 321 379 379 933

1231 321 1297 375 ΙΝ
1339 322 1598 379 LlBliUM
1637 323 1805 380 JESU
1835 326 2021 381 NAVE
2059 324 2341 386 llOMlLlA
2371 331 2558 389 XXIII.

3444 349 3551 407 951.

246 457 286 497 a
325 445 751 499 contradicente
782 458 889 498 non
907 445 1149 513 possint.
1172 444 1236 499 tu
1286 449 1405 503 aliis
1447 450 1664 518 quidem
1692 452 1864 506 virtus
1892 459 1938 512 Α
1959 466 2088 506 cum
2112 464 2216 518 est,
2249 456 2414 511 citius
2458 458 2729 527 subjicere
2768 462 2947 528 nobis,
2978 466 3408 525 et-obedientem
3460 472 3541 526 ra-

249 537 379 590 ista
419 537 649 590 resoluta
681 545 767 592 est
810 545 865 591 et
897 538 1146 601 remissa,
1169 541 1311 608 quod
1351 541 1709 596 iudicaturex
1737 557 1862 597 sen-

251 626 435 681 sibus
467 644 587 682 cum
634 628 875 697 languidi
916 628 1138 697 quidam
1200 629 1551 698 proferuntur
1580 642 1635 687 et
1669 633 1858 703 inepti,

251 729 317 773 et
358 720 496 772 nihil
535 722 584 773 iu
611 736 670 773 se
701 721 1040 775 fortitudinis
1076 722 1445 776 continentes.
1478 723 1591 777 Hoc
1617 738 1747 793 ergo
1780 726 1858 780 si-

254 809 575 876 g-niiicatur
608 812 709 865 sub
742 812 962 865 nomine
994 811 1267 880 Raphaim
1308 823 1366 865 ut
1397 812 1765 880 hujuscemodi
1793 817 1860 872 de

251 900 436 954 nobis
474 912 684 957 ‘tnatrcs
724 904 1019 967 remissas,
1057 917 1179 972 qua:
1220 917 1416 959 sensus
1458 905 1762 961 ineruditos
1802 916 1858 964 et

252 991 498 1045 inuti-les
525 994 763 1060 pariunt,
797 1008 1188 1063 expurgemus.
1216 992 1284 1047 Et
1306 997 1445 1051 bene
1480 999 1720 1051 servavit
1748 998 1856 1067 spi-

252 1083 453 1137 ritalis
491 1084 864 1155 intelligentia:
911 1088 1323 1158 proprietatem.
1374 1086 1491 1142 Non
1531 1088 1676 1143 enim
1718 1088 1858 1143 dixit

253 1172 712 1232 intermittendus
772 1179 1080 1248 Raphaim,
1138 1179 1231 1234 sed
1279 1181 1678 1249 expurgandus.
1736 1180 1854 1237 Non

253 1267 424 1320 enim
458 1268 604 1336 ipsos
654 1272 932 1326 naturales
980 1272 1094 1341 (90)
1154 1273 1349 1327 animae
1395 1283 1576 1328 motus
1605 1284 1855 1330 evertere

252 1367 442 1424 atque
475 1364 842 1416 exterminare
892 1364 1230 1433 praecipitur.
1281 1366 1375 1419 sed
1414 1380 1740 1435 expurgare,
1800 1367 1853 1420 id

251 1456 351 1501 est
404 1451 592 1505 sordes
640 1462 695 1507 et
724 1454 1109 1520 immunditias,
1158 1471 1278 1525 quae
1316 1458 1396 1512 eis
1420 1473 1494 1513 ex
1542 1467 1725 1512 nostra
1757 1473 1855 1513 ne-

252 1539 530 1611 gligentia
574 1545 935 1610 advenerunt,
982 1561 1221 1616 purgare
1263 1558 1426 1617 atque
1472 1550 1759 1620 depellere,
1782 1559 1853 1604 ut

257 1633 536 1688 naturalis
563 1634 680 1702 ejus
701 1636 851 1705 vigor
886 1639 1115 1706 propria:
1158 1647 1322 1708 atque
1358 1640 1610 1710 ingenitze
1671 1642 1850 1696 virtu-

258 1724 341 1778 tis
374 1724 648 1794 eliulgeat.

1965 559 2112 609 cere,
2130 557 2259 615 post
2292 548 2413 602 hare
2439 550 2601 605 etiam
2635 555 3022 621 exterminare;
3062 560 3212 627 quia,
3250 561 3293 615 si
3324 562 3551 618 dimitti-

1965 653 2086 690 tuus
2119 654 2242 692 eum
2270 650 2322 693 et
2355 642 2704 712 negligimus,
2734 647 2911 701 veniet
2934 647 3147 705 Pharao
3184 665 3248 704 ex
3286 652 3544 725 Aigypm,

1962 737 2018 783 et
2042 729 2268 799 incipiet
2291 732 2465 787 locum
2499 744 2746 789 nostrum
2784 738 2836 792 in
2869 738 3051 795 dotem
3092 744 3222 797 dare
3264 745 3385 799 ﬁlim
3410 762 3545 816 sua),

1960 830 2015 874 et
2045 823 2293 885 captivos
2318 839 2415 878 nos
2459 827 2673 882 tradere
2704 828 2806 899 legi
2858 833 3091 901 peccati.
3124 834 3233 889 Sed
3267 836 3410 889 absit
3436 838 3547 893 hoc

1961 912 2029 965 ab
2051 909 2349 967 Israelitica
2389 916 2694 986 nobilitate,
2750 930 2809 974 ut
2836 923 3041 976 serviat
3092 924 3217 978 mire
3242 925 3547 984 Pharaonis

1959 1000 2227 1068 lsraelita,
2272 1004 2437 1076 550
2487 1023 2647 1077 quem
2693 1011 2804 1081 jam
2844 1012 2985 1068 Deus
3032 1016 3218 1070 eduxit
3270 1019 3339 1073 de
3394 1030 3544 1075 terra

1958 1094 2195 1166 Egypti,
2227 1098 2426 1153 iterum
2456 1103 2661 1157 serviat
2691 1104 2788 1170 illi,
2817 1107 2910 1175 qui
2954 1106 3005 1160 in
3027 1109 3169 1161 mari
3190 1108 3384 1164 'Rubru
3408 1114 3541 1167 sub-

1960 1201 2169 1241 mersus
2194 1198 2297 1253 est,
2326 1190 2596 1248 Pharaoni
2622 1197 2635 1249 !
2667 1197 3033 1252 Observetuus
3061 1214 3191 1268 ergo
3213 1201 3351 1254 sicut
3378 1212 3431 1257 et
3456 1205 3541 1258 hic

1957 1275 2091 1330 dicit
2140 1275 2329 1343 Jesus,
2382 1291 2440 1335 ιιι
2488 1285 2879 1352 pnevaleamus
2937 1304 3033 1343 nos
3077 1299 3271 1343 eoutra
3324 1291 3541 1345 Chana-

1958 1379 2102 1421 neus
2143 1384 2156 1419 :
2188 1382 2257 1422 ne
2283 1369 2327 1423 si
2360 1370 2499 1426 forte
2535 1373 2648 1442 (92)
2699 1375 2772 1428 illi
2806 1376 3136 1431 invalneuint
3168 1393 3335 1447 super
3356 1395 3461 1435 nos
3486 1390 3540 1435 et

1953 1457 2289 1513 obtinuerint
2317 1477 2435 1527 nos,
2471 1464 2538 1518 de
2581 1464 2898 1521 lsraelitieis
2947 1468 3286 1524 Chananeus
3324 1485 3424 1525 nos
3451 1470 3535 1524 fa-

1954 1550 2123 1618 ciant,
2152 1552 2300 1607 sicut
2332 1565 2387 1608 et
2432 1555 2524 1611 ille
2566 1555 2803 1613 cﬂ'ectus
2846 1569 2951 1622 est,
2976 1575 3145 1628 quem
3179 1573 3538 1631 superaverat

1952 1641 2135 1695 carnis
2166 1642 2451 1710 illecebra,
2472 1648 2561 1720 cui
2588 1648 2793 1703 dicitur
2814 1664 2842 1702 a
2866 1651 3130 1719 prOpheIa
3159 1653 3201 1684 ⁸⁸
3230 1673 3243 1707 :
3277 1673 3294 1706 ι
3334 1655 3533 1711 Semen

1953 1729 2241 1795 Chanaan,
2284 1743 2337 1788 ct
2370 1751 2473 1790 non
2516 1736 2674 1803 .luda,
2731 1742 2942 1809 species
2976 1744 3196 1797 seduxit
3228 1753 3300 1799 te.
3356 1765 3373 1798 ι
3412 1746 3530 1803 Non

339 1816 397 1868 5.
445 1816 576 1869 Post
613 1818 726 1872 tunc
772 1819 978 1874 addunt
1030 1823 1204 1877 adhuc
1251 1823 1343 1878 ﬁlii
1375 1825 1632 1894 Epinem,
1664 1838 1720 1881 et
1764 1794 1919 1883 (ιε-Β
1946 1825 2167 1877 eveniat
2214 1840 2345 1893 ergo
2400 1828 2555 1882 nobis
2607 1832 2800 1885 audire
2850 1847 3034 1888 semen
3066 1837 3358 1905 Chanaan,
3395 1841 3528 1907 quia

260 1912 405 1956 cunt
436 1906 482 1935 ³³
517 1924 530 1959 :
561 1924 581 1957 ί
616 1906 733 1962 Non
751 1909 942 1965 suilicit
963 1912 1117 1965 nobis
1139 1929 1316 1980 mons,
1346 1923 1399 1969 et
1430 1930 1601 1986 equus
1618 1918 1843 1985 electus,

258 2000 321 2046 et
354 1993 556 2048 ferrum
605 1996 914 2054 Chanauaao
945 2011 1028 2055 est
1072 2004 1163 2071 qui
1203 2005 1420 2059 habitat
1447 2007 1499 2061 in
1537 2024 1623 2063 me
1647 2010 1781 2080 (9|).
1819 2032 1839 2066 ι

259 2080 560 2150 Nunquam
608 2087 851 2144 invenies
894 2093 985 2160 qui
1032 2109 1230 2162 equtun
1286 2096 1481 2151 habeat
1521 2099 1841 2170 lsraelitam,

260 2177 364 2226 sed
396 2175 734 2232 Chanauteus
769 2181 929 2235 habet
972 2184 1119 2238 illum
1167 2200 1386 2255 equum,
1430 2191 1522 2258 qui
1562 2191 1731 2248 falsus
1758 2203 1844 2250 est

258 2266 331 2318 ad
366 2267 620 2324 salutem.
652 2270 823 2326 llabet
859 2283 913 2327 et
958 2274 1164 2330 ferrum
1196 2278 1451 2335 bellicum
1480 2282 1840 2346 Chananteus.

260 2355 375 2410 Sed
404 2359 532 2425 quid
568 2362 848 2430 respondit
879 2365 984 2419 illis
1008 2365 1165 2422 .‘esus
1189 2368 1212 2422 ?
1249 2388 1266 2421 ι
1303 2370 1357 2425 Si
1384 2377 1610 2442 populus
1639 2378 1841 2436 multus

261 2462 325 2501 es
355 2457 434 2511 tu,
475 2462 531 2503 et
562 2451 815 2507 virtutem
850 2456 1079 2526 habens,
1120 2475 1224 2515 non
1258 2466 1363 2517 erit
1393 2465 1489 2519 tibi
1534 2481 1659 2525 sors
1704 2485 1838 2539 una,

262 2540 397 2607 quia
419 2541 589 2599 saltus
611 2555 698 2600 est
731 2549 846 2614 tibi,
883 2560 939 2606 et
989 2555 1313 2611 emundahis
1348 2572 1471 2613 eum
1514 2562 1587 2611 ³³.
1620 2582 1641 2617 ι
1678 2564 1841 2621 Vides

262 2633 397 2701 quid
428 2636 494 2688 ad
527 2651 626 2691 nos
658 2653 757 2707 per
792 2643 1525 2720 spiritaleminteli'igentiam
1542 2656 1759 2727 dicitur,
1780 2667 1843 2714 ut

264 2726 626 2781 cmundemns
680 2730 871 2784 silvam
896 2749 1020 2802 quae
1074 2736 1125 2789 in
1160 2740 1316 2794 nobis
1350 2752 1453 2807 est,
1484 2756 1541 2799 et
1578 2726 1840 2804 exciden-

264 2824 350 2869 tes
382 2817 605 2873 inutiles
626 2829 682 2875 et
709 2822 1075 2881 infructuosos
1114 2844 1183 2882 ex
1222 2832 1629 2905 nobismetipsis
1674 2842 1840 2897 arbo-

263 2920 373 2969 res,
408 2906 671 2968 faciamus
710 2913 780 2967 ibi
820 2917 1028 2971 novalia
1070 2934 1190 2988 qua:
1222 2936 1444 2994 semper
1491 2929 1835 3002 innovemus,

263 3005 319 3051 et
355 3014 421 3053 ex
449 3002 645 3071 quibus
675 3004 911 3063 fructum
960 3012 1246 3080 capiamus
1285 3016 1621 3074 tricesimum
1661 3031 1716 3077 et
1746 3038 1836 3079 se-

263 3096 597 3160 xagesimum
633 3108 688 3152 et
737 3103 1145 3159 centesimum?
1194 3106 1385 3163 Annon
1438 3112 1625 3167 eadem
1682 3117 1835 3172 nobis

269 3182 549 3256 Evangelii
583 3203 766 3245 sermo
794 3193 1101 3263 denuntiat,
1146 3198 1334 3255 dicens
1363 3200 1407 3233 ιδ
1442 3220 1455 3255 :
1496 3222 1519 3254 ‹
1561 3205 1699 3261 Ecce
1719 3206 1832 3273 jam

264 3276 473 3328 securis
499 3278 672 3343 posita
704 3290 787 3332 est
820 3282 887 3335 ad
913 3285 1147 3339 radicem
1181 3287 1396 3343 arboris
1422 3291 1445 3344 ?
1483 3291 1674 3348 Omnis
1692 3310 1824 3365 ergo

263 3366 425 3418 arbor
446 3381 564 3435 quae
580 3384 685 3423 non
711 3371 867 3427 uﬂ'ert
888 3372 1148 3444 ﬂuctum,
1172 3380 1475 3448 excidetnr,
1500 3392 1556 3437 et
1576 3386 1628 3439 in
1652 3385 1830 3456 ignem

264 3455 531 3512 mittetur.
562 3480 581 3512 ι
619 3461 746 3517 Haec
774 3465 1050 3533 prioribus
1100 3470 1305 3524 nostris
1348 3469 1493 3526 Nave
1524 3455 1833 3545 liliusiprat-

264 3549 402 3615 cepit
431 3547 591 3605 Jesus
629 3553 694 3607 de
728 3554 1081 3612 inl‘ructuosis
1125 3560 1415 3615 arboribus
1490 3564 1830 3631 excidendis,

263 3638 375 3693 inec
406 3643 565 3697 nobis
614 3643 878 3701 Dominus
926 3646 1083 3703 Iesus
1134 3650 1187 3705 in
1224 3650 1531 3721 Evangeliis
1577 3657 1828 3712 mandata

262 3731 520 3788 describit
551 3750 566 3788 :
602 3744 659 3789 et
688 3739 961 3804 quomodo
1005 3756 1111 3795 non
1142 3756 1332 3797 verum
1364 3753 1447 3798 est
1467 3748 1613 3815 quod
1643 3748 1829 3803 unum:

258 3825 534 3889 praecessit
568 3832 623 3879 et
657 3827 862 3882 veritas
898 3839 1084 3884 secuta
1108 3832 1237 3886 est?

326 3912 378 3967 6.
438 3915 577 3982 Quid
629 3928 808 3973 autem
856 3929 941 3974 est
992 3923 1139 3991 quod
1185 3924 1389 3979 addidit
1433 3925 1592 3981 Jesns
1633 3945 1647 3982 :
1704 3945 1724 3980 ι
1765 3928 1825 3984 Si

258 4007 666 4073 emundaveris,
737 4011 913 4080 inquit
966 4014 1053 4079 ",
1118 4014 1356 4079 silvam,
1393 4018 1497 4071 erit
1556 4020 1653 4074 tibi
1703 4036 1823 4078 cum

170 4133 185 4139 ς
250 4099 701 4155 exterminaveris
729 4100 1138 4157 Chananazurnt
1170 4123 1189 4156 ι
1239 4106 1488 4161 Diximus
1526 4109 1637 4178 jam
1673 4126 1827 4183 supe-

263 4187 369 4239 rius
389 4191 658 4257 quomodo
690 4194 969 4248 nobiscum
1003 4196 1212 4263 positus
1242 4196 1609 4266 Chananteus,
1646 4205 1824 4270 primo

262 4287 457 4333 tantum
483 4282 685 4336 tributa
732 4282 1023 4352 dependet,
1069 4287 1308 4341 secundo
1356 4290 1623 4347 obediens
1656 4293 1823 4349 edici-

258 4377 341 4425 tur
386 4379 439 4424 et
484 4369 774 4438 subjectus,
834 4375 995 4428 tertio
1067 4391 1196 4432 vero
1226 4378 1277 4431 in
1328 4381 1697 4437 membrorum
1731 4398 1823 4439 no-

1953 1930 1971 1963 t
2032 1913 2346 1971 tna’ledictus
2389 1919 2643 1973 Chanaan
2688 1937 2822 1990 puer
2869 1940 3059 1981 servus
3103 1930 3211 1983 erit
3258 1929 3523 1985 fratribus

1944 2006 2057 2058 suis
2108 2006 2174 2063 ".
2244 2028 2263 2058 ι
2328 2007 2495 2064 Nobis
2553 2020 2730 2066 autem
2796 2026 3020 2083 prastet
3084 2019 3387 2087 Dominus,
3466 2033 3526 2075 ut

1945 2094 2040 2149 lilii
2069 2094 2241 2151 simus
2284 2098 2581 2164 Abraham,
2608 2112 2659 2155 et
2688 2102 2867 2171 lsnac,
2912 2117 2966 2161 et
2997 2107 3188 2174 Iacob,
3231 2112 3529 2165 secundum

1943 2187 2362 2256 promissionem
2397 2191 2668 2257 ltmredes,
2701 2203 2754 2249 et
2775 2196 2847 2249 oh
2878 2198 2982 2252 hoc
3002 2214 3074 2253 ex
3116 2199 3385 2269 lapidibus
3403 2217 3528 2256 sus-

1945 2278 2119 2343 citati,
2165 2291 2221 2333 ut
2266 2281 2438 2337 simus
2490 2283 2582 2339 [Ilii
2620 2287 2899 2343 Abraham
2941 2306 2970 2345 a
3007 2291 3223 2348 Christo
3266 2293 3528 2349 JesuDe-

1944 2371 2091 2424 mino
2117 2380 2327 2439 nostro,
2375 2375 2463 2429 cui
2507 2385 2590 2430 est
2617 2377 2788 2447 gloria
2813 2391 2869 2435 et
2915 2382 3201 2451 imperium
3236 2386 3288 2439 iu
3321 2387 3519 2441 stucqu

1943 2461 2290 2519 macularum.
2316 2465 2508 2521 Amen.

2468 2558 2753 2616 HOMl’LlA
2798 2562 2990 2618 XXIII.

2046 2641 2123 2699 De
2168 2649 2375 2702 ratione
2400 2652 2630 2726 sortium
2675 2654 2763 2706 ubi
2786 2666 2980 2723 septem
3006 2656 3178 2709 tribus
3204 2658 3418 2726 capiant

1984 2786 1987 2791 η
2532 2722 2918 2780 Itwreditatem.

2010 2826 2063 2881 Ι.
2108 2825 2171 2881 in
2202 2831 2599 2887 consuetudine
2649 2833 2926 2888 hominum
2958 2851 3082 2891 cum
3128 2839 3329 2909 aliquid
3372 2852 3522 2901 sorte

1939 2917 2222 2985 dividitur,
2276 2921 2500 2976 fortuitu
2542 2924 2760 2979 videtur
2790 2942 2914 2982 sors
2960 2930 3051 2983 illa
3097 2933 3164 2985 ad
3216 2933 3391 2999 illum,
3434 2936 3519 2989 vel

1938 3010 2041 3066 alia
2094 3014 2161 3066 ad
2200 3014 2373 3068 alium
2429 3016 2543 3086 (93)
2591 3019 2788 3073 cadere
2838 3042 2849 3075 :
2895 3022 2948 3075 in
2997 3020 3281 3092 Seriptura
3332 3036 3513 3081 autem

1937 3112 2127 3159 sancta
2152 3120 2261 3159 non
2292 3106 2363 3159 ita
2398 3116 2503 3161 est.
2546 3106 2852 3178 Aliquoties
2880 3113 3194 3180 quaerebam
3228 3118 3369 3185 apud
3405 3134 3516 3172 nte-

1937 3193 2245 3262 metipsum,
2273 3195 2317 3249 si
2357 3196 2424 3250 de
2457 3212 2514 3250 re
2547 3208 2696 3252 tanta
2748 3214 2812 3255 ac
2850 3201 2939 3255 tali
2983 3203 3097 3272 (94)
3128 3214 3311 3272 patres
3338 3209 3515 3261 sancti

1934 3283 2174 3338 sortibus
2220 3283 2487 3351 judicium
2529 3290 2958 3360 commisissent,
2990 3296 3133 3361 quod
3155 3293 3201 3346 si
3223 3305 3369 3347 esset
3414 3297 3518 3349 hoc

1933 3372 2075 3440 apud
2117 3384 2336 3429 sanctos
2374 3376 2446 3429 ita
2495 3388 2730 3446 gestum,
2773 3379 2890 3449 jam
2941 3383 3007 3436 de
3049 3382 3171 3436 aliis
3206 3383 3516 3440 hominibus

1928 3466 2011 3520 vel
2060 3464 2353 3533 gentilibus
2382 3466 2497 3539 (95)
2531 3468 2664 3522 nihil
2700 3469 2902 3524 mirum
2933 3473 3230 3537 videretur,
3280 3475 3326 3529 si
3375 3476 3511 3530 nihil

1931 3554 2226 3611 haberetur
2250 3559 2511 3615 eximium
2556 3560 2617 3615 in
2667 3562 2754 3624 iis,
2785 3576 2907 3633 qua
2954 3578 2983 3617 a
3012 3566 3217 3619 sanctis
3246 3574 3395 3621 sorte
3429 3568 3513 3621 di-

1928 3653 2127 3700 cuntur
2171 3647 2366 3703 divisa.
2410 3649 2514 3705 Sed
2554 3653 2837 3709 videamus
2859 3655 2905 3709 si
2944 3654 3084 3709 forte
3126 3657 3178 3711 in
3207 3656 3515 3727 Scripturis

1928 3732 2239 3790 invenimus
2265 3738 2467 3807 aliquid
2503 3742 2768 3809 pusitutn,
2793 3745 2937 3812 quod
2980 3745 3137 3799 nobis
3161 3746 3291 3814 quid
3328 3747 3501 3800 virtu-

1928 3826 1997 3883 tis
2036 3828 2379 3883 contineatur
2422 3832 2475 3885 in
2520 3833 2763 3887 sortibus
2805 3835 3137 3889 manifestat.
3182 3835 3514 3905 Incipiamus

1926 3932 2060 3988 ergo
2091 3935 2121 3972 a
2164 3917 2431 3989 Levitico,
2474 3923 2566 3977 ubi
2613 3925 2883 3993 scriptum
2929 3935 3014 3981 est
3043 3926 3086 3959 ¹⁹
3123 3941 3142 3981 :
3190 3946 3209 3979 ‹
3244 3928 3318 3982 Et
3363 3930 3510 3984 scci-

1925 4010 2113 4079 pient,
2188 4012 2403 4082 inquit,
2474 4016 2612 4072 duas
2657 4028 2855 4073 sortes.
2920 4018 3053 4074 Sors
3110 4035 3213 4073 una
3255 4022 3511 4089 Domino,

1923 4109 1979 4157 et
2024 4116 2147 4158 sors
2177 4119 2283 4158 una
2330 4120 2701 4178 apopompato,
2746 4128 2767 4162 ι
2804 4110 2907 4167 hoc
2940 4119 3046 4175 est,
3104 4114 3510 4173 transmissori.

1928 4210 1948 4245 ι
2002 4193 2069 4249 Et
2097 4210 2259 4266 super
2289 4213 2670 4270 quemcunque
2729 4202 2950 4257 venerit
3000 4218 3125 4258 sors
3170 4206 3506 4274 apOpomptei

1922 4287 2153 4358 accipiet
2181 4290 2392 4345 hircum
2438 4292 2616 4357 illum,
2654 4303 2712 4349 et
2738 4294 2971 4351 adducet
3000 4295 3149 4349 illum
3174 4297 3228 4350 in
3255 4311 3502 4351 eremutn

1922 4383 2133 4447 vivum,
2162 4394 2218 4441 et
2246 4386 2483 4443 dimittet
2525 4388 2672 4443 illum
2724 4389 2800 4445 ibi
2849 4390 2903 4444 in
2954 4390 3274 4446 dimissione
3318 4408 3438 4448 sua.
3474 4412 3495 4445 ι

258 4469 483 4514 strorum
516 4462 937 4517 tnortilicatione
991 4466 1159 4520 etiam
1203 4469 1557 4526 exterminari
1595 4473 1815 4528 dicitur.
1850 4496 1895 4552 υ
1921 4473 2102 4530 Alium
2136 4490 2266 4530 vero
2282 4476 2492 4531 hircum
2518 4478 2880 4535 immolabunt
2907 4480 3159 4549 Domino,
3188 4492 3243 4537 et
3270 4483 3503 4553 reliqua,

258 4548 378 4616 Quae
406 4552 449 4604 si
481 4561 629 4606 recte
670 4552 1039 4622 intelligimus,
1082 4566 1138 4613 et
1184 4558 1414 4615 donavit
1442 4562 1599 4618 nobis
1640 4564 1820 4619 Domi-

261 4658 354 4696 nus
379 4658 473 4711 per
492 4644 724 4713 gratiam
760 4662 914 4701 suam
948 4649 1020 4702 ita
1073 4649 1187 4707 luce
1236 4652 1563 4725 intelligere,
1608 4656 1681 4710 sit
1724 4656 1822 4711 ali-

258 4735 372 4803 quid
399 4751 579 4805 Opera:
607 4738 769 4806 pretii
807 4740 919 4795 hre
945 4742 1011 4795 de
1038 4744 1268 4800 secretis
1296 4755 1353 4801 et
1404 4748 1735 4804 absconditis
1760 4750 1814 4805 in

256 4825 513 4894 publicum
540 4830 879 4896 produxisse,
914 4842 969 4886 et
996 4836 1208 4889 venisse
1233 4836 1300 4890 ad
1330 4838 1663 4907 agnitionem
1718 4855 1815 4894 no-

257 4929 435 4983 stram,
469 4935 592 4989 quae
640 4923 1005 4979 servabantur
1040 4927 1296 4993 obtecta;
1341 4939 1677 4985 etcouctnur
1722 4946 1812 4986 se-

252 5012 467 5065 cundum
497 5012 614 5067 haec
637 5029 757 5083 quae
796 5017 1055 5082 diximus,
1086 5019 1458 5075 Chananteum
1490 5023 1579 5092 qui
1631 5023 1810 5077 nubis-

1924 4576 2046 4632 quae
2100 4564 2173 4618 ibi
2214 4572 2362 4619 sum.
2413 4564 2544 4632 Quae
2591 4567 2777 4637 utique
2817 4570 3001 4625 sciunt
3045 4572 3137 4639 qui
3190 4573 3393 4640 legunt.
3437 4574 3505 4627 Et

1923 4652 2121 4708 iterqu
2154 4655 2243 4709 ubi
2264 4654 2475 4726 Moyses
2505 4666 2655 4713 sorte
2689 4658 2877 4714 divisit
2905 4662 3065 4716 tribui
3092 4661 3306 4727 Ruben,
3338 4673 3391 4718 et
3409 4664 3507 4718 tri-

1920 4743 2011 4801 hui
2035 4745 2172 4811 Gad,
2189 4756 2245 4802 et
2267 4749 2506 4805 dimidim
2529 4751 2691 4806 tribui
2712 4751 2981 4820 Maaasse,
3006 4768 3129 4823 qua:
3146 4763 3501 4823 poposcerunt

1923 4846 2077 4893 trans
2093 4837 2384 4895 Iordanem
2423 4843 2672 4912 accipere
2714 4852 2915 4898 terram
2948 4844 3120 4909 illam,
3145 4858 3308 4911 quam
3339 4857 3503 4897 act-e-

1919 4942 2118 4999 perunt
2158 4933 2253 4987 lilii
2289 4932 2476 4988 Israel.
2507 4933 2672 4988 Dedit
2711 4946 2890 4989 autem
2921 4934 3086 4987 etiam
3114 4934 3270 4987 Jesus
3302 4948 3497 4987 sectus-

1921 5025 2047 5078 dutn
2112 5037 2439 5094 pt-a'eeptutn
2502 5026 2594 5081 Dei
2655 5025 2822 5080 Caleb
2882 5025 2992 5079 lilio
3044 5023 3256 5079 Jell'unc
3324 5024 3504 5079 tribus

313 5200 354 5273 ’ξ
384 5196 494 5257 ius.
522 5215 657 5259 xvtt.
686 5202 780 5273 16.
859 5194 903 5235 ί³
927 5201 1061 5258 ibid.
1103 5207 1192 5272 t7,
1225 5210 1313 5262 18.
1392 5206 1436 5237 ¹⁸
1459 5205 1649 5261 Matth.
1679 5224 1760 5273 ιιι,
1800 5208 1836 5262 ιι

1966 5209 2142 5265 "Jos.
2168 5225 2287 5271 un,
2313 5210 2403 5265 98.
2482 5209 2524 5241 ⁸⁸
2552 5209 2688 5262 Dan.
2723 5224 2844 5263 xm.
2874 5210 2963 5263 56.
3046 5210 3085 5240 ¹⁷
3117 5208 3255 5264 Gen.
3297 5224 3371 5272 rs,
3397 5208 3493 5262 ‘25.

254 5267 293 5300 "
328 5269 487 5324 Levit.
539 5287 648 5336 xvi,
673 5272 732 5339 8,
766 5274 853 5328 10.

311 5383 407 5465 (99)
424 5383 626 5442 Omnes
649 5403 783 5443 mss.
817 5407 837 5441 ι
872 5389 1170 5444 naturales.
1202 5407 1223 5441 ι
1252 5389 1412 5444 Libh.
1445 5390 1574 5445 editi
1603 5407 1617 5445 :
1652 5408 1671 5441 ι
1706 5407 1804 5444 na-

252 5456 611 5596 fuigltliilbdex
646 5524 937 5596 Sangerm.
969 5544 1093 5583 cum
1132 5544 1238 5585 uno
1258 5529 1473 5585 Ebroic.
1499 5548 1517 5580 ι
1558 5530 1609 5582 in
1642 5543 1746 5583 me.
1778 5549 1795 5581 ι

251 5591 572 5678 ιιιξυλςιιιεξ,
607 5615 624 5647 t
661 5597 713 5650 in
743 5591 986 5678 meridie.
1034 5618 1051 5649 ι
1248 5668 1267 5678 -
1294 5669 1326 5678 η
1352 5669 1363 5678 _
1497 5669 1526 5678 η
1562 5670 1570 5678 _

255 5730 274 5783 r
319 5663 444 5731 (UE!)
503 5667 626 5721 Mss.
684 5684 702 5718 t
756 5685 823 5721 ne
863 5669 906 5721 si
952 5669 1115 5724 forte.
1178 5687 1195 5720 ι
1247 5668 1403 5725 Libh.
1445 5669 1572 5723 editi
1615 5687 1627 5721 :
1665 5686 1681 5718 ι
1734 5685 1797 5723 ne

273 5746 384 5786 nrlc.
434 5754 449 5783 ι

1978 5390 2090 5458 (93)
2139 5386 2233 5441 Vel
2259 5389 2369 5441 alia
2395 5390 2464 5439 ad
2500 5388 2687 5440 alium.
2721 5387 2845 5442 llrec
2879 5388 3076 5441 desunt
3104 5386 3154 5439 in
3194 5385 3349 5440 libris
3371 5385 3492 5439 edi-

1907 5460 1993 5523 tis,
2024 5459 2119 5510 sed
2154 5467 2369 5510 exstant
2396 5458 2447 5510 in
2477 5460 2689 5512 duobus
2723 5458 3165 5511 Ehroicensibns.

1974 5521 2087 5600 (94)
2120 5529 2321 5600 omnes
2353 5542 2480 5600 mss.
2521 5546 2538 5577 c
2582 5528 2626 5581 si
2664 5530 2729 5581 de
2758 5544 2815 5581 re
2845 5538 2991 5580 tanta
3025 5542 3088 5581 ac
3120 5526 3232 5581 tali.
3275 5542 3295 5575 ι
3323 5521 3487 5578 Libb.

1901 5595 2028 5652 editi
2061 5614 2073 5649 :
2115 5614 2131 5647 t
2170 5597 2213 5650 si
2248 5595 2316 5649 de
2344 5599 2506 5651 tantis
2538 5611 2603 5650 ac
2634 5599 2853 5651 talibus.
2896 5616 2916 5649 ι

1973 5668 2087 5739 (bii)
2130 5668 2311 5745 Codex
2353 5666 2635 5745 Sa-ngertn.
2691 5686 2711 5719 ι
2754 5669 2836 5723 vel
2887 5666 3202 5738 gentilibus.
3255 5683 3273 5716 ι
3320 5660 3485 5719 Libb.

1901 5736 2028 5794 Ctllt!
2068 5757 2078 5790 :
2117 5756 2135 5790 ι
2177 5736 2256 5791 \cl
2284 5737 2559 5804 gentibus.
2610 5760 2628 5790 ι
