4104 6226
610 293 674 313 ην

627 316 677 347 Ι)

2028 295 2353 353 ORIGENIS

3833 296 3944 353 933

569 422 725 477 ,Ιιιιιειε
742 421 857 492 (96)
892 430 1113 477 sortem.
1143 420 1299 475 Dedit
1324 429 1505 475 autem
1531 429 1585 475 et
1612 421 1775 475 tribui
1812 419 2069 491 Ephrem,
2100 429 2155 474 et
2183 426 2231 481 Α
2260 428 2465 485 mento,
2494 417 2666 475 sicubi
2715 431 2835 474 sors
2870 418 2923 473 in
2963 417 3183 475 Christo
3221 420 3306 475 vel
3356 421 3409 474 in
3468 419 3792 475 Ecclesia
3839 438 3939 473 no-

574 515 648 569 iili
695 528 817 583 quae
866 521 1195 582 supererat.
1254 512 1494 566 dimidiae
1551 512 1716 565 tribui
1767 512 2030 567 Manassc.
2090 512 2157 566 Et

574 613 696 672 post
730 606 843 658 ha‘c
895 603 1270 673 congregavit,
1321 602 1541 670 inquit,
1583 602 1869 656 ecclesiam
1923 604 2154 656 filiorum

570 695 764 759 Israel,
795 704 850 749 et
886 695 1023 748 dixit
1046 695 1086 732 "
1117 711 1130 748 :
1169 711 1187 743 ι
1227 692 1435 746 Mittam
1461 703 1691 757 sortem,
1718 703 1771 746 et
1803 693 2077 761 proferam
2102 695 2154 748 in

570 798 865 859 conspectu
920 788 1134 843 Domini
1182 798 1427 851 sortem,
1482 787 1526 839 si
1579 787 1731 854 prius
1780 788 2157 841 describentes

569 893 809 947 terram,
859 880 1152 936 attuleritis
1201 878 1625 947 descriptionem
1685 879 1825 947 ejus.
1880 897 1898 930 ι
1954 879 2020 933 Et
2080 880 2154 933 ita

570 985 695 1045 post
728 975 845 1029 hmc
878 973 1119 1027 sortibus
1155 972 1339 1025 missis
1373 970 1667 1024 haereditas
1694 970 1893 1039 populo
1926 971 2019 1026 Dei
2039 972 2154 1026 dis-

572 1066 851 1130 tribuitur,
876 1075 931 1120 et
954 1065 1198 1135 agitatur
1220 1079 1341 1119 sors
1372 1064 1473 1116 ista
1502 1077 1607 1116 non
1647 1063 1903 1127 fortuitu,
1938 1066 2032 1119 sed
2071 1079 2157 1119 sc-

570 1159 807 1209 cumtum
854 1156 979 1217 hoc,
1008 1156 1151 1223 quod
1191 1156 1640 1227 praedestinatum
1678 1166 1762 1211 est
1787 1173 1815 1209 a
1844 1157 1971 1211 Deo.
2001 1155 2156 1210 Deni-

570 1261 675 1313 que
705 1245 878 1299 tribus
921 1244 1202 1314 Beniamin
1246 1248 1422 1318 prima
1463 1248 1535 1303 ibi
1586 1248 1796 1317 accepit
1825 1258 2027 1302 sortem
2062 1248 2151 1302 ubi

569 1349 684 1394 erat
714 1338 1050 1403 Jerusalem,
1086 1351 1211 1410 post
1250 1341 1394 1395 hanc
1431 1340 1607 1395 tribus
1638 1339 1859 1394 Simeon
1891 1340 2150 1407 secunda,

569 1442 693 1501 post
727 1431 1162 1497 hanclssachar,
1208 1433 1403 1487 deinde
1447 1430 1937 1494 Zabulon,deimle
1991 1431 2150 1495 Aser,

572 1534 693 1590 post
725 1525 891 1578 etiam
928 1523 1300 1593 Nephthalint,
1328 1525 1454 1579 inde
1491 1526 1626 1579 Dan.
1653 1525 1711 1579 In
1746 1525 1943 1593 quibus
1968 1525 2155 1578 novis-

570 1616 707 1669 sime
746 1617 971 1669 veniunt
1024 1624 1137 1669 tres
1181 1615 1286 1669 illa:
1333 1616 1528 1682 tribus,
1562 1632 1682 1686 qua:
1728 1632 1795 1670 ex
1830 1617 2152 1672 concubinis

571 1705 966 1757 descenderant
994 1703 1185 1758 Jacob.

641 1796 698 1849 2.
732 1796 862 1861 Qum
901 1812 1029 1866 ergo
1072 1799 1144 1851 sit
1168 1799 1308 1852 ratio
1334 1799 1565 1852 sortium
1593 1798 1735 1867 apud
1768 1800 2150 1869 memctipsum
2184 1782 2228 1838 Β

573 1889 941 1957 requirebam,
996 1897 1053 1941 ut
1103 1904 1170 1944 ex
1234 1890 1420 1944 nmltis
1469 1891 1801 1945 testimoniis
1856 1890 2154 1962 Scriptura:

569 1981 712 2049 quod
742 1980 942 2034 latebat
973 1997 1349 2051 agnoscerem.
1380 1983 1730 2037 inveniebam
1754 2000 1889 2041 sane
1916 1987 1966 2039 in
2005 1986 2156 2041 Scri-

569 2072 745 2139 pturis
777 2072 942 2125 etiam
975 2073 1207 2141 gentiles
1257 2075 1505 2130 homines
1539 2090 1668 2129 usos
1716 2092 1840 2131 esse
1888 2080 2149 2145 sortibus,

572 2175 697 2219 tunc
729 2181 851 2219 cum
898 2166 1186 2233 navigaret
1235 2164 1422 2230 Jonas,
1471 2177 1524 2222 et
1570 2178 1866 2238 tempestas
1912 2182 2151 2240 urgeret.

571 2258 734 2309 Aiunt
777 2272 1010 2326 namque
1063 2259 1097 2311 ii
1149 2258 1240 2326 qui
1285 2260 1621 2329 navigabant
1671 2262 1763 2314 ’σε
1804 2281 1821 2313 t
1876 2261 2156 2317 Mittamus

570 2358 796 2409 sortem.
832 2358 889 2402 et
934 2348 1217 2402 videamus
1254 2347 1412 2417 cujus
1459 2366 1621 2405 causa
1655 2352 1769 2405 haec
1799 2362 1949 2406 tanta
1998 2354 2155 2406 mali-

569 2439 642 2490 tia
669 2446 772 2504 est,
807 2455 825 2488 ι
853 2436 1008 2507 quasi
1038 2453 1156 2493 sors
1195 2448 1401 2493 tantum
1429 2442 1654 2506 valeret,
1684 2451 1740 2493 ut
1770 2445 2001 2510 prodere
2026 2458 2149 2497 eum

572 2539 774 2598 posset.
798 2529 955 2598 cujus
978 2546 1148 2584 causa
1195 2532 1503 2599 periculum
1552 2534 1941 2602 navigantibus
1974 2535 2155 2589 immi-

572 2630 752 2675 neret.
778 2619 841 2673 Et
878 2623 1130 2688 quamvis
1166 2621 1398 2691 gentiles
1417 2633 1624 2686 essent,
1650 2633 1704 2677 et
1726 2624 1892 2679 alieni
1918 2641 1947 2679 a
1968 2629 2154 2698 cogni-

573 2712 719 2766 tione
751 2712 865 2779 Dei,
917 2729 1022 2768 non
1078 2724 1261 2769 tamen
1316 2716 1368 2769 iu
1410 2722 1510 2771 hac
1560 2718 1821 2787 opinione
1866 2720 2153 2787 falluntur,

570 2805 664 2860 sed
688 2806 835 2875 quod
870 2822 1057 2860 verum
1086 2816 1226 2866 erat,
1252 2788 1490 2875 prodidit
1522 2809 1634 2880 (97)
1682 2811 1761 2866 eis
1814 2827 1957 2871 sors.
1987 2813 2152 2870 Deni-

570 2913 676 2966 que
723 2915 740 2948 t
793 2899 937 2952 venit
971 2937 989 2964 ,
1047 2898 1221 2967 inquit
1254 2940 1270 2966 ,
1331 2916 1451 2955 sors
1490 2916 1656 2970 super
1685 2900 1898 2959 Jonam.
1940 2923 1958 2957 ι
1995 2906 2154 2972 Quaa-

573 3003 701 3043 rens
739 3005 869 3056 ergo
904 2991 968 3042 de
994 2989 1083 3053 iis,
1113 2990 1331 3044 invenio
1361 2998 1414 3045 et
1442 2990 1792 3047 Salomoncm
1824 2995 1876 3047 in
1918 2994 2155 3051 Prover-

572 3080 672 3135 biis
697 3082 965 3135 dicentem
990 3082 1031 3112 ²¹
1062 3100 1075 3135 :
1106 3100 1124 3132 ι
1159 3083 1634 3137 Contradictiones
1669 3085 1886 3140 cohibet
1919 3102 2061 3151 sors,
2097 3098 2154 3142 ct

572 3175 716 3227 inter
768 3185 1019 3243 potentes
1062 3175 1273 3241 detinit,
1310 3194 1328 3225 ι
1372 3176 1534 3229 veluti
1587 3192 1807 3233 cessare
1857 3181 2154 3235 ostendens

572 3265 1051 3331 contradictiones,
1082 3266 1171 3320 ubi
1212 3267 1449 3322 mittitur
1484 3283 1623 3324 sors.
1660 3268 1767 3324 Sed
1797 3285 1920 3325 cum
1948 3272 2064 3327 haec
2098 3273 2152 3327 iu

571 3355 925 3411 't‘estameuto
977 3357 1156 3412 Veteri
1190 3373 1297 3413 non
1350 3375 1520 3428 pauca
1576 3361 1771 3415 referri
1801 3363 1870 3418 de
1917 3365 2155 3421 sortibus

574 3448 892 3512 invenirem,
949 3453 1196 3505 converti
1250 3466 1335 3506 me
1382 3453 1551 3505 etiam
1602 3454 1669 3506 ad
1707 3452 1921 3508 Novum
1960 3454 2154 3510 Testa-

572 3552 899 3617 tuentunqut
927 3546 1163 3598 viderem
1198 3546 1241 3600 si
1292 3546 1431 3600 forte
1492 3546 1573 3600 vel
1624 3547 1697 3601 ibi
1732 3558 2156 3604 contemnuntur

578 3649 775 3694 sortes.
813 3641 879 3693 At
908 3656 975 3695 ne
1011 3641 1083 3695 ibi
1122 3642 1341 3709 quidem
1378 3656 1567 3696 earum
1607 3655 1737 3694 usus
1771 3639 2046 3707 abjicitur,
2101 3652 2157 3695 et

574 3734 792 3788 invenio
827 3735 970 3803 quod
1004 3734 1297 3802 aliquando
1333 3749 1453 3787 cum
1498 3733 1711 3788 deesset
1752 3746 1979 3787 numero
2033 3748 2157 3806 apo-

571 3826 835 3881 stolorum
872 3842 1011 3882 unus
1040 3826 1344 3896 apostolus,
1393 3835 1448 3880 et
1490 3834 1639 3880 esset
1689 3827 2059 3879 necessarium
2099 3826 2151 3881 iu

572 3920 691 3974 loco
732 3918 882 3974 lintre
912 3921 1076 3974 alium
1107 3921 1413 3990 subrogari,
1454 3920 1844 3976 convenientes
1892 3920 2149 3989 apostoli,

571 4014 666 4081 qui
718 4014 909 4081 utique
960 4012 1129 4065 multo
1156 4011 1522 4080 sapientiores
1575 4022 1735 4068 erant
1771 4027 1933 4082 quam
1988 4013 2023 4067 ii
2059 4014 2151 4083 qui

573 4119 718 4157 nunc
760 4105 1046 4171 episcopos
1090 4103 1176 4157 vel
1214 4104 1571 4172 presbyteros
1607 4104 1692 4160 vel
1719 4105 1979 4161 diaconos
2007 4107 2155 4161 ordi-

572 4202 727 4259 nant,
770 4194 1052 4262 elegerunt
1089 4193 1226 4248 duos
1260 4203 1314 4249 et
1348 4202 1659 4250 statuerunt
1701 4196 1754 4251 in
1789 4198 1969 4252 medio
2006 4216 2019 4252 :
2053 4213 2156 4254 nec

576 4294 751 4337 tamen
802 4285 869 4339 de
922 4287 1002 4339 eis
1053 4284 1413 4358 sibimetipsis
1453 4286 1718 4355 iudicium
1761 4290 2151 4357 permiserunt,

574 4385 632 4428 ut
666 4373 812 4427 illuttt
867 4376 1115 4431 facerent
1164 4394 1325 4448 quem
1378 4378 1480 4449 ipsi
1536 4378 1839 4434 voluissent
1881 4378 2023 4451 (98),
2056 4380 2152 4433 sed

571 4475 813 4530 orantes,
864 4469 1057 4538 inquit,
1094 4471 1359 4525 miserunt
1396 4478 1598 4525 sortem
1649 4487 1717 4525 ex
1770 4471 1879 4525 illis
1932 4473 2148 4525 duobus
2183 4478 2228 4532 ι)

571 4572 711 4629 quos
737 4569 1043 4613 statuerant
1067 4561 1121 4613 in
1153 4573 1447 4633 conspectu
1482 4561 1600 4626 Dei,
1626 4563 1677 4616 id
1700 4574 1784 4617 eSt
1809 4562 2031 4630 loseph.
2057 4564 2149 4632 qui

574 4654 873 4707 vocabatur
904 4653 1017 4723 (99)
1046 4652 1345 4721 Barnabas,
1378 4655 1469 4723 qui
1495 4656 1910 4725 cognominatus
1931 4665 2017 4710 est
2057 4655 2154 4711 Ju-

572 4754 711 4807 stus,
771 4752 827 4798 et
867 4743 1171 4798 Mattltiam.
1216 4762 1235 4795 α
1285 4744 1352 4800 Et
1399 4746 1619 4810 cecidit,
1681 4746 1857 4815 inquit
1892 4748 1960 4810 “,
2031 4762 2152 4803 sors

572 4848 736 4903 super
782 4835 1086 4902 Matthiam,
1122 4846 1177 4889 et.
1228 4846 1622 4890 annumeratus
1664 4847 1747 4890 est
1810 4852 1932 4890 cum
1985 4839 2152 4892 unde-

574 4928 680 4981 cim
721 4930 1005 4997 apostolis.
1050 4949 1069 4983 ι
1096 4931 1448 4987 Praecedeutc
1475 4945 1714 5002 namque
1746 4932 2015 5000 oratione,
2042 4948 2146 4988 non

566 5018 680 5089 jam
722 5035 876 5087 casu,
922 5021 1017 5076 sed
1054 5022 1419 5093 providentia,
1452 5038 1572 5077 sors
1602 5023 1845 5076 divinum
1882 5020 2150 5091 judicium

573 5110 871 5169 delerebat.
921 5115 1032 5170 Sed
1081 5115 1258 5170 adhuc
1305 5115 1612 5185 quatrebam
1652 5116 1705 5168 in
1753 5112 1903 5168 Novo
1956 5112 2152 5168 Testa-

644 5209 689 5242 "
717 5208 829 5266 Jos.
859 5226 1014 5266 xvnt.
1091 5212 1138 5244 ²⁰
1164 5211 1287 5267 Jou.
1313 5227 1351 5277 ι,
1369 5211 1425 5266 9.
1501 5214 1544 5244 ²¹
1573 5210 1733 5266 Prov.
1769 5209 2019 5277 xvut,18.

572 5294 748 5344 nan,
780 5287 831 5343 8.
870 5284 921 5337 9.

646 5374 760 5440 (96)
792 5376 904 5427 Duo
936 5376 1291 5428 ltlbroicerres
1328 5393 1339 5426 :
1381 5394 1398 5425 ι
1433 5386 1487 5429 et
1519 5374 1677 5428 tribui
1712 5372 1883 5428 ludat.
1920 5391 1938 5424 ι

643 5446 940 5524 ('l7)'(lod.
977 5448 1270 5515 Sanget‘ttt.
1320 5466 1336 5494 ι
1385 5446 1643 5516 prodidit.
1692 5464 1710 5495 ι
1764 5444 1922 5497 Libl).
1956 5442 2085 5498 editi
2133 5459 2147 5495 :

577 5528 597 5563 ‘
997 5606 1015 5638 ι
1070 5587 1391 5641 voluissent.
1437 5604 1454 5637 ι
1501 5585 1657 5639 Libb.
1698 5584 1828 5639 editi
1869 5608 1878 5641 :

575 5653 724 5707 bant.
796 5674 815 5705 ι

646 5726 758 5791 (99)

1925 5603 1942 5634 t
1997 5583 2148 5637 volc-

826 5726 987 5781 lidcm
1038 5742 1167 5782 mss.
1227 5746 1245 5779 t
1304 5728 1623 5783 voeabatur.
1676 5747 1692 5776 ι
1751 5725 1907 5779 Libb.
1960 5724 2089 5778 editi
2134 5737 2148 5776 :

2259 510 2521 573 minatur,
2563 509 2645 563 vel
2682 510 2735 563 iu
2776 509 2939 563 rebus
2968 510 3236 579 mysticis,
3269 521 3322 564 et
3354 528 3477 580 qua:
3509 514 3602 564 ml
3651 512 3933 566 animam

2258 603 2539 671 pertinere
2572 601 2887 655 videantur.
2932 601 3155 656 Invenio
3188 602 3423 656 Paulum
3456 605 3523 656 ad
3604 604 3929 671 Epltcsirs

2260 695 2592 749 scribentem
2627 694 2809 749 dicere
2836 694 2904 749 de
2934 693 3153 750 Christo
3194 714 3208 749 :
3258 712 3279 746 ι
3321 696 3375 749 1η
3408 711 3550 763 qua,
3616 698 3933 767 inquit“,

2260 796 2407 842 sorte
2470 790 2643 841 vocati
2681 802 2891 851 srnnus,
2959 788 3328 855 praedéstinati
3378 790 3747 843 secundum
3805 808 3935 858 pre-

2259 881 2497 949 positum
2534 879 2673 949 ejus,
2706 880 2799 948 qui
2834 880 3014 933 omnia
3068 891 3327 950 operatur
3380 884 3751 936 secundum
3792 899 3929 937 con-

2260 972 2443 1025 silium
2504 970 2800 1025 voluntatis
2858 970 3018 1043 451
3077 987 3219 1034 suze,
3270 983 3329 1025 ut
3386 974 3582 1028 simus
3654 976 3723 1027 in
3801 977 3926 1029 lau-

2260 1063 2381 1116 dem
2412 1063 2600 1131 gloria:
2643 1062 2760 1130 ejus
2794 1065 2883 1132 qui
2916 1076 3040 1117 ante
3080 1063 3423 1132 speravimus
3458 1066 3515 1119 in
3556 1067 3859 1123 Christo.
3897 1086 3917 1120 ο

2261 1151 2369 1207 Sed
2417 1162 2472 1207 et
2511 1154 2577 1207 ad
2614 1153 2966 1208 Colossenses
3008 1154 3120 1210 haec
3172 1154 3599 1209 scribentem“
3633 1176 3653 1210 ε
3703 1178 3728 1209 α
3772 1158 3913 1212 Gra-

2261 1245 2364 1299 tias
2415 1256 2641 1315 agentes
2694 1245 2803 1299 Deo
2858 1245 3004 1299 Patri
3049 1247 3143 1315 qui
3198 1248 3423 1302 idoneos
3470 1265 3583 1303 nos
3651 1249 3805 1303 fecit
3860 1254 3906 1303 in

2258 1346 2412 1405 parte
2454 1336 2618 1392 sortis
2682 1347 3001 1392 sanctorum
3043 1338 3094 1391 in
3141 1339 3413 1394 lumine.»
3459 1340 3614 1394 Tum
3701 1346 3900 1398 multis

2259 1427 2424 1497 igitur
2476 1444 2540 1483 ex
2590 1428 2894 1497 Scripturis
2948 1431 3155 1485 sanctis
3220 1432 3287 1485 de
3325 1438 3895 1490 commemoratione

2256 1521 2485 1576 sortium
2561 1520 2891 1575 testimoniis
2947 1527 3329 1593 congregatis,
3396 1541 3516 1592 quo
3588 1543 3669 1581 ex
3734 1528 3881 1581 ntul-

2259 1620 2443 1667 torum
2503 1612 2748 1667 locorum
2806 1614 3247 1671 consideratione
3286 1616 3554 1670 virtutem
3608 1623 3693 1673 rei
3731 1636 3867 1687 pos—

2257 1703 2429 1757 simus
2449 1703 2762 1773 diligentius
2790 1707 3244 1774 apprehendere.
3281 1708 3413 1760 mihi
3452 1711 3657 1776 quidem
3680 1726 3749 1762 ex
3768 1711 3845 1762 iis

2260 1794 2511 1849 onmibus
2540 1794 2625 1850 vel
2654 1797 2879 1851 evidens
2912 1798 3089 1851 adhuc
3118 1814 3312 1852 sensus
3339 1800 3409 1853 ad
3455 1802 3697 1869 liquidum
3729 1816 3817 1865 νεα

2264 1894 2511 1938 terenon
2554 1888 2768 1953 potuit,
2803 1886 2887 1940 vel
2937 1887 3101 1941 etiam
3132 1889 3197 1940 de
3230 1904 3286 1941 re
3329 1898 3488 1941 tanta
3532 1890 3827 1943 enuntiandi

2262 1984 2315 2029 et
2342 1974 2651 2045 proferendi
2695 1978 2879 2031 arcani
2924 1988 3100 2031 metus
3129 1978 3349 2032 insedit.
3382 1978 3529 2035 Illud
3563 1992 3746 2034 tamen
3792 1982 3849 2034 in

2260 2077 2523 2135 quantum
2567 2082 2653 2121 res
2685 2066 2887 2135 patitur
2932 2069 3227 2139 contigisse
3270 2070 3543 2139 sufﬁciat,
3580 2076 3734 2142 quod
3769 2092 3859 2124 tw—

2263 2158 2346 2212 bis
2373 2160 2441 2212 ab
2482 2158 2742 2228 apostolis
2779 2173 2901 2213 sors
2935 2159 3098 2215 ducta
3146 2162 3427 2229 designat,
3478 2169 3614 2233 quia
3659 2168 3756 2219 ubi
3795 2180 3856 2219 ex

2262 2250 2366 2304 lide
2396 2251 2599 2321 integra
2631 2260 2684 2305 et
2714 2252 2963 2307 oratione
2989 2254 3269 2321 przentissa
3320 2269 3439 2309 sors
3493 2259 3751 2322 ducitur,
3803 2275 3858 2311 ea

2259 2356 2377 2410 qua:
2408 2340 2499 2396 Dei
2539 2342 2789 2398 voluntas
2818 2347 3062 2400 continet
3090 2348 3140 2399 in
3170 2349 3418 2414 occulto,
3454 2365 3582 2405 sors
3630 2353 3858 2406 homini-

2257 2436 2358 2492 bus
2387 2435 2627 2491 declarat
2663 2438 2714 2491 in
2742 2436 3049 2493 manifesto.

2330 2534 2385 2588 3.
2412 2533 2723 2589 Secundum
2760 2533 3075 2587 interiorem
3123 2546 3251 2587 vero
3286 2532 3633 2588 intellectum
3661 2577 3679 2599 ,
3720 2536 3855 2589 sicut

2258 2627 2466 2685 Paulus
2492 2628 2706 2683 videtur
2740 2627 2986 2681 indicare
3011 2641 3133 2680 cum
3166 2626 3336 2680 dicit:
3376 2644 3395 2678 ι
3439 2627 3497 2681 In
3533 2640 3701 2696 parte
3739 2643 3855 2683 sor-

2262 2719 2331 2775 tis
2360 2730 2708 2783 sanctorum;
2744 2734 2761 2768 ι
2798 2727 2880 2772 et:
2905 2718 3095 2772 «Sorte
3128 2717 3303 2771 vocati
3335 2718 3387 2771 in
3415 2716 3645 2772 Christo
3668 2760 3687 2783 ,
3728 2738 3749 2769 ι
3782 2718 3853 2768 vi-

2260 2812 2497 2867 dendum
2538 2821 2625 2866 est
2660 2824 2727 2865 ne
2759 2810 2901 2866 forte
2933 2824 3039 2864 non
3066 2808 3241 2863 solum
3278 2809 3332 2863 in
3366 2809 3723 2877 hominibus,
3763 2810 3853 2863 sed

2258 2914 2314 2961 et
2351 2905 2402 2959 in
2440 2903 2693 2974 supernis
2724 2901 3021 2958 virtutibus
3054 2914 3175 2956 sors
3206 2911 3425 2970 agatur,
3454 2914 3509 2956 et
3555 2905 3853 2971 praesideat

2260 2998 2445 3067 aliqua
2482 2997 2660 3051 virtus
2684 2995 2811 3050 huic
2842 2992 3018 3048 oﬂicio
3045 3032 3060 3059 ,
3086 3006 3240 3061 quae,
3280 2993 3430 3047 verbi
3464 3009 3638 3047 causa
3665 3035 3683 3059 ,
3727 2994 3849 3049 Jesa

2261 3090 2373 3145 lilio
2406 3088 2556 3144 Nave
2583 3103 2728 3143 nunc
2749 3096 2899 3142 sorte
2925 3087 3297 3141 luereditatem
3331 3086 3697 3140 distribuenti
3750 3103 3846 3141 non

2260 3184 2327 3239 ad
2360 3184 2594 3253 aliquam
2627 3181 2895 3251 gratiam,
2922 3179 3014 3234 sed
3050 3178 3347 3234 secundum
3387 3180 3532 3246 quod
3582 3183 3701 3233 scit
3754 3180 3849 3231 Deo

2260 3277 2507 3349 placere.
2542 3277 2795 3329 ducatum
2830 3273 3103 3343 praebeat:
3136 3281 3191 3327 et
3221 3272 3295 3326 illi
3322 3271 3398 3342 (l)
3432 3273 3661 3342 quidem
3696 3274 3848 3327 faciat

2258 3368 2476 3424 evenire
2501 3381 2621 3435 quae
2646 3366 2820 3435 prima
2846 3374 2996 3430 sunt,
3021 3379 3182 3433 quem
3217 3366 3327 3420 scit
3355 3365 3495 3432 apud
3532 3365 3714 3418 Deum
3745 3366 3847 3433 pri.

2260 3477 2409 3515 mum
2452 3460 2631 3513 locmn
2667 3470 2884 3513 tenere:
2922 3473 3031 3526 quo
3079 3458 3182 3512 hoc
3212 3459 3356 3525 quod
3396 3457 3449 3511 in
3481 3457 3729 3511 occultis
3767 3461 3852 3512 hac

2260 3552 2424 3607 betur
2463 3551 2606 3619 apud
2647 3550 2815 3603 Deum
2845 3550 3009 3603 sortis
3040 3550 3438 3618 gubernatione
3474 3548 3641 3602 etiam
3682 3551 3851 3602 homi-

2259 3644 2420 3697 nibus
2467 3644 2973 3705 demonStraretur;
3008 3641 3175 3693 alium
3212 3655 3340 3693 vero
3386 3638 3570 3693 facere
3619 3642 3850 3694 secundi

2259 3733 2395 3795 loci,
2424 3743 2480 3788 et
2505 3733 2670 3786 alium
2702 3733 2869 3786 tertii.
2903 3732 3055 3799 Quod
3078 3733 3147 3785 ita
3180 3741 3394 3802 gestmn
3429 3747 3551 3785 esse
3590 3748 3703 3784 non
3767 3748 3851 3783 so-

2260 3825 2371 3879 lum
2398 3825 2451 3878 in
2480 3823 2639 3878 terris
2663 3823 2931 3887 arbitror,
2962 3838 3149 3876 verum
3183 3822 3348 3876 etiam
3382 3822 3434 3874 in
3487 3821 3851 3883 cwlestibus,

2257 3925 2313 3971 et
2345 3913 2655 3984 hujusmodi
2704 3925 2911 3968 sortem
2956 3927 3081 3982 qute
3128 3911 3272 3982 apud
3316 3912 3482 3965 Deum
3522 3913 3849 3965 meritorum

2258 4006 2719 4075 contemplatione
2742 4006 3115 4074 distinguitur,
3146 4005 3311 4059 etiam
3347 4004 3440 4058 illo
3476 4012 3732 4072 tempore
3762 4005 3855 4058 ba-

2258 4099 2427 4155 bitam
2450 4117 2493 4163 ,ι
2519 4113 2644 4151 cum
2675 4096 2943 4151 divideret
2972 4108 3026 4149 et
3050 4095 3410 4149 constitueret
3430 4095 3700 4147 Excelsus
3723 4112 3852 4163 gen-

2263 4199 2378 4253 tes,
2411 4199 2469 4244 et
2499 4189 2884 4243 disseminaret
2910 4186 3053 4241 lilios
3072 4186 3266 4247 Adam,
3312 4192 3366 4240 et
3388 4186 3758 4239 constitue-et
3794 4187 3853 4236 ti-

2258 4298 2355 4338 nes
2388 4281 2631 4351 gentium
2667 4279 2967 4335 secundum
3021 4293 3306 4332 numerum
3352 4275 3673 4347 angelorum
3726 4276 3850 4337 Dei;

2257 4383 2313 4429 et
2363 4373 2503 4429 facta
2531 4382 2617 4427 est
2649 4371 2826 4441 portio
2860 4371 2949 4424 Dei
2979 4368 3148 4425 Jacob
3173 4409 3188 4431 ,
3238 4368 3511 4423 [utriculos
3556 4368 3851 4421 haeredita-

2260 4464 2329 4518 tis
2360 4462 2478 4531 ejus
2522 4462 2687 4517 Israel
2716 4462 2783 4513 ".
2816 4479 2835 4512 ι
2870 4460 3028 4515 Vides
3073 4460 3217 4515 enim
3258 4460 3384 4529 quia
3416 4470 3471 4512 et
3512 4458 3600 4512 hic
3636 4469 3851 4527 partem

2262 4568 2317 4615 et
2340 4558 2637 4612 funiculum
2671 4556 2837 4611 Israel
2864 4554 3090 4609 Domino
3121 4555 3253 4609 dicit
3285 4570 3407 4609 esse
3428 4556 3685 4608 sortium.
3732 4554 3848 4607 Non

2260 4665 2394 4719 ergo
2425 4650 2648 4705 fortuitu
2685 4648 3067 4704 arbitrandum
3107 4660 3189 4702 est
3225 4663 3323 4718 per
3370 4658 3579 4703 sortem
3632 4649 3855 4702 venisse

2263 4743 2342 4816 (2)
2373 4743 2448 4797 illi
2484 4744 2702 4812 quidem
2730 4742 2924 4810 angelo
2948 4742 3093 4796 illam
3119 4752 3337 4811 gentem
3365 4745 3668 4811 suscipere,
3696 4742 3849 4795 verbi

2266 4851 2428 4892 causa
2450 4876 2465 4902 ,
2497 4834 2907 4908 Egyptiarum,
2936 4836 3025 4887 alii
3056 4846 3238 4889 autem
3261 4834 3651 4897 ldumaorum,
3680 4844 3739 4886 et
3759 4832 3848 4884 alii

2264 4927 2653 4991 Moabitarum,
2691 4937 2745 4982 et
2775 4928 2864 4980 alii
2904 4927 3138 4992 Indiam,
3171 4927 3255 4979 vel
3280 4939 3727 4994 unamquamque
3758 4940 3855 4977 na-

2263 5023 2472 5076 tionttut
2504 5037 2692 5076 earnm
2724 5036 2846 5091 qua:
2891 5030 3014 5074 sunt
3048 5033 3211 5088 super
3243 5029 3482 5071 terram:
3533 5019 3628 5070 sed
3667 5025 3725 5069 et
3776 5015 3849 5068 ibi

2258 5112 2471 5167 etiamsi
2502 5111 2796 5166 secundum
2850 5124 3132 5163 numerqu
3182 5107 3494 5176 angelorum
3527 5105 3619 5159 Dei
3660 5104 3849 5158 dican-

2098 5209 2144 5241 "
2166 5208 2290 5265 Act.
2318 5224 2357 5274 t,
2390 5208 2479 5265 ‘26.
2556 5208 2603 5239 ”
2624 5207 2821 5278 Ephes.
2844 5221 2884 5269 I,
2917 5204 3001 5268 ‘ll,
3041 5204 3128 5258 l2.
3184 5203 3225 5239 ’δ
3244 5201 3361 5256 Col.
3393 5217 3431 5265 ι,
3462 5202 3546 5256 1‘2.
3604 5200 3652 5232 ⁸³
3686 5200 3843 5257 Deut.

2270 5388 2287 5419 ι
2328 5375 2573 5419 vocatur.
2613 5381 2631 5412 ι

2335 5437 2409 5507 (Ι)
2442 5436 2572 5486 Cod.
2606 5435 2869 5500 Sangot'm
2893 5471 2917 5507 Δ,
2950 5449 2967 5475 ι
3008 5426 3554 5507 tlttctttttrprtt‘ltt‘at':
3588 5433 3642 5477 et
3670 5423 3837 5507 illi...»

2276 5494 3350 5565 lliia.'Ebt'oicettsi-.s:uinctumprwbcat
3409 5495 3611 5549 tortis:
3674 5504 3728 5547 et
3781 5494 3844 5545 il-

2262 5577 2408 5716 ¹κά)
2445 5645 2556 5696 Duo
2579 5641 2791 5694 iibruic.
2822 5658 2847 5691 ε
2887 5641 2955 5692 illi
2990 5637 3231 5706 quidem.
3276 5657 3293 5686 ι
3334 5634 3492 5688 l.ibb.
3532 5633 3666 5688 editi
3700 5651 3715 5689 :
3748 5632 3840 5686 (ad

2259 5717 2542 5787 liquidum.
2584 5732 2601 5761 ι
