4104 6226
213 259 375 316 937
1264 260 1331 314 ΙΝ
1366 261 1625 318 LIBRUM
1652 264 1815 320 JESU
1850 266 2039 321 NAVE
2070 269 2352 325 HOMIIJA
2386 271 2575 327 XXIII.
3443 287 3546 343 938

228 384 354 427 tur
408 381 572 429 sorte
595 381 781 443 gentes
804 385 923 428 esse
957 370 1166 437 divisas,
1194 380 1372 428 tamen
1410 375 1495 429 illa
1536 391 1679 442 sors,
1727 380 1872 432 sicut
1904 384 1949 442 Α
1978 384 2244 452 cernitur,
2269 386 2350 441 vel
2376 385 2592 441 Ilebron
2626 385 2708 440 vel
2739 386 2859 444 alia“;
2888 390 3112 461 singula:
3152 394 3401 454 civitates
3430 406 3551 455 siu-

228 465 307 520 in
358 465 699 519 hominibus
729 465 965 518 diximus
990 506 1005 530 ,
1049 464 1174 533 quia
1206 464 1299 519 Dei
1324 465 1590 534 judicium
1626 470 1768 537 quod
1816 470 1869 523 in
1976 473 2115 541 gulis
2137 474 2442 545 quibusque
2473 474 2720 529 tribubus
2759 481 3197 545 conscrilmntur,
3253 486 3354 539 nisi
3393 491 3543 555 quia,

233 555 511 609 occulto
535 564 648 618 est,
675 570 792 609 sors
816 556 1007 624 pandit
1040 555 1092 608 in
1126 557 1340 625 publico
1361 595 1375 621 ,
1415 557 1540 612 talis
1592 558 1760 613 etiam
1797 559 1870 613 ibi
1980 563 2296 619 utdiximus
2322 606 2336 629 ,
2364 566 2450 619 illa
2475 568 2715 621 coelestia
2750 567 2863 622 loca
2885 612 2899 636 ,
2931 570 2980 622 in
3008 572 3206 639 quibus
3237 584 3293 628 et
3322 574 3541 633 Jerusa—

241 644 461 699 fuisse
496 645 762 700 credenda
791 652 910 700 est:
942 647 1067 713 quia
1099 656 1152 700 et
1179 646 1371 727 merito
1417 657 1473 701 et
1520 649 1721 704 virtute
1773 664 1871 703 sua
1973 653 2076 709 lem
2103 662 2156 708 et
2179 653 2308 709 Sion
2335 670 2456 711 esse
2485 657 2819 726 nominatur,
2873 659 2993 714 sine
3039 662 3205 719 dubio
3240 674 3297 719 et
3340 680 3539 724 caetera

247 735 678 803 unusquisque
718 734 939 803 angelus
970 734 1110 788 illam
1134 735 1219 789 vel
1248 735 1391 789 illam
1430 749 1645 807 gentem
1696 737 1747 791 in
1791 738 1872 792 di-
1972 759 2092 813 qua:
2133 745 2202 801 iis
2243 745 2421 801 vicina
2453 747 2532 801 vel
2566 747 2853 816 conjuncta
2895 750 3055 823 452
3086 764 3212 809 sunt
3237 756 3353 813 loca
3379 799 3395 825 ,
3440 762 3543 817 hoc

247 824 508 878 visione
533 824 851 920 susciperet.
886 825 954 879 Et
993 826 1117 895 quid
1171 826 1291 882 dico
1340 827 1404 881 de
1442 829 1655 898 magnis
1703 838 1757 884 et
1806 832 1872 885 de
1973 834 2025 888 in
2058 849 2117 890 se
2148 849 2329 890 causae
2352 845 2405 889 et
2437 836 2661 893 rationis
2690 840 3041 896 continebant
3075 844 3129 899 in
3158 847 3309 903 cauis
3338 888 3356 915 ,
3395 854 3538 920 quod

170 960 204 1014 ‘
250 915 649 985 generalibus
693 917 904 972 rebus?
955 932 1076 972 cum
1113 931 1178 972 ne
1229 933 1329 988 per
1372 919 1614 990 singulos
1649 922 1865 991 quidem
1971 935 2118 981 sorte
2154 927 2441 982 distributa
2474 929 2919 997 gubernabantur
2954 933 3006 988 in
3044 938 3223 994 terris.
3247 939 3384 998 llinc
3409 915 3542 1017 ergo

250 1015 545 1061 nostrum
579 1007 781 1077 absque
812 1007 1121 1077 hujusmodi
1174 1018 1324 1064 sorte
1352 1025 1472 1079 quae
1520 1012 1613 1067 Dei
1658 1011 1868 1080 judicio

258 1098 664 1167 dispensatur,
708 1098 928 1153 evenire
957 1098 1241 1153 dicendum
1272 1108 1356 1153 est
1380 1140 1394 1165 ,
1425 1103 1571 1156 verbi
1602 1118 1784 1170 causa,
1808 1112 1868 1158 ut

257 1188 427 1242 alius
464 1199 709 1244 nostrum
752 1190 915 1244 talem
954 1190 1035 1243 vel
1076 1188 1241 1243 talem
1287 1192 1450 1246 vitam
1497 1195 1682 1249 statim
1719 1211 1747 1248 a
1772 1212 1867 1249 na-

264 1278 513 1334 tivitate
555 1281 850 1334 sortiatur:
883 1279 964 1333 vel
988 1292 1135 1336 certe
1167 1281 1293 1336 illud
1329 1283 1472 1351 quod
1527 1298 1651 1353 erga
1692 1286 1863 1338 homi-

262 1386 377 1425 nes
410 1372 531 1441 geri
558 1387 619 1425 ex
652 1369 947 1439 Scripturis
999 1373 1203 1428 sanctis
1237 1390 1377 1442 savpe
1413 1374 1863 1442 docuimus,quod

260 1473 323 1515 et
353 1463 493 1516 boni
531 1463 708 1533 angeli
739 1463 938 1517 adsunt
963 1464 1273 1519 hominibus
1301 1477 1351 1518 et
1393 1466 1650 1519 contrarii
1678 1480 1693 1517 :
1722 1467 1863 1534 quod

262 1569 390 1609 non
432 1554 629 1623 utique
658 1554 887 1608 fortuitu
939 1563 990 1607 et
1028 1554 1233 1622 absque
1266 1552 1469 1622 judicio
1513 1556 1602 1610 ille
1645 1557 1866 1625 angelus

265 1643 435 1700 illius
474 1645 706 1708 animae,
737 1644 891 1697 verbi
933 1659 1096 1698 causa
1126 1683 1141 1709 ,
1175 1645 1320 1698 Petri
1357 1655 1541 1702 custos
1569 1661 1688 1701 esse
1711 1648 1866 1702 sorti-

1971 1019 2221 1086 estquod
2259 1020 2594 1089 dispensavit
2637 1022 2818 1078 divina
2855 1026 3117 1095 sapientia
3148 1034 3361 1088 nomina
3393 1051 3541 1105 qum-

1972 1110 2094 1163 dam
2134 1110 2373 1165 iocorum
2407 1113 2568 1168 scribi
2612 1114 2665 1168 in
2702 1115 3025 1188 Scripturis,
3068 1136 3189 1188 quae
3254 1129 3538 1195 mysticam

1971 1200 2261 1265 quamdam
2310 1201 2814 1271 interpretationem
2876 1210 3215 1275 contineant,
3271 1229 3371 1283 per
3420 1234 3542 1287 quae

1971 1289 2241 1345 indicetur
2271 1294 2447 1355 nobis,
2481 1295 2607 1362 quia
2640 1297 2753 1351 lucc
2783 1300 2945 1354 certis
3001 1301 3306 1374 quibusque
3366 1311 3537 1363 ratio-

1971 1381 2131 1434 nibus
2166 1421 2180 1444 ,
2218 1392 2271 1436 et
2307 1400 2413 1438 non
2452 1400 2580 1440 casu
2614 1388 2695 1441 vel
2723 1388 2947 1444 fortuitu
2981 1392 3094 1447 ﬁeri
3128 1396 3531 1465 dispensentur.

1974 1472 2130 1528 Sicut
2165 1476 2307 1529 enim
2340 1493 2444 1532 non
2481 1488 2561 1533 est
2592 1481 2895 1548 putandum
2921 1487 3062 1552 quod
3119 1488 3344 1545 fortuitu
3390 1495 3539 1549 acci-

1968 1564 2129 1631 derit,
2162 1568 2312 1621 verbi
2345 1583 2532 1635 causa,
2566 1580 2623 1623 ut
2659 1571 2744 1626 ille
2778 1574 3006 1643 angelus
3038 1575 3267 1634 Michael
3324 1598 3542 1640 vocare-

1971 1666 2077 1721 tur,
2112 1657 2250 1712 alius
2307 1670 2485 1714 autem
2534 1661 2776 1729 Gabriel,
2823 1666 2963 1721 alius
2994 1683 3125 1724 vero
3150 1672 3392 1738 Rapbacl
3429 1691 3443 1731 :
3478 1687 3536 1733 et

266 1747 367 1791 tus
389 1738 467 1791 sit
491 1775 506 1801 ,
534 1747 587 1790 et
614 1735 751 1790 alius
776 1735 928 1790 Pauli
959 1776 973 1801 ,
1010 1736 1092 1791 vel
1134 1737 1273 1791 alius
1319 1738 1479 1791 tutius
1525 1738 1749 1793 infantis
1787 1740 1853 1794 de
1897 1731 1937 1785 Β
1972 1757 2028 1801 ut
2054 1749 2119 1802 ad
2146 1750 2379 1804 lmmana
2413 1754 2760 1820 descendam,
2793 1758 2935 1812 sicut
2964 1776 3068 1816 non
3099 1761 3197 1816 fuit
3222 1731 3448 1822 fortuitu
3475 1731 3558 1824 ut.

268 1829 575 1893 Ecclesia,
622 1829 689 1883 de
726 1844 956 1898 quorum
1011 1830 1217 1900 angelis
1264 1829 1392 1883 dicit
1443 1830 1700 1884 Dominus
1737 1833 1859 1900 quia

269 1934 509 1987 semper
534 1920 750 1973 videant
780 1918 972 1973 faciem
1001 1918 1180 1975 Patris
1203 1921 1283 1975 sui
1312 1920 1401 1989 qui
1432 1920 1484 1974 in
1504 1922 1655 1976 caelis
1680 1932 1763 1977 est
1796 1924 1858 1977 ".

274 2010 357 2063 De
391 2010 598 2079 quibus
621 2011 808 2080 utique
831 2011 1185 2066 dubitandum
1213 2026 1319 2066 non
1352 2021 1432 2065 est
1456 2054 1470 2079 ,
1496 2013 1865 2082 quodjudicio

275 2100 378 2154 Dei
410 2102 506 2169 qui
560 2100 1156 2171 illorumdignitatem,
1186 2102 1267 2156 vel
1320 2111 1518 2156 nostra:
1564 2103 1756 2157 animat
1798 2107 1864 2157 ad

274 2192 555 2261 liquidum
606 2195 865 2264 perspicit
916 2193 1232 2263 qualitatem
1258 2233 1273 2258 ,
1312 2193 1730 2261 uniuscujusque
1772 2210 1867 2248 no~

282 2294 471 2338 strum
507 2286 812 2339 custodiam
847 2286 1151 2340 sortiantur
1189 2294 1337 2340 sorte
1377 2285 1607 2353 quadam
1641 2285 1862 2355 mystica

274 2374 489 2429 Christi
524 2376 928 2445 dispensatione
976 2377 1199 2430 directa.
1238 2376 1345 2444 Ego
1393 2385 1569 2431 autem
1602 2385 1860 2446 quantum

279 2467 350 2518 ad
383 2466 699 2535 opinionem
732 2483 907 2521 meam
941 2477 1187 2538 spectat,
1222 2479 1355 2538 puto
1385 2470 1649 2524 audenter
1680 2470 1863 2525 dicen-

279 2556 412 2609 dum
446 2557 609 2610 etiam
632 2558 696 2613 de
724 2559 789 2612 iis
810 2560 1106 2615 virtutibus
1133 2576 1251 2629 qua:
1297 2561 1480 2616 mu::di
1508 2560 1666 2630 hujus
1707 2564 1864 2617 mini-

284 2650 461 2703 steria
494 2661 878 2719 susceperunt,
913 2652 1058 2722 quod
1090 2668 1195 2708 non
1233 2651 1455 2707 fortuitu
1481 2654 1564 2707 vel
1596 2669 1724 2709 casu
1771 2655 1861 2711 illa

281 2740 465 2793 virtus
485 2750 641 2794 terra:
655 2741 735 2796 vel
759 2742 1010 2796 arborum
1027 2744 1509 2813 germinatiuuibus
1528 2746 1733 2814 prmsit,
1768 2747 1860 2801 illa

289 2830 528 2885 fontium
561 2848 625 2887 ac
649 2831 928 2887 ﬂuminum
970 2834 1202 2889 suiiiciat
1253 2850 1317 2889 ac
1346 2829 1674 2890 sullicienter
1705 2838 1859 2892 exhi-

292 2925 448 2988 beat,
474 2924 577 2977 alia
610 2924 867 2979 imbrium
894 2967 909 2989 ,
941 2925 1043 2979 alia
1076 2936 1397 2991 ventorum,
1446 2926 1550 2980 alia
1601 2926 1856 2991 marinis,

290 3016 396 3068 alia
420 3028 599 3071 autem
640 3018 988 3071 terrestribus
1010 3017 1363 3083 animalibus,
1394 3016 1473 3071 vel
1493 3016 1718 3086 singulis
1740 3017 1861 3085 (ιιιί-

288 3106 497 3176 busque
540 3121 567 3159 ε’
597 3116 739 3161 terra
772 3106 1119 3177 gignentibus
1157 3107 1339 3175 priesit
1371 3124 1382 3159 :
1434 3118 1488 3160 et
1517 3120 1638 3161 esse
1671 3108 1723 3160 in
1770 3106 1855 3161 bis

288 3196 512 3265 singulis
542 3206 877 3249 sacramenta
924 3193 1215 3248 iuetl‘abilia
1245 3195 1441 3248 divinae
1488 3194 1852 3263 dispensatio-

293 3290 404 3347 nis,
435 3296 491 3339 ut
522 3286 714 3340 ordine
737 3300 834 3340 suo
860 3295 1053 3339 cuncta
1094 3295 1147 3339 et
1185 3285 1510 3352 competenti
1545 3299 1641 3353 per
1668 3299 1852 3338 unam-

293 3389 556 3442 quamque
583 3376 837 3429 virtutem
880 3374 1206 3428 dirimantur
1230 3374 1425 3430 oﬂicio.
1469 3374 1562 3429 Sic
1608 3374 1751 3429 enim
1798 3386 1853 3430 et

297 3464 565 3531 apostolus
610 3464 808 3519 Paulus
836 3466 965 3519 dicit
988 3467 1031 3497 "'
1060 3483 1073 3518 :
1113 3484 1132 3516 ι
1163 3464 1353 3519 Nonne
1376 3479 1565 3519 omnes
1591 3475 1714 3518 sunt
1747 3464 1850 3518 mi-

295 3554 442 3606 nistri
472 3553 690 3621 spiritus
720 3554 773 3606 in
828 3554 1188 3608 ministerium
1246 3554 1427 3619 missi,
1494 3562 1714 3622 prepter
1758 3566 1853 3607 eos

294 3644 377 3711 qui
410 3643 773 3696 brereditatem
810 3645 1027 3713 capiunt
1054 3642 1247 3697 salutis
1264 3642 1285 3695 Ἰ
1301 3661 1320 3695 ι

361 3735 411 3787 4.
444 3736 521 3789 Ad
547 3736 736 3787 borum
786 3734 950 3801 igitur
988 3734 1348 3788 imitationem
1388 3730 1718 3786 credendum
1766 3742 1852 3787 est

294 3826 445 3880 etiam
470 3827 555 3881 hic
589 3822 924 3894 Scripturam
947 3823 1153 3878 referre
1182 3834 1359 3878 sortes
1377 3822 1499 3878 duci
1530 3821 1847 3892 perJesum,

294 3930 346 3973 et
388 3918 746 3972 Iucreditatem
799 3933 895 3985 per
940 3929 1377 3985 unamquamque
1423 3914 1620 3968 tribum
1665 3914 1847 3967 divina

294 4011 683 4081 dispensatione
707 4010 785 4079 ('5)
811 4009 1070 4072 decerni,
1105 4018 1161 4062 et
1186 4023 1283 4078 per
1322 4005 1640 4061 inell‘abilem
1671 4006 1847 4075 provi-

295 4105 515 4157 dentiam
548 4102 674 4164 Dei,
711 4116 776 4153 ac
800 4098 1146 4167 prmsentiam
1175 4098 1227 4152 in
1252 4099 1336 4152 bis
1367 4099 1610 4152 sortibus
1652 4097 1844 4149 adum-

295 4195 428 4250 brari
452 4192 641 4247 futurae
690 4194 744 4245 in
776 4190 931 4244 ccelis
982 4190 1319 4245 hzereditatis
1366 4187 1664 4258 exemplar.
1698 4189 1843 4252 Quo-

298 4293 428 4345 niam
446 4288 659 4357 quidem
684 4305 700 4336 ι
726 4287 806 4339 lex
828 4283 1073 4337 umbram
1098 4300 1116 4332 ι
1136 4284 1333 4338 dicitur
1360 4283 1562 4337 habere
1582 4298 1599 4333 ι
1629 4280 1844 4333 futuro—

298 4398 401 4436 rum
425 4384 679 4434 bonorum
703 4379 770 4441 ’⁸,
795 4398 814 4429 ι
842 4387 896 4432 et
916 4377 1071 4432 sicuti
1098 4376 1227 4430 dicit
1250 4371 1542 4442 Apostolus
1567 4371 1633 4426 de
1663 4371 1729 4424 iis
1750 4369 1841 4440 qui

1970 1837 2060 1891 ille
2085 1840 2392 1908 patriarcha
2431 1843 2702 1898 Abraham
2732 1860 3036 1914 vocaretur,
3069 1863 3123 1906 et
3159 1854 3248 1910 ille
3274 1855 3444 1924 Isaac,
3478 1870 3536 1915 et

1968 1928 2105 1982 alius
2134 1928 2298 1985 Israel
2329 1949 2343 1985 :
2370 1932 2461 1985 sed
2496 1949 2562 1987 ne
2595 1936 2648 1988 iu
2700 1935 2918 1993 fetuinis
2949 1942 3165 2009 quidem
3215 1960 3345 2000 casu
3383 1951 3535 2003 acci-

1968 2040 2063 2104 dit,
2106 2039 2199 2094 sed
2227 2050 2373 2095 certa
2403 2052 2454 2097 et
2496 2043 2679 2097 divina
2717 2047 2944 2111 ratione,
2988 2060 3046 2102 ut
3077 2051 3165 2105 illa
3202 2051 3334 2108 Sara
3366 2072 3534 2111 voca-

1968 2140 2118 2183 retur
2151 2146 2217 2185 ex
2274 2131 2453 2198 Sarai,
2493 2134 2576 2188 vel
2622 2135 2904 2193 ille'lsrael
2941 2154 3007 2193 ex
3061 2138 3251 2207 Jacob,
3301 2146 3381 2201 vel
3442 2147 3531 2203 ille

1965 2219 2236 2274 Abraham
2264 2237 2328 2276 ex
2369 2224 2570 2277 Abram
2606 2244 2620 2279 :
2649 2235 2703 2280 et
2757 2239 2815 2280 ut
2838 2237 3043 2284 certum
3070 2242 3153 2287 est
3191 2237 3335 2303 quod
3362 2252 3532 2293 unus-

1965 2313 2192 2381 quisque
2223 2315 2305 2369 vel
2359 2316 2709 2385 angelorum,
2752 2320 2832 2375 vel
2876 2321 3157 2378 hominum
3194 2340 3257 2380 ex
3300 2328 3365 2383 iis
3405 2346 3531 2401 qua:

1964 2403 2064 2457 sibi
2098 2404 2450 2476 injunguntur
2483 2406 2671 2464 olliciis
2715 2420 2771 2465 et
2821 2412 3031 2468 actibus
3082 2413 3249 2471 etiam
3294 2423 3530 2475 nomina

1964 2497 2281 2561 sortiantur,
2318 2499 2388 2552 ita
2413 2513 2754 2570 consequens
2788 2512 2874 2557 est
2899 2503 3062 2557 etiam
3112 2505 3228 2562 loca
3280 2512 3528 2580 quredam

1963 2599 2085 2640 esse
2112 2587 2355 2641 ctelestia
2386 2598 2439 2642 et
2466 2589 2738 2653 civitates,
2771 2592 2914 2645 sicut
2959 2592 3261 2651 Jerusalem
3289 2601 3531 2659 ctelestis

1964 2677 2164 2732 dicitur
2187 2689 2244 2733 et
2272 2680 2401 2734 Sion
2437 2698 2453 2734 :
2487 2694 2605 2735 esse
2633 2681 2797 2735 etiam
2837 2682 2970 2738 alias
2996 2700 3224 2754 quarum
3256 2700 3442 2760 typum
3474 2704 3531 2749 et

1966 2770 2250 2841 imaginem
2278 2773 2393 2827 ista:
2421 2788 2541 2842 qua:
2570 2774 2622 2828 in
2663 2777 2823 2831 terris
2872 2786 3000 2831 sunt
3059 2781 3375 2847 continent,
3408 2799 3529 2853 qua:

1962 2876 2105 2916 nunc
2143 2862 2193 2916 in
2239 2864 2342 2917 hac
2381 2864 2658 2935 Scriptura
2702 2867 2926 2937 mystice
2988 2869 3144 2924 nobis
3196 2889 3293 2941 per
3342 2874 3526 2932 Jesum

1962 2952 2133 3008 lilium
2168 2954 2308 3009 Nave
2349 2957 2724 3029 designantur.
2761 2960 2828 3015 Et
2860 2963 2926 3019 de
2954 2965 3084 3033 ipsis
3112 2977 3244 3034 puto
3291 2968 3528 3023 civitati-

1960 3042 2063 3099 bus
2086 3045 2290 3098 dictum
2328 3046 2372 3077 ⁸ο
2401 3086 2414 3099 .
2446 3065 2465 3098 t
2495 3047 2933 3107 Edilicabuntur
2986 3056 3235 3112 civitates
3265 3056 3421 3124 Juda,
3471 3070 3529 3116 et

1961 3133 2346 3189 inbabilabunt
2374 3138 2468 3203 ibi,
2505 3149 2558 3192 et
2598 3140 2996 3198 hmreditabunt
3024 3160 3163 3201 eam.
3204 3166 3222 3199 ι
3284 3149 3356 3205 De
3397 3152 3526 3221 ipsis

1956 3226 2120 3279 etiam
2156 3227 2418 3283 Dominus
2440 3239 2493 3282 et
2519 3229 2770 3287 Salvator
2808 3235 2960 3299 dicit,
2994 3239 3117 3305 quia
3164 3241 3343 3295 multm
3373 3259 3526 3297 man-

1957 3316 2135 3370 siones
2152 3327 2280 3371 sunt
2313 3319 2452 3386 apud
2480 3318 2699 3376 Patrem
2726 3323 2793 3377 ³¹.
2832 3326 2897 3380 Et
2929 3326 2995 3381 de
3041 3328 3173 3397 ipsis
3194 3332 3522 3388 credendum

1955 3407 2271 3462 civitatibus
2300 3424 2458 3463 servo
2485 3410 2557 3464 illi
2597 3414 2685 3477 qui
2718 3415 2853 3471 bene
2883 3420 3188 3488 negotiatus
3204 3418 3381 3475 fuerat
3419 3425 3524 3479 Du-

1956 3501 2159 3554 minum
2184 3503 2385 3567 dicere,
2417 3506 2539 3573 quia
2565 3517 2884 3574 potestatem
2907 3511 3129 3566 habebis
3144 3527 3307 3581 super
3333 3522 3519 3570 decem

1954 3591 2222 3656 civitates,
2254 3604 2309 3649 ct
2339 3596 2429 3650 alii
2457 3613 2621 3666 super
2642 3599 2880 3669 quinque
2912 3602 3158 3659 civitates
3186 3604 3249 3658 ³².
3288 3605 3410 3661 Haec
3455 3609 3522 3663 de

1953 3682 2218 3740 divisione
2246 3688 2471 3741 sortium
2496 3698 2656 3742 terrae
2691 3688 2841 3744 Judae
2893 3692 3136 3761 proferre
3193 3696 3258 3750 ad
3293 3711 3387 3752 vos
3438 3699 3523 3753 iu-

1952 3805 2212 3862 quantum
2239 3796 2320 3852 fas
2350 3797 2471 3863 luit,
2500 3803 2613 3855 ausi
2642 3815 2828 3856 sumus
2874 3802 3153 3872 Scriptura
3190 3818 3521 3873 provocante

1951 3900 2070 3953 quae
2098 3884 2403 3941 Jerusalem
2442 3889 2574 3943 dicit
2598 3891 2914 3947 cmlestem:
2953 3901 3011 3947 et
3070 3905 3307 3951 montem
3359 3896 3517 3968 Sion,

1950 3989 2003 4033 et
2030 3990 2225 4035 caetera
2253 3996 2373 4050 qutc
2420 3982 2670 4037 similiter
2702 3986 2905 4054 scripta
2961 3996 3108 4053 sunt,
3136 4001 3260 4043 esse
3295 3990 3430 4044 dicit
3463 3992 3517 4045 in

1950 4070 2102 4124 cretis
2132 4088 2146 4123 :
2198 4085 2319 4137 quae
2353 4071 2507 4125 nobis
2536 4074 2874 4128 occasionem
2919 4078 3182 4132 dederunt
3210 4080 3418 4135 sentire
3445 4082 3517 4136 de

1950 4161 2033 4215 his
2073 4162 2346 4225 omnibus,
2389 4163 2530 4230 quod
2577 4166 2832 4233 mysteria
2886 4167 2937 4221 in
2998 4168 3064 4221 iis
3124 4168 3363 4224 coelestia
3425 4172 3520 4226 de-

1950 4255 2280 4307 scribantur.
2317 4254 2381 4307 Et
2408 4252 2529 4308 ideo
2562 4253 2822 4321 dicimus,
2865 4273 2931 4312 ne
2984 4274 3105 4313 cum
3158 4260 3375 4317 fastidio
3402 4264 3518 4318 lucc

1949 4344 2165 4414 legatis,
2188 4358 2241 4401 et
2268 4351 2466 4417 putetis
2513 4351 2669 4404 vilem
2709 4349 2942 4417 aliquam
2992 4365 3112 4405 esse
3146 4349 3514 4421 Scripturam,

300 4473 358 4525 ad
384 4471 656 4525 Dominum
670 4470 848 4525 Jesmn
874 4470 1146 4525 Christum
1180 4474 1473 4520 venerunt:
1498 4466 1588 4533 qui
1614 4483 1632 4517 ι
1655 4480 1839 4520 acces-

1955 4451 2149 4506 proco
2189 4440 2331 4510 quod
2382 4451 2464 4495 est
2512 4442 2695 4496 multis
2733 4442 3008 4495 nominum
3064 4445 3515 4513 appellationibus

1955 4531 2149 4553 .....,.ἶιΔ
2198 4547 2210 4553 -
2258 4534 2376 4553 ---2.-
2427 4533 2602 4553 __.!---
2672 4534 2857 4553 -_!.-.-
2914 4530 3197 4553 :‘AII'JJIE-
3256 4550 3311 4553 _-
3399 4538 3412 4553 I

300 4563 431 4615 sistis
457 4563 520 4615 ad
545 4560 675 4615 Sion
720 4570 959 4614 mentem
979 4599 993 4623 ,
1018 4568 1073 4613 et
1107 4560 1172 4612 ad
1202 4557 1479 4611 civitatem
1513 4555 1608 4610 Dei
1650 4556 1839 4609 viven-

300 4654 363 4705 tis
390 4651 671 4706 Jerusalem
706 4652 978 4706 ctelestem
1013 4653 1057 4684 ὐ
1086 4666 1101 4705 :
1138 4673 1152 4700 ι
1180 4658 1267 4703 est
1302 4647 1477 4715 aliqua
1506 4647 1557 4701 in
1582 4647 1735 4701 cretis
1760 4648 1837 4701 ci-

302 4746 422 4798 vitas
444 4758 557 4811 qua:
580 4742 783 4796 dicitur
814 4740 1111 4797 Jerusalem
1134 4748 1189 4793 et
1214 4752 1370 4791 mons
1398 4737 1528 4791 Sion
1566 4754 1578 4788 :
1620 4752 1725 4791 non
1753 4747 1835 4791 est

304 4834 466 4904 utique
482 4835 594 4888 sine
608 4847 769 4887 causa
787 4831 929 4901 quod
954 4830 1229 4898 Beniamin
1250 4828 1302 4883 in
1335 4837 1480 4882 sorte
1510 4842 1604 4880 sua
1625 4827 1840 4895 accepit

299 4921 566 4977 Jerusalem
594 4932 648 4975 et
687 4931 919 4974 montem
953 4919 1125 4973 Sion:
1164 4916 1266 4971 nisi
1308 4914 1434 4983 quia
1486 4912 1727 4968 caelestis
1769 4912 1835 4964 il-

301 5012 388 5065 lius
416 5009 703 5064 Jerusalem
742 5009 882 5062 ratio
932 5008 1050 5062 sine
1078 5005 1240 5060 dubio
1290 5004 1394 5058 hoc
1428 5002 1718 5070 exigebat,
1777 5008 1837 5052 ut

301 5103 449 5171 aliqua
479 5099 753 5169 Benjamin
784 5099 901 5153 dari
934 5099 1154 5151 deberet
1186 5093 1484 5148 Jerusalem
1522 5091 1836 5156 terrestris,

302 5209 402 5263 qute
432 5193 563 5247 illius
596 5190 837 5246 celestis
867 5188 1096 5257 ﬁguram
1142 5193 1326 5240 servat
1373 5198 1436 5237 ac
1464 5182 1713 5236 formam.
1751 5177 1838 5233 Si-

303 5283 473 5338 militer
517 5290 697 5334 autem
746 5278 813 5331 de
862 5275 1176 5329 Betblcbem
1222 5271 1507 5327 dicendum
1544 5278 1654 5329 est,
1695 5268 1836 5336 quod

306 5388 393 5427 non
425 5371 529 5426 sine
556 5381 705 5424 certa
732 5367 967 5437 quadam
1002 5365 1211 5417 ratione
1259 5363 1311 5415 in
1349 5358 1502 5413 Judae
1544 5368 1692 5412 sorte
1741 5359 1837 5411 de-

361 5483 398 5514 “
424 5482 604 5535 Matth.
634 5495 784 5542 xvut,
809 5477 894 5531 10.
990 5478 1031 5508 ’⁷
1065 5475 1197 5531 lleb.
1222 5490 1259 5542 l,
1285 5475 1372 5528 H.
1475 5472 1521 5504 ’⁸
1547 5470 1680 5527 Heb.
1719 5487 1771 5538 ι,
1800 5474 1849 5525 ι.

303 5550 342 5585 ³³
369 5551 473 5608 Luc.
510 5566 622 5605 nx.

362 5662 422 5733 (3)
446 5660 615 5715 Codex
650 5658 972 5733 Sangcr_m.._
1000 5674 1020 5707 ι
1041 5656 1140 5733 sub
1169 5652 1588 5733 dispensatione.
1606 5670 1637 5733 ρ,
1662 5650 1823 5705 Paulo

311 5728 545 5803 poSt'idem
576 5749 589 5785 :
619 5747 637 5779 ι
677 5728 1067 5797 providentiam
1100 5728 1189 5779 Dei
1222 5740 1285 5779 ac
1340 5728 1755 5789 prtescieutiatu.
1796 5740 1814 5771 ι

530 5829 821 5905 Parnm.
870 5824 985 5884 Gn.
1039 5823 1177 5883 ΧΗ.

1946 4531 2153 4585 consita
2197 4547 2211 4584 :
2252 4534 2379 4599 quin
2426 4533 2605 4601 potius
2668 4534 2861 4588 scitote
2913 4530 3202 4587 inell‘abilia
3256 4550 3350 4603 per
3399 4538 3514 4592 haec

1946 4621 2207 4689 mysteria
2240 4622 2531 4689 contineri,
2562 4632 2614 4677 et
2642 4622 2847 4691 majora
2877 4636 3039 4691 quam
3068 4635 3240 4693 potest
3273 4626 3353 4681 vel
3406 4628 3512 4681 bu-

1947 4727 2140 4765 mauus
2171 4727 2352 4767 sermo
2374 4713 2641 4781 proferre,
2674 4715 2759 4768 vel
2782 4713 3001 4768 auditus
3028 4714 3273 4769 mortalis
3297 4717 3507 4782 audire;

1943 4816 2086 4869 qua},
2136 4812 2193 4856 ut
2239 4817 2341 4873 ego
2386 4803 2648 4869 arbitror,
2681 4806 2843 4876 digne
2882 4812 2937 4860 et
2982 4804 3192 4872 integre
3229 4807 3507 4865 exulanari

1935 4911 2044 4950 non
2091 4897 2263 4950 solum
2292 4912 2319 4949 a
2358 4911 2442 4951 me
2468 4901 2699 4951 minimo
2722 4913 2829 4953 non
2859 4906 3108 4966 possunt,
3145 4901 3239 4950 sed
3292 4912 3391 4949 nec
3439 4898 3509 4951 ab

1936 4987 2064 5056 ipsis
2086 4988 2299 5056 quidem
2332 4989 2422 5057 qui
2465 4983 2549 5042 me
2590 4988 2763 5043 multo
2809 4990 3065 5045 meliores
3115 4997 3261 5043 sunt.
3310 4986 3505 5044 Nescio

1936 5087 2116 5130 autem
2147 5079 2191 5130 si
2224 5078 2305 5132 vel
2340 5080 2407 5132 ab
2431 5079 2562 5147 ipsis
2583 5079 2788 5133 sanctis
2817 5079 3078 5147 apostolis
3104 5079 3261 5144 plene
3283 5088 3338 5132 et
3360 5079 3508 5133 inte-

1934 5183 2029 5238 gre
2054 5168 2428 5236 proferuntur.
2460 5168 2579 5223 Non
2606 5168 2717 5222 dixi
2746 5170 2887 5238 quod
2919 5186 3025 5225 non
3060 5169 3216 5238 plene
3239 5169 3504 5235 sciantur,

1934 5262 2027 5313 sed
2059 5275 2163 5313 non
2202 5259 2358 5328 plene
2398 5260 2767 5327 proferantur.
2821 5259 3042 5315 Certum
3097 5268 3178 5314 est
3226 5260 3369 5315 enim
3412 5246 3505 5313 co-

1935 5354 2083 5419 gnita
2138 5367 2259 5407 esse
2304 5352 2460 5417 hate,
2516 5363 2570 5407 et
2621 5354 2830 5425 integre
2891 5355 3226 5422 apprehensa
3278 5352 3354 5405 illi
3408 5353 3503 5422 qui

1927 5470 1970 5501 ’9
2013 5468 2146 5523 Ileb.
2180 5482 2276 5533 xu,
2303 5467 2392 5520 22.
2455 5468 2497 5499 ³ο
2534 5467 2675 5523 Psal.
2701 5484 2849 5534 uix,
2874 5468 2967 5524 55.
3044 5466 3085 5497 ³¹
3109 5465 3264 5521 Joan.
3297 5480 3409 5531 xw,
3441 5467 3501 5522 2.

1933 5648 2082 5728 Unus
2107 5645 2482 5701 Ebroicensis:
2522 5662 2539 5696 ι
2590 5645 3055 5716 Dispensationem
3084 5641 3177 5697 Dei
3239 5657 3304 5698 ac
3361 5658 3490 5712 pra:-

1931 5726 2182 5774 sentiam.
2214 5736 2234 5768 ι

3052 5809 3130 5869 30
