4104 6226
620 261 725 321 939

2074 262 2399 321 ORIGENIS

3848 274 3953 334 930

622 396 810 457 raptus
839 393 923 439 est
952 396 1121 453 usque
1158 382 1227 437 ad
1272 382 1489 437 tertium
1518 382 1716 439 coelum
1738 423 1755 451 ,
1798 386 1890 456 qui
1921 387 2103 457 utique
2136 388 2191 443 in
2221 395 2266 452 Α
2295 385 2458 458 453
2485 402 2548 441 cx
2586 387 2971 443 amaritudinis
3023 396 3201 443 turma
3228 390 3454 446 veniens
3501 390 3821 448 obsideat
3860 397 3940 448 ali

622 476 762 531 cmlo
789 476 996 545 positus
1026 474 1157 527 vidit
1190 472 1462 537 caelestia,
1490 475 1618 530 vidit
1671 474 1973 533 Jerusalem
2012 493 2197 533 veram

620 568 895 622 civitatem
920 566 1035 630 Dei,
1078 567 1211 620 vidit
1242 565 1312 620 ibi
1339 574 1395 620 et
1435 565 1569 621 Sion
1615 577 1851 623 montem
1879 584 2199 640 quocunque

620 660 724 717 loci
751 667 857 724 est,
888 658 1021 713 vidit
1066 668 1121 713 et
1169 657 1411 723 llebron,
1443 658 1579 714 vidit
1610 668 1664 715 et
1698 660 1879 716 omnia
1924 662 2025 717 ista
2073 678 2198 732 quae

622 750 938 807 scribuntur
963 760 1112 806 sorte
1154 750 1324 805 divisa
1356 769 1371 805 :
1401 759 1456 805 et
1485 765 1591 806 non
1617 750 1791 807 solum
1822 752 1985 819 vidit,
2014 757 2108 809 sed
2140 764 2196 811 et

619 842 862 898 rationes
883 854 1077 898 eorum
1104 841 1157 896 in
1204 841 1400 910 spiritu
1436 842 1874 913 comprehendit,
1920 845 2049 914 quia
2081 845 2195 915 ipse

615 933 904 991 conﬁtetur
932 948 991 989 se
1020 933 1240 988 audisse
1265 932 1431 988 verba
1475 942 1531 989 et
1581 934 1899 991 traditiones
1923 935 2022 1007 (ι).
2086 936 2192 992 Sed

617 1041 737 1095 quae
767 1024 971 1080 verba?
1004 1042 1022 1076 ι
1060 1022 1378 1088 lneﬁ‘abilia,
1411 1023 1587 1093 inquit
1611 1024 1676 1091 ³³,
1701 1034 1754 1081 et
1786 1041 1909 1097 quae
1936 1043 2039 1082 non
2068 1028 2195 1084 licet

618 1118 823 1176 homini
856 1116 1055 1187 loqui.»
1096 1114 1258 1171 Vides
1286 1129 1415 1185 ergo
1468 1116 1594 1185 quia
1648 1116 1729 1172 sic
1758 1121 1941 1173 omnia
1994 1118 2194 1178 Paulus

615 1210 1026 1280 comprehendit
1055 1207 1128 1279 (5)
1164 1207 1216 1262 in
1253 1207 1467 1277 spiritu,
1501 1207 1595 1263 sed
1627 1224 1734 1265 non
1779 1210 1981 1268 licebat
2006 1214 2056 1268 ei
2091 1214 2190 1269 ho-

618 1302 857 1359 minibus
883 1301 983 1356 ista
1017 1302 1280 1371 proferre.
1309 1300 1518 1369 Quibus
1544 1301 1852 1357 hominibus
1874 1304 1898 1358 ‘l
1919 1303 2024 1360 illis
2074 1306 2192 1361 sine

614 1397 780 1453 dubio
816 1396 885 1453 de
927 1396 1123 1465 quibus
1176 1395 1521 1465 culpabililer
1567 1396 1781 1452 dicebat
1816 1397 1862 1429 ³⁸
1895 1420 1907 1454 ;
1948 1417 1967 1450 σ
2000 1397 2192 1455 Nonne

619 1494 866 1550 homines
898 1494 1048 1560 estis,
1087 1503 1143 1549 et
1169 1495 1467 1550 secundum
1500 1496 1770 1552 hominem
1799 1495 2133 1553 ambulatis?
2162 1516 2182 1549 i

614 1586 726 1643 Sed
752 1586 969 1643 dicebat
999 1586 1251 1642 fortassis
1295 1587 1404 1643 illis
1428 1590 1521 1659 qui
1569 1589 1681 1659 jam
1733 1604 1838 1643 non
1886 1589 2185 1645 secundum

612 1677 891 1733 hominem
926 1676 1297 1732 ambulabant.
1331 1677 1555 1733 Dicebat
1615 1679 1731 1734 haec
1761 1678 2071 1746 Timotheo,
2099 1679 2185 1734 di-

611 1769 773 1825 cebat
796 1768 956 1824 Lucae
986 1778 1044 1824 et
1076 1770 1289 1824 caeteris
1317 1768 1601 1838 discipulis
1621 1784 1759 1839 quos
1788 1769 1993 1826 sciebat
2018 1785 2184 1840 capa-

613 1874 709 1915 ces
738 1872 857 1915 esse
902 1859 1260 1915 ineﬁ‘abilium
1292 1870 1783 1917 sacramentorum.
1843 1862 2086 1933 Denique
2131 1872 2187 1919 et

616 1952 671 2006 in
702 1951 959 2022 mysterio
989 1950 1096 2007 tale
1124 1950 1202 2023 (6)
1245 1951 1449 2022 aliquid
1496 1950 1843 2008 Timotheum
1874 1968 2187 2009 commone-

2216 1741 2259 1796 B

613 2044 707 2098 hat
733 2045 923 2099 dicens
942 2040 1036 2099 “:
1077 2059 1098 2095 ι
1140 2042 1499 2100 Μθιηοινθεῑο
1529 2046 1821 2101 verborum
1855 2059 1978 2115 quae
2024 2060 2055 2100 a
2100 2059 2186 2101 me

612 2137 834 2201 audisti,
858 2150 980 2206 qua:
1006 2134 1324 2191 commenda
1364 2135 1615 2192 ﬁdelibus
1654 2135 1968 2193 hominibus
2015 2144 2071 2192 et
2119 2137 2186 2193 iis

612 2229 705 2300 qui
738 2228 915 2284 idonei
953 2235 1083 2283 sunt
1116 2227 1254 2284 alios
1287 2227 1506 2283 docere.
1536 2246 1555 2280 ι
1592 2227 1684 2283 Sic
1707 2243 1836 2298 ergo
1860 2228 2038 2284 divina
2072 2229 2185 2284 haec

612 2335 735 2377 esse
757 2321 1044 2377 credentes
1068 2328 1124 2375 et
1145 2320 1372 2390 mystica
1398 2358 1417 2385 ,
1448 2320 1639 2389 dignos
1685 2334 1784 2377 nos
1817 2327 1871 2375 et
1917 2327 2071 2390 aptos
2115 2320 2183 2375 ad

611 2426 802 2468 eorum
836 2411 1197 2481 capacitatem
1224 2412 1348 2467 vitae
1389 2413 1602 2468 actibus
1637 2426 1702 2467 ac
1734 2413 1946 2469 meritis
1970 2427 2182 2483 praepa-

610 2518 813 2567 remus,
838 2512 897 2557 ut
944 2517 1070 2558 cum
1126 2503 1290 2574 digne
1335 2517 1366 2558 a
1415 2502 1572 2559 nobis
1628 2502 1837 2559 fuerint
1887 2503 2182 2572 intellecta,

607 2595 777 2650 etiam
808 2593 1125 2650 haereditate
1157 2609 1222 2651 ea
1254 2594 1307 2649 in
1346 2593 1503 2649 cmlis
1537 2595 1800 2665 consequi
1852 2608 2179 2664 mereamur,

606 2686 663 2743 in
688 2683 910 2743 Christo
931 2683 1059 2741 .lesu
1092 2686 1320 2742 Domino
1351 2695 1559 2751 nostro,
1591 2686 1678 2742 cui
1701 2697 1785 2743 est
1807 2687 1976 2758 gloria
2012 2698 2067 2744 et
2087 2689 2183 2744 im-

606 2780 816 2850 perium
842 2778 896 2835 in
925 2780 1119 2836 saecula
1148 2778 1490 2835 saeculorum.
1518 2780 1712 2835 Amen.

1139 2891 1419 2950 HOMILIA
1463 2894 1654 2952 XXIV.

614 2980 694 3038 De
720 2983 1048 3061 Amorrhwis
1076 2984 1337 3061 quomodo
1360 2984 1726 3061 habitaverunt
1760 3006 1877 3044 cum
1927 2990 2177 3061 Ephrem,

682 3053 861 3178 eltngeel
902 3052 1033 3108 Jesu
1090 3052 1352 3120 quomodo
1405 3061 1602 3125 accepit
1658 3060 1919 3115 ciuitatem
1966 3052 1998 3117 ὰ
2051 3052 2177 3132 ῥιὶἱᾶ
2206 3085 2249 3143 C

680 3241 734 3297 l.
768 3238 843 3293 De
868 3236 1129 3296 Jebusa‘is
1164 3238 1254 3308 qui
1287 3239 1605 3296 habitabant
1627 3239 1949 3311 Jerusalem,
1977 3245 2177 3302 dudum

606 3331 811 3387 dictum
842 3339 946 3397 est,
975 3333 1249 3402 quomodo
1289 3320 1383 3387 eos
1414 3333 1781 3391 exterminare
1828 3352 1934 3393 non
1986 3345 2179 3406 potue-

607 3437 738 3484 runt
769 3427 865 3482 lilii
888 3425 1051 3492 Juda,
1079 3427 1172 3483 sed
1205 3436 1262 3483 et
1288 3429 1355 3483 de
1382 3426 1703 3485 Chananaeis
1726 3445 1864 3501 quos
1916 3447 2021 3487 non
2082 3447 2180 3501 po-

607 3526 832 3573 tuerunt
857 3519 1225 3574 exterminare
1249 3518 1342 3574 lilii
1370 3520 1626 3589 Ephrem,
1652 3521 1959 3578 habitantes
1988 3524 2039 3580 in
2073 3539 2181 3580 me-

607 3610 699 3666 dio
727 3608 832 3665 sui.
856 3609 1061 3676 Quibus
1086 3608 1284 3666 similia
1318 3610 1486 3665 etiam
1531 3625 1774 3681 praesens
1801 3612 1965 3669 lectio
2013 3615 2179 3671 refert

606 3702 674 3759 de
704 3700 1033 3757 Amorrhzeis
1062 3700 1255 3759 dicens
1291 3700 1363 3767 ⁸⁸,
1397 3701 1525 3771 quia
1569 3721 1589 3755 ι
1633 3704 1929 3771 permansit
1978 3704 2177 3760 Amor-

610 3794 794 3851 rhaeus
825 3793 1076 3851 habitare
1105 3792 1159 3849 in
1189 3792 1339 3849 Elom
1369 3805 1425 3849 et
1479 3794 1533 3850 in
1576 3794 1834 3861 Salamis,
1893 3806 1947 3851 et
1999 3799 2179 3867 gravis

606 3886 797 3943 ell'ecta
828 3896 912 3943 est
942 3901 1145 3942 manus
1181 3885 1415 3956 Ephrem
1439 3900 1604 3955 super
1627 3900 1744 3943 eos.
1783 3906 1801 3940 ι
1830 3888 2177 3944 Amorrhteus

602 3982 997 4050 interpretatur
1021 3993 1238 4032 amarus
1273 3976 1357 4032 vel
1401 3978 1702 4033 amaritudo
1731 3978 1828 4051 (7).
1865 3979 2180 4037 Habitantes

601 4089 739 4145 ergo
778 4074 832 4127 in
862 4073 1039 4135 Elom,
1059 4086 1180 4141 quae
1215 4071 1613 4141 interpretatur
1662 4074 1943 4127 arietantes
1973 4072 2067 4146 (8),
2094 4075 2177 4129 vel

514 4228 519 4232 ,
602 4166 665 4220 in
696 4162 951 4226 Salamis,
972 4163 1117 4232 quod
1148 4162 1540 4232 interpretatur
1568 4162 1782 4231 paciﬁci
1816 4163 1918 4233 (9),
1962 4181 2178 4235 pernm.

604 4262 742 4310 nent
768 4261 823 4307 et
853 4251 1105 4308 habitam
1146 4251 1540 4307 amaritudines
1569 4252 1621 4306 in
1653 4252 2012 4309 arietantibus
2039 4264 2094 4309 et
2125 4257 2176 4311 in

606 4343 876 4417 paciﬁcis.
906 4342 1217 4398 Arictantes
1245 4351 1370 4397 sunt
1394 4342 1545 4413 iiqui
1570 4342 1622 4397 in
1670 4342 1935 4411 agonibus
1985 4345 2172 4415 positi,

2299 475 2456 544 cujus
2483 490 2703 546 corpus,
2739 476 3023 546 perturbet
3054 493 3119 533 ac
3149 478 3389 549 decipiat
3421 490 3738 547 mentem,
3770 484 3940 540 adhi-

2298 568 2534 621 beantur
2607 576 2786 621 autem
2842 568 3025 623 multa:
3071 570 3365 635 orationes,
3424 571 3615 626 multa
3684 571 3939 641 jejunis,

2299 657 2480 712 multa:
2505 657 2909 712 exorcistarum
2941 658 3338 725 invocationes,
3367 669 3425 716 et
3456 662 3529 716 ad
3557 661 3716 717 haec
3741 665 3937 718 omnia

2296 750 2493 803 surdus
2513 748 2725 805 daemon
2750 749 2803 803 in
2829 749 3059 805 obsesso
3082 765 3313 822 corpore
3340 765 3701 822 permaneat
3731 766 3800 811 et
3822 774 3937 826 per-

2296 840 2473 905 sistat,
2514 840 2852 896 tolerabilius
2913 841 3100 897 ferens
3144 843 3544 898 exorcistarum
3593 860 3858 917 pcenas,
3886 858 3933 903 et

2296 932 2538 987 adhibita
2558 931 2661 988 sibi
2688 947 2755 987 ex
2788 930 2883 987 Dei
2911 932 3147 988 nominis
3185 932 3541 990 invocatione
3593 945 3925 1003 tormenta,

2294 1036 2461 1089 quam
2495 1022 2774 1078 discedere
2800 1023 2867 1077 ab
2896 1023 3121 1079 homine
3150 1039 3308 1093 quem
3342 1026 3736 1095 impudenter
3772 1033 3919 1083 obsi-

2293 1111 2384 1168 det
2412 1122 2467 1168 et
2511 1114 2762 1182 nequiter
2791 1132 2804 1168 :
2838 1113 2909 1169 ita
2940 1115 3105 1169 etiam
3138 1115 3225 1169 hic
3256 1116 3703 1186 intelligendum
3746 1133 3835 1175 εει
3864 1124 3911 1173 in

2292 1204 2413 1260 istis
2442 1206 2532 1276 qui
2559 1207 2818 1261 dicuntur
2840 1208 3172 1274 Amorrhtei,
3196 1209 3287 1278 qui
3318 1221 3673 1279 permanent
3702 1222 3764 1266 et
3793 1230 3909 1283 per-

2292 1299 2492 1355 sistnnt
2538 1299 2787 1354 habitare
2817 1299 2869 1354 in
2896 1300 3049 1354 Elom
3093 1310 3149 1356 et
3185 1302 3237 1355 in
3271 1301 3549 1356 Salamin.
3584 1302 3660 1358 Et
3694 1314 3758 1359 ut
3780 1321 3901 1361 vere

2291 1390 2605 1444 ostenderet
2665 1388 2974 1460 Scriptura,
3015 1391 3144 1461 quia
3196 1392 3545 1462 perferentes
3600 1410 3800 1464 punias
3842 1408 3890 1450 et

2289 1482 2499 1554 ﬂagella
2523 1484 2848 1554 persistunt,
2890 1484 3023 1538 dicit
3050 1501 3064 1538 :
3101 1502 3119 1537 ι
3148 1484 3209 1539 Ει
3239 1486 3424 1557 gravis
3456 1484 3658 1542 εσθαι
3690 1498 3773 1544 est
3793 1505 3882 1543 sn.

2289 1589 2386 1644 per
2411 1587 2507 1627 eos
2539 1587 2732 1628 manus
2788 1572 3044 1641 Ephrem.
3074 1592 3093 1626 ι
3126 1571 3410 1639 Quomodo
3459 1584 3641 1628 autem
3682 1577 3868 1644 gravis

2289 1664 2519 1720 ellicitur
2567 1679 2761 1719 manus
2810 1662 3047 1733 Ephrem
3109 1679 3273 1732 super
3321 1664 3697 1719 Amorrltzos?
3751 1664 3848 1719 Vel

2287 1756 2704 1823 exorcistarum,
2745 1767 2803 1808 ut
2849 1755 3113 1823 diximus,
3148 1771 3342 1809 manus
3388 1755 3704 1825 impositione
3730 1771 3821 1810 re-

2287 1848 2595 1903 hementius
2630 1848 2879 1916 imposita
2926 1848 3146 1920 gravari
3194 1848 3402 1902 dicitur
3442 1864 3609 1917 super
3630 1850 3824 1902 immen-

2285 1941 2383 1995 dos
2430 1940 2653 2009 Spiritus
2698 1955 2890 1995 manus
2934 1940 3196 2010 Ephrem,
3225 1940 3313 1995 vel
3360 1940 3493 2012 quia
3563 1940 3683 1995 boni
3714 1950 3849 1994 actus

2284 2032 2368 2087 vel
2407 2030 2549 2086 bona
2596 2045 2758 2100 opera
2799 2041 3033 2104 gravant
3074 2044 3128 2087 et
3172 2030 3751 2103 amiguntdamonum
3778 2048 3861 2101 ge-

2286 2139 2410 2190 nus,
2446 2124 2862 2194 contrariasque
2896 2124 3149 2180 virtutes.
3180 2122 3396 2189 Quanto
3430 2124 3588 2179 enim
3623 2140 3724 2179 nos
3758 2140 3860 2177 me-

2283 2216 2419 2271 liora
2448 2217 2744 2286 egerimus,
2775 2225 2832 2272 et
2877 2224 3083 2286 quanto
3111 2216 3163 2270 in
3195 2216 3421 2280 optimis
3450 2230 3863 2278 conversamur,

2286 2315 2436 2363 tanto
2489 2306 2598 2363 illis
2646 2308 2873 2364 molesta
2902 2310 3016 2364 haec
3055 2307 3365 2364 eﬁiciuntur
3390 2318 3446 2363 et
3474 2309 3707 2377 gravia.
3739 2308 3863 2363 Gra-

2285 2407 2397 2452 tum
2429 2413 2557 2454 vero
2608 2399 2717 2455 illis
2749 2409 2834 2455 est
2879 2409 2935 2454 ct
2981 2412 3289 2472 acceptum,
3334 2412 3389 2455 et
3433 2401 3761 2471 voluptates
3796 2401 3865 2455 eis

2281 2490 2687 2559 quodammodo
2708 2492 2954 2559 exhibet,
2987 2494 3079 2562 qui
3124 2494 3178 2547 in
3209 2493 3550 2563 turpitudine
3568 2502 3624 2547 et
3653 2492 3865 2564 ﬂagitiis

2282 2580 2434 2634 vivit.
2466 2580 2569 2647 Qui
2598 2595 2730 2636 vero
2763 2580 2820 2636 in
2855 2581 3013 2637 bonis
3039 2582 3258 2638 actibus
3292 2597 3510 2636 manum
3548 2599 3715 2637 suam
3754 2599 3868 2653 gra-

2282 2672 2492 2729 vaverit
2536 2688 2702 2744 super
2733 2688 2851 2739 eos,
2888 2675 3052 2731 etiam
3108 2677 3151 2731 si
3196 2676 3412 2746 penitus
3444 2690 3540 2731 eos
3588 2676 3865 2745 expellere

2282 2780 2389 2820 non
2405 2768 2660 2836 potuerit,
2677 2777 2827 2823 certe
2850 2769 3050 2823 tributa
3063 2769 3171 2824 rios
3196 2783 3292 2824 eos
3315 2768 3477 2824 faciet
3494 2780 3551 2823 et
3567 2771 3865 2840 subjectos.

2351 2877 2406 2933 2.
2454 2898 2473 2932 ι
2502 2878 2568 2933 Et
2598 2879 2891 2935 abierunt»
2941 2881 3035 2934 lilii
3082 2882 3315 2952 Ephrem
3364 2900 3384 2934 ι
3412 2897 3721 2952 peragrare
3766 2896 3866 2939 ter-

2286 2985 2399 3025 ram
2431 2970 2732 3025 secundum
2782 2972 2916 3028 lines
2967 2987 3094 3027 suos
3113 2972 3176 3026 ³⁷.
3204 2991 3223 3023 ι
3265 2973 3331 3027 Et
3377 2988 3500 3026 cum
3550 2984 3863 3029 enarrasset

2285 3061 2428 3118 illam
2469 3062 2774 3130 historiam,
2809 3063 2860 3118 in
2897 3063 3250 3133 sequentibus
3289 3072 3553 3132 quantam
3599 3080 3858 3120 mansue-

2283 3154 2527 3211 tudinem
2557 3164 2612 3209 et
2649 3154 3012 3209 humilitatem
3052 3154 3251 3209 habeat
3277 3153 3454 3219 .lesus,
3488 3155 3580 3223 qui
3609 3170 3749 3209 vere
3789 3157 3860 3210 di-

2279 3262 2415 3317 gnus
2445 3258 2565 3301 erat
2611 3244 2755 3300 ferre
2787 3261 2986 3301 nomen
3027 3245 3245 3300 Domini
3282 3244 3410 3301 Jesu
3452 3258 3510 3301 et
3554 3246 3857 3302 Salvatoris

2281 3339 2479 3405 nostri,
2535 3338 2797 3393 declarat.
2844 3338 2938 3393 Ait
2988 3339 3135 3393 enim
3162 3338 3245 3391 “:
3283 3355 3302 3389 ι
3335 3339 3627 3405 Dederunt,
3659 3339 3857 3411 inquit,

2280 3431 2373 3486 lllii
2401 3429 2565 3485 lsrael
2596 3439 2799 3485 sortem
2826 3428 2954 3484 .lesu
2982 3429 3092 3484 ﬁlio
3118 3428 3264 3485 Nave
3307 3430 3359 3483 in
3396 3430 3719 3499 semetipsis
3758 3433 3861 3501 (l0)

2281 3534 2379 3591 per
2427 3530 2755 3590 praeceptum
2809 3519 3050 3586 Domini,
3087 3529 3143 3575 et
3167 3520 3432 3574 dederunt
3476 3520 3523 3572 ei
3579 3521 3858 3575 civitatem

2279 3627 2440 3683 quam
2462 3613 2654 3683 petivit
2673 3610 2994 3667 Thanuasac
3022 3622 3145 3676 qua:
3156 3623 3238 3671 est
3251 3611 3309 3668 in
3325 3617 3507 3666 monte
3523 3602 3795 3678 Ephrem,
3815 3623 3862 3665 et

2280 3704 2564 3760 aediﬁcavit
2588 3705 2659 3759 ibi
2683 3704 2983 3768 civitatem,
3005 3712 3061 3759 et
3089 3704 3355 3758 habitavit
3389 3704 3440 3755 in
3462 3717 3546 3757 ea.
3582 3720 3601 3755 ι
3629 3700 3765 3773 Ipse
3782 3714 3863 3758 est

2280 3797 2372 3865 qui
2396 3797 2544 3852 dedit
2574 3796 2947 3850 haereditatem
2976 3796 3229 3850 omnibus
3263 3794 3389 3849 ﬁliis
3412 3793 3683 3864 Juda,qui
3716 3796 3864 3850 dedit

2280 3886 2535 3956 Ephrem,
2553 3896 2606 3940 et
2624 3884 2863 3940 dimidiae
2878 3885 3041 3940 tribui
3056 3884 3306 3940 Manasse
3325 3902 3339 3939 :
3361 3886 3479 3954 ipse
3502 3885 3650 3941 dedit
3674 3898 3738 3940 et
3757 3903 3863 3941 ma.

2279 3975 2475 4047 gniﬁco
2498 3974 2573 4031 illi
2602 3975 2766 4029 Caleb
2789 3974 2899 4029 lilio
2912 3973 3119 4030 Jellone
3142 3975 3517 4030 hmreditatem
3536 3991 3552 4032 :
3572 3976 3689 4045 ipse
3710 3978 3862 4030 misit

2280 4076 2465 4124 ternos
2489 4082 2585 4136 per
2600 4066 2843 4135 singulas
2857 4065 3050 4129 tribus,
3068 4066 3159 4137 qui
3178 4069 3488 4121 universam
3514 4077 3718 4123 terram
3738 4084 3861 4137 pcr-

2280 4166 2556 4228 agrarent,
2580 4166 2745 4227 atque
2767 4156 3147 4213 describerent
3174 4158 3226 4211 in
3254 4156 3414 4221 libro,
3441 4167 3495 4211 et
3512 4158 3782 4223 redirent,
3805 4171 3862 4212 et

2279 4250 2669 4305 ostenderent:
2706 4249 2819 4318 ipse
2849 4249 3001 4305 misit
3026 4249 3280 4305 omnibus
3313 4258 3512 4313 sortes,
3530 4258 3582 4303 et
3596 4250 3730 4304 sein
3762 4265 3859 4303 no-

2284 4340 2528 4395 viSsimis
2553 4339 3060 4407 reservavit.Quare
3088 4349 3249 4409 putas
3270 4340 3441 4395 voluit
3468 4356 3593 4397 esse
3609 4342 3856 4396 omnium

603 4449 923 4507 expugnare
943 4435 1242 4490 diabolicae
1271 4435 1414 4491 aedes
1436 4444 1852 4505 structurasque
1885 4447 2173 4513 conantur;
2209 4450 2254 4506 ι)
2286 4431 2654 4487 novissimus?
2688 4432 2810 4487 sine
2825 4432 2989 4487 dubio
3012 4441 3071 4486 ut
3092 4440 3239 4488 esset
3263 4436 3505 4488 omnium
3538 4434 3768 4502 primus.
3793 4431 3859 4487 Et

601 4524 812 4597 paciﬁci
860 4540 993 4581 vero
1014 4525 1112 4595 qui
1137 4524 1451 4581 carnalibus
1472 4526 1930 4595 concupiscentiis
1955 4542 2178 4599 supera-

609 4622 678 4673 tls
706 4632 891 4688 pacem
922 4617 1118 4671 animae
1138 4624 1358 4685 gerunt.
1386 4615 1443 4671 ln
1475 4616 1722 4685 utrisque
1758 4626 1935 4671 tamen
1987 4632 2175 4686 perse-

608 4718 762 4765 verat
789 4719 843 4765 et
864 4707 1148 4763 contendit
1175 4707 1455 4763 contraria
1493 4706 1664 4762 virtus
1702 4706 2005 4762 amaritudo
2050 4722 2174 4777 per-

604 4802 817 4857 sistere.
850 4800 907 4854 ln
964 4814 1070 4870 quo
1118 4796 1224 4853 tale
1268 4796 1469 4867 aliquid
1527 4797 1824 4868 intelligere
1868 4812 2173 4866 possumus,

607 4894 734 4964 quia
797 4893 980 4957 dicit,
1036 4889 1341 4961 permansit
1396 4889 1649 4945 habitare
1715 4890 2065 4945 Amorrhzeus
2120 4889 2172 4944 in

618 4986 772 5057 ipsis.
828 4983 991 5040 Verbi
1046 4983 1216 5053 gratia
1252 5022 1272 5051 ,
1324 4982 1372 5045 si
1420 4983 1641 5039 inimica
1688 4982 1860 5038 virtus
1913 4982 2173 5037 daemonis

667 5114 713 5147 ³³
741 5114 782 5170 ll
808 5114 939 5171 Cor.
976 5130 1074 5181 xu,
1113 5114 1169 5170 ι.
1242 5112 1329 5168 ³⁸1
1358 5114 1485 5172 Cor.
1516 5130 1597 5178 in,
1628 5113 1717 5170 54.

702 5271 755 5337 4)
792 5271 941 5328 Unus
976 5270 1349 5337 Ebroicensis,
1388 5288 1407 5321 ι
1443 5278 1496 5325 et
1519 5268 1778 5324 rationes.
1815 5289 1834 5322 ι

702 5273 733 5326 4
792 5271 941 5328 Unus
976 5271 1349 5337 Ebroicensis,
1388 5288 1407 5321 ι
1443 5278 1496 5325 et
1519 5271 1778 5324 rationes.
1815 5289 1834 5322 ι

788 5342 902 5415 Duo
927 5340 1309 5415 Ehroiceuses,
1346 5362 1363 5394 ι
1401 5341 1519 5412 quia
1559 5339 1660 5394 scit
1689 5341 1868 5395 omnia
1904 5339 2102 5394 Paulus
2123 5348 2177 5395 et

611 5411 1039 5469 comprehendit.
1068 5430 1086 5463 ι

802 5428 829 5465 e
906 5428 1039 5465 non.
1068 5430 1086 5463 ι

684 5428 963 5553 ἱῐὲςιὲὶὲιῗθι
990 5482 1559 5553 δδηεθτιωουιη-υῃρ
1600 5478 1931 5553 Ebroicensi,
1970 5496 1989 5530 ι
2022 5479 2175 5553 (1ρηί-

612 5546 717 5619 que
743 5546 799 5607 et
830 5552 898 5622 in,
922 5546 1179 5622 mysterio
1222 5551 1344 5605 tale.
1385 5568 1404 5601 ι
1438 5546 1593 5604 Libb.
1630 5550 1785 5613 editi,
1821 5568 1838 5601 ι
1874 5552 1940 5605 de
1975 5550 2174 5619 quibus

612 5634 667 5674 et
692 5638 742 5673 in
775 5621 1077 5675 ministerio
1110 5621 1231 5674 tale.
1268 5638 1287 5671 ι

684 5690 759 5761 (7)
784 5688 1119 5748 Amorrlucus
1170 5692 1543 5758 interpretatur
1582 5704 1798 5743 amarus
1848 5688 1924 5743 vel
1969 5690 2170 5745 amari-

1814 5114 1860 5148 ⁸³
1896 5113 1937 5169 ιι
1966 5114 2106 5169 Tim.
2135 5130 2202 5183 tt,
2244 5116 2300 5170 2.

2286 4525 2516 4593 necipse
2536 4524 2638 4580 sibi
2657 4526 3022 4580 hereditatem
3042 4534 3191 4580 sorte
3214 4525 3575 4594 praesumpsit.
3593 4525 3683 4579 sed
3706 4542 3736 4579 a
3764 4541 3858 4597 po-

2272 4618 2411 4686 pulo
2440 4620 2676 4687 accepit,
2702 4627 2759 4673 et
2790 4618 2865 4673 illi
2898 4618 3244 4688 datpopulus
3273 4617 3643 4673 hereditatem
3676 4633 3707 4669 a
3750 4633 3858 4687 quo

2284 4708 2400 4775 ipse
2429 4717 2735 4776 acceperat.
2756 4707 2847 4763 Sic
2870 4708 3017 4763 enim
3033 4710 3295 4778 scriptum
3326 4718 3437 4764 est:
3470 4707 3565 4762 «Et
3592 4709 3858 4763 dederunt

2284 4798 2376 4852 lilii
2403 4797 2565 4854 lsrael
2594 4810 2794 4856 sortem
2821 4798 2948 4855 Jesu
2982 4800 3093 4855 lilio
3114 4800 3314 4855 Nave.»
3339 4800 3448 4855 Sed
3488 4810 3540 4855 et
3571 4800 3681 4855 hac
3720 4802 3857 4870 ligu-

2284 4892 2470 4945 raliter
2504 4892 2891 4962 contingebant
2924 4893 3054 4958 illis,
3078 4908 3199 4963 qua:
3225 4895 3380 4949 nobis
3420 4904 3859 4963 proponerentur

2281 4982 2347 5035 ad
2384 4983 2638 5049 formam,
2675 4993 2732 5038 ut
2767 4993 2823 5040 et
2871 5000 2970 5040 nos
3012 5000 3295 5040 servemus
3341 4995 3676 5056 przeceptum
3720 4986 3852 5039 illud

2398 5116 2443 5148 ³⁸
2476 5115 2589 5173 Jos.
2636 5132 2748 5183 xu,
2779 5118 2869 5173 47.
2968 5118 3010 5149 ³⁷
3044 5118 3173 5175 ibid.
3207 5118 3299 5174 ιε).
3398 5118 3443 5151 ⁸⁸
3477 5118 3610 5174 ibid.
3644 5118 3731 5182 49.
3758 5118 3851 5174 50.

2285 5274 2433 5322 tudo.
2467 5268 2510 5323 A
2539 5281 2670 5330 Tum
2704 5289 2721 5323 t
2752 5287 2993 5328 amarum
3026 5290 3165 5331 esse.
3211 5295 3231 5329 ι

2353 5338 2427 5422 (8)
2456 5328 2789 5411 ΕΙοηιΪᾳηω
2842 5328 3223 5414 interpretatur
3266 5346 3571 5401 arietantes.
3641 5345 3720 5399 Ab
3754 5328 3853 5405 ⁸ης

2286 5426 2305 5461 Ι
2344 5425 2507 5465 artes.
2544 5431 2562 5462 Ι

2352 5478 2428 5549 (9)
2449 5478 2723 5560 _§alamis,
2768 5482 2907 5551 quod
2954 5483 3331 5549 interpretatur
3366 5484 3595 5554 pacifici.
3632 5484 3672 5537 Α
3722 5467 3851 5543 είπυ

2285 5566 2304 5601 ι
2341 5549 2627 5616 paciﬁcum
2656 5549 2796 5606 esse.
2831 5570 2848 5601 ι

2348 5620 2461 5699 (ῳ)
2496 5619 2698 5675 Omnes
2730 5622 3084 5699 manuscripti
3118 5642 3136 5675 ι
3166 5623 3223 5680 in
3268 5626 3598 5697 semetipsis.
3633 5641 3653 5675 ι
3690 5621 3845 5680 ιίυυ,

2273 5688 2426 5754 editi,
2466 5706 2485 5741 t
2509 5700 2561 5746 et
2594 5692 2931 5761 semetipsos.
2958 5710 2977 5743 ι
