4104 6226
336 400 432 460 ﬁll

1268 396 1337 450 IN
1378 390 1636 448 LIBRUM
1670 387 1832 445 JESU
1870 385 2057 443 NAVE
2090 386 2370 443 IIOMILIA
2417 389 2585 443 XXV.

3492 393 3596 449 ΜΞ

334 524 481 596 quod
517 524 618 578 iste
641 535 806 591 opere
836 518 1101 589 implevit,
1134 518 1278 587 quod
1309 517 1513 571 dicitur
1534 516 1579 547 ³⁸
1608 532 1620 568 :
1654 531 1673 565 ι
1695 512 1912 579 Quanto
1941 511 1988 569 Α
2016 523 2125 577 qua
2161 510 2285 579 quis
2338 512 2511 579 prima
2563 518 2710 564 sorte
2768 511 2961 578 dignus
3002 510 3313 575 haberetur,
3351 520 3405 565 et
3454 512 3596 566 alius

338 631 567 686 tnaguus
609 630 688 679 es,
745 622 899 669 tanto
942 612 1115 680 magis
1151 610 1370 665 httmilia
1399 619 1473 674 te,
1496 616 1549 661 et
1578 614 1703 662 aute
1730 604 1914 659 Demi-

340 725 471 762 num
506 707 746 761 invenies
787 705 1040 775 gratiam.
1068 725 1087 756 ο
1126 702 1190 757 Et
1224 703 1417 756 iterum
1468 698 1610 768 quod
1649 697 1912 765 scriptum

337 807 422 853 est
446 799 530 851 “z
566 818 585 850 ι
614 796 670 852 Si
703 806 753 852 te
797 798 988 851 ducem
1038 792 1433 855 ordinaverint,
1490 804 1556 844 ne
1608 786 1909 849 extollaris,

339 891 436 946 sed
472 900 591 944 esto
618 889 766 942 inter
794 902 889 941 eos
918 883 1073 954 quasi
1106 898 1245 937 unus
1288 896 1353 937 ex
1386 881 1539 950 ipsis.
1568 898 1587 932 ι
1622 878 1754 933 Vide
1781 891 1913 946 ergo

336 980 610 1053 quomodo
640 981 749 1034 dux
783 986 903 1032 erat
935 975 1138 1046 populi,
1173 974 1288 1043 ipse
1322 973 1413 1042 qui
1462 986 1560 1025 eos
1599 969 1913 1023 introduxe-

340 1085 425 1130 rat
454 1074 507 1130 in
544 1085 745 1127 terram
794 1081 1062 1133 sanctam,
1100 1068 1154 1122 in
1185 1076 1387 1121 terram
1426 1063 1864 1134 repromissionis
1895 1079 1908 1119 :

340 1169 458 1236 ipse
481 1178 602 1221 erat
626 1177 915 1220 successor
948 1159 1140 1231 Moysi,
1168 1170 1220 1213 et
1246 1174 1353 1212 non
1382 1158 1496 1228 ipse
1524 1156 1625 1211 sibi
1648 1154 1914 1226 permittit

337 1271 555 1312 sumere
607 1266 807 1310 sortem
873 1264 1057 1316 terr-.13,
1109 1252 1201 1306 sed
1261 1257 1543 1316 exspectat
1594 1257 1652 1301 ut
1682 1246 1915 1316 accipiat

337 1350 739 1421 portiunculam
766 1362 795 1402 a
835 1345 1049 1415 populo,
1075 1344 1253 1414 populi
1284 1346 1423 1408 dux;
1453 1349 1507 1396 et
1537 1351 1760 1409 accepta
1790 1354 1915 1408 por-

339 1440 581 1494 tiuncula
634 1453 732 1493 sua
780 1433 963 1499 Jesus,
1017 1434 1211 1503 dignus
1262 1433 1363 1487 hoc
1418 1430 1638 1484 nomine
1680 1426 1914 1482 :ediﬁcat

338 1532 516 1588 locum
567 1532 743 1601 ipsum
796 1544 959 1597 quem
999 1526 1227 1592 accepit,
1260 1534 1315 1578 et
1353 1522 1659 1583 constituit,
1699 1528 1756 1572 ut
1788 1533 1911 1572 eum

338 1641 470 1681 vere
546 1624 710 1679 faciat
771 1622 994 1693 dignum
1059 1633 1286 1673 munere
1350 1616 1441 1670 Dei
1494 1622 1549 1687 et
1598 1613 1913 1667 haereditate

334 1720 539 1775 divina.
786 1754 795 1762 -

407 1815 461 1868 5.
506 1812 611 1866 Sed
671 1807 925 1878 quoniam
988 1803 1056 1857 ad
1111 1802 1400 1856 Dominum
1452 1807 1506 1853 et
1568 1798 1908 1853 Salvatorem

338 1913 587 1961 nostrum
632 1915 694 1955 ea
732 1913 851 1970 qua
898 1898 965 1952 de
994 1896 1121 1952 Iesu
1155 1894 1488 1957 scribuntur,
1528 1888 1731 1945 referre
1772 1905 1909 1943 con-

338 1997 639 2061 suevimus,
669 1993 919 2049 fortassis
956 1990 1120 2044 etiam
1152 1999 1341 2043 uoster
1366 1986 1545 2041 omnis
1572 1984 1659 2039 hic
1687 1982 1916 2052 populus

342 2090 435 2144 dat
469 2098 677 2159 partem
708 2086 946 2155 aliquam
974 2096 1095 2137 meo
1128 2078 1359 2135 Domino
1381 2074 1535 2140 Iesu,
1566 2083 1619 2128 et
1649 2074 1797 2128 velut
1832 2074 1915 2128 lo-

338 2195 461 2237 cum
488 2178 777 2251 quemdam
809 2171 1131 2231 habitationi
1162 2168 1280 2237 ejus
1309 2167 1519 2222 tribuit.
1555 2164 1661 2219 Sed
1712 2180 1782 2219 ne
1830 2165 1913 2219 in-

330 2275 598 2343 juriosutn
646 2285 769 2325 esse
814 2268 1059 2322 videatur
1095 2264 1241 2335 quod
1290 2261 1515 2325 dicitur,
1566 2260 1913 2328 requiramus

333 2368 608 2440 quomodo
653 2366 703 2420 ei
759 2364 950 2419 damus
987 2377 1087 2417 nos
1132 2360 1276 2415 servi
1308 2358 1425 2426 ejus
1453 2355 1807 2411 habitationis
1832 2356 1911 2411 lo-

337 2474 481 2515 cuni.
517 2458 627 2526 Ego
653 2456 696 2509 si
732 2468 947 2525 possem
982 2454 1155 2509 bonus
1179 2451 1319 2516 ﬁeri,
1357 2451 1544 2504 darem
1569 2449 1745 2504 locum
1770 2449 1911 2505 Filio

340 2550 436 2605 Dei
467 2550 520 2602 in
559 2563 667 2613 me,
700 2557 755 2601 et
789 2555 1071 2615 acceptum
1110 2544 1287 2598 locum
1317 2557 1346 2595 ει
1380 2556 1466 2596 me
1500 2544 1551 2596 in
1583 2541 1762 2595 anima
1792 2555 1912 2595 mea

338 2643 598 2698 Dominus
660 2640 822 2697 Iesus
882 2638 1182 2694 aediﬁcaret
1230 2650 1376 2699 eum,
1427 2644 1483 2689 et
1516 2636 1831 2699 adornaret,
1860 2643 1913 2686 et

338 2735 544 2789 laceret
601 2734 653 2788 in
683 2748 747 2787 eo
800 2746 987 2786 muros
1021 2727 1491 2798 inexpugnabiles,
1515 2736 1569 2780 et
1594 2737 1777 2780 turres
1805 2739 1908 2780 ex-

337 2828 535 2889 celsas,
568 2837 623 2881 et
648 2825 943 2879 :ediﬁcaret
973 2823 1024 2876 in
1057 2836 1143 2876 me
1175 2821 1535 2883 mansionem,
1566 2818 1609 2872 si
1646 2832 1907 2884 mererer,

334 2913 550 2983 dignam
586 2932 647 2972 se
670 2923 725 2972 et
751 2915 924 2981 Patre,
954 2925 1009 2971 et
1033 2916 1103 2971 ita
1129 2916 1417 2973 adornaret
1442 2918 1675 2972 animam
1708 2934 1909 2985 meam,

333 3021 389 3065 et
427 3026 679 3081 capacem
718 3027 834 3067 eam
874 3027 985 3067 sua:
1022 3011 1302 3081 sapientiae
1339 3020 1394 3066 et
1430 3011 1699 3074 scientiae,
1743 3012 1910 3065 totius

331 3103 634 3159 sanctitatis
679 3103 952 3169 elﬁceret,
992 3105 1047 3158 in
1104 3114 1312 3158 tantum
1364 3113 1422 3158 ut
1467 3113 1523 3158 et
1560 3103 1721 3157 etiam
1763 3102 1909 3158 face-

332 3206 414 3249 ret
453 3196 623 3252 Deum
662 3196 874 3252 Patrem
916 3212 1098 3251 secum
1150 3198 1385 3260 intrare,
1428 3205 1481 3249 et
1534 3196 1587 3249 in
1626 3210 1689 3248 ea
1729 3194 1909 3252 facere

333 3290 697 3353 mansionem,
726 3297 780 3343 et
809 3300 1031 3343 ctenare
1081 3285 1248 3338 etiam
1290 3281 1430 3350 apud
1467 3281 1630 3334 talem
1672 3281 1908 3334 animam

334 3386 486 3440 cibos
517 3399 655 3451 quos
691 3384 809 3451 ipse
851 3382 1098 3436 donaret.
1128 3375 1280 3443 Quod
1312 3384 1368 3428 ut
1398 3373 1658 3444 consequi
1695 3388 1909 3428 merea-

334 3490 478 3541 mur,
512 3486 882 3543 praeparemus
914 3470 967 3524 in
1001 3469 1157 3523 nobis
1186 3481 1281 3521 cor
1308 3464 1568 3520 mundum
1593 3480 1701 3533 quo
1736 3464 1910 3518 liben-

336 3578 418 3622 ter
469 3580 523 3621 et
572 3575 727 3637 grate
779 3563 1040 3618 Dominus
1089 3560 1250 3615 Iesus
1281 3556 1396 3626 (Il)
1433 3557 1693 3610 mundum
1728 3557 1908 3611 cordis

333 3662 503 3716 nostri
580 3656 808 3711 introire
836 3655 1089 3725 dignetur
1115 3651 1409 3721 hospitium
1437 3663 1452 3702 :
1483 3649 1576 3703 cui
1608 3657 1695 3704 est
1731 3649 1904 3720 gloria

331 3770 386 3814 et
422 3758 707 3829 imperium
729 3756 781 3810 in
806 3751 1007 3809 saecula
1030 3750 1376 3806 saeculorum.
1409 3748 1602 3801 Amen.

881 3862 1160 3920 IIOMILIA
1202 3860 1369 3917 XXV.

330 3968 408 4023 De
449 3965 747 4020 civitatibus
775 3978 892 4033 qua:
922 3963 1062 4012 datae
1097 3968 1217 4012 sunt
1255 3955 1473 4020 Levitis,
1494 3965 1543 4011 et
1564 3955 1793 4010 sortibus
1817 3970 1905 4008 eo-

1058 4047 1198 4082 rum.

400 4130 452 4183 I.
495 4125 698 4184 Omnes
732 4124 828 4179 ﬁlii
875 4121 1041 4178 Israel
1091 4127 1425 4188 acceperunt
1474 4126 1653 4172 sortes
1694 4128 1903 4169 suasm

327 4230 496 4282 terra,
543 4217 749 4272 Levitis
805 4224 985 4268 autem
1032 4211 1087 4265 in
1149 4209 1470 4264 hatreditate
1514 4208 1663 4263 solus
1707 4206 1907 4263 suﬁieit

330 4314 488 4367 Deus.
520 4309 718 4363 Verum
744 4307 1001 4375 quoniam
1036 4302 1312 4371 accipiunt
1336 4301 1540 4357 Levitze
1570 4300 1810 4355 decimas
1842 4316 1906 4355 ac

327 4403 598 4475 primitias
628 4402 694 4455 de
730 4396 1000 4452 fructibus
1022 4408 1055 4448 α
1089 4393 1212 4448 ﬁliis
1240 4394 1405 4449 Israel
1446 4408 1539 4464 per
1573 4404 1902 4463 praeceptum

328 4495 565 4559 Domini,
594 4491 877 4563 oportebat
900 4504 997 4544 eos
1023 4489 1187 4543 etiam
1215 4487 1281 4540 de
1305 4497 1473 4551 terra,
1506 4496 1563 4539 ut
1595 4487 1667 4541 ita
1699 4489 1898 4549 dicam,

2019 602 2281 666 secunda,
2317 605 2383 656 de
2410 618 2541 671 qua,
2573 615 2734 672 prout
2756 605 3050 672 potuimus,
3078 602 3191 667 jam
3222 614 3348 656 ante
3384 614 3588 658 tracta-

2017 695 2193 748 vimus
2229 711 2242 746 :
2273 694 2369 748 sed
2409 705 2465 749 et
2505 696 2574 749 de
2615 695 2680 748 iis
2716 694 2805 764 qui
2852 710 2949 763 per
2979 695 3196 765 Moysen
3228 696 3363 749 ultra
3394 695 3592 752 Jorda-

2018 799 2140 839 nem
2176 794 2231 841 et
2263 786 2333 840 ab
2360 783 2489 840 Iesu
2527 787 2578 840 in
2636 797 2778 841 terra
2812 786 3086 853 accipiunt
3131 788 3594 856 repromissionis,

2016 877 2108 935 ubi
2143 877 2318 949 prima
2344 893 2465 933 sors
2493 879 2695 933 cecidit
2725 878 2789 933 ad
2820 878 3123 949 Benjamin,
3156 889 3211 935 et
3248 883 3591 948 postmodum

2017 969 2084 1024 ad
2108 978 2335 1025 caeteros
2385 970 2437 1024 in
2475 970 2675 1039 quibus
2700 969 2805 1025 fuit
2834 970 3054 1026 ultimus
3086 972 3196 1025 Dan
3228 988 3242 1026 :
3270 972 3343 1026 ita
3372 987 3596 1029 necesse

2016 1073 2098 1119 est
2125 1078 2247 1118 esse
2270 1073 2326 1117 et
2356 1063 2595 1132 aliquam
2627 1063 2891 1117 rationem
2921 1064 3084 1135 etiam
3111 1064 3165 1117 in
3197 1065 3387 1119 ordine
3415 1081 3597 1122 sacer-

2017 1156 2215 1209 dotalis
2242 1165 2295 1209 et
2332 1154 2593 1210 Leviticae
2616 1158 2809 1218 sortis,
2836 1164 2893 1208 ut
2924 1154 3016 1207 alii
3049 1156 3244 1224 prima,
3282 1157 3370 1211 alii
3397 1174 3595 1213 secun-

2017 1247 2109 1311 da,
2142 1247 2233 1300 alii
2284 1247 2441 1301 tertia
2494 1262 2612 1302 sors
2667 1248 2921 1309 ducatur,
2950 1262 3047 1316 per
3082 1262 3218 1317 quas
3248 1249 3357 1313 illa,
3388 1251 3469 1305 vel
3506 1251 3594 1305 illa

2017 1339 2134 1393 loca
2180 1340 2479 1409 unicuique
2521 1342 2909 1395 deccrnantur.
2952 1338 3221 1396 Dicuntur
3264 1353 3446 1397 autem
3498 1345 3594 1399 ﬁlii

2016 1446 2138 1486 esse
2173 1431 2324 1495 Levi,
2361 1431 2571 1487 Gerson
2602 1445 2659 1487 et
2692 1434 2865 1489 Chaat
2894 1445 2949 1490 et
2980 1434 3210 1489 Morari:
3238 1444 3294 1490 et
3342 1438 3587 1491 ostendi-

2019 1534 2107 1577 tur
2156 1526 2360 1595 primas
2397 1539 2578 1595 partes
2619 1527 2859 1581 tenuisse
2895 1527 2948 1582 in
2989 1529 3193 1582 honore
3239 1527 3433 1596 Chaat,
3465 1529 3593 1597 quia

2019 1616 2111 1672 lilii
2162 1620 2334 1672 Chaat
2371 1618 2835 1685 lueruntAmran,
2880 1620 3111 1692 Moyses,
3161 1622 3340 1675 Aaron
3392 1632 3446 1676 et
3478 1620 3593 1675 Ma-

2019 1713 2117 1765 ria.
2158 1712 2323 1781 Igitur
2357 1712 2421 1767 de
2454 1712 2626 1768 Chaat
2671 1729 2799 1784 pars
2829 1714 3048 1783 quidem
3098 1714 3269 1784 plebis
3290 1714 3479 1771 ell‘ecta
3512 1724 3597 1771 est

2016 1807 2397 1869 sacerdotalis,
2452 1822 2570 1876 qua:
2618 1817 2702 1861 est
2739 1808 2921 1862 Aaron
2974 1818 3029 1862 et
3077 1808 3167 1862 ﬁlii
3207 1808 3344 1875 ejus.
3382 1807 3600 1879 Moyses

2019 1908 2201 1953 auten:
2253 1909 2348 1953 aut
2392 1900 2445 1953 in
2498 1899 2826 1955 sacerdotali
2874 1900 3087 1966 ordine,
3116 1914 3212 1955 aut
3239 1904 3282 1955 si
3311 1902 3400 1970 qui
3429 1903 3595 1955 etiam

2019 1991 2135 2059 plus
2169 2008 2195 2044 a
2230 1992 2559 2047 sacerdotali
2612 2007 2733 2047 esse
2773 2005 2971 2060 potest,
3005 1993 3289 2048 habendus
3331 2003 3434 2048 est.
3475 1995 3595 2046 Alia

2019 2097 2147 2137 vero
2175 2094 2256 2139 est
2289 2085 2431 2138 ratio
2462 2086 2528 2139 de
2573 2082 2698 2137 ﬁliis
2741 2084 2876 2151 ejus.
2907 2086 3101 2142 Caneri
3140 2096 3319 2139 autem
3363 2102 3428 2139 ex
3474 2086 3599 2140 ﬁliis

2016 2174 2190 2229 Chaat
2220 2178 2514 2230 secundum
2558 2178 2809 2231 ordinem
2846 2187 3136 2233 tenuerunt
3171 2178 3224 2232 in
3267 2178 3408 2234 tribu
3444 2177 3595 2242 Levi,

2015 2269 2105 2337 qui
2139 2279 2265 2322 sunt
2288 2283 2356 2322 ex
2383 2270 2531 2324 lsaar
2564 2282 2619 2325 et
2635 2270 2888 2326 Chebron
2920 2281 2973 2325 et
3006 2270 3181 2326 Odiel.
3210 2269 3367 2325 Tunc
3395 2272 3598 2325 deinde

2020 2374 2136 2430 post
2160 2364 2260 2418 hos
2283 2365 2559 2433 accipiunt
2588 2376 2798 2435 partem
2832 2374 2953 2434 post
2989 2365 3185 2429 Cbaat,
3213 2380 3279 2420 ex
3308 2364 3437 2419 ﬁliis
3463 2363 3595 2419 Levi

2015 2454 2223 2510 Gerson
2275 2458 2437 2510 tertio
2474 2457 2610 2520 loco,
2653 2457 2985 2512 novissimus
3037 2472 3167 2511 vero
3200 2457 3444 2511 omnium
3487 2457 3597 2510 Ile-

2017 2548 2149 2601 rari.
2193 2547 2317 2602 Ilaec
2366 2558 2452 2602 est
2491 2559 2671 2603 autem
2703 2549 3010 2606 diﬁ'ereutia
3054 2549 3213 2620 primi
3258 2551 3492 2617 ordinis,
3538 2562 3595 2605 et

2020 2639 2241 2694 secundi
2288 2651 2344 2694 et
2379 2641 2522 2695 tertii
2556 2642 2637 2695 vel
2677 2640 2862 2710 quarti
2909 2656 3071 2709 quam
3130 2642 3308 2711 primo
3344 2643 3590 2696 omnium

2016 2732 2431 2787 observavimus
2456 2734 2509 2787 in
2545 2732 2817 2790 Numeris.
2846 2736 3035 2790 Postea
3076 2736 3220 2788 enim
3249 2750 3411 2805 quam
3444 2735 3597 2789 ordi-

2017 2834 2158 2880 nata:
2208 2825 2429 2882 fuerant
2472 2828 2756 2883 duodecim
2810 2829 2983 2884 tribus
3036 2845 3131 2899 per
3167 2839 3401 2898 quatuor
3438 2830 3594 2885 orbis

2018 2925 2180 2971 terra:
2210 2927 2396 2987 partes
2424 2918 2571 2973 circa
2605 2936 2791 2974 arcam
2828 2921 3137 2975 testamenti
3183 2920 3394 2975 Domini
3432 2937 3597 2975 excu-

2016 3007 2130 3063 bias
2170 3023 2353 3077 agere,
2388 3021 2444 3065 et
2474 3020 2689 3065 statutae
2713 3022 2843 3067 sunt
2889 3023 3000 3069 tres
3043 3015 3261 3083 quidem
3304 3016 3479 3070 tribus
3529 3020 3597 3069 ah

2015 3101 2250 3166 oriente,
2288 3111 2401 3157 tres
2425 3114 2602 3159 autem
2633 3106 2700 3158 ab
2722 3104 2910 3161 Africo
2933 3106 3015 3159 vel
3052 3122 3079 3160 a
3114 3107 3442 3170 meridiano,
3483 3120 3595 3164 tres

1939 3226 1984 3287 ο
2019 3202 2199 3248 autem
2236 3196 2303 3248 ad
2343 3211 2493 3250 mare
2521 3199 2664 3264 quod
2696 3207 2781 3251 est
2821 3201 2887 3251 ad
2923 3199 3287 3265 occidentem,
3322 3210 3433 3256 tres
3465 3217 3597 3257 vero

2018 3286 2086 3339 ad
2113 3286 2448 3355 aquilonem,
2482 3289 2573 3357 qui
2602 3298 2688 3342 est
2714 3293 3037 3359 septentrio,
3062 3290 3134 3344 ibi
3166 3294 3331 3345 etiam
3370 3293 3457 3347 isti
3500 3308 3596 3362 per

2013 3386 2246 3446 quatuor
2261 3381 2412 3434 orbis
2445 3390 2605 3435 terra:
2636 3392 2819 3452 partes
2866 3383 3055 3438 eodem
3095 3384 3289 3438 ordine
3321 3386 3591 3453 deputan-

2015 3478 2122 3525 tur.
2177 3469 2242 3524 Et
2276 3473 2344 3525 ab
2375 3472 2587 3527 oriente
2621 3474 2840 3542 quidem
2903 3476 2991 3530 ubi
3044 3486 3163 3530 erat
3219 3478 3392 3531 tribus
3424 3477 3590 3543 Iuda,

2012 3576 2133 3630 quae
2172 3571 2293 3616 erat
2340 3563 2484 3617 inter
2524 3576 2753 3619 caeteras
2796 3567 2990 3634 prima,
3031 3566 3213 3623 Aaron
3269 3579 3433 3638 atque
3470 3569 3590 3638 ejnn

2017 3654 2115 3709 lilii
2141 3653 2480 3708 collocantur
2507 3695 2518 3707 .
2548 3655 2724 3710 Cbaat
2749 3672 2879 3710 vero
2901 3658 3030 3713 ﬁliis
3055 3660 3146 3727 qui
3173 3670 3333 3714 erant
3369 3662 3589 3732 reliqui,

2014 3762 2196 3801 arcam
2257 3749 2562 3801 testamenti
2620 3747 2833 3803 Domini
2870 3750 3053 3806 levare
3112 3752 3164 3806 iu
3219 3754 3483 3818 humeris,
3535 3763 3592 3807 et

2013 3839 2157 3893 tubis
2180 3853 2382 3893 cauere
2421 3839 2707 3905 statuitur,
2753 3840 2825 3895 ita
2855 3852 2914 3894 ut
2962 3858 3086 3895 cum
3119 3842 3290 3912 prima
3339 3845 3464 3898 tuba
3500 3858 3589 3899 cc-

2008 3931 2258 3994 cinisset,
2290 3940 2570 3985 moverent
2611 3942 2791 3987 castra
2822 3933 2856 3986 ii
2888 3934 2983 4002 qui
3011 3944 3169 3988 erant
3212 3936 3284 3991 ab
3333 3937 3586 4001 oriente;

2013 4038 2139 4077 cum
2190 4037 2321 4076 vero
2365 4023 2605 4077 secunda
2638 4024 2952 4089 cecinisset,
2981 4026 3017 4080 ii
3050 4027 3142 4097 qui
3172 4038 3332 4082 erant
3364 4043 3393 4081 a
3428 4029 3591 4082 meri-

2011 4115 2173 4171 diano
2195 4127 2623 4187 consurgerent;
2664 4118 2823 4172 tertia
2854 4121 2922 4173 ab
2958 4121 3267 4185 occidente,
3295 4135 3485 4190 quarta
3518 4124 3588 4176 ab

2009 4208 2284 4278 aquilone.
2331 4210 2494 4265 Vides
2540 4219 2779 4278 quantus
2810 4213 2969 4280 ordo,
3002 4224 3052 4268 et
3102 4222 3305 4282 quanta
3350 4215 3401 4268 in
3438 4214 3589 4270 Scri-

2009 4303 2188 4370 pturis
2210 4304 2421 4358 sanctis
2456 4319 2635 4359 rerum
2657 4308 3043 4374 consequentia
3078 4308 3389 4362 custoditur
3414 4324 3586 4378 :quo-

2009 4394 2172 4449 modo
2205 4396 2337 4449 nihil
2368 4397 2469 4451 nisi
2497 4398 2659 4451 modo
2697 4409 2752 4452 et
2786 4399 2999 4452 ratione
3028 4412 3083 4454 et
3114 4400 3305 4455 ordine
3349 4403 3581 4471 geritur.

2008 4485 2225 4540 Intuere
2260 4485 2601 4555 diligentius,
2639 4500 2694 4542 et
2730 4488 2780 4543 in
2819 4491 2966 4543 omni
3017 4489 3297 4560 Scriptura
3351 4494 3463 4546 lucc
3510 4493 3604 4545 it:t~

327 4598 382 4643 et
404 4588 471 4642 de
504 4583 829 4640 habitaculis
861 4581 1102 4636 decimas
1127 4580 1397 4648 accipere,
1426 4577 1529 4631 hoc
1555 4588 1636 4630 est
1658 4578 1803 4630 enim
1830 4577 1898 4631 ab
1935 4564 1977 4619 υ
2010 4578 2257 4633 invenies
2299 4579 2579 4634 ordinata.
2615 4577 2720 4635 Sed
2759 4582 2803 4636 si
2842 4582 2938 4636 tibi
2973 4582 3188 4638 diﬁicile
3216 4594 3300 4639 est
3335 4601 3431 4655 per
3465 4602 3586 4639 om-

331 4675 580 4732 amnibus
603 4674 846 4729 decimas
874 4669 1177 4740 accepisse.
1203 4668 1271 4722 Et
1300 4668 1420 4722 ideo
1449 4668 1770 4722 accedentes
1791 4669 1900 4737 pri-

329 4769 483 4824 marii
537 4768 638 4822 viri
690 4766 781 4837 qui
829 4776 987 4821 erant
1038 4765 1091 4820 in
1141 4764 1268 4819 ﬁliis
1298 4762 1451 4828 Levi,
1476 4763 1543 4816 ad
1576 4761 1899 4817 Eleazarum

325 4860 687 4926 sacerdotem,
716 4867 770 4913 et
793 4858 859 4913 ad
888 4858 1072 4913 Iesum
1104 4858 1276 4912 lilium
1307 4856 1475 4919 Nave,
1506 4864 1561 4909 et
1596 4856 1661 4908 ad
1692 4855 1898 4923 princi-

322 4968 418 5022 pes
451 4953 684 5007 tribuum
716 4949 951 5006 ﬁliorum
983 4948 1179 5015 Israel,
1214 4950 1265 5002 in
1296 4948 1458 5004 Selon
1493 4948 1546 5002 in
1579 4957 1722 5002 terra
1755 4946 1902 5000 (Iba-

323 5059 486 5109 naan,
534 5043 890 5098 dixerunt“:
936 5059 955 5095 ι
989 5042 1251 5098 Dominus
1299 5041 1558 5110 praecepit
1615 5040 1668 5094 in
1733 5055 1893 5093 manu

320 5133 488 5205 Moysi
552 5135 667 5189 dari
733 5134 894 5189 nobis
932 5133 1186 5188 civitates
1236 5132 1303 5185 ad
1382 5130 1780 5195 habitandum,
1840 5140 1896 5183 et

2008 4682 2104 4724 nes
2131 4668 2300 4725 libros
2338 4670 2654 4739 vigilantem
2686 4674 2873 4730 cordis
2894 4675 3114 4729 oculum
3145 4676 3367 4742 ducere,
3404 4679 3455 4731 in
3485 4679 3587 4733 hoc

2005 4762 2199 4820 saltem
2236 4766 2360 4819 loco
2384 4764 2703 4833 diligentius
2738 4782 2858 4835 qua:
2886 4765 3203 4821 referuntur
3230 4772 3469 4826 adverte.

2075 4856 2131 4909 2.
2177 4875 2195 4908 ι
2222 4855 2427 4922 Prima,
2470 4857 2732 4927 inquit“,
2762 4873 2883 4913 sors
2926 4858 3064 4912 exiit
3107 4858 3300 4921 Chaat,
3337 4869 3391 4913 et
3436 4859 3579 4914 facta

2004 4957 2081 5002 εει
2127 4946 2252 5001 ﬁliis
2301 4947 2483 5001 Aaron
2549 4947 2852 5002 sacerdotis
2902 4948 2993 5016 qui
3043 4957 3161 5001 erat
3203 4948 3255 5000 in
3299 4946 3521 5004 Levitis.
3553 4969 3575 5003 ι

2005 5039 2173 5108 Cujus
2198 5040 2428 5110 primaut
2468 5050 2671 5095 sortem
2700 5039 2853 5093 exire
2885 5038 3150 5093 decebat?
3173 5041 3256 5093 cui
3290 5043 3583 5110 oportebat

2008 5133 2274 5200 primatus
2308 5132 2448 5198 dari,
2480 5132 2584 5185 nisi
2635 5132 2814 5184 Aaron
2863 5131 3039 5200 primo
3086 5131 3355 5199 pontiﬁci,
3398 5133 3577 5202 primo

321 5226 628 5281 suburbana
682 5241 873 5280 earum
926 5226 1255 5280 animalibus
1298 5224 1519 5278 nostris.
1541 5242 1560 5276 ι
1600 5221 1903 5292 Oportebat
2000 5225 2055 5278 in
2090 5224 2214 5276 vitae
2240 5222 2473 5288 meritis,
2510 5222 2685 5291 primo
2708 5221 2759 5273 in
2786 5220 3084 5275 honoribus
3108 5231 3162 5275 et
3187 5222 3580 5279 virtute?Cer-—

321 5320 484 5374 etiam
522 5319 589 5372 de
635 5320 965 5383 suburbanis
990 5327 1047 5373 et
1073 5319 1143 5373 de
1175 5317 1487 5372 civitatibus
1518 5325 1724 5370 sortem
1756 5315 1895 5379 ﬁeri,

320 5430 387 5470 ne
417 5412 584 5486 454
608 5412 750 5467 forte
779 5412 1079 5467 indiscrete
1128 5420 1186 5467 et
1234 5410 1461 5465 fortuitu
1503 5410 1646 5464 inter
1679 5408 1898 5464 Levitas

320 5506 596 5561 celebrata
646 5505 841 5559 divisio
896 5504 1198 5559 videretur.
1234 5503 1390 5557 Sicut
1420 5516 1552 5572 ergo
1580 5502 1895 5556 distributio

321 5601 485 5657 sortis
515 5614 635 5669 qua:
666 5598 810 5654 facta
842 5608 930 5653 est
961 5598 1013 5653 in
1042 5597 1168 5652 ﬁliis
1195 5595 1384 5662 Israel,
1408 5595 1599 5653 habuit
1623 5596 1890 5651 rationem

425 5707 468 5739 ”
499 5714 662 5770 Eccli.
691 5729 775 5780 ιιι,
807 5713 903 5769 20.
997 5714 1043 5746 δ’
1066 5713 1232 5771 Eccli.
1264 5729 1436 5781 usu,
1462 5716 1513 5768 Ι.

2002 5325 2112 5368 tum
2135 5323 2220 5367 est
2240 5310 2383 5382 apud
2412 5319 2466 5365 te
2502 5325 2644 5364 nunc
2674 5311 2869 5363 saltem
2902 5310 3042 5379 quod
3075 5325 3182 5365 non
3228 5312 3299 5366 sit
3322 5327 3442 5367 sors
3469 5313 3575 5368 ista

1998 5405 2241 5466 fortuita,
2288 5405 2381 5459 sed
2422 5402 2562 5457 adsit
2603 5403 2779 5457 virtus
2822 5416 3078 5472 superna,
3107 5404 3417 5474 gubernans
3446 5420 3573 5459 eam

1995 5498 2295 5555 secundum
2328 5497 2528 5552 divina:
2575 5493 2945 5564 providentiae
2970 5495 3255 5562 judicium.
3302 5496 3399 5553 Ubi
3441 5514 3575 5568 ergo

1996 5594 2122 5647 ﬁliis
2158 5590 2342 5645 Aaron
2372 5590 2545 5659 prima
2577 5587 2885 5644 habitacula
2912 5603 3032 5646 sors
3068 5589 3179 5645 haec
3204 5590 3352 5661 justa
3383 5594 3574 5649 decer-

1589 5713 1635 5744 ⁸⁸
1666 5711 1781 5770 Jos.
1812 5730 1924 5779 xxI,
1950 5712 2001 5768 2.
2081 5712 2126 5743 ⁸⁸
2156 5710 2286 5765 ibid.
2312 5709 2360 5765 4.

390 5847 498 5926 (ll)
533 5853 784 5911 Dominus
805 5854 985 5913 Iesus.
1020 5855 1183 5913 Deest
1212 5858 1265 5913 in
1301 5857 1432 5912 libb.
1464 5858 1640 5922 editis,
1668 5855 1759 5912 sed
1799 5857 1994 5928 legitur
2025 5857 2076 5911 in
2112 5854 2399 5925 Sangerm.
2438 5867 2541 5908 ms.
