4104 6226
576 369 678 422 913

2032 367 2351 426 OlllGENIS

3790 360 3924 418 ομ

577 479 688 532 uit?
726 499 743 529 ι
770 479 823 532 lu
871 480 1031 542 tribu,
1086 481 1258 548 inquit
1284 483 1348 545 ³³,
1376 482 1549 546 Judm,
1600 485 1650 537 in
1692 484 1831 537 tribu
1886 483 2137 544 Simeon,
2172 489 2213 541 Α
2243 481 2515 543 cerdotcs,
2554 480 2646 533 sed
2680 478 2821 533 inter
2859 488 3085 533 cmtcros
3116 479 3343 549 primam
3389 486 3581 533 tamen
3638 477 3917 545 accepit

573 581 628 621 et
679 571 727 621 iu
776 570 914 621 tribu
955 568 1258 638 Benjamiu,
1308 589 1403 642 per
1448 584 1622 629 sortes
1662 574 1915 629 civitates
1973 575 2143 629 trede-

574 665 703 715 cim.
729 679 746 711 ι
784 659 946 717 Vides
972 665 1242 733 quomodo
1271 664 1463 719 electis
1502 666 1632 719 viris
1666 665 1719 719 in
1760 666 1949 720 electis
1974 667 2145 720 tribu-

576 751 676 805 bus
708 751 1015 807 habitacula
1047 754 1449 822 dispensantur.
1499 754 1645 821 Quos
1678 765 1861 809 autem
1904 754 2145 821 oportuit

573 843 861 897 secundam
929 855 1131 899 sortem
1200 845 1511 914 suscipere?
1573 845 1805 909 «Filios,
1884 845 2141 913 inquit“,

571 932 765 997 Chaat,
795 935 884 1003 qui
920 935 1107 1004 reliqui
1135 944 1292 989 crant
1329 944 1448 1003 post
1473 935 1611 990 filios
1633 936 1836 989 Aaron.
1865 954 1883 987 ι
1912 934 1977 989 Ει
2008 950 2143 1004 quas

576 1020 747 1075 tribus
773 1024 858 1076 isti
884 1024 1191 1091 accipiunt?
1219 1022 1303 1075 «in
1334 1024 1500 1089 tribu,
1523 1024 1717 1094 inquit,
1737 1024 1997 1094 Ephrem,
2016 1035 2067 1077 et
2088 1025 2139 1079 in

574 1114 717 1167 tribu
754 1114 889 1178 Dan,
925 1123 979 1167 et
1030 1115 1080 1167 in
1118 1114 1340 1169 dimidia
1385 1117 1525 1171 tribu
1570 1116 1841 1182 Manasse,
1887 1118 2138 1174 civitates

573 1204 755 1257 decem
792 1219 887 1271 per
920 1213 1145 1258 sortem.
1171 1224 1190 1255 ι
1238 1207 1338 1273 Qui
1371 1217 1497 1263 sunt
1530 1218 1711 1263 autem
1749 1209 1937 1263 tertii?
1968 1226 1986 1259 ι
2017 1208 2139 1263 Filii

570 1294 845 1347 Ccrson.»
900 1293 967 1347 Et
1032 1294 1083 1347 in
1133 1297 1330 1365 quibus
1387 1298 1640 1353 tribubus
1695 1300 2041 1354 sortiuntur?
2087 1302 2138 1355 in

577 1382 883 1447 (Issachat‘,
919 1386 1178 1454 inquit",
1212 1397 1265 1441 et
1292 1389 1429 1443 Aser
1471 1398 1524 1442 et
1561 1389 1932 1458 Nephthalim,
1985 1403 2040 1446 et
2088 1393 2140 1445 in

574 1476 792 1529 dimidia
828 1479 972 1531 tribu
1030 1477 1299 1543 Mauasse,
1350 1495 1471 1549 qua:
1512 1492 1597 1535 cst
1631 1483 1684 1535 in
1718 1482 1916 1547 Basan,
1952 1482 2140 1537 itidem

573 1569 824 1621 civitates
858 1570 1139 1623 duodecim
1167 1570 1300 1640 (19.).
1328 1590 1345 1621 ι
1377 1572 1479 1636 Qui
1510 1584 1636 1626 sunt
1662 1583 1839 1627 autem
1872 1573 2045 1627 ultimi
2087 1575 2139 1628 in

570 1655 814 1710 Levitis?
856 1658 1037 1721 iFilii,
1083 1661 1276 1728 inquit,
1329 1659 1544 1714 Merari.
1570 1677 1593 1713 )
1632 1661 1721 1716 lsti
1768 1664 2048 1718 novissimi
2088 1666 2141 1718 in

571 1749 767 1817 quibus
820 1748 1091 1817 accipiant
1134 1752 1411 1815 tribubus,
1456 1754 1753 1807 videamus.
1804 1773 1821 1805 ‹
1851 1754 1925 1808 Ex
1971 1756 2137 1821 tribu,

574 1834 835 1902 inquit“,
874 1835 1061 1891 Ruben
1103 1846 1254 1892 trans
1304 1839 1593 1895 Iordanem
1632 1850 1686 1895 et
1718 1841 1852 1907 Gad,
1891 1844 1980 1913 qui
2027 1855 2143 1901 erat
2173 1826 2214 1881 Β

573 1940 694 1979 cum
742 1927 859 1995 ipso
887 1937 1037 1982 trans
1062 1928 1372 1995 Iordanem,
1405 1943 1458 1986 et
1484 1934 1549 1989 de
1586 1933 1726 1986 tribu
1756 1933 2019 2000 Zabulou,
2054 1937 2146 2005 qui

571 2026 627 2070 et
682 2018 794 2087 ipse
837 2018 1057 2073 ultimus
1090 2030 1170 2074 est
1221 2022 1359 2077 inter
1400 2024 1541 2078 filios
1596 2024 1723 2090 Lim,
1768 2025 2042 2094 accipiunt
2093 2026 2147 2081 in

572 2119 719 2163 sorte
749 2110 998 2165 civitates
1020 2112 1323 2167 duodecim.
1343 2142 1358 2167 ι

642 2200 695 2252 5.
741 2200 846 2255 Sed
879 2204 1116 2256 nondum
1140 2219 1201 2257 ea
1228 2221 1346 2273 quae
1375 2207 1546 2273 magis
1570 2208 1903 2264 observanda
1930 2218 2058 2266 sunt
2102 2209 2134 2259 ίι

572 2290 707 2346 locis
740 2294 1065 2363 contigimus
1092 2296 1204 2365 (l3)
1234 2312 1245 2346 :
1277 2297 1343 2352 de
1374 2300 1573 2367 quibus
1604 2301 1765 2354 etiam
1813 2302 1857 2356 si
1909 2304 2148 2372 pandere

568 2384 922 2452 profundiora
958 2402 1061 2439 non
1094 2403 1402 2455 possumus,
1430 2390 1621 2445 saltem
1666 2406 1879 2447 summa
1916 2408 2146 2464 quaeque

572 2475 946 2544 perstringere
998 2493 1104 2532 non
1157 2481 1357 2548 pigebit
1389 2482 1523 2552 (14),
1563 2492 1621 2536 ut
1666 2500 1731 2537 ex
1761 2485 1828 2539 iis
1861 2487 2147 2557 unusquis-

574 2579 680 2632 que
712 2568 1017 2621 auditorum
1048 2573 1390 2625 occasionem
1442 2574 1623 2642 capiat
1656 2574 2025 2644 intelligentiae
2068 2578 2145 2632 al-

574 2658 731 2713 tioris
754 2668 806 2714 et
830 2662 1069 2730 mystica:
1100 2664 1494 2732 perquirendm.
1537 2666 1671 2720 Cum
1706 2676 1939 2735 quatuor
1964 2679 2146 2738 partes

576 2751 683 2805 sint
716 2753 863 2807 orbis
902 2764 1083 2817 terrae,
1115 2755 1286 2809 Chaat
1314 2759 1526 2825 accepit
1555 2770 1757 2814 sortem
1810 2760 2018 2830 primus
2059 2762 2145 2816 in-

577 2852 661 2897 ter
713 2843 850 2898 filios
896 2843 1023 2898 Levi
1056 2861 1085 2899 a
1118 2860 1271 2916 parte
1316 2848 1546 2905 orientis
1593 2866 1714 2906 cum
1744 2851 1865 2918 illis
1901 2853 2146 2910 tribubus

572 2947 695 3002 qua:
728 2941 783 2986 et
823 2934 949 3001 ipsa:
997 2936 1289 3004 primatum
1327 2940 1571 2994 omnium
1612 2951 1817 2998 tenent.
1845 2943 1973 2999 Vide
2016 2960 2145 3016 ergo

575 3024 844 3090 quomodo
891 3025 1142 3080 universa
1194 3030 1541 3086 conveniunt.
1598 3030 1652 3085 In
1712 3043 1947 3102 quatuor
1998 3036 2147 3092 orbis

576 3116 823 3183 partibus
856 3127 1061 3172 certum
1094 3129 1177 3173 est
1218 3122 1539 3176 orientalem
1574 3125 1782 3193 plagam
1825 3126 2143 3184 nobiliorem

576 3208 769 3274 videri,
796 3209 845 3263 in
881 3225 985 3285 qua
1010 3220 1062 3263 et
1098 3211 1331 3265 nobilior
1358 3214 1597 3268 omnium
1633 3218 1965 3287 reliquarum
1995 3219 2145 3276 Juda‘.

567 3300 749 3356 tribus
781 3302 1081 3357 habebatur
1115 3321 1127 3354 :
1156 3313 1209 3358 et
1245 3304 1335 3357 filii
1371 3306 1542 3359 Chaat
1575 3310 1875 3365 sacerdotis
1914 3312 2141 3379 primam

574 3392 777 3446 ducunt
814 3393 865 3447 in
898 3394 1090 3462 primis
1119 3405 1175 3449 et
1208 3398 1454 3453 tribubus
1495 3408 1549 3454 et
1580 3402 1730 3456 orbis
1762 3404 2004 3472 partibus
2031 3407 2142 3476 (15)

570 3494 806 3549 sortem,
832 3500 956 3540 cum
996 3485 1207 3542 Gerson
1237 3498 1291 3544 et
1323 3489 1515 3544 Merari
1555 3493 1644 3561 qui
1677 3503 1832 3547 erant
1872 3496 2027 3563 primi
2060 3498 2143 3551 in-

578 3585 663 3628 ter
698 3575 837 3630 ﬁlios
885 3576 1032 3630 Levi.
1076 3577 1167 3633 Sic
1202 3594 1330 3649 ergo
1361 3590 1468 3635 tres
1504 3582 1599 3635 lilii
1648 3585 1805 3651 primi
1843 3584 1970 3638 Levi
2004 3588 2148 3642 acci-

567 3668 733 3737 piunt
755 3669 1097 3724 orientalem.
1131 3670 1480 3727 Occidentem
1512 3689 1641 3728 vero
1681 3676 1771 3729 ubi
1805 3687 1922 3731 erat
1954 3678 2142 3734 Ruben

564 3771 633 3814 -ει
661 3762 880 3817 Simeon
911 3773 963 3817 et
993 3762 1129 3827 Gad,
1171 3764 1401 3818 sortitur
1444 3768 1677 3821 secunda
1707 3778 1855 3824 sorte
1884 3770 2052 3825 Chant
2080 3788 2145 3827 ex

581 3852 725 3907 tribu
780 3853 1069 3909 Simeonis.
1107 3853 1298 3908 Merari
1330 3870 1457 3909 vero
1488 3857 1722 3924 primum
1769 3863 1997 3915 sortitur
2042 3862 2147 3915 llu-

578 3943 705 4009 bcn,
733 3954 786 3999 et
814 3946 1005 3998 iterum
1035 3944 1229 3998 Merari
1269 3948 1459 4001 tertius
1484 3947 1534 3999 in
1573 3948 1825 4004 Numeris
1852 3952 1919 4006 ab
1939 3952 2147 4008 oriente

566 4036 787 4103 accepit
838 4035 1101 4098 Zabulou,
1144 4045 1201 4088 ut
1243 4035 1450 4102 iustitia
1508 4050 1775 4105 servetur,
1823 4052 1878 4097 ut
1912 4054 2058 4100 sorte
2082 4061 2145 4100 ea

577 4138 699 4191 quae
756 4126 1050 4178 secundum
1094 4124 1378 4179 Dominum
1428 4126 1665 4192 ducitur,
1713 4140 1765 4185 et
1802 4135 2141 4189 credentium

580 4223 789 4269 mentes
837 4213 902 4267 ad
956 4213 1213 4282 mysleria
1247 4211 1411 4268 futuri
1442 4216 1625 4271 smculi
1662 4219 1861 4289 dirigat
1893 4233 2147 4278 contuen-

581 4306 669 4357 da.
724 4303 851 4359 Post
909 4303 1024 4357 ιιωο
1074 4316 1263 4357 eorum
1302 4304 1392 4373 (tui
1447 4306 1512 4359 ad
1561 4322 1710 4363 mare
1760 4321 1940 4377 erant,
1972 4313 2022 4367 id
2060 4324 2144 4369 est

574 4392 813 4462 Ephrem
868 4402 925 4447 et
1000 4392 1278 4459 Benjamin
1332 4404 1387 4449 et
1434 4395 1727 4465 Manasse,
1789 4400 1962 4455 Chaat
2023 4418 2143 4458 cum

580 4482 910 4550 suscepisset
957 4484 1197 4536 secunda
1283 4494 1431 4541 sorte
1481 4485 1782 4557 Benjamin,
1839 4493 2019 4546 caeteri
2076 4508 2141 4547 ex
2180 4510 2222 4564 ο

576 4572 785 4627 familia
839 4573 957 4642 ejus
1015 4573 1194 4626 sortiti
1248 4584 1377 4629 sunt
1432 4577 1688 4638 Ephrem.
1746 4580 1873 4637 Post
1917 4583 2022 4638 hoc
2053 4601 2146 4640 eos

579 4664 671 4733 qui
730 4671 889 4719 erant
948 4678 1013 4718 ex
1080 4664 1255 4717 media
1304 4665 1444 4720 tribu
1503 4667 1755 4724 Manasse
1785 4688 1905 4740 quae
1949 4673 2053 4728 fuit
2092 4676 2143 4729 in

573 4755 739 4831 455
779 4767 920 4812 terra
954 4765 1139 4812 sancta
1175 4756 1405 4811 sortitur
1438 4757 1672 4826 Gerson,
1707 4770 1761 4816 et
1791 4764 1997 4832 ,iterum
2036 4766 2150 4834 ipse

576 4852 791 4909 Gerson
828 4852 1060 4906 sortitur
1095 4851 1259 4905 etiam
1294 4848 1453 4904 aliam
1487 4852 1762 4905 dimidiam
1802 4853 2001 4907 tribum
2029 4855 2147 4909 Ma-

578 4956 757 4995 nasse.
798 4940 902 4994 Sed
929 4939 1053 5009 quia
1085 4940 1369 5007 oportebat
1404 4954 1497 4994 eos
1517 4940 1608 5009 qui
1636 4952 1792 4997 erant
1821 4943 1871 4997 in
1898 4944 2149 5013 aquilone

579 5033 781 5102 aliquid
833 5032 1189 5087 sacerdotalis
1238 5034 1424 5101 gratia:
1478 5035 1761 5104 consequi,
1814 5051 1884 5091 ne
1936 5039 2146 5106 penitus

577 5123 771 5179 nudari
803 5124 961 5177 donis
990 5122 1305 5178 ccelestibus
1334 5126 1670 5190 viderentur,
1706 5126 1757 5180 in
1805 5129 1870 5183 iis
1912 5144 2145 5198 quorum

577 5216 909 5273 novissimus
934 5216 1068 5269 ordo
1108 5224 1226 5269 erat
1266 5215 1318 5269 in
1351 5218 1621 5284 aquilone,
1672 5219 1722 5272 id
1754 5230 1837 5275 est
1878 5219 2011 5283 Dan,
2046 5220 2147 5276 Ne-

577 5307 864 5382 phtltalitn,
887 5308 1054 5361 Aser:
1090 5321 1305 5360 rursum
1323 5306 1494 5362 Chaat
1519 5324 1625 5362 non
1654 5310 1869 5378 quidem
1893 5311 2034 5365 inter
2056 5326 2144 5365 sa—

646 5432 693 5465 “
714 5425 829 5482 Jos.
872 5439 991 5489 XXI,
1031 5424 1084 5477 4.
1162 5425 1206 5455 “
1230 5424 1358 5480 ibid.
1390 5425 1444 5479 5.
1520 5425 1562 5457 "‘
1595 5426 1732 5480 ibid.
1759 5427 1812 5481 6.

646 5565 764 5633 (l2)
786 5563 973 5619 Codex
1007 5562 1314 5632 Sangerm.,
1356 5580 1374 5613 ι
1398 5561 1701 5621 duodecim.
1731 5586 1749 5619 ι
1783 5566 1936 5620 Libb.
1980 5567 2134 5629 editi,

586 5636 877 5687 idecetua
938 5633 1289 5701 Septuaginta
1340 5633 1666 5702 interpretes
1731 5637 1890 5690 hodie
1943 5638 2146 5691 habent

575 5703 874 5775 δεκαερεζς.

650 5770 771 5851 (15)
800 5771 977 5827 Codex
997 5770 1306 5841 Sangerm.,
1337 5792 1355 5826 ι
1379 5772 1720 5842 contigimus.
1748 5794 1765 5827 ι
1798 5774 1957 5830 Libb.
1991 5776 2143 5842 editi,

1902 5428 1947 5459 “
1973 5427 2103 5482 ibid.
2136 5428 2188 5480 7.

2246 584 2447 627 sortem
2500 574 2550 625 iu
2590 571 2724 635 Dan,
2775 572 3067 626 secundam
3111 587 3242 626 vero
3288 571 3498 627 Gersou
3548 571 3629 624 in
3712 569 3937 631 Aser.‘

2246 673 2299 717 et
2332 667 2546 717 tertiam
2575 663 2711 717 idem
2742 661 2947 718 Gerson
2981 663 3031 716 in
3065 662 3428 732 Nephthalim.

2315 755 2370 807 4.
2404 754 2534 820 Quis
2565 762 2740 822 potest
2766 755 2980 823 assequi
3017 754 3131 809 haec
3163 754 3339 809 omnia
3366 764 3421 808 et
3456 752 3905 822 compreheo

2246 845 2406 898 dere?
2431 844 2561 911 Quis
2592 845 2898 899 meminisse
2927 845 3116 898 saltem
3152 853 3208 899 et
3234 844 3528 899 observare
3577 843 3910 899 ordinem

2246 937 2420 1004 ipsum
2455 935 2879 989 ministeriorum
2912 934 3094 989 valet?
3140 933 3293 999 Quod
3318 933 3362 988 si
3397 936 3757 988 secundum
3804 933 3909 987 lit-

2247 1034 2415 1078 teram
2448 1025 2621 1079 solum
2652 1025 2872 1081 dillicile
2915 1034 3100 1080 textus
3144 1026 3257 1094 ipse
3288 1024 3647 1079 narrationis
3685 1024 3900 1093 expli-

2245 1118 2357 1171 cari
2392 1125 2587 1186 potest,
2619 1126 2671 1170 et
2703 1118 2983 1186 permistio
3014 1117 3095 1170 vel
3134 1116 3398 1179 locorum,
3445 1115 3533 1170 vel
3561 1129 3891 1185 persona-

2248 1224 2389 1275 rum,
2420 1224 2538 1277 qute
2570 1208 2623 1262 in
2663 1208 2883 1262 historia
2920 1208 3287 1270 continentur,
3314 1205 3490 1261 evolvi
3518 1224 3534 1271 ;
3586 1206 3755 1275 quid
3798 1206 3887 1257 die

2244 1298 2418 1352 cimus
2462 1299 2529 1351 de
2557 1298 2622 1351 iis
2652 1299 3030 1360 sacramentis,
3061 1312 3181 1367 quae
3226 1310 3320 1365 per
3354 1297 3473 1350 haec
3504 1297 3879 1352 describun-

2248 1400 2335 1442 tur
2384 1399 2437 1442 et
2486 1389 2539 1441 in
2576 1390 2773 1458 quibus
2804 1388 3218 1443 distributiones
3261 1385 3459 1440 futura:
3487 1386 3868 1441 hereditatis

2246 1481 2657 1542 adumbrantur,
2690 1492 2742 1534 et
2773 1495 2867 1549 per
2897 1494 3017 1549 qua:
3051 1488 3250 1534 sanctae
3283 1489 3441 1534 terra:
3470 1494 3646 1545 quam
3684 1492 3859 1531 man-

2245 1571 2382 1624 sueti
2434 1572 2750 1625 h:ereditate
2794 1571 3112 1639 suscipieut,
3170 1569 3364 1624 divisio
3416 1567 3844 1623 celebrabitur?

2247 1658 2377 1726 Quis
2422 1672 2725 1715 castrorum
2782 1661 2940 1715 sedes
2987 1660 3228 1714 diversas
3256 1657 3526 1727 explicet,
3550 1658 3826 1725 quomodo

2248 1751 2361 1806 lucc
2390 1752 2442 1806 in
2498 1751 2899 1806 resurrectione
2934 1765 3030 1819 per
3062 1748 3301 1819 singulos
3335 1764 3578 1817 quosque
3596 1758 3799 1800 sancto-

2248 1856 2365 1895 rum
2395 1841 2715 1897 sacerdotali
2737 1841 2820 1896 vel
2842 1841 3085 1896 Levitico
3112 1841 3304 1895 ordine
3331 1840 3587 1895 habenda
3612 1841 3672 1893 sit
3694 1838 3794 1891 dits-

2248 1930 2488 1997 tributio,
2522 1940 2598 1993 ut,
2639 1930 3086 1999 quemadmodum
3135 1928 3264 1983 dicit
3289 1928 3611 1996 Apostolus,
3653 1929 3704 1981 in
3730 1944 3811 1980 rc-

2247 2021 2581 2076 surrcctione
2610 2036 2716 2076 non
2748 2022 2971 2075 confuse
3001 2029 3231 2089 agantur
3261 2019 3465 2082 omnia,
3519 2020 3617 2073 sed
3648 2019 3831 2071 veniat

2250 2111 2661 2180 «unusquisque
2733 2110 2786 2164 in
2859 2122 2958 2163 suo
3020 2109 3232 2173 ordine,
3282 2108 3500 2161 initium
3556 2107 3831 2171 Christus,

2246 2203 2441 2257 deinde
2467 2202 2502 2257 ii
2532 2202 2623 2273 qui
2654 2210 2782 2257 sunt
2812 2200 3037 2265 Christi,
3070 2200 3159 2270 qui
3196 2200 3250 2253 in
3290 2200 3528 2253 adventu
3560 2201 3685 2262 eius
3711 2212 3835 2254 cre—

2247 2294 2517 2357 diderunt,
2546 2308 2669 2348 cum
2702 2293 2984 2349 tradiderit
3021 2307 3245 2361 regnum
3279 2292 3388 2346 Deo
3417 2304 3469 2345 et
3500 2290 3683 2356 Patri,
3713 2304 3835 2344 cum

2246 2383 2536 2451 subiecerit
2561 2384 2609 2438 ei
2633 2397 2845 2437 omnem
2868 2382 3253 2453 principatum,
3270 2390 3323 2436 et
3343 2391 3677 2451 potestatem
3702 2381 3749 2412 δ’
3768 2382 3789 2433 ?
3811 2398 3831 2430 ι

2246 2476 2323 2530 lbi
2366 2476 2487 2529 sine
2518 2474 2681 2529 dubio
2713 2473 2846 2529 tales
2876 2474 3120 2543 quaedam
3153 2481 3454 2527 castrorum
3494 2470 3841 2525 observatio-

2246 2581 2365 2630 nes,
2416 2574 2469 2620 et
2503 2565 2871 2620 sacerdotales
2904 2563 3333 2628 distributiones,
3381 2574 3436 2617 et
3465 2563 3728 2625 ordines,
3774 2576 3838 2615 ac

2248 2658 2496 2711 tubarum
2531 2656 2953 2725 significationes
2988 2664 3147 2709 erunt
3183 2674 3196 2709 :
3236 2654 3480 2709 fortassis
3508 2654 3664 2708 enim
3694 2656 3839 2708 sicut

2248 2748 2519 2803 ordinavit
2573 2748 2712 2802 Deus
2743 2747 2929 2803 stellas
2962 2747 3108 2811 caeli,
3160 2757 3215 2802 et
3248 2747 3551 2800 rationibus
3582 2761 3684 2800 eas
3716 2746 3835 2814 qui-

2247 2840 2473 2894 busdam
2507 2838 2768 2893 mirandis
2796 2848 2849 2893 et
2876 2837 3235 2893 inell'abilibus
3276 2836 3583 2901 collocavit,
3613 2845 3675 2890 ct
3702 2838 3836 2889 alias

2246 2931 2465 2999 quidem
2499 2929 2735 2999 ipsarum
2788 2930 2979 2985 statuit
3025 2930 3077 2983 in
3130 2944 3233 2984 axe
3264 2929 3558 2999 aquilonis,
3601 2929 3751 2983 alias
3782 2930 3832 2981 in

2250 3022 2491 3091 partibus
2520 3021 2766 3086 orientis,
2818 3021 2953 3076 alias
3000 3022 3212 3083 veroin
3245 3019 3468 3075 australi
3515 3029 3675 3089 parte
3706 3034 3834 3074 con-

2248 3127 2407 3176 vexa,
2458 3121 2620 3179 atque
2668 3111 2801 3165 alias
2854 3112 2906 3164 in
2962 3126 3159 3166 occasu
3206 3129 3218 3165 :
3267 3111 3337 3164 ita
3377 3110 3544 3164 credo
3594 3112 3747 3178 quod
3780 3118 3832 3162 et

2250 3219 2341 3258 eos
2358 3205 2448 3272 qui
2476 3218 2540 3257 ex
2562 3203 2956 3258 resurrectione
2983 3212 3314 3257 mortuorum
3346 3202 3478 3255 tales
3497 3213 3692 3266 erunt,
3724 3205 3828 3257 sic-

2251 3304 2312 3347 ut
2357 3294 2523 3347 stellae
2571 3293 2693 3349 cadi
2741 3293 2793 3347 in
2844 3292 3187 3346 multitudine
3220 3300 3275 3346 et
3310 3292 3578 3356 claritate,
3613 3294 3831 3346 venien-

2251 3396 2330 3442 tes
2356 3388 2566 3442 scilicet
2613 3400 2678 3441 ex
2711 3386 2919 3440 semine
2949 3385 3241 3448 Abraham,
3284 3384 3559 3439 ordinabit
3592 3385 3746 3439 Deus
3781 3386 3831 3437 in

2252 3493 2417 3548 regno
2456 3478 2739 3543 caelorum,
2790 3476 3086 3532 secundum
3136 3476 3383 3531 ordinem
3436 3475 3730 3530 stellarum
3783 3485 3835 3532 et

2250 3571 2482 3638 partium
2520 3570 2640 3625 caali
2679 3584 2692 3622 :
2730 3578 2784 3624 et
2816 3568 2963 3623 dabit
3012 3568 3133 3622 aliis
3165 3577 3367 3622 sortem
3413 3569 3479 3621 ad
3528 3568 3832 3633 orientem,

2249 3662 2368 3714 aliis
2393 3663 2458 3715 ad
2493 3662 2853 3722 occidentem,
2895 3659 2960 3712 ad
2996 3668 3240 3713 austrum
3275 3659 3423 3723 aliis,
3454 3668 3504 3711 et
3536 3674 3679 3727 quos
3719 3662 3834 3727 ipse

2251 3751 2399 3806 novit
2421 3761 2623 3806 statuet
2650 3752 2715 3804 ad
2743 3749 3052 3820 aquilonem
3078 3764 3093 3803 :
3118 3750 3371 3818 quoniam
3399 3749 3615 3818 quidem
3649 3766 3671 3799 ι
3705 3750 3835 3801 mul-

2252 3843 2287 3895 ti
2320 3843 2539 3896 venient
2564 3842 2631 3895 ab
2665 3843 2877 3897 oriente
2910 3850 2963 3897 et
2991 3842 3289 3907 occidente,
3316 3859 3333 3891 ι
3374 3857 3437 3895 ex
3474 3852 3719 3910 quatuor
3748 3858 3835 3895 or-

2252 3933 2331 3985 bis
2361 3933 2622 4001 partibus,
2670 3953 2687 3984 ‹
2715 3942 2768 3989 et
2802 3933 3115 3988 recumbent
3145 3948 3263 3985 cum
3293 3932 3563 3985 Abraham
3596 3941 3649 3985 et
3678 3932 3835 3987 Isaac

2249 4035 2299 4079 et
2328 4023 2494 4079 Jacob
2523 4024 2574 4078 in
2605 4040 2769 4095 regno
2800 4026 3059 4081 caelorum
3084 4027 3153 4090 ”,
3178 4043 3193 4075 ι
3228 4040 3322 4093 per
3350 4026 3583 4097 gratiam
3611 4024 3831 4081 Domini

2250 4115 2416 4169 nostri
2466 4115 2588 4169 Jesu
2635 4117 2862 4183 Christi,
2924 4118 3010 4172 cui
3046 4128 3129 4173 est
3175 4118 3342 4187 gloria
3372 4118 3748 4193 ctimperium
3781 4121 3832 4173 in

2249 4207 2449 4260 s:ecula
2487 4206 2826 4261 smculorum.
2868 4208 3058 4263 Amen.

2782 4320 3055 4378 HOMILIA
3088 4322 3275 4377 XXVI.

2252 4415 2327 4469 De
2376 4431 2433 4469 eo
2467 4416 2604 4484 quod
2644 4416 2856 4482 sepulta:
2900 4428 3019 4471 sunt
3065 4419 3283 4481 peti-inre
3332 4420 3633 4479 hinchwrw,
3676 4429 3728 4471 et
3766 4420 3830 4471 de

2322 4501 2417 4537 ora
2459 4502 2613 4554 quam
2645 4496 3018 4558 exstruxerunt
3046 4490 3164 4542 dua:
3195 4497 3243 4542 et
3289 4488 3444 4541 semis
3476 4491 3670 4554 tribus,
3708 4504 3830 4558 qui:

2320 4564 2437 4607 sunt
2467 4569 2610 4607 trans
2642 4554 2948 4611 Iordanem.

2321 4664 2372 4716 1.
2407 4663 2459 4731 lu
2513 4663 2884 4731 superioribus
2934 4664 3149 4733 quidem
3182 4665 3384 4720 dictum
3419 4676 3522 4732 est,
3554 4668 3685 4736 quia
3732 4666 3824 4720 filii

2251 4750 2415 4806 lsrael
2442 4753 2704 4807 dederunt
2754 4764 2955 4808 sortem
2986 4752 3115 4809 Jesu
3166 4754 3220 4810 in
3257 4766 3439 4811 monte
3471 4758 3734 4828 Ephrem,
3773 4770 3827 4814 et

2252 4844 2375 4912 quia
2413 4854 2632 4912 accepta
2674 4854 2823 4899 sorte
2852 4842 3008 4901 Iesus
3036 4846 3385 4903 aediﬁcaverit
3412 4850 3482 4903 ibi
3520 4850 3822 4915 civitatem,

2251 4947 2306 4992 et
2340 4938 2724 4993 inltabitaverit
2758 4938 2809 4991 in
2858 4952 2940 4991 ea.
3001 4936 3152 4994 Nunc
3198 4949 3377 4994 autem
3406 4942 3597 4996 eadem
3646 4943 3825 4996 denuo

2259 5036 2450 5105 repetit
2478 5035 2778 5105 Scriptura,
2806 5046 2865 5091 ut
2892 5036 3053 5091 addat
3077 5038 3179 5091 hoc
3209 5038 3351 5105 quod
3392 5034 3693 5089 machatras
3732 5050 3825 5104 pe-

2258 5126 2447 5190 trinas,
2502 5127 2553 5181 id
2604 5138 2684 5183 est
2732 5129 2933 5183 cultros
2979 5142 3010 5183 e
3053 5143 3186 5193 saxo
3230 5128 3429 5197 quibus
3478 5127 3823 5181 circumcidit

2251 5217 2407 5273 Jcsus
2438 5218 2575 5273 lilios
2598 5218 2761 5273 lsrael
2790 5220 2842 5273 in
2879 5234 3081 5284 eremo,
3117 5219 3484 5274 recondiderit
3517 5220 3568 5272 in
3597 5232 3660 5271 ea
3689 5218 3823 5271 civi-

2256 5317 2363 5362 tate
2395 5324 2552 5375 quam
2600 5310 2980 5375 aedificaverat,
3014 5320 3066 5366 et
3095 5312 3147 5365 in
3188 5324 3291 5379 qua
3324 5310 3628 5365 habitabat.
3673 5299 3824 5363 Unde

2271 5426 2309 5454 ³⁷
2350 5425 2369 5479 l
2398 5424 2521 5479 Cor.
2552 5440 2642 5492 xv,
2674 5426 2765 5493 25,
2793 5426 2883 5481 24.
2958 5427 3000 5458 ⁸⁸
3028 5425 3221 5479 Matth.
3256 5440 3370 5490 vm,
3416 5426 3499 5479 ll.

2252 5580 2269 5613 ι
2296 5566 2676 5619 contingimus.
2704 5584 2721 5616 ι

2325 5630 2434 5705 (lli)
2468 5629 2598 5690 Cod.
2632 5638 2936 5705 Sangerm.,
2967 5650 2984 5683 ι
3006 5631 3227 5702 pigebit.
3251 5650 3269 5683 ι
3307 5630 3465 5688 Libb.
3494 5636 3651 5696 editi,
3702 5646 3720 5677 ε
3756 5629 3833 5701 pg-

2290 5712 2396 5756 eat.

2254 5716 2285 5770 Β
2333 5725 2443 5845 (15’)
2468 5774 2613 5831 Unus
2638 5770 2994 5836 Ebroiccnsis,
3026 5786 3043 5820 ι
3064 5784 3126 5825 ex
3150 5769 3319 5825 tribus
3342 5771 3491 5826 orbis
3518 5773 3823 5841 partibus»,
