4104 6226
404 281 516 338 955

1414 279 1477 334 ΙΝ
1520 278 1779 335 LIBRUM
1807 277 1973 335 JESU
2017 277 2203 332 NAVE
2242 276 2525 334 llOMlLlA
2557 278 2743 333 XXVI.

3566 282 3671 337 946

410 399 593 453 denuo
624 405 679 453 et
708 394 871 452 nobis
896 395 1184 466 repetenda
1215 396 1481 467 espositio
1514 404 1616 461 est,
1642 405 1696 450 et
1722 396 1862 465 quod
1894 393 1991 448 ad-
2017 398 2063 455 Λ
2093 395 2221 463 petit
2246 395 2403 450 Jesus
2434 396 2545 466 (2|)
2595 405 2649 451 et
2701 394 2937 464 accepit;
2982 396 3033 450 iu
3088 398 3204 453 loco
3244 414 3404 468 quem
3436 402 3675 469 possidet

408 490 612 561 iectum
662 497 745 543 est
776 487 1200 557 eiplanandum,
1252 497 1312 542 ut
1359 490 1467 543 Deo
1514 488 1749 541 donante
1800 500 1995 540 sensus

412 579 715 650 Scriptura:
743 580 951 649 integer
970 580 1273 649 expleatur.
1312 579 1557 634 Diximus
1580 578 1724 633 enim
1754 579 1808 632 in
1836 594 1995 648 supe-

412 670 677 737 rioribus,
732 670 860 740 quia
910 681 968 724 et
999 671 1258 726 Dominus
1309 679 1493 725 noster
1540 668 1699 725 Jesus
1743 668 1993 722 Christus

415 762 535 830 (l6)
569 770 714 831 petat
748 777 778 816 a
813 762 968 817 nobis
1016 762 1195 818 locum
1227 777 1389 834 quem
1420 762 1674 827 :editicet,
1706 769 1760 816 et
1796 760 1849 815 in
1887 775 1995 831 quo

418 853 625 907 habitet
658 875 670 910 :
720 863 777 909 et
812 854 937 923 quia
970 853 1234 909 debemus
1283 854 1418 909 tales
1463 852 1620 916 eﬂici,
1670 863 1777 906 tam
1809 852 1994 905 mundi

422 943 607 1009 corde,
644 952 751 999 tam
782 943 1054 1013 simplices
1104 952 1306 1009 mente,
1341 952 1448 997 tam
1480 944 1652 997 sancti
1687 956 1913 1011 corpore
1942 951 1997 997 et

417 1034 638 1098 Spiritu,
667 1044 722 1089 ut
753 1042 809 1088 et
841 1036 891 1088 in
924 1035 1099 1089 anima
1132 1044 1379 1090 nostrum
1416 1034 1591 1088 locum
1629 1034 1878 1104 dignetur
1906 1047 1996 1087 ac-

420 1124 630 1190 cipere,
660 1134 716 1179 et
741 1123 1011 1179 aedificare
1041 1136 1187 1188 eum,
1217 1134 1274 1180 et
1301 1124 1545 1179 habitare
1571 1124 1623 1177 in
1659 1137 1724 1177 eo
1753 1122 1885 1190 (17).
1931 1121 1998 1177 Ει

423 1213 516 1282 qui
544 1223 703 1283 putas
736 1224 867 1270 sunt
896 1218 947 1268 in
976 1216 1121 1269 omni
1149 1216 1349 1285 popqu
1378 1218 1450 1269 ita
1485 1213 1840 1283 acccptabiles
1866 1212 1995 1277 Deo,

428 1303 525 1373 qui
559 1306 623 1358 ad
654 1306 758 1360 hoc
808 1305 933 1372 eligi
982 1306 1125 1375 digni
1160 1308 1321 1361 sunt?
1361 1308 1465 1360 Aut
1497 1307 1635 1359 forte
1670 1319 1773 1358 nec
1802 1302 1996 1372 singuli

429 1397 497 1449 ad
531 1397 633 1451 hoc
665 1410 897 1466 capaces
931 1410 1055 1451 esse
1100 1407 1347 1466 possunt,
1381 1396 1473 1451 sed
1512 1394 1798 1449 universus
1833 1408 1998 1463 popu-

422 1485 508 1541 lus
536 1496 591 1542 et
613 1497 812 1543 cuncta
858 1487 1019 1542 simul
1051 1486 1288 1542 Ecclesia
1320 1487 1409 1541 vix
1458 1501 1627 1556 capax
1658 1499 1777 1540 esse
1802 1493 1997 1553 potest,

421 1586 482 1631 ut
518 1579 742 1649 recipiat
772 1579 825 1633 in
857 1594 919 1635 se
947 1579 1233 1633 Dominum
1260 1578 1467 1643 Jesum,
1498 1589 1553 1633 et
1581 1578 1791 1632 habitet
1817 1578 1868 1631 iu
1897 1577 2000 1631 ea?

425 1666 717 1721 Videamus
742 1681 873 1737 ergo
918 1669 1041 1735 quis
1068 1669 1139 1721 sit
1183 1668 1285 1721 iste
1317 1668 1488 1729 locus,
1536 1668 1588 1721 in
1619 1682 1727 1736 quo
1751 1667 1996 1721 habitare

424 1759 582 1814 debet
611 1757 768 1813 Iesus
802 1776 814 1811 :
854 1776 873 1808 ‹
900 1758 954 1811 In
989 1767 1197 1819 monte,
1248 1758 1423 1827 inquit
1448 1758 1515 1823 ",
1550 1756 1809 1826 Ephrem,
1835 1776 1852 1808 ι
1900 1758 2001 1813 hoc
2036 1747 2076 1801 Β

390 1840 510 1905 est
558 1850 611 1903 in
666 1859 847 1902 tnonte
886 1848 1187 1901 fructifera.
1232 1848 1334 1915 Qui
1386 1859 1543 1916 putas
1584 1856 1711 1901 sunt
1765 1849 1816 1900 in
1849 1848 2005 1903 nobis

428 1948 641 1995 montes
674 1938 940 1992 fructiferi
977 1940 1027 1993 in
1061 1938 1259 2008 quibus
1295 1939 1503 1992 habitet
1531 1938 1729 1993 Jesus?
1768 1937 1843 1992 illi
1879 1954 2003 2007 pro-

428 2031 569 2085 fecto
595 2030 645 2084 in
680 2030 878 2099 quibus
901 2037 1027 2083 sunt
1055 2028 1265 2083 fructus
1298 2028 1543 2097 spiritus,
1573 2027 1849 2097 gaudium,
1879 2043 2002 2095 pax,

427 2122 714 2191 patientia,
746 2121 1009 2183 charitas,
1040 2131 1150 2174 etc.
1187 2118 1279 2173 isti
1324 2134 1457 2189 ergo
1487 2127 1613 2173 sunt
1645 2127 1856 2173 montes
1892 2118 2005 2171 fru-

427 2213 632 2279 ctiferi,
684 2214 775 2282 qui
811 2211 1045 2265 fructum
1090 2209 1291 2265 Christi
1342 2210 1593 2273 afferunt,
1646 2221 1701 2263 et
1737 2220 1915 2263 mente
1943 2222 2006 2263 ac

427 2315 526 2370 spe
550 2316 767 2371 semper
792 2299 991 2353 excelsi
1023 2309 1169 2353 sunt.
1212 2298 1276 2353 Et
1317 2299 1439 2353 licet
1470 2299 1621 2367 pauci
1654 2313 1773 2352 esse
1800 2299 2005 2368 possint

430 2392 588 2456 tales,
627 2400 805 2444 tamen
856 2393 901 2444 si
930 2390 1015 2445 vel
1064 2390 1219 2459 pauci
1253 2388 1475 2454 fuerint,
1504 2390 1557 2443 in
1590 2390 1724 2457 ipsis
1755 2390 2003 2443 habitans

434 2482 695 2536 Dominus
724 2483 883 2545 Deus,
921 2484 1010 2551 qui
1046 2496 1125 2535 eSt
1153 2482 1241 2534 lux
1267 2495 1417 2545 vera,
1447 2480 1659 2534 emittet
1688 2479 1801 2550 (t8)
1828 2480 2005 2533 radios

433 2571 569 2627 lucis
602 2585 713 2626 sua
746 2572 907 2626 etiam
944 2587 1107 2641 super
1156 2571 1391 2637 reliquos
1437 2585 1649 2634 omnes,
1700 2585 1837 2639 quos
1865 2584 2003 2622 non-

431 2664 559 2717 dum
588 2662 781 2731 dignos
813 2660 925 2733 (19)
959 2677 1057 2717 suo
1089 2660 1400 2716 habitaculo
1443 2659 1815 2731 principaliter
1860 2658 2004 2727 judi-

435 2752 597 2807 caril.

500 2845 560 2899 2.
593 2842 745 2899 Nunc
779 2852 959 2897 autem
988 2844 1265 2898 videamus
1294 2856 1413 2913 qute
1447 2849 1573 2896 sunt
1604 2840 1884 2895 machaerae
1914 2853 2004 2909 pe-

436 2933 614 3001 trinae,
674 2934 869 3003 quibus
924 2932 1266 2987 circumcidit
1310 2929 1467 2987 Jesus
1514 2929 1655 2985 filios
1705 2928 1889 2983 Israel.
1948 2930 2003 2984 Si

435 3027 604 3083 oretis
636 3042 733 3096 pro
763 3028 920 3081 nobis
968 3035 1026 3079 ut
1054 3039 1235 3079 sermo
1270 3034 1455 3079 noster
1488 3022 1672 3077 vivens
1707 3021 1777 3077 sit
1805 3031 1861 3077 et
1889 3021 1995 3077 elli-

435 3118 641 3182 cacior,
693 3126 748 3172 ct
780 3118 993 3173 acutior
1021 3130 1185 3185 super
1228 3129 1443 3169 omnem
1493 3114 1839 3178 machaeram,
1874 3126 2010 3182 pra:-

436 3209 603 3263 stabit
635 3218 688 3263 et
724 3208 881 3263 nobis
910 3208 1170 3262 Dominus
1193 3205 1373 3271 Jesus,
1410 3214 1467 3258 ut
1490 3205 1713 3259 verbum
1744 3203 1839 3258 Dei
1868 3201 2013 3271 quod

438 3298 713 3367 loquimur
745 3298 857 3367 (20)
890 3297 955 3351 ad
987 3313 1106 3364 vos,
1139 3296 1492 3351 circumcidat
1531 3310 1744 3349 onmem
1773 3294 2011 3349 immun-

439 3388 650 3452 ditiam,
680 3398 887 3442 resecet
908 3386 1270 3456 impuritatcs,
1295 3385 1578 3441 abscindat
1607 3387 1735 3439 vitia
1764 3385 1830 3440 de
1857 3384 2012 3438 audi-

443 3478 669 3542 toribus,
725 3486 779 3532 et
807 3486 1043 3547 amputet
1069 3492 1227 3531 onme
1258 3492 1368 3545 quo
1409 3478 1492 3530 vis
1520 3477 1715 3531 mentis
1748 3485 1801 3531 et
1831 3474 2013 3530 eﬂica-

438 3572 521 3626 cia
554 3568 817 3624 naturalis
847 3568 1120 3638 obtegitur
1145 3586 1158 3621 :
1185 3578 1238 3622 et
1266 3569 1343 3622 sic
1368 3581 1462 3637 per
1492 3568 1716 3621 verbum
1748 3566 1842 3622 Dei
1872 3567 2016 3637 quod

441 3678 585 3719 nunc
620 3663 884 3717 machaera
912 3661 1119 3729 petrina
1150 3659 1366 3723 dicitur,
1393 3656 1559 3730 556
1588 3656 2015 3713 circumcidcmi-

442 3755 496 3809 ui
532 3765 587 3810 et
617 3768 711 3808 vos
762 3752 830 3808 ab
856 3750 984 3807 Jesu
1034 3760 1087 3805 et
1120 3750 1374 3812 audietis,
1401 3752 1525 3819 quia
1556 3749 1779 3805 abstulit
1812 3766 2012 3820 oppro-

442 3844 618 3899 brium
650 3841 869 3913 Aigypti
898 3855 927 3895 a
962 3841 1112 3895 vobis
1146 3840 1325 3895 hodie.
1365 3840 1502 3906 Quid
1526 3840 1669 3893 enim
1697 3840 1850 3895 nobis
1886 3855 2011 3909 pro-

441 3934 562 3989 dest
612 3934 792 3989 exisse
864 3932 932 3988 de
982 3932 1234 4003 Egypto,
1297 3940 1352 3985 ct
1396 3932 1674 3985 nobiscum
1726 3931 2011 4000 opprobria

444 4024 662 4095 Egypti
697 4024 1092 4079 circumferre?
1148 4021 1286 4091 Quid
1336 4024 1557 4091 prodest
1606 4024 1888 4077 ambulare
1918 4038 2014 4093 per

440 4129 706 4181 eremum,
754 4115 858 4169 hoc
887 4125 995 4180 est,
1026 4113 1156 4182 quid
1192 4127 1291 4167 nos
1328 4112 1481 4180 juvat
1515 4113 1567 4166 in
1614 4112 1878 4183 baptismo
1915 4129 2014 4168 sa:-

441 4208 562 4264 culo
611 4206 968 4271 renuntiasse,
1021 4214 1077 4259 et
1131 4219 1343 4258 morum
1395 4213 1705 4260 nostrorum
1757 4206 2013 4275 pristinas

443 4297 638 4352 sordes
668 4310 733 4350 ac
762 4295 1011 4350 vitiorum
1057 4293 1357 4349 carnalium
1400 4294 1773 4349 iunnunditias
1808 4296 2011 4351 retine-

2103 486 2154 539 in
2180 486 2534 554 auimajusti,
2570 488 2622 541 in
2655 488 2771 557 ipso
2800 490 3042 545 recondit
3074 502 3125 543 et
3163 494 3482 546 machazras.
3516 492 3672 563 Satpe

2101 578 2440 632 ostendimus
2493 579 2819 635 machaeram
2874 582 3097 635 verbum
3150 583 3243 636 Dei
3294 585 3520 647 dictum,
3571 601 3676 652 quo

2102 668 2269 721 verbo
2295 668 2691 722 abscinduntur
2720 679 2772 723 et
2807 680 3103 739 purgantur
3133 681 3351 737 peccata
3387 670 3453 723 de
3480 672 3677 724 animis

2102 756 2456 811 audientium.
2485 757 2624 812 Haec
2671 773 2804 827 ergo
2839 758 3013 812 virtus
3044 759 3194 814 verbi
3231 761 3394 813 divini
3432 764 3678 815 recondi-

2102 857 2191 903 tur
2222 848 2274 902 in
2308 862 2373 902 eo
2424 846 2543 903 loco
2569 849 2655 903 cui
2688 850 2845 903 datur
2896 865 3073 905 sermo
3106 852 3349 907 scientia:
3399 862 3451 907 et
3498 870 3678 909 sermo
3709 836 3741 861 'I

2102 940 2403 1009 sapientia},
2442 950 2500 994 ut
2531 950 2839 1010 opportuno
2895 952 3137 1012 tempore
3186 947 3365 999 anima
3416 946 3503 1001 illa
3555 945 3729 1018 qun-'2

2102 1047 2197 1102 per
2248 1034 2451 1086 donum
2504 1033 2733 1103 spiritus
2786 1034 2988 1103 repleta
3038 1045 3123 1089 est
3160 1040 3326 1092 verbo
3375 1041 3675 1107 sapientiae,

2102 1123 2267 1176 verbo
2316 1123 2581 1188 scientias,
2630 1125 2873 1193 proferat
2901 1126 3033 1180 istas
3065 1129 3364 1184 machaeras
3410 1132 3461 1184 in
3495 1132 3677 1186 Eccle-

2103 1213 2206 1277 sia,
2240 1224 2295 1268 et
2348 1214 2709 1268 circumcidat
2758 1218 2996 1271 secundo
3024 1218 3136 1290 (22)
3184 1234 3277 1273 eos
3323 1223 3411 1289 qui
3441 1225 3675 1277 secunda

2106 1306 2355 1375 indigent
2390 1307 2829 1362 circumcisione.
2873 1307 3025 1373 Quod
3072 1322 3249 1364 autem
3281 1312 3411 1365 dicit
3440 1316 3679 1381 petriuas

2105 1398 2426 1461 machaeras,
2463 1398 2563 1452 hoc
2592 1408 2696 1463 cst,
2749 1414 2778 1451 e
2806 1414 2936 1452 saxo
2977 1400 3200 1465 cultros,
3240 1413 3291 1455 et
3329 1420 3432 1455 non
3474 1421 3503 1458 e
3538 1404 3681 1459 ferro

2105 1485 2328 1541 artificis
2353 1502 2523 1555 opera
2586 1488 2878 1543 fabricatos
2914 1505 2928 1543 :
2965 1491 3093 1544 illud
3119 1495 3356 1547 ostendit
3386 1496 3527 1563 quod
3562 1512 3680 1549 ser-

2106 1593 2194 1633 mo
2226 1577 2314 1631 bic
2346 1577 2436 1630 Dei
2468 1577 2559 1646 qui
2595 1579 2990 1635 circumcidere
3021 1582 3087 1635 de
3124 1583 3320 1637 animis
3368 1585 3677 1639 auditorum

2107 1667 2479 1723 immunditias
2524 1677 2723 1736 potest,
2770 1681 2992 1725 nonest
3035 1687 3104 1726 cx
3150 1684 3271 1728 arte
3322 1682 3677 1743 grammatica

2107 1761 2189 1815 vel
2222 1761 2492 1815 rhetorica
2525 1761 2771 1827 veniens,
2806 1780 2978 1831 neque
3006 1768 3286 1822 doctorum
3314 1772 3521 1825 malleis
3550 1777 3681 1828 edo—

2108 1850 2291 1913 mitus,
2323 1861 2416 1905 aut
2449 1852 2752 1905 studiorum
2814 1855 3098 1911 incudibus
3138 1859 3389 1915 elimatus
3416 1864 3552 1932 (:25),
3586 1865 3680 1918 sed

2106 1958 2170 1997 ex
2201 1943 2287 1996 illa
2323 1950 2472 2012 petra
2507 1942 2867 2011 descendens,
2913 1962 3031 2015 quae
3063 1948 3127 2002 de
3156 1962 3335 2006 monte
3363 1955 3479 2007 sine
3509 1958 3683 2009 maui-

2106 2036 2209 2089 bus
2235 2035 2477 2090 abscissa
2512 2046 2617 2099 est,
2650 2047 2703 2088 ct
2750 2042 2938 2091 orbem
2975 2050 3133 2094 terrae
3163 2045 3474 2111 complevit,
3497 2063 3561 2100 ac
3591 2050 3683 2101 do-

2108 2142 2173 2179 na
2217 2126 2483 2194 spiritalia
2537 2124 2886 2182 credentibus
2930 2130 3137 2184 tribuit.
3198 2133 3329 2188 Post
3378 2136 3493 2190 lucc
3524 2136 3684 2194 Jesus

2106 2230 2375 2275 convocat
2424 2219 2563 2275 filios
2598 2220 2783 2275 Ruben
2837 2230 2893 2274 et
2949 2223 3087 2278 filios
3114 2224 3249 2292 Gad,
3301 2238 3357 2281 ct
3403 2230 3681 2286 dimidiam

2109 2312 2311 2366 tribum
2343 2312 2618 2378 Manassc,
2663 2316 2754 2385 qui
2786 2329 2972 2369 secum
3004 2315 3373 2372 militaverunt
3401 2323 3466 2374 ad
3498 2324 3685 2379 hastes

2108 2401 2437 2459 lsraeliticos
2465 2406 2803 2474 superandos
2836 2419 2850 2457 :
2890 2415 2944 2459 et
2973 2405 3195 2461 dimittit
3234 2424 3328 2463 eos
3354 2411 3419 2463 ad
3450 2412 3681 2468 haeredi-

2108 2502 2271 2548 tatem
2304 2510 2486 2562 suam,
2523 2497 2666 2552 datis
2712 2497 2778 2553 iis
2802 2498 2966 2552 etiam
2996 2499 3309 2554 muneribus
3335 2502 3681 2572 quibusdam,

2106 2586 2245 2640 sicut
2284 2589 2543 2657 scriptum
2590 2596 2691 2642 est.
2758 2588 2813 2642 in
2858 2604 2964 2657 quo
3010 2590 3219 2644 videtur
3267 2592 3397 2647 illud
3443 2593 3685 2651 iudicate

2107 2679 2451 2748 mysterium,
2504 2680 2646 2747 quod
2682 2694 2805 2734 cum
2862 2679 3140 2747 plenitudo
3179 2684 3419 2750 gentium
3467 2686 3693 2742 introie—

2110 2770 2197 2833 rit,
2234 2780 2288 2824 et
2318 2786 2438 2838 qua:
2469 2771 2795 2839 rcpromissa
2824 2780 2950 2824 sunt
2977 2773 3056 2827 eis
3084 2789 3113 2826 a
3146 2775 3372 2829 Domino
3400 2774 3527 2830 Jesu
3558 2793 3686 2846 perv-

2108 2862 2353 2930 ceperiut
2397 2860 2471 2915 illi
2524 2863 2617 2932 qui
2671 2879 2771 2933 per
2806 2863 3024 2937 Moysen
3072 2867 3271 2922 eruditi
3326 2878 3383 2921 et
3430 2868 3685 2926 instructi

2109 2955 2346 3020 fuerant,
2398 2965 2453 3009 el.
2485 2956 2578 3024 qui
2628 2954 2784 3009 nobis
2822 2955 2874 3010 in
2915 2960 3210 3013 certamine
3256 2961 3445 3028 positis
3485 2961 3686 3016 auxilia

2039 3074 2087 3136 α
2117 3045 2458 3102 orationibus
2491 3057 2547 3102 et
2596 3047 2847 3118 precibus
2890 3048 3220 3116 detulerunt,
3275 3051 3396 3119 quia
3450 3053 3686 3107 noadum

2117 3143 2564 3213 repromissioues
2634 3143 2913 3197 consecuti
2978 3154 3125 3211 sunt,
3192 3156 3568 3215 exspectantes
3630 3154 3689 3199 ut

2115 3235 2280 3289 etiam
2310 3235 2520 3289 vacatio
2561 3247 2741 3291 nostra
2790 3236 3180 3305 complcrctur,
3214 3240 3354 3291 sicut
3385 3239 3517 3291 dicit
3542 3238 3687 3306 Apo-

2117 3328 2286 3381 stolus
2307 3329 2374 3392 5°,
2410 3344 2551 3384 nunc
2580 3330 2797 3384 demum
2838 3330 3221 3400 perfectionem
3262 3346 3379 3399 quae
3407 3331 3473 3383 ab
3500 3330 3578 3383 eis
3608 3331 3690 3382 di-

2118 3418 2223 3473 lata
2273 3418 2472 3485 fuerat,
2545 3432 2954 3491 consequantur
3015 3438 3137 3477 cum
3196 3404 3511 3476 muneribus
3566 3438 3689 3491 qua:

2116 3514 2391 3581 accipiunt
2418 3514 2487 3568 ab
2513 3512 2663 3580 Jesu,
2693 3526 2751 3569 ut
2798 3517 3176 3587 unusquisque
3208 3515 3418 3569 habitet
3450 3516 3502 3568 in
3534 3530 3686 3582 pace,

2115 3605 2261 3659 omni
2296 3604 2436 3661 bello
2472 3616 2636 3675 atque
2665 3609 2811 3662 omni
2847 3608 3254 3678 impugnatioue
3289 3616 3556 3663 cessante.

2187 3732 2241 3787 5.
2286 3733 2413 3788 Post
2445 3735 2558 3790 hmc
2602 3736 2798 3791 lcctmn
2832 3746 2916 3791 est
2949 3736 3126 3800 nobis,
3169 3736 3292 3805 quia
3340 3734 3431 3789 filii
3469 3734 3687 3799 Ruben,

2115 3833 2171 3878 et
2195 3823 2288 3878 filii
2326 3824 2465 3889 Gad,
2495 3836 2552 3880 et
2604 3827 2827 3881 dimidia
2875 3827 3053 3883 tribus
3102 3826 3351 3881 Mauasse
3394 3827 3483 3895 qui
3530 3837 3688 3881 erant

2117 3926 2266 3972 trans
2290 3916 2605 3985 Jordauem,
2642 3918 3003 3975 :edificassent
3040 3933 3193 3972 aram
3235 3920 3504 3987 ingentem
3539 3937 3551 3972 :
3590 3919 3685 3971 filii

2115 4022 2244 4063 vero
2260 4009 2423 4065 lsrael
2457 4009 2645 4080 reliqui
2673 4010 3007 4079 ignorantes,
3037 4025 3206 4079 quare
3238 4010 3353 4063 lucc
3373 4025 3463 4061 ara
3499 4008 3690 4063 fuisset

2115 4114 2414 4169 exstructa,
2430 4100 2909 4157 mittuntPhineem
2927 4100 3090 4155 filium
3112 4102 3299 4155 Eleaza
3311 4102 3351 4155 ri
3373 4101 3464 4155 filii
3486 4104 3687 4165 Aaron,

2117 4214 2240 4253 cum
2268 4197 2457 4251 decem
2484 4193 2622 4248 viris
2672 4193 2737 4247 de
2783 4192 3294 4262 singulistribulms
3344 4192 3538 4245 electis
3581 4209 3595 4245 :
3640 4193 3685 4246 si

2117 4290 2259 4345 forte
2288 4297 2541 4354 tanquam
2574 4284 2919 4338 discedentes
2952 4299 2981 4336 a
3015 4282 3123 4337 Deo
3154 4283 3254 4337 hoc
3289 4283 3568 4345 fecissent,
3600 4285 3685 4338 vel

448 4388 547 4442 re?
576 4385 804 4456 Oportet
836 4402 967 4456 ergo
1016 4396 1137 4455 post
1179 4386 1570 4454 digressionem
1602 4383 1769 4440 Rubri
1822 4388 2009 4453 maris,
2046 4412 2089 4467 ο
2120 4378 2401 4450 apostatici
2435 4375 2616 4431 effecti
2651 4374 2787 4443 (24),
2816 4382 2870 4428 et
2897 4382 3093 4429 contra
3129 4374 3439 4467 mandatum
3478 4375 3568 4467 Dei
3599 4391 3691 4443 ge-

447 4474 501 4529 id
529 4484 630 4535 est,
661 4484 777 4541 post
808 4476 1037 4543 gratiam
1062 4473 1335 4541 baptismi,
1368 4473 1571 4529 auferri
1602 4489 1631 4527 a
1669 4476 1823 4531 nobis
1849 4476 2011 4531 etiam

449 4570 686 4625 carnalia
710 4569 909 4624 veteris
940 4568 1345 4623 consuetudinis
1369 4568 1493 4621 vitia
1524 4583 1619 4637 per
1650 4566 1832 4622 Jesum
1860 4569 2015 4623 Chri-

444 4667 587 4717 stum
621 4660 903 4714 Dominum
941 4670 1201 4723 nostrum,
1234 4667 1290 4711 ut
1337 4658 1406 4711 ita
1435 4658 1647 4713 demum
1678 4658 2018 4729 Egyptiacis

446 4765 634 4807 carere
686 4751 959 4821 possimus
1005 4751 1331 4819 opprobriis.
1397 4750 1683 4803 Ponuntur
1730 4766 1861 4821 ergo
1912 4753 2016 4807 illae

448 4843 578 4913 ipsa:
609 4843 893 4897 machaera:
942 4842 1184 4910 petrince,
1240 4849 1293 4894 ct
1339 4841 1497 4894 cultri
1547 4841 1761 4910 lapidci,
1814 4844 2014 4912 quibus

445 4934 684 4989 secundo
710 4933 1018 4987 circumcisi
1048 4948 1236 4988 sumus
1266 4933 1333 4987 ab
1361 4930 1510 4998 Jesu,
1544 4931 1595 4986 in
1621 4947 1686 4988 eo
1709 4932 1827 4988 loco
1849 4950 2008 5004 quem

502 5023 686 5079 “Jos.
760 5040 876 5089 xu,
925 5022 1013 5079 50.
1089 5024 1136 5058 '°
1182 5023 1345 5079 llebr.
1393 5041 1450 5080 ιι.

515 5118 628 5187 (16)
660 5118 928 5173 Christus.
961 5119 1121 5173 Deest
1145 5118 1198 5172 in
1231 5118 1360 5173 libb.
1393 5129 1553 5175 antea
1585 5120 1767 5186 editis,
1805 5122 1899 5176 sed
1930 5121 2008 5177 Ie-

444 5188 589 5258 gitur
614 5192 800 5258 inms.
829 5188 1114 5258 Sangerm.

516 5258 629 5325 (l7)
658 5257 862 5312 Omnes
892 5257 1021 5313 mss.
1058 5276 1077 5310 ι
1125 5257 1393 5312 mdificarc
1432 5267 1633 5313 cumet
1678 5259 1926 5314 habitare
1959 5262 2011 5314 in

444 5342 530 5383 eo.
565 5346 584 5381 ι
612 5327 769 5383 Libb.
803 5328 964 5395 editi,
998 5344 1017 5379 (
1049 5327 1321 5382 tedificare
1373 5328 1517 5381 illam
1561 5338 1615 5383 et
1664 5330 1909 5385 habitare
1959 5332 2011 5383 iu

442 5412 627 5547 ea21.,8)
663 5466 860 5547 tioch
906 5465 1193 5537 Sangcrm.
1239 5484 1258 5518 ι
1295 5468 1526 5527 emittet.
1572 5486 1589 5519 ι
1647 5467 1803 5522 Libb.
1845 5468 2007 5533 editi,

449 5554 471 5590 ι
498 5546 1232 5680 Ἦέὶιῗδιιζιιοξιιιειιιυδρι-ἱριὶ
1260 5626 1279 5661 (
1312 5607 1550 5665 nondum
1579 5607 1789 5679 dignos.
1818 5626 1836 5660 ι
1858 5606 1993 5661 Libb

445 5678 601 5748 editi,
632 5697 652 5734 ι
688 5694 795 5735 non
834 5677 1046 5747 dignos.
1078 5694 1097 5728 ι

2125 4481 2326 4537 rentes,
2356 4478 2806 4538 expugnarentur
2841 4482 2870 4520 a
2907 4467 3138 4535 reliquis
3192 4467 3317 4521 filiis
3362 4466 3566 4531 lsrael;
3607 4468 3717 4521 sin.

2121 4562 2304 4627 aliter,
2341 4568 3074 4631 utcognosccrentcausam.
3133 4559 3239 4612 Alii
3284 4574 3415 4613 vero
3469 4560 3692 4612 satisfa-

2119 4655 2269 4709 ciunt
2301 4652 2368 4707 de
2393 4666 2509 4717 ara,
2534 4660 2589 4705 et
2613 4652 2798 4703 dicunt
2833 4667 2847 4703 :
2929 4650 3142 4706 Scimus
3158 4652 3284 4721 quia
3309 4653 3477 4705 altare
3505 4668 3688 4706 verum

2119 4755 2202 4801 est
2236 4747 2374 4815 apud
2406 4759 2526 4807 vos,
2557 4742 2643 4796 ubi
2677 4739 2835 4795 Jesns
2863 4742 3099 4805 habitat;
3138 4758 3234 4795 nos
3258 4753 3437 4794 autem
3464 4743 3691 4796 fecimus

2120 4840 2225 4895 hoc
2266 4839 2435 4892 altare
2451 4838 2517 4891 ad
2542 4836 2953 4889 similitudinem
2982 4833 3124 4885 illius
3145 4832 3357 4895 altaris,
3385 4832 3528 4899 quod
3550 4832 3688 4898 apud

2122 4947 2219 4989 vos
2247 4938 2583 4986 exstructum
2616 4936 2719 4994 est,
2754 4935 2894 4980 utet
2930 4926 3068 4994 apud
3103 4939 3199 4977 nos
3237 4924 3404 4992 figura
3436 4932 3490 4976 et
3513 4924 3688 4991 imago

2201 5118 2314 5188 (‘20)
2346 5116 2546 5174 Omnes
2591 5129 2720 5168 mss.
2756 5133 2773 5164 ι
2806 5112 3098 5166 loouimur.
3132 5132 3150 5165 ι
3184 5110 3340 5165 Libb.
3369 5110 3520 5175 editi,
3552 5127 3573 5162 ι
3608 5110 3689 5164 lo-

2194 5192 2318 5243 itur.
2365 5206 2383 5239 ι

2116 5206 2509 5329 qugé‘igdzws.
2554 5254 2711 5329 Deest
2742 5253 2802 5329 _in
2861 5251 2991 5308 libb.
3022 5250 3207 5316 editis,
3245 5250 3339 5304 sed
3382 5248 3582 5319 legitur
3627 5250 3685 5305 in

2116 5324 2371 5385 omnibus
2402 5324 2804 5391 manuscriptis.

2189 5395 2300 5466 (2‘2)
2334 5394 2456 5466 Mss.
2492 5412 2510 5442 ι
2534 5388 2795 5466 secundo.
2826 5412 2844 5443 ι
2874 5390 3036 5466 Libb.
3067 5389 3226 5466 editi,
3258 5406 3275 5439 t
3309 5388 3627 5466 secundum.
3660 5406 3681 5442 ι

2209 5460 2297 5532 :25)
2324 5464 2499 5517 Codex
2531 5462 2815 5529 Sattgerm.
2856 5481 2873 5509 ι
2909 5470 3001 5512 aut
3027 5460 3401 5532 historicorum
3431 5460 3684 5532 cordibus

2123 5529 2394 5589 cliiua'tus.
2423 5552 2443 5583 ι
2477 5532 2626 5586 Unus
2659 5531 3004 5586 libroiccnsis
3037 5547 3055 5579 ι
3090 5538 3183 5582 aut
3223 5529 3523 5583 studiorum
3550 5530 3680 5583 coti-

2126 5609 2242 5660 bus.
2277 5622 2295 5653 ι

2211 5674 2320 5743 (2i)
2342 5670 2490 5728 Unus
2518 5673 2682 5729 codex
2720 5670 2935 5726 libroic.
2977 5689 2996 5722 ι
3026 5669 3107 5725 vel
3147 5676 3410 5739 apostata:
3434 5666 3629 5726 effecti.
3661 5684 3680 5718 ι
