4058 6244
376 157 477 214 9n
1786 152 1876 208 ex
1914 149 2214 209 ORIGENE
3680 131 3844 189 9‘8

381 275 493 330 veri
545 273 739 326 altaris
789 272 1073 335 habeatur,
1133 286 1199 324 ne
1243 272 1382 324 forte
1434 271 1698 334 crastino,
1760 269 1951 337 inquit,
1984 269 2029 324 Α
2057 274 2112 320 et
2144 264 2451 319 intercessit
2492 262 2699 320 medius
2742 265 2883 320 inter
2926 266 3221 322 morientes
3263 274 3320 319 et
3376 259 3698 316 vivos,
3766 252 3841 302 Μ

384 366 597 435 placeat
632 364 785 417 vobis
820 364 1024 427 dicere,
1074 362 1201 432 quia
1250 361 1504 416 Jordanis
1563 364 1824 417 finitimus
1870 372 1953 416 est
2053 364 2138 409 est
2165 354 2309 409 inlcr
2337 369 2431 409 COS
2460 355 2553 424 qui
2580 370 2644 409 ex
2680 353 2881 410 ludatis
2930 371 3082 409 suam
3116 359 3569 426 pwscnliam
3642 354 3829 399 5"“

385 460 530 512 inter
574 473 672 510 nos
714 466 768 509 et
813 472 928 517 vos,
965 465 1017 508 et
1057 455 1171 522 ipse
1206 456 1534 509 determinat
1580 465 1635 509 et
1687 455 1807 508 ideo
1846 470 1951 507 non
2056 456 2337 516 ceperunt,
2365 457 2420 503 et
2459 448 2603 502 inter
2633 463 2727 502 eos
2755 448 2845 516 qui
2886 463 2992 501 non
3021 448 3198 503 solum
3237 464 3343 503 non
3384 450 3840 505 suscepe-

383 549 599 602 babetis
633 550 941 616 portionem
994 547 1048 600 in
1104 547 1262 600 altari
1307 558 1517 601 nostro.
1601 546 1724 601 llrec
1757 546 1831 599 illi
1869 562 1954 599 re-
2058 552 2203 606 runt,
2240 542 2332 595 sed
2356 539 2678 609 semetipsos
2706 540 2879 608 magis
2898 554 3061 607 quam
3092 539 3243 593 illum
3282 536 3827 595 occiderunt.

382 653 575 706 sponsa
604 640 887 691 miserunt.
923 638 1028 691 Sed
1054 638 1333 691 videamus
1358 653 1454 691 nos
1476 637 1605 707 quid
1642 636 1766 691 facti
1791 636 1952 702 hujus
2056 633 2299 686 dicentes
2332 647 2346 683 :
2385 648 2406 682 ι
2442 631 2676 700 Sanguis
2711 630 2860 683 illius
2887 645 3048 698 super
3078 645 3177 684 nos
3214 641 3264 683 et
3296 643 3539 699 super
3596 622 3837 679 ﬁlios

380 728 658 781 contineat
708 736 1134 783 sacramentum.
1200 726 1363 779 Prior
1405 726 1632 795 pepulns
1664 726 1952 779 circumci-
2054 734 2270 779 nostros
2303 724 2370 777 ".
2408 741 2426 774 ι
2474 722 2629 777 Unde
2668 732 2724 777 et
2762 740 2781 772 ι
2835 723 3012 776 omnis
3052 722 3274 791 sanguis
3308 722 3593 788 jussus
3666 716 3822 786 qui

378 822 619 876 sionisin
648 820 837 875 Ruben
862 820 955 889 qui
983 820 1157 872 fuerat
1177 818 1588 888 primogenitus,
1610 818 1946 886 designatur;
2054 814 2264 871 eil'usus
2290 824 2375 869 est
2400 830 2561 884 super
2597 822 2797 867 terram
2824 829 2852 865 a
2882 812 3145 881 sanguine
3182 812 3317 867 Abel
3354 811 3573 882 justi
3668 822 3822 862 us-

296 956 299 959 .
379 914 473 965 sed
497 924 549 967 et
582 914 635 965 in
668 912 804 973 Gud,
830 912 919 981 qui
948 920 1003 964 et
1043 912 1154 978 ipse
1182 910 1573 981 primogenitus
1595 920 1678 963 est
1717 924 1780 963 ex
1829 908 1946 977 Lia,
2052 923 2160 977 que
2186 908 2254 962 ad
2290 906 2606 975 sanguinem
2628 904 2906 958 Zachariae
2934 904 3025 957 lilii
3058 902 3361 970 Barachize,
3408 918 3699 972 quem
3768 918 3804 951 ι

306 1016 309 1071 ρ
378 1014 431 1056 ct
477 1003 723 1058 Manasse
751 1002 1107 1055 nihilominus
1133 1002 1550 1071 primogenitus.
1586 1000 1738 1066 Quod
1766 1012 1945 1055 autem
2051 1000 2374 1053 occiderunt
2422 1018 2440 1047 ι
2479 1000 2621 1051 inter
2661 998 2829 1049 aedem
2876 996 3150 1061 cyaltare
3197 997 3266 1059 ",
3319 998 3801 1067 requis-clul-

342 1094 499 1148 .dico
534 1094 945 1163 primogettilos,
974 1092 1272 1147 secundum
1319 1102 1533 1164 tempus
1565 1093 1774 1162 loquor.
1824 1094 1949 1148 Hcce
2051 1109 2080 1145 a
2160 1093 2514 1162 generatione
2558 1109 2578 1142 ι
2637 1090 2727 1143 illa
2785 1106 2910 1158 qua:
2936 1089 3075 1143 dixit
3116 1102 3129 1136 :
3171 1106 3191 1138 ι
3230 1088 3506 1151 Sanguis
3596 1086 3789 1156 eius

299 1197 306 1207 '
378 1201 509 1256 ergo
534 1187 810 1247 dicuntur,
843 1199 909 1237 ne
937 1184 1079 1239 inter
1119 1200 1217 1240 nos
1236 1198 1289 1240 et
1318 1186 1437 1241 illos
1460 1187 1551 1255 qui
1579 1196 1704 1242 ante
1740 1186 1938 1241 adven-
2047 1184 2208 1256 457
2238 1198 2399 1252 super
2431 1197 2528 1237 nos
2554 1191 2609 1237 et
2638 1197 2798 1250 super
2827 1181 2964 1235 lilios
2992 1188 3231 1235 nostros.
3266 1200 3288 1231 ι
3326 1180 3497 1235 διιιιι
3540 1194 3768 1249 ergo

381 1288 491 1327 tum
523 1275 722 1329 Christi
756 1274 1365 1343 fucruntjusli,divisio
1389 1278 1568 1347 aliqua
1585 1294 1646 1332 ac
1674 1278 1948 1347 separatio
2050 1278 2135 1330 isti
2186 1290 2312 1345 pars
2368 1273 2547 1344 populi
2590 1275 2783 1327 mortui
2829 1270 2980 1341 (25),
3012 1270 3136 1339 quia
3188 1284 3370 1338 neque
3413 1286 3752 1342 azyma,

375 1366 653 1418 videretur
683 1384 696 1419 :
722 1367 813 1419 sed
861 1378 917 1421 nt
950 1367 1299 1422 ostenderent
1344 1384 1402 1423 se
1441 1369 1655 1423 etiamsi
1692 1381 1815 1424 ante
1850 1372 1947 1423 ad-

376 1458 815 1511 ventnmChristi
857 1459 1094 1527 fuerant,
1127 1460 1322 1515 fratres
1358 1472 1535 1515 tamen
1565 1472 1779 1515 nostros
1803 1476 1942 1515 esse.

2050 1381 2225 1436 neque
2276 1365 2389 1420 dies
2424 1364 2591 1419 festos
2624 1372 2994 1432 competenter
3021 1368 3210 1429 agunt,
3256 1361 3355 1415 sed
3388 1362 3741 1416 conversi

2048 1466 2173 1512 sunt
2210 1457 2327 1512 dies
2358 1456 2480 1511 festi
2535 1470 2720 1511 eorum
2752 1456 2805 1509 in
2836 1453 3061 1519 luctum,
3094 1463 3153 1505 et
3189 1453 3410 1507 cantica
3445 1468 3711 1509 eorum

380 1544 530 1598 Liet-t
554 1546 698 1599 enim
745 1548 1040 1603 habuerint
1082 1550 1253 1605 altare
1292 1561 1420 1605 tunc
1470 1562 1596 1605 ante
1649 1553 1941 1607 adventum

378 1630 678 1684 Salvatoris
728 1634 921 1697 nostri,
970 1634 1215 1687 sciebant
1264 1645 1442 1690 tamen
1496 1646 1549 1690 et
1613 1639 1941 1703 sentiebant,

378 1723 503 1787 quia
550 1739 653 1776 non
692 1737 837 1779 esset
874 1725 998 1778 illud
1023 1727 1193 1780 altare
1235 1743 1441 1791 verum,
1489 1729 1582 1783 sed
1613 1732 1735 1799 quia
1772 1730 1945 1787 forma

380 1825 433 1864 ct
466 1816 631 1883 lignra
668 1826 784 1869 erat
809 1815 973 1869 futuri
1006 1828 1057 1870 et
1097 1819 1210 1872 veri
1246 1818 1404 1886 hujus
1432 1818 1644 1875 altaris.
1671 1819 1947 1890 Noverant

378 1903 453 1956 illi
488 1905 621 1968 haec,
666 1908 788 1975 quia
821 1923 956 1961 verae
985 1909 1195 1976 llt)Sll:l‘,
1226 1920 1278 1963 et
1305 1925 1425 1979 qua‘
1468 1921 1690 1979 possent
1730 1913 1947 1971 auferre

383 2008 622 2063 pereata,
654 2016 759 2053 non
798 2001 851 2053 in
881 2000 971 2055 illo
997 2001 1152 2055 altari
1182 2001 1569 2066 olferebantnr.
1603 2008 1746 2075 quod
1785 2008 1948 2063 liabe-

380 2091 468 2142 bat
504 2092 896 2161 primogenitus
940 2095 1189 2162 populus,
1231 2095 1324 2149 sed
1356 2096 1407 2148 in
1442 2096 1546 2150 isto
1580 2098 1667 2151 ubi
1704 2108 1822 2152 erat
1853 2099 1947 2155 Jeo

375 2198 493 2247 sus,
521 2185 606 2237 hic
629 2185 877 2240 calestes
906 2185 1117 2249 hostiae,
1147 2187 1232 2240 hic
1256 2203 1379 2241 vera
1407 2190 1674 2243 sacriﬁcia
1698 2206 1948 2247 consum-

378 2288 613 2331 mantur.
672 2277 757 2330 Fit
788 2294 918 2348 ergo
963 2294 1103 2334 unus
1144 2295 1271 2347 grex
1323 2291 1379 2333 et
1429 2297 1567 2337 unus
1623 2294 1825 2352 pastor,
1869 2286 1945 2340 illi

377 2369 589 2433 priores
612 2369 766 2437 justi,
801 2372 965 2439 etqni
997 2390 1141 2429 nunc
1168 2382 1293 2429 sunt
1327 2374 1642 2433 Christiani.
1681 2376 1814 2433 Volo
1844 2396 1945 2433 au-

377 2468 485 2509 tem
510 2458 577 2509 ad
609 2458 799 2512 borum
832 2463 1202 2529 probationem
1230 2464 1546 2518 memoriam
1572 2467 1751 2522 facere
1782 2469 1946 2524 etiam

374 2549 619 2604 historia!
642 2550 941 2621 cujusdam,
963 2556 1009 2608 si
1036 2565 1214 2610 tamen
1247 2560 1507 2616 Dominus
1534 2563 1734 2616 donare
1763 2563 1945 2633 digne-

380 2647 489 2698 tur,
529 2646 589 2690 ut
635 2640 1067 2707 explanationem
1117 2646 1287 2715 ipsius
1347 2651 1649 2719 spiritalem
1701 2653 1947 2709 invenire

374 2730 668 2799 possimus.
703 2728 943 2787 Cadebat
987 2735 1280 2807 aliquando
1315 2743 1544 2811 populus
1570 2745 1623 2797 in
1649 2744 1863 2799 deserto
1893 2755 1949 2799 et

376 2822 735 2879 moriebatur.
772 2825 930 2880 Venit
960 2830 1137 2884 Aaron
1172 2834 1438 2902 pontifex,
1473 2845 1528 2890 et
1566 2838 1717 2893 stetit
1746 2839 1799 2892 in
1835 2854 1948 2894 me-

2051 1548 2102 1602 in
2134 1548 2571 1603 lamentationem
2602 1562 2615 1599 :
2658 1546 2747 1616 qui
2791 1545 3004 1601 etiamsi
3042 1547 3212 1599 velint
3246 1560 3362 1598 non
3384 1554 3675 1612 poterunt

2050 1642 2191 1697 diem
2224 1642 2418 1695 festum
2446 1640 2719 1695 celebrare
2752 1641 2802 1693 in
2833 1654 2899 1694 eo
2924 1640 3039 1694 loco
3063 1652 3225 1707 quem
3256 1636 3628 1706 elegitlhni-

2050 1749 2152 1789 nus
2182 1733 2343 1787 Deus.
2368 1732 2431 1786 Et
2452 1747 2549 1787 nos
2582 1733 2798 1800 quidem
2830 1747 2934 1785 non
2970 1731 3206 1783 diximus
3237 1728 3307 1781 ad
3328 1728 3468 1791 illos,
3500 1729 3635 1796 qui:

2051 1841 2157 1879 non
2190 1825 2294 1879 erit
2325 1824 2479 1878 vobis
2508 1839 2636 1892 pars
2666 1824 2715 1876 in
2761 1822 2864 1876 hoc
2895 1822 3073 1886 altari,
3105 1821 3189 1875 vel
3232 1822 3288 1875 in
3319 1822 3661 1875 hereditas:

2050 1916 2285 1982 Domini,
2315 1916 2410 1970 sed
2440 1915 2540 1986 ipsi
2588 1922 2781 1983 sponte
2813 1928 2908 1968 sua
2942 1912 3120 1967 altare
3157 1926 3351 1967 verum
3380 1922 3437 1965 et
3465 1910 3671 1965 cclc-

2047 2019 2183 2065 stem
2208 2008 2523 2078 pontiﬁcem
2567 2006 2892 2072 rcfutarunt,
2922 2013 3063 2060 eteo
3085 2018 3256 2073 usque
3291 2001 3669 2057 infelicitatis

2049 2104 2264 2160 adducti
2295 2110 2441 2165 sunt,
2464 2110 2527 2155 ut
2549 2110 2602 2155 et
2624 2098 2910 2169 imaginem
2947 2098 3257 2167 perderent,
3279 2105 3335 2151 et
3368 2111 3478 2151 non
3505 2111 3663 2150 sns-

2048 2197 2289 2265 ciperent
2342 2192 2661 2253 veritatem,
2716 2200 2770 2244 et
2828 2190 2949 2244 ideo
3012 2188 3212 2243 dicitur
3259 2187 3328 2240 ad
3382 2201 3483 2241 eos
3535 2187 3585 2218 ⁸³
3632 2206 3655 2239 :

2055 2308 2075 2341 ι
2110 2289 2249 2344 Ecce
2292 2288 2628 2356 relinquetur
2668 2284 2821 2339 vobis
2855 2282 3048 2338 dormis
3087 2292 3271 2337 vestra
3318 2280 3572 2335 deserta.
3612 2298 3643 2332 ι

2050 2380 2335 2437 Translata
2360 2389 2443 2434 est
2467 2378 2612 2433 enim
2652 2377 2718 2431 ad
2740 2386 2928 2446 gentes
2948 2374 3118 2445 gratia
3158 2373 3397 2441 Spiritus
3422 2374 3644 2433 sancti,

2049 2471 2326 2527 translatae
2358 2480 2483 2524 sunt
2520 2468 2893 2524 solemnitates
2918 2468 2985 2521 ad
3013 2480 3131 2531 nos,
3159 2466 3285 2535 quia
3312 2464 3534 2519 transiit
3563 2464 3637 2517 ad

2051 2577 2148 2618 nos
2168 2571 2222 2617 et
2261 2560 2499 2630 pontifex
2537 2572 2643 2612 non
2690 2556 3066 2627 imaginarius,
3089 2557 3183 2610 sed
3209 2570 3392 2621 verus,
3423 2568 3637 2609 secun-

2051 2650 2178 2704 dum
2206 2648 2451 2703 ordinem
2478 2646 2871 2701 Melchisedech
2900 2644 3103 2700 electus
3131 2663 3145 2699 :
3175 2655 3231 2699 et
3284 2658 3511 2698 necesse
3546 2654 3640 2698 est

2049 2756 2173 2796 eum
2229 2754 2389 2794 veras
2423 2739 2649 2803 hostias,
2708 2738 2761 2793 id
2808 2747 2894 2793 est
2931 2737 3224 2806 spiritales,
3253 2735 3453 2792 offerre
3485 2736 3638 2804 apud

2051 2849 2175 2899 nos,
2202 2831 2288 2885 ubi
2318 2830 2616 2886 aedificatur
2640 2828 2894 2899 templqu
2930 2829 3020 2883 Dei
3072 2844 3137 2882 ex
3171 2829 3429 2897 lapidibus
3468 2829 3635 2891 vivis,

373 2914 466 2968 dio
489 2919 785 2987 eorumqui
822 2922 1219 2989 moriebantur,
1252 2934 1307 2980 et
1338 2942 1525 2983 eorum
1550 2933 1640 2999 qui
1670 2932 1942 3003 vivebant,
1973 2953 1988 3008 ς

2052 2939 2171 2993 quae
2187 2930 2269 2976 est
2288 2919 2525 2975 Ecclesia
2554 2919 2644 2973 Dei
2675 2919 2928 2985 viventis,
2957 2928 3008 2972 et
3035 2920 3123 2973 ubi
3153 2930 3237 2973 est
3260 2916 3637 2985 vernslsrael,

376 3019 447 3059 ne
474 3004 704 3062 ulterius
724 3013 956 3065 vastatio
984 3016 1175 3069 mortis
1205 3017 1498 3086 proliceret
1533 3020 1646 3088 jam
1689 3023 1742 3078 in
1779 3034 1941 3080 caete-

378 3108 489 3152 ros.
534 3093 687 3152 Venit
720 3111 774 3155 et
825 3117 967 3157 nunc
1016 3118 1175 3159 verus
1206 3104 1447 3173 pontifex
1479 3121 1630 3163 meus
1660 3109 1942 3179 Dominus,

2052 3020 2107 3074 in
2164 3017 2385 3071 Christo
2431 3013 2555 3070 Jesu
2605 3010 2832 3067 Domino
2880 3023 3089 3077 nostro,
3125 3013 3210 3065 cui
3242 3018 3327 3066 est
3364 3011 3540 3080 gloria
3576 3018 3641 3064 et

2051 3110 2335 3180 imperium
2372 3109 2425 3164 in
2450 3107 2649 3164 sarcula
2674 3106 3015 3165 saculorum.
3041 3106 3233 3160 Amen.

484 3274 528 3307 ⁸⁸
576 3276 769 3333 Matth.
821 3295 991 3346 xxvii,
1034 3280 1123 3336 25.
1198 3283 1245 3315 "
1277 3281 1470 3339 Matth.
1498 3301 1657 3353 uin,
1683 3286 1774 3341 55.
1850 3286 1895 3318 "
1926 3287 2056 3343 Luc.
2078 3302 2197 3353 xm,
2226 3285 2316 3341 35.

445 3410 556 3482 (25)
605 3410 755 3478 Mss,
802 3431 821 3464 ι
861 3424 1133 3486 suntergo
1169 3416 1255 3472 isti
1287 3432 1413 3487 pars
1435 3421 1618 3490 populi
1646 3424 1864 3478 mortui.
1896 3441 1915 3475 ι
1946 3422 2105 3478 Libb.
2129 3423 2281 3489 editi,
2319 3441 2338 3475 σ
2368 3429 2491 3477 sunt
2512 3434 2642 3491 ergo
2677 3418 2856 3491 populi
2882 3434 3008 3490 pars
3035 3416 3255 3474 mortui.
3296 3434 3313 3467 ι

1703 3790 2284 3882 MONITUM

1182 3979 1272 4032 AD
1307 3978 1629 4035 ORIGENIS
1668 3980 2069 4035 ΕΞΗΓΗΤΙΚΑ
2109 3981 2175 4036 ΙΝ
2208 3979 2464 4036 LIBRUM
2490 3980 2811 4039 JUDICUM.

1973 4143 2008 4153 σ,
2017 4144 2021 4148 .

439 4290 744 4367 Rufinus‘in
792 4292 1120 4367 peroratione
1151 4292 1429 4367 subiuncta
1459 4290 1861 4367 commentariis
1897 4294 2149 4367 Origenis
2190 4298 2243 4349 in
2286 4294 2579 4367 Epistulam
2619 4297 2689 4349 ad
2722 4294 2987 4367 [lanienas
3029 4306 3251 4367 testatur
3287 4312 3341 4351 se
3363 4312 3466 4367 qua
3516 4297 3623 4363 ﬁde

370 4361 639 4438 transtulit
668 4361 995 4438 nomilinsin
1027 4362 1209 4438 lesuin
1243 4361 1408 4438 lynce,
1438 4365 1616 4438 eadem
1646 4362 1830 4419 Latine
1852 4361 2077 4438 Avertiise
2106 4361 2409 4438 ἐξηγητικὰ
2432 4368 2487 4420 in
2521 4366 2710 4438 librum
2733 4364 2985 4438 Iudicum
3013 4382 3032 4419 :
3070 4385 3089 4418 ι
3132 4365 3273 4420 Nam
3306 4361 3494 4438 etilla,
3518 4361 3621 4419 Vin-

368 4432 503 4500 quit,
532 4446 648 4503 qua:
679 4432 732 4481 in
751 4428 1132 4503 lesuilAVaveAet
1158 4432 1209 4483 in
1241 4432 1494 4485 Indicum
1535 4434 2086 4503 librumiscripsimus,
2120 4428 2426 4503 simpliciter
2468 4436 2817 4503 expressimus
2849 4444 2904 4489 ut
2930 4436 3246 4491 invenimus.
3278 4454 3297 4488 ι
3338 4434 3536 4489 Novem
3566 4438 3623 4489 in

373 4498 511 4575 nunc
537 4500 1018 4575 libru_t_ts_homilias_
1038 4498 1278 4575 Origenis
1306 4513 1675 4575 commemorat
1710 4498 2058 4575 Cassiodorus
2091 4498 2263 4559 lnstit.
2292 4522 2404 4575 cap.
2442 4507 2493 4559 l.
2531 4498 2726 4560 Novem
2751 4504 2901 4559 hodie
2922 4505 3196 4575 habemus,
3226 4522 3449 4575 quarum
3473 4514 3619 4559 sexta

370 4569 629 4645 canticum
659 4568 876 4645 Deberet
902 4571 1171 4645 explanat,
1198 4573 1272 4645 uti
1294 4573 1609 4645 promiserat
1638 4574 1746 4645 ipse
1768 4573 2025 4641 Origenes
2057 4576 2111 4627 in
2149 4568 2366 4645 prologo
2382 4574 2893 4629 Commentariorum
2921 4576 2974 4645 in
2991 4568 3267 4629 Canticum
3289 4575 3619 4629 canticorum

366 4637 450 4715 Itis
485 4638 652 4715 verbis
683 4654 725 4715 :_
748 4656 773 4715 i_
809 4638 993 4715 V__ernm
1020 4651 1064 4693 ct
1094 4640 1157 4691 de
1190 4641 1271 4715 liis
1298 4640 1596 4715 pleniusin
1767 4637 2114 4715 oratiunculis
2148 4637 2280 4715 quas
2302 4637 2377 4698 'de
2412 4645 2586 4699 libello
2615 4645 2868 4699 Judicum
2907 4644 3190 4709 edidimus,
3215 4646 3438 4699 disserta
3468 4661 3618 4712 repe-

371 4712 494 4785 g-m.
533 4692 897 4785 iuverisimile
928 4692 1051 4785 erga
1087 4718 1162 4785 est
1193 4692 1467 4785 (κη’ξηεαι
1490 4692 3190 4785 manu.)magis};erigas:'giainazgmnriam;
3213 4692 3617 4782 irrigant

365 4777 483 4853 ipsa
507 4778 699 4853 editas.
746 4777 926 4853 Vtrum
957 4778 1104 4853 haud
1128 4780 1237 4853 scio
1259 4794 1327 4829 an
1353 4776 1812 4853 (quemadmodum
1836 4776 2087 4848 apinatnr
2129 4776 2355 4837 [laetius
2382 4776 2823 4853 Origenianflib.
2862 4799 2943 4840 Ill.
2968 4795 3093 4837 sect.
3125 4783 3180 4848 2,
3217 4776 3358 4837 nam;
3402 4785 3478 4853 9),
3515 4801 3615 4851 pa-

368 4849 499 4899 riter
525 4847 647 4899 inde
674 4848 917 4919 concludi
946 4848 1151 4919 possit,
1192 4849 1333 4917 ipsas
1360 4864 1463 4901 non
1498 4849 1660 4912 fuisse
1689 4867 1752 4904 ex
1786 4847 2017 4919 tempore
2054 4864 2327 4917 conceptas
2362 4864 2407 4907 et
2450 4847 2716 4908 rccitatas.
2744 4852 2896 4908 Certe
2936 4855 3155 4908 Itamilia
3187 4857 3355 4918 prima
3380 4847 3525 4907 num.
3555 4853 3611 4916 2,

368 4924 513 4992 locus
532 4925 607 4992 est
625 4932 774 4992 quem
799 4917 906 4982 ipse
932 4913 1186 4992 Qrigenes
1211 4913 1554 4992 testatursibi
1585 4919 1755 4992 solum
1781 4922 1833 4974 in
1858 4913 2081 4976 mentem
2104 4913 2324 4986 venisse,
2352 4939 2469 4976 cum
2507 4924 2908 4977 concionaretur
2932 4938 2951 4975 :
2981 4941 3000 4975 ο
3038 4913 3207 4978 Sedet
3232 4924 3387 4985 illud,
3422 4913 3612 4992 inquit,

365 4984 503 5051 quod
534 4985 826 5040 dicentibus
856 4987 1001 5063 nobis
1026 4984 1277 5049 occurrit,
1306 4996 1355 5039 et
1373 4990 1595 5063 utinam
1626 4988 1846 5063 Domina
1872 5004 2182 5061 suggerente
2215 4984 2523 5058 occurrerit,
2548 4994 2971 5063 prwtereundum
3010 5010 3115 5049 non
3144 5002 3241 5058 est,
3273 5014 3291 5045 ι
3324 4984 3423 5048 ctc.
3456 4984 3611 5057 lilas,

366 5063 640 5131 postquam
671 5058 1024 5131 pronuntiata!
1050 5066 1203 5131 sunt,
1231 5058 1405 5131 potuit
1434 5059 1624 5131 litteris
1661 5061 1912 5113 mandare
1942 5058 2031 5115 aut
2069 5078 2449 5131 recognoscere.

437 5120 641 5175 Practer
666 5122 933 5188 homilias,
978 5141 1046 5177 an
1092 5120 1245 5202 aliud
1272 5129 1542 5202 quidpiam
1576 5132 1700 5202 (lata
1729 5147 1885 5202 apem
1907 5132 1960 5183 in
1992 5120 2249 5202 librum-.1
2259 5134 2469 5185 ndicum
2504 5133 2771 5199 scripserit
2799 5131 3070 5202 Origenes,
3098 5134 3353 5187 incertum
3381 5142 3477 5186 est.
3514 5132 3616 5187 Ve-

362 5203 904 5329 ;iiimanrenﬁcatenae
946 5198 1319 5266 manuscriptw
1365 5198 1563 5268 aliquot
1607 5200 1701 5252 sub
1752 5200 1868 5269 ejus
1900 5203 2105 5255 nomine
2152 5201 2451 5272 fragmenta
2488 5198 2671 5258 Grata
2712 5198 2973 5267 exhibent,
3005 5219 3123 5275 qua?
3150 5221 3243 5257 nos
3275 5202 3617 5258 Itomiliarttm

392 5275 446 5310 ro
513 5278 663 5329 tprtt’
710 5281 902 5329 gnnus.

392 5275 527 5313 ratur
558 5275 902 5331 prin/ignitus.

1951 5454 2017 5466 -.
