4058 6244
339 291 470 352 949

1628 290 1943 348 SELECTA
1976 289 2043 345 ΙΝ
2076 290 2103 347 J
2114 289 2377 348 UDICES.

3513 280 3617 339 950

352 446 3593 481 —__————_—————-—————_——_—_—_______—__._—.

1114 604 2062 738 ΩΡΙΓΕΝΟΥΣ
2136 600 2887 739 ΕΚΛΟΓΑΙ

1513 845 1685 933 ΕΙΣ
1721 844 2011 931 ΤΟΥΣ
2073 845 2491 931 ΚΡΙΤΛΣ.

895 1182 1061 1274 EX
1130 1181 1673 1277 ORIGENE
1747 1183 2258 1276 SELECTA
2338 1184 2463 1272 IN
2538 1179 3079 1274 JUDICES.

1670 1476 1709 1501 Ι

419 1539 533 1596 Kal
565 1537 785 1603 εὔξατο
825 1535 1043 1605 Ἰεφθάε
1065 1535 1261 1605 εὐχὴν
1292 1538 1371 1604 τῷ
1412 1538 1629 1607 Κυρίῳ.
1661 1539 1725 1593 Εἰ
1758 1539 1929 1593 Πνεῦ-

2113 1535 2172 1589 Et
2198 1535 2330 1590 vovit
2357 1533 2544 1603 Jephte
2571 1540 2745 1587 votum
2778 1530 3004 1586 Domino
3046 1530 3114 1584 ⁵⁸.
3158 1529 3214 1586 Si
3252 1528 3485 1601 Spiritus
3521 1530 3624 1585 Du-

344 1649 431 1704 μα
463 1632 671 1704 Κυρίου
704 1630 791 1684 ἐπ’
827 1624 1013 1694 αὑτὸν,
1046 1629 1164 1693 πῶς
1197 1628 1413 1700 εὔχεται
1450 1630 1487 1685 ἃ
1522 1632 1597 1703 μὴ
1632 1633 1933 1705 προσήκει;

356 1723 521 1793 Ἐνῆν
545 1722 653 1794 γὰρ
675 1722 771 1776 καὶ⁸
800 1720 937 1775 κύνα
964 1720 1274 1791 ἀπαντῆσαι
1300 1722 1574 1777 ἐπανιόντι
1600 1723 1677 1795 τῷ
1704 1725 1932 1795 Ἰεφθάε.

343 1812 477 1887 Ἆρ’
513 1812 605 1870 οὖν
630 1814 837 1886 ἐσφάλη
878 1813 938 1868 τὸ
970 1813 1234 1885 Πνεῦμα;
1267 1814 1537 1886 οὐδαμῶς*
1572 1815 1707 1871 ἀλλὰ
1736 1817 1798 1870 τὸ
1837 1817 1937 1888 μὲν

345 1907 575 1979 Πνεῦμα
630 1907 843 1979 βοηθεῖν
894 1906 1289 1977 παραγέγονεν,
1324 1907 1422 1977 οὐχ
1465 1907 1788 1962 ύποὸάλλειν
1838 1908 1936 1981 τὴν

344 1999 549 2053 ἄτοπον
597 1999 782 2070 εὐχήν
832 1997 995 2061 αὐτὸς
1038 1997 1095 2051 δὲ
1165 1997 1454 2066 σφάλλεται
1515 1999 1935 2071 ἀπερισκέπτως

352 2089 751 2161 ὑποσχόμενος.

418 2266 529 2319 Kal
551 2260 730 2320 εἶπαν
758 2264 920 2331 αὐτῷ
938 2265 1154 2321 Ἐἰπὸν
1177 2266 1253 2336 δὴ
1283 2268 1534 2339 στάχυς.
1571 2272 1634 2324 Οί
1662 2271 1719 2325 δὲ
1750 2271 1935 2341 ἔλεγον

342 2355 598 2426 στάχυςο
647 2358 901 2429 σημαίνει
933 2358 1181 2427 σέὄηλα,
1208 2361 1345 2432 ὅπερ
1365 2362 1512 2415 ἐστὶν
1542 2362 1833 2433 ἄσταχυς.
1871 2366 1933 2419 Oi

341 2446 399 2499 δὲ
433 2448 618 2516 ἔλεγον
650 2449 888 2515 σεόήλω
939 2452 1032 2504 καὶ
1072 2451 1173 2504 ούκ
1232 2452 1483 2507 ἐδύναντο
1514 2456 1727 2525 τρανῶς
1760 2458 1933 2510 εἰπεῖν

341 2535 596 2607 σέϐηλα.
634 2541 695 2594 Ei
729 2539 837 2611 γὰρ
869 2542 964 2596 καὶ
997 2542 1237 2614 Ἑϐραῖοι
1266 2544 1579 2615 ἐτύγχανον,
1613 2546 1750 2602 ἀλλά
1792 2549 1934 2604 κατά

345 2630 689 2703 συμμετρίαν
720 2631 1019 2703 βραχύτητι
1043 2634 1425 2707 παρήλλασσον
1445 2637 1505 2692 ὲν
1529 2640 1595 2710 τῇ
1630 2638 1730 2710 τῆς
1755 2640 1932 2695 διαλέ-

344 2718 482 2786 ξεως
511 2726 779 2795 προφορᾷ.
818 2724 891 2778 Τὸ
940 2721 1034 2779 οὖν
1063 2726 1303 2799 σύνθεμα
1334 2722 1403 2800 ἦν
1433 2728 1684 2799 σέϐηλα,
1715 2732 1854 2803 ὅπερ
1881 2735 1931 2787 οἱ

346 2811 764 2885 ἐπερωτώμενοι
826 2815 1074 2885 λέγοντες
1131 2816 1403 2885 σεϐήλω,
1481 2818 1774 2892 ἠλέγχοντο
1830 2822 1930 2877 ούκ

2040 1627 2168 1683 mini
2199 1636 2318 1681 erat
2369 1640 2531 1694 super
2574 1625 2747 1688 illum,
2780 1638 2879 1678 cur
2910 1634 3071 1680 vovet
3105 1639 3224 1694 qua:
3267 1639 3465 1680 vovere
3514 1640 3619 1679 non

2037 1733 2251 1788 aequum
2281 1718 2439 1773 erat?
2468 1718 2612 1773 Fieri
2650 1716 2795 1771 enim
2824 1724 3038 1785 poterat
3074 1725 3131 1769 ιιι
3160 1716 3321 1771 etiam
3346 1715 3497 1771 canis
3526 1732 3619 1772 oc-

2037 1819 2283 1865 curreret
2319 1807 2606 1865 revertenti
2641 1805 2809 1881 458
2831 1804 3042 1875 Jephte.
3068 1806 3321 1877 Nunquid
3359 1807 3619 1877 deceptus

2037 1909 2121 1957 est
2149 1900 2430 1971 Spiritus?
2458 1899 2705 1954 minime.
2734 1899 2840 1953 Sed
2868 1897 3101 1969 Spiritus
3139 1900 3190 1953 in
3223 1900 3483 1954 auxilium
3525 1900 3624 1955 ad-

2036 2004 2174 2059 erat,
2233 2007 2341 2047 non
2376 2006 2504 2047 vero
2538 2001 2596 2045 ut
2641 1989 2930 2045 absurdum
2981 1991 3086 2045 hoc
3125 2001 3308 2045 votum
3339 1989 3615 2045 suaderet.

2035 2082 2154 2154 Ipse
2207 2098 2337 2140 vero
2388 2081 2587 2153 Jephte
2639 2082 2865 2151 erravit,
2930 2082 3336 2138 inconsiderate
3389 2083 3618 2153 promit-

2039 2184 2447 2320 l("is‘st‘direruut
2489 2267 2536 2319 ei
2574 2280 2593 2319 :
2630 2263 2727 2319 Dic
2755 2281 2890 2320 nunc
2913 2266 3059 2335 spica
3092 2265 3158 2320 ³⁸.
3193 2265 3297 2321 Alii
3338 2265 3623 2326 dicebant.

2033 2362 2198 2431 spica.
2240 2360 2294 2415 ld
2319 2369 2401 2416 est
2423 2357 2617 2424 sebela,
2645 2359 2788 2428 quod
2817 2367 2900 2413 est
2918 2360 3084 2427 spica.
3110 2357 3211 2413 Alii
3245 2358 3498 2413 dicebant
3535 2375 3617 2412 sco

2034 2452 2168 2521 belo,
2224 2466 2323 2508 nec
2371 2452 2520 2507 clare
2568 2461 2820 2521 poterant
2860 2451 3041 2505 dicere
3075 2451 3265 2504 sebela.
3293 2449 3616 2519 Quanquam

2033 2543 2178 2599 enim
2231 2542 2438 2598 Hebrazi
2473 2552 2648 2608 erant,
2690 2552 2746 2596 at
2784 2557 2850 2598 ex
2881 2541 3095 2596 dialecti
3131 2556 3245 2596 sua:
3275 2541 3409 2595 vitio
3461 2541 3620 2611 hujus

2032 2634 2184 2690 vocis
2215 2648 2521 2691 mensuram
2551 2633 2955 2703 pronuntiando
2974 2631 3360 2703 corripiebant.
3385 2631 3615 2709 Tessera

2030 2739 2162 2797 ergo
2200 2734 2321 2781 erat
2358 2724 2553 2791 sebela,
2601 2741 2697 2796 pro
2731 2741 2836 2795 qua
2868 2739 2992 2780 cum
3020 2724 3340 2796 interrogati
3367 2726 3617 2782 dicerent

2032 2816 2224 2882 sebelo,
2250 2819 2619 2889 arguebantur
2643 2832 2750 2874 non
2775 2831 2895 2874 esse
2914 2830 2980 2873 ex
3011 2819 3255 2888 cognatis
3275 2815 3494 2887 Jepbte.
3519 2816 3617 2873 sed

344 2899 512 2965 ὄντες
548 2902 655 2957 τῶν
711 2904 924 2977 οἰκείων
968 2906 1061 2960 τοῦ
1126 2907 1354 2978 Ἰεφθάε,
1402 2908 1537 2964 ἀλλὰ
1585 2910 1695 2965 τῶν
1726 2913 1929 2968 ἐπανα-

2034 2923 2101 2965 ex
2128 2923 2356 2966 numero
2384 2908 2691 2968 rebellium.

351 2994 613 3047 στάντων.

420 3083 527 3137 Καὶ
560 3084 715 3153 γυνὴ
733 3087 919 3141 αὐτοῦ
945 3088 1151 3156 στεῖρα
1180 3090 1275 3143 καὶ
1300 3092 1410 3144 οὐκ
1441 3092 1664 3148 ἔτεκεν.
1688 3093 1801 3149 Οὐκ
1822 3096 1931 3149 άπὸ

346 3172 446 3241 τῆς
465 3173 697 3243 φύσεως,
717 3176 831 3229 ἀλλ’
861 3178 971 3231 άπὸ
997 3178 1097 3250 τῆς
1130 3180 1405 3246 διακονίας
1421 3183 1514 3236 ἐπὶ
1544 3183 1639 3237 τοῦ
1663 3185 1929 3256 παρόντος

352 3262 568 3333 στείραν
594 3264 765 3319 καλεῖ.

415 3353 669 3422 Σίδιιρος
716 3358 825 3411 οὐκ
862 3359 1043 3427 ἀνέϐη
1078 3360 1177 3415 ἐπὶ
1212 3362 1328 3429 τὴν
1373 3364 1645 3433 κεφαλήν
1688 3384 1808 3437 μου
1839 3367 1929 3422 ὅτι

346 3442 646 3512 Ναᾷριιῐος
675 3448 778 3502 τοῦ
809 3451 957 3505 Θεοῦ
979 3452 1091 3520 ἐγώ
1119 3456 1253 3523 ειμι.
1282 3455 1361 3507 Δι’
1383 3454 1509 3527 ὅλης
1541 3457 1639 3528 τῆς
1677 3459 1805 3531 περὶ
1838 3460 1929 3514 τὸν

348 3533 583 3604 Σαμψὼν
616 3538 857 3609 ἱστορίας
885 3543 941 3595 αἱ
969 3542 1151 3615 τρίχες
1190 3545 1467 3614 φαίνονται
1495 3547 1593 3619 τὴν
1625 3551 1807 3606 πᾶσαν
1832 3552 1929 3605 αὑ-

345 3624 421 3695 τῷ
451 3633 752 3698 περιποιεῖν
784 3632 961 3703 ίσχύν.

421 3718 530 3772 Τοῦ
550 3722 756 3777 αὑτοῦ.
791 3722 1088 3796 Ναζιραῖον
1109 3728 1171 3781 τὸ
1207 3730 1621 3805 πεφυλαγμένον
1657 3736 1797 3793 κατὰ
1830 3737 1926 3808 τὴν

346 3809 528 3881 Σύρων
567 3814 749 3886 φωνὴν
777 3818 1052 3888 ὀνομάζει.
1076 3822 1168 3891 Μὴ
1198 3822 1569 3888 ὲξακολουθεῖν
1595 3828 1650 3881 δὲ
1683 3831 1746 3901 τῇ
1775 3829 1925 3895 τάξει

346 3903 450 3957 τῶν
506 3904 856 3977 Ἰσραηλιτῶν
903 3910 995 3963 τὸν
1038 3912 1274 3983 Σαμψὼν
1316 3918 1344 3970 ό
1388 3917 1522 3982 θεὸς
1573 3923 1922 3991 προστάσσει,

348 3991 464 4043 κατ’
501 3991 677 4046 ἐκεῖνο
705 3996 898 4066 καιροῦ
945 3998 1044 4070 τὴν
1098 4002 1336 4074 κεφαλὴν
1369 4006 1696 4079 ξυρωμένων
1730 4011 1816 4065 διὰ
1865 4013 1925 4066 τὸ

347 4084 616 4155 εὐσήμους
646 4084 784 4143 εἶναι
820 4092 956 4161 πρὸς
978 4093 1207 4158 πάντας.

415 4177 522 4230 Καὶ
583 4179 874 4249 ἐποίησεν
947 4184 1134 4253 Ἐφὼδ
1194 4188 1294 4241 καὶ
1353 4191 1659 4261 Θεραρείν.

350 4263 572 4358 ὕφασμα
614 4265 681 4341 ἦν
722 4273 1012 4344 ἱερατικὸν,
1071 4277 1206 4349 ὅπερ
1241 4284 1611 4354 περικειμένῳ
1655 4284 1733 4355 τῷ
1787 4288 1923 4358 ἱερεί

348 4357 531 4425 ἐφοίτα
562 4361 654 4414 τοῦ
681 4362 835 4432 ἁγίου
868 4366 1236 4442 Πνεύματοςὴ
1270 4372 1450 4444 χάρις.
1478 4376 1551 4428 Τὸ
1574 4377 1632 4430 δὲ
1653 4357 1922 4447 Θεραφεὶν

349 4448 548 4513 τοιοῦτο
576 4451 780 4522 μέντοι,
813 4456 875 4508 ού
920 4456 1100 4513 θεῖκὸν
1144 4461 1222 4529 δὲ,
1258 4462 1371 4517 ἀλλ’
1404 4465 1701 4532 είδωλικὸν,
1735 4468 1811 4532 ὼς
1863 4471 1921 4522 ἐν

348 4541 461 4604 ταῖς
485 4540 784 4611 βασιλείαις
814 4546 1111 4605 δείκνυται.

416 4718 523 4774 Καὶ
548 4719 807 4790 ἐξῆλθον
833 4727 886 4778 οἱ
924 4726 1040 4780 υἱοί
1089 4730 1389 4798 Βενιαμίν.
1424 4730 1579 4796 Τίνος
1612 4732 1796 4786 ένεκεν
1828 4735 1919 4804 ητ-

1747 4194 1921 4264 Ἐφὼδ
1949 4226 1997 4288 c

2103 3088 2172 3145 Et
2225 3109 2363 3147 uxor
2412 3096 2527 3166 ejus
2577 3097 2799 3165 sterilis,
2852 3109 2900 3153 et
2961 3116 3065 3154 non
3108 3103 3344 3170 pariebat
3384 3104 3453 3160 ".
3491 3104 3613 3163 Non

2029 3197 2093 3236 ex
2134 3193 2350 3250 natura,
2392 3187 2488 3242 sed
2547 3203 2616 3243 ex
2670 3189 2978 3247 ministerio
3038 3208 3182 3249 nunc
3238 3195 3477 3251 sterilem
3510 3212 3608 3252 vn-

2027 3283 2135 3330 cat.

2104 3350 2329 3406 Ferrum
2373 3368 2476 3407 non
2534 3354 2773 3409 ascendit
2830 3371 2988 3425 super
3042 3366 3199 3425 caput
3248 3373 3421 3414 meum
3478 3375 3609 3429 quc-

2034 3443 2176 3496 uiam
2218 3441 2498 3498 Nazirazus
2542 3444 2638 3499 Dei
2679 3461 2771 3515 ego
2817 3461 2933 3501 sum
2958 3447 3026 3500 ".
3079 3445 3184 3504 Per
3239 3457 3406 3505 totam
3451 3448 3607 3507 Sam-

2030 3533 2183 3590 souis
2243 3535 2526 3590 historiam
2584 3534 2844 3592 fortitudo
2900 3537 3017 3607 ejus
3063 3538 3281 3596 videtur
3318 3539 3374 3596 in
3399 3541 3609 3609 carillis

2030 3629 2156 3684 sita.

2094 3720 2369 3793 Ejusdem.
2398 3721 2660 3795 Syrorum
2693 3722 2873 3794 lingua
2927 3724 3228 3782 Nazirmum
3276 3729 3607 3786 custoditum

2028 3825 2204 3869 vocat.
2253 3814 2505 3883 Praecipit
2545 3825 2727 3871 autem
2778 3817 2919 3871 Deus
2971 3827 3029 3871 ut
3091 3818 3319 3875 Samson
3367 3836 3473 3875 non
3522 3837 3608 3876 se-

2026 3915 2226 3974 quatur
2293 3921 2497 3961 morem
2566 3906 2934 3965 lsraelitarum
3010 3910 3101 3979 qui
3170 3918 3301 3967 tunc
3351 3914 3609 3984 temporis

2027 3995 2391 4077 radebantur,
2448 4006 2507 4051 ut
2556 3996 2713 4054 facile
2771 4001 2839 4055 ab
2890 4000 3144 4057 omnibus
3194 4004 3413 4073 agnosci
3473 4019 3605 4075 pos-

2025 4096 2170 4141 ερηι.

2099 4175 2168 4230 Et
2223 4177 2345 4247 fecit
2403 4178 2592 4248 Ephod
2640 4191 2689 4236 et
2745 4186 3020 4254 Teraphim
3069 4186 3136 4241 ⁸⁸.
3189 4186 3375 4259 Ephod
3438 4192 3605 4247 vestis

2026 4281 2143 4327 erat
2199 4275 2554 4331 sacerdotalis
2618 4292 2723 4348 qua
2784 4279 3003 4335 indutus
3065 4285 3323 4340 sacerdos
3369 4282 3605 4354 Spiritus

2020 4363 2194 4418 sancti
2235 4366 2467 4434 gratiam
2532 4369 2851 4440 recipiebat.
2896 4372 3228 4444 Theraphim
3266 4387 3446 4432 autem
3495 4377 3604 4434 tale

2020 4454 2296 4524 quippiam
2359 4466 2476 4512 erat
2515 4460 2659 4528 quod
2699 4477 2805 4516 non
2874 4465 3062 4529 Deum,
3104 4466 3221 4523 sed
3262 4466 3464 4524 idolum
3504 4469 3602 4526 ali-

2019 4546 2160 4611 quod
2221 4561 2661 4620 repraasenlaret,
2715 4565 2773 4610 ut
2802 4555 2853 4612 in
2894 4558 3050 4615 libris
3082 4558 3391 4631 Regnorum
3417 4572 3600 4619 osten-

2018 4636 2190 4694 ditur.

2090 4727 2159 4782 Et
2192 4730 2430 4786 exierunt
2461 4733 2562 4803 ﬁlii
2601 4735 2881 4806 Benjamin
2919 4739 2985 4796 ".
3020 4741 3129 4797 Cur
3156 4742 3447 4798 vincuntur
3502 4744 3598 4814 qui

347 4809 538 4865 τῶνται
564 4812 784 4877 δικαίως
816 4816 1168 4883 ὲπελθόντες;
1210 4821 1280 4874 Ἦ
1313 4820 1471 4891 δῆλον
1504 4823 1585 4876 ὅτι
1609 4824 1694 4878 διὰ
1720 4826 1921 4896 προλα-

2039 4829 2155 4876 uste
2193 4825 2428 4893 aggressi
2457 4829 2652 4883 erant?
2696 4829 2889 4903 Liquet
2932 4835 2986 4889 id
3017 4833 3282 4889 accidisse
3301 4833 3371 4888 ob
3388 4809 3597 4901 prazce-

347 4898 536 4974 δούσης
568 4902 765 4969 αἰτίας.
817 4905 927 4959 Καὶ
958 4909 986 4960 ό
1014 4907 1227 4979 ψαλμός
1273 4929 1453 4982 φησιν·
1490 4931 1508 4965 ι
1561 4915 1726 4967 Ὅταν
1770 4915 1918 4969 λάϐω

349 4993 549 5065 καιρὸν,
579 4993 690 5064 ἐγὼ
723 4997 1024 5071 εύθύτητας
1082 5002 1270 5075 κρινῶ.
1315 5023 1333 5055 ι
1376 5000 1510 5058 Εἶτα
1545 5008 1636 5061 καὶ
1674 5006 1815 5078 μετὰ
1856 5008 1918 5061 τὸ

2013 4909 2226 4966 dentem
2246 4928 2489 4972 causam.
2509 4916 2565 4972 ln
2588 4920 2795 4989 psalmo
2818 4922 3015 4977 dicitur
3031 4922 3076 4954 ⁸ο
3099 4936 3112 4973 :
3146 4921 3307 4978 «Cum
3327 4936 3594 4992 accepero

2014 5007 2245 5068 tempus.
2289 5018 2389 5074 ego
2426 5006 2666 5077 justitias
2700 5009 2974 5079 iudicabo.
3012 5030 3031 5064 ι
3065 5012 3268 5069 Deinde
3309 5023 3592 5084 postquam

349 5084 653 5156 ἡττηθῆναι,
688 5088 781 5141 xui.
829 5090 959 5160 μίαν
1013 5092 1108 5146 καὶ
1164 5094 1439 5165 δευτέραν,
1477 5095 1739 5167 μετῆλθεν
1778 5098 1915 5169 ὀργὴ

2030 5095 2176 5149 ιειηει
2231 5104 2287 5150 et
2338 5098 2536 5155 iterum
2568 5100 2699 5155 victi
2755 5112 2898 5166 sunt,
2932 5103 2985 5158 in
3025 5112 3278 5161 auctores
3319 5106 3587 5163 malorum

346 5176 428 5229 ἐπὶ
450 5179 574 5242 τοὺς
598 5180 949 5250 ἠδικηκότας,
978 5184 1075 5238 καὶ
1095 5184 1287 5239 νικῶσι
1309 5185 1525 5240 δίκαιαν
1557 5186 1733 5256 νίκην.

439 5390 485 5471 _“
513 5390 634 5471 iud.
660 5408 735 5457 XI.
766 5394 858 5471 1’10.
933 5398 980 5430 "
1015 5398 1140 5456 Jud.
1171 5417 1267 5471 xu,
1300 5403 1354 5460 6.

346 5448 384 5482 ,ο
411 5400 735 5482 ,ι’ξᾲθυ-(ι-τξ-ξτ
766 5400 858 5482 ξεί).
933 5400 980 5430 "
1015 5400 1140 5456 Jud.
1171 5417 1267 5471 xu,
1300 5403 1354 5460 6.
1461 5402 1507 5436 ⁸⁸
1542 5400 1667 5459 Jud.
1712 5418 1831 5473 xm,
1886 5404 1940 5462 2.

410 5460 546 5517 Psal.
572 5478 758 5531 uxrv,
780 5466 833 5521 5.

2022 5184 2102 5239 ira
2150 5188 2245 5244 Dei
2296 5192 2630 5261 supervenit,
2671 5201 2725 5248 et
2760 5191 2910 5262 justa
2947 5192 3016 5251 de
3051 5194 3131 5252 eis
3170 5206 3479 5267 reportatur
3506 5200 3590 5263 vi,-

2020 5278 2212 5334 ctoria.

2056 5411 2101 5443 ⁵⁷
2128 5412 2253 5472 Jud.
2288 5410 2400 5485 m,
2434 5419 2519 5474 l7.
2626 5420 2672 5453 ⁸⁸
2697 5419 2820 5478 Jud.
2855 5437 2984 5487 xm,
3012 5422 3066 5479 5.
3143 5424 3191 5457 ”
3210 5423 3335 5481 Jud.
3374 5442 3466 5493 xx,
3492 5427 3585 5484 τοι..
