2029 3122
571 32 858 78 ORIGENIS
899 34 958 77 IN
999 33 1225 79 LIBRUM
1272 33 1536 79 JUDICUM

834 138 1154 195 HOMILUE
1174 138 1255 193 (εδ).

497 328 639 356 HOMILIA
655 328 773 356 PRIMA.

243 386 280 413 De
293 394 322 412 eo
337 386 406 420 quod
430 386 556 419 uriplum
571 391 608 413 est
624 387 645 402 "
663 394 670 413 :
699 396 708 412 ι
734 386 766 413 Et
788 387 890 414 servivit
915 386 1025 419 populus

277 421 389 447 Domino
400 422 519 448 omnibus
529 422 621 448 diebus
637 421 712 453 Jestt,
726 426 750 448 et
762 423 891 448 seniorum
903 422 947 455 qui
960 423 1026 448 vide-

277 462 338 517 ;uut
355 457 449 516 lautitia
464 464 543 490 opera
564 456 669 483 Domini
689 465 783 491 magna
809 465 867 491 qutt-
891 456 953 490 Ieci!
967 464 1025 483 cum

294 499 353 517 srm-
382 501 391 517 ι

276 559 302 585 1.
315 557 411 585 Lector
423 558 528 592 quidem
548 558 690 592 prmsentis
704 557 828 585 lectionis
846 558 882 584 ita
901 558 1024 592 legebat:

243 610 253 626 ι
272 601 301 628 ΕΙ
316 601 524 636 timuitpopulus
539 601 679 628 Dominum
688 601 813 629 omnibus
827 602 921 629 diebus
932 602 1023 630 Jesu.»

240 645 294 673 Nos
312 651 400 672 atttem
420 646 569 673 habemus:
588 655 597 672 ι
620 646 654 673 Et
672 647 785 674 servivit
803 648 918 682 popttlus
935 649 1023 676 Domi-

239 699 274 718 no
289 691 413 719 omnibus
430 691 523 719 diebus
542 691 616 724 Jesu,
637 696 663 719 et
677 692 804 719 omnibus
820 693 914 721 diebus
938 695 1026 721 senio-

240 744 300 763 rum
309 744 401 764 eorutn
421 737 466 772 qui
484 736 637 771 longiorum
658 737 762 764 dierum
778 736 887 764 fuerunt
901 743 961 772 post
981 738 1026 766 Je-

240 790 310 809 sum.
326 792 335 809 I
353 782 463 817 Oportet
478 789 540 817 ergo
550 782 620 809 scire
634 782 696 816 quia
708 782 891 817 unusquisque
904 788 1024 810 nostrum

240 828 298 863 Ipse
314 827 366 855 sibi
379 832 498 863 praestat,
516 832 544 854 ut
559 827 585 854 in
605 827 682 855 nobis
697 827 792 855 diebus
811 828 847 855 sit
860 833 906 855 aut
919 829 945 856 in
969 837 1026 856 ma-

239 874 283 907 lis,
299 879 326 903 et
339 879 368 902 ut
385 875 441 902 dies
455 874 511 910 (27)
529 874 626 901 habeat
642 873 719 905 Jesu,
740 873 782 901 vel
803 874 859 901 dies
879 875 1024 909 justorum,

227 916 286 947 Vaut
313 921 370 948 dies
395 921 492 948 haheat
511 920 664 954 impiorum.
691 919 719 946 Si
742 919 814 946 enirn
845 920 1025 954 intelligamus

241 975 251 992 ι
271 966 359 992 lumen
384 973 477 992 verum
502 966 573 1000 quod
601 964 734 991 illuminat
759 971 866 991 omnem
888 965 1023 993 hominem

1042 332 1062 359 Α
1079 328 1138 362 ejus
1157 328 1243 355 fuisse
1263 327 1400 354 videbitur
1418 326 1488 361 apud
1502 334 1559 359 eos,
1572 327 1618 361 qui
1632 334 1698 352 eum
1714 326 1745 353 in
1761 331 1881 356 rnorze.‘

1078 374 1153 401 falsis
1168 373 1407 401 criminationibus
1421 373 1594 399 tradiderunt
1607 372 1619 399 i
1634 371 1791 405 Quomodo
1817 374 1886 399 istis

1077 420 1243 446 videbuntur
1267 418 1325 445 dies
1345 418 1458 453 iustitia:
1483 423 1511 445 et
1533 418 1590 444 dies
1612 418 1690 451 pacis
1711 420 1819 448 exorti,
1851 419 1882 445 in

1075 474 1190 501 quorutn
1223 466 1358 493 mentibus
1384 465 1538 500 iniquitatis
1559 469 1586 491 et
1612 464 1718 491 furoris
1751 467 1877 492 tenehrz

1077 512 1274 539 versabantur?
1287 516 1314 539 et
1330 519 1437 538 rursum
1454 510 1477 538 si
1505 510 1537 537 ad
1555 510 1617 538 tllos
1641 511 1705 538 dies
1719 518 1787 544 quos
1802 511 1870 537 Sal-

1075 563 1154 585 vator
1169 558 1258 592 exegit
1271 558 1297 584 in
1314 565 1411 589 carne,
1426 558 1560 585 referatur
1575 557 1627 584 hoc
1643 557 1716 591 quod
1726 557 1857 590 scriptum

1076 607 1134 631 est:
1150 612 1159 628 ‹
1172 601 1310 630 Urietur”
1320 603 1346 631 in
1355 602 1452 630 diebus
1461 604 1521 639 ejus
1535 603 1654 638 justitia,
1675 609 1704 630 et
1719 603 1843 629 mehilndo

1076 649 1160 683 pacis.
1177 659 1187 674 ι
1209 656 1281 675 nunc
1294 649 1420 682 quoniam
1436 656 1489 676 non
1509 655 1572 676 sunt
1587 649 1623 676 illi
1639 650 1712 680 dies,
1730 656 1845 683 erga-on

1075 695 1166 722 oritur
1219 694 1326 729 justilia
1345 695 1413 729 ejus.
1433 702 1483 722 nec
1499 695 1646 721 multitudo
1663 696 1743 729 pacis
1766 694 1857 721 Christi

1075 740 1145 773 apud
1173 739 1264 767 ﬁdeles
1287 745 1313 767 et
1349 740 1489 773 religiosos
1515 740 1660 767 invenitur.
1691 739 1780 774 Magis
1806 747 1866 765 rem

1076 785 1259 819 unusquisque
1271 792 1318 819 pro
1333 785 1438 812 actibus
1452 785 1508 812 suis
1524 789 1548 810 et
1562 786 1781 811 entiversatione
1797 785 1867 816 vitae,

1075 831 1132 857 dies
1158 830 1209 858 sibi
1237 831 1278 857 vel
1303 830 1456 865 iniquitatis
1483 835 1511 857 et
1533 830 1608 862 belli,
1635 830 1679 857 vel
1703 830 1824 863 justitia:
1844 834 1871 856 et

1075 876 1151 910 pacis
1166 876 1295 909 acquirit.
1312 875 1379 902 Audi
1399 876 1515 910 denique
1532 875 1694 910 prophetam
1712 876 1868 902 dicentem:

1078 930 1086 946 ι
1106 920 1286 953 Timentibus,
1301 921 1389 955 inquit
1405 921 1439 952 “,
1455 928 1555 947 nomen
1579 925 1665 952 tuum,
1693 921 1809 947 orietur
1832 920 1868 947 sul

1074 966 1197 1000 justilice,
1219 976 1228 992 ι
1249 967 1308 994 sine
1333 967 1416 994 dubio
1438 972 1465 993 ut
1491 966 1574 993 faciat
1598 967 1637 993 eis
1658 966 1720 993 dies
1739 967 1868 1001 jnstitiz.

237 1010 392 1036 venientem
426 1010 452 1036 in
483 1010 555 1037 hune
588 1010 717 1036 mundum
746 1009 783 1042 ⁶²,
805 1019 814 1035 ι
844 1014 871 1036 et
901 1011 1021 1044 prtebea-
1039 1006 1060 1033 Β
1076 1013 1134 1040 dies
1150 1012 1224 1040 Jesu.
1246 1013 1282 1040 De
1298 1012 1388 1047 impiis
1409 1012 1486 1045 dicit,
1501 1013 1563 1046 quia
1585 1013 1690 1039 occidet
1713 1013 1754 1039 eis
1771 1013 1870 1047 solju-

226 1056 299 1080 'nms
325 1053 349 1080 ei
376 1053 408 1080 ad
438 1053 643 1080 illumiuaudum
673 1053 777 1080 animas
795 1059 914 1086 nostras,
936 1060 982 1081 aut
1000 1056 1022 1082 si

237 1098 321 1136 459
331 1099 435 1126 oriatur
447 1099 524 1126 nobis
539 1098 713 1132 soljustitiaa,
730 1104 757 1125 et
777 1102 906 1127 mundum
925 1101 1023 1128 anima:

239 1149 340 1171 nostrae
363 1143 420 1178 (28)
440 1144 571 1171 habemus
594 1143 751 1177 hospitium,
776 1145 906 1173 habemus
925 1151 952 1174 et
976 1154 1024 1173 nos

239 1190 298 1217 dies
310 1189 373 1217 .lesu
390 1190 501 1222 Christi,
517 1190 574 1217 dies
590 1189 696 1217 salutis.
709 1189 737 1218 Si
750 1192 812 1226 quis
826 1200 892 1220 vero
903 1193 1022 1219 animam

238 1243 314 1263 suam
339 1236 485 1271 prtebuerit
503 1238 535 1263 ad
554 1238 738 1272 recipiendam
760 1238 847 1266 lueetu
871 1239 943 1266 illam
964 1247 1024 1274 qua:

239 1282 437 1317 exstinguetur,
461 1282 547 1311 lucem
570 1284 735 1313 contrariam
754 1285 876 1317 veritati,
901 1286 976 1312 etab
991 1293 1022 1312 ea

238 1328 321 1356 fuerit
338 1328 516 1362 illuutinatus,
533 1330 642 1357 habebit
660 1336 687 1358 et
708 1330 767 1366 ipse
782 1330 850 1363 dies,
864 1332 910 1358 sed
927 1331 1022 1365 malos,

238 1380 265 1403 et
282 1383 335 1403 non
355 1376 407 1403 erit
426 1377 451 1403 in
469 1376 563 1404 diehtts
577 1375 651 1410 Jesu,
665 1377 713 1405 sed
730 1378 782 1405 erit
804 1378 830 1404 in
852 1377 947 1405 diebus
964 1378 1021 1406 Ma-

240 1430 332 1456 nasse,
352 1423 393 1450 vel
411 1423 437 1450 in
456 1421 549 1450 diebus
567 1422 729 1456 Pharaonis,
748 1424 790 1450 vel
806 1424 831 1452 in
847 1424 959 1452 alterius
974 1432 1022 1452 cu-

237 1468 391 1504 juscunque
411 1468 506 1496 diebus
528 1469 663 1504 pessimis.
680 1469 825 1504 Propterea
856 1471 971 1504 denique
994 1472 1022 1499 in

238 1515 336 1542 diebtts
352 1515 447 1542 Achab
468 1516 539 1550 regis
564 1515 650 1550 iniqui
672 1520 699 1542 et
721 1516 833 1551 pessimi
860 1524 912 1543 non
936 1517 1023 1550 potuit

240 1560 325 1587 Isaias
351 1560 446 1588 videre
464 1560 563 1594 visum,
583 1568 636 1588 non
665 1561 751 1595 potuit
767 1561 860 1588 videre
881 1561 1023 1588 Dominum

239 1605 359 1633 Sabaoth
374 1605 512 1633 sedentem
529 1613 609 1641 super
622 1606 751 1633 thronum
765 1607 903 1634 excelsum
919 1611 947 1634 et
967 1607 1022 1635 ele-

237 1658 342 1679 vatum.
358 1651 412 1679 Sed
424 1659 458 1679 ex
470 1659 524 1687 quo
539 1657 663 1680 mortuus
682 1656 724 1679 est
739 1659 787 1680 rex
801 1660 928 1687 nequam,
946 1652 1023 1687 cujus

237 1704 317 1726 erant
334 1699 392 1727 dies
406 1699 481 1731 ntali,
499 1703 553 1726 tum
570 1699 659 1734 potuit
673 1698 766 1726 videre
789 1699 918 1734 propheta
941 1700 1023 1727 visio-

237 1753 300 1773 nem
313 1745 359 1772 Dei
373 1745 405 1772 ⁸³.
420 1745 453 1773 Et
465 1745 505 1773 vis
518 1752 597 1772 nosse
610 1745 673 1780 quia
691 1744 750 1772 dies
765 1745 809 1772 isti
822 1750 882 1772 cum
897 1745 1023 1772 dicuntur

238 1792 266 1819 in
280 1790 431 1826 Seripturis
448 1791 530 1824 illius,
547 1790 591 1817 vel
609 1790 691 1823 illius,
709 1797 762 1816 non
779 1789 932 1825 signiﬁcent
953 1795 1023 1817 tem-

237 1843 287 1871 pus
300 1835 361 1863 vita:
377 1835 448 1862 illius
469 1835 503 1862 de
521 1842 573 1869 quo
592 1834 701 1867 dicitur,
727 1834 769 1862 vel
787 1835 941 1869 prmsentize
963 1841 1023 1862 cor—

237 1880 362 1916 poralis?
384 1880 454 1907 Audi
480 1880 544 1916 quid
558 1880 592 1908 de
609 1880 704 1908 diebus
730 1880 835 1908 Domini
853 1880 937 1908 nostri
959 1879 1022 1908 Jesu

237 1926 338 1953 Christi
349 1926 483 1961 Propheta
494 1926 670 1961 praedixerit:
689 1936 698 1952 ι
714 1927 871 1959 Exorietur,
883 1926 972 1961 inquit
988 1927 1023 1960 ⁸⁸,

238 1972 264 1998 in
275 1971 369 1999 diebus
378 1971 436 2005 ejus
447 1972 562 2006 justitia,
574 1977 601 1999 et
621 1972 787 2000 abundantia
798 1972 874 2006 pacis
882 1979 1023 2007 usquequo

237 2017 385 2044 extollatur
400 2018 473 2044 luna.
492 2027 502 2044 ›
522 2017 578 2045 lloc
593 2018 616 2044 si
634 2018 670 2044 ita
688 2018 864 2052 accipiamus,
880 2018 951 2052 quod
964 2017 1020 2044 die-

237 2063 289 2089 bus
306 2062 405 2097 quibus
424 2061 551 2089 Salvator
574 2061 769 2088 demorabatur
788 2060 814 2087 in
839 2060 930 2092 terris,
964 2060 1022 2087 dies

236 2108 452 2143 crantjustitize,
472 2112 499 2135 et
515 2107 572 2134 dles
586 2107 674 2141 pacis,
692 2106 826 2140 quamodo
848 2105 1023 2140 probabimus

236 2156 295 2183 dies
315 2154 428 2189 iustitiae
452 2159 564 2182 exortos
588 2160 649 2180 esse
669 2153 702 2180 iis
719 2152 765 2187 qui
791 2159 852 2179 eum
873 2152 1018 2179 cruciﬁxe-

236 2205 312 2235 runt,
323 2198 350 2228 et
362 2200 408 2234 qui
424 2200 567 2227 adventum
583 2203 610 2226 et
628 2198 707 2225 ﬁdem
727 2197 786 2232 ejus
802 2197 858 2232 (29)
878 2205 931 2224 non
949 2205 1023 2224 rece-

236 2247 356 2281 perunt?
377 2247 430 2274 Aut
455 2246 591 2281 quomodo
614 2244 759 2271 multitudo
777 2242 853 2277 pacis
880 2243 906 2269 iu
928 2243 1023 2271 diebus

292 2307 313 2323 “
332 2306 396 2335 Jud.
415 2314 445 2338 ιι,
463 2306 490 2333 ’1.
527 2307 549 2322 ⁶²
562 2305 639 2333 Joan.
657 2313 678 2336 ι.
691 2304 717 2332 9.

237 2341 259 2358 ⁸⁷
276 2342 356 2370 Prov.
369 2350 430 2374 xttt,
441 2342 475 2375 9;
486 2340 547 2369 Job.
562 2348 638 2375 mn,
658 2340 684 2367 5.

771 2303 793 2319 ⁸³
806 2303 866 2332 lsai.
882 2311 908 2330 ν.

272 2411 328 2448 (26)
342 2412 454 2441 Collatte
468 2417 532 2440 sunt
557 2417 701 2447 sequentes
726 2412 844 2440 humilia:
860 2420 920 2439 cum
940 2412 1026 2440 tribus

237 2447 383 2478 niss.,unn
398 2447 626 2482 Sangermanensi
642 2452 670 2475 et
684 2448 789 2475 duobus
803 2448 1024 2474 Ebroicensihus.

273 2482 329 2516 (27)
345 2482 421 2515 Mss.,
447 2492 456 2508 ι
478 2488 505 2509 et
527 2487 557 2509 ul
571 2483 639 2510 dies.
661 2492 670 2508 ι
694 2482 722 2509 lu
751 2482 815 2509 libb.
840 2487 919 2509 antea
946 2483 1025 2509 editis

239 2514 324 2542 deest
337 2526 345 2542 ε
363 2522 389 2543 et
407 2522 444 2544 ut.
465 2528 474 2543 ι
494 2517 576 2543 Paulo
593 2522 653 2550 post
668 2517 732 2543 libb.
750 2518 811 2543 editi
831 2518 940 2547 halu-nt,
968 2526 976 2540 ε
1000 2517 1024 2543 id

238 2555 279 2576 est
291 2552 346 2577 dies
370 2553 515 2583 justoruut.
537 2563 545 2577 ›
562 2553 636 2583 3155.,
652 2563 659 2577 ‹
678 2552 716 2578 vel
731 2552 787 2577 dies
800 2553 940 2585 juslnrum.
960 2562 967 2575 ι

274 2585 330 2621 (ἳδ)
353 2586 427 2618 “35.,
447 2597 454 2611 ι
468 2586 683 2615 iniuriumst”).
699 2598 707 2614 ι
724 2587 800 2613 Lilib.
812 2587 886 2619 editi,
902 2596 910 2611 ι
928 2588 1023 2613 anima:

248 2928 1150 2996 Af,

963 2304 985 2320 ⁸⁸
1004 2305 1076 2333 Psal.
1098 2313 1171 2333 uxn
1197 2306 1223 2333 7.

1074 1059 1166 1091 stitiat,
1181 1059 1241 1086 sine
1254 1059 1334 1086 dubio
1358 1058 1410 1086 illis
1432 1059 1458 1085 in
1477 1058 1693 1093 quibusjnstitia
1713 1059 1823 1085 dormit
1844 1059 1868 1084 in

1075 1105 1124 1137 eis,
1151 1109 1178 1132 et
1204 1105 1324 1131 tenebrat
1345 1104 1384 1131 eis
1409 1103 1561 1138 iniquitatis
1587 1109 1688 1131 exorta:
1709 1108 1789 1131 sunt.
1823 1103 1868 1130 Vis

1076 1155 1167 1177 autem
1183 1150 1307 1177 similiter
1319 1157 1333 1176 a
1350 1149 1485 1184 Propheta
1498 1149 1605 1176 discere
1619 1149 1665 1183 qui
1681 1150 1738 1176 sint
1755 1150 1804 1184 qui
1821 1150 1867 1176 ha-

1075 1196 1157 1223 beant
1173 1195 1373 1224 multitudinem
1391 1194 1488 1230 paeis?
1505 1194 1576 1222 Audi
1596 1195 1735 1229 quomodo
1753 1195 1824 1222 dicit
1841 1196 1864 1221 in

1075 1242 1191 1269 Psalmis
1204 1242 1247 1269 θοι
1264 1252 1273 1268 ε
1293 1243 1348 1270 Pax
1363 1243 1448 1269 multa
1462 1242 1639 1277 diligentibus
1655 1249 1757 1268 nomen
1776 1246 1863 1272 tuum,

1077 1292 1106 1314 et
1123 1295 1177 1314 non
1193 1292 1235 1315 est
1252 1287 1306 1315 illis
1322 1287 1492 1315 scandalum.
1511 1297 1520 1314 ι
1551 1288 1612 1315 Dies
1629 1294 1694 1321 ergo
1707 1287 1827 1322 justiti:
1838 1292 1864 1314 et

1076 1333 1220 1360 multitudo
1238 1333 1314 1368 pacis
1332 1333 1472 1360 exorietur
1493 1332 1669 1368 diligentibus
1688 1340 1789 1360 nomen
1813 1333 1862 1359 Do-

1075 1378 1153 1405 mini.
1170 1378 1223 1405 Sed
1234 1378 1336 1405 habent
1351 1382 1378 1406 et
1394 1378 1470 1413 itnpii
1486 1379 1573 1406 lucem
1590 1386 1677 1411 suam,
1690 1385 1723 1405 ex
1739 1385 1791 1412 qua
1806 1379 1862 1405 sine

1074 1423 1158 1451 dubio
1174 1424 1336 1451 exoriuntur
1349 1425 1388 1451 eis
1411 1425 1469 1452 dies
1484 1424 1558 1451 mali.
1582 1424 1628 1451 Vis
1651 1428 1742 1451 autent
1764 1429 1792 1450 et
1814 1424 1862 1450 hoc

1077 1469 1124 1496 tibi
1140 1469 1173 1496 de
1189 1470 1340 1504 Seripturis
1355 1470 1485 1505 probari?
1496 1471 1564 1498 Audi
1581 1471 1644 1505 quid
1657 1470 1790 1504 scriptum
1803 1475 1862 1496 est:

1079 1523 1088 1540 ε
1106 1514 1174 1545 Lux,
1189 1515 1277 1550 inquit
1291 1515 1414 1549 ",justis
1427 1523 1546 1551 semper,
1557 1516 1600 1542 lux
1613 1520 1702 1542 autem
1716 1515 1864 1550 impiorum

1075 1560 1273 1595 exstinguetur.
1291 1571 1301 1588 ι
1320 1561 1399 1589 Vides
1408 1569 1473 1596 ergo
1485 1562 1549 1596 quia
1560 1566 1602 1589 est
1614 1562 1723 1596 propria
1737 1562 1864 1595 quedam

1076 1605 1118 1632 lux
1139 1606 1295 1641 impiorum,
1309 1615 1368 1641 quae
1380 1608 1574 1643 exstinguitur,
1595 1613 1623 1635 et
1645 1608 1691 1634 lux
1709 1607 1862 1642 justorum,

1076 1658 1136 1685 qua:
1150 1657 1292 1685 permanet
1307 1653 1334 1680 in
1348 1658 1491 1680 aeternum.
1510 1653 1542 1680 Et
1555 1654 1647 1681 nescio
1665 1653 1687 1680 si
1703 1658 1757 1680 tam
1772 1653 1864 1687 inepte

1076 1696 1137 1730 quis
1155 1696 1299 1732 intelligat,
1312 1702 1341 1724 ut
1355 1703 1429 1732 putet
1440 1706 1502 1726 esse
1518 1699 1637 1733 aliquam
1652 1699 1862 1726 substantialem

1077 1740 1175 1775 lucem,
1191 1742 1270 1769 aliam
1288 1749 1349 1777 qua:
1364 1743 1508 1777 impiorum
1522 1743 1640 1775 dicatur,
1654 1748 1682 1770 et
1694 1743 1774 1769 aliam
1799 1749 1862 1775 qua:

1075 1786 1223 1821 iustorum.
1246 1787 1323 1821 Quod
1354 1789 1447 1823 utique
1476 1788 1549 1816 nullo
1575 1789 1654 1816 modo
1682 1789 1739 1815 ﬂeri
1759 1793 1860 1822 potest.

1079 1833 1136 1860 Una
1165 1834 1236 1861 enim
1261 1839 1304 1861 est
1331 1834 1376 1861 lux
1401 1835 1493 1861 mundi
1512 1843 1527 1861 a
1547 1834 1600 1861 Deo
1623 1834 1693 1861 facta
1713 1834 1781 1868 (5|),
1800 1842 1862 1868 qua:

1075 1880 1204 1907 omnibus
1223 1881 1404 1907 communiter
1430 1885 1457 1907 et
1483 1879 1623 1915 mqualiter
1640 1880 1723 1907 lucet.
1738 1879 1792 1906 Sed
1810 1880 1862 1905 hoc

1075 1925 1155 1952 modo
1183 1926 1256 1959 quod
1282 1926 1412 1960 superius
1442 1926 1627 1960 exposuimus,
1656 1924 1861 1960 intelligendum

1074 1975 1126 2003 est,
1151 1972 1222 2005 quod
1246 1972 1335 1998 anima
1352 1976 1445 1999 nostra
1473 1976 1520 1999 aut
1543 1979 1608 1999 vero
1633 1971 1736 1998 lumine
1760 1971 1861 1997 illmni-

1077 2021 1169 2048 natur,
1185 2017 1255 2051 quod
1279 2025 1415 2052 nunquam
1437 2018 1638 2052 exstinguetur,
1655 2018 1700 2051 qui
1724 2022 1766 2044 est
1781 2016 1861 2044 Chri-

1076 2067 1156 2094 stus;
1181 2067 1227 2088 aut
1250 2062 1272 2088 si
1294 2070 1346 2089 non
1367 2063 1449 2090 habet
1472 2063 1498 2090 in
1523 2071 1553 2090 se
1577 2062 1648 2090 istud
1667 2062 1758 2090 lumen
1788 2061 1860 2096 quod

1077 2112 1208 2134 :eteruum
1225 2114 1277 2141 est,
1303 2109 1443 2142 temporali
1461 2109 1520 2136 sine
1541 2109 1623 2136 dubio
1636 2114 1662 2135 et
1675 2107 1860 2143 exstinguibili

1077 2153 1177 2181 lumine
1200 2155 1368 2182 illuminatnr
1388 2156 1421 2182 ab
1446 2155 1491 2182 illo
1513 2155 1559 2190 qui
1584 2156 1758 2190 transﬁgurat
1781 2162 1810 2182 se
1832 2154 1860 2181 in

1077 2200 1201 2233 angelum
1226 2201 1303 2233 lucis,
1325 2206 1353 2227 et
1376 2200 1442 2227 falsa
1462 2201 1522 2228 luce
1549 2201 1685 2228 illuminat
1700 2208 1747 2228 eor
1762 2208 1860 2235 pecea-

1077 2246 1154 2277 toris,
1181 2251 1211 2272 ut
1232 2247 1374 2273 videantur
1401 2247 1424 2274 ei
1453 2247 1497 2273 illa
1517 2255 1577 2274 esse
1594 2247 1663 2274 bona
1678 2252 1703 2274 el
1719 2247 1859 2281 praeclara,

1273 2307 1295 2323 ⁸⁵
1319 2306 1435 2334 Malaeh.
1453 2314 1489 2340 tv,
1510 2307 1537 2334 2.
1592 2306 1614 2322 ⁸⁸
1627 2306 1699 2334 Psal.
1713 2313 1787 2338 cxtx,
1799 2304 1859 2332 165.

1080 2416 1213 2439 nostrum.
1230 2421 1240 2438 ι

1115 2447 1170 2481 ('29)
1192 2447 1267 2479 Mss.,
1286 2456 1295 2472 ‹
1313 2447 1458 2473 adventum
1473 2451 1500 2473 et
1520 2446 1597 2473 [idem
1617 2447 1688 2480 ejus.
1709 2455 1718 2472 ι
1737 2445 1861 2473 [nautea

1078 2482 1158 2508 editis
1171 2483 1246 2508 deest
1265 2491 1274 2506 ί
1299 2487 1325 2508 et
1341 2483 1432 2508 lidem.
1453 2491 1462 2506 )

1115 2516 1169 2545 (ΞΟ)
1191 2516 1266 2547 Mss"
1288 2527 1295 2541 ι
1313 2518 1408 2542 oritur.
1429 2527 1437 2542 ι
1466 2516 1542 2542 Libb.
1557 2516 1632 2545 editi,
1655 2525 1663 2539 Ι
1677 2515 1787 2542 orietur.
1807 2523 1818 2541 ι

1114 2553 1168 2585 (ἾΙ)
1192 2552 1266 2583 Μδδη
1284 2562 1291 2576 I
1313 2553 1393 2579 facta.
1413 2561 1420 2576 I
1442 2552 1518 2578 Liitb.
1539 2551 1615 2582 editi,
1636 2560 1643 2575 t
1663 2550 1737 2577 facti.
1755 2559 1764 2575 ν

1309 2901 1516 3051 Ἰ
