4058 6244
338 226 467 283 953

1364 288 1367 291 .
1431 229 1495 285 IN
1532 232 1793 288 LIBRUM
1828 232 2127 291 JUDlCUM
2167 232 2447 290 llOMlLiA
2489 231 2529 287 1.

3519 228 3625 284 ιιδι

349 361 486 417 (piae
512 353 641 400 sunt
668 345 956 414 praesentia
990 347 1300 403 etcaduca.
1353 348 1462 407 Isto
1508 352 1715 409 lumine
1745 355 1944 411 illumi-
1972 361 2018 417 Λ
2049 366 2104 411 et
2155 358 2444 427 praeceptis
2491 356 2602 410 suis
2640 354 2958 410 illuminant
2996 357 3158 409 corda
3207 359 3416 416 nostra,
3455 360 3509 404 et
3541 351 3625 403 fa-

341 446 567 491 nantur
608 436 682 491 illi
730 436 819 505 qui
873 452 1143 494 summum
1208 440 1407 495 bonum
1463 443 1792 515 voluptatem
1842 465 1939 517 puo

345 537 509 583 tant.
543 526 649 583 lsto
695 528 897 584 lumine
950 530 1333 586 illuminantur
1380 534 1455 588 illi
1510 536 1602 604 qui
1643 539 1859 595 divitias
1891 551 1945 596 et

347 621 603 676 honores
648 620 761 694 (ὖῖ)
808 623 989 677 saeculi
1032 632 1088 678 et
1140 634 1413 679 terrenam
1470 626 1730 698 gloriam,
1789 635 1941 700 quasi

344 711 688 767 mternitatis
732 713 1050 767 memoriam
1082 725 1354 783 quaerunt.
1403 716 1543 771 Sunt
1589 733 1721 789 ergo
1756 721 1842 775 isti
1887 723 1941 778 in

348 804 563 859 diebus
604 804 745 860 lucis
795 803 914 872 ejus
977 820 1096 874 qua:
1151 807 1549 877 exstinguetur.
1594 808 1786 866 Omnia
1829 813 1943 868 haec

353 912 491 965 qua:
521 908 690 968 agunt
736 907 792 955 et
838 916 959 969 qua:
1007 901 1315 956 desiderant
1360 912 1413 958 et
1456 904 1700 975 cupiunt,
1741 907 1945 961 exstin-

352 996 631 1056 guuntur.
665 988 774 1044 iioe
806 990 1007 1045 lumine
1036 990 1415 1047 illuminantur
1441 1003 1496 1048 et
1533 995 1794 1063 haeretici,
1823 997 1942 1054 falsi

352 1078 606 1134 nominis
627 1080 908 1135 scientiam
950 1082 1331 1150 prasdicantes.
1369 1084 1505 1141 Hinc
1536 1086 1776 1144 Marcion
1822 1089 1943 1144 illu-

355 1167 633 1233 minatus,
667 1168 833 1223 Deum
866 1169 1252 1240 legisjustum,
1283 1173 1378 1227 sed
1419 1190 1525 1229 non
1561 1177 1756 1232 bonum
1790 1180 1939 1235 dicit.

355 1254 420 1309 Si
455 1272 587 1327 ergo
616 1270 763 1313 recte
806 1260 1178 1317 intelleximus
1227 1264 1319 1332 qui
1374 1264 1483 1318 sint
1526 1267 1674 1334 quia
1713 1268 1942 1323 Domino

354 1355 557 1402 nostro
592 1345 719 1403 Jesu
768 1350 985 1405 Christo
1028 1369 1157 1407 vero
1201 1354 1402 1409 lumine
1448 1354 1845 1423 illuminantur,
1887 1370 1943 1415 et

353 1438 455 1506 qui
494 1439 601 1493 sint
627 1440 743 1496 dies
769 1442 859 1509 qui
897 1443 965 1497 ab
998 1443 1093 1497 illo
1126 1444 1527 1514 illuminantur,
1558 1449 1647 1517 qui
1678 1464 1738 1503 se
1766 1460 1939 1507 trans-

355 1527 563 1598 ﬁgurat
596 1530 649 1584 in
680 1536 931 1601 angelum
969 1533 1105 1589 lueis
1138 1576 1152 1599 ,
1192 1547 1246 1591 et.
1301 1539 1455 1608 cujus
1508 1540 1688 1594 lumen
1736 1547 1942 1599 exstin-

357 1619 586 1686 guitur,
642 1633 1016 1693 competenter
1071 1628 1372 1698 intelligere
1431 1647 1715 1700 possumus
1776 1637 1936 1691 etiam

355 1710 504 1765 istos
525 1709 649 1767 Jesu
682 1712 919 1781 Domini,
948 1715 1013 1770 de
1040 1717 1235 1786 quibus
1260 1721 1454 1774 dicitur
1484 1724 1625 1791 quod
1657 1744 1673 1774 ι
1712 1728 1938 1780 servivit

361 1800 596 1868 populus
642 1802 871 1856 Domino
920 1806 1171 1861 omnibus
1217 1809 1409 1864 diebus
1457 1810 1626 1879 Jesu;
1672 1833 1690 1865 ι
1729 1826 1936 1869 certum

361 1907 601 1961 namque
621 1903 705 1948 est
730 1898 868 1964 quod
900 1898 989 1965 qui
1029 1899 1192 1953 habet
1228 1900 1277 1954 in
1320 1916 1376 1955 se
1407 1902 1524 1958 dies
1554 1903 1706 1970 JeSu,
1733 1908 1939 1961 serviat

359 1983 631 2040 Domino:
666 2002 767 2041 nec
810 1988 924 2042 fieri
976 2001 1177 2057 potest,
1232 2002 1289 2046 ut
1335 1993 1542 2050 habens
1573 1996 1625 2050 in
1656 2012 1713 2052 se
1740 1998 1937 2068 aliquis

360 2075 481 2129 dics
504 2073 630 2131 Jesu
664 2088 716 2131 et
748 2078 926 2134 lumen
959 2079 1159 2134 Christi
1192 2084 1395 2137 serviat
1427 2084 1657 2151 Zabuio,
1696 2097 1788 2142 aut
1823 2105 1939 2144 ser-

359 2166 473 2221 viat
502 2170 782 2224 avaritia}:
826 2186 923 2225 nec
955 2181 1133 2240 potest
1179 2173 1293 2227 fieri
1347 2185 1403 2228 ut
1439 2176 1776 2234 illnminetur
1815 2182 1938 2251 quis

358 2256 568 2315 lumine
598 2262 845 2316 veritatis
873 2273 925 2317 et
971 2265 1174 2317 serviat
1230 2268 1556 2324 mendacio:
1619 2288 1718 2327 nec
1763 2283 1938 2343 potest

362 2348 701 2407 illuminatus
733 2354 933 2409 lumine
978 2358 1454 2423 sanctificationis,
1505 2363 1713 2418 libidini
1748 2374 1800 2418 et
1830 2367 1936 2420 im~

362 2441 643 2497 munditia:
713 2446 1013 2499 deservire.
1069 2448 1313 2517 Denique
1380 2450 1460 2505 sic
1533 2462 1584 2506 et
1648 2454 1937 2523 Apostolus

364 2529 499 2585 dicit
527 2531 572 2562 ⁸³
600 2548 614 2584 :
647 2550 664 2584 ι
702 2533 834 2600 Qua:
857 2536 1001 2590 enim
1034 2538 1381 2607 participatio
1428 2550 1512 2595 est
1554 2542 1779 2612 iustitia:
1810 2562 1932 2601 cum

362 2621 690 2691 iniquitate?
712 2624 821 2678 Ant
840 2642 962 2695 quae
993 2628 1234 2683 societas
1261 2630 1365 2685 luci
1396 2634 1462 2685 ad
1488 2635 1780 2692 tenebras?
1805 2638 1937 2704 Qua:

361 2722 542 2767 autem
584 2719 939 2772 consonantia
987 2720 1209 2775 Christo
1255 2738 1379 2776 cum
1426 2724 1640 2781 Belial?
1671 2729 1773 2782 Aut
1813 2744 1936 2798 qua

358 2819 487 2875 pars
513 2806 652 2862 fideli
685 2823 807 2863 cum
844 2810 1095 2867 infideli?
1138 2833 1156 2865 ι
1208 2812 1440 2870 Oremus
1478 2832 1606 2887 ergo
1639 2829 1695 2872 ut
1721 2835 1935 2891 semper

359 2897 413 2950 in
455 2899 613 2952 nobis
651 2899 903 2957 Christus
949 2906 1039 2973 qui
1091 2916 1173 2960 est
1231 2906 1321 2959 lux
1378 2922 1527 2974 vera,
1589 2910 1750 2964 faciat
1817 2911 1933 2966 dies

357 2984 553 3085 bonos,
586 3005 687 3045 nec
727 3006 965 3061 unquam
992 2996 1057 3050 de
1083 2996 1291 3052 Zabulo
1323 3013 1421 3052 nos
1454 2997 1793 3054 illuminante
1819 2999 1929 3071 (35)
1958 3028 2000 3085 ε

358 3078 654 3135 habeamus
703 3084 756 3136 in
809 3086 972 3138 nobis
1028 3087 1145 3141 dies
1201 3089 1396 3155 malos,
1448 3091 1516 3145 de
1557 3092 1751 3160 quibus
1797 3092 1929 3147 dicit

357 3169 648 3236 Apostolus
680 3172 723 3203 “’
755 3191 767 3226 :
818 3191 835 3224 ι
868 3173 1216 3231 Redimentes
1249 3189 1478 3247 tempus.
1516 3182 1775 3249 quoniam
1813 3183 1929 3237 dies

359 3256 485 3309 mali
518 3268 664 3314 sunt.
706 3278 727 3311 ι
786 3263 911 3318 Dies
958 3266 1103 3319 enim
1155 3268 1327 3322 malos
1376 3271 1662 3335 habemus,
1714 3273 1929 3341 quando

360 3348 599 3403 carnalia
645 3365 743 3419 pro
790 3354 1125 3423 spiritalibus
1172 3360 1487 3427 quaerimus,
1549 3372 1769 3416 terrena
1830 3380 1929 3431 pro

360 3436 694 3505 coelestibus,
736 3457 834 3510 pro
880 3446 1103 3500 mternis
1133 3450 1358 3515 caduca,
1387 3455 1674 3520 przeseutia
1716 3470 1813 3523 pro
1843 3456 1928 3508 fu-

361 3528 511 3582 turis.
547 3528 602 3584 Si
648 3535 867 3600 quando
892 3550 1020 3604 ergo
1059 3538 1428 3606 hujuscemodi
1473 3544 1526 3597 in
1571 3555 1622 3600 te
1661 3546 1928 3601 desideria

359 3620 557 3675 videris
587 3626 813 3691 exoriri,
851 3626 992 3681 scito
1021 3636 1071 3682 te
1102 3629 1155 3684 in
1185 3632 1378 3686 diebus
1410 3633 1564 3689 malis
1588 3646 1641 3691 et
1677 3637 1931 3705 pessimis

357 3710 518 3782 [‘60
548 3716 779 3783 positum
808 3734 822 3772 :
850 3730 902 3774 et
936 3719 1056 3774 ideo
1090 3720 1279 3778 insiste
1312 3727 1652 3782 orationibus
1694 3738 1752 3781 ut
1796 3729 1929 3783 libe-

361 3804 492 3858 reris
528 3820 559 3857 a
599 3807 688 3863 die
724 3808 837 3875 illo,
888 3821 970 3875 et,
1026 3814 1167 3869 sicut
1220 3816 1350 3871 dicit
1401 3818 1684 3888 Apostolus
1724 3820 1793 3885 ⁷ο,
1823 3822 1930 3874 eri-

360 3895 521 3963 piaris
561 3916 579 3949 ι
615 3899 679 3953 de
727 3905 978 3968 praesenti
1030 3907 1231 3962 steculo
1282 3908 1422 3962 man
1471 3928 1485 3975 ;
1550 3929 1569 3962 ›
1636 3911 1736 3966 hoc
1785 3912 1927 3967 enim

362 3988 553 4054 modo,
611 3992 751 4058 quod
807 3997 1057 4062 superius
1115 3999 1379 4066 diximus,
1428 4017 1532 4057 no"
1589 4002 1763 4056 solum
1816 4004 1933 4061 dies

361 4078 488 4133 fiunt
527 4082 685 4147 ntali,
720 4086 812 4140 sed
857 4098 911 4142 et
938 4091 1194 4146 saeculum
1230 4093 1461 4149 efﬁcitur
1492 4095 1715 4150 malum.

427 4169 481 4222 ‘2.
527 4187 545 4221 ι
590 4172 825 4230 Servivit
898 4194 1026 4249 ergo
1086 4184 1315 4253 populus
1368 4185 1619 4246 Domino.
1680 4188 1930 4243 onmihus

362 4259 545 4314 diebus
588 4262 740 4326 Jesu,
778 4276 830 4321 et
856 4272 1106 4324 omnibus
1149 4275 1420 4328 seniormn
1462 4276 1652 4331 diebus
1686 4280 1772 4346 qui
1809 4279 1925 4333 fue-

2047 448 2202 502 ciunt
2237 447 2400 501 etiam
2430 446 2532 515 ipsi
2564 447 2679 500 dies
2720 446 2980 515 quosdam
3014 444 3068 498 in
3099 443 3256 498 nobis
3287 459 3353 496 ex
3387 442 3473 495 illa
3500 442 3624 496 luce

2046 554 2207 608 quam
2236 539 2337 608 ipsi
2372 555 2436 593 ex
2474 555 2602 592 vera
2634 539 2757 593 luce
2784 536 3097 608 participati
3134 544 3280 602 sunt,
3305 534 3626 590 venientes?

2045 628 2149 695 Qui
2182 644 2313 697 ergo
2343 628 2683 682 illnminatur
2713 637 2768 682 et
2807 627 3097 682 instruitur
3129 640 3195 680 ex
3249 625 3621 694 apostolorum

2045 721 2349 788 praeceptis,
2403 728 2455 773 et
2500 720 2564 772 ad
2606 719 2884 773 servitimn
2922 716 3131 771 Domini
3186 716 3499 785 apostolicis
3537 732 3619 768 re-

2045 810 2183 880 gulis
2209 809 2515 872 instruitur,
2548 809 2648 863 iste
2676 818 2759 862 est
2790 808 2880 877 qui
2910 808 3122 862 servire
3153 805 3355 860 dicitur
3394 805 3620 859 Domino

2044 902 2098 956 in
2128 901 2318 956 diebus
2358 901 2630 955 seniorum
2686 899 2779 967 qui
2824 898 3045 951 fuerunt
3098 906 3217 966 post
3261 895 3469 950 Jesum.
3523 895 3618 949 Vis

2046 1000 2229 1045 autem
2284 989 2469 1043 videre
2501 991 2624 1057 quia
2667 988 2808 1042 sicut
2842 986 3094 1042 Salvator
3128 1004 3147 1037 ι
3180 994 3296 1039 erat
3333 986 3421 1039 lux
3466 1000 3617 1049 vera,

2045 1096 2166 1149 quae
2195 1079 2466 1134 illuminat
2494 1092 2709 1132 omnem
2733 1075 3009 1131 hominem
3049 1073 3354 1128 venientem
3389 1074 3442 1125 in
3474 1073 3619 1125 hunc

2044 1171 2306 1225 mundum
2342 1170 2409 1235 ",
2449 1189 2468 1221 ι
2506 1169 2579 1222 ita
2607 1179 2663 1223 et
2693 1167 2919 1238 apostoli
2962 1166 3048 1220 lux
3091 1172 3246 1217 erant
3289 1163 3473 1216 mundi
3503 1163 3525 1215 ?
3559 1162 3615 1215 ln

2053 1261 2347 1332 Evangelio
2372 1263 2635 1330 scriptum
2661 1268 2767 1324 est,
2797 1260 3010 1314 dicente
3040 1257 3265 1311 Domino
3297 1254 3363 1308 ad
3397 1268 3491 1309 eos
3523 1254 3568 1285 ⁷³
3599 1272 3613 1307 :

2049 1374 2066 1406 ι
2104 1354 2210 1409 Vos
2255 1354 2387 1408 estis
2438 1353 2526 1406 iux
2578 1353 2787 1406 mundi.
2833 1370 2851 1401 ι
2889 1350 3039 1416 Quod
3077 1349 3120 1402 si
3168 1348 3335 1402 etiam
3384 1346 3613 1414 apostoli

2043 1445 2131 1499 lux
2168 1454 2294 1499 sunt
2324 1445 2531 1511 mundi,
2568 1444 2684 1497 sine
2720 1443 2886 1497 dubio
2919 1456 3015 1509 per
3048 1447 3318 1509 praecepta
3364 1448 3418 1492 et
3464 1453 3616 1491 man-

2042 1538 2166 1591 data
2202 1552 2299 1590 sua
2338 1535 2644 1589 illuminant
2672 1533 2828 1587 nobis
2861 1532 3001 1598 dies,
3046 1531 3098 1584 iu
3145 1529 3338 1599 quibus
3383 1529 3613 1583 Domino

2043 1644 2362 1684 εοινιίιιιιιις.

2114 1719 2167 1772 ’5.
2211 1718 2362 1783 Quod
2411 1726 2590 1771 autem
2636 1714 2811 1769 dixit:
2848 1732 2865 1764 ι
2904 1712 3168 1767 Omnibus
3199 1712 3390 1765 diebus
3436 1710 3616 1764 senio-

2042 1827 2184 1875 rum,
2215 1811 2304 1878 qui
2340 1810 2647 1877 longiorum
2688 1806 2895 1862 dicrum
2924 1805 3146 1857 fuerunt
3188 1813 3306 1872 post
3340 1802 3550 1864 losum,
3590 1821 3610 1854 ο

2041 1918 2139 1955 nec
2182 1902 2282 1954 hoe
2313 1901 2442 1953 mihi
2468 1901 2643 1952 otiose
2672 1898 2875 1951 dictum
2920 1896 3153 1957 videtur,
3208 1894 3346 1962 quod
3391 1893 3611 1962 longaevi

2040 1994 2123 2048 vel
2157 1993 2463 2061 longiorum
2498 1991 2708 2042 dierum
2744 1988 3002 2041 dicuntur
3046 2002 3167 2041 esse
3217 1986 3481 2050 seniores,
3519 1986 3611 2053 qui

2040 2093 2162 2155 post
2185 2081 2367 2137 Jesum
2410 2081 2647 2135 fuerunt.
2682 2077 2744 2130 Et
2767 2078 2981 2147 quidem
3010 2075 3101 2129 Dei
3136 2086 3216 2129 est
3248 2075 3418 2129 solius
3444 2090 3606 2129 nosse

2043 2185 2161 2244 post
2191 2173 2373 2228 Jcsum
2404 2172 2527 2243 quis
2559 2169 2721 2224 fuerit
2755 2171 2895 2223 inter
2920 2169 3165 2223 seniores
3194 2167 3285 2236 qui
3316 2167 3613 2235 longiorem

2040 2268 2180 2321 diem
2227 2265 2431 2325 fecerit,
2486 2264 2538 2317 id
2575 2271 2675 2325 est,
2712 2262 2802 2331 qui
2840 2261 3103 2329 majorem
3152 2275 3217 2313 ex
3263 2274 3321 2312 se
3369 2257 3617 2311 emiserit

2039 2360 2233 2420 lucem,
2277 2366 2455 2409 utrum
2508 2354 2720 2415 Petrus,
2776 2368 2843 2406 an
2879 2351 3105 2413 Paulus,
3149 2351 3607 2413 Bartholomzens,

2038 2465 2102 2502 an
2174 2447 2472 2501 Joannes:
2534 2454 2905 2498 vertuntamcn
2984 2444 3285 2512 longiorum
3362 2441 3616 2493 dicuntur

2038 2537 2246 2591 dierum
2275 2537 2472 2591 sancti.
2508 2535 2828 2589 Econtrario
2879 2549 3009 2588 vero
3055 2544 3204 2597 huic,
3254 2533 3471 2602 quando
3513 2532 3615 2585 iste

2039 2629 2272 2682 tnundus
2333 2626 2488 2680 malis
2545 2626 2849 2694 replebitur
2890 2624 3025 2695 (54),
3076 2622 3297 2692 quando
3347 2639 3367 2673 ι
3405 2622 3612 2675 incres-

2038 2731 2195 2775 cente
2244 2719 2527 2789 iniquitate
2565 2718 2887 2787 refrigescet
2939 2716 3182 2769 eharitas
3222 2716 3511 2767 multorum
3544 2713 3612 2778 ⁷⁸,

2038 2823 2093 2867 et
2118 2812 2335 2881 quando
2374 2811 2601 2864 veniens
2644 2809 2816 2863 Filius
2876 2806 3132 2865 lmminis,
3189 2804 3406 2859 dillicile
3454 2806 3611 2857 fidem

2039 2905 2279 2957 inveniet
2308 2918 2472 2971 super
2505 2912 2705 2956 terram
2744 2902 2974 2957 ".itunc
3013 2915 3119 2952 non
3152 2898 3408 2953 dicuntur
3444 2898 3613 2952 futuri

2037 2993 2182 3062 longi
2226 2994 2365 3058 dies,
2409 2993 2502 3048 sed
2557 2991 2730 3061 magis
2777 2990 3087 3044 abbreviari
3147 2990 3421 3052 diettntur,
3473 2989 3615 3043 sicut

2035 3084 2170 3138 dixit
2201 3084 2459 3138 Dominus
2487 3082 2556 3146 ⁷⁸,
2576 3084 2729 3150 quiat
2749 3082 2848 3136 nisi
2876 3083 3178 3139 abbreviati
3226 3085 3453 3139 fuissent
3497 3083 3615 3135 dies

2034 3174 2131 3237 illi,
2176 3188 2279 3227 non
2323 3172 2474 3227 fieret
2520 3173 2668 3226 salva
2713 3172 2820 3225 ulla
2873 3188 3023 3228 caro.
3071 3193 3090 3227 ι
3156 3174 3277 3227 Mali
3318 3190 3450 3241 ergo
3491 3174 3608 3228 dies

2036 3260 2271 3314 breviari
2320 3260 2617 3314 dicuntur:
2648 3260 2875 3329 longaevi
2927 3271 3107 3315 autem
3154 3272 3301 3327 sunt,
3349 3273 3404 3317 et
3456 3262 3611 3319 multi

2035 3350 2295 3418 temporis
2324 3359 2377 3403 et
2418 3351 2636 3418 grandis
2667 3352 3073 3419 quodammodo
3108 3356 3267 3422 spatii
3305 3355 3421 3408 dies
3460 3356 3610 3420 boni,

2034 3442 2086 3496 in
2138 3442 2334 3511 quibus
2385 3442 2611 3496 Domino
2666 3442 2951 3497 servimus.
3013 3443 3149 3498 Vide
3184 3454 3363 3499 tamen
3401 3445 3527 3513 quia
3558 3453 3614 3499 et

2035 3535 2136 3588 hoc
2186 3534 2490 3604 designavit
2547 3533 2599 3587 in
2651 3532 2946 3603 Evangelia
2988 3535 3053 3600 ⁷⁷,
3110 3536 3257 3604 quod
3320 3553 3339 3586 ι
3390 3545 3614 3605 propter

2035 3626 2244 3679 electos
2291 3625 2687 3680 breviabuntur
2732 3624 2850 3680 dies
2905 3626 3002 3681 illi.
3039 3645 3057 3678 ι
3093 3627 3291 3682 Electis
3326 3643 3454 3698 ergo
3484 3630 3612 3683 bre-

2033 3720 2326 3771 viabuntur
2376 3718 2492 3771 dies
2543 3717 2696 3782 mali,
2745 3718 2861 3772 dies
2896 3718 3201 3788 iniquitatis
3243 3728 3297 3773 et
3323 3719 3609 3773 scandali:

2033 3819 2082 3865 et
2131 3820 2188 3862 ut
2221 3825 2321 3880 ego
2366 3809 2627 3873 arbitror,
2679 3823 2801 3860 cum
2845 3811 3015 3865 semel
3077 3811 3268 3866 electis
3317 3810 3435 3865 dies
3484 3812 3610 3865 mali

2035 3903 2301 3972 cmperiut
2332 3900 2586 3965 breviari,
2628 3914 2846 3971 semper
2892 3902 3211 3958 breviantur
3249 3911 3304 3958 et
3354 3904 3612 3961 mimum-

2035 4004 2123 4049 tur
2160 3992 2298 4064 ('55),
2328 4007 2500 4061 usque
2548 3993 2673 4045 dum
2712 3994 2779 4047 ad
2812 3994 3037 4047 nihilum
3067 3997 3408 4066 redigantur,
3437 4009 3493 4053 et
3520 4012 3613 4069 pe-

2032 4088 2178 4141 nitus
2223 4086 2535 4140 exolescant
2587 4098 2750 4157 atque
2804 4088 2867 4139 ad
2934 4087 3181 4140 ultimum
3233 4101 3474 4159 pereant.
3534 4093 3612 4146 Ex

2031 4178 2227 4247 quibus
2279 4193 2445 4242 unus,
2501 4189 2650 4246 puto,
2702 4190 2825 4234 erat
2871 4189 2925 4233 et
2976 4178 3064 4231 ille
3111 4181 3201 4248 qui
3255 4182 3470 4237 dicebat
3521 4184 3607 4238 ’3:

2038 4288 2056 4320 ι
2103 4270 2298 4324 Pereat
2347 4271 2437 4324 illa
2471 4272 2589 4325 dies
2640 4272 2692 4326 in
2723 4288 2826 4339 qua
2885 4282 3043 4325 natus
3095 4287 3237 4326 sum.
3279 4292 3298 4325 ι
3348 4274 3437 4328 Sic
3480 4291 3612 4344 ergo

363 4352 470 4405 rint
518 4364 638 4421 post
691 4356 874 4412 Jcsum
915 4361 980 4413 τί.
1027 4382 1047 4416 ι
1097 4364 1294 4421 Beatus
1347 4378 1431 4422 est
1479 4370 1570 4439 qui
1625 4371 1678 4423 in
1734 4373 1922 4426 diebus
1960 4371 2003 4424 Ι)
2030 4361 2216 4415 electis
2260 4361 2375 4415 dies
2408 4362 2533 4415 mali
2566 4364 2879 4417 breviantur
2916 4373 2968 4417 et
3002 4373 3234 4431 pereunt
3276 4366 3437 4420 :dies
3482 4381 3612 4423 vero

364 4439 482 4496 Jesn
532 4446 699 4498 servit
743 4447 991 4517 Domino,
1044 4456 1133 4521 qui
1169 4457 1333 4511 verbo
1385 4469 1440 4513 et
1490 4462 1753 4530 sapientia
1808 4463 1926 4531 ejus

364 4534 710 4624 illnminatur,
746 4543 834 4609 qui
878 4549 1157 4614 praeceptis
1194 4549 1312 4618 ejus
1362 4551 1684 4617 illustratur,
1737 4556 1825 4624 qui
1860 4572 1925 4609 ex

366 4621 600 4680 doctrina
656 4627 772 4696 ejus
842 4635 1041 4704 accipit
1094 4637 1274 4692 lumen
1348 4642 1618 4696 scientiae.
1677 4621 1927 4699 Secundo

367 4724 535 4770 autem
576 4718 715 4787 loco,
754 4731 805 4776 et
849 4725 938 4780 ille
976 4738 1096 4798 post
1140 4730 1282 4785 hunc
1328 4742 1413 4786 est
1462 4735 1689 4798 beatus,
1745 4737 1834 4805 qui
1874 4737 1925 4789 in

364 4806 544 4863 diebus
576 4812 847 4868 seniorum
888 4819 981 4887 qui
1027 4819 1243 4875 fuerunt
1273 4832 1392 4891 post
1446 4823 1654 4889 Jesum,
1695 4826 1922 4883 Domino

364 4900 542 4952 servit.
576 4900 831 4960 Seniores
859 4909 948 4976 qui
985 4910 1066 4965 vel
1102 4927 1222 4965 cum
1254 4913 1406 4982 Jesu,
1446 4916 1526 4971 vel
1566 4926 1688 4984 post
1737 4917 1921 4971 Jesnm

367 4989 595 5060 inerunt,
624 4999 718 5066 qui
748 5010 876 5055 sunt
908 5004 1008 5058 nisi
1038 5008 1297 5075 apostoli,
1330 5012 1423 5079 qui
1454 5019 1509 5065 et
1558 5004 1659 5079 ipsi
1708 5011 1926 5081 scriptis

427 5155 467 5187 "
494 5156 555 5211 11.
588 5159 711 5214 Cor.
734 5176 809 5227 vt,
842 5162 926 5225 Η,
960 5165 1044 5219 15.

427 5169 467 5187 '"'
495 5169 555 5211 ll.
588 5169 711 5214 Cor.
734 5176 809 5227 vt,
842 5169 926 5225 H,
960 5169 1044 5219 15.
1123 5169 1166 5199 ⁶⁰
1197 5169 1389 5235 Ephes.
1420 5170 1578 5231 v.16.

363 5224 408 5252 τι
447 5227 608 5252 ιι....ι.
685 5247 812 5252 _-___-
899 5234 960 5252 an
1059 5238 1106 5252 η
1158 5237 1178 5252 ι
1574 5244 1578 5252 λ

387 5226 408 5259 ⁸
446 5227 633 5285 Matth.
685 5247 850 5296 χχιιι,
895 5234 981 5289 12.

429 5408 537 5489 ςὸίὲ)
583 5406 733 5489 Unus
789 5414 957 5489 codex
1003 5416 1367 5481 Ehroicensis,
1418 5438 1434 5471 ι
1466 5421 1555 5489 ιιιιί
1612 5422 1829 5477 divitias
1870 5431 1925 5478 et

366 5478 664 5551 voluptates
692 5483 954 5551 pessimas
979 5497 1035 5538 et
1063 5489 1294 5541 honores
1356 5478 1373 5539 ι

369 5549 542 5671 magiam
583 5548 738 5668 5,185.,
799 5570 818 5604 ι
863 5554 1228 5611 illuminante.
1282 5578 1299 5611 ι
1352 5560 1507 5613 Libh.
1550 5562 1701 5626 editi,
1753 5581 1772 5613 ι
1804 5563 1923 5618 illn-

430 5686 537 5757 (54)
584 5686 731 5749 Unus
756 5694 952 5763 codex,
1005 5716 1021 5749 ι
1054 5712 1191 5755 nunc
1228 5717 1349 5755 cum
1380 5701 1650 5755 suntttiztiis
1693 5702 1921 5756 mundus

132 6030 311 6244 5"
380 6182 907 6244 -__-

1656 5169 1923 5236 '°(}al.l,
1957 5175 2015 5228 4.

1059 5238 1107 5270 ⁷⁸
1158 5237 1289 5293 Luc.
1354 5256 1522 5303 xvm,
1571 5240 1625 5294 8.
1666 5237 1712 5266 ⁷⁸
1755 5241 1941 5294 Matth.
1968 5256 2118 5303 χχιιι,
2146 5239 2235 5293 2:2.

2026 4454 2298 4508 seniorum
2342 4463 2652 4507 sanctorum
2705 4453 2929 4522 lang:evi
2961 4464 3089 4507 sunt
3121 4466 3173 4507 et
3209 4454 3430 4522 prolixi.
3500 4455 3610 4511 Sed

2025 4545 2227 4599 etillud
2268 4546 2408 4615 quod
2458 4546 2769 4601 dicentibus
2808 4546 2963 4601 nobis
2998 4548 3265 4611 occurrit,
3300 4558 3353 4601 et
3398 4550 3546 4602 utina

2028 4638 2253 4692 Domino
2301 4646 2625 4706 suggerente
2652 4640 2956 4692 occurrerit
2994 4640 3131 4710 (56),
3171 4647 3486 4709 ιπεΡιθιὋιιιιΔ

2032 4746 2140 4785 non
2168 4739 2272 4795 est,
2310 4729 2454 4799 quod
2484 4729 2622 4784 dixit
2644 4730 2713 4797 "°,
2746 4732 2872 4800 quia
2912 4734 2944 4783 ἰ
2975 4735 3200 4787 servivit
3247 4732 3422 4801 popul-

2035 4822 2182 4875 inino
2209 4819 2463 4874 omnibus
2495 4819 2690 4876 diebus
2722 4819 2850 4876 Jesu
2884 4838 2896 4885 ;
2933 4840 2951 4872 ι
2981 4838 3086 4875 ηοη
3119 4823 3253 4876 dixit
3280 4838 3364 4876 ιιιι·

2034 4915 2201 4971 fuisse
2253 4916 2403 4984 Jesu,
2440 4919 2534 4973 sed
2588 4918 2741 4972 multi
2774 4927 2901 4972 sunt
2951 4912 3065 4974 dies
3104 4917 3252 4975 Jesu.
3302 4940 3303 4945 η

2035 5007 2147 5079 (57)
2181 5009 2380 5064 multos
2415 5009 2666 5079 ponimus
2696 5010 2816 5064 dies
2844 5011 3147 5066 secundum
3180 5012 3231 5065 lu

2085 5171 2129 5202 τι
2167 5168 2289 5221 Jnd.
2327 5186 2385 5233 ιι,
2420 5169 2471 5222 7.

2314 5240 2357 5269 ⁷⁷
2386 5240 2516 5294 ibid.

2578 5170 2623 5201 ’τ
2664 5168 2820 5223 Jonn.
2871 5187 2907 5233 I,
2952 5171 3003 5223 9.
3115 5158 3134 5201 θ

2596 5241 2641 5270 ⁷⁸
2687 5239 2788 5295 Job
2842 5256 2923 5305 ιιι,
2966 5241 3022 5295 5.

2035 5421 2351 5490 replebitur.
2392 5439 2410 5471 ι

2105 5491 2218 5560 (35)
2260 5489 2411 5545 Unus
2446 5504 2572 5552 ms.,
2615 5508 2632 5540 ι
2664 5490 2907 5545 breviab-

2103 5562 2213 5627 (56)
2259 5560 2408 5614 Unus
2433 5577 2559 5623 tns.,
2601 5580 2619 5610 ι
2656 5575 2869 5615 οςειιην

2032 5640 2298 5685 curreret.
2335 5648 2353 5680 ι

2103 5702 2214 5771 (57)
2261 5700 2408 5758 Unus
2443 5718 2570 5767 ms.,
2606 5719 2623 5752 ι
2660 5717 2762 5771 quc
