4058 6244
520 277 627 333 95’5

508 407 672 464 quem
722 389 1121 461 exposuimus?
1182 389 1294 462 Ego
1359 389 1441 445 sic
1496 389 1737 445 arbitror
1784 392 1925 459 quod
1973 391 2089 446 dies
2120 394 2163 450 Α

510 500 651 541 unus
704 486 876 555 ipsius
916 493 1001 539 est
1037 483 1269 554 iustitia,
1320 484 1458 537 alius
1508 485 1893 552 sanctiﬁcatio,
1946 484 2088 538 alius

509 577 826 646 prudentia,
859 575 999 631 alius
1034 576 1436 640 misericordia,
1488 586 1545 631 et
1593 576 1676 631 sic
1732 592 1828 647 per
1871 577 2085 647 singula

509 669 773 723 virtutum
820 667 958 724 dona
1000 668 1120 722 dies
1171 677 1552 737 computantur
1590 666 1754 733 Jesu,
1793 668 1844 721 in
1890 666 2091 737 quibus

513 759 743 814 Domino
780 761 1043 822 servitur,
1076 759 1201 828 quia
1232 758 1284 812 in
1321 758 1404 812 his
1442 759 1734 813 virtutibus
1762 759 1926 812 animi
1975 759 2083 813 Do-

511 849 662 903 mino
696 849 962 919 placetur.
998 847 1103 904 Sed
1133 859 1186 903 et
1214 849 1532 917 patientiam
1566 858 1877 919 computato
1920 850 2085 914 diem,

508 952 566 995 et
607 940 1094 1002 mansuetudinem,
1152 948 1209 993 et
1263 939 1545 1007 pietatem,
1577 949 1633 994 et
1658 939 1980 1006 bonitatem,
2033 953 2088 996 et

507 1046 669 1087 omne
692 1033 837 1103 quod
862 1033 928 1085 ad
956 1033 1216 1085 virtutem
1242 1031 1503 1099 pertinet,
1533 1032 1702 1101 ipsius
1727 1033 1893 1088 dicito
1921 1034 2085 1089 diem.

508 1122 578 1177 Et
610 1123 690 1177 sic
723 1125 775 1177 in
802 1122 1056 1176 omnibus
1088 1121 1284 1177 diebus
1317 1108 1456 1177 'Jesu
1493 1123 1722 1179 Domino
1766 1125 1986 1192 servies,
2036 1126 2085 1180 id

508 1223 593 1267 est
634 1214 688 1266 in
730 1212 989 1266 omnibus
1016 1212 1101 1266 his
1131 1211 1445 1267 virtutibus.
1478 1211 1595 1268 Non
1627 1215 1772 1269 enim
1800 1214 1917 1268 vult
1947 1214 2089 1269 Scri-

506 1314 682 1373 ptura;
725 1311 932 1358 sancta:
976 1304 1267 1369 institutio,
1318 1316 1374 1361 ut
1418 1306 1632 1374 aliquas
1678 1321 1744 1362 ex
1792 1306 1875 1361 his
1917 1308 2086 1361 virtu-

509 1396 654 1450 tibus
687 1395 892 1452 habeas
921 1397 973 1451 in
1009 1406 1079 1462 te,
1113 1410 1162 1455 et
1196 1400 1332 1453 alias
1382 1399 1647 1467 negligas,
1695 1400 1786 1453 sed
1829 1408 1883 1452 ut
1909 1398 2089 1453 omni-

508 1486 616 1541 bus
642 1486 729 1543 his
760 1486 1057 1543 virtutibus
1088 1490 1413 1553 adornatus,
1464 1499 1517 1546 et
1564 1489 1615 1544 in
1660 1504 1848 1545 earum
1878 1490 2089 1544 actibus

505 1578 718 1649 positus
754 1580 964 1635 servias
1000 1580 1252 1636 Domino.
1307 1580 1509 1635 Eodem
1557 1582 1718 1635 modo
1760 1581 1881 1649 quis
1925 1581 2086 1635 etiam

510 1668 797 1724 seniorum
849 1671 965 1726 dies
1016 1672 1177 1726 habet
1224 1672 1279 1726 in
1321 1687 1402 1737 se,
1450 1680 1503 1726 et
1556 1671 1610 1726 in
1659 1672 1852 1727 diebus
1896 1686 2085 1728 eorum

509 1760 679 1815 servit
712 1760 967 1828 Domino,
1014 1762 1247 1832 implens
1294 1763 1422 1818 illud
1454 1764 1598 1833 quod
1642 1764 1775 1818 dicit
1807 1764 2087 1834 apostolus
2118 1741 2161 1797 Β

512 1847 717 1907 Paulus
752 1852 841 1910 “z
892 1854 1252 1910 «imitatores
1305 1854 1409 1910 mei
1454 1863 1649 1920 estote,
1691 1853 1836 1909 sicut
1884 1862 1939 1909 et
1987 1869 2090 1926 ego

510 1944 739 1999 Christi.
773 1962 792 1997 ι

583 2032 639 2089 4.
687 2050 706 2085 ι
746 2031 803 2086 lu
837 2032 1054 2101 diebus,
1088 2032 1265 2105 inquit
1293 2035 1367 2100 ἰ,
1396 2034 1674 2091 seniorum
1714 2050 1902 2091 eorum
1927 2074 1944 2101 ,
1994 2035 2087 2106 qui

507 2133 889 2192 cognoverunt
922 2125 1106 2179 omnia
1152 2140 1321 2195 opera
1368 2126 1604 2181 Domini.
1640 2144 1660 2180 ι
1708 2126 1841 2195 Quis
1874 2134 1955 2182 est.
1996 2126 2089 2196 qui

507 2215 795 2282 cognoscit
831 2216 1016 2272 omnia
1051 2230 1219 2286 opera
1255 2217 1490 2282 Domini,
1525 2218 1626 2274 nisi
1672 2221 1764 2290 qui
1812 2219 1944 2277 facit
1985 2221 2090 2276 ea?

511 2303 663 2360 Sicut
697 2306 839 2361 enim
868 2306 1076 2363 dictum
1110 2317 1195 2362 est
1228 2308 1296 2362 de
1327 2308 1455 2364 ﬁliis
1482 2308 1596 2363 Heli
1640 2311 1709 2376 ⁸³,
1744 2312 1869 2381 quia
1904 2321 2091 2369 essent

513 2413 533 2446 ι
573 2396 665 2449 ﬁlii
696 2396 1035 2466 pestilentia,
1076 2399 1380 2454 nescientes
1411 2400 1716 2465 Dominum,
1752 2420 1771 2454 ι
1803 2417 1908 2457 non
1946 2403 2088 2473 quod

508 2486 832 2556 ignorarent
863 2488 1171 2551 Dominum,
1206 2492 1296 2558 qui
1335 2492 1526 2560 utique
1556 2503 1610 2546 et
1650 2495 1901 2551 doctores
1934 2505 2089 2551 erant

510 2588 858 2643 cancrorum,
893 2580 987 2634 sed
1019 2581 1146 2650 quia
1181 2581 1261 2635 sic
1293 2582 1528 2652 agebant
1559 2594 1619 2637 ut
1659 2595 1826 2653 agunt
1862 2586 1961 2651 illi,
1994 2587 2086 2657 qui

508 2668 761 2724 nesciunt.
796 2669 1117 2727 Dominum:
1155 2673 1259 2728 hoc
1297 2674 1461 2729 modo
1499 2674 1667 2730 etiam
1712 2676 1801 2731 hic
1847 2678 2090 2735 sentien-

510 2760 638 2813 dum
670 2769 756 2816 est
793 2762 937 2831 quod
964 2763 1119 2829 dicit,
1153 2781 1173 2815 ι
1202 2764 1296 2834 qui
1344 2779 1718 2835 cognoverunt
1748 2783 1911 2824 omne
1950 2786 2088 2841 Opus

510 2849 749 2907 Domini.
785 2870 805 2904 ι
842 2852 910 2907 Ει
940 2852 1054 2923 (58)
1086 2869 1190 2908 non
1228 2853 1427 2920 solum,
1477 2855 1674 2927 inquit,
1716 2870 2090 2928 cognoverunt

508 2955 648 3011 opus
675 2939 912 3005 Domini,
944 2943 1037 2997 sed
1067 2943 1298 3008 addidit,
1339 2961 1359 2995 ι
1395 2946 1484 3014 qui
1516 2960 1677 3001 omne
1706 2961 1843 3019 Opus
1881 2965 2085 3021 cogno-

508 3042 707 3085 verunt
762 3031 1022 3099 Domini;
1062 3051 1081 3088 ι
1123 3034 1174 3090 id
1215 3044 1318 3101 est,
1361 3036 1453 3106 qui
1501 3049 1873 3105 cognoverunt
1911 3051 1961 3096 et
1998 3041 2085 3112 ju-

507 3123 673 3177 stitiaa
702 3138 840 3193 opus
870 3123 1103 3189 Domini.
1137 3134 1192 3182 ει
1226 3100 1679 3184 sanctiﬁcationis
1719 3146 1876 3200 opus,
1902 3141 1955 3187 et
1986 3100 2081 3202 pa-
2113 3100 2155 3159 C

510 3214 753 3281 tientiaz,
806 3225 861 3272 et
909 3219 1364 3283 mansuetudinis,
1414 3230 1467 3275 et
1510 3220 1750 3291 pietatis.
1802 3223 1865 3278 Et
1921 3240 2081 3280 omne

508 3306 771 3377 quidquid
798 3322 863 3362 ex
902 3310 1173 3365 mandatis
1199 3310 1291 3365 Dei
1334 3313 1510 3377 venit,
1564 3329 1697 3384 opus
1750 3315 1956 3371 Domini
2003 3318 2084 3371 di-

506 3400 674 3452 citur.
723 3397 830 3453 Sed
877 3398 1021 3453 sicut
1072 3409 1157 3456 est
1197 3416 1335 3471 opus
1377 3403 1617 3470 Domini,
1675 3417 1757 3460 est
1806 3408 1925 3462 sine
1976 3410 2079 3461 du-

507 3490 601 3546 bio
662 3488 790 3545 huic
851 3492 1193 3546 contrarium
1258 3508 1395 3562 opus
1455 3495 1665 3551 Zabnli.
1729 3498 1946 3552 Certum
2002 3508 2086 3555 est

507 3581 688 3646 enim,
738 3582 863 3650 quia
924 3582 1066 3637 sicut
1119 3584 1331 3654 justitia
1392 3595 1477 3641 est
1537 3602 1673 3656 opus
1718 3589 1847 3654 Dei,
1896 3592 1970 3643 ita
2029 3601 2085 3645 et

509 3671 779 3742 iujustitia
818 3687 955 3743 opus
1002 3673 1196 3729 Zabuli
1224 3692 1239 3728 :
1271 3686 1327 3729 et
1362 3675 1506 3732 sicut
1548 3680 1906 3734 mansuetudo
1949 3695 2085 3749 opus

510 3760 607 3816 Dei
649 3770 758 3829 est,
805 3763 877 3818 ita
909 3774 965 3819 et
1009 3765 1088 3819 ira
1136 3774 1190 3821 ει
1235 3766 1385 3822 furor
1429 3783 1564 3837 opus
1608 3769 1681 3822 sit
1720 3768 1931 3827 Zabuli.
1973 3772 2080 3827 Co-

509 3855 761 3923 gnovisse
806 3871 936 3928 ergo
979 3857 1240 3914 dicuntur
1288 3874 1426 3929 opus
1476 3860 1591 3923 Dei.
1642 3862 1715 3917 illi
1752 3863 1841 3932 qui
1876 3865 2086 3918 faciunt

508 3964 646 4016 opus
690 3948 829 4016 ejus.
864 3948 936 4006 Ut
966 3959 1147 4005 autem
1218 3951 1321 4007 hoc
1383 3953 1616 4021 amplius
1664 3969 1726 4009 ex
1776 3954 2084 4024 Scriptura-

511 4055 630 4093 rum
663 4041 984 4094 auctoritate
1027 4040 1313 4102 clarescat.
1363 4043 1636 4110 quomodo
1684 4043 1855 4099 soleat
1904 4045 2086 4101 dicere

514 4129 822 4196 Scriptura,
855 4144 1210 4197 cognoscere,
1257 4131 1339 4185 vel
1380 4132 1613 4193 nescire,
1653 4135 1773 4189 vide
1809 4138 2085 4203 quomodo

510 4219 672 4291 46],
687 4221 849 4274 etiam
877 4222 1005 4275 alibi
1033 4222 1293 4290 scriptum
1320 4232 1404 4278 est
1433 4222 1479 4255 ⁸³
1509 4240 1522 4275 :
1563 4223 1695 4291 «Qui
1732 4229 2082 4292 custodit,in-

510 4312 655 4379 quit,
680 4312 1018 4377 mandatum,
1040 4312 1245 4367 nesciet
1271 4312 1496 4367 verbum
1519 4316 1880 4384 malum.»Qui
1901 4329 2082 4374 autem

512 4405 827 4457 mandatum
876 4405 1133 4468 custodit,
1174 4413 1353 4473 potest
1391 4404 1505 4461 ﬁeri
1558 4416 1616 4462 ut
1655 4411 1867 4464 nesciat
1919 4412 2081 4466 verba
2116 4446 2161 4505 ο

512 4494 693 4548 mala?
732 4494 848 4549 Scit
903 4495 1153 4563 quidem,
1201 4496 1295 4549 sed
1349 4497 1559 4551 nescire
1596 4514 1695 4567 pro
1744 4514 1809 4555 eo
1861 4500 2080 4565 dicitur,

514 4584 658 4649 quod
702 4598 763 4637 ea
808 4593 965 4637 cavet
993 4592 1048 4637 et
1073 4584 1230 4638 vitat.
1264 4584 1353 4638 Sic
1383 4587 1453 4639 de
1476 4588 1667 4641 eodem
1711 4588 1827 4658 ipso
1855 4590 2084 4645 Domino

510 4685 567 4730 et
610 4673 892 4729 Salvatore
932 4676 1076 4743 quod
1110 4671 1310 4728 dictum
1346 4684 1429 4730 est
1454 4676 1530 4743 ",
1579 4696 1597 4729 ι
1624 4694 1730 4733 non
1780 4681 1926 4733 novit
1954 4696 2081 4751 pec-

510 4775 720 4831 catum,
742 4776 979 4825 icertum
999 4765 1215 4838 estquia
1234 4765 1513 4835 ignorasse
1544 4770 1743 4824 dicitur
1774 4782 2077 4841 peccatum,

510 4875 610 4936 pro
638 4876 704 4916 co
733 4860 874 4928 quod
900 4874 1006 4914 non
1029 4858 1140 4930 egit
1168 4873 1305 4927 opus
1344 4862 1577 4928 peccati.
1612 4859 1725 4916 lloc
1758 4878 1890 4933 ergo
1919 4867 2079 4920 modo

447 5015 453 5024 ,
508 4963 561 5009 ει
594 4953 685 5008 ille
718 4953 919 5007 dicitur
949 4968 1280 5025 cognoscere
1313 4970 1475 5025 opera
1515 4957 1747 5021 Domini,
1786 4960 1876 5029 qui
1913 4975 2075 5030 opera

441 5028 449 5049 ’
510 5040 725 5103 Domini
752 5044 903 5103 facit.
933 5045 1152 5118 Ignorat
1179 5056 1358 5102 autem
1390 5064 1526 5120 opus
1557 5049 1675 5117 Dci,
1707 5028 1815 5122 qui,
1836 5028 2081 5125 nonagit

510 5149 649 5202 opus
679 5136 798 5192 Dei.

578 5227 631 5282 5.
670 5226 775 5284 Sed
805 5237 862 5285 et
885 5228 1020 5285 illud
1051 5230 1324 5300 quomodo
1365 5232 1706 5301 pmterimns
1742 5234 1884 5304 quod
1920 5234 2077 5289 addi-

512 5318 684 5372 dit”:
718 5338 737 5371 ι
769 5320 869 5387 Qui
898 5331 1271 5391 cognoverunt
1293 5337 1456 5393 opera
1480 5325 1690 5379 Domini
1724 5341 1918 5396 inagna
1938 5326 2075 5396 (39),

613 5408 661 5440 ⁸⁵⁸
692 5405 861 5464 lCor.
896 5427 971 5474 IV,
999 5412 1084 5467 16.
1188 5414 1230 5446 ⁸⁸
1276 5414 1398 5471 Jud.
1454 5432 1516 5478 ιι,
1544 5416 1591 5468 7.

577 5597 920 5677 .(5.8)th5.,_
946 5599 1104 5677 μή(ιυί
1138 5608 1519 5677 removerunt
1572 5616 1734 5677 omne
1789 5616 1925 5669 opus
1980 5601 2083 5654 Do-

516 5665 669 5793 mini.
710 5665 794 5722 Et.
829 5688 848 5722 ι
899 5667 1058 5726 Libb.
1084 5665 1239 5740 editi,
1270 5689 1291 5724 ι
1324 5672 1414 5741 qui
1442 5673 1694 5740 cognovit
1722 5665 1881 5727 omne
1919 5687 2075 5743 opus.

1981 273 2305 347 ORIGENIS

1694 5416 1738 5447 ⁸¹
1778 5418 1793 5470 Ι
1828 5418 1959 5487 Reg.
1994 5432 2054 5479 II,
2090 5417 2174 5487 12.

509 5477 557 5509 "
584 5477 743 5534 Joan.
780 5494 861 5545 ιιι,
891 5480 976 5536 16.
1052 5484 1096 5516 ⁸⁷
1127 5482 1250 5539 Jud.
1290 5501 1348 5548 ll,
1376 5484 1428 5539 8.
1504 5477 1552 5517 ⁸⁸
1582 5486 1701 5540 Gal.
1741 5503 1798 5550 Il,
1836 5477 1934 5543 2οΪ
2002 5477 2048 5521 δέ
2086 5489 2090 5541 .‘

2191 5485 2282 5555 lip.
2320 5499 2362 5547 I,
2399 5482 2491 5535 st.

3791 252 3918 318 95‘

2193 408 2314 462 qua:
2344 391 2470 447 fecit
2499 390 2549 445 in
2574 389 2773 447 lsrael?
2804 407 2822 441 ι
2850 388 2991 455 Quid
3012 384 3357 442 enim?Sunt
3394 384 3661 456 aliqua
3698 388 3915 446 opera

2196 482 2411 538 Domini
2439 497 2628 553 parva,
2661 483 2728 535 ad
2759 494 2990 551 quorum
3011 478 3415 534 distinctionem
3438 477 3623 532 haec
3656 483 3913 543 magna

2195 575 2481 631 dicantur?
2526 574 2636 642 Ego
2687 571 2928 628 arbitror
2982 570 3125 639 quod
3173 584 3333 625 omne
3389 567 3720 640 quidem
3800 559 3913 616 Dei

2194 680 2329 734 opus
2355 675 2438 719 est
2468 680 2742 735 magnum,
2772 663 2916 733 quod
2954 677 3050 732 pro
3081 662 3390 733 capacitate
3430 670 3729 717 eorum
3794 652 3913 725 qui

2194 765 2514 826 Operantur,
2541 756 2587 809 si
2613 756 2716 810 sibi
2748 755 2986 810 invicem
3017 762 3430 823 comparentur,
3460 749 3600 805 vel
3648 758 3915 817 magna

2195 864 2358 919 opera
2395 847 2607 903 Domini
2637 847 2891 902 dicuntur
2921 862 3061 913 esse,
3099 846 3184 902 vel
3214 859 3407 916 parva.
3439 842 3696 898 Verbi
3741 854 3910 892 caa-

2195 956 2280 1008 sa,
2308 940 2494 995 eduxit
2532 938 2671 993 ﬁlios
2695 936 2862 992 Israel
2887 937 2953 992 de
2980 937 3215 1008 Egypto
3260 937 3313 995 iu
3350 950 3541 988 manu
3608 930 3807 987 forti
3841 942 3909 983 es

2194 1031 2425 1089 brachio
2453 1029 2694 1096 excelso,
2716 1026 2951 1099 Egypto
2980 1028 3241 1098 prodigiis
3288 1025 3689 1082 coelestibus
3742 1037 3903 1076 ver-

2194 1125 2405 1190 berata,
2431 1123 2573 1177 viam
2604 1123 2731 1177 fecit
2768 1123 2820 1177 in
2857 1121 3031 1186 mari,
3075 1136 3271 1175 manna
3313 1121 3366 1175 in
3409 1119 3711 1174 deserto
3775 1131 3898 1185 po—

2192 1216 2319 1289 pqu
2353 1216 2522 1280 dedit,
2555 1216 2621 1271 de
2664 1214 2804 1270 caelo
2858 1214 3070 1270 locutus
3117 1220 3202 1267 est
3242 1212 3310 1266 ad
3348 1210 3593 1273 Mosen,
3650 1208 3883 1277 legem

2193 1308 2558 1377 conscriptam
2594 1308 2645 1361 in
2699 1306 2897 1361 tabulis
2937 1304 3161 1373 lapideis
3207 1302 3382 1358 dedit.
3432 1300 3686 1356 Nonne
3728 1299 3884 1354 hac

2194 1415 2391 1471 magna
2428 1406 2556 1454 sunt
2592 1412 2754 1467 opera
2791 1395 2923 1450 Dei?
2971 1392 3079 1448 Sed
3124 1392 3169 1448 si
3224 1391 3356 1445 illud
3410 1390 3501 1445 his
3554 1401 3873 1457 compa-

2194 1508 2282 1547 res
2307 1493 2391 1558 “,
2423 1492 2565 1563 quod
2602 1509 2620 1543 ι
2663 1490 2733 1545 ita
2771 1488 2960 1545 dilexit
2998 1488 3139 1543 Deus
3193 1484 3341 1541 hunc
3384 1485 3683 1539 mundum
3709 1524 3729 1548 ,
3779 1489 3859 1536 In

2192 1584 2387 1640 Filium
2415 1599 2572 1639 suum
2605 1582 2941 1651 unigenitum
2976 1582 3131 1635 daret
3156 1598 3175 1631 ι
3209 1594 3312 1649 pro
3344 1576 3524 1633 salute
3555 1576 3834 1639 mandi,

2198 1675 2439 1731 invenies
2462 1674 2643 1729 omnia
2679 1673 2767 1726 illa
2801 1687 2963 1743 parva
2992 1685 3115 1727 esse
3146 1669 3211 1723 ad
3242 1668 3423 1736 hujus
3446 1668 3599 1736 operis
3632 1682 3811 1721 ma-

2193 1764 2552 1836 gnitudinem.
2590 1762 2743 1830 Quod
2798 1775 2936 1829 opus
2979 1760 3143 1815 etiam
3179 1773 3283 1814 nos
3338 1768 3397 1811 et
3450 1770 3783 1827 cognmcerc

2192 1856 2472 1919 debemus,
2511 1862 2566 1909 et
2615 1854 2861 1916 credere,
2921 1861 2978 1907 et
3034 1854 3248 1920 operari
3302 1863 3481 1916 opera
3539 1847 3779 1902 Domini.

2192 1946 2309 2003 Non
2340 1961 2472 2016 ergo
2503 1944 2864 2017 negligenter,
2912 1942 3004 1998 sed
3041 1941 3271 1997 ﬁdeliter
3326 1950 3383 1993 et
3432 1948 3671 2001 attente,
3728 1948 3805 1991 Is.

2192 2038 2541 2094 inveniamur
2592 2046 2649 2092 et
2698 2051 2795 2090 nos
2844 2036 2898 2088 in
2960 2032 3150 2089 diebus
3185 2030 3313 2087 Jesu
3348 2029 3586 2095 Christi,
3623 2038 3692 2084 ει
3744 2029 3814 2082 in

2190 2127 2384 2182 diebus
2417 2133 2731 2181 sanctorum
2757 2124 3034 2179 seniorum
3068 2121 3185 2193 ejus
3222 2121 3633 2191 apostolorum,
3654 2135 3813 2174 cum

2188 2219 2385 2289 quibus
2436 2226 2492 2273 et
2538 2218 2853 2273 societatem
2892 2214 3131 2271 caelestis
3173 2212 3521 2269 hmreditatis
3569 2226 3815 2267 merea-

2189 2323 2311 2362 mur
2341 2307 2610 2378 accipere,
2649 2323 2745 2376 per
2771 2307 2945 2371 ipsum
2985 2305 3270 2360 Dominum
3302 2312 3561 2357 nostrum
3592 2302 3807 2359 λειω

2189 2398 2487 2463 Christum,
2522 2399 2607 2454 cui
2636 2408 2717 2454 est
2744 2398 2913 2469 gloria
2950 2406 3006 2452 ct
3034 2396 3319 2466 imperium
3356 2395 3408 2449 in
3436 2394 3653 2451 saecula
3684 2409 3809 2451 sa-

2188 2493 2460 2550 eulorum.
2486 2492 2680 2548 Amen.

2776 2580 3060 2636 HOMILIA
3099 2580 3162 2635 Il.

2188 2674 2267 2730 De
2294 2690 2352 2729 eo
2381 2672 2521 2744 quod
2551 2672 2901 2810 scripturzlcsl
2925 2672 3002 2794 "Iv:
3030 2690 3048 2721 ι
3086 2672 3149 2724 ls't
3182 2671 3469 2741 defunctus
3513 2682 3592 2726 est
3619 2671 3797 2725 Jac:

2827 2758 2909 2794 tua
2944 2785 2961 2795 .
2999 2758 3112 2795 (ire.
3142 2760 3161 2793 ι

2827 2758 2909 2794 ιιιε
2944 2758 3112 2795 unus.
3142 2760 3161 2793 ι

2258 2848 2312 2904 1.
2348 2846 2630 2903 Recitatus
2655 2854 2738 2900 est
2766 2845 2923 2899 nobis
2965 2844 3131 2898 etiam
3171 2843 3299 2899 Jcsu
3340 2844 3547 2899 obitus.
3583 2844 3656 2900 Et
3689 2844 3787 2899 ille

2188 2940 2404 3009 quidem
2456 2939 2599 2994 ﬁlius
2648 2934 2797 2990 Nave
2826 2934 2969 3005 quod
3006 2934 3295 2990 defunctus
3330 2944 3437 3000 est,
3487 2936 3627 2989 nihil
3675 2937 3786 2989 mi-

2191 3048 2333 3087 rum.
2362 3032 2579 3089 Natura:
2610 3049 2844 3104 namque
2870 3037 3013 3105 quod
3050 3035 3350 3089 debebatur
3374 3034 3635 3089 exsolvit.
3669 3033 3781 3089 Ve-

2192 3140 2308 3179 rum
2346 3126 2602 3195 quoniam
2645 3127 3057 3181 institueramus
3090 3127 3203 3182 ha-c
3230 3143 3353 3194 (piae
3377 3127 3444 3182 de
3476 3127 3593 3180 lilio
3622 3126 3782 3179 Nave

2187 3216 2527 3286 legebantur,
2560 3218 2624 3272 ad
2663 3217 2949 3273 Dominum
2995 3226 3238 3274 nostrum
3268 3215 3454 3272 Jesum
3485 3217 3778 3272 Christus-

2187 3306 2413 3369 rcierre,
2455 3308 2741 3363 videndum
2773 3318 2858 3363 est
2907 3308 3175 3376 quomodo
3205 3308 3371 3361 etiam
3397 3309 3467 3362 de
3502 3307 3627 3377 ipso
3665 3308 3777 3361 dici

2188 3400 2477 3454 conveniat
2518 3399 2642 3469 quia
2676 3398 2966 3456 defunctus
3002 3407 3083 3454 est
3138 3396 3317 3453 Jesus.
3366 3397 3479 3468 Ego
3524 3398 3781 3452 arbitror

2186 3492 2484 3547 secundum
2538 3492 2838 3561 Scriptura:
2888 3492 3272 3546 auctoritatem
3330 3490 3435 3545 hoc
3487 3488 3779 3559 loquens,

2185 3585 2326 3653 quod
2359 3583 2412 3637 in
2440 3583 2763 3655 quibusdam
2790 3584 2926 3638 vivit
2963 3582 3143 3646 Jesus,
3182 3584 3235 3637 in
3268 3581 3600 3653 quibusdam
3634 3596 3782 3635 vero

2185 3674 2473 3732 defunctus
2503 3686 2607 3731 est.
2641 3676 2694 3729 lu
2728 3674 2898 3730 Paulo
2929 3675 3064 3729 vivit
3110 3674 3287 3740 Jesns,
3318 3684 3374 3729 et
3410 3674 3465 3728 in
3495 3672 3692 3737 Petro,
3721 3681 3782 3726 et

2187 3765 2239 3819 in
2275 3764 2382 3820 illis
2411 3766 2662 3821 omnibus
2687 3766 2777 3835 qui
2806 3765 3003 3821 merito
3036 3774 3263 3836 possunt
3304 3764 3489 3819 dicere
3519 3803 3534 3817 .
3578 3782 3599 3814 ι
3631 3763 3782 3818 Vivo

2185 3867 2365 3912 autem
2390 3856 2502 3926 jam
2537 3873 2641 3912 non
2684 3873 2808 3928 ego,
2832 3858 2967 3913 vivit
3002 3874 3132 3913 vero
3160 3859 3213 3912 in
3247 3872 3332 3913 me
3357 3856 3611 3913 Christus
3635 3857 3711 3912 ⁸³,
3752 3875 3775 3910 s

2187 3947 2252 4000 Et
2281 3946 2474 4001 iterum
2517 3946 2654 4001 dicit
2683 3947 2730 3980 ”
2762 3964 2776 4002 :
2816 3965 2835 3999 ‹
2875 3946 3003 4002 Mihi
3039 3958 3222 4002 autem
3268 3948 3454 4003 vivere
3508 3947 3780 4003 Christus

2185 4048 2291 4104 est,
2325 4048 2382 4095 et
2410 4040 2544 4095 mori
2577 4039 2845 4094 lucrum.)
2874 4038 2932 4093 la
2963 4038 3082 4094 istis
3110 4054 3240 4107 ergo
3270 4038 3465 4094 talibus
3497 4035 3658 4093 Jesus
3683 4039 3777 4093 vi-

2184 4145 2312 4185 vere
2341 4131 2536 4186 merito
2573 4131 2794 4186 dicitur.
2829 4130 2885 4185 In
2920 4130 3116 4199 quibus
3144 4141 3325 4185 autem
3358 4129 3650 4184 defunctus
3674 4140 3775 4185 est

2183 4222 2376 4278 Jesus?
2410 4221 2465 4276 ln
2501 4221 2605 4276 illis
2634 4222 2751 4276 siue
2800 4222 2986 4286 dubio,
3016 4221 3105 4291 qui
3149 4236 3315 4290 smpe
3344 4223 3661 4290 pmnitendo
3710 4232 3771 4277 et

2186 4316 2379 4371 iterum
2413 4313 2801 4383 delinqueudo,
2845 4312 2994 4368 velut
3025 4312 3286 4368 insultare
3327 4313 3484 4368 morti
3515 4310 3646 4366 Jesu
3678 4313 3773 4366 di-

2187 4416 2402 4463 cuntur.
2442 4405 2518 4461 De
2560 4405 2758 4475 quibus
2785 4402 3032 4458 scribens
3063 4404 3131 4459 ad
3164 4402 3419 4458 Hebraeos
3451 4402 3585 4456 dicit
3613 4402 3768 4469 Apo-

2187 4501 2357 4556 stolus
2391 4499 2476 4553 ":
2514 4515 2533 4549 ι
2561 4497 2797 4551 Rursum
2830 4496 3212 4567 eruciﬁgentes
3262 4494 3618 4565 sibimetipsis
3666 4493 3766 4548 Fi-

2185 4594 2317 4648 lium
2356 4590 2471 4655 Dei,
2504 4598 2556 4644 et
2576 4588 2814 4645 ostentui
2845 4588 3127 4643 habentes.
3151 4607 3170 4641 ι
3209 4587 3371 4643 Vides
3392 4601 3522 4656 ergo
3548 4587 3677 4656 quia
3706 4586 3765 4641 in

2189 4682 2538 4755 peccantibus
2582 4697 2688 4736 non
2726 4681 2902 4736 solum
2948 4681 3167 4751 defungi
3208 4680 3405 4735 dicitur
3428 4679 3625 4745 Iesus,
3661 4694 3763 4734 ve-

2189 4791 2305 4830 rum
2348 4783 2403 4829 et
2451 4773 2698 4843 cruciﬁgi
2744 4772 2815 4827 ab
2852 4772 2933 4828 eis
2972 4773 3235 4827 asseritur
3264 4780 3319 4827 et
3357 4771 3524 4826 illudi.
3566 4771 3674 4826 Sed
3702 4779 3765 4824 et

2191 4878 2245 4923 tu
2296 4867 2409 4938 ipse
2449 4865 2736 4922 considera
2787 4864 2923 4934 apud
2963 4872 3035 4929 te,
3075 4864 3120 4919 si
3149 4863 3365 4934 quando
3410 4863 3480 4918 de
3525 4862 3765 4917 avaritia

2186 4960 2391 5030 cogitas
2425 4968 2479 5013 et
2513 4958 2669 5025 cupis
2708 4956 2883 5012 aliena
2923 4956 3182 5026 diripere,
3220 4954 3464 5024 nunquid
3496 4965 3653 5024 potes
3678 4953 3765 5007 di-

2188 5068 2314 5110 cere
2335 5091 2349 5117 ,
2387 5052 2512 5122 quia
2551 5050 2685 5104 vivit
2716 5049 2968 5104 Christus
3014 5049 3066 5104 in
3097 5049 3218 5103 me?
3244 5049 3349 5102 Aut
3380 5048 3426 5102 si
3466 5049 3533 5103 de
3568 5056 3766 5116 stupro

2189 5146 2421 5215 cogitas,
2461 5144 2505 5199 si
2532 5143 2714 5197 furore
2746 5140 3067 5211 exagitaris,
3106 5140 3148 5195 si
3179 5139 3349 5194 livore
3383 5140 3759 5204 succenderis,

2185 5233 2228 5288 si
2264 5232 2463 5287 invidia
2496 5230 2810 5294 stimularis,
2852 5230 2896 5284 si
2930 5228 3243 5284 temulentia
3290 5228 3682 5295 debaccharis,
3713 5227 3759 5284 si

2184 5323 2434 5393 superbia
2480 5320 2795 5385 extolleris,
2828 5320 2872 5375 si
2907 5318 3225 5374 crudelitate
3268 5322 3563 5390 grassaris,
3610 5335 3755 5373 nun-

2251 5414 2298 5445 ⁸³
2332 5411 2510 5466 Eccle.
2547 5426 2661 5473 vtu,
2696 5411 2747 5467 5.
2823 5411 2868 5443 ⁸⁸
2898 5410 2936 5463 ll
2960 5411 3085 5464 Cor.
3122 5426 3174 5476 v,
3207 5412 3296 5468 2i.
3370 5412 3418 5445 ⁸³
3452 5411 3576 5470 Jud.
3610 5429 3675 5480 tt,
3701 5410 3752 5467 ’1.

2251 5502 2282 5535 ι.
2320 5499 2361 5535 I.
2399 5482 2491 5535 2|.
2582 5481 2627 5510 θ’
2664 5480 2795 5535 Heb.
2827 5495 2901 5535 vt.
2929 5479 2982 5533 6.

2263 5596 2373 5667 (39)
2405 5594 2556 5667 alssj,
2603 5595 2733 5667 «qui
2771 5603 3137 5667 cognoverunt
3176 5608 3338 5667 opera
3383 5594 3595 5667 Domini
3643 5612 3758 5667 maf-

2192 5663 2316 5738 gna.
2342 5684 2363 5717 s
2407 5664 2561 5721 Libb.
2604 5663 2773 5729 editi,
2828 5679 2846 5714 ι
2878 5663 2967 5731 qui
3003 5664 3317 5733 cognoverit
3350 5680 3487 5733 opus
3537 5664 3753 5723 Domini

2192 5752 2446 5812 tnagna.a
