4058 6244
170 326 310 382 95⁸1
1263 322 1331 378 ΙΝ
1366 324 1624 380 LIBRUM
1660 321 1955 381 IUDICUM
1993 321 2275 379 IIOMILIA
2313 321 2382 376 II.
3366 320 3472 377 958

175 437 337 507 quid
393 448 547 508 potes
594 438 649 491 in
695 436 783 491 his
830 437 1087 493 omnibus
1120 436 1338 501 dicere,
1375 440 1501 506 quia
1543 440 1796 494 Christus
1826 443 1871 500 Α
1901 449 2009 494 tam
2045 439 2225 508 magni
2263 436 2469 507 operis,
2503 437 2646 504 quod
2677 433 2918 489 surrexit
2963 448 2993 488 a
3028 433 3258 488 mortuis
3285 472 3303 499 ,
3352 433 3470 488 ﬁeri

174 528 349 581 vivit
403 528 456 581 in
501 528 626 583 me?
663 526 754 582 Sic
800 542 934 596 ergo
978 528 1031 580 in
1083 529 1435 596 peccantibus
1480 529 1798 600 defungitur
1901 538 2079 599 posset
2115 528 2319 583 oblivio
2346 569 2360 591 ,
2405 526 2450 581 si
2505 525 2783 597 generatio
2825 524 3101 595 peceatrix
3141 524 3380 578 oriretur
3415 524 3467 579 in

177 616 492 685 Christus,
524 633 622 687 pro
655 633 719 672 eo
753 618 898 687 quod
936 618 1068 673 nihil
1096 618 1149 672 in
1175 620 1255 674 eis
1281 619 1515 686 iustitia,
1544 622 1674 675 nihil
1705 636 1797 690 pa-
1899 622 2084 677 corde.
2134 622 2285 677 Fecit
2323 636 2453 691 ergo
2486 621 2777 689 malignum
2816 634 3001 675 coram
3036 619 3147 673 Deo
3190 616 3473 686 generatio

182 708 415 763 tientia
444 750 461 775 ,
504 708 635 763 nihil
674 708 877 763 veritas
917 716 971 763 et
1021 709 1205 763 omnia
1249 710 1335 763 illa
1384 726 1504 778 qua:
1548 712 1799 767 Christus
1899 712 2175 776 adultera,
2211 726 2329 778 qua:
2372 710 2605 766 nescivit
2632 709 2856 773 Iesum,
2893 722 3066 777 neque
3099 708 3471 776 presbyteros.

180 810 317 865 est,
358 808 681 868 operantur.
726 802 769 854 Δ
804 800 1011 857 sanctis
1050 816 1183 857 vero
1232 817 1571 871 qnmcunque
1620 804 1795 868 ﬁunt,
1968 804 2022 855 3.
2060 820 2077 853 ι
2112 802 2175 856 Ει
2205 802 2450 865 servivit,
2476 802 2650 872 inquit
2674 801 2749 868 ’⁸,
2789 799 2992 855 Baalim
3020 841 3036 865 ,
3068 807 3124 852 et
3162 797 3471 866 derelique-

180 889 473 946 Christus
500 907 561 945 ea
589 891 791 945 dicitur
819 894 1059 962 operari,
1091 894 1233 947 sicut
1277 903 1330 948 et
1378 894 1668 964 Apostolus
1709 895 1796 950 di-
1901 903 2027 948 runt
2055 893 2338 948 Dominum
2365 893 2530 947 Deum
2560 901 2775 961 patrum
2799 905 3075 948 suorum.»
3107 890 3229 945 litec
3254 889 3471 960 quidem

186 981 275 1034 cit
313 983 369 1014 ἰ
409 999 423 1035 :
458 1000 478 1034 ι
516 981 714 1037 Omnia
752 998 973 1052 possum
1028 987 1078 1039 in
1116 1002 1182 1042 eo
1216 986 1306 1050 qui
1345 1002 1430 1041 me
1469 988 1745 1041 confortat
1774 1004 1793 1038 ι

186 1073 493 1129 Christus.
531 1074 637 1129 Sed
663 1084 714 1130 et
754 1076 867 1145 ipse
889 1077 1150 1133 Dominus
1184 1078 1234 1132 in
1271 1078 1577 1149 Evangeliis
1606 1082 1671 1135 de
1697 1081 1800 1136 hoc

191 1166 630 1220 distinctionem
676 1166 1099 1236 pulcherrimam
1150 1170 1334 1237 dedit,
1379 1187 1500 1225 cum
1556 1172 1688 1227 dicit
1714 1174 1794 1227 ":

199 1274 223 1308 α
271 1256 611 1328 Quicunque
674 1260 959 1315 confessus
1018 1276 1103 1316 me
1148 1263 1310 1317 fuerit
1376 1278 1560 1318 coram
1625 1266 1800 1319 homi-

196 1349 411 1417 nihus,
452 1352 755 1405 conﬁtebor
782 1362 836 1408 et
860 1368 963 1422 ego
992 1369 1115 1408 eum
1145 1370 1329 1409 coram
1367 1356 1528 1410 Patre
1556 1372 1674 1411 meo
1704 1358 1797 1424 qui

191 1450 293 1496 est
334 1440 396 1495 in
439 1441 611 1497 caelis.
648 1445 749 1510 Qui
801 1456 982 1498 autem
1036 1447 1309 1516 negaverit
1346 1462 1429 1501 me
1479 1464 1660 1502 coram
1702 1449 1802 1502 lm-

198 1532 484 1599 minibus,
530 1543 584 1587 et
634 1550 734 1604 ego
774 1536 983 1604 negabo
1018 1553 1139 1590 eum
1181 1553 1366 1591 coram
1404 1537 1564 1593 Patre
1620 1555 1792 1594 meo.»

198 1622 416 1678 Vidisti
446 1625 571 1695 quia
606 1626 931 1681 conﬁtentes
962 1627 1014 1680 in
1047 1630 1340 1698 semetipso
1366 1630 1501 1684 dixit
1527 1634 1795 1699 conﬁteri,

201 1726 262 1771 cl
308 1718 487 1786 quasi
512 1718 603 1787 qui
639 1719 755 1788 ipse
806 1719 859 1773 in
906 1719 987 1774 eis
1019 1720 1168 1774 vivat
1218 1731 1272 1776 et
1326 1732 1579 1793 operetur
1634 1742 1797 1797 opera

200 1809 371 1863 vine.
405 1806 461 1860 In
496 1808 562 1861 iis
599 1818 783 1863 autem
816 1808 905 1879 qui
950 1820 1169 1881 negant,
1202 1827 1307 1868 non
1344 1815 1518 1868 tenuit
1550 1817 1795 1873 eamdem

203 1895 377 1949 verbi
410 1895 846 1962 similitudinem,
894 1908 954 1953 ut
992 1900 1203 1956 diceret
1233 1904 1358 1973 quia
1395 1905 1487 1974 qui
1519 1909 1797 1976 negaverit

206 1986 266 2040 in
305 2002 421 2051 tne,
455 1996 509 2042 et
536 2003 637 2059 ego
665 1992 876 2060 negabo
920 1992 972 2046 in
1004 2009 1126 2049 eum
1158 2014 1171 2050 :
1203 1998 1295 2051 sed
1330 2015 1351 2049 ι
1393 2000 1483 2069 qui
1519 2002 1798 2070 negaverit

210 2090 308 2130 me
350 2092 540 2131 coram
583 2078 896 2138 hominibus
938 2096 991 2138 et
1043 2101 1143 2155 ego
1198 2089 1405 2158 negabo
1444 2104 1567 2144 eum
1611 2106 1795 2147 coram

205 2164 387 2222 Patre
413 2183 533 2223 meo
558 2209 575 2235 ,
610 2189 630 2224 ι
672 2180 729 2225 ιιι
752 2176 1066 2231 ostenderet
1093 2180 1219 2247 quia
1256 2180 1347 2247 qui
1384 2193 1540 2250 negat
1579 2185 1795 2253 quidem

208 2273 298 2322 se,
337 2269 495 2315 extra
530 2262 703 2333 ipsum
738 2278 853 2332 est;
883 2268 977 2336 qui
1015 2278 1195 2324 autem
1231 2273 1540 2339 conﬁtetur,
1582 2276 1633 2329 in
1679 2278 1796 2346 ipso

208 2360 323 2405 est.
355 2352 653 2423 PrOpterea
684 2371 815 2428 ergo
855 2369 907 2415 et
947 2360 1035 2415 hic
1070 2360 1351 2431 Scriptura
1389 2366 1517 2419 dicit
1548 2366 1624 2430 ”,
1668 2370 1795 2437 quia

210 2456 349 2495 cum
396 2443 688 2500 defunctus
719 2459 865 2502 esset
897 2448 1083 2515 Iesus,
1123 2469 1140 2502 ι
1174 2453 1484 2507 exsurrexit
1520 2457 1798 2525 generatio

212 2536 324 2588 alia
363 2545 486 2605 post
528 2552 644 2601 eos,
691 2541 784 2609 qui
832 2557 941 2597 non
995 2545 1238 2599 scierunt
1274 2542 1495 2612 Iesum,
1542 2557 1597 2603 et
1629 2563 1795 2619 opera

211 2640 340 2694 qua:
382 2627 508 2683 fecit
544 2630 596 2682 in
633 2628 821 2686 Israel.
843 2651 859 2682 ι

286 2716 342 2770 2.
376 2736 394 2769 ι
433 2719 499 2772 Et
531 2719 780 2775 fecerunt
823 2722 914 2778 ﬁlii
943 2723 1107 2781 Israel
1139 2724 1341 2781 malum
1356 2739 1484 2785 ante
1504 2730 1673 2786 Deum
1690 2733 1789 2787 ".i

217 2806 582 2878 Omnipotens
612 2810 926 2868 dominator
956 2815 1096 2871 Deus
1131 2833 1409 2886 nunquam
1444 2821 1656 2875 accidat
1701 2837 1797 2875 no-

216 2901 344 2966 bis,
401 2911 462 2954 ut
508 2901 664 2958 Iesus
717 2903 975 2961 Christus
1025 2917 1377 2977 posteaquam
1435 2912 1732 2966 resurrexit
1765 2928 1794 2966 a

218 2993 481 3059 mortuis,
544 3010 761 3050 rursum
820 2998 1084 3053 moriatur
1134 3000 1186 3053 in
1236 3001 1417 3056 nobis.
1474 3002 1612 3069 Quid
1649 3004 1793 3058 enim

1901 986 2146 1040 fecerunt
2182 975 2398 1053 antiqui
2432 1003 2447 1039 :
2478 985 2572 1039 sed
2602 984 2862 1053 quoniam
2905 998 3027 1054 quae
3065 983 3267 1054 scripta
3306 988 3470 1044 sunt,

1899 1093 2005 1132 non
2047 1086 2268 1146 propter
2305 1076 2445 1141 illos,
2493 1076 2587 1130 sed
2631 1085 2855 1145 propter
2893 1089 2994 1130 nos
3036 1074 3239 1144 scripta
3277 1073 3471 1128 dicun-

1902 1178 1986 1223 tur
2007 1168 2078 1231 π,
2105 1185 2124 1219 t
2153 1168 2205 1220 in
2230 1180 2367 1235 quos
2415 1166 2553 1222 ﬁnes
2588 1166 2909 1221 saeculorum
2950 1165 3308 1227 devenerunt,
3339 1181 3357 1213 ι
3394 1162 3476 1216 vi-

1900 1259 2127 1313 deamus
2170 1273 2237 1313 tte
2274 1258 2481 1327 majore
2515 1271 2581 1335 ex
2624 1266 2779 1326 parte
2815 1256 2883 1312 de
2924 1256 3083 1311 nobis
3112 1255 3266 1319 hanc,
3307 1269 3470 1323 quatn

1900 1351 1967 1404 de
2005 1350 2114 1404 illis
2153 1350 2296 1403 dicta
2329 1349 2643 1403 videantur.
2678 1348 2774 1407 Vis
2811 1347 2998 1405 videre
3029 1346 3154 1418 quia
3203 1344 3314 1418 (41)
3362 1359 3467 1396 non

1900 1456 1998 1513 per
2027 1457 2134 1503 me,
2157 1442 2250 1496 sed
2281 1456 2380 1511 per
2406 1440 2725 1511 Apostolum
2755 1442 2823 1496 de
2846 1439 2999 1494 uobis
3029 1453 3151 1495 esse
3182 1438 3281 1493 ista
3307 1451 3473 1506 expo—

1902 1534 2145 1589 nuntur?
2173 1534 2307 1587 Audi
2330 1534 2445 1603 ipse
2473 1533 2602 1605 quid
2634 1534 2832 1588 dicat‘:
2851 1554 2868 1583 ι
2893 1532 2949 1587 ιιι
2970 1530 3122 1587 Helia
3139 1540 3319 1586 autem
3343 1528 3472 1598 quid

1901 1625 2032 1679 dicit
2064 1624 2383 1693 Scriptura?
2417 1624 2703 1692 Quomodo
2737 1623 3049 1694 interpellat
3084 1623 3251 1677 Deum
3280 1621 3473 1675 adver-

1901 1731 2020 1771 sum
2045 1714 2249 1771 Israel?
2280 1717 2532 1782 Domine,
2562 1717 2859 1787 prophetas
2885 1727 3008 1773 tuos
3029 1716 3364 1779 occiderunt,
3392 1712 3470 1765 al-

1903 1807 2038 1862 taria
2070 1818 2159 1861 tua
2197 1808 2443 1865 demoliti
2484 1817 2633 1872 sunt,
2680 1820 2738 1864 et
2763 1825 2865 1878 ego
2910 1809 3133 1864 relictus
3160 1822 3279 1861 sum
3316 1804 3469 1860 solus

1896 1908 1949 1952 et
1981 1909 2231 1967 quarrunt
2267 1900 2504 1956 animam
2538 1914 2736 1953 meam.
2785 1898 2891 1954 Sed
2924 1899 3056 1969 quid
3085 1899 3218 1953 dicit
3256 1897 3327 1951 illi
3386 1912 3473 1949 re-

1898 2008 2157 2061 sponsum
2187 1994 2465 2049 divinum?
2498 1993 2710 2062 Reliqui
2737 1994 2866 2049 tuihi
2891 2002 3098 2062 septem
3128 1991 3293 2046 millia
3321 1990 3470 2045 viro-

1899 2100 2041 2150 rum,
2064 2086 2155 2155 qui
2182 2100 2288 2140 non
2315 2093 2682 2141 curvaverunt
2704 2099 2880 2154 genua
2909 2083 3135 2147 Baalim,
3172 2101 3190 2134 ι
3211 2080 3471 2137 etaddit:

1902 2194 1921 2228 ι
1948 2176 2042 2232 Sic
2064 2191 2216 2247 ergo,
2236 2177 2435 2247 inquit,
2460 2185 2511 2231 rt
2539 2176 2592 2230 in
2618 2176 2719 2231 hoc
2744 2186 2986 2244 tempore
3012 2173 3251 2242 reliquis:
3279 2187 3473 2227 secun-

1898 2270 2026 2328 dum
2076 2269 2395 2325 electionem
2426 2268 2621 2338 gratiae
2653 2267 2820 2323 salva:
2862 2268 3019 2321 taetre
3061 2274 3204 2335 sunt.
3238 2283 3257 2316 ι
3308 2263 3470 2318 Vides

1897 2376 2028 2429 ergo
2064 2362 2192 2432 quia
2230 2360 2352 2416 illos
2398 2362 2491 2429 qui
2523 2369 2888 2415 curvaveruut
2936 2373 3111 2428 genua
3141 2356 3373 2420 Baalim,
3415 2364 3471 2410 et

1897 2455 1987 2524 qui
2013 2468 2119 2507 non
2154 2460 2541 2515 curvaverunt,
2573 2452 2624 2505 in
2657 2451 2901 2521 reliquiis
2933 2449 3267 2504 credentium
3319 2456 3373 2501 et
3414 2450 3467 2502 in

1898 2542 2250 2599 multitudine
2318 2556 2422 2596 non
2497 2540 2840 2596 credentium
2924 2539 3336 2607 interpretatur.
3402 2535 3472 2590 Et

1898 2634 2001 2689 hoc
2029 2630 2144 2703 (42)
2175 2631 2437 2695 ostendit,
2464 2630 2590 2700 quia
2620 2630 2696 2684 illi
2735 2630 2825 2699 qui
2863 2628 2917 2681 iu
2947 2637 3187 2699 tempore
3220 2625 3472 2681 Salvato-

1896 2723 1974 2780 ris
2000 2722 2262 2778 increduli
2295 2721 2627 2777 exstiterunt
2645 2732 2698 2774 et
2716 2721 2888 2790 impii,
2906 2735 3077 2790 genua
3104 2724 3472 2774 curvaverunt

1896 2813 2127 2880 Daalim,
2150 2822 2207 2869 et
2225 2813 2594 2868 adoravernnt
2624 2811 2941 2867 simulacra.
2973 2810 3036 2865 lli
3067 2826 3197 2866 vero
3227 2810 3319 2879 qui
3345 2825 3469 2864 ere-

1896 2907 2052 2972 dunt,
2099 2916 2154 2962 et
2203 2906 2427 2977 implent
2455 2920 2619 2977 opera
2650 2905 2795 2970 ﬁdei,
2823 2920 2930 2959 non
2963 2912 3334 2959 curvaverant
3375 2917 3470 2971 ge-

1897 3011 2006 3051 nua
2039 2995 2271 3051 Baalim.
2305 2994 2489 3064 Neque
2521 2995 2667 3050 enim
2696 3009 2925 3063 usquam
2957 2993 3193 3048 refertur
3217 2994 3269 3047 in
3292 2992 3469 3047 histo-

225 3081 360 3136 IIIilti
390 3085 611 3153 prodest
645 3086 690 3139 si
740 3086 792 3139 in
838 3086 965 3143 aliis
995 3088 1139 3144 vivat
1172 3104 1237 3144 ex
1273 3091 1502 3156 virtute,
1544 3104 1600 3148 et
1630 3095 1681 3147 in
1711 3110 1794 3148 me
1822 3106 1864 3164 ς
1900 3088 2017 3149 riis.
2046 3086 2130 3141 vel
2160 3086 2212 3140 in
2237 3085 2588 3155 evangelicis,
2616 3084 2699 3139 vel
2730 3086 2782 3138 in
2813 3084 2933 3139 aliis
2964 3082 3295 3153 quibuslibet
3319 3081 3473 3136 Seri-

220 3173 491 3228 moriatur
518 3186 584 3227 ex
615 3173 932 3231 inﬁrmitate
961 3179 1207 3246 peccati?
1236 3179 1373 3248 Quid
1411 3184 1539 3238 mihi
1574 3187 1793 3254 prodest

219 3263 269 3317 si
302 3263 357 3317 in
391 3279 476 3318 me
512 3273 569 3319 et
613 3264 669 3319 in
725 3281 847 3322 meo
891 3270 1057 3325 corde
1111 3287 1216 3326 non
1252 3274 1420 3339 vivit,
1450 3277 1573 3331 etsi
1621 3278 1673 3332 in
1709 3294 1796 3335 me

220 3366 383 3417 opera
417 3353 541 3407 vitae
574 3368 677 3407 non
709 3356 961 3425 perﬁcit?
986 3359 1126 3427 Quid
1160 3362 1291 3415 mihi
1325 3364 1546 3431 prodest
1578 3367 1621 3420 si
1652 3367 1792 3437 apud

224 3442 389 3495 alium
420 3458 486 3497 ex
524 3443 680 3500 bonis
708 3448 925 3516 studiis,
949 3466 1011 3505 ex
1053 3451 1192 3506 bona
1225 3452 1348 3517 ﬁde,
1379 3471 1444 3510 ex
1474 3457 1628 3512 bonis
1657 3474 1790 3528 ope-

226 3531 378 3588 ribus
410 3536 656 3590 nascitur
681 3547 736 3593 et
768 3541 1014 3594 reﬁcitur
1042 3542 1153 3613 (40)
1180 3562 1193 3599 :
1227 3547 1365 3614 apud
1406 3564 1490 3603 me
1524 3560 1703 3603 autem
1732 3559 1789 3607 et

226 3622 280 3676 iu
328 3639 448 3678 meo
492 3626 656 3680 corde
702 3644 798 3697 per
837 3630 1006 3684 malas
1032 3635 1389 3700 cogitatiOnes
1426 3648 1481 3693 et
1519 3640 1785 3697 desideria

226 3712 479 3779 nefanda,
528 3731 627 3785 per
674 3720 853 3774 studia
912 3724 1147 3791 pessima
1197 3727 1495 3782 sulfocatur
1528 3736 1787 3799 quodam-

230 3806 387 3858 modo
412 3814 465 3860 et
492 3810 757 3863 necatur?
791 3811 923 3865 Vide
949 3813 1093 3868 enim
1129 3817 1255 3885 quid
1295 3819 1445 3874 addit
1488 3822 1790 3894 Scriptura,

227 3892 385 3966 “2
417 3896 543 3966 quia
588 3915 608 3950 ι
639 3905 904 3968 surrexit,
935 3903 1111 3974 inquit
1139 3908 1208 3975 ",
1240 3911 1519 3980 generatio
1549 3892 1651 3968 alia
1674 3892 1793 3984 quae

229 4000 333 4039 nou
383 3992 636 4058 cognovit
670 3990 893 4060 Iesum,
936 4006 994 4051 et
1043 4012 1209 4067 opera
1248 4017 1369 4073 qua!
1386 4000 1744 4074 fecitmagna.
1773 4022 1790 4055 ι

229 4074 517 4134 Geueratio
549 4080 633 4135 illa
659 4099 783 4152 quae
812 4101 920 4140 non
968 4091 1223 4157 cognovit
1262 4092 1547 4147 Dominum
1581 4094 1788 4162 Iesum,

233 4167 327 4221 ista
354 4178 436 4223 est
473 4169 730 4226 malarum
760 4175 1170 4244 cogitationum,
1207 4191 1261 4234 et
1310 4183 1666 4250 pessimarum
1698 4199 1792 4238 cu-

233 4259 533 4326 piditatum,
562 4277 681 4332 qua:
709 4268 1004 4333 procedunt
1055 4285 1120 4324 ex
1165 4272 1349 4327 corde.
1387 4272 1491 4327 Ista
1523 4284 1604 4329 est
1627 4290 1792 4345 gene-

235 4350 366 4405 ratio
390 4366 511 4420 qua:
544 4367 649 4407 non
689 4360 1026 4424 recognoscit
1060 4362 1345 4418 Dominum
1372 4362 1578 4428 Iesum,
1616 4382 1789 4437 neque

1896 3179 2073 3248 pturis
2100 3178 2244 3245 quod
2276 3176 2473 3246 aliquis
2502 3186 2746 3244 tempore
2772 3175 3077 3230 Salvatoris
3099 3189 3274 3244 genua
3301 3173 3469 3228 ﬂexe-

1896 3269 1969 3323 rit
1994 3269 2324 3333 simulacris,
2356 3269 2453 3323 sed
2486 3270 2554 3325 de
2599 3268 2705 3322 illis
2752 3268 2938 3335 utique
2968 3266 3070 3320 hoc
3108 3264 3333 3329 dicitur,
3372 3263 3468 3332 qui

1896 3359 2136 3430 peccatis
2165 3359 2280 3414 suis
2318 3359 2550 3424 astricti,
2582 3358 2725 3413 velut
2775 3357 3065 3425 compediti
3117 3356 3466 3414 tenebantur.

1900 3450 2055 3507 Unde
2081 3460 2304 3506 constat
2326 3450 2452 3521 quia
2488 3460 2543 3506 et
2571 3464 2673 3506 nos
2704 3447 3134 3518 quotiescunque
3159 3461 3468 3518 peccamus,

1894 3558 2018 3601 cum
2046 3543 2245 3613 captivi
2277 3542 2532 3597 ducimur
2559 3540 2614 3596 in
2640 3540 2758 3611 lege
2794 3539 3027 3611 peccati,
3061 3553 3234 3609 genua
3280 3549 3467 3595 nostra

1895 3649 2187 3691 curvamns
2217 3633 2448 3690 Baalint.
2503 3632 2608 3689 Sed
2652 3648 2761 3689 non
2798 3633 2850 3687 in
2882 3632 2985 3688 hoc
3015 3632 3192 3687 vocati
3237 3646 3425 3688 sumus
3447 3671 3465 3696 ,

1896 3742 1996 3784 nec
2028 3727 2094 3781 ad
2127 3728 2230 3783 hoc
2264 3726 2639 3791 credidimus,
2668 3733 2728 3778 ut
2768 3724 2961 3779 iterum
3001 3723 3307 3780 serviamus
3335 3737 3463 3793 pec-

1895 3830 2019 3876 cato
2044 3858 2061 3884 ,
2110 3829 2166 3874 et
2204 3820 2400 3874 iterum
2445 3831 2618 3886 genua
2648 3816 2928 3872 ﬂectamus
2962 3815 3179 3871 diabolo
3203 3854 3218 3878 ,
3273 3814 3368 3871 sed
3410 3823 3469 3867 ut

1893 3910 2178 3965 ﬂectamus
2208 3909 2469 3980 genua'in
2502 3907 2720 3961 nomine
2750 3906 2958 3961 Domini
2985 3906 3112 3962 Iesu
3146 3923 3161 3961 :
3194 3903 3320 3973 quia
3358 3922 3376 3956 ι
3412 3904 3464 3958 ἰιι

1897 4001 2116 4057 nomine
2144 3998 2273 4056 Iesu
2304 4012 2466 4055 omne
2494 4012 2631 4069 genu
2656 3997 2893 4053 ﬂectitur
2927 3997 3254 4061 ctelestium,
3277 4004 3333 4052 et
3358 4007 3468 4051 ter-

1894 4093 2171 4154 restrium,
2210 4102 2266 4147 et
2309 4090 2645 4147 infernarum
2678 4092 2739 4157 ';
2772 4108 2793 4145 ι
2826 4098 2881 4144 et
2907 4098 2967 4144 ut
2998 4089 3285 4145 ﬂectamus
3319 4107 3338 4141 ι
3371 4105 3466 4160 ge-

1895 4201 1999 4243 nua
2030 4186 2098 4240 ad
2131 4185 2348 4242 Patrem
2378 4183 2591 4239 Domini
2629 4182 2800 4238 nostri
2839 4180 2967 4237 Iesu
2998 4182 3224 4251 Christi,
3250 4196 3318 4238 ex
3357 4196 3467 4252 quo

1892 4278 2073 4332 onmis
2132 4275 2435 4346 paternitas
2480 4275 2533 4330 in
2576 4274 2774 4330 crnlum
2828 4282 2885 4329 et
2930 4272 2983 4327 in
3027 4286 3174 4333 terra
3210 4275 3465 4331 nomina-

1893 4380 1982 4425 tur
2010 4370 2053 4422 ³.
2088 4388 2108 4422 ι
2157 4369 2263 4425 Sed
2295 4368 2427 4439 quid
2470 4369 2602 4425 mihi
2644 4370 2869 4438 prodest
2912 4369 2955 4424 si
2992 4383 3166 4438 genua
3213 4368 3466 4439 corporis

232 4454 361 4509 opus
390 4456 642 4512 maguum
674 4447 817 4514 quod
852 4448 979 4504 fecit
1008 4452 1060 4506 in
1091 4452 1275 4509 Israel.
1319 4455 1476 4512 Vides
1505 4458 1629 4527 quia
1663 4473 1790 4527 pec-
1821 4453 1867 4512 D
1894 4464 1996 4518 mei
2038 4464 2106 4519 ad
2153 4462 2450 4518 orationem
2492 4460 2718 4517 veniens
2757 4460 2968 4517 ﬂectam
3016 4461 3155 4526 Deo,
3199 4470 3255 4518 et
3285 4474 3464 4531 genua

234 4540 442 4587 calores
471 4546 538 4588 eo
568 4550 740 4604 usque
773 4543 1117 4609 perveniunt,
1157 4555 1215 4602 ut
1252 4556 1305 4602 et
1346 4563 1481 4615 Opus
1512 4549 1641 4605 illttd
1672 4567 1789 4605 ma-

236 4640 386 4694 gnum
408 4635 464 4682 et
486 4629 805 4696 praeclarum
831 4636 976 4703 quod
1000 4635 1132 4693 fecit
1155 4639 1435 4707 Dominus,
1460 4643 1789 4701 obliviscan-

236 4724 352 4779 tur,
389 4720 531 4786 quod
577 4723 869 4777 cruciﬁxus
905 4736 988 4781 est
1036 4746 1055 4780 ι
1082 4744 1179 4797 pro
1216 4734 1456 4801 peccatis
1481 4737 1703 4802 nostris,
1736 4748 1792 4794 et

238 4811 523 4864 resurrexit
550 4824 771 4884 propter
787 4815 1232 4883 justiﬁeationem
1257 4836 1498 4881 nostram
1512 4829 1579 4881 π.
1594 4848 1613 4881 ι
1636 4829 1790 4886 Unde

237 4901 389 4955 credo
417 4905 562 4972 quod
594 4917 814 4976 propter
840 4909 984 4967 hanc
1002 4915 1331 4973 oblivionem
1367 4929 1617 4977 metuens
1645 4923 1789 4992 Apo-

235 4993 395 5049 stolus
429 4996 644 5054 dicebat
671 5001 940 5073 discipulo
966 5022 1067 5063 suo
1104 5007 1422 5077 Timotheo,
1453 5029 1613 5084 quem
1645 5032 1787 5085 prae-

237 5085 439 5154 cipuum
488 5090 827 5151 habebat":
860 5114 881 5149 ι
918 5097 1125 5155 Memor
1161 5113 1279 5161 esto
1304 5106 1576 5162 Christum
1605 5108 1786 5165 Iesum

240 5181 589 5237 resurrexisse
630 5199 659 5236 a
690 5188 939 5243 mortuis.
974 5209 992 5240 ι
1033 5191 1253 5250 Sciebat
1281 5197 1425 5251 enim
1467 5201 1591 5267 quia
1629 5200 1789 5271 hujus

300 5270 520 5350 f'ml’hil.
558 5289 634 5350 tv,
658 5276 764 5350 {3._
816 5279 1063 5350 f'Matth.
1097 5302 1154 5350 x,
1179 5287 1273 5347 32.
1305 5289 1391 5345 33.

1502 5292 1548 5324 ”
1575 5292 1699 5349 Iud.
1727 5308 1788 5356 ll,
1824 5291 1913 5348 IO.

1891 4558 2075 4611 cordis
2100 4557 2203 4612 mei
2230 4555 2441 4612 ﬂectam
2468 4554 2721 4610 diabolo?
2742 4554 2800 4609 Si
2833 4554 2977 4610 enim
3004 4569 3111 4609 non
3135 4562 3342 4610 stetere
3371 4554 3466 4608 tir-

1894 4665 2015 4704 mus
2046 4635 2332 4703 adversum
2369 4647 2599 4702 astutias
2650 4645 2893 4711 diaboli,
2949 4644 3072 4701 ﬂexi
3114 4660 3290 4717 genua
3343 4659 3487 4703 meas

1894 4739 2130 4795 diabolo.
2184 4739 2250 4794 Et
2297 4737 2344 4796 si
2392 4754 2500 4793 non
2548 4746 2865 4793 constanter
2917 4747 3129 4792 stetero
3174 4738 3488 4792 adversum.

1891 4833 2050 4898 iram,
2088 4831 2208 4887 ﬂexi
2239 4846 2410 4902 genua
2450 4844 2569 4886 mea
2598 4830 2710 4884 irae.
2741 4828 3002 4884 Similiter
3027 4837 3083 4884 et
3113 4829 3162 4884 si
3188 4844 3293 4884 non
3326 4842 3493 4883 σου-κ

1889 4933 2100 4980 stanter
2146 4923 2354 4978 libidini
2398 4921 2669 4987 restitero,
2720 4920 2843 4976 ﬂexi
2892 4918 3101 4975 libidini
3150 4935 3322 4991 genua
3356 4918 3492 4976 meiu-

1887 5016 2092 5074 cordis.
2138 5015 2203 5071 Et
2258 5014 2312 5070 in
2368 5013 2599 5083 singulis
2640 5011 2948 5082 quibusque
3000 5025 3123 5081 quae
3176 5010 3483 5067 contraria.

1887 5117 2015 5163 sunt
2044 5106 2176 5172 Deo,
2218 5107 2321 5162 hoc
2351 5106 2532 5161 facere
2570 5104 2829 5167 videbor,
2890 5103 2992 5158 nisi
3032 5112 3352 5158 constanter
3404 5112 3484 5159 et.

1889 5199 2107 5256 fortiter
2161 5207 2372 5255 stetere
2394 5237 2411 5262 ,
2448 5197 2589 5251 sicut
2618 5203 2674 5251 et
2720 5194 2795 5249 illi
2835 5193 3081 5251 fecerunt
3113 5194 3241 5264 quia
3274 5195 3460 5252 colue-

2024 5296 2069 5328 ”
2107 5294 2235 5349 ibid.
2266 5294 2350 5348 Η.
2462 5290 2507 5322 ⁸⁸
2546 5287 2666 5343 Iud.
2699 5303 2759 5350 tt,
2791 5287 2878 5341 10.
2980 5287 3028 5318 ’⁸
3065 5285 3222 5342 Rom.
3256 5303 3336 5351 tv,
3363 5288 3476 5343 25..

237 5339 317 5430 jj_l
338 5339 566 5430 gmw,
594 5345 649 5400 8.
724 5348 769 5379 οι
809 5346 935 5405 Iud.
978 5339 1165 5422 ιιίιιζ
1191 5339 1415 5413 ’ῆῘῦ
1449 5362 1465 5415 ι
1502 5339 1791 5430 uox—£3

1897 5339 1949 5395 ἰ
1991 5339 2350 5429 no..;'.";.','é;
2386 5362 2441 5427 5,
2477 5339 3221 5428 tfsfﬂit'ttiiiipp.11,10.”
3255 5339 3477 5430 δήίιῑιῖιίζῤ

239 5422 312 5471 tn,
337 5408 416 5477 Η,
446 5412 533 5466 15.

303 5502 405 5574 (40)
448 5506 602 5587 ῌρεη
637 5526 655 5558 t
682 5518 732 5563 et
764 5509 1029 5565 reﬁcitur.
1058 5532 1076 5565 ι
1107 5513 1271 5587 L‘bb.
1292 5516 1446 5579 editi,
1483 5535 1502 5567 ι
1531 5526 1581 5571 et
1617 5517 1779 5587 perﬁ-

238 5571 425 5656 ςίιιιειζι
454 5576 630 5656 Paulo
652 5591 771 5647 post
801 5596 955 5656 uisa,
996 5601 1013 5631 ι
1052 5599 1147 5653 per
1169 5585 1339 5639 malas
1365 5571 1774 5656 cogitationes.)

238 5641 376 5717 ubi).
400 5648 553 5717 editi,
585 5666 605 5698 σ
633 5641 727 5717 per
760 5641 977 5706 multas.
1004 5671 1023 5703 ι

302 5713 400 5785 (Il)
437 5716 591 5785 Mss.,
614 5713 749 5775 (Vis
769 5720 975 5788 videre,
1000 5724 1143 5793 quia.
1161 5744 1179 5777 ι
1198 5723 1353 5781 Libb.
1381 5727 1529 5793 editi,
1555 5744 1772 5799 «quatu-

1886 5525 1967 5577 vis
1999 5538 2181 5575 verum
2217 5531 2299 5577 est
2329 5520 2476 5591 quia.
2504 5539 2521 5571 ι

1887 5662 1931 5729 Q
1961 5592 2189 5719 (adifiISic
2224 5589 2357 5647 mss.
2394 5590 2541 5647 Libri
2577 5598 2759 5647 autem
2789 5590 2941 5658 editi,
2988 5608 3005 5643 ι
3039 5589 3467 5660 ἱιιιιιτριτιδιιιικ⁴

1936 5679 2002 5719 uo
2088 5678 2190 5719 ioc.
2223 5680 2241 5714 ι
