4058 6244
108 353 258 409 961

1214 342 1280 396 1N
1321 342 1579 397 LIBRUM
1620 339 1917 397 JUDICUM
1954 341 2241 397 llOMILIA
2274 344 2360 400 Ill.

3330 352 3446 409 96‘2

108 468 559 525 conc-edimur.
611 464 749 520 Audi
793 462 1024 531 denique
1077 461 1253 531 ipsum
1295 461 1566 514 dicentem
1598 460 1667 513 de
1701 474 1767 513 eo
1798 466 1845 520 Λ
1874 470 2056 529 spectu
2090 461 2206 525 Dei,
2245 470 2300 515 et
2336 460 2489 515 obliti
2520 471 2643 517 sunt
2682 462 2894 518 Domini
2937 465 3028 520 Dei
3058 466 3166 531 sui,
3192 480 3257 521 ac
3283 464 3448 523 relin-

120 562 252 630 qui
337 569 665 630 peccaverat
699 574 712 609 :
749 575 769 608 ι
813 554 1073 617 Tradidi,
1134 553 1308 622 inquit
1342 552 1407 615 ¹³,
1464 550 1768 617 hujusmodi

134 653 469 706 hominem
508 649 724 704 Satanae
758 652 809 702 in
857 648 1135 701 interitum
1169 645 1371 708 carnis,
1427 652 1490 697 ut
1541 642 1769 711 spiritus

137 743 378 797 salvus
425 742 538 797 liat.
576 760 594 794 ι
638 740 796 795 Vides
837 755 967 809 ergo
997 740 1123 806 quia
1157 752 1264 791 non
1308 736 1480 790 solum
1509 751 1607 805 per
1643 748 1771 803 apo-

144 833 363 888 stolos
420 848 549 887 suos
602 832 743 887 Deus
790 832 1012 885 tradidit
1063 829 1443 896 delinquentes
1477 826 1531 880 in
1577 840 1769 880 manus

142 923 559 989 inimicorum,
610 923 704 976 sed
754 932 808 975 et
858 936 950 991 per
997 935 1091 975 eos
1134 919 1224 988 qui
1284 918 1538 972 Ecclesiae
1585 919 1770 985 praesi-

148 1015 339 1077 dent,
375 1022 432 1066 et
460 1020 783 1081 potestatem
820 1013 1018 1065 habent
1056 1026 1159 1064 non
1194 1008 1365 1062 solum
1396 1006 1769 1072 solvendi,sed

164 1115 234 1159 et
286 1105 526 1173 ligandi,
562 1103 853 1155 traduntur
882 1108 1195 1170 peccatores
1228 1098 1279 1152 in
1317 1098 1594 1151 interitum
1634 1113 1770 1151 car-

162 1194 297 1258 nis,
331 1210 462 1246 cum
504 1207 601 1263 pro
633 1191 847 1245 delictis
899 1191 1011 1244 suis
1040 1204 1070 1242 a
1104 1188 1303 1242 Christi
1339 1201 1568 1256 corpore
1611 1201 1768 1256 sepa-

165 1296 415 1339 rantur.
448 1284 533 1347 Et,
580 1291 639 1336 tit
678 1281 809 1335 mihi
842 1282 1077 1345 videtur,
1110 1280 1397 1348 dupliciter
1432 1279 1596 1333 etiam
1630 1295 1770 1333 nunc

159 1379 487 1428 traduntur
521 1374 770 1426 homines
803 1372 868 1425 de
902 1370 1143 1426 Ecclesia
1199 1371 1249 1423 in
1303 1378 1623 1438 potestatem
1670 1369 1772 1424 Za-

159 1464 289 1519 buli
322 1482 337 1518 :
363 1479 472 1517 uno
500 1463 659 1519 modo
682 1478 791 1533 quo
819 1462 1068 1531 superius
1097 1460 1354 1524 diximus,
1375 1474 1495 1513 cum
1516 1459 1769 1515 delictum

160 1555 302 1624 ejus
335 1552 686 1608 manifestum
721 1552 780 1606 fit
818 1552 1091 1613 Ecclesiae,
1129 1562 1183 1604 et
1212 1566 1307 1619 per
1344 1552 1661 1606 sacerdotes
1704 1552 1773 1606 de

165 1642 441 1697 Ecclesia
469 1644 710 1712 pellitur,
744 1651 801 1696 ut
825 1652 1043 1696 notatus
1077 1642 1144 1696 ab
1177 1641 1427 1695 omnibus
1461 1644 1770 1707 erubescat,

167 1745 230 1789 et
271 1748 551 1789 converso
584 1734 802 1788 eveniat
835 1733 907 1786 illi
939 1735 1082 1802 quod
1129 1734 1376 1801 sequitur
1411 1734 1472 1798 ‘i,
1512 1753 1530 1785 ε
1572 1744 1626 1788 ut
1660 1736 1771 1804 spi-

172 1824 330 1876 ritus
365 1823 550 1877 salvus
582 1823 675 1876 fiat
699 1824 751 1876 in
784 1822 868 1876 die
887 1822 1097 1875 Domini
1132 1825 1299 1876 nostri
1330 1821 1455 1877 Jesu
1488 1824 1717 1889 Christi;
1742 1845 1761 1878 ι
1799 1815 1841 1869 Β

177 1914 297 1967 alio
331 1922 516 1967 autem
560 1914 719 1967 modo
752 1914 873 1983 quis
910 1914 1145 1967 traditur
1181 1914 1404 1979 Zalntlo,
1431 1932 1549 1969 rum
1578 1932 1769 1985 pecca-

179 2015 303 2055 tum
335 2001 456 2069 ejus
477 2004 820 2057 manifestum
846 2019 950 2057 non
982 2004 1393 2071 lithomiuibus;
1425 2006 1562 2061 Deus
1586 2017 1765 2061 autem

178 2094 278 2161 qui
326 2094 473 2149 videt
509 2096 562 2147 in
597 2094 842 2159 occulto,
886 2096 1223 2164 perspiciens
1253 2096 1367 2164 ejus
1417 2107 1673 2162 mentem,
1716 2108 1771 2154 et

178 2184 434 2238 animam
496 2185 642 2239 vitiis
695 2200 758 2240 ac
818 2188 1162 2255 passionibus
1214 2190 1560 2256 servientem,
1618 2202 1671 2245 et
1716 2191 1768 2245 in

181 2280 362 2333 corde
389 2279 504 2347 ejus
534 2294 639 2333 non
669 2280 843 2334 solum
877 2295 1117 2335 amorem
1161 2282 1369 2347 satculi,
1397 2284 1490 2337 sed
1521 2294 1613 2338 aut
1638 2300 1769 2339 ava-

180 2372 403 2436 ritiam,
422 2381 516 2426 aut
539 2371 843 2437 libidinem,
868 2381 961 2425 aut
982 2372 1318 2439 jactantiam,
1347 2374 1428 2427 vel
1447 2374 1548 2429 alia
1577 2376 1766 2442 hujus-

177 2461 367 2528 modi,
399 2463 560 2518 istum
583 2462 740 2517 talem
762 2464 875 2533 ipse
906 2462 1344 2518 Dominustradit
1372 2464 1607 2521 Satanae.
1627 2467 1770 2534 Quo-

182 2555 351 2608 modo
384 2569 509 2607 eum
546 2554 713 2608 tradit
743 2552 996 2608 Satanzei
1025 2554 1259 2609 Discedit
1289 2570 1317 2609 a
1349 2567 1529 2613 mente
1557 2560 1691 2627 ejus,
1716 2569 1772 2615 et

182 2643 393 2697 avertit
430 2657 507 2709 se,
540 2652 594 2698 et
622 2643 819 2712 refugit
851 2658 880 2696 a
911 2643 1329 2713 cogitationibus
1360 2646 1475 2714 ejus
1511 2650 1686 2713 malis,
1717 2660 1771 2706 et

182 2734 484 2790 desideriis
532 2735 801 2804 indignis,
850 2744 905 2789 et
934 2734 1265 2804 derelinquit
1320 2737 1537 2793 domum
1592 2743 1770 2797 cordis

178 2821 298 2891 ejus
342 2842 600 2882 vacuam.
644 2828 709 2881 Et
754 2836 879 2882 tunc
928 2829 1290 2897 complebitur
1324 2831 1376 2885 in
1425 2831 1515 2886 illo
1553 2833 1771 2889 homine

186 2919 333 2986 quod
402 2919 664 2989 scriptum
724 2930 809 2973 est
838 2918 926 2969 “‘z
977 2937 994 2969 α
1043 2920 1179 2974 Cum
1239 2932 1415 2976 autem
1466 2923 1772 2980 immundus

196 3011 434 3079 spiritus
467 3012 662 3065 exierit
685 3008 751 3064 ab
787 3012 1028 3075 homine,
1061 3013 1253 3067 circuit
1284 3014 1400 3067 loca
1427 3015 1613 3069 arida:
1650 3017 1769 3071 etsi

1885 564 2116 621 quentes
2152 569 2274 608 cum
2316 555 2625 609 servierunt
2659 557 2884 621 Bnalim,
2918 567 2970 612 et
3004 558 3136 612 lucis
3164 559 3445 627 gentium,

1875 654 1999 699 tunc
2023 647 2451 700 thesaurizantes
2468 648 2568 702 sibi
2588 648 2871 716 ipsisiram
2905 650 3086 703 traditi
3138 660 3264 704 sunt
3298 649 3446 718 just»

1872 735 1961 789 Dei
1976 735 2176 805 judicio
2201 736 2251 788 in
2276 751 2469 788 manus
2490 736 2857 804 inimicorum,
2875 738 3169 793 secundum
3190 743 3305 793 haec
3324 753 3445 809 quae

1870 841 2108 895 praesens
2152 826 2314 880 lectio
2348 826 2668 890 declaravit,
2722 829 2773 882 iu
2826 843 3020 883 manus
3067 828 3437 885 Chusarsaton

1870 919 2015 987 regis
2088 916 2512 987 Mesopotamire.
2579 918 2972 987 Interpretatur
3037 919 3441 975 Cltursarsaton

1870 1009 2165 1063 Itumilialio
2195 1025 2375 1061 eorum
2418 1007 2555 1081 (46).
2594 1009 2807 1064 Traditi
2837 1019 2970 1064 sunt
2999 1024 3135 1080 ergo
3170 1011 3223 1065 in
3253 1025 3446 1065 manus

1871 1099 1986 1167 ejus
2029 1099 2119 1168 qui
2156 1100 2468 1154 hutniliaret
2509 1115 2625 1155 eos.
2678 1100 2741 1154 Et
2794 1101 2920 1170 quia
2966 1101 3064 1170 ipsi
3113 1101 3165 1154 in
3209 1102 3443 1155 excelsis

1874 1191 2139 1243 tnontium
2186 1191 2346 1258 impie
2392 1190 2624 1259 agebant
2666 1191 2719 1244 in
2754 1192 3111 1254 Altissimum,
3158 1203 3441 1259 pmplerea

1872 1282 1940 1336 ab
1968 1283 2081 1351 ipso
2117 1284 2168 1335 in
2202 1283 2562 1336 humilitatem
2601 1282 2908 1337 traduntur.
2962 1282 3068 1337 Sed
3118 1282 3239 1336 nolo
3287 1292 3442 1350 putes

1872 1375 1995 1443 quia
2024 1388 2149 1444 erga
2184 1377 2440 1444 antiquos
2465 1377 2798 1431 solummodo
2831 1384 2946 1429 erat
2975 1375 3088 1429 haec
3114 1374 3290 1429 divina
3317 1388 3444 1442 pro-

1871 1464 2137 1530 videntia,
2188 1475 2246 1518 ut
2291 1479 2385 1519 eos
2422 1467 2513 1533 qui
2554 1467 2716 1535 impie
2743 1463 3156 1529 exaltabantur,
3201 1464 3443 1517 traderet

1873 1549 2255 1614 humiliandos,
2284 1563 2342 1607 ut
2370 1553 2574 1608 salubri
2608 1553 2890 1609 medicina:
2917 1552 3145 1617 ratione,
3167 1550 3441 1606 centraria

1872 1644 2166 1697 contrariis
2223 1655 2570 1699 curarentur.
2617 1644 2752 1698 Nam
2801 1650 2857 1698 et
2900 1657 3043 1697 nunc
3083 1644 3441 1712 omnipotenti

1874 1734 1982 1787 Deo
2014 1748 2140 1802 erga
2173 1733 2469 1788 Ecclesiam
2498 1750 2649 1790 suam
2678 1735 2745 1788 dc
2772 1733 3081 1803 hujusmodi
3118 1733 3443 1788 salubritate

1870 1826 2206 1894 providentia
2255 1835 2361 1881 est.
2394 1827 2571 1881 Etiam
2618 1841 2762 1881 nunc
2800 1836 2886 1881 est
2924 1824 3296 1880 Clitisarsaton
3348 1840 3440 1879 rex

1868 1913 2298 1984 Mesopotamiae,
2334 1916 2420 1969 cui
2460 1915 2748 1970 traduntur
2799 1913 3144 1968 humiliandm
3181 1923 3239 1969 et
3306 1912 3443 1966 stili-

1870 2007 2060 2074 geuda:
2082 2006 2299 2072 animai,
2326 2022 2445 2075 qua:
2466 2006 2773 2061 Christiana
2804 2004 3109 2059 humilitate
3135 2012 3443 2074 contempta

1872 2096 1924 2149 in
1960 2094 2265 2163 superbiam
2296 2078 2540 2164 se'atque
2558 2094 2928 2164 arrogantiam
2957 2093 3243 2148 dederunt.
3273 2091 3444 2148 Odio-

1871 2198 1993 2238 sum
2031 2183 2169 2239 satis
2214 2191 2299 2238 est
2352 2183 2403 2237 in
2432 2192 2729 2253 conspectu
2767 2183 2857 2238 Dei
2896 2182 3161 2251 superbia
3193 2182 3378 2237 vitium
3423 2198 3440 2239 τ

1870 2280 2020 2349 quia,
2053 2279 2193 2333 sicut
2230 2281 2515 2350 Scriptura
2545 2281 2674 2336 dicit
2712 2281 2785 2345 ”,
2818 2298 2836 2332 ι
2872 2280 3089 2334 initium
3126 2278 3441 2335 discedendi

1871 2386 1899 2423 a
1927 2370 2055 2435 Deo,
2082 2370 2358 2440 superbia.
2384 2390 2403 2423 ι
2431 2372 2496 2424 Et
2520 2371 2714 2426 iterum
2739 2371 2866 2425 alibi
2901 2371 3182 2440 Scriptura
3207 2371 3340 2426 dicit
3359 2373 3439 2425 r’:

1878 2481 1896 2514 ι
1938 2464 2077 2517 Deus
2103 2463 2350 2532 superbis
2386 2463 2607 2527 resistit,
2638 2463 2937 2518 humilibus
2966 2473 3147 2518 autem
3180 2465 3275 2519 dat
3313 2480 3444 2535 grac

1876 2553 2023 2609 tiam.
2061 2573 2080 2605 ι
2119 2553 2174 2608 Si
2200 2557 2321 2623 quis
2352 2553 2514 2623 igitur
2547 2555 2749 2609 Christi
2778 2554 3080 2609 humilitate
3109 2563 3442 2624 contempta,

1878 2646 1968 2715 qui
1998 2655 2215 2715 pmpter
2246 2662 2366 2710 nos,
2395 2660 2518 2700 cum
2558 2647 2700 2701 Deus
2729 2654 2894 2711 esset,
2924 2645 3087 2700 homo
3124 2644 3301 2700 factus
3328 2656 3444 2711 est,

1877 2748 1930 2792 et
1978 2739 2283 2793 hutniliavit
2330 2754 2390 2793 se
2429 2756 2598 2809 usque
2640 2742 2705 2793 ad
2756 2746 3010 2804 mortent,
3067 2736 3345 2793 extollitur
3390 2746 3447 2792 ct

1873 2831 2118 2895 effertur,
2152 2839 2203 2884 et
2240 2830 2307 2883 ad
2346 2839 2647 2899 potestates
2693 2840 2750 2884 et
2775 2828 3072 2899 dignitates
3110 2828 3291 2884 saeculi
3321 2843 3446 2898 pro-

1875 2924 2006 2986 silit,
2046 2931 2101 2976 et
2142 2932 2289 2975 artes
2329 2922 2525 2990 quibus
2558 2920 2671 2975 hmo
2701 2920 2916 2989 assequi
2970 2918 3185 2983 nititur,
3232 2918 3447 2975 etiamsi

1876 3024 2064 3069 coittra
2109 3013 2265 3067 fidem
2298 3021 2351 3066 ct
2388 3013 2704 3081 religionem
2755 3012 2887 3074 sint.
2940 3028 3043 3066 non
3092 3010 3309 3081 refugit,
3346 3025 3449 3067 nec

198 3116 304 3156 non
356 3104 625 3157 invenerit
685 3103 945 3170 requiem,
984 3104 1119 3157 redit
1152 3104 1216 3157 ad
1246 3104 1459 3159 domum
1489 3122 1637 3161 suam
1683 3116 1774 3163 :et
1801 3142 1842 3200 ο
1880 3102 2164 3161 horrescit,
2196 3101 2482 3154 dummodo
2516 3100 2657 3169 quod
2699 3101 2848 3169 cupit
2891 3102 3134 3156 obtineat
3175 3101 3447 3170 faciatque

200 3193 482 3247 inveniens
512 3207 633 3245 eam
668 3200 953 3246 vacantem
984 3200 1037 3245 et
1063 3194 1400 3258 mundatam,
1432 3199 1658 3250 assumit
1686 3212 1772 3250 se-

202 3298 324 3337 cum
362 3292 568 3349 septem
605 3282 739 3336 alios
771 3284 999 3351 Spiritus
1032 3285 1322 3353 nequiores
1352 3299 1431 3350 se,
1479 3298 1533 3341 et
1568 3288 1774 3343 intrans

204 3371 411 3425 habitat
446 3372 499 3424 in
534 3373 693 3426 domo
740 3373 851 3438 illa,
902 3382 956 3427 et
1004 3382 1128 3428 tunc
1172 3374 1301 3428 fient
1341 3375 1574 3433 hominis
1630 3377 1775 3434 illius

213 3460 495 3514 novissima
520 3460 703 3530 pejora
736 3464 1027 3530 prioribus.
1069 3484 1086 3516 ι
1124 3464 1237 3519 Hoc
1275 3481 1402 3536 ergo
1435 3469 1592 3521 modo
1619 3469 1777 3522 intel-

208 3549 478 3620 i'gendutn
522 3562 628 3616 est,
675 3553 840 3605 Deum
882 3553 1094 3608 tradere
1124 3570 1257 3624 quos
1288 3558 1475 3619 tradit,
1509 3573 1615 3610 non
1648 3560 1775 3626 quia

212 3643 320 3711 ipse
344 3644 519 3696 tradat
550 3644 806 3711 aliquem,
840 3645 933 3698 sed
963 3659 1027 3697 eo
1058 3646 1203 3713 quod
1234 3645 1584 3716 derelinquit,
1639 3649 1779 3703 indi-

215 3749 343 3801 gnos
372 3749 464 3789 eos
502 3736 712 3790 scilicet
764 3733 1041 3803 judicans,
1063 3738 1153 3804 qui
1185 3752 1242 3791 se
1272 3754 1375 3792 non
1420 3739 1491 3791 ita
1523 3740 1779 3795 excolunt

217 3834 269 3878 et
302 3841 329 3877 a
353 3825 494 3880 vitiis
525 3834 775 3894 purgant,
816 3836 874 3877 ut
905 3825 1137 3879 libenter
1173 3826 1224 3879 in
1271 3826 1351 3880 eis
1380 3826 1583 3880 habitet
1615 3829 1771 3883 Deus.

219 3913 334 3984 Ipso
360 3915 672 3985 refugientc,
708 3930 867 3984 atque
913 3926 1191 3970 avertente
1234 3932 1292 3971 se
1326 3919 1392 3970 ab
1424 3917 1625 3983 anima,
1657 3934 1777 3988 quae

221 4005 273 4059 in
302 4006 626 4060 imtuunditia
682 4021 745 4060 ac
791 4007 939 4061 vitiis
988 4007 1157 4077 posita
1194 4016 1296 4071 est,
1348 4011 1543 4063 tradita
1580 4011 1779 4064 dicitur

224 4092 374 4167 464
397 4110 459 4150 ex
495 4109 559 4150 eo
594 4095 737 4163 quod
785 4095 893 4149 Deo
924 4100 1090 4149 vacua
1134 4097 1427 4163 invenitur,
1461 4110 1515 4153 et
1565 4101 1777 4155 invadi-

227 4193 303 4236 tur
328 4187 388 4238 ab
434 4184 628 4253 spiritu
678 4199 934 4252 nequam.
976 4182 1040 4237 Et
1086 4185 1203 4239 ideo
1238 4201 1333 4241 nos
1359 4203 1568 4242 summo
1598 4190 1778 4245 studio

233 4277 524 4346 vigilemus,
557 4285 611 4327 et
650 4274 972 4329 festinemus
1003 4276 1220 4345 purgari
1261 4295 1289 4331 a
1320 4280 1460 4335 vitiis
1488 4290 1539 4335 ct
1574 4296 1777 4337 concu-

233 4367 493 4438 piscentiis
517 4367 691 4431 malis,
723 4365 961 4420 utDeum
989 4367 1129 4421 intra
1160 4384 1257 4424 nos
1284 4378 1465 4425 tenere
1484 4374 1774 4442 possimus,

1878 3189 2169 3257 malignum
2195 3189 2244 3239 in
2277 3197 2566 3254 conspectu
2601 3187 2809 3242 Domini
2838 3203 2851 3240 :
2884 3198 3169 3258 postquam
3197 3188 3449 3257 indeptus

1878 3276 2041 3331 fuerit
2069 3293 2307 3331 summas
2333 3276 2532 3331 infulas
2560 3285 2905 3346 potestatum,
2936 3287 2991 3332 et
3014 3278 3078 3332 ad
3111 3278 3227 3347 ipsa
3255 3293 3449 3349 super-

1877 3368 1977 3423 biae
2002 3367 2213 3438 fastigia
2238 3382 2446 3421 summa
2483 3368 2887 3433 conscenderit,
2920 3368 3042 3422 inde
3075 3370 3315 3439 dejectus
3339 3380 3448 3422 tra-

1878 3459 2025 3513 ditur
2048 3459 2174 3512 huic
2206 3458 2598 3523 Chusarsatun,
2630 3458 2721 3511 uni
2748 3459 2958 3513 scilicet
2986 3474 3051 3514 ex
3096 3460 3268 3515 aereis
3292 3460 3447 3528 prin-

1878 3548 2107 3618 cipibus,
2137 3556 2195 3600 ut
2226 3548 2473 3602 humiliet
2493 3561 2615 3600 eum
2638 3547 2726 3615 qui
2765 3548 2925 3600 nimis
2953 3546 3130 3599 fuerat
3156 3545 3446 3610 exaltatus,

1877 3648 1936 3691 ut
1970 3635 2193 3704 afﬂigat,
2228 3647 2283 3691 ut
2314 3646 2585 3704 conterat,
2617 3638 2788 3690 donec
2826 3637 3117 3706 resipiscat
3153 3644 3207 3689 et
3239 3644 3449 3704 quzerat

1879 3728 2162 3781 Dominum
2197 3744 2212 3781 :
2252 3728 2376 3796 quia
2404 3742 2523 3780 cum
2561 3735 2706 3780 esset
2752 3727 2803 3780 in
2838 3726 3091 3795 superbia
3123 3733 3178 3779 et
3215 3724 3448 3781 elatione

1878 3818 2222 3884 constitutus,
2261 3819 2544 3888 ignorabat
2573 3818 2879 3872 Dominum.

1948 3928 2002 3983 2.
2041 3928 2192 3982 Nunc
2213 3944 2344 3999 ergo
2374 3929 2410 3983 ii
2440 3929 2531 3998 qui
2562 3929 2849 3981 traduntur
2874 3941 2969 3993 pro
2998 3934 3243 3994 peccato,
3271 3926 3323 3980 in
3350 3927 3450 3981 tri-

1877 4019 2151 4074 bnlatione
2179 4020 2379 4089 positi,
2414 4020 2693 4073 videamus
2724 4019 2851 4089 quid
2884 4017 3110 4071 faciunt.
3150 4018 3281 4071 lllttd
3325 4033 3449 4086 pro-

1879 4108 2020 4165 fccto
2058 4110 2201 4179 quod
2245 4109 2507 4178 scriptum
2558 4110 2748 4164 est”:
2788 4128 2806 4161 ι
2841 4109 2904 4163 Et
2953 4108 3325 4163 clamaverunt
3380 4110 3448 4163 ad

1880 4200 2164 4255 Dominum
2198 4217 2321 4256 cum
2371 4200 2781 4263 tribularentur,
2834 4211 2887 4256 et
2934 4199 3001 4254 de
3033 4199 3448 4256 necessitatibus

1881 4308 2068 4347 eorum
2117 4292 2368 4347 liberavit
2417 4308 2531 4347 eos.
2564 4292 2632 4346 Et
2658 4292 2844 4346 eduxit
2879 4306 2974 4345 eos
3015 4292 3080 4345 de
3129 4292 3366 4345 tenebris
3394 4302 3449 4345 et

1878 4384 2067 4438 umbra
2089 4385 2370 4449 mortis,et
2392 4384 2600 4439 vincula
2621 4398 2808 4439 eorum
2826 4383 3075 4450 disrupit.
3105 4400 3125 4435 ι
3154 4380 3259 4437 Sed
3284 4398 3452 4439 unus-

237 4470 285 4515 et
307 4468 357 4513 ut
379 4458 620 4513 habitare
652 4457 898 4525 dignetur
930 4458 982 4512 in
1019 4460 1195 4526 nobis,
1232 4462 1360 4515 dum
1387 4463 1690 4521 delectatur
1721 4478 1776 4524 et
1809 4476 1851 4529 D
1881 4475 2111 4544 quisque
2137 4484 2408 4538 nostrum,
2439 4474 2653 4528 etiamsi
2678 4487 2873 4543 parvus
2894 4473 2986 4535 sit,
3020 4480 3073 4525 et
3101 4473 3313 4527 etiamsi
3343 4474 3447 4528 tui-

241 4550 427 4603 artibus
456 4558 510 4603 et
535 4547 877 4602 sermonibus
923 4558 975 4603 et
1029 4550 1452 4619 cogitationibus
1483 4557 1706 4622 nostris,
1735 4560 1779 4613 si

244 4640 508 4694 secundant
566 4639 731 4707 ipsius
777 4639 1111 4693 voluntatem
1145 4657 1395 4711 geramus
1429 4659 1621 4701 cuncta
1658 4665 1779 4718 qua:

243 4730 479 4797 gerimus,
511 4739 569 4784 ut
602 4733 716 4783 sive
746 4731 1132 4785 manducamus
1155 4772 1170 4794 .
1210 4732 1325 4787 sive
1368 4736 1627 4804 bibimus,
1667 4741 1781 4796 sive

247 4823 370 4875 aliud
409 4822 529 4894 quid
586 4821 835 4888 facimus,
894 4823 1074 4876 omnia
1132 4823 1187 4877 in
1240 4826 1456 4881 nomine
1512 4828 1775 4885 faciamus

248 4914 425 4970 Domini
450 4915 643 4981 nostri,
676 4914 761 4969 cui
790 4914 1067 4984 estgloria
1101 4924 1154 4969 et
1189 4919 1547 4986 imperiumin
1577 4922 1773 4977 saecula

249 5008 549 5062 seculorum.
583 5010 776 5061 Amen.

798 5118 1077 5173 HOMILIA
1115 5119 1201 5174 Ill.

253 5211 318 5266 De
342 5229 391 5267 eo
421 5214 557 5282 quod
582 5212 765 5265 traditi
792 5222 940 5282 sunt“
960 5212 1059 5279 ﬁlii
1099 5211 1268 5265 Israel
1298 5217 1351 5267 in
1383 5234 1568 5274 "ianus
1602 5221 1781 5276 inimi-

378 5296 389 5309 '
430 5278 438 5282 ’
486 5298 694 5345 corum,
728 5292 773 5334 et
803 5284 866 5334 de
901 5278 1226 5345 Gothoniele,
1250 5295 1296 5336 et
1326 5287 1500 5339 Aimh.

315 5372 589 5440 LQuando
625 5371 871 5426 fecerunt
912 5368 1003 5422 filii
1040 5369 1203 5424 Israel
1239 5374 1533 5444 malignum
1564 5378 1615 5433 in
1649 5396 1778 5435 con-

319 5463 355 5494 “
378 5463 524 5517 lCor.
551 5478 602 5525 v,
642 5461 694 5514 5.
771 5460 815 5492 ιδ
843 5461 973 5515 ibid.

266 5532 302 5563 "
329 5533 465 5587 Eccli.
492 5547 617 5596 xxv,
639 5531 693 5584 4.

254 5668 255 5677 η
326 5625 418 5694 (i6)
455 5625 827 5693 Interpretatur
857 5623 1215 5678 Chusarsaton
1244 5627 1539 5681 humi/iulio
1569 5645 1771 5685 eorum.

274 5694 555 5748 .thenissima
621 5706 705 5749 est
767 5696 881 5749 lucc
929 5695 1273 5762 etymologia.
1326 5696 1491 5751 Forte
1543 5701 1689 5754 venit
1742 5716 1770 5754 a

274 5772 437 5823 mam:
466 5783 482 5817 ι
513 5765 797 5835 compedes
827 5783 844 5817 ι
884 5774 936 5821 et
973 5762 1130 5819 atIixo
1160 5767 1331 5821 tertia:
1361 5782 1624 5836 persome.

1052 5460 1094 5491 ’⁵
1114 5459 1301 5517 Matth.
1322 5481 1419 5533 xn,
1458 5468 1547 5533 45,
1588 5471 1677 5537 44,
1700 5472 1791 5528 45.

1884 4566 2081 4629 nimus,
2119 4566 2330 4620 etiamsi
2371 4565 2515 4619 nulla
2547 4566 2617 4618 sit
2647 4580 2776 4618 usus
2812 4564 2863 4618 in
2894 4564 3131 4619 Ecclesia
3168 4565 3446 4634 dignitate,

1884 4665 2059 4724 potest
2116 4655 2381 4724 superbiae
2416 4656 2548 4710 vitio
2581 4654 2824 4709 laborare
2868 4671 2882 4708 :
2932 4663 2988 4709 et
3033 4653 3163 4708 nihil
3217 4654 3452 4723 reperias

1885 4754 1990 4798 tam
2048 4744 2272 4811 foedum,
2332 4760 2505 4815 neque
2554 4744 2911 4810 exsecrabile,
2972 4746 3111 4800 sicut
3169 4742 3451 4813 Scriptura

1884 4835 2011 4890 dicit
2042 4835 2310 4905 ",quamr
2332 4850 2626 4906 pauperem
2654 4837 2970 4904 superbum,
2990 4844 3043 4887 et
3067 4834 3286 4887 divitem
3308 4848 3452 4885 mett-

1884 4927 2091 4981 dacem.
2120 4945 2137 4977 ι
2170 4926 2564 4995 Nonnunquam
2598 4935 2777 4978 autem
2806 4924 3026 4976 morbus
3057 4921 3156 4975 iste
3182 4919 3450 4989 superbiae

1882 5027 2127 5087 penetrat
2174 5033 2277 5072 non
2324 5017 2495 5072 solum
2541 5028 2806 5084 pauperes
2838 5011 3008 5082 plebis
3030 5050 3045 5075 ,
3080 5026 3263 5065 verum
3286 5009 3447 5064 etiam

1884 5109 2273 5163 sacerdotalem
2306 5120 2362 5162 et
2411 5106 2686 5162 leviticum
2717 5103 2960 5158 ordinem
2990 5102 3186 5171 pulsat.
3207 5101 3451 5155 Invenies

1884 5199 2152 5253 interdum
2202 5199 2364 5252 etiam
2397 5198 2449 5250 in
2484 5196 2638 5250 nobis
2665 5195 2899 5264 aliquos,
2931 5194 3020 5263 qui
3049 5193 3114 5247 ad
3146 5191 3450 5260 exemplum

1889 5288 2208 5342 humilitatis
2238 5288 2396 5358 positi
2428 5302 2638 5351 sumus,
2680 5295 2734 5341 et
2774 5286 2826 5339 in
2851 5286 3038 5338 altaris
3068 5284 3273 5337 circulo
3306 5282 3454 5336 velut

1886 5379 2103 5449 specula
2139 5380 2383 5449 quaedam
2416 5380 2749 5433 intuentibus
2779 5377 3026 5433 collocati
3062 5373 3198 5447 (47),
3236 5376 3289 5430 in
3324 5374 3450 5445 qui-

1870 5473 1913 5503 “
1936 5471 2102 5528 Eccli.
2134 5487 2188 5539 x,
2219 5471 2305 5526 15.
2383 5471 2425 5502 ¹⁷
2453 5469 2610 5526 lPet.
2636 5486 2691 5538 ν,
2724 5470 2777 5525 5.
2856 5467 3044 5523 “Psal.
3074 5484 3203 5533 crtt,
3228 5466 3260 5522 6
3290 5478 3339 5522 et
3367 5467 3450 5521 l4.

1953 5632 2067 5700 (i7)
2132 5632 2385 5698 Qua’dam
2419 5634 2743 5688 intuentibus
2777 5634 3037 5688 collocati.
3072 5633 3194 5687 ilzec
3236 5631 3453 5686 deside-

1882 5715 2072 5757 rantur
2108 5704 2160 5758 in
2205 5704 2353 5760 libris
2376 5715 2533 5761 antea
2579 5705 2761 5773 editis,
2793 5706 2889 5761 sed
2926 5704 3190 5761 habentur
3222 5704 3274 5757 in
3309 5714 3663 5903 mss.//

3412 5908 3439 5959 [id

3340 6062 3367 6133 «Al

3306 6139 3343 6231 ’ἐξ
