4058 6244
538 328 645 385 963

1999 317 2320 374 ontoENts
3881 302 3938 352 9:

540 451 640 502 bus
689 447 1015 513 arrogantia:
1059 445 1247 499 vitium
1283 444 1433 508 fetet,
1466 451 1520 499 et
1549 443 1616 498 dc
1661 442 1821 498 altari
1861 443 2071 497 Domini
2098 484 2114 508 ,
2147 447 2191 502 Α
2221 438 2458 507 Ceneplt,
2503 439 2670 506 frater
2718 437 2913 505 δαίερή
2961 450 2981 489 :
3035 435 3176 489 illius
3213 432 3580 490 laudabilis
3633 436 3726 483 et
3783 424 3954 478 aditet

538 538 682 608 quod
737 541 958 594 deberet
994 539 1196 593 incensi
1229 537 1499 592 suavitate
1551 534 1815 604 fragrare,
1864 535 2001 589 odor
2037 544 2115 589 te-

539 632 797 683 terrimus
833 629 1100 699 superbia:
1119 638 1171 684 et
1200 627 1450 682 elationis
1490 626 1721 680 renidet.
1753 626 1860 680 Sed
1895 626 2115 696 abjiciao

541 731 648 784 tur,
680 735 890 789 quaeso,
919 723 990 776 ab
1023 722 1171 775 omni
1210 721 1312 774 ltac
1341 728 1526 774 sancta
1556 717 1820 782 Ecclesia,
1843 727 1900 773 et
1925 719 2114 789 praeci-

535 826 643 882 pue
668 813 737 868 ab
769 811 833 867 iis
860 812 950 881 qui
969 811 1286 866 ministrant
1321 811 1375 864 in
1403 791 1627 874 sanctis,
1657 812 1792 865 odor
1822 811 1920 865 istc
1950 821 2116 866 teter-

548 902 722 956 rimus
761 920 776 956 :
805 911 863 957 ιιι
897 903 1186 972 possimus,
1213 903 1352 956 sicut
1398 901 1595 956 Paulus
1623 902 1835 956 dicebat
1865 903 1935 967 ’°,
1974 901 2113 958 eIIici

543 1013 564 1048 ι
605 998 782 1053 b0nus
807 998 947 1051 odor
969 997 1215 1052 Christi:
1253 1015 1272 1048 ι
1311 1010 1376 1049 ne
1417 993 1556 1048 forte
1586 995 1860 1050 irascatur
1923 995 2110 1050 Domi-

538 1103 662 1151 nus,
690 1098 744 1140 et
769 1087 835 1138 ad
879 1085 1214 1139 iracundiam
1252 1099 1608 1154 provocemus
1651 1095 1897 1139 sanctum
1947 1084 2115 1139 Israel

537 1188 594 1232 et
621 1178 802 1232 tradat
832 1191 930 1229 nos
954 1176 1005 1230 in
1032 1192 1225 1231 manus
1245 1177 1635 1239 Cltusarsaton,
1666 1187 1719 1231 et
1752 1177 2112 1231 humilitatem

534 1282 697 1338 quam
730 1267 783 1320 in
817 1267 1046 1322 scientia
1083 1268 1288 1323 Christi
1313 1270 1507 1322 docere
1545 1268 1857 1332 debuimus,
1904 1270 1956 1322 in
1990 1284 2114 1323 cor-

539 1358 801 1426 reptionis
850 1367 1052 1414 nostra:
1100 1360 1454 1413 tribulatione
1505 1361 1803 1414 discamus.
1847 1360 1953 1414 Sed
1994 1361 2114 1416 vide

536 1450 827 1518 benignum
857 1449 1169 1516 Dominum,
1199 1452 1630 1507 misericordiam
1667 1467 1789 1507 cum
1821 1451 2114 1507 severitate

537 1541 877 1607 miscentem,
925 1552 980 1597 et
1021 1544 1189 1612 ipsius
1235 1560 1408 1614 paenae
1451 1546 1668 1599 modum
1704 1545 1848 1612 jnsta
1904 1555 1959 1600 et
1997 1547 2112 1600 cle-

535 1635 702 1688 menti
767 1635 1055 1690 libratione
1112 1646 1454 1705 pensantem.
1509 1637 1624 1690 Non
1685 1638 1736 1690 in
1791 1649 2110 1708 perpetuum

532 1726 699 1780 tradit
734 1727 1128 1796 delinquentes,
1177 1729 1271 1782 sed
1329 1740 1556 1798 quanto,
1615 1729 1811 1797 inquit,
1874 1742 2116 1800 tempore

2220 533 2372 585 randi
2425 531 2526 586 viri
2571 529 2806 596 Calcplt,
2836 529 2926 597 qui
2966 528 3065 581 fuit
3107 541 3291 581 comes
3331 537 3391 580 et
3456 521 3781 579 socius
3842 516 3960 569 Jm

2217 625 2368 679 Nave
2396 643 2407 677 :
2443 625 2509 677 de
2535 637 2675 690 quo,
2709 631 2865 688 prout
2898 621 3198 688 potuimus,
3236 621 3288 674 in
3323 619 3448 674 suis
3509 613 3748 670 locis
3777 651 3800 674 ,
3855 626 3974 677 qua

2217 716 2332 769 visa
2379 723 2546 777 sunt,
2579 713 2959 768 disseruimus.
2997 711 3135 777 Qaid
3177 726 3304 779 ergo
3345 711 3518 764 dicit
3581 705 3976 771 Scriptura

2217 809 2286 864 de
2332 808 2436 861 isto
2477 805 2803 861 Gotltoniel?
2844 804 3197 870 Posteaquam
3243 803 3379 857 dixit
3422 801 3642 872 quia
3705 797 3946 850 clama

2216 911 2411 954 verunt
2435 899 2530 953 ﬁlii
2559 899 2722 954 Israel
2755 898 2818 951 ad
2845 890 3379 956 Dominumufactus
3400 900 3552 951 est.
3608 891 3886 960 inquit
3915 894 3978 950 τ’,

2227 997 2464 1070 Spiritus
2517 995 2732 1052 Domini
2779 1004 2946 1060 super
3006 986 3424 1050 Gotltonielent,
3458 996 3552 1040 et
3590 983 3975 1052 indicat}:

2217 1082 2405 1138 Israel.
2441 1102 2459 1135 ι
2496 1081 2663 1136 Putas
2687 1092 2772 1135 est
2794 1082 2846 1135 in
2876 1080 3034 1134 nobis
3057 1079 3275 1147 aliquis,
3306 1080 3400 1148 qui
3447 1080 3566 1132 ita
3642 1078 3968 1130 taliduu;

2215 1186 2271 1230 et
2318 1179 2390 1230 ita
2441 1176 2645 1244 jttstum
2690 1175 2982 1229 clamorem
3031 1173 3209 1225 mittat
3261 1173 3326 1225 ad
3371 1173 3829 1230 Dominum,
3903 1183 3968 1220 ut

2215 1269 2410 1335 dignus
2441 1269 2509 1322 sit
2539 1268 2813 1330 exaudiri,
2849 1277 2904 1320 ct
2936 1275 3212 1320 mercatur
3285 1266 3544 1333 populus
3606 1262 3966 1329 accipere

2209 1359 2446 1428 judicem
2505 1370 2559 1412 et
2607 1359 2848 1427 judicent
2889 1357 3047 1411 talem
3099 1372 3257 1425 quem
3298 1355 3556 1422 Spiritus
3625 1354 3782 1407 Dei
3847 1367 3958 1406 re-

2216 1453 2359 1522 pleat
2384 1494 2397 1514 ,
2427 1461 2482 1504 ttt
2511 1452 2684 1520 possit
2718 1451 2830 1520 (SI)
2868 1460 3074 1503 rectum
3111 1459 3296 1503 tenere
3320 1450 3616 1519 jndiciurn
3645 1448 3682 1498 ?
3725 1445 3950 1501 Unde

2215 1557 2270 1600 et
2319 1546 2455 1600 liber
2511 1546 2628 1615 ipse
2657 1544 2906 1600 Iudicum
2943 1547 3183 1608 dicitur,
3227 1553 3282 1597 et
3329 1544 3808 1597 describuntur
3855 1543 3934 1593 in

2215 1652 2279 1691 eo
2317 1635 2532 1703 judices
2553 1677 2568 1697 ,
2607 1638 2697 1706 qui
2725 1637 3113 1706 jndicaverunt
3142 1635 3418 1706 pOpqum.
3451 1635 3610 1689 Sicut
3667 1635 3912 1686 enim

2218 1729 2306 1781 alii
2340 1728 2460 1780 libri
2495 1727 2697 1796 Regum
2729 1729 3004 1791 dicuntur,
3037 1727 3119 1780 vel
3149 1727 3485 1796 Regnorum,
3507 1727 3556 1778 iu
3585 1724 3886 1792 quibus

533 1819 840 1872 servierunt
879 1818 1112 1883 Baalim,
1167 1828 1318 1874 tanto
1347 1821 1508 1874 etiam
1540 1821 1782 1876 serviunt
1816 1823 2114 1879 (lbusarsa-
2145 1819 2186 1874 Β
2218 1819 2546 1873 describitur
2615 1820 2988 1886 unusquisque
3046 1833 3230 1886 regum
3278 1817 3557 1886 quomodo
3613 1831 3871 1882 regun-

535 1922 662 1975 ton;
713 1913 815 1966 Itoc
841 1921 944 1977 est,
979 1922 1102 1966 octo
1137 1914 1317 1967 annis.
1363 1914 1520 1969 Disce
1556 1915 1668 1970 haec
1699 1925 1752 1970 et
1784 1924 1862 1980 tu,
1894 1931 1926 1970 ο
1956 1917 2110 1972 audi-

536 2015 640 2066 tor,
687 2004 934 2073 quisquis
977 2005 1067 2059 iIIe
1107 2021 1201 2068 es,
1240 2007 1328 2073 qui
1368 2005 1461 2060 tibi
1495 2007 1746 2063 conscius
1783 2024 1841 2063 es
1884 2009 2111 2078 alicujus

531 2097 759 2150 erroris.
803 2095 867 2149 Et
906 2106 1112 2165 quanto
1157 2097 1270 2168 (48)
1313 2109 1558 2169 tempore
1601 2100 1914 2169 deliquisti,
1962 2111 2111 2156 tanto

533 2189 886 2242 nihilominus
928 2199 1169 2258 tempore
1213 2191 1436 2243 humilia
1487 2192 1714 2260 teipsnm
1752 2192 1892 2258 Deo,
1924 2203 1978 2247 et
2023 2209 2113 2248 sa-

531 2280 767 2335 tisfacito
793 2279 840 2333 ei
877 2281 931 2334 in
980 2280 1325 2336 confessione
1368 2283 1724 2351 paenitentiae.
1777 2281 1892 2336 Non
1919 2299 2112 2354 exspe-

530 2381 647 2426 ctes
683 2381 738 2425 ut
773 2370 1021 2425 Itumiliet
1063 2381 1111 2425 te
1139 2363 1538 2438 Cltusztrsaton,
1583 2383 1637 2426 et
1678 2373 1843 2427 invito
1878 2374 2113 2429 necessi-

540 2472 621 2518 tas
648 2471 974 2531 extorqueat
1007 2461 1384 2532 pmnitentiam
1405 2502 1419 2526 ,
1464 2463 1557 2517 sed
1587 2463 1700 2532 ipse
1734 2467 1964 2532 praeveni
1999 2476 2112 2520 tor-

535 2557 671 2611 toris
700 2555 855 2608 istius
885 2570 1078 2609 manus
1109 2571 1122 2606 :
1158 2554 1285 2622 quia
1319 2553 1362 2608 si
1398 2563 1448 2607 te
1481 2552 1596 2622 ipse
1631 2556 2029 2620 emcndaveris,
2066 2557 2109 2612 si

536 2658 587 2700 te
617 2649 730 2716 ipse
754 2647 1082 2710 correxeris,
1116 2645 1236 2716 pius
1262 2656 1345 2700 est
1378 2646 1519 2700 Deus
1545 2655 1598 2700 et
1644 2647 1976 2712 tnisericors,
2018 2648 2110 2717 qui

531 2739 827 2793 vindictam
849 2747 1111 2806 temperet
1145 2738 1212 2792 ab
1259 2753 1323 2793 eo
1353 2739 1442 2804 qui
1480 2738 1624 2792 illam
1650 2739 1961 2807 paenitendo
1978 2757 2112 2810 prae-

533 2828 702 2881 venit.
733 2827 839 2881 Sed
875 2827 1005 2880 illttd
1046 2826 1492 2893 consideremus,
1546 2826 1670 2895 quia
1708 2827 1877 2880 donec
1909 2829 2113 2882 servie-

536 2927 662 2972 runt
707 2916 819 2988 (49)
856 2918 1227 2972 Chusarsaton
1281 2917 1316 2972 ii
1374 2919 1465 2987 qui
1520 2919 1702 2973 traditi
1754 2918 1968 2973 fuerant
2015 2935 2113 2989 pro

534 3011 770 3076 delictis,
818 3021 871 3064 et
911 3027 1016 3065 non
1051 3011 1426 3064 clamaverttnt
1466 3011 1532 3064 ad
1589 3011 1901 3075 Dominum,
1958 3028 2113 3066 nemo

535 3105 830 3160 suscitatus
863 3113 947 3156 est
1001 3102 1090 3169 qui
1129 3101 1346 3157 salvarc
1379 3117 1474 3156 cos
1516 3114 1717 3169 posset.
1762 3103 1895 3156 Cum
1927 3112 2108 3156 autent

533 3197 907 3251 clantaverunt
935 3197 1001 3249 ad
1029 3194 1338 3260 Dominum,
1551 3205 1677 3249 tunc
1706 3195 1988 3249 suscitavit
2009 3195 2110 3249 Do-

534 3286 713 3341 minus
748 3285 1086 3340 Salvatorem
1123 3283 1311 3346 Israel,
1349 3295 1404 3339 et
1441 3284 1669 3338 salvavit
1696 3299 1809 3338 eos.

604 3379 660 3433 3.
714 3378 1052 3432 Salvatorem
1100 3387 1279 3431 autem
1329 3377 1460 3430 dicit
1503 3376 1790 3430 Gotltoniel
1834 3375 1979 3448 (50),
2020 3375 2109 3443 qui

535 3473 924 3540 interpretatur
981 3479 1182 3538 tempus
1235 3471 1361 3522 mihi
1413 3467 1576 3525 Deus.
1637 3468 1742 3522 Per
1795 3469 1934 3522 hunc
1981 3482 2110 3536 ergo

531 3561 817 3618 Gothonicl
871 3560 1020 3628 prior
1063 3561 1150 3614 ille
1199 3560 1426 3629 populus
1473 3562 1539 3613 de
1585 3559 1847 3613 servitute
1887 3557 2109 3611 humili-

537 3655 663 3708 tatis
693 3663 910 3722 ereptus
933 3663 1047 3716 est,
1075 3661 1129 3706 et
1169 3651 1375 3704 reddita
1407 3659 1490 3704 est
1523 3665 1629 3718 pax
1671 3648 1866 3718 populo
1888 3687 1903 3712 ,
1947 3662 2111 3716 quant

535 3745 784 3814 superbia
833 3743 1061 3808 dudum,
1114 3753 1167 3796 et
1209 3743 1426 3797 diversa
1471 3743 1644 3810 plebis
1680 3743 1924 3796 facinora
1961 3741 2112 3812 fuga-

533 3851 681 3890 vere.
711 3835 906 3891 Verum
933 3836 1189 3905 quoniam
1222 3834 1458 3888 diximus
1495 3836 1794 3905 spiritalem
1824 3835 2109 3903 quemdam

535 3927 760 3998 intelligi
811 3943 968 3997 posse
1007 3928 1425 3993 Cltttsarsaton,
1471 3943 1656 3997 regem
1741 3938 1795 3984 et
1839 3944 2003 3980 unum
2050 3929 2116 3981 de

535 4021 866 4074 adversariis
903 4031 959 4073 et
1006 4019 1182 4073 aereis
1227 4019 1586 4088 potestatibus
1635 4019 1933 4089 principem
1977 4037 1990 4072 :
2040 4019 2114 4072 ita

533 4125 873 4180 consequens
903 4110 1034 4164 mihi
1070 4111 1285 4164 videtur
1315 4109 1478 4162 etiam
1509 4108 1888 4165 Gotltonielem
1924 4112 2110 4173 istum,

533 4201 625 4270 qui
683 4201 747 4253 ad
799 4200 1142 4255 liberandum
1192 4201 1451 4268 populum
1498 4200 1795 4255 suscitatus
1834 4212 1951 4266 est,
1992 4215 2114 4256 esse

533 4308 700 4346 unum
747 4291 982 4363 aliquem
1034 4294 1102 4348 de
1145 4293 1333 4348 tnilitia
1379 4293 1590 4348 caelesti
1628 4301 1683 4347 et
1719 4292 2116 4363 archangelicis

535 4387 762 4450 turmis,
797 4389 886 4457 qui
923 4389 988 4443 ad
1024 4387 1415 4442 adminiculum
1451 4388 1740 4442 mittuntur
1772 4401 1985 4450 eorum,
2022 4387 2112 4456 qtti

2216 1911 2392 1973 verit,
2441 1909 2525 1963 vel
2573 1909 2702 1978 quid
2737 1909 2912 1979 egerit
2956 1927 2968 1962 :
3007 1909 3077 1963 ita
3117 1918 3168 1964 et
3207 1909 3258 1960 itt
3296 1908 3398 1961 hoc
3443 1901 3645 1960 libello
3687 1916 3888 1974 gesta

2211 2000 2453 2070 judicum
2512 2001 2860 2062 referuntur,
2917 2009 2972 2054 et
3017 2000 3348 2054 describitur
3389 2015 3502 2052 non
3549 1999 3786 2051 solum
3841 1997 3898 2046 si

2215 2094 2342 2162 quid
2367 2094 2435 2147 ab
2461 2095 2542 2149 eis
2565 2102 2712 2149 recte
2738 2103 2790 2147 ct
2827 2093 3040 2149 utiliter
3069 2102 3280 2163 gestum
3311 2102 3416 2153 est,
3453 2107 3672 2146 verum
3715 2101 3790 2143 et
3836 2090 3890 2141 si

2215 2187 2345 2254 quid
2393 2185 2735 2255 culpabiliter
2781 2185 3080 2239 admissum
3131 2194 3216 2239 est
3263 2184 3397 2254 (52).
3455 2185 3574 2238 Cur
3633 2195 3882 2236 tamen

2215 2287 2504 2344 utrumque
2539 2278 2869 2347 descriptum
2919 2280 2993 2332 sit
3039 2279 3081 2331 si
3134 2279 3404 2345 requiris,
3449 2278 3752 2347 profecto
3807 2287 3870 2328 ut

2215 2384 2359 2423 nunc
2392 2367 2646 2423 Ecclesiae
2682 2370 2957 2438 principes
2994 2369 3077 2423 vel
3113 2369 3326 2436 judices
3353 2369 3759 2438 pervidentes
3799 2381 3872 2418 ea

2214 2474 2334 2528 quae
2359 2460 2427 2513 ab
2451 2459 2533 2512 eis
2561 2458 2903 2513 laudabiliter
2931 2467 3081 2528 gesta
3111 2468 3260 2524 sunt,
3288 2459 3538 2527 priorum
3570 2473 3864 2527 sequan-

2217 2561 2304 2603 tur
2345 2549 2593 2620 exempla
2639 2550 2730 2604 :si
2773 2565 2878 2618 qua
2941 2564 3069 2604 vero
3112 2550 3164 2603 in
3207 2550 3314 2604 illis
3363 2550 3678 2620 culpantur
3710 2591 3728 2613 ,
3799 2559 3865 2603 ut

2218 2643 2304 2696 isti
2345 2651 2574 2695 caveant
2620 2652 2674 2694 et
2719 2643 3016 2696 declinent.
3067 2641 3258 2711 Magna
3303 2657 3434 2712 ergo
3482 2642 3605 2696 laus
3653 2643 3856 2712 primi

2216 2734 2374 2803 Itujus
2401 2734 2598 2802 judicis
2621 2733 2912 2789 Gotltoniel
2946 2734 3180 2789 refertur
3207 2775 3221 2798 ,
3252 2735 3394 2804 quod
3431 2734 3690 2804 Spiritus
3733 2735 3847 2787 Dei

2217 2825 2389 2880 factus
2417 2836 2501 2880 est
2546 2841 2712 2895 super
2735 2841 2858 2881 eum
2888 2868 2902 2890 ,
2935 2839 2988 2879 et
3020 2842 3117 2895 per
3157 2825 3419 2894 Spiritum
3461 2826 3694 2882 Domini
3739 2828 3840 2896 ja-

2215 2918 2434 2972 dicabat
2472 2918 2670 2983 Israel;
2705 2919 2846 2987 quod
2875 2934 2972 2988 ego
2999 2919 3066 2972 de
3093 2919 3200 2972 alio
3229 2921 3422 2986 quovis
3448 2919 3664 2973 dictum
3705 2934 3832 2972 non

2216 3008 2368 3063 valde
2398 3011 2637 3064 memini.
2660 3011 2796 3064 Sunt
2817 3024 2944 3080 erga
2963 3013 3202 3063 omnium
3234 3010 3391 3064 ltodie
3423 3009 3828 3067 Ecclesiarmn

2217 3119 2336 3172 qua:
2374 3112 2500 3158 sunt
2535 3105 2635 3158 sub
2678 3103 2846 3167 ratio,
2895 3104 3281 3171 quantplntimi
3314 3103 3530 3173 judices
3555 3145 3568 3167 ,
3603 3107 3822 3174 quibus

2211 3193 2470 3261 judicium
2499 3211 2602 3248 tton
2637 3194 2807 3248 solum
2836 3210 3012 3250 rerum
3039 3205 3312 3264 gestarum
3341 3195 3532 3248 datum
3563 3205 3666 3257 est,
3699 3195 3810 3250 sed

2215 3297 2270 3340 et
2303 3287 2629 3340 animarum.
2669 3285 2868 3341 Verum
2923 3289 3107 3341 nescio
3149 3288 3192 3340 si
3230 3288 3318 3356 qui
3369 3287 3503 3342 tales
3543 3287 3810 3344 Ecclesia:

2211 3377 2419 3447 judices
2463 3387 2586 3432 sunt
2628 3393 2765 3448 quos
2799 3379 2990 3447 dignos
3030 3378 3142 3448 (55)
3190 3378 3352 3432 faciet
3401 3377 3546 3433 Deus
3591 3379 3810 3446 Spiritu

2216 3478 2403 3523 sancto
2421 3469 2634 3537 repleri,
2651 3479 2710 3524 ut
2730 3471 2871 3524 sicut
2892 3470 3179 3524 Gotltoniel
3203 3471 3302 3524 iste
3322 3471 3637 3526 testimonio
3661 3472 3813 3526 Scri-

2215 3571 2388 3627 ptura:
2421 3562 2707 3618 decoratus
2741 3571 2854 3626 est,
2890 3562 2965 3615 ita
3005 3563 3168 3616 etiam
3218 3563 3318 3630 ipsi
3352 3563 3417 3617 de
3465 3564 3669 3631 quibus
3707 3567 3812 3618 hoc

2215 3663 2497 3723 optamus,
2529 3652 2622 3707 Dei
2657 3654 3020 3708 testimonium
3059 3665 3394 3708 mereantur.
3421 3654 3512 3706 Ait
3539 3670 3678 3723 ergo
3712 3656 3761 3685 "
3789 3672 3807 3708 :

2222 3764 2240 3798 ι
2277 3746 2340 3799 Et
2369 3745 2542 3800 fat-tus
2580 3757 2664 3800 est
2703 3760 2866 3814 super
2888 3760 3012 3800 eum
3048 3745 3285 3814 Spiritus
3315 3745 3529 3799 Domini
3556 3787 3572 3808 ,
3615 3759 3672 3800 et
3714 3748 3806 3814 ju-

2217 3835 2420 3888 dicavit
2467 3835 2663 3900 Isracl,
2704 3844 2759 3890 et
2806 3835 2938 3888 exiit
2971 3836 3036 3887 ad
3071 3834 3304 3897 bellum,
3337 3845 3393 3890 et
3429 3837 3653 3890 tradidit
3694 3836 3803 3889 Do-

2223 3929 2399 3982 minus
2435 3929 2487 3982 in
2529 3944 2721 3984 manus
2752 3929 2866 3998 ejus
2905 3931 3272 3984 Cltusarsaton
3305 3943 3510 3997 regem.
3559 3948 3578 3979 ι
3621 3930 3807 3995 Quare

2221 4022 2356 4076 hoc?
2397 4022 2532 4089 Quia
2577 4021 2814 4090 Spiritus
2862 4021 3076 4076 Domini
3107 4032 3225 4076 erat
3262 4021 3314 4075 itt
3347 4035 3449 4086 eo,
3491 4031 3544 4075 et
3578 4023 3806 4076 confor-

2220 4121 2326 4165 tata
2375 4121 2458 4165 est
2513 4126 2702 4166 manus
2750 4112 2873 4181 ejus
2931 4126 3025 4180 per
3069 4109 3436 4164 Cltusarsaton
3493 4127 3699 4181 regem.
3739 4113 3803 4165 Et

2213 4211 2337 4270 post
2382 4202 2495 4256 haec
2529 4201 2657 4256 dicit
2691 4201 2736 4232 "
2760 4240 2777 4267 ,
2813 4202 2937 4269 quia
2966 4200 3171 4271 quievit
3209 4210 3354 4255 terra
3383 4202 3485 4255 sub
3522 4218 3586 4255 eo
3613 4203 3800 4268 judice

2215 4292 2569 4363 quadraginta
2596 4295 2776 4347 annis.
2811 4293 2971 4346 Vides
2997 4307 3158 4360 quam
3192 4291 3339 4361 larga
3371 4305 3457 4348 est
3482 4295 3664 4348 divina
3689 4296 3796 4349 cle-

2216 4383 2439 4438 mentia.
2467 4381 2604 4439 Octo
2635 4389 2793 4438 annis
2830 4386 2920 4440 lilii
2965 4385 3134 4442 Israel
3175 4389 3481 4441 Scrt'icrztltl.
3517 4402 3614 4456 pro
3656 4388 3795 4440 mqu

533 4479 908 4534 hereditatem
938 4479 1158 4548 capiunt
1200 4480 1427 4541 salutis,
1457 4487 1511 4532 et
1544 4488 1669 4532 sunt
1710 4478 1890 4550 angeli
1923 4476 2111 4531 Salva-
2145 4498 2189 4554 η
2221 4484 2394 4530 torum
2427 4477 2673 4541 delictis,
2711 4479 3073 4549 quadraginta
3115 4481 3271 4535 annis
3307 4496 3404 4550 per
3436 4482 3598 4534 unius
3630 4480 3797 4547 justi-

534 4568 688 4630 toris,
721 4567 809 4636 qtti
837 4567 920 4622 vel
944 4567 1281 4623 Gotltonielis
1308 4568 1392 4621 vel
1416 4568 1576 4622 Aioth
1611 4570 1795 4637 specie
1822 4569 2110 4640 designan-

533 4668 623 4713 tur
644 4699 658 4723 ,
690 4660 814 4728 quia
841 4660 981 4714 sicut
1009 4674 1149 4728 smpc
1173 4660 1513 4715 ostendimus
1532 4700 1546 4726 ,
1583 4677 1686 4716 non
1720 4662 1896 4717 solum
1920 4679 1948 4716 a
1976 4679 2110 4717 con—

534 4750 719 4805 trariis
767 4751 1058 4805 virtutibus
1109 4750 1526 4819 impugnamur,
1560 4751 1652 4806 sed
1687 4761 1741 4806 ct
1783 4751 1978 4808 divina:
2014 4754 2110 4807 bo-

532 4859 721 4913 nmque
773 4843 1002 4899 virtutes
1048 4845 1115 4898 ad
1165 4843 1430 4898 auxilium
1472 4853 1718 4898 nostrum
1755 4843 2044 4896 mittuntur
2075 4861 2103 4899 a

533 4934 782 4992 Domino.
835 4934 1128 4990 Videamus
1179 4945 1360 4990 tamen
1410 4936 1532 5004 quis
1573 4934 1735 4989 fuerit
1770 4934 1871 4989 iste
1902 4934 2109 4991 Gotho-

533 5027 660 5090 ttiel,
681 5027 834 5095 cujus
857 5025 1094 5094 familizr,
1114 5027 1269 5094 cujus
1289 5026 1606 5082 nobilitatis.
1625 5023 1824 5091 Filius,
1853 5027 2108 5096 inquit",

637 5143 683 5174 ”
723 5143 763 5197 II
798 5143 922 5198 Cor.
955 5145 1112 5209 t,15.
1189 5147 1230 5177 ³⁸
1280 5143 1408 5200 Jud.
1460 5160 1541 5210 ιιι,
1591 5145 1645 5202 9.
1719 5146 1765 5176 ³³
1815 5143 1946 5200 ibid.
2001 5146 2089 5199 lt).

599 5265 719 5336 (ιε)
760 5264 976 5333 Inquit,
1031 5278 1264 5332 tempore
1319 5267 1604 5320 servierunt
1659 5264 1905 5331 Bantim,
1959 5275 2106 5319 tanta

526 5339 690 5392 etiam
715 5338 938 5391 serviunt
972 5339 1368 5400 Cltusarsaton;
1393 5339 1492 5389 hoc
1518 5347 1593 5390 est
1613 5351 1727 5391 octo
1758 5340 1930 5392 annis.
1957 5336 2109 5389 Disce

527 5410 646 5462 lucc
683 5417 730 5460 et
761 5418 836 5467 tu.
869 5422 898 5458 ο
927 5406 1160 5475 auditor,
1177 5407 1407 5474 quisquis
1425 5405 1514 5475 ille
1541 5423 1617 5469 es,
1641 5410 1838 5475 quitibi
1869 5408 2106 5460 conscius

531 5493 588 5547 es
606 5475 838 5547 alicuius
851 5478 1066 5534 erroris.
1085 5474 1384 5547 thuanto.
1403 5474 1524 5547 Ilaec
1543 5474 1708 5531 etiam
1726 5477 2109 5532 desiderantur

536 5545 590 5596 in
628 5545 784 5600 libris
816 5548 997 5609 editis,
1041 5549 1134 5601 sed
1169 5545 1381 5600 exstant
1420 5546 1472 5598 itt
1507 5563 1634 5600 mss.

606 5614 726 5682 (69)
767 5614 918 5680 Mss,
951 5635 971 5668 ι
1003 5618 1330 5670 servierunt.
1370 5635 1387 5667 ι
1423 5616 1610 5679 Etliti.,
1641 5637 1658 5667 ι
1697 5617 1960 5670 serviunt.
2003 5635 2023 5665 ι

605 5685 722 5750 (50)
771 5683 1068 5750 Gothonicl,
1095 5697 1204 5740 etc.
1244 5687 1317 5744 litt
1371 5696 1449 5749 nu
1493 5696 1713 5754 tempus,
1749 5693 1768 5733 ν
1808 5687 1970 5740 alftxo
2008 5687 2112 5756 pti-

534 5791 635 5832 ma:
665 5790 909 5846 persona:
941 5790 994 5833 et
1023 5759 1095 5836 εκ
1126 5776 1279 5835 Deus.

2167 5144 2211 5175 ’³
2252 5144 2384 5199 ibid.

2220 4569 2349 4623 tiam
2377 4569 2428 4623 in
2459 4583 2592 4636 pace
2622 4572 2941 4638 perdurant.

2288 4662 2343 4715 4.
2380 4661 2484 4716 Sed
2506 4663 2635 4730 quid
2661 4663 2860 4716 dicitur
2888 4672 3010 4730 post
3047 4663 3188 4718 ltrec?
3222 4681 3239 4713 ι
3273 4662 3340 4718 Et
3363 4662 3657 4718 defunctus
3687 4675 3794 4725 est,

2221 4753 2415 4822 inquit,
2447 4753 2732 4809 Godtoniel
2769 4755 2908 4809 tilius
2930 4755 3155 4809 Cenctlt.
3186 4775 3206 4807 ι
3232 4756 3363 4810 Rem
3389 4757 3546 4810 video
3579 4758 3797 4822 pericu-

2221 4845 2414 4899 losam.
2453 4845 2745 4900 Defunctus
2784 4857 2865 4899 est
2909 4845 3220 4900 Gotltoniel.
3267 4848 3446 4913 Quare
3481 4847 3634 4918 (54)?
3672 4849 3798 4915 quia

2213 4936 2323 5006 jam
2362 4936 2616 5003 indignus
2640 4946 2760 4991 erat
2793 4937 3044 5005 populus,
3073 4939 3165 5004 qui
3199 4938 3685 5006 ltaberetjudiccm
3718 4947 3800 4990 ta-

2223 5029 2346 5081 lem.
2383 5027 2627 5097 Denique
2658 5029 2708 5082 in
2741 5030 3208 5098 consequentibus
3232 5032 3385 5086 dicit.
3417 5033 3512 5087 Illo
3540 5029 3800 5086 defuncto

2461 5145 2508 5176 “
2540 5146 2669 5200 ibid.
2702 5146 2788 5200 II.

2289 5267 2399 5340 (δυ
2428 5266 2590 5340 Ed_i_tt.
2615 5285 2634 5318 t
2654 5269 2893 5334 judicem
2921 5283 3082 5338 quem
3103 5269 3342 5338 Spiritus
3370 5270 3464 5324 Dei
3485 5271 3709 5339 repleat.
3743 5283 3794 5324 et

2213 5337 2406 5408 possit.
2444 5355 2462 5388 t
2493 5337 2620 5392 Mss.
2652 5349 2706 5392 ut
2739 5339 2790 5392 itt
2820 5337 3188 5396 nostrotextn.
3211 5341 3350 5394 Infra
3375 5358 3509 5395 mss.
3536 5337 3555 5392 ι
3581 5353 3728 5395 recte
3743 5352 3796 5394 et

2218 5407 2424 5462 utiliter
2473 5419 2685 5478 gestum
2728 5419 2830 5464 est.
2889 5428 2907 5460 ι
2953 5409 3120 5466 Editt.
3174 5429 3190 5461 t
3234 5423 3380 5466 recte
3421 5424 3475 5465 et
3517 5412 3794 5465 humiliter

2216 5487 2425 5546 gestum
2459 5488 2560 5531 est.
2603 5497 2624 5532 ι

2287 5547 2398 5615 (52)
2427 5547 2554 5602 Mss.
2598 5568 2614 5600 ι
2647 5548 2966 5602 admissum.
2997 5570 3015 5602 ι
3045 5551 3212 5605 Editt.
3247 5569 3265 5601 ι
3300 5553 3578 5609 emissum.
3620 5570 3640 5603 ι

2289 5617 2656 5693 (53)__Editt.,
2699 5636 2716 5668 ι
2885 5623 3006 5688 quis
3053 5623 3174 5674 talis
3214 5622 3470 5676 Ecclesia:
3493 5625 3652 5693 judex
3686 5630 3790 5687 est,

2215 5703 2378 5756 quem
2410 5690 2648 5757 dignum.
2693 5707 2708 5736 ι
2747 5690 2872 5743 Mss.
2908 5694 3042 5746 utin
3076 5704 3266 5747 nostro
3299 5705 3473 5748 textu.
