4058 6244
144 339 293 399 9ιό

1241 348 1246 352 ‘
1326 332 1394 387 IN
1424 329 1687 387 LIBRUM
1714 323 2015 385 IUDICUM
2042 322 2328 381 IIOMILIA
2365 322 2454 378 III.

3450 302 3567 378 asc

158 478 188 514 ι
249 459 725 531 adjecerunt,
781 457 959 529 inquit
991 457 1075 524 ’⁸,
1141 454 1236 511 lilii
1283 452 1449 509 Israel
1504 452 1684 507 facere
1735 450 1889 505 mali-
1916 454 1962 511 Α
1992 447 2145 515 Quod
2178 446 2222 501 si
2260 445 2385 499 licet
2421 444 2473 497 in
2521 438 2719 531 talibus
2749 451 2815 492 ex
2840 437 3015 531 simili
3048 452 3414 531 praesumere,
3439 448 3573 508 puto

158 572 390 625 gnum
428 554 505 609 in
546 560 869 623 conspectu
905 548 1145 613 Domini,
1177 553 1233 601 et
1263 544 1595 600 confortavit
1628 541 1894 597 Dominus

163 644 405 716 Eglon
474 659 704 716 regem
753 642 914 697 Moab
963 642 1252 694 adversum
1293 635 1481 692 Israel.
1532 653 1551 687 ›
1592 633 1891 688 Considera

175 737 351 807 quia
420 752 554 807 pro
618 752 690 792 eo
730 733 873 806 quod
924 729 1133 799 indigni
1163 737 1320 782 erant
1347 726 1459 795 jam
1510 725 1710 780 habere
1746 724 1896 793 prin—

184 831 427 900 cipem
504 828 737 893 talem,
778 833 1070 898 propterea
1108 819 1457 875 aufertur‘ab
1487 817 1568 872 eis
1596 816 1770 870 bonus
1801 815 1892 885 ju-

193 922 334 978 dex
418 921 509 977 Et
548 920 817 977 fecerunt
850 917 945 972 ﬁlii
976 915 1142 971 Israel
1177 912 1475 979 malignum
1504 910 1556 963 in
1588 918 1893 977 conspectu

196 1012 482 1068 Domini
511 1052 533 1078 ,
570 1023 637 1068 et
662 1011 933 1067 excitatur
969 1007 1048 1062 eis
1090 1002 1261 1060 hostis
1292 1001 1559 1072 pessimus
1592 998 1756 1068 Eglon
1799 1014 1896 1054 rex

206 1102 439 1161 Moab.
488 1101 687 1158 Vides
728 1102 855 1172 quia
897 1107 1123 1170 peccata
1156 1095 1305 1151 vires
1334 1091 1580 1148 hostibus
1615 1090 1894 1158 praebent,

201 1210 272 1252 et
311 1196 601 1268 quade
640 1210 739 1250 nos
763 1194 995 1248 facimus
1022 1189 1320 1260 malignum
1356 1186 1410 1240 in
1442 1194 1743 1253 conspectu
1786 1183 1896 1237 Do-

207 1290 409 1355 miui,
450 1298 522 1343 et
558 1285 960 1356 delinquimus,
1003 1290 1133 1336 tunc
1176 1278 1556 1334 confortantur
1588 1290 1618 1327 a
1660 1272 1893 1328 Domino

209 1379 484 1432 inimici
529 1377 742 1439 nostri,
772 1383 901 1430 tunc
935 1375 1083 1427 vires
1107 1367 1406 1426 contrariis
1441 1365 1735 1421 virtutibus
1760 1363 1894 1417 dan-

210 1478 349 1523 tur.
410 1466 556 1522 IIoc
606 1468 722 1521 sive
768 1463 1067 1520 secundum
1095 1462 1335 1517 litteram
1366 1455 1703 1528 quaaras,ita
1744 1454 1893 1508 inve-

216 1558 398 1623 nies,
441 1557 604 1628 quia
648 1571 756 1612 non
793 1553 1191 1611 invalescerent
1222 1552 1325 1606 nisi
1361 1550 1443 1604 eis
1473 1547 1668 1604 delicta
1700 1554 1891 1599 nostra

215 1647 404 1704 vires
459 1646 805 1703 conferrent
848 1660 864 1698 :
912 1644 1029 1699 sive
1077 1643 1130 1696 in
1171 1640 1510 1707 spiritalibus
1536 1637 1888 1699 consideres,

219 1736 553 1792 similiter
596 1734 887 1791 contrariae
935 1732 1167 1787 virtutes
1207 1744 1312 1784 non
1352 1727 1749 1783 invalescereut
1793 1725 1889 1778 ad-

2002 536 2144 604 quod
2172 533 2469 587 secundum
2499 529 2801 599 spiritalem
2836 528 3272 598 intelligentiam,
3303 537 3359 583 et
3395 527 3571 581 sancti

1998 642 2188 681 omnes
2215 622 2540 679 ambidextri
2575 623 2831 677 dicantur
2859 640 2875 677 :
2901 632 2955 677 et
2977 621 3286 677 econtrario
3306 619 3571 683 Zabulus,

2002 727 2056 771 et
2112 716 2383 785 principes
2431 713 2583 783 ejus,
2619 713 2666 767 si
2709 714 2813 767 dici
2851 724 3062 784 potest,
3097 711 3455 767 ambisinistri
3488 709 3573 764 di-

1998 817 2215 862 cuntur.
2274 807 2470 861 Totum
2519 804 2664 860 enim
2714 806 2854 874 quod
2900 812 3100 875 agunt,
3134 803 3414 860 sinistrum
3445 811 3570 868 est,

1999 908 2170 953 totum
2201 913 2541 968 perversum,
2576 907 2746 952 totum
2776 897 2884 968 igni
2913 906 3141 966 aeterno,
3172 912 3295 951 cum
3328 897 3396 951 iis
3424 898 3571 969 quia

1996 990 2234 1046 sinistris
2262 998 2421 1052 sunt,
2454 991 2787 1059 deputatum.

2068 1081 2119 1134 6.
2148 1077 2251 1133 Sed
2276 1081 2553 1133 videamus
2581 1079 2707 1147 quid
2742 1078 2855 1147 agit
2888 1077 2977 1131 hic
3009 1078 3343 1133 ambidexter
3372 1078 3565 1147 jndex.

2001 1186 2019 1220 ς
2061 1167 2342 1230 Miserunt,
2389 1166 2566 1236 inquit
2606 1167 2668 1233 ",
2704 1166 2797 1221 ﬁlii
2838 1165 2998 1221 Israel
3042 1180 3261 1220 munera
3293 1168 3358 1219 ad
3398 1167 3568 1238 Eglon

1996 1277 2177 1332 regem
2203 1261 2558 1315 Moabitarum
2609 1274 2705 1327 per
2731 1273 2951 1313 manum
2986 1259 3146 1313 Aioth
3170 1302 3182 1323 ,
3215 1268 3269 1311 et
3308 1257 3431 1313 fecit
3460 1260 3564 1314 sibi

1993 1352 2155 1406 Aioth
2189 1349 2423 1421 gladium
2460 1364 2526 1405 ex
2556 1359 2785 1417 utraque
2816 1357 2969 1416 parte
3001 1359 3219 1402 acutum
3259 1349 3448 1417 palmae
3477 1366 3571 1403 ex-

1996 1447 2160 1492 tensa:
2208 1437 2583 1505 longitudine,
2634 1449 2688 1491 et
2737 1437 2976 1505 alligavit
3016 1437 3119 1491 sibi
3152 1452 3274 1492 eum
3306 1438 3466 1491 AIOIII
3500 1439 3570 1492 ad

1993 1528 2170 1583 femur
2219 1530 2489 1583 dextrum.
2548 1547 2567 1580 ι
2626 1527 2788 1582 Vides
2828 1528 2953 1597 quia
2996 1528 3245 1582 dextrum
3296 1538 3372 1582 est
3409 1542 3571 1582 omne

1992 1620 2135 1687 quod
2164 1620 2274 1688 agit
2308 1620 2468 1674 Aioth
2502 1618 2591 1673 hic
2621 1619 2980 1683 ambidcxter,
3013 1629 3067 1674 et
3100 1619 3349 1673 manibus
3379 1619 3572 1672 dexter

1992 1719 2095 1776 est,
2122 1720 2177 1766 et
2202 1712 2252 1765 in
2288 1711 2513 1780 pedibus
2542 1711 2732 1766 dexter
2756 1721 2860 1765 est.
2888 1711 2942 1764 In
2969 1710 3174 1764 femore
3202 1711 3344 1763 enim
3375 1711 3569 1764 dextro

219 1843 505 1882 versum
543 1841 676 1883 nos,
709 1839 811 1880 nec
843 1825 957 1894 ipse
993 1820 1229 1877 Zabulus
1256 1820 1309 1875 in
1337 1819 1492 1874 nobis
1521 1817 1721 1887 aliquid
1749 1832 1886 1887 prae-
1917 1787 1961 1842 B
1990 1801 2229 1894 8¹³ίιίυξη
2283 1812 2497 1871 νοιίθῑο
2526 1812 2603 1894 Aul
2648 1804 2829 1858 νοηίθι
2859 1803 2926 1857 ad
2965 1817 3143 1871 regem
3182 1812 3235 1856 ει
3276 1803 3569 1857 interﬁciat

224 1918 491 1973 valeret
520 1959 539 1982 ,
586 1915 691 1970 nisi
721 1916 769 1970 ei
806 1914 951 1969 vires
974 1928 1041 1969 ex
1072 1911 1273 1967 nostris
1303 1909 1452 1966 vitiis
1483 1909 1883 1979 przeberemus;

229 2009 437 2064 valde
492 2008 764 2063 inﬁrmus
812 2017 957 2062 esset
1006 2004 1292 2059 adversum
1334 2017 1462 2065 nos,
1499 2000 1599 2055 nisi
1637 2014 1735 2053 nos
1764 2012 1887 2052 eum

237 2101 481 2156 fortem
548 2098 833 2171 peccando
873 2096 1201 2159 faceremus,
1243 2094 1350 2148 nisi
1383 2107 1480 2163 per
1521 2100 1742 2160 peccata
1788 2102 1889 2142 no-

243 2202 387 2247 stra
438 2190 649 2245 locum
699 2185 1007 2244 introeundi
1061 2193 1115 2239 et
1161 2182 1472 2237 duminandi
1524 2181 1795 2236 inveniret
1834 2180 1886 2233 in

252 2282 473 2338 nobis.
536 2280 837 2349 Propterea
883 2286 937 2332 et
980 2274 1274 2345 Apostolus
1316 2273 1549 2341 denique
1593 2278 1889 2343 praemonet

255 2373 485 2428 dicens
524 2371 577 2404 "
616 2387 629 2424 :
667 2386 686 2421 ι
727 2367 905 2423 Nolite
936 2366 1114 2421 locum
1149 2366 1279 2420 dare
1310 2362 1538 2427 Zabulo,
1590 2381 1610 2415 ι
1656 2363 1799 2416 sicut
1834 2370 1889 2415 et

258 2461 365 2517 hic
415 2459 600 2515 modo
645 2459 902 2529 legimus,
947 2456 1074 2526 quia
1114 2464 1463 2524 posteaquam
1504 2451 1748 2508 fecerunt
1791 2451 1885 2505 lilii

262 2550 455 2606 Israel
518 2549 814 2620 malignum
864 2547 915 2602 in
962 2556 1259 2616 conspectu
1290 2544 1546 2610 Domini,
1578 2544 1754 2598 locum
1795 2542 1889 2596 deo

260 2645 501 2696 derunt
560 2638 788 2694 Zabulo.
823 2654 843 2689 ι
876 2635 1215 2691 Confortavit
1239 2636 1383 2689 enim
1428 2635 1686 2688 Dominus
1721 2634 1887 2702 Eglon

270 2740 479 2796 regem
535 2725 715 2789 Moab,
740 2733 798 2779 et
854 2722 1103 2792 adjunxit
1139 2721 1190 2776 ei
1235 2734 1427 2777 omnes
1474 2719 1613 2772 ﬁlios
1659 2718 1887 2771 Annnon

266 2832 334 2875 et
389 2817 637 2872 Amalec
661 2816 728 2868 ".
779 2833 798 2866 ι
840 2812 957 2868 Νοη
999 2813 1208 2879 solum,
1265 2810 1469 2880 inquit,
1518 2809 1635 2879 ipse
1672 2807 1889 2861 confor-

271 2918 443 2965 tatus
497 2915 589 2962 est
636 2920 705 2962 ex
755 2904 992 2976 peccatis
1043 2904 1277 2957 ﬁliorum
1324 2898 1519 2964 Israel,
1567 2897 1663 2953 sed
1699 2896 1891 2967 adjun-

272 3012 509 3074 guntur
541 3000 591 3055 ei
623 2998 756 3054 socii
793 3011 1025 3067 nequam
1053 3010 1121 3051 ex
1146 2994 1277 3049 ﬁliis
1307 2994 1538 3047 Ammon
1567 2998 1621 3045 et
1644 2988 1888 3053 Amalec,

274 3095 378 3165 qui
415 3108 550 3148 cum
578 3091 698 3162 ipso
728 3089 936 3160 pariter
968 3089 1288 3158 impuguent
1315 3083 1503 3141 Israel.

360 3186 421 3241 5.
465 3203 488 3237 ι
525 3184 594 3238 Et
645 3182 983 3245 servierunt,
1031 3178 1206 3246 inquit
1232 3178 1301 3245 ’⁸,
1346 3176 1443 3230 lilii
1504 3173 1667 3229 Israel
1718 3173 1885 3243 Eglon

284 3277 413 3346 regi
480 3274 659 3341 Moab,
704 3274 888 3328 decem
933 3280 991 3327 et
1044 3281 1172 3326 octo
1209 3269 1390 3323 annis.
1427 3285 1448 3320 ι
1484 3265 1723 3321 Observa
1758 3266 1884 3334 quia

284 3368 471 3422 etiam
504 3377 784 3419 mensuras
815 3376 989 3432 ptume
1015 3361 1213 3416 indicat
1246 3358 1529 3427 Scriptura
1553 3357 1734 3411 divina
1763 3370 1886 3410 eum

290 3466 433 3512 ante
466 3464 591 3509 octo
616 3468 806 3521 annos,
835 3462 893 3508 et
922 3453 1010 3507 hic
1034 3451 1217 3506 decem
1244 3461 1298 3503 et
1324 3460 1449 3504 octo
1480 3447 1632 3501 dicit.
1665 3444 1885 3501 Certum

289 3557 384 3604 est
418 3556 600 3602 autem
639 3547 785 3615 quod
813 3544 1110 3600 secundum
1142 3540 1307 3613 5.66
1338 3540 1547 3609 peccati
1590 3539 1805 3593 modum
1833 3544 1888 3593 et

293 3638 686 3696 conversionis
744 3644 944 3692 nostra:
995 3648 1241 3701 moram,
1295 3631 1463 3688 etiam
1510 3629 1888 3700 castigationis

301 3737 564 3795 tempora
592 3732 983 3795 temperantur.
1020 3719 1374 3775 Transierunt
1407 3719 1553 3774 enim
1583 3730 1638 3775 et
1668 3721 1754 3777 isti
1784 3720 1884 3775 de-

301 3832 437 3873 cem
480 3826 536 3871 et
582 3825 705 3870 octo
754 3814 882 3869 anni
916 3811 1220 3877 servitutis,
1261 3820 1460 3866 etnon
1502 3809 1733 3866 refertur
1758 3811 1902 3882 quia.

304 3910 691 3964 clamaverunt
718 3906 787 3961 ad
816 3904 1126 3969 Dominum,
1159 3902 1244 3959 vel
1273 3902 1520 3958 conversi
1558 3912 1685 3958 sunt
1712 3920 1741 3958 a
1765 3919 1884 3957 ma-

305 4000 428 4055 litia
465 4014 561 4054 sua
590 4016 603 4053 :
635 3998 729 4054 sed
758 4005 883 4069 post
922 3996 1110 4052 decem
1138 4004 1195 4051 et
1221 4003 1345 4050 octo
1371 4009 1545 4049 annos
1580 3993 1774 4048 iterum
1800 3993 1885 4048 di-

306 4089 458 4145 citur
497 4088 608 4161 (55)
637 4089 702 4151 ”,
730 4088 854 4159 quia
888 4106 908 4139 ι
943 4087 1314 4142 clamaverunt
1349 4086 1444 4140 ﬁlii
1481 4084 1643 4140 Israel
1680 4084 1747 4138 ad
1776 4084 1885 4139 Do-

304 4182 547 4248 minum,
578 4191 635 4236 et
673 4180 956 4237 suscitavit
983 4180 1062 4235 eis
1091 4180 1353 4235 Dominus
1380 4179 1525 4234 Deus
1553 4177 1884 4232 Salvatorem

304 4271 476 4329 Aioth
534 4273 701 4327 ﬁlium
739 4271 907 4337 Gera,
949 4271 1043 4326 ﬁlii
1088 4271 1333 4337 Gemini,
1385 4271 1562 4327 virum
1606 4269 1885 4325 ambidex-

307 4372 484 4418 trum.
524 4381 543 4414 ι
577 4365 717 4418 Ecce
758 4363 932 4432 qualis
975 4373 1059 4417 est
1099 4362 1201 4417 iste
1230 4363 1322 4431 qui
1351 4361 1641 4416 suscitatur
1678 4361 1745 4415 ad
1778 4360 1886 4414 sal-

1989 1905 2136 1945 eum.
2174 1892 2492 1946 Dixeramus
2523 1892 2577 1945 in
2614 1893 2984 1961 superioribus
3014 1894 3156 1960 quod
3196 1891 3285 1946 isti
3322 1908 3459 1961 quos
3494 1894 3563 1948 ad

1988 1984 2218 2040 salutem
2252 1985 2457 2054 populi,
2490 1995 2544 2039 et
2575 1985 2641 2039 ad
2674 1985 2981 2040 liberandos
3015 1985 3154 2039 ﬁlios
3190 1985 3356 2039 Israel
3393 1987 3565 2042 susci-

2000 2087 2118 2131 tare
2148 2076 2348 2129 dicitur
2373 2076 2515 2130 Deus
2543 2075 2870 2139 salvatores,
2896 2075 2980 2129 vel
3006 2074 3237 2145 judices,
3272 2075 3562 2146 imaginem

1990 2167 2168 2223 ferant
2210 2167 2515 2236 aliquorum
2558 2166 2861 2239 principum
2896 2182 2961 2222 ex
3005 2168 3211 2223 caelesti
3258 2168 3484 2235 militia,
3511 2178 3569 2224 et

1988 2273 2350 2331 super-narum
2397 2259 2699 2326 virtutum,
2753 2274 2889 2329 quas
2942 2258 3009 2313 ad
3056 2260 3363 2314 subsidium
3418 2262 3563 2317 Deus

1987 2351 2203 2406 emittat
2246 2364 2459 2414 eorum,
2507 2351 2597 2418 qui
2640 2349 2706 2403 ad
2737 2363 2796 2404 se
2828 2358 2941 2403 toto
2969 2349 3136 2405 corde
3171 2349 3523 2404 clamaverint
3546 2391 3564 2417 ,

1988 2452 2040 2495 et
2095 2455 2189 2510 per
2242 2441 2655 2495 conversionem
2700 2439 3035 2508 pmnitcntia:
3073 2439 3313 2493 divinam
3347 2455 3475 2510 erga
3507 2456 3571 2501 se

1989 2532 2331 2594 clementiam
2380 2532 2651 2589 ﬂexerint.
2696 2534 2801 2589 Sed
2838 2532 2943 2587 hoc
2977 2543 3036 2587 ut
3069 2549 3136 2588 ne
3178 2545 3565 2606 praesumptum

1991 2627 2133 2695 apud
2168 2625 2449 2681 auditores
2477 2625 2724 2680 videatur
2753 2642 2782 2679 a
2812 2626 2970 2683 nobis
2992 2668 3008 2695 ,
3032 2627 3294 2682 debemus
3318 2641 3385 2681 ex
3419 2627 3571 2681 Scri-

1988 2728 2271 2788 pturarum
2347 2715 2673 2772 auctoritate
2738 2716 2976 2772 ﬁrmare.
3037 2719 3313 2786 Scriptum
3362 2727 3447 2773 est
3510 2717 3566 2772 in

1988 2808 2199 2874 Exodo,
2220 2809 2345 2878 quia
2377 2818 2559 2877 patres
2587 2809 2754 2863 nostri
2778 2809 2872 2864 ﬁlii
2897 2809 3061 2865 Israel
3092 2824 3214 2864 cum
3246 2809 3417 2863 multo
3432 2820 3570 2864 tem-

1987 2915 2119 2971 pore
2148 2899 2418 2972 Egyptiis
2450 2912 2508 2955 et
2535 2898 2805 2955 Pharaoni
2839 2901 2952 2973 regi
2980 2902 3273 2958 durissimo
3298 2902 3350 2957 in
3382 2902 3477 2958 luti
3512 2910 3571 2955 et

1992 2994 2176 3049 lateris
2204 2993 2542 3048 confectione
2569 2994 2901 3061 servissent,
2941 2994 3310 3050 elamaverunt
3349 2994 3414 3050 ad
3458 2997 3568 3051 Do-

1916 3115 1962 3176 ῦ
1995 3087 2225 3151 minum,
2272 3086 2487 3153 inquit,
2539 3086 2614 3140 ita
2664 3095 2723 3142 ut
2776 3086 2891 3157 ipse
2942 3086 3207 3143 Dominus
3240 3088 3446 3143 diceret
3475 3089 3566 3142 ”:

2002 3196 2020 3229 ι
2049 3178 2263 3233 Clamor
2295 3178 2523 3231 ﬁliorum
2553 3177 2716 3234 Israel
2758 3178 2873 3249 (50)
2935 3181 3178 3235 ascendit
3215 3180 3282 3234 ad
3324 3195 3430 3245 me,
3464 3200 3485 3234 ι
3514 3191 3572 3236 et

1994 3270 2159 3324 misso
2187 3270 2405 3339 quidem
2434 3269 2637 3334 lloseo,
2670 3270 2962 3327 visibiliter
2989 3273 3179 3328 eduxit
3212 3288 3329 3328 eos.
3376 3273 3565 3329 Refert

1991 3371 2170 3415 autem
2201 3361 2488 3430 Scriptura
2517 3363 2660 3431 quod
2688 3362 2915 3433 angelus
2942 3364 3340 3418 exterminator
3365 3366 3568 3420 missus

1993 3453 2088 3517 sit,
2115 3453 2204 3520 qui
2232 3462 2477 3509 vastaret
2514 3455 2733 3524 quidem
2767 3454 2951 3510 omnia
3001 3455 3361 3525 primogenita
3390 3455 3565 3525 Egy-

1992 3542 2250 3612 ptiorum,
2269 3543 2636 3598 lsraclitarum
2672 3558 2799 3599 vero
2823 3546 3092 3599 nemiuem
3123 3553 3384 3615 tangeret.
3409 3547 3472 3601 Et
3487 3547 3570 3602 sic

1990 3633 2301 3690 declaratur
2328 3636 2583 3690 virtutem
2632 3634 2801 3689 fuisse
2846 3635 3123 3691 emlestem
3168 3652 3287 3706 quze
3334 3638 3565 3692 vastatis

1989 3724 2267 3797 Egyptiis
2304 3740 2361 3784 et
2402 3728 2707 3796 prostratis.
2752 3725 2892 3782 ﬁlios
2930 3727 3096 3782 Israel
3137 3728 3204 3783 de
3224 3727 3357 3799 jugo
3396 3730 3569 3784 servi-

1990 3815 2121 3869 tutis
2148 3816 2355 3869 eduxit.
2387 3814 2578 3871 Simile
2601 3829 2818 3885 quoque
2862 3814 3025 3869 etiam
3076 3814 3207 3868 illud
3244 3816 3478 3869 refertur
3511 3815 3564 3868 in

1989 3905 2408 3975 historiis,quod
2447 3907 2549 3962 sub
2595 3921 2724 3975 rege
2768 3906 3117 3977 Assyriorum
3153 3906 3560 3969 Sennachcrib,

1988 3997 2215 4066 angelus
2257 3998 2471 4054 Domini
2514 3998 2749 4053 mittitur
2772 4035 2787 4062 ,
2821 3998 2914 4067 qui
2941 3999 3099 4052 cazsis
3132 3998 3231 4050 sub
3265 4012 3367 4050 una
3406 4006 3564 4053 nocte

1987 4098 2041 4148 et
2094 4090 2387 4155 prostratis
2436 4098 2653 4143 centum
2709 4089 2983 4159 octoginta
3034 4087 3275 4157 quinque
3325 4086 3564 4140 millibus

1987 4185 2244 4245 hostium,
2296 4190 2353 4233 et
2400 4181 2590 4234 urbem
2636 4178 2704 4235 de
2744 4178 3027 4233 obsidione
3052 4218 3067 4243 ,
3107 4192 3160 4232 et
3202 4177 3459 4246 populum
3496 4179 3563 4232 de

1988 4272 2288 4330 imminenti
2318 4269 2573 4326 liberaret
2604 4269 2827 4325 interitu
2857 4269 2924 4324 ³³.
2952 4268 3026 4322 lta
3051 4282 3181 4338 ergo
3213 4272 3375 4323 etiam
3411 4284 3559 4323 nunc

1986 4368 2171 4423 eadem
2245 4362 2636 4433 consequentia
2702 4361 2964 4415 debemus
3022 4362 3349 4425 advertere,
3402 4370 3459 4414 ut
3514 4362 3559 4415 si

307 4454 552 4510 vaudum
598 4452 760 4507 Israel
793 4469 805 4504 :
853 4452 987 4506 nihil
1034 4452 1198 4507 habet
1242 4453 1297 4506 in
1350 4467 1408 4506 se
1446 4450 1754 4504 sinistrum.
1788 4450 1883 4505 sed
1914 4470 1958 4525 ι)
1984 4457 2196 4529 quando
2222 4468 2319 4522 pro
2354 4452 2593 4523 peccatis
2641 4451 2847 4507 nostris
2890 4451 2943 4505 in
2982 4452 3354 4520 captivitatem
3396 4451 3564 4504 tradi—

302 4552 594 4608 utramque
643 4552 860 4592 manum
912 4536 1161 4590 dextram
1220 4534 1402 4590 habet.
1450 4533 1563 4589 Hoc
1603 4543 1688 4589 est
1730 4534 1874 4589 enim

1990 4562 2128 4610 mur,
2151 4543 2449 4596 clamemus
2478 4541 2543 4593 ad
2567 4539 2878 4594 Dominum.
2906 4540 3212 4595 Clamcmus
3242 4553 3421 4596 autem
3452 4557 3560 4594 non

304 4632 453 4701 quod
485 4631 684 4685 dicitur
713 4627 1078 4683 ambidexter.
1119 4626 1322 4696 Dignus
1351 4641 1481 4681 vero
1512 4627 1691 4696 populi
1722 4628 1874 4697 prin-
1982 4650 2098 4697 ore,
2129 4633 2223 4689 sed
2262 4642 2473 4697 mente,
2515 4629 2588 4684 ita
2632 4638 2690 4685 ut
2719 4630 2875 4685 dolor
2901 4632 3081 4687 cordis
3127 4633 3332 4686 fontem
3378 4631 3559 4700 Iacry-

306 4735 471 4789 ceps,
519 4730 574 4773 et
619 4716 878 4773 Ecclesia:
918 4715 1082 4784 judex
1119 4716 1210 4785 qui
1242 4715 1376 4770 nihil
1413 4724 1537 4785 agat
1567 4717 1873 4782 sinistrum,

1990 4742 2192 4782 marum
2219 4728 2479 4792 producat
2503 4737 2567 4776 ex
2599 4722 2796 4789 oculis,
2824 4723 2968 4779 sicut
3000 4724 3089 4777 ille
3112 4724 3203 4793 qui
3228 4723 3442 4777 dicebat
3466 4722 3510 4751 “
3542 4739 3555 4773 :

304 4812 464 4881 cujus
502 4810 630 4881 quid
682 4809 795 4879 agit
839 4808 1099 4871 dextera,
1146 4806 1357 4862 nesciat
1399 4806 1618 4861 sinistra
1654 4823 1783 4876 sua,
1822 4809 1875 4863 in

1990 4838 2005 4872 ι
2052 4817 2266 4873 Lavabo
2296 4831 2393 4885 per
2419 4815 2662 4886 singulas
2688 4826 2879 4871 noctes
2915 4817 3116 4871 lectum
3148 4830 3351 4878 meum,
3384 4812 3561 4882 lacry-

306 4915 537 4972 utraque
569 4910 726 4973 parte
758 4900 951 4956 dexter
978 4906 1082 4963 est,
1112 4897 1166 4952 in
1196 4898 1301 4953 ﬁde
1325 4896 1520 4953 dexter
1548 4907 1663 4963 est,
1694 4900 1745 4954 in
1780 4915 1874 4956 ac-

1990 4908 2087 4964 mis
2120 4908 2254 4962 meis
2278 4915 2508 4962 stratum
2547 4921 2726 4961 meum
2767 4907 2977 4976 rigabo.
3013 4923 3032 4956 »
3082 4903 3137 4958 Si
3181 4904 3253 4957 ita
3289 4904 3559 4958 converti-

305 4997 451 5050 tibns
475 4995 667 5049 dexter
691 5001 810 5057 est,
841 4991 974 5047 nihil
1001 4990 1161 5045 habet
1194 4991 1261 5046 de
1286 4989 1392 5046 illis
1420 4991 1513 5062 qui
1539 4991 1879 5049 collocantur
1980 5013 2102 5052 mur
2130 5012 2160 5051 a
2191 4994 2369 5062 malis,
2395 5005 2454 5051 ut
2476 4997 2616 5051 ultra
2646 5011 2753 5051 non
2782 4996 3162 5062 contingamus
3206 4993 3344 5046 mala
3364 5033 3378 5057 ,
3407 4994 3451 5046 si
3484 4993 3554 5047 ita

305 5101 331 5138 a
366 5084 641 5147 sinistris,
671 5082 869 5152 quibus
897 5080 1099 5136 dicitur
1143 5080 1190 5113 ³⁸
1236 5096 1252 5135 :
1304 5097 1325 5133 ‹
1367 5080 1640 5136 Discedite
1679 5096 1711 5137 a
1755 5099 1874 5150 me,

1990 5088 2303 5146 desinamus
2356 5103 2385 5141 a
2428 5088 2719 5157 superbia,
2766 5094 2828 5139 ut
2860 5084 2997 5138 ultra
3049 5084 3182 5138 nihil
3222 5086 3553 5152 superbum,

303 5174 537 5245 operarii
576 5172 905 5243 iniquitatis,
934 5170 1115 5227 nescio
1144 5186 1244 5227 vos
1264 5212 1281 5238 ,
1309 5171 1384 5227 ite
1413 5173 1467 5227 in
1501 5171 1678 5243 ignem
1713 5183 1873 5231 teter-

1990 5181 2114 5235 nihil
2141 5195 2407 5250 arrogans
2430 5179 2706 5248 sapiamus
2727 5216 2743 5241 ,
2772 5176 2951 5232 mittet
2969 5176 3131 5231 etiam
3160 5177 3418 5232 Dominus
3445 5177 3556 5229 vir-

304 5283 431 5321 uum
459 5280 617 5333 quem
641 5263 963 5334 praeparavit
986 5261 1126 5319 Deus
1149 5261 1351 5319 Zabulo
1369 5272 1424 5319 et
1448 5264 1656 5335 angelis
1675 5266 1811 5334 ejus.
1848 5285 1867 5321 ι
1981 5280 2149 5326 tutem
2182 5286 2337 5325 suam
2372 5269 2644 5324 caelestem
2667 5307 2684 5333 ,
2718 5282 2813 5337 per
2839 5282 3003 5338 quam
3029 5266 3325 5322 liberemur
3364 5283 3394 5323 a
3424 5266 3554 5337 jugo

945 5403 993 5473 νο
1023 5402 1216 5473 Ephes.
1250 5419 1324 5471 tv,
1354 5405 1446 5461 27.
1524 5406 1568 5437 ⁸⁷
1605 5403 1727 5461 Jud.
1764 5424 1846 5471 ιιι,
1881 5422 1887 5441 λ

2016 5410 2101 5463 I3.
2205 5408 2251 5440 "
2279 5406 2409 5461 ibid.
2438 5406 2525 5459 η.
2622 5406 2667 5438 ³⁸
2723 5403 2851 5458 ibid.
2907 5404 2976 5458 I5
3050 5404 3094 5435 '°
3118 5401 3249 5459 Luc.
3289 5418 3410 5470 XIII,
3441 5400 3549 5468 I7;

852 5474 893 5505 ³¹
923 5471 1161 5539 JudJu,
1196 5476 1283 5539 I5,
1331 5477 1421 5542 I6,
1496 5476 1584 5533 I7.
1656 5478 1699 5508 ³³
1728 5479 1887 5536 Exod.

1992 5481 2118 5544 ill,
2158 5478 2213 5533 9.
2290 5477 2334 5509 ³³
2367 5475 2431 5531 ιν
2470 5478 2577 5545 Reg
2644 5490 2751 5529 xix.
2816 5474 2863 5507 "
2891 5474 3033 5529 Psal.
3071 5489 3142 5540 vt,
3183 5476 3234 5530 7.

405 5406 454 5438 "
479 5403 602 5460 Jud.
653 5420 732 5467 ιη,
764 5404 851 5459 I2.

302 5475 489 5530 Matth.
526 5490 651 5536 xxv.
676 5474 769 5528 41.

376 5626 489 5697 (54)
519 5628 732 5701 Quare?
759 5625 923 5686 Deest
956 5626 1013 5687 in
1054 5638 1213 5685 antea
1251 5617 1429 5701 editt.,
1452 5639 1631 5687 exstat
1657 5645 1787 5688 vero
1817 5631 1871 5686 in

562 5630 732 5709 pars?
759 5630 923 5686 Deest
956 5630 1013 5687 in
1054 5638 1213 5685 antea
1251 5630 1429 5701 editt.,
1452 5639 1631 5687 exstat
1657 5645 1787 5688 vero
1817 5631 1871 5686 in
2050 5632 2160 5709 (.55)
2187 5630 2315 5709 Mss.
2349 5651 2367 5709 ς
2402 5633 2618 5709 dicitur.
2652 5650 2672 5685 ι
2706 5632 2863 5709 Eibb.
2889 5631 3038 5709 editi,
3072 5652 3096 5709 ς
3126 5632 3277 5709 dixit.
3313 5650 3332 5683 ι

304 5708 706 5768 manuscrtptls.

2055 5704 2166 5772 (56)
2195 5704 2379 5759 Israel.
2410 5705 2569 5762 Deest
2596 5705 2656 5761 in
2681 5704 2860 5773 editt.,
2891 5702 2987 5761 sed
3007 5702 3237 5761 habetur
3262 5704 3312 5758 in
3338 5719 3472 5763 uisa.
