4058 6244
596 266 700 322 967

2046 261 2367 319 ORIGENIS

3825 269 3929 323 953

595 376 873 439 servitutis
921 378 1195 434 Zabulicai
1246 399 1259 437 :
1304 395 1425 451 quae
1469 382 1645 436 virtus
1677 382 1863 435 omnia
1893 395 1992 452 pro
2023 379 2178 434 nobis
2207 382 2252 438 A
2281 378 2460 434 video.
2498 379 2598 433 Iste
2651 380 2703 433 in
2754 389 2938 434 aratro
2985 391 3223 451 pugnat,
3280 383 3439 438 Aioth
3477 384 3834 454 pugnabat
3877 386 3929 441 in

595 483 718 541 agat
741 472 930 525 dextra
969 482 1026 527 et
1057 487 1313 541 prospera
1335 514 1351 539 ,
1383 489 1505 543 qua:
1538 473 1701 527 faciat
1730 488 1832 527 nos
1866 473 2174 541 relinquere

592 562 736 617 viam
770 561 883 633 (57)
918 564 1215 631 sinistram,
1265 582 1385 635 quae
1425 566 1574 618 ducit
1604 565 1655 617 in
1692 564 2087 633 perditionem,
2118 574 2173 620 et

595 663 812 709 revocet
858 669 957 709 nos
1000 656 1067 709 ad
1118 672 1304 710 veram
1357 656 1539 720 viam,
1598 655 1746 708 illum
1777 655 1867 724 qui
1924 655 2053 708 dicit
2080 656 2171 710 3':

600 762 619 795 ι
659 744 771 814 Ego
801 759 919 799 sunt
962 745 1073 811 via,
1114 745 1338 811 veritas,
1366 754 1419 799 et
1450 744 1581 809 vita,
1614 763 1632 795 ι
1669 744 1852 799 Jesum
1897 743 2172 799 Christum

596 834 886 889 Dominum
937 845 1205 902 nostrum,
1244 836 1331 890 cui
1373 844 1457 890 est
1491 836 1664 906 gloria
1700 845 1755 889 et
1792 835 2078 905 imperium
2117 837 2171 890 in

598 926 796 980 smcula
826 926 1169 981 saeculorum.
1201 927 1399 982 Amen.

1181 1036 1455 1093 HOMILIA
1494 1037 1582 1092 IV.

594 1130 671 1185 De
701 1131 985 1199 Semegar,
1030 1142 1077 1183 et
1116 1128 1311 1190 Jabiu,
1351 1139 1398 1181 et
1436 1127 1653 1194 Sisara,
1699 1138 1746 1183 et
1788 1131 1987 1183 ueteris
2018 1130 2173 1201 judi-

1302 1201 1469 1252 cibus.

665 1314 716 1366 1.
781 1311 1141 1381 Conjungitur
1202 1314 1529 1383 principatui
1583 1312 1741 1368 Aioth
1803 1312 2166 1378 amhidextri,

588 1408 924 1475 principatus
953 1405 1262 1477 Semegadi.
1299 1406 1405 1461 Sed
1441 1407 1719 1461 videamus
1746 1407 1979 1472 qualiter
2005 1406 2165 1460 Aiotli

540 1480 543 1483 5
586 1498 678 1565 qui
707 1498 1097 1565 interpretatur
1125 1498 1242 1551 laus
1275 1495 1413 1568 (58),
1446 1498 1778 1552 concluserit
1807 1497 2167 1566 principatum

588 1604 771 1644 suum.
822 1589 1055 1644 Historia
1101 1605 1198 1644 nos
1232 1590 1446 1643 edocuit
1484 1604 1547 1643 ea
1580 1604 1700 1657 qua:
1731 1591 1798 1643 de
1831 1587 1997 1659 Eglon
2040 1602 2168 1654 rege

585 1682 788 1750 scripta
866 1689 1027 1746 sunt,
1085 1681 1357 1749 quomodo
1402 1680 1833 1748 sapientissimus
1883 1680 1972 1734 hic
2009 1680 2164 1733 Aioth

584 1782 701 1826 arte
728 1772 984 1841 quadam,
1020 1781 1110 1836 et,
1148 1781 1207 1825 ut
1249 1772 1319 1825 ita
1351 1771 1554 1834 dicam,
1589 1768 1808 1833 callida,
1841 1771 1935 1824 sed
1966 1770 2153 1823 lauda-

582 1864 677 1918 bili
722 1879 849 1918 usus
887 1863 1207 1933 deceptione
1245 1863 1585 1918 interemerit
1627 1860 1797 1932 Eglon
1830 1870 2153 1931 tyrannum,

585 1957 677 2027 qui
736 1955 1128 2025 interpretatur
1152 1964 1354 2007 rolutus
1404 1952 1488 2006 vel
1539 1952 1708 2006 orbita
1755 1951 1891 2023 (59).
1934 1949 2160 2020 Oportet

581 2061 711 2117 ergo
750 2045 883 2100 tales
915 2056 1037 2099 esse
1076 2054 1130 2098 et
1160 2042 1330 2097 nostri
1379 2041 1559 2112 populi
1589 2041 1825 2111 judices,
1854 2038 2028 2110 qualis
2058 2037 2160 2093 fuit

582 2139 745 2192 Aioth
781 2138 881 2191 iste
913 2136 1003 2205 qui
1048 2136 1445 2204 interpretatur
1478 2133 1632 2196 laus,
1673 2141 1731 2186 ut
1768 2146 1958 2186 omnes
2000 2130 2155 2184 volu-

580 2228 719 2283 biles
760 2236 938 2282 motus
978 2234 1033 2281 et
1083 2226 1291 2280 orbitas
1346 2223 1473 2278 mali
1520 2222 1735 2278 itineris
1778 2222 2062 2285 excidant,
2105 2229 2161 2275 et

578 2319 852 2389 perimant
879 2316 1236 2370 Moabitarum
1270 2328 1474 2382 regem.
1506 2312 1759 2367 Moabitae
1786 2323 1965 2368 autem
1999 2312 2159 2365 inter-

580 2418 861 2478 pretantur
889 2409 1067 2477 βαίτας
1100 2406 1185 2459 vel
1223 2405 1410 2473 eﬂ‘usio
1442 2404 1575 2473 (60).
1610 2403 1779 2471 Hujus
1807 2404 1970 2474 igitur
2000 2401 2158 2458 ﬂuxa:

585 2510 639 2553 et
663 2497 938 2551 dissoluta:
962 2496 1137 2563 gentis
1159 2495 1413 2563 princeps
1434 2492 1517 2547 vel
1541 2493 1647 2546 dux
1668 2491 1758 2561 qui
1779 2501 1960 2560 potest
1981 2490 2155 2545 videri

580 2594 752 2655 alius,
784 2590 868 2644 vel
895 2590 1144 2657 intelligi,
1171 2589 1275 2644 nisi
1306 2602 1488 2642 sermo
1520 2586 1669 2640 illius
1704 2585 2039 2654 philosophi,
2062 2586 2157 2655 qui

578 2698 849 2740 snnnuum
869 2681 1286 2749 bonumjudicat
1308 2678 1519 2747 volupta
1533 2676 1839 2743 temiQuem
1860 2677 2157 2732 interficiat

577 2789 633 2832 et
658 2776 889 2846 perimat
905 2772 1251 2843 evangelicus
1269 2768 1565 2838 sermo,qui
1585 2768 1763 2839 gladio
1774 2777 2120 2837 comparatur
2138 2786 2152 2822 :

575 2876 630 2923 et
643 2868 804 2941 467
832 2881 1011 2921 sermo
1037 2863 1385 2934 praphetieus
1408 2862 1524 2930 ipse
1554 2862 1606 2915 in
1632 2870 1819 2915 ventre
1839 2875 2048 2928 eorum,
2075 2872 2158 2917 at-

575 2977 682 3029 que
720 2962 771 3012 in
808 2958 930 3012 imis
971 2955 1286 3027 praecordiis
1316 2952 1645 3007 ambidextri
1684 2952 1924 3007 doctoris
1964 2953 2154 3023 dispu-

2277 468 2472 539 gladio.
2509 470 2612 526 Iste
2641 472 2691 525 in
2722 482 2905 526 aratro
2935 472 3125 528 vincit.
3161 473 3343 528 Vincit
3373 484 3569 529 tamen
3609 486 3689 529 et
3714 476 3850 539 hic,
3880 486 3927 531 et

2276 569 2516 628 superat,
2553 572 2607 616 et
2637 563 2929 630 prosternit
2953 563 3289 634 Allophylos.
3325 565 3513 620 Potest
3546 581 3731 635 ergo
3773 568 3927 633 ﬁeri,

2276 660 2333 704 ut
2364 651 2803 722 Ecclesiaejudex
2841 668 2946 707 non
2979 669 3192 725 semper
3224 657 3467 725 gladium
3496 655 3841 726 proferat,
3878 660 3925 714 id

2274 754 2376 808 est,
2416 759 2519 798 non
2561 761 2774 814 semper
2805 747 3117 801 austeritate
3161 749 3306 802 verbi
3349 760 3401 803 et
3447 751 3771 806 acumine
3806 769 3927 806 cor-

2277 834 2539 904 reptionis
2570 846 2778 899 utatur,
2808 838 2901 892 sed
2932 838 3223 907 aliquando
3245 842 3404 894 etiam
3433 841 3739 897 imitetur
3772 846 3923 910 agri-

2275 928 2452 981 colam
2483 966 2497 991 ,
2527 936 2580 982 et
2608 927 2754 981 velut
2788 936 2974 983 aratro
3009 930 3226 984 snlcans
3269 933 3465 986 anima:
3508 944 3776 987 terram
3805 982 3818 993 .
3857 952 3919 991 ac

2276 1019 2471 1087 smpins
2490 1034 2606 1073 eam
2626 1020 2878 1075 elementi
2908 1023 3276 1076 commotione
3300 1024 3686 1088 rescindens,
3718 1036 3913 1094 aptam

2272 1126 2392 1164 eam
2447 1112 2804 1181 suscipiendis
2852 1111 3153 1167 seminibus
3215 1125 3391 1184 paret.
3455 1115 3909 1172 lntcrﬁcientur

2272 1216 2403 1272 ergo
2429 1202 2590 1256 etiam
2638 1204 2717 1257 sic
2748 1202 3013 1273 Allophyli
3046 1245 3060 1271 ,
3096 1221 3215 1259 cum
3268 1222 3373 1261 non
3424 1212 3821 1278 argumentis
3851 1220 3902 1262 et

2271 1294 2521 1348 acumine
2557 1304 2743 1347 contra
2776 1294 3125 1350 adversarios
3155 1297 3354 1350 utimur
3377 1339 3393 1364 ,
3440 1300 3538 1353 sed
3574 1301 3816 1368 agresti
3844 1311 3896 1355 et

2272 1386 2501 1453 simplici
2528 1386 2951 1441 commonitione
2983 1389 3048 1442 de
3074 1389 3274 1443 animis
3300 1391 3640 1444 auditorum
3676 1412 3695 1441 ι
3715 1396 3813 1445 itia
3842 1404 3891 1446 et

2270 1487 2493 1549 peccata
2519 1479 2889 1548 propcllimus.
2918 1480 3022 1534 Sed
3054 1490 3108 1534 et
3140 1493 3193 1535 tu
3227 1483 3362 1552 ipse,
3397 1498 3429 1535 ο
3463 1486 3729 1551 auditor,
3764 1500 3880 1541 esto

2269 1571 2505 1641 agricola
2554 1572 2749 1627 anima:
2794 1584 2898 1629 tua:
2923 1616 2937 1638 ,
2974 1585 3125 1629 utere
3167 1575 3270 1628 hoc
3304 1585 3494 1630 aratro
3525 1592 3646 1646 quo
3696 1581 3874 1632 utitur

2271 1664 2550 1733 Semegar.
2587 1664 2692 1719 Sed
2723 1680 2844 1719 cum
2871 1665 3083 1721 miseris
3121 1682 3337 1720 manum
3374 1677 3529 1721 tuam
3562 1670 3616 1722 in
3650 1682 3857 1735 aratro,

2269 1755 2375 1809 noli
2412 1766 2556 1809 retro
2587 1756 2855 1826 respicere
2878 1757 2956 1810 "z
2996 1758 3047 1811 id
3074 1769 3157 1813 est
3187 1768 3482 1828 postquam
3516 1762 3687 1815 tuleris
3710 1778 3844 1815 cm-

2258 1860 2377 1899 cem
2418 1854 2562 1899 tuam
2589 1885 2604 1909 ,
2643 1857 2697 1900 et
2730 1856 2950 1902 secutus
2989 1846 3156 1903 fueris
3202 1849 3518 1913 Christum,
3546 1863 3817 1920 postquam

2259 1935 2463 1991 saeculo
2494 1936 2821 1991 renuntiasti
2851 1948 2905 1992 et
2953 1938 3019 1992 iis
3059 1956 3178 2008 qua:
3207 1940 3258 1994 in
3308 1943 3515 1997 saeculo
3540 1952 3690 2007 sunt,
3713 1944 3821 1997 ιωὶί

2260 2038 2407 2083 retro
2437 2027 2737 2097 respicere,
2793 2028 2902 2083 noli
2943 2032 3222 2099 requirere
3261 2047 3382 2101 qua:
3422 2046 3646 2102 propter
3674 2032 3833 2087 Chri-

2261 2131 2403 2176 stum
2436 2124 2670 2176 duxeras
2710 2131 2770 2175 ut
2821 2131 3107 2177 stercora:
3158 2124 3283 2195 quia
3336 2127 3381 2179 si
3421 2126 3477 2179 in
3526 2127 3631 2180 isto
3660 2138 3841 2180 aratro

2263 2229 2478 2267 manum
2503 2228 2721 2283 semper
2745 2214 3018 2277 habueris,
3047 2216 3118 2267 ita
3151 2224 3207 2269 ut
3235 2215 3582 2270 conﬁdenter
3601 2217 3757 2270 dicas
3779 2216 3843 2267 δ⁸;

2269 2305 2443 2361 «Mihi
2494 2315 2670 2359 autem
2720 2305 2862 2360 absit
2895 2304 3116 2375 gloriari
3170 2306 3269 2361 nisi
3315 2307 3368 2360 in
3423 2323 3597 2363 cruce
3635 2309 3846 2364 Domini

2262 2396 2431 2449 nostri
2455 2395 2580 2451 Jesu
2630 2396 2856 2461 Christi,
2890 2412 2986 2466 per
3014 2413 3173 2467 quem
3226 2399 3357 2453 mihi
3390 2400 3637 2455 mundus
3674 2402 3848 2455 cruci-

2262 2488 2402 2543 fixus
2430 2498 2533 2553 est,
2568 2499 2622 2543 et
2650 2505 2751 2561 ego
2778 2491 3008 2557 mundo;
3038 2510 3059 2543 ι
3091 2492 3205 2546 haec
3235 2492 3330 2546 tibi
3360 2492 3569 2547 dicenti
3604 2510 3627 2545 ι
3653 2496 3847 2548 cadent

2262 2595 2290 2631 a
2325 2579 2533 2635 dextris
2556 2582 2661 2636 tuis
2691 2582 2875 2637 decem
2903 2582 3096 2649 millia,
3130 2591 3185 2637 et
3206 2598 3236 2637 a
3261 2584 3499 2639 sinistris
3534 2585 3647 2638 tuis
3680 2586 3848 2651 mille,

2261 2672 2328 2727 ad
2365 2682 2413 2727 te
2445 2687 2571 2728 vero
2618 2689 2725 2728 non
2764 2675 3273 2746 appropinquabant
3304 2676 3371 2730 “.
3406 2695 3425 2728 ι
3481 2676 3599 2731 Sed
3635 2688 3700 2732 et
3749 2680 3845 2732 hoc

2262 2767 2434 2836 ipsimi
2459 2767 2601 2835 quod
2628 2767 2789 2832 dixit,
2824 2768 2875 2822 in
2905 2768 3182 2824 sexcentis
3210 2768 3343 2822 viris
3367 2769 3703 2840 A|10phylos
3733 2785 3847 2840 per-

2260 2859 2496 2912 cussisse
2526 2857 2808 2927 Semegar,
2845 2874 2950 2914 non
2989 2859 3120 2913 mihi
3153 2861 3364 2915 videtur
3392 2861 3572 2915 otiose
3607 2863 3837 2915 dictant.

2258 2948 2397 3015 Quid
2449 2950 2591 3003 enim
2626 2963 2760 3018 opus
2798 2958 2917 3004 erat
2950 2951 3237 3021 designare
3274 2954 3438 3007 etiam
3489 2968 3788 3007 numerum
3818 2952 3839 3004 i

577 3052 867 3105 tationihus
912 3047 1301 3103 concludatur:
1342 3057 1398 3101 ut
1430 3045 1679 3102 veritatis
1712 3045 2014 3100 assertione
2057 3062 2152 3101 eos
2180 3061 2226 3122 ς
2257 3040 2371 3095 Nisi
2423 3042 2559 3096 forte
2589 3046 2895 3101 evidentius
2925 3047 2978 3100 in
3021 3048 3136 3115 ipso
3171 3060 3398 3101 numero
3440 3061 3501 3101 ea
3535 3047 3606 3101 de
3638 3050 3835 3116 quibus

573 3143 902 3198 concludens
927 3181 944 3208 ,
993 3139 1306 3208 exstinguat
1347 3152 1563 3192 omnem
1592 3136 1746 3204 pravi
1794 3135 2063 3202 dogmatis
2091 3146 2145 3190 et

573 3251 772 3289 crassa:
804 3231 1171 3302 intelligentia:
1197 3244 1416 3284 sensum
1440 3268 1453 3292 ,
1485 3227 1578 3298 qui
1613 3241 1672 3280 se
1698 3225 1932 3295 extollit,
1961 3238 2017 3280 et
2043 3227 2151 3281 eri-

575 3327 651 3397 git
681 3329 970 3381 adversum
1014 3322 1316 3390 spiritalem
1358 3322 1639 3376 scientiam
1682 3319 1917 3375 Christi:
1949 3331 2009 3372 ut
2034 3318 2149 3371 hinc

574 3421 645 3472 ita
686 3418 891 3471 faciens
916 3455 932 3481 ,
965 3425 1019 3469 et
1062 3414 1115 3468 in
1150 3414 1317 3468 verbo
1349 3412 1443 3466 Dei
1479 3412 1744 3465 dimicans
1780 3411 2147 3481 unusquisque

572 3510 827 3565 Ecclesia:
859 3507 1046 3578 judex,
1082 3506 1176 3558 liat
1198 3505 1359 3558 etiam
1403 3505 1515 3573 ipse
1545 3502 1830 3556 laudabilis
1862 3502 2047 3566 Aioth,
2080 3504 2147 3556 de

570 3616 678 3668 quo
723 3600 869 3652 dicat
908 3597 1171 3651 Dominus
1198 3594 1276 3648 ‘°:
1331 3613 1349 3645 ι
1378 3593 1547 3660 Euge,
1582 3606 1739 3645 serve
1768 3591 1908 3646 bone
1933 3601 1987 3646 et
2018 3593 2146 3646 lide-

569 3692 657 3755 lis,
694 3692 820 3759 quia
852 3704 1015 3758 super
1052 3702 1220 3758 pauca
1253 3685 1405 3741 fuisti
1447 3684 1658 3752 fidelis,
1687 3697 1849 3753 supra
1883 3684 2049 3738 multa
2091 3692 2144 3740 te

567 3785 917 3839 constituam.
953 3801 972 3835 ι

637 3876 691 3931 2.
725 3873 921 3928 Verum
947 3871 1183 3927 breviter
1211 3868 1331 3923 istis
1358 3882 1385 3920 a
1415 3866 1573 3922 nobis
1594 3866 1659 3921 de
1686 3866 1856 3937 priori
1886 3866 2137 3927 lectione,

568 3969 621 4022 id
644 3973 749 4029 est,
779 3967 843 4020 de
876 3964 1035 4019 Aioth
1060 3964 1167 4016 fine
1203 3959 1469 4029 repetitis,
1501 3959 1783 4013 videamus
1806 3973 1947 4012 nunc
1985 3958 2140 4029 quale

566 4064 642 4116 sit
675 4059 837 4114 etiam
884 4054 1210 4124 principium
1265 4052 1564 4120 Semegar,
1612 4050 1702 4119 qui
1750 4051 2139 4119 interpretatur

564 4151 637 4204 ibi
678 4150 879 4203 advena
908 4145 1042 4216 (6i).
1082 4143 1278 4198 Verum
1328 4152 1413 4197 est
1453 4143 1633 4205 enim,
1671 4143 1792 4209 quia
1827 4158 2014 4197 omnes
2044 4147 2135 4213 qui

565 4250 691 4295 sunt
727 4237 973 4293 homines
1015 4234 1127 4299 Dei,
1157 4235 1382 4287 aditena:
1428 4244 1553 4286 sunt
1585 4234 1635 4286 in
1670 4232 1769 4286 hoc
1799 4234 1997 4285 mundo
2024 4272 2039 4296 ,
2083 4241 2138 4285 et

563 4330 752 4389 incolae
774 4331 827 4384 in
856 4338 1020 4392 terra,
1047 4326 1188 4380 sicut
1214 4334 1269 4378 et
1300 4324 1409 4389 ille,
1434 4325 1522 4392 qui
1554 4323 1766 4378 dicebat
1788 4322 1854 4389 ³⁷,
1876 4322 2132 4391 quoniam

570 4444 589 4476 ι
624 4421 800 4477 incola
850 4434 948 4488 ego
978 4432 1099 4472 sum
1154 4417 1296 4485 apud
1340 4426 1391 4469 te
1442 4416 1494 4469 in
1546 4424 1688 4469 terra
1718 4423 1772 4468 et
1820 4414 2135 4483 peregrinus

561 4518 706 4573 sicut
751 4526 941 4567 omnes
972 4518 1154 4578 patres
1190 4508 1314 4561 mei.
1346 4527 1363 4558 ι
1405 4508 1475 4561 Et
1503 4506 1647 4559 hunc
1697 4521 1825 4575 ergo
1878 4504 2135 4577 Semegar

562 4615 785 4663 sanctus
813 4600 1048 4671 Spiritus
1077 4598 1149 4651 ibi
1182 4596 1414 4651 incolam
1451 4594 1600 4661 dicit,
1647 4594 1699 4647 id
1729 4604 1811 4648 est
1845 4595 1949 4649 hic.
1979 4596 2131 4662 Quod

560 4700 704 4755 enim
731 4702 918 4751 sancto
949 4687 1173 4761 Spiritui
1201 4687 1292 4755 qui
1322 4687 1374 4739 in
1407 4684 1559 4739 caelis
1590 4694 1672 4739 est
1693 4723 1706 4746 ,
1742 4684 1813 4738 ibi
1845 4694 1947 4749 est,
1982 4687 2135 4742 nobis

563 4794 652 4848 hic
679 4801 781 4845 est.
810 4784 946 4853 Quid
971 4796 1102 4853 ergo
1129 4779 1331 4834 dicitur
1361 4778 1427 4830 de
1457 4774 1753 4845 Semegar?
1787 4793 1805 4826 ι
1837 4774 2130 4845 Percussit,

561 4883 737 4951 inquit
777 4879 845 4946 ⁸⁸,
881 4873 1194 4945 Allolihylos
1227 4871 1279 4925 in
1324 4868 1604 4924 sexcentis
1637 4867 1767 4922 viris
1793 4907 1808 4932 ,
1852 4868 1904 4921 in
1947 4870 2087 4923 stiva
2112 4910 2129 4936 ,

561 4976 645 5028 vel
688 4972 823 5041 pede
871 4967 1059 5023 aratri.
1089 4984 1107 5017 ι
1148 4961 1308 5018 Aliud
1343 4974 1514 5027 genus
1561 4957 1737 5013 laudis
1783 4958 1835 5013 in
1869 4960 2130 5031 Semegar

665 5090 711 5122 ³⁸
774 5088 927 5141 Joan.
960 5099 1070 5146 xiv,
1099 5081 1152 5135 6.
1216 5079 1259 5110 "
1285 5078 1468 5131 Matth.
1508 5091 1636 5136 xxv,
1662 5072 1754 5127 2|.

559 5164 648 5220 6-2,
722 5159 768 5191 κο
796 5157 896 5213 Gal
927 5171 999 5219 vi,
1032 5143 1118 5207 t4.
1195 5150 1237 5180 ⁵¹
1271 5147 1413 5203 Psal.
1444 5162 1551 5209 xei,
1577 5147 1635 5199 7.
1708 5146 1752 5176 "
1780 5143 1900 5199 Jud.
1934 5160 2008 5211 iv,
2041 5148 2095 5201 ί.

629 5300 741 5366 (57)
775 5294 919 5369 Mss.‘
941 5310 959 5343 ι
992 5292 1155 5369 viain.
1194 5307 1213 5340 ι
1244 5288 1397 5369 Libh.
1432 5288 1585 5369 editi,
1619 5284 1861 5369 c_vitaii_i.
1909 5308 1926 5339 ι
2081 5359 2091 5369 _

775 5363 1043 5430 Aiolh,qui
1071 5361 1445 5440 interpretatur
1474 5358 1614 5413 laus.
1647 5357 1700 5440 lit
1736 5356 1959 5440 Hebraeo
1988 5359 2113 5440 serio.

556 5429 825 5509 “(inpegi
847 5429 1022 5496 vim,
1057 5432 1222 5508 quod
1244 5443 1436 5509 nomen
1471 5429 1739 5494 quomodo
1774 5429 2118 5496 interpretari

559 5500 730 5578 possit
766 5505 954 5578 i__la_us,
989 5519 1006 5551 ι
1044 5514 1148 5552 non
1177 5500 1382 5578 vide-0..
1419 5566 1430 5576 _

631 5577 742 5642 (59)
772 5570 943 5643 Eglgn
969 5584 1267 5639 tyranuum,
1295 5568 1382 5636 qui
1413 5566 1793 5643 interpretatur
1821 5575 2023 5619 rotatus
2045 5565 2121 5620 vel

559 5637 748 5722 orbita.
783 5637 852 5716 Es
879 5637 1004 5718 'Tmi
1055 5679 1072 5712 ι
1103 5660 1382 5724 rotundus,
1422 5677 1438 5709 I
1470 5668 1562 5712 aut
1585 5637 1722 5727 at)»;
1750 5674 1768 5708 ι
1801 5655 2119 5726 plaustrum,

558 5747 700 5803 tota,
734 5733 930 5791 orbita.
977 5753 995 5784 ι

1848 5074 1889 5105 ³⁷
1922 5074 2065 5129 Psal.
2094 5092 2239 5146 cxnx,
2276 5074 2375 5142 i9;
2424 5073 2569 5130 Psal.
2600 5092 2790 5144 χχχιι,
2826 5078 2907 5134 l3.

2258 3134 2505 3202 superius
2538 3135 2796 3202 diximus,
2842 3138 3125 3194 indicavit.
3167 3140 3407 3208 Namque
3443 3139 3707 3193 senarius
3740 3155 3829 3192 nuo

2252 3240 2454 3291 merus,
2483 3228 2573 3296 qui
2607 3230 2995 3299 multiplicatus
3023 3234 3171 3287 venit
3207 3233 3257 3286 in
3303 3241 3616 3295 sexcentos,
3646 3231 3827 3286 mundi

2250 3317 2409 3386 huius
2443 3319 2665 3387 liguram
2710 3331 2859 3377 tenet
2892 3324 2981 3392 qui
3021 3325 3071 3377 in
3104 3340 3201 3379 sex
3233 3325 3426 3379 diebus
3452 3324 3661 3378 dicitur
3698 3340 3827 3379 con-

2250 3416 2568 3462 summatus.
2618 3410 2914 3467 Sexcentos
2942 3428 3074 3481 ergo
3123 3414 3176 3467 in
3228 3421 3412 3468 aratro
3450 3414 3653 3468 dicitur
3708 3430 3829 3482 per-

2247 3500 2481 3555 cussisse
2508 3501 2629 3568 ille,
2662 3504 2750 3571 qni
2785 3518 2880 3572 per
2903 3519 3120 3560 crucem
3154 3506 3367 3561 Domini
3403 3506 3703 3562 cruciﬁxus
3754 3514 3829 3561 est

2248 3592 2465 3646 mundo.

2318 3680 2372 3734 5.
2406 3678 2512 3734 Sed
2547 3681 2673 3749 quid
2704 3691 2825 3751 post
2856 3684 2968 3737 haec
3007 3682 3268 3739 additur?
3315 3703 3335 3737 ι
3362 3685 3430 3740 Et
3465 3684 3827 3752 adjecerunt,

2250 3770 2430 3841 inquit
2457 3773 2536 3837 δ’,
2580 3774 2673 3827 lilii
2707 3774 2865 3830 Israel
2896 3775 3077 3832 facere
3107 3777 3397 3848 malignum
3444 3779 3496 3831 in
3524 3792 3824 3848 conspectu

2244 3863 2482 3932 Domini,
2520 3877 2574 3921 et
2608 3867 2769 3921 Aioth
2802 3880 3050 3921 mortuus
3078 3877 3182 3923 est.
3218 3887 3237 3921 ι
3279 3868 3538 3923 Servatur
3561 3871 3821 3923 nimirum

2243 3958 2297 4012 in
2326 3957 2410 4013 his
2455 3959 2620 4012 etiam
2662 3958 2749 4012 illa
2777 3958 3084 4014 observatio
3104 4000 3118 4023 ,
3150 3975 3314 4029 quam
3340 3960 3396 4013 in
3443 3962 3822 4030 superioribus

2241 4049 2662 4119 designavimus,
2691 4051 2815 4119 quia
2858 4065 2955 4120 pro
2983 4053 3221 4120 peccatis
3249 4052 3432 4121 populi
3466 4055 3687 4108 moritur
3713 4055 3819 4109 bo-

2241 4156 2341 4195 nus
2372 4142 2555 4210 p0puli
2583 4141 2713 4195 dux.
2749 4141 2883 4196 Cum
2909 4144 3051 4197 enim
3078 4143 3282 4215 indigni
3311 4145 3512 4200 fuerint
3537 4144 3731 4210 effecti,
3758 4157 3816 4201 et

2237 4234 2464 4289 fecerint
2494 4234 2787 4300 malignum
2822 4238 2873 4290 in
2921 4248 3216 4309 conSpectu
3250 4238 3463 4295 Domini
3492 4278 3508 4305 ,
3537 4239 3815 4295 auferetur

2238 4326 2303 4379 ab
2328 4325 2408 4378 eis
2438 4325 2603 4378 homo
2633 4325 2748 4380 Dei.
2786 4328 2894 4382 Sed
2915 4329 3046 4383 dicit
3077 4329 3308 4384 fortasse
3337 4331 3569 4399 populus
3590 4343 3809 4386 noster:

2167 4400 2211 4455 Ι)
2241 4416 2465 4483 Quando
2498 4414 2736 4471 Ecclesia
2769 4418 2859 4471 Dei
2888 4420 3004 4474 sine
3029 4420 3212 4489 judice
3245 4423 3369 4477 est?
3402 4423 3631 4478 Etiamsi
3661 4426 3811 4494 prior

2240 4506 2541 4572 defecerit,
2578 4508 2716 4563 alter
2749 4513 3057 4566 adhibetur.
3108 4514 3381 4569 Audacter
3430 4514 3679 4571 fortassis
3706 4515 3806 4569 ali-

2238 4598 2368 4665 quid
2415 4598 2674 4665 dicimus,
2709 4610 2887 4656 tamen
2940 4604 3081 4669 quod
3127 4605 3385 4674 scriptum
3425 4616 3510 4660 est
3550 4607 3805 4660 dicimus.

2236 4686 2353 4741 Non
2387 4702 2602 4758 semper
2633 4691 2883 4763 princeps
2912 4694 3092 4762 populi
3130 4705 3184 4748 et
3215 4695 3471 4751 Ecclesia:
3512 4698 3683 4766 judex
3713 4715 3808 4767 per

2241 4778 2333 4833 Dei
2364 4779 2648 4833 arbitrium
2679 4782 2857 4849 datur,
2891 4787 2984 4838 sed
3014 4795 3174 4855 prout
3197 4790 3390 4842 merita
3419 4801 3603 4843 nostra
3635 4792 3805 4860 depoo

2238 4879 2417 4924 scunt.
2450 4869 2507 4924 Si
2539 4871 2662 4924 mali
2701 4881 2827 4927 sunt
2869 4884 3022 4928 actus
3061 4877 3254 4943 nostri,
3284 4886 3337 4931 et
3368 4893 3657 4948 operamur
3687 4897 3804 4934 ma-

2237 4961 2437 5030 lignum
2470 4961 2525 5016 in
2552 4973 2844 5033 conspectu
2875 4965 3085 5019 Domini
3114 5007 3129 5033 ,
3175 4969 3373 5023 dantur
3399 4972 3553 5026 nobis
3600 4974 3803 5042 princi-

2985 5079 3026 5110 ³⁸
3051 5076 3173 5133 Jud.
3208 5086 3288 5147 ιιι,
3320 5083 3408 5136 51.
3484 5084 3527 5116 ³⁹
3558 5083 3689 5138 Luc.
3724 5101 3801 5155 tx,

2300 5287 2412 5361 (60)
2448 5288 2538 5361 Sic
2569 5287 2874 5361 mss.Libri
2904 5300 3081 5361 autem
3108 5292 3287 5355 cditl.,
3325 5310 3343 5341 ι
3383 5291 3794 5344 Madianitarum

2228 5376 2428 5429 regem.
2480 5360 2782 5413 Madianittn
2816 5370 2998 5412 autem
3032 5360 3459 5429 interpretantur
3498 5364 3674 5415 linxus
3710 5362 3790 5413 vel

2225 5428 2431 5483 ell'nsio.
2474 5446 2492 5479 ι
2541 5429 2820 5493 Quomodo
2868 5429 3112 5483 Meiibitie
3154 5428 3243 5484 aut
3288 5432 3593 5485 Madianitae
3646 5432 3792 5484 rcdili

2225 5499 2435 5567 possint
2466 5499 2638 5550 llnxns
2671 5499 2751 5550 vel
2787 5496 3007 5560 effusio,
3041 5516 3143 5553 non
3175 5503 3347 5553 video.

2300 5567 2410 5635 (61)
2442 5568 2809 5634 Semegar,qui
2836 5570 3209 5636 interpretatur
3237 5573 3306 5624 ibi
3340 5570 3560 5629 advenit.
3587 5570 3665 5624 Ex
3705 5581 3793 5631 at:

2233 5655 2251 5689 ι
2283 5638 2349 5691 ibi
2378 5655 2395 5688 ι
2448 5647 2500 5692 et
2529 5649 2600 5697 τι
2632 5660 2648 5687 ι
2682 5639 2905 5692 advena.
2939 5656 2956 5689 ι

3540 5769 3564 5783 κ
