4058 6244
556 322 655 377 971

558 534 611 578 et
640 523 878 579 dulciora
910 535 1071 589 super
1098 520 1201 573 mel
1233 530 1286 575 et
1314 519 1515 575 favum.
1565 538 1584 572 ι

2003 315 2328 392 Olim);le

559 450 681 489 esse
712 446 874 502 super
900 444 1091 485 aurum
1124 470 1136 493 ,
1174 438 1227 484 et
1261 429 1491 499 lapidem
1524 430 1819 499 pretiosum
1850 427 2076 484 multum
2106 468 2119 493 ,
2152 435 2199 490 Α
2227 442 2350 481 cum
2382 424 2666 496 prophetia
2717 425 2913 479 ialsum
2963 432 3068 479 est.
3112 423 3229 478 Non
3274 424 3416 479 enim
3453 423 3648 477 secuti
3711 430 3929 476 sum

2232 520 2593 591 prophetiam,
2618 528 2675 573 ut
2704 519 2992 572 crederent
3012 518 3061 572 ei
3087 519 3153 571 de
3175 532 3281 587 quo
3317 517 3499 571 onmis
3530 515 3919 585 prapbeﬁa

631 615 684 668 3.
718 612 825 667 Sed
849 621 903 667 ct
928 611 1055 664 illud
1085 612 1512 675 consideremus,
1543 611 1630 665 ubi
1666 611 1906 666 residere
1929 610 2127 665 dicitur
2220 612 2545 681 praescripta
2575 618 2659 665 est
2691 626 2719 663 a
2744 609 2986 664 Christo.
3051 608 3346 678 Propterea
3391 624 3530 674 ergo
3563 608 3727 663 dicit
3800 606 3911 658 ad

560 706 862 776 prophetia,
896 714 950 758 et
980 702 1069 756 ubi
1112 702 1262 756 locus
1287 701 1403 769 ejus
1430 716 1550 756 esse
1573 702 1925 756 describitur.
1963 719 1982 753 ι
2016 701 2129 757 Sub

563 796 761 865 palma,
797 795 972 863 inquit
999 794 1067 857 ³⁸,
1099 793 1237 847 inter
1265 794 1500 846 medium
1531 792 1723 855 Rama,
1756 801 1811 846 et
1849 791 1991 845 inter
2018 805 2130 846 me-

564 887 709 940 dium
747 884 951 939 Bethel.
978 903 995 935 ι
1031 881 1143 937 Sub
1179 881 1355 951 palma
1391 882 1571 935 sedem
1618 882 1778 935 habet
1807 880 2084 950 prophetia
2111 917 2126 943 ,

564 978 687 1047 quia
722 994 741 1028 ι
765 975 961 1043 justus,
988 973 1161 1043 inquit
1188 973 1352 1026 David
1375 972 1443 1036 ",
1476 972 1613 1027 sicut
1638 972 1812 1041 palma
1839 970 2074 1035 ﬂorebit,
2105 989 2124 1023 ι

564 1086 660 1140 per
691 1070 795 1123 hoc
826 1067 968 1136 quod
998 1066 1110 1121 suis
1140 1064 1567 1121 institutionibus
1595 1063 1867 1118 eruditum
1900 1063 2132 1132 pr0phe-

566 1163 638 1215 tia
672 1157 919 1230 perducit
951 1156 1018 1210 ad
1050 1156 1283 1225 palmam
1316 1169 1562 1224 supernae
1595 1152 1896 1209 vocationis
1927 1153 2042 1217 Dei,
2077 1153 2129 1207 in

562 1250 780 1308 Christo
822 1248 947 1304 Jesu
983 1248 1210 1302 Domino
1245 1256 1450 1303 nostro.
1492 1248 1639 1302 Inter
1686 1247 1920 1303 medium
1949 1255 2130 1301 autem

567 1342 757 1405 ﬂama,
788 1349 843 1393 et
877 1339 1019 1393 inter
1048 1337 1284 1394 medium
1321 1338 1511 1393 Bethel
1552 1337 1743 1393 sedere
1774 1339 1995 1393 dicitur.
2027 1336 2136 1389 Ra-

566 1448 651 1486 ma
680 1432 1065 1499 interpretatur
1085 1430 1311 1495 excelsa,
1332 1427 1518 1484 Bethel
1540 1430 1725 1482 domus
1759 1428 1851 1481 Dei
1879 1426 2013 1498 (65).
2046 1425 2138 1480 Vi-

562 1524 683 1578 dete
708 1523 759 1577 in
787 1521 985 1591 quibus
1010 1520 1141 1576 locis
1167 1519 1406 1575 residere
1432 1520 1628 1572 dicitur
1656 1519 1963 1588 prophetia,
1994 1518 2137 1571 inter

565 1612 777 1668 excelsa
827 1620 883 1665 et
926 1611 1144 1664 domum
1199 1608 1311 1662 Dei.
1364 1607 1507 1661 Nihil
1538 1607 1682 1661 enim
1730 1607 1973 1673 humile,
2003 1608 2138 1662 nihil

564 1702 861 1772 deiectum,
904 1698 1037 1753 nihil
1068 1698 1173 1755 vile
1206 1712 1331 1767 erga
1365 1698 1662 1766 prophetiae
1692 1698 1876 1755 sedem
1909 1699 2138 1767 reperiri

2232 719 2355 760 eum
2392 704 2637 759 Debbora
2675 704 2724 735 ³⁸
2754 721 2766 754 :
2810 719 2829 752 ι
2859 700 2951 755 Ibo
2992 710 3189 756 tecum.
3224 698 3635 753 Verumtamen
3674 700 3911 759 scito,

2235 793 2359 857 quia
2386 806 2493 845 non
2526 790 2631 844 erit
2673 790 2942 858 primatus
2968 798 3093 843 tuus
3126 788 3180 843 in
3210 789 3293 841 via
3325 792 3427 843 hac
3460 804 3647 857 quam
3692 789 3907 841 ioce-

2236 882 2339 945 dis,
2363 882 2453 937 sed
2477 882 2529 935 in
2554 896 2714 934 manu
2739 879 2984 933 mulieris
3009 879 3185 932 tradet
3210 877 3468 932 Dominus
3496 876 3825 931 Sisaram.
3872 894 3899 923 ι

2239 969 2532 1023 Evidenter
2560 970 2800 1023 ostendit
2828 969 2955 1037 quia
3000 983 3105 1022 non
3141 968 3248 1021 erit
3288 968 3427 1035 apud
3462 967 3626 1019 illum
3662 982 3895 1034 popa-

2238 1058 2346 1114 lum
2377 1059 2667 1129 primatus,
2704 1072 2802 1111 nec
2832 1056 3170 1125 permanebit
3220 1056 3357 1124 apud
3402 1070 3531 1109 eum
3577 1056 3895 1110 victor-ia:

2240 1152 2439 1221 palma,
2485 1150 2577 1205 sed
2630 1150 2683 1203 in
2734 1165 2898 1203 manu
2929 1148 3207 1214 mulieris,
3257 1147 3342 1201 cui
3396 1163 3599 1202 nomen
3654 1145 3889 1207 ιδιά.

2244 1243 2494 1299 tradetur
2521 1242 2732 1297 Sisara.
2763 1240 3099 1296 Describitur
3129 1250 3309 1294 autem
3339 1241 3488 1308 quod
3520 1242 3883 1294 secundum

2243 1333 2720 1388 commonitionem
2759 1331 3044 1395 Debborae,
3095 1331 3147 1383 id
3183 1339 3267 1384 est
3296 1332 3627 1400 prophetiae,
3688 1332 3879 1385 inse-

2243 1434 2503 1495 queretur
2537 1423 2743 1477 Barach
2769 1422 3069 1492 principem
3092 1422 3503 1492 Allophylorum
3538 1422 3819 1475 εἰςιν-πω
3852 1440 3879 1476 :

2244 1526 2300 1572 et
2332 1518 2444 1585 ipse
2470 1516 2683 1584 quidem
2707 1529 2832 1568 eum
2862 1515 3328 1582 comprehendere
3356 1528 3462 1567 non
3499 1515 3710 1582 potuit,
3740 1515 3874 1569 sed

2247 1608 2489 1663 occurrit
2527 1608 2575 1662 ei
2622 1606 2849 1677 fugienti
2907 1606 3104 1660 mulier
3142 1606 3449 1673 alienigena
3478 1604 3645 1659 Jahel
3668 1647 3687 1669 ,
3720 1622 3867 1675 qua

2249 1699 2441 1754 mulier
2468 1699 2619 1769 prius
2666 1713 2787 1751 cum
2821 1710 2888 1751 eo
2916 1697 3282 1752 amicitiarum
3323 1696 3501 1752 {trdus
3539 1697 3849 1751 habuerat-

567 1800 740 1862 potest
772 1813 783 1844 ;
817 1790 959 1843 sicut
985 1796 1039 1841 et
1067 1786 1323 1840 Salomon
1357 1785 1708 1839 nihilominus
1738 1787 2018 1856 sapientiae
2047 1803 2135 1843 se-
2170 1786 2212 1844 Β
2241 1788 2321 1843 Ad
2359 1803 2520 1858 quam
2548 1787 2636 1840 ille
2660 1802 2787 1841 cum
2814 1786 3141 1841 declinasset
3170 1785 3372 1840 latendi
3395 1787 3610 1855 gratia,
3639 1802 3845 1855 aqua

566 1884 688 1937 dem
733 1880 1048 1935 describens
1074 1917 1089 1942 ,
1122 1876 1255 1932 dicit
1286 1876 1352 1932 de
1377 1891 1460 1940 ea,
1494 1878 1637 1945 quod
1668 1878 1751 1933 vel
1781 1879 1831 1935 in
1862 1882 2031 1948 portis
2063 1882 2140 1936 ci-

564 1974 792 2027 vitatum
828 1970 1074 2033 assistat,
1108 1968 1189 2021 vel
1226 1969 1277 2022 in
1308 1984 1588 2022 murorum
1613 1969 1883 2025 mmnibus
1914 1972 2140 2038 habitet,

566 2062 650 2118 vel
708 2062 760 2115 in
797 2060 918 2113 altis
970 2059 1210 2113 turribus
1260 2058 1431 2113 libere
1472 2068 1615 2127 agat.
1654 2059 1767 2115 Hoc
1809 2076 1939 2131 ergo
1986 2064 2143 2117 modo

567 2152 871 2224 prophetia,
915 2166 1033 2222 quae
1070 2166 1213 2202 nunc
1250 2150 1303 2203 in
1343 2148 1587 2203 Debbora
1624 2152 1972 2217 describitur,
2003 2154 2144 2207 inter

568 2244 784 2296 domum
819 2240 939 2306 Dei,
967 2249 1022 2294 et
1057 2239 1201 2294 inter
1232 2239 1448 2295 excelsa
1492 2240 1694 2294 dicitur
1723 2242 1993 2297 habitare.
2026 2243 2140 2297 Non

568 2334 710 2387 enim
742 2347 841 2386 nos
892 2331 1048 2384 docet
1088 2346 1207 2401 qua:
1237 2346 1402 2398 super
1434 2342 1631 2385 terram
1684 2342 1809 2387 sunt
1856 2349 2100 2404 qmerere
2124 2373 2140 2399 ,

567 2425 662 2479 sed
688 2438 807 2493 qua:
836 2423 887 2477 in
916 2421 1073 2475 cmlis
1105 2430 1231 2473 sunt
1255 2430 1309 2473 ct
1338 2420 1391 2475 in
1422 2422 1674 2486 excelsis,
1722 2442 1741 2475 ι
1772 2425 1859 2478 ubi
1897 2425 2144 2480 Christus

568 2524 653 2570 est
697 2513 749 2567 in
788 2512 977 2566 dextra
1007 2512 1101 2565 Dei
1132 2509 1326 2565 Sedens
1365 2512 1448 2567 ’δε
1482 2532 1501 2563 ι
1556 2514 1685 2568 illuc
1728 2530 1826 2569 nos
1864 2516 2143 2583 prophetia

578 2604 833 2657 hortatur
877 2601 1213 2664 ascendere,
1256 2600 1381 2656 illuc
1436 2601 1732 2672 discipulos
1777 2605 1993 2659 molitur
2043 2606 2144 2660 im-

571 2707 796 2765 ponere.

641 2787 697 2840 5.
742 2784 865 2839 llzec
913 2798 1041 2854 ergo
1076 2782 1253 2852 primo
1298 2783 1562 2848 omnium,
1600 2783 1775 2854 inquit
1800 2786 1870 2851 ",
1924 2804 1943 2837 ι
1974 2788 2141 2855 misit,

573 2891 627 2934 et
665 2876 881 2931 vocavit
924 2876 991 2930 ad
1039 2890 1098 2927 se
1148 2871 1377 2928 Barach.
1430 2892 1449 2928 ι
1500 2873 1709 2931 Baracb
1756 2877 2148 2949 interpretatur

573 2968 871 3024 coruscatio
908 2966 1042 3038 (66).
1076 2966 1396 3020 Coruscatio
1422 2980 1553 3020 vero
1578 2976 1661 3021 est
1688 2982 1808 3037 quae
1842 2969 2003 3026 habet
2030 2970 2147 3040 qui-

572 3061 694 3113 dem
753 3057 963 3121 lucem,
1022 3055 1114 3110 sed
1169 3070 1273 3109 non
1332 3064 1658 3110 manentem.
1725 3058 1805 3113 Ad
1876 3061 2143 3116 modicum

572 3147 737 3223 ‘69
793 3148 939 3202 enim
985 3146 1245 3215 temporis
1298 3145 1602 3214 resplendet
1662 3156 1718 3203 et
1772 3148 1993 3205 desinit.
2050 3124 2218 3208 llicc

571 3254 701 3307 ergo
745 3234 951 3291 Barach
989 3235 1118 3289 mihi
1170 3234 1382 3287 videtur
1430 3234 1659 3289 fortnam
1709 3251 1903 3306 gerere
1958 3241 2146 3309 populi

574 3328 796 3399 prioris,
829 3327 917 3397 qui
950 3325 1124 3395 primo
1158 3324 1399 3379 omnium
1434 3340 1529 3394 per
1559 3328 1897 3396 prophetiam
1924 3341 2150 3387 vocatus

577 3428 681 3481 est,
709 3426 764 3472 et
794 3418 1054 3471 invitatur
1087 3414 1151 3467 ad
1180 3414 1445 3468 audienda
1476 3416 1695 3484 eloquia
1727 3420 1842 3488 Dei,
1868 3430 1923 3476 et
1953 3423 2149 3477 divina:

578 3509 713 3578 legis
738 3522 959 3562 munera
994 3505 1281 3575 capienda,
1324 3507 1415 3577 qui
1456 3508 1663 3564 refulsit
1687 3512 1941 3579 quidem,
1983 3523 2038 3569 et
2083 3515 2149 3570 ad

580 3602 713 3671 legis
752 3599 1094 3669 splendorem
1134 3596 1201 3652 ad
1241 3600 1407 3655 breve
1442 3610 1653 3671 tempus
1689 3606 2021 3670 coruscavit,
2053 3607 2149 3661 sed

583 3705 688 3745 nou
742 3691 831 3743 diu
894 3688 1217 3759 permansit,
1279 3705 1377 3745 nec
1429 3694 1745 3748 continuum
1791 3693 1928 3748 lucis
1976 3697 2153 3764 potuit

582 3784 835 3838 obtinere
870 3782 1155 3854 fulgorem.
1200 3785 1336 3841 Cum
1377 3801 1506 3857 ergo
1537 3786 1763 3842 dixisset
1802 3787 2050 3844 Debbora
2081 3792 2151 3846 ad

583 3871 811 3939 Barach,
841 3872 890 3927 id
920 3882 1002 3928 est
1024 3873 1307 3942 prophetia
1340 3874 1404 3929 ad
1444 3876 1681 3945 priorem
1709 3874 1987 3944 p0pulum,
2024 3876 2149 3946 quia

588 3982 607 4016 ι
643 3964 737 4020 tibi
770 3966 1024 4035 praecepit
1056 3965 1312 4020 Dominus
1343 3967 1480 4022 Deus
1512 3966 1672 4022 Israel
1696 4006 1713 4033 ,
1743 3978 1795 4022 et
1827 3979 1879 4023 ιιι
1920 3971 2153 4024 ascende

584 4058 635 4111 in
674 4065 908 4111 montem
945 4055 1184 4121 Tnabor,
1241 4066 1296 4111 et
1351 4058 1538 4126 accipe
1591 4060 1779 4113 decem
1829 4059 1999 4114 millia
2038 4060 2150 4129 (67)

584 4148 825 4202 virorum
881 4148 952 4212 ⁸⁸,
984 4166 1002 4199 ι
1059 4157 1111 4200 et
1160 4148 1365 4216 reliqua
1416 4163 1535 4217 qua:
1590 4150 1795 4219 scripta
1823 4161 1987 4216 sunt,
2023 4152 2152 4220 quid

581 4238 927 4308 responderit
955 4237 1166 4291 Barach
1202 4252 1268 4291 ex
1297 4254 1531 4307 persona
1573 4240 1752 4309 populi
1806 4242 1873 4295 ad
1910 4245 2152 4312 prophe-

584 4331 714 4383 tiam
769 4329 1089 4384 videamus:
1124 4347 1143 4381 ι
1174 4327 1289 4384 Non
1318 4370 1333 4397 ,
1370 4330 1544 4400 inquit
1583 4331 1649 4395 ⁸⁷,
1709 4334 2021 4400 ascendam,
2046 4334 2151 4387 nisi

585 4431 637 4475 tu
663 4424 973 4479 ascenderis
996 4437 1229 4487 mecum,
1261 4425 1388 4493 quia
1420 4424 1603 4479 nescio
1641 4424 1782 4479 diettt
1810 4426 1860 4478 in
1888 4439 1991 4494 qua
2026 4425 2151 4478 mit-

586 4522 661 4567 tet
701 4514 960 4570 Dominus
1012 4516 1261 4586 angelum
1304 4532 1460 4571 suum
1511 4532 1782 4572 mecum.»
1830 4515 1991 4572 Vides
2024 4530 2153 4588 ergo

586 4605 858 4675 quomodo
906 4606 1014 4660 illis
1048 4607 1323 4677 prioribus
1367 4607 1650 4676 prophetia
1700 4606 1894 4662 detulit
1934 4606 2152 4675 eloquia

587 4696 704 4761 Dei,
734 4706 789 4752 et
832 4697 936 4752 illis
968 4698 1100 4753 dicit
1137 4697 1260 4751 data
1292 4711 1413 4751 esse
1442 4708 1704 4768 prmcepta
1752 4707 1809 4751 ut
1852 4698 2155 4752 ascendant

586 4790 639 4845 in
666 4799 939 4844 montem:
974 4771 1073 4845 sed
1096 4798 1358 4844 excusant
1395 4797 1450 4843 et
1476 4788 1679 4854 dicunt,
1701 4788 1817 4843 Non
1844 4792 2155 4854 ascendam,

592 4881 694 4936 nisi
716 4878 1030 4936 ascenderis
1066 4889 1120 4936 et
1171 4887 1226 4933 tu
1273 4893 1508 4933 mecum.
1572 4877 1637 4933 Et
1679 4879 1747 4933 de
1804 4880 2157 4935 excusatione

587 4972 805 5044 quidem
830 4986 1016 5027 verum
1058 4980 1161 5036 est,
1220 4971 1313 5025 sed
1362 4970 1429 5024 de
1483 4970 1907 5034 repromissione
1960 4969 2158 5025 falsum

588 5077 690 5120 est.
749 5066 903 5131 Ouod
936 5067 1082 5120 enim
1112 5078 1218 5119 non
1272 5064 1637 5118 ascenderunt
1677 5062 1729 5116 in
1777 5073 2011 5118 montem
2040 5063 2157 5127 Dei,

591 5169 777 5209 verum
816 5166 931 5221 est;
976 5156 1119 5226 quod
1169 5164 1349 5211 autem
1388 5154 1713 5225 pollicentur
1743 5170 1801 5209 se
1841 5170 2161 5212 ascensuros

665 5250 708 5280 "
729 5248 851 5303 Jud.
888 5265 960 5316 tv,
996 5250 1049 5303 5.

588 5318 637 5351 ’θ
666 5318 988 5385 Psal.xxxn,
1044 5318 1096 5373 9.
1174 5318 1218 5349 “
1283 5318 1467 5375 Matth.
1511 5336 1603 5384 vn,
1660 5318 1745 5375 li.

661 5415 773 5484 (85)
824 5414 990 5468 Roma
1037 5415 1699 5484 interpretalur_e.rcelsa:
1752 5415 1933 5469 Bethel
1974 5420 2160 5470 domus

590 5485 708 5537 Dei.
739 5482 907 5539 Rama
930 5486 1145 5538 excelsa
1177 5482 1206 5537 a
1228 5494 1386 5545 nm;
1420 5482 1604 5538 Betltel
1642 5495 1819 5538 autent
1846 5488 2039 5540 domus
2065 5487 2157 5540 Dei

592 5592 621 5627 ει
642 5584 744 5635 n7:
764 5578 905 5644 quod
937 5588 1039 5644 est,
1074 5596 1091 5627 ε
1123 5579 1332 5643 domus,
1362 5596 1379 5629 ι
1409 5587 1462 5631 et
1484 5560 1557 5636 δι’(
1583 5595 1600 5628 ι
1635 5580 1789 5633 Deus.
1822 5598 1838 5630 ι

595 5644 1015 5768 ωὲίὲισὶὶὲαναειι
1054 5650 1427 5721 interpretatur
1465 5650 1776 5704 coruscatio.
1809 5650 1849 5703 Α
1870 5659 1988 5729 p't:
2015 5649 2159 5716 quod

681 5732 698 5768 ι
853 5753 866 5766 .

681 5732 734 5769 tn
766 5732 866 5768 εει.

2245 1879 2492 1949 poposcit
2548 1884 2607 1931 ut
2652 1876 2885 1943 biberet,
2920 1877 3016 1930 sed
3045 1877 3113 1930 ab
3146 1874 3235 1929 illa
3287 1876 3431 1930 lacte
3465 1886 3715 1944 potatus
3740 1888 3839 1929 cst.

2244 1972 2311 2025 Et
2363 1985 2486 2025 cum
2533 1983 2655 2024 eum
2706 1968 2761 2021 in
2817 1967 3038 2022 latebris
3084 1966 3427 2031 collocasset,
3480 1982 3555 2021 ac
3609 1968 3835 2035 pellibus

2244 2059 2654 2129 adoperuisset,
2692 2066 2815 2125 post
2859 2057 2975 2111 hzec
3003 2055 3183 2125 palum
3221 2056 3415 2111 malleo
3446 2056 3723 2110 adactum
3748 2072 3823 2121 per

2246 2146 2361 2216 eius
2395 2146 2563 2201 malas
2601 2146 2682 2200 vel
2732 2146 2981 2200 maxillas
3006 2146 3212 2199 deﬁxit.
3265 2145 3331 2200 Et
3363 2155 3492 2202 tunc
3534 2162 3818 2201 occurres

2247 2238 2533 2293 insectanti
2593 2235 2798 2291 Barach
2853 2246 3126 2293 mortuum
3188 2236 3301 2305 jam
3366 2248 3421 2293 et
3487 2250 3827 2307 prostratam

2249 2329 2490 2385 ostendit
2521 2328 2783 2383 Sisaram.

2316 2422 2371 2479 5.
2412 2420 2551 2487 Quid
2582 2436 2712 2490 ergo
2742 2421 2896 2475 nobis
2936 2423 3265 2477 sacramenti
3298 2422 3478 2477 omnis
3517 2422 3633 2476 iste
3659 2424 3833 2477 histo-

2247 2514 2341 2569 riae
2390 2523 2572 2567 textus
2614 2511 2889 2567 ostendit?
2930 2509 3085 2565 Jahel
3146 2511 3340 2566 mulier
3386 2511 3725 2582 alienigena,
3776 2512 3838 2564 de

2246 2620 2352 2674 qua
2388 2604 2668 2673 prophetia
2700 2603 2839 2657 dixit
2860 2602 2999 2671 quod
3028 2603 3079 2655 in
3102 2617 3263 2656 manu
3288 2602 3534 2658 mulieris
3558 2602 3663 2657 fiet
3685 2604 3839 2657 victo-

2249 2698 2352 2763 ria,
2382 2696 2609 2765 liguram
2640 2702 2787 2749 tenet
2808 2693 3082 2758 Ecclesiae,
3106 2707 3229 2761 qua:
3252 2708 3315 2747 ex
3342 2692 3543 2747 alienis
3574 2694 3833 2761 gentibus

2247 2797 2575 2858 congregata
2626 2796 2731 2841 est.
2768 2785 3163 2855 Interpretatur
3210 2795 3390 2842 autem
3438 2784 3597 2843 Jahel
3648 2802 3833 2842 ascen-

2246 2880 2325 2934 sio
2374 2878 2530 2951 (68):
2564 2879 2688 2948 quia
2731 2892 2923 2932 revera
2976 2892 3081 2931 non
3125 2886 3204 2933 est
3248 2877 3355 2933 alia
3403 2877 3665 2933 ascensio
3718 2892 3821 2947 qua

2248 2972 2573 3026 ascendatur
2599 2970 2664 3025 ad
2689 2971 2909 3035 cmlum,
2942 2970 3043 3023 nisi
3087 2984 3183 3039 per
3214 2968 3520 3024 Ecclesium
3552 2969 3829 3024 multiior-

2252 3061 2355 3116 tuis
2386 3061 2671 3131 sapientiae
2703 3059 2820 3115 Dei.
2856 3060 2972 3130 Ipsa
3017 3069 3099 3115 est
3131 3074 3285 3128 ergo,
3316 3075 3439 3128 quae
3474 3060 3592 3112 dum
3621 3074 3655 3113 a
3697 3076 3830 3113 ror-

2256 3152 2534 3222 poralibus
2587 3153 2652 3206 ad
2703 3151 3013 3221 spiritalia,
3061 3160 3112 3207 et
3150 3166 3178 3208 a
3209 3152 3445 3207 terrenis
3474 3148 3701 3205 ascendit
3748 3149 3823 3201 ad

2258 3244 2529 3309 cmlestia,
2560 3243 2835 3297 interiecit
2876 3243 3117 3298 Sisaram
3146 3282 3161 3307 ,
3200 3243 3267 3297 de
3299 3256 3407 3311 quo
3448 3240 3556 3308 iam
3580 3240 3819 3309 superius

2257 3334 2512 3396 diximus,
2540 3334 2681 3402 quod
2707 3332 3005 3387 carnalium
3032 3332 3311 3397 vitiorum,
3346 3341 3403 3385 et
3424 3329 3683 3385 animalis
3701 3370 3719 3393 ,
3743 3328 3829 3384 vel

2256 3426 2436 3481 ειυιὶἀί
2496 3424 2607 3496 (69)
2648 3424 2884 3480 hominis
2946 3434 3093 3480 tenet
3145 3424 3370 3493 ﬁguram
3400 3464 3416 3488 ,
3470 3426 3599 3494 quia
3646 3424 3833 3478 Sisara

2258 3516 2387 3570 visio
2432 3515 2549 3583 equi
2600 3515 3017 3583 interpretatur.
3054 3515 3127 3569 De
3160 3528 3269 3583 quo
3297 3512 3580 3581 Scriptura
3603 3514 3745 3568 dicit
3770 3514 3834 3564 "z

2264 3624 2281 3656 ι
2312 3604 2487 3658 Nolite
2510 3605 2623 3657 lieri
2658 3604 2803 3657 sicut
2836 3618 3011 3673 equus
3048 3613 3103 3658 et
3138 3604 3314 3656 mulus
3340 3641 3354 3666 ,
3390 3605 3591 3673 quibus
3620 3618 3735 3656 non
3761 3612 3839 3656 est

2260 3697 2583 3752 intellectus.
2616 3716 2633 3748 ι
2670 3694 2799 3749 Palo
2828 3710 2959 3765 ergo
2992 3710 3113 3749 eum
3149 3694 3457 3757 interfecit,
3504 3694 3556 3749 id
3589 3704 3675 3748 est
3707 3696 3836 3762 ligni

2258 3788 2439 3841 crucis
2463 3786 2733 3853 acumine,
2772 3796 2826 3839 et
2852 3786 3053 3839 virtute
3080 3800 3205 3838 eum
3252 3785 3577 3854 prosternit.
3626 3782 3690 3835 Et
3732 3799 3835 3837 non

2258 3878 2377 3933 sine
2434 3893 2598 3932 causa
2661 3876 2934 3930 maxillam
2992 3875 3109 3945 ejus
3172 3875 3296 3942 palo
3361 3874 3840 3928 transverberasse

2260 3969 2612 4024 describitur.
2664 3966 2796 4021 Illud
2827 3968 2974 4022 enim
3025 3982 3132 4032 os,
3183 3967 3329 4037 quod
3390 3967 3457 4020 de
3518 3967 3839 4021 carnalibus

2260 4058 2599 4126 loquebatur,
2658 4067 2712 4110 et
2770 4058 2859 4112 illa
2905 4058 3146 4111 doctrina
3200 4071 3321 4126 quze
3364 4055 3547 4111 carnis
3606 4056 3836 4125 gloriam

2260 4148 2601 4219 praeferebat,
2630 4147 2755 4217 quia
2794 4148 2846 4200 in
2891 4147 3101 4202 deliciis
3151 4159 3203 4202 et
3245 4146 3523 4216 voluptate
3547 4147 3836 4200 vivendum

2260 4238 2593 4307 sapientibus
2623 4237 2804 4292 saeculi
2837 4240 3229 4307 persuadebat,
3253 4249 3309 4292 et
3342 4238 3641 4292 huutanum
3665 4254 3837 4308 genus

2262 4329 2490 4384 luxuria:
2542 4329 2851 4385 adulatione
2886 4331 3220 4400 deceperat:
3257 4328 3383 4382 illud
3406 4368 3424 4395 ,
3472 4331 3690 4398 inquam
3723 4366 3740 4391 ,
3774 4344 3834 4381 os

2262 4420 2409 4490 ligno
2460 4421 2643 4475 crucis
2681 4420 2989 4475 confoditur
3036 4429 3089 4475 et
3133 4420 3464 4483 terebratur,
3511 4421 3638 4486 quia
3692 4420 3832 4473 illam

2264 4514 2427 4577 viam,
2456 4529 2616 4583 quam
2658 4512 2999 4583 philosophia
3022 4515 3187 4566 lataut
3217 4523 3272 4566 et
3299 4514 3595 4583 spatiosant
3632 4512 3829 4581 praedi-

2260 4616 2479 4660 caverat
2503 4606 2819 4674 voluptatis,
2871 4605 3012 4658 hanc
3063 4606 3317 4661 Christus
3360 4614 3566 4658 arctam
3619 4613 3677 4657 et
3734 4619 3831 4654 an-

2260 4708 2472 4768 gustam
2531 4697 2691 4750 nobis
2744 4697 2885 4748 viam
2946 4695 3134 4750 salutis
3185 4698 3425 4750 ostendit
3462 4696 3531 4750 “.
3564 4695 3658 4750 Sic
3708 4710 3834 4764 ergo

2260 4788 2434 4849 Jaltel,
2474 4789 2524 4842 id
2556 4798 2637 4843 est
2679 4789 2950 4852 Ecclesia,
2984 4789 3239 4843 vitiorum
3267 4790 3565 4860 principem
3592 4788 3834 4842 SiSaram

2262 4884 2535 4937 obtectum
2569 4882 2835 4949 pellibus,
2868 4883 2917 4935 id
2978 4892 3061 4937 est
3117 4884 3481 4937 membrorum
3543 4880 3836 4933 mortilieao

2264 4976 2411 5028 tione
2444 4974 2699 5043 scpitum,
2722 4984 2928 5027 aeterno
2954 4973 3117 5026 tradit
3136 4988 3347 5025 somno.
3378 4972 3627 5026 Occurrit
3654 4980 3833 5023 tamen

2264 5062 2436 5126 Jahel,
2484 5064 2536 5117 id
2573 5073 2656 5117 est
2706 5064 2969 5128 Ecclesia,
3004 5072 3123 5133 post
3160 5064 3262 5117 hoc
3309 5073 3364 5116 et
3416 5063 3583 5133 priori
3638 5060 3836 5129 pepnlo

2267 5155 2554 5209 insectanti
2634 5155 2896 5208 Sisaram.
2981 5154 3357 5209 insectabatur
3440 5155 3587 5208 enim
3669 5152 3833 5205 Israel

1142 5249 1187 5319 'i
1210 5248 1354 5319 Psal.
1381 5264 1509 5314 son,
1532 5248 1617 5303 12.
1696 5250 1741 5280 ⁸³
1768 5248 1975 5305 Coloss.
2002 5266 2084 5316 tn,
2106 5250 2146 5315 ί,

2260 5318 2263 5319 ν
2309 5250 2354 5281 ⁸⁸
2380 5248 2501 5305 Jud.
2534 5265 2608 5315 tv,
2635 5248 2689 5302 5.
2766 5249 2812 5280 "
2834 5248 2954 5303 Jud.
2982 5265 3053 5315 tv,
3081 5250 3133 5303 6.
3210 5250 3252 5281 ⁸⁷
3276 5249 3400 5303 ibid.
3423 5251 3475 5305 8.
3554 5249 3599 5279 ³³
3626 5249 3753 5304 ibid.
3779 5248 3835 5303 9.

2339 5415 2451 5485 (67)
2495 5414 2626 5471 Mss.
2677 5414 2906 5468 «decem
2960 5413 3143 5470 millia.
3173 5432 3193 5466 ι
3238 5412 3394 5468 Libh.
3459 5411 3610 5475 editi,
3658 5426 3679 5462 ι
3708 5410 3840 5465 (ιιιο-

2268 5484 2443 5539 decim
2473 5486 2655 5539 millia.
2688 5503 2706 5535 ι

2342 5534 2872 5676 (θῆζξιιὲῖρηωιυ
2894 5563 3068 5608 autem
3105 5552 3265 5606 laltel
3311 5553 3565 5607 ascensio.
3613 5551 3694 5603 Ab
3730 5534 3841 5612 ὡς

2342 5639 2485 5676 tscett
2530 5636 2586 5676 tt.
2614 5642 2632 5673 ι
3554 5662 3559 5665 ,

2276 5644 2295 5677 1
2326 5636 2586 5677 ascettdtt.
2614 5642 2632 5673 ι

2615 5662 2825 5748 stolidi.
2877 5692 3024 5748 Ultus
3062 5695 3231 5748 codex
3276 5709 3374 5747 tus.
3429 5711 3446 5743 ι
3477 5662 3559 5743 vri
3587 5689 3777 5744 clinici.
3811 5706 3828 5739 ι

3736 304 3937 364 972
