4058 6244
333 356 452 415 973

1414 350 1480 407 IN
1515 352 1775 408 LIBRUM
1805 350 2113 408 JUDICUM
2152 350 2439 406 HOMILIA
2473 352 2557 407 VI.

3495 359 3605 413 974

336 476 522 547 legem
545 475 790 546 jnstitiae.
818 473 912 529 sed
938 473 991 529 in
1026 473 1200 542 legem
1230 485 1340 525 non
1371 471 1641 540 pervenit.
1678 469 1932 526 Occurrit
1961 475 2004 531 Α
2034 480 2088 524 ει
2144 479 2341 525 caetera
2392 482 2515 539 qua:
2568 476 2789 525 sanctus
2840 469 3129 539 Apostolus
3186 485 3475 529 enumerat
3536 478 3612 537 εδ,

337 581 479 636 ergo
511 566 752 621 Ecclesia
788 567 953 621 etiam
986 566 1120 636 ipsi,
1150 574 1204 620 et
1230 565 1469 620 ostendit
1497 564 1546 618 ei
1574 578 1711 631 opus
1742 578 1921 627 suum,

340 661 593 719 ostendit
629 660 916 713 victoriam
948 668 1380 712 consummatam
1403 696 1420 722 ,
1476 668 1639 726 atque
1671 658 1721 711 in
1760 657 1927 712 socie-

345 759 523 807 tatem
590 766 713 805 eum
768 749 1023 819 prostrati
1087 749 1261 805 hostis
1328 748 1541 802 invitat.
1602 746 1796 801 Verum
1843 758 1926 803 est

342 845 496 901 enim
526 842 677 906 illud,
723 842 871 911 quod
906 840 1199 909 Apostolus
1246 840 1300 894 in
1351 839 1649 894 novissimo
1682 849 1926 906 tempore

342 935 482 989 dicit
510 934 781 997 futurum,
812 932 940 1001 quia
972 947 1094 986 cum
1133 932 1414 999 plenitudo
1463 930 1702 999 gentium
1734 930 1923 983 subin-

345 1026 586 1088 troierit,
621 1033 748 1080 tunc
776 1024 956 1079 omnis
1003 1022 1168 1078 Israel
1216 1023 1399 1076 salvus
1439 1022 1530 1077 liet
1558 1022 1623 1073 ⁵³.
1678 1021 1763 1075 Fit
1794 1037 1926 1088 ergo

344 1119 570 1186 quidem
605 1116 938 1188 primatusin
964 1130 1125 1168 manu
1162 1114 1403 1169 mulieris
1433 1113 1773 1181 alienigena},
1819 1128 1923 1165 non

349 1218 539 1262 tamen
570 1205 876 1261 excluditur
905 1221 934 1257 a
963 1203 1242 1259 consortio
1269 1202 1453 1271 gloria:
1482 1201 1647 1255 etiam
1678 1198 1885 1253 Barach
1910 1236 1925 1261 ,

348 1301 445 1367 qui
476 1299 625 1368 prior
650 1298 867 1367 quidem
901 1304 1163 1366 cmperat,
1194 1295 1288 1349 sed
1319 1295 1649 1348 novissimus
1676 1291 1929 1360 pervenit

350 1391 422 1443 ad
451 1391 635 1444 finem.
693 1389 805 1443 Imo
836 1389 961 1443 dum
992 1387 1080 1442 ille
1114 1385 1386 1457 pervenit,
1436 1384 1592 1440 Jahel
1624 1383 1927 1451 alienigena

347 1492 768 1553 praetereuntem
794 1478 1194 1550 quodammodo
1226 1477 1507 1531 victoriam
1535 1475 1696 1544 rapit.
1726 1473 1927 1527 Eadem

350 1571 529 1629 forma
562 1571 839 1640 praecessit
870 1572 1037 1624 etiam
1083 1569 1136 1622 in
1179 1567 1321 1622 Esau
1365 1576 1421 1623 et
1451 1566 1620 1623 Jacob
1647 1564 1926 1621 fratribus.

358 1666 497 1720 Dum
530 1663 676 1717 enim
706 1661 848 1715 Esau
875 1668 1114 1714 sectatur
1137 1658 1396 1728 agrestia,
1439 1658 1565 1711 dum
1595 1665 1841 1712 moratur
1876 1655 1929 1709 in

362 1753 622 1817 saltibus,
652 1752 988 1820 praeveniens
1012 1750 1198 1816 Jacob,
1229 1759 1283 1807 et
1306 1750 1547 1805 mulieris
1573 1746 1843 1811 consiliis,
1874 1743 1927 1798 id

353 1856 444 1901 est
481 1844 696 1907 matris,
742 1844 1071 1912 compositos
1105 1844 1245 1913 patri
1276 1841 1511 1899 offerens
1542 1842 1719 1905 cibos,
1751 1842 1926 1896 bene-

356 1932 621 1991 dictionis
642 1932 910 2001 primatus
940 1932 1172 2002 accepit.
1196 1931 1289 1987 Sic
1319 1943 1374 1988 et
1400 1933 1452 1987 in
1483 1931 1779 2002 Evangelio
1803 1949 1928 2003 per-

358 2035 521 2094 gente
563 2025 789 2080 Domino
816 2026 883 2078 ad
933 2024 1100 2079 ﬁliam
1134 2024 1401 2093 principis
1434 2038 1727 2095 synagoga:
1753 2027 1930 2083 susci-

363 2118 620 2180 tandam,
670 2116 1008 2186 praeveniens
1055 2114 1249 2168 mulier
1298 2129 1419 2184 quae
1462 2113 1605 2170 ﬂuxu
1650 2117 1930 2185 sanguinis

361 2208 664 2273 laborabat,
715 2206 856 2262 fideli
911 2215 1052 2260 tactu
1108 2206 1258 2274 prior
1314 2208 1666 2275 consequitur
1721 2208 1933 2264 sanita-

360 2306 493 2351 tem.

432 2388 484 2442 6.
526 2388 679 2453 Quod
712 2388 756 2442 si
790 2388 958 2442 etiam
990 2387 1116 2442 inde
1142 2386 1523 2456 requirendum
1547 2387 1750 2456 aliquid
1784 2389 1936 2443 vide-

361 2486 506 2532 tura
535 2479 885 2548 diligentibus
913 2478 1274 2542 auditoribus,
1308 2479 1454 2547 quod
1508 2479 1644 2534 lacte
1675 2494 1797 2535 eum
1837 2495 1933 2550 po.

362 2578 509 2624 tasse
537 2571 763 2637 dicitur,
799 2586 920 2624 eum
954 2569 1044 2623 ille
1094 2584 1288 2638 aquam
1325 2571 1689 2638 poposcisset,
1743 2572 1931 2627 videa-

363 2676 484 2716 mus
524 2678 590 2715 ne
641 2661 780 2716 forte
831 2662 1129 2716 secundum
1170 2662 1427 2730 mysticas
1480 2660 1561 2716 vel
1614 2661 1933 2731 allegoricas

364 2753 496 2822 legis
543 2752 1059 2821 interpretationes,
1115 2751 1220 2807 tale
1249 2751 1454 2820 aliquid
1517 2752 1681 2807 etiam
1724 2755 1790 2806 de
1833 2752 1933 2809 hoc

364 2847 533 2915 possit
561 2845 795 2901 ostendi.
825 2843 1007 2899 Laetis
1040 2844 1192 2900 cibus
1216 2858 1339 2898 esse
1371 2842 1573 2898 dicitur
1608 2843 1661 2899 in
1695 2843 1936 2911 Scriptu-

365 2938 443 2992 ris
469 2937 672 2992 sanctis
709 2936 777 3001 θ’,
813 2936 984 3006 prima
1027 2935 1142 2989 haec
1195 2933 1420 2989 moralis
1454 2933 1763 2998 institutio,
1811 2948 1934 3003 qua:

366 3028 751 3098 incipientibus
807 3026 955 3085 velut
998 3024 1242 3095 parvulis
1324 3025 1581 3079 traditur.
1628 3024 1746 3080 Non
1787 3025 1930 3080 enim

367 3126 420 3178 in
451 3122 623 3176 initiis
643 3121 827 3176 statim
863 3118 1149 3188 discipulis
1183 3117 1249 3172 de
1279 3118 1559 3187 profundis
1593 3126 1645 3172 et
1674 3119 1933 3173 secretio-
1961 3144 2004 3202 α

367 3216 517 3270 ribus
540 3213 861 3269 tradendum
903 3221 987 3267 est
1020 3210 1401 3275 sacramentis,
1444 3211 1537 3266 sed
1572 3227 1784 3265 morum
1813 3227 1938 3267 cor-

369 3306 574 3372 reptio,
605 3303 915 3359 emendatio
959 3301 1279 3372 disciplinae,
1317 3302 1585 3372 religiosae
1637 3317 1938 3358 conversa-

369 3394 551 3463 tionis,
574 3404 629 3450 et
656 3393 916 3461 simplicis
944 3393 1063 3447 lldei
1101 3394 1279 3462 prima
1304 3394 1385 3449 eis
1411 3395 1681 3449 elementa
1712 3394 1939 3449 tradun.

373 3496 477 3541 tur.
520 3486 663 3542 Istud
696 3496 779 3540 est
806 3485 1062 3541 Ecclesiae
1093 3486 1197 3549 Iac,
1232 3485 1347 3541 hate
1392 3485 1781 3555 incipientibus
1818 3502 1942 3556 par-

371 3580 609 3633 vulorum
642 3578 811 3648 prima
835 3587 963 3633 sunt
997 3577 1291 3633 elementa.
1352 3576 1460 3632 Sed
1514 3578 1618 3632 iste
1674 3577 1829 3633 cibus
1872 3579 1938 3633 iis

368 3669 532 3743 570
551 3670 768 3741 quidem
807 3668 895 3737 qui
924 3669 993 3723 ad
1022 3670 1222 3723 bonum
1249 3668 1570 3737 proficiendi
1600 3670 1940 3739 psopositum

371 3774 586 3832 gerunt,
615 3760 778 3814 vitam
835 3759 1023 3814 tribuit
1061 3766 1116 3813 et.
1161 3759 1391 3813 salutem
1426 3776 1440 3811 :
1472 3758 1539 3814 iis
1570 3775 1699 3814 vero
1747 3762 1943 3828 quibus

370 3851 643 3908 contraria
692 3850 926 3919 placent,
961 3849 1157 3918 quibus
1194 3850 1432 3913 luxuria,
1456 3849 1645 3916 libido,
1688 3852 1941 3916 avaritia,

371 3956 425 3998 et
474 3944 653 3998 omnis
705 3942 955 4011 impietas
1006 3940 1159 3997 cordi
1204 3951 1310 4003 est,
1342 3938 1647 4008 huiusmodi
1698 3941 1942 3997 doctrina

376 4050 560 4089 necem
585 4043 637 4088 et
668 4032 950 4087 interitum
987 4039 1229 4099 praestat.
1260 4030 1353 4084 Sic
1373 4046 1505 4101 ergo
1547 4032 1627 4096 fit,
1656 4042 1713 4085 ut
1741 4046 1804 4085 es
1836 4032 1939 4099 his,

371 4135 533 4195 atque
561 4124 747 4179 iisdem
777 4122 916 4178 cibis
940 4121 1136 4190 quibus
1164 4119 1384 4174 aluntur
1425 4121 1574 4185 boui,
1608 4120 1944 4175 sull‘ocentur

373 4218 535 4286 mali;
581 4226 633 4271 et
689 4217 742 4270 in
779 4231 886 4285 quo
915 4215 1019 4284 piis
1056 4213 1165 4267 vita
1211 4221 1317 4278 est,
1350 4213 1423 4267 ibi
1452 4214 1525 4267 sit
1556 4214 1737 4283 impiis
1768 4230 1938 4270 mors.

374 4309 614 4378 Denique
646 4317 706 4361 ut
726 4305 971 4374 exemplo
1007 4319 1095 4359 res
1123 4319 1285 4372 quam
1315 4304 1545 4360 dicimus
1578 4306 1794 4374 planior
1826 4306 1940 4373 flat,

380 4418 400 4453 ι
428 4401 657 4454 vinum)
719 4413 883 4453 sanos
937 4407 992 4452 et
1043 4398 1326 4452 commode
1365 4396 1623 4465 degentes
1664 4397 1851 4466 juvat,
1887 4408 1943 4453 et

377 4492 516 4545 sicut
571 4489 853 4558 Scriptura
884 4488 1016 4543 dicit
1042 4488 1110 4551 ⁸³,
1162 4506 1181 4539 ι
1209 4503 1307 4542 cor
1350 4464 1582 4543 hominis
1608 4508 1630 4544 ι
1667 4464 1945 4544 duntaxat
1975 4464 2022 4524 D

384 4582 697 4646 thetillcat,
728 4598 747 4632 ι
800 4579 1233 4634 febricitantibus
1290 4594 1441 4642 vero,
1474 4581 1520 4635 si
1570 4580 1940 4650 sumpserint,

378 4673 668 4743 perniciem
720 4670 975 4726 continuo
1023 4681 1079 4726 et
1113 4671 1391 4727 interitum
1451 4673 1610 4741 parit.
1667 4673 1745 4727 Ita
1772 4674 1832 4728 fit
1883 4686 1941 4728 ut

378 4763 563 4815 eadem
596 4774 682 4815 res
712 4762 899 4816 eodem
928 4761 1083 4816 modo
1118 4772 1355 4830 sumpta,
1385 4763 1476 4816 uni
1512 4762 1726 4831 quidem
1753 4764 1941 4829 vitam,

378 4853 467 4909 alii
502 4864 682 4907 autem
707 4852 956 4910 conferat
984 4866 1229 4912 mortent.
1257 4857 1349 4909 Sic
1377 4868 1505 4923 ergo
1531 4852 1941 4922 intelligendum

377 4954 456 5001 est
489 4955 547 4999 et
568 4944 807 5001 Sisaram
841 4947 1000 5002 istum
1032 4949 1320 5002 animalem
1352 4946 1663 5010 hominem,
1697 4954 1752 4999 et
1784 4945 1941 4998 vitio-

382 5053 495 5092 rum
525 5039 841 5108 principem,
868 5054 964 5110 per
985 5040 1286 5093 doctrinam
1310 5036 1591 5100 Ecclesiaa,
1627 5052 1791 5107 quam
1828 5051 1937 5089 non

377 5144 443 5183 ex
488 5130 591 5185 fide
629 5132 904 5199 suscepit,
947 5133 1294 5185 exstinctum.
1351 5128 1456 5182 Sed
1506 5135 1560 5181 et
1610 5141 1946 5195 tutaqureque

379 5223 557 5275 anima
598 5223 730 5276 satis
758 5232 880 5292 agat
911 5221 1048 5276 lacte
1078 5220 1393 5297 evangelico
1440 5226 1602 5287 atque
1645 5219 1943 5286 apostolico

379 5311 559 5380 sopire
583 5312 636 5365 in
654 5312 945 5381 semetipso
962 5321 1019 5367 et
1042 5313 1394 5379 exstinguere
1425 5310 1691 5364 Sisaram.
1717 5310 1775 5363 Si
1801 5312 1943 5364 enim

382 5416 474 5471 per
507 5403 624 5457 hzec
650 5402 876 5457 edoctus
925 5405 1049 5473 quis
1101 5402 1518 5457 mortificaverit
1568 5403 1811 5456 membra
1852 5419 1947 5457 sua

380 5510 498 5563 qua:
528 5504 653 5549 sunt
693 5511 858 5563 super
901 5504 1122 5555 terram,
1166 5496 1472 5558 avaritiam,
1510 5492 1947 5558 fornicationem,

450 5585 490 5618 ”
524 5585 685 5639 Rom.
713 5602 793 5651 χι,
822 5587 913 5641 26.
1007 5588 1051 5619 "
1082 5586 1250 5642 ICor.
1281 5602 1366 5651 ιιι,
1389 5587 1446 5640 2.

384 5654 426 5688 ”
455 5654 577 5709 Jtttl.
604 5672 655 5717 v.
690 5657 747 5709 2.

1541 5586 1585 5617 ⁵³
1610 5585 1752 5644 Psal.
1788 5603 1893 5653 Ctv,
1938 5588 2022 5641 15.

2029 559 2271 616 Sisaram
2296 561 2349 616 lu
2382 558 2674 630 semetipso
2705 561 2977 615 videbitur
3007 565 3305 631 peremisse
3331 604 3346 629 ,
3393 577 3452 621 ut
3493 568 3609 622 haec

2027 668 2131 706 non
2166 652 2335 706 solum
2368 652 2420 705 in
2451 667 2681 722 persona
2712 652 2967 708 Ecclesia:
2990 658 3377 719 consummari,
3409 673 3601 713 verum

2026 739 2189 793 etiam
2222 741 2597 809 unusquisque
2634 742 2684 795 in
2722 757 2818 795 sua
2847 741 3029 796 anima
3061 746 3314 799 ostendat
3341 745 3555 815 impleri
3588 760 3607 803 :

2026 831 2194 901 quia,
2240 832 2381 885 sicut
2417 832 2671 897 diximus,
2740 842 2951 901 emptus
2999 844 3085 889 est
3140 835 3359 904 quidem
3414 838 3613 895 Sisara

2029 922 2284 978 insectari
2310 940 2339 976 a
2372 924 2569 993 populo
2598 924 2790 993 priori,
2820 925 3181 997 interemptus
3211 939 3393 984 autem
3427 946 3455 985 a
3485 948 3609 986 mu-

2028 1010 2160 1066 liere
2182 1027 2244 1068 ac
2277 1013 2519 1068 Ecclesia
2558 1013 2836 1082 gentium,
2872 1022 2926 1068 et
2958 1016 3010 1068 in
3037 1032 3196 1071 manu
3227 1019 3342 1089 ejus
3364 1020 3489 1075 data
3524 1029 3612 1077 est

2034 1104 2209 1172 palma
2251 1106 2515 1161 vietoriae.
2544 1106 2599 1160 In
2630 1109 3101 1164 consummatione
3129 1114 3397 1177 omnium,
3425 1114 3477 1168 id
3524 1124 3611 1169 est

2032 1194 2212 1248 influe
2240 1196 2441 1260 sreculi,
2475 1197 2636 1250 etiam
2682 1198 2955 1252 canticum
3003 1200 3231 1255 Domino
3284 1205 3603 1260 cantabitur

2032 1299 2125 1352 per
2177 1286 2497 1353 Debboram,
2547 1287 2600 1343 in
2643 1303 2752 1358 quo
2794 1289 3060 1359 primatus
3115 1293 3330 1361 quidem
3386 1296 3606 1350 dabitur

2028 1374 2181 1431 Jahel
2219 1377 2475 1433 Ecclesiae
2513 1382 2753 1449 gentium
2789 1394 2804 1432 :
2840 1395 2940 1436 nec
2975 1392 3150 1438 tamen
3193 1384 3457 1440 Debborae
3485 1387 3607 1444 laus

2031 1469 2280 1524 silebitur
2309 1486 2322 1521 :
2361 1472 2453 1526 sed
2485 1483 2538 1527 et
2564 1472 2753 1541 primis
2775 1482 2829 1527 et
2860 1475 3169 1530 novissimis
3196 1477 3440 1533 victoriae
3465 1495 3608 1550 prte-

2036 1561 2201 1615 miutn
2253 1560 2489 1628 dabitur,
2558 1577 2656 1633 per
2721 1563 2906 1620 Jesum
2972 1567 3248 1622 Christum
3316 1571 3602 1627 Dominum

2035 1660 2306 1717 nostrum,
2349 1653 2437 1708 cui
2490 1661 2574 1709 est
2612 1654 2787 1726 gloria
2840 1666 2896 1712 et
2947 1657 3235 1728 imperium
3290 1662 3344 1715 in
3406 1663 3604 1718 saecula

2034 1741 2378 1797 saeculorum.
2418 1742 2616 1799 Amen.

2615 1835 2899 1893 HOMILIA
2938 1840 3024 1895 Vl.

2280 1924 2359 1980 De
2398 1928 2602 1981 cantico
2642 1930 2780 1997 quod
2820 1934 3049 1986 cantavit
3089 1933 3348 1990 Debbom.

2106 2014 2152 2069 I.
2200 2015 2386 2069 Sisara
2431 2032 2553 2071 cum
2586 2019 2833 2073 exercitu
2880 2036 2978 2076 suo
3026 2032 3081 2077 et
3114 2027 3367 2083 curribus
3412 2028 3608 2085 ferreis

2033 2106 2227 2173 quibus
2255 2107 2533 2176 impugnat
2560 2109 2814 2178 populum
2854 2111 2969 2178 Dei,
3001 2127 3291 2182 superatus
3322 2128 3430 2184 est,
3467 2122 3608 2189 quod

2034 2196 2105 2251 ita
2148 2196 2387 2255 futurum
2436 2201 2717 2270 prophetia
2776 2204 3089 2271 prrececinit
3136 2221 3234 2276 per
3276 2209 3604 2266 Debboram.

2036 2285 2100 2340 Et
2122 2297 2471 2360 posteaquam
2503 2291 2557 2345 in
2586 2307 2747 2347 manu
2774 2295 3016 2351 mulieris
3048 2296 3189 2353 facta
3238 2302 3464 2357 victoria
3503 2314 3607 2372 est,

2034 2377 2303 2435 canticum
2336 2380 2475 2435 istud
2504 2382 2747 2437 Debbora
2772 2421 2788 2445 ,
2824 2385 2970 2439 velut
3004 2388 3247 2446 victoria)
3279 2392 3449 2462 ipsius
3485 2394 3608 2450 lau-

2036 2468 2180 2536 dem,
2209 2472 2475 2533 cecinisse
2511 2476 2900 2542 praescribitur.
2937 2478 3131 2535 Verum
3173 2483 3218 2537 si
3266 2487 3614 2543 meminimus

2034 2572 2219 2613 eorum
2252 2576 2372 2630 quas
2416 2562 2471 2617 in
2520 2566 2891 2633 superioribus
2946 2569 3094 2624 dicta
3144 2583 3269 2626 sunt
3314 2578 3611 2632 secundum

2037 2649 2322 2718 mysticam
2358 2653 2614 2722 formam,
2649 2672 2769 2725 qua:
2817 2669 2900 2714 est
2947 2661 3118 2729 ﬁgura
3168 2662 3461 2732 Debborae,
3495 2682 3616 2735 qua:

2035 2742 2196 2795 etiam
2232 2743 2462 2811 Barach,
2502 2748 2632 2816 quid
2684 2751 2937 2820 imaginis
2988 2762 3170 2808 teneat
3207 2754 3363 2812 Jahel
3396 2760 3609 2825 mulier,

2036 2848 2155 2904 qttze
2178 2836 2550 2892 adversarium
2583 2840 2763 2910 populi
2792 2840 2888 2897 Dei
2921 2844 3034 2898 sola
3062 2846 3275 2916 dejecit,
3308 2863 3426 2917 qua:
3447 2851 3612 2907 etiam

2038 2931 2216 3001 imago
2247 2932 2317 2987 sit
2350 2930 2547 2988 Sisara:
2578 2932 2768 3000 ipsius,
2828 2937 2917 3005 qui
2969 2953 2997 2993 a
3041 2939 3269 2995 muliere
3310 2942 3614 3014 alienigena

2037 3020 2167 3091 ligni
2205 3022 2405 3079 virtute
2450 3031 2758 3093 prostratus
2806 3037 2891 3081 est
2923 3045 2936 3081 :
2970 3028 3322 3097 intelligimus
3355 3033 3470 3087 hzec
3492 3051 3611 3103 oin-

2037 3114 2126 3166 nia
2178 3126 2519 3171 sacramenta
2555 3133 2677 3173 esse
2700 3159 2715 3186 ,
2749 3133 2870 3188 qua:
2915 3120 2967 3172 in
3006 3121 3322 3179 novissimis
3353 3126 3614 3195 tempori-

2040 3203 2163 3266 bus,
2195 3212 2249 3258 ct
2284 3204 2336 3258 iu
2367 3205 2472 3259 line
2509 3207 2692 3262 saeculi
2739 3224 2837 3277 per
2868 3209 3172 3265 Ecclesium
3224 3226 3611 3269 consumman-

2045 3302 2151 3360 tur,
2182 3304 2236 3348 et
2282 3296 2334 3351 in
2364 3298 2578 3354 cantico
2633 3300 2733 3354 hoc
2772 3301 2915 3355 velut
2960 3303 3189 3371 epinicia
3237 3304 3376 3372 ejus,
3438 3306 3489 3360 id
3536 3317 3619 3363 est

2044 3386 2283 3441 victoriae
2349 3387 2562 3443 laudem
2622 3404 2743 3445 esse
2803 3393 3152 3461 descriptam,
3216 3395 3358 3451 illius
3414 3398 3621 3455 scilicet

2044 3476 2304 3544 temporis
2358 3492 2481 3532 cum
2544 3481 2921 3538 «novissimus
2987 3484 3237 3540 inimicus
3307 3488 3619 3543 destruetur

2048 3581 2194 3626 mors
2221 3568 2265 3598 ”
2300 3607 2315 3621 .
2355 3586 2372 3618 ι
2430 3566 2585 3624 Tune
2610 3571 2753 3625 enim
2795 3573 3087 3631 exsultabit
3119 3575 3386 3643 Debbora,
3434 3579 3490 3635 id
3535 3591 3618 3635 est

2045 3658 2557 3725 exsultabit,gloria
2614 3663 2951 3731 prophetiae,
2996 3666 3122 3734 quia
3172 3682 3295 3736 quae
3344 3673 3613 3738 praedixit,

2047 3747 2261 3818 impleta
2323 3758 2465 3805 sunt.
2536 3753 2687 3807 Tunc
2741 3753 2934 3819 Jahel,
2984 3756 3036 3809 id
3082 3768 3166 3814 est
3212 3759 3448 3816 Ecclesia
3504 3763 3617 3833 (70)

2049 3840 2256 3894 hostem
2307 3857 2645 3897 communem
2680 3846 2922 3899 omnium
2963 3848 3283 3914 superabit:
3318 3860 3370 3903 et
3402 3860 3615 3917 postea-

2047 3946 2211 3998 quam
2235 3932 2513 4000 plenitudo
2537 3936 2778 4003 gentium
2814 3937 3107 4001 introierit,
3139 3948 3266 3995 tunc
3296 3949 3351 3996 et
3381 3942 3613 4004 Barach.

2047 4021 2099 4076 id
2130 4032 2215 4078 est
2242 4025 2482 4094 reliquus
2506 4026 2672 4081 Israel
2697 4070 2710 4092 ,
2739 4028 2925 4085 salvus
2949 4029 3039 4085 fiet
3069 4030 3113 4062 ⁸⁸
3141 4040 3197 4086 ει
3222 4032 3274 4087 ἰιι
3301 4034 3617 4090 societatem

2049 4115 2289 4171 victorias
2322 4118 2632 4186 recipietur.
2692 4118 2847 4175 Tunc
2894 4135 3044 4190 ergo,
3080 4122 3124 4175 si
3168 4124 3312 4193 digni
3338 4126 3617 4194 fuerimus,

2044 4208 2211 4264 etiam
2285 4226 2384 4264 nos
2453 4211 2793 4268 cantabimus
2846 4214 3121 4268 canticum
3172 4215 3313 4270 istud
3363 4217 3619 4273 refertum

2047 4302 2295 4371 mysticis
2320 4312 2373 4356 ει
2401 4302 2736 4373 prepheticis
2781 4306 3142 4363 sacramentis
3162 4348 3176 4369 ,
3207 4321 3273 4361 ex
3302 4307 3500 4377 quibus
3528 4327 3624 4378 per

2048 4393 2256 4464 singula
2279 4395 2554 4451 discutere
2580 4405 2776 4452 cuneta
2813 4398 3071 4466 temporis
3116 4413 3224 4454 non
3266 4409 3374 4455 est.
3417 4401 3610 4456 Brevi-

2051 4497 2219 4548 tatem
2283 4501 2517 4556 namque
2549 4489 2823 4543 auditores
2852 4488 3111 4545 Ecclesiae
3137 4490 3387 4561 diligunt.
3436 4492 3622 4550 Pauca

2050 4587 2227 4635 tamen
2258 4578 2341 4633 vel
2363 4579 2429 4634 de
2452 4579 2732 4648 principiis
2761 4579 2876 4647 ejus
2902 4579 3252 4645 disserentes,
3280 4584 3361 4638 vel
3386 4587 3619 4650 sparsim

2049 4686 2112 4725 ex
2141 4686 2204 4724 eo
2227 4669 2479 4729 ﬂosculos
2506 4671 2788 4740 eligentes,
2819 4673 3210 4729 consolationis
3234 4676 3438 4745 aliquid
3469 4680 3625 4732 audio

2052 4764 2262 4818 toribus
2290 4762 2483 4818 afferre
2528 4765 2892 4827 tentabimus,
2932 4767 3012 4819 vel
3060 4768 3420 4833 nosmetipsos
3458 4782 3622 4821 exer-

2048 4870 2196 4921 cere,
2251 4865 2304 4909 et
2362 4855 2613 4910 meditari
2676 4863 2733 4910 ut
2780 4856 2893 4924 apti
2942 4856 3245 4911 elliciamur
3266 4858 3331 4909 ad
3363 4856 3622 4911 chboraa

2049 4948 2316 5001 canticum
2349 4946 2768 5001 decantandum.

2118 5039 2175 5094 ἢ.
2210 5059 2228 5091 ι
2258 5038 2313 5092 In
2342 5038 2671 5107 incipiendo,
2704 5037 2976 5105 principes
3004 5038 3055 5091 in
3089 5038 3275 5104 Israel,
3298 5039 3348 5091 in
3378 5037 3623 5091 volunta-

2053 5135 2218 5195 tibus,
2255 5130 2463 5199 populi,
2491 5128 2792 5182 benedicite
2835 5128 3122 5183 Dominum
3150 5130 3248 5183 ".r
3285 5129 3621 5195 Benedictio,

2053 5224 2243 5291 inquit,
2275 5236 2380 5290 qua
2415 5218 2783 5273 benedicimus
2824 5220 3148 5287 Dominum,
3189 5222 3261 5276 sit
3302 5221 3354 5275 in
3396 5220 3625 5274 exordio

2054 5314 2356 5385 principum
2399 5311 2451 5364 in
2477 5310 2658 5376 Israel,
2694 5319 2804 5367 tum
2836 5311 3030 5367 deinde
3057 5324 3111 5368 et
3150 5315 3203 5368 in
3250 5312 3620 5368 voluntatibus

2054 5404 2253 5475 populi.
2293 5402 2447 5457 Verbi
2479 5400 2653 5472 gratia
2681 5415 2834 5456 :cum
2860 5404 3096 5473 primum
3123 5405 3409 5474 incipimus
3436 5404 3622 5459 venire

2056 5498 2122 5550 ad
2156 5494 2248 5548 Dt-i
2272 5492 2503 5555 cultum,
2535 5508 2661 5546 cum
2692 5493 2905 5547 initium
2958 5495 3109 5549 verbi
3153 5495 3246 5550 Dei
3279 5506 3334 5551 et
3363 5496 3620 5551 doctrina:

2114 5586 2157 5616 ⁸³
2188 5585 2301 5640 Col.
2339 5600 2417 5649 ut,
2445 5583 2501 5640 5.
2578 5584 2623 5615 ⁶⁵
2656 5583 2671 5639 I
2705 5585 2831 5640 Cor.
2866 5600 2953 5652 xv,
2984 5585 3073 5641 26.
3151 5588 3196 5619 “
3233 5587 3385 5642 Ilom.
3424 5603 3498 5651 XI,
3528 5586 3619 5645 ‘26.

449 5746 563 5811 (70)
606 5745 731 5800 Mss.
770 5766 787 5797 ι
822 5744 973 5802 Tunc
1000 5746 1179 5815 Jahel,
1211 5749 1263 5801 id
1300 5756 1378 5802 est
1416 5744 1677 5800 Ecclesia.
1715 5766 1730 5797 ι
1763 5747 1917 5801 ιῐὶιῖι.
1953 5749 2103 5812 editi,
2140 5765 2157 5798 ι
2194 5756 2319 5802 tunc
2348 5748 2527 5816 itaque
2567 5747 2830 5803 Ecclesia.
2868 5768 2884 5799 ι
