4058 6244
526 318 644 373 ‘JT5

1972 314 2138 375 ORIG
2148 314 2302 376 ENIS

3716 330 3859 386 976

514 434 776 490 celestis
823 433 1140 502 accipimus,
1178 448 1205 485 a
1242 431 1577 502 principibus
1606 430 1774 489 Israel
1806 435 1907 489 ista
1952 434 2109 489 nobis
2138 432 2183 488 Δ
2210 433 2515 499 charitatis,
2550 452 2569 486 t
2600 443 2652 489 ct
2686 433 2891 504 galeam
2928 454 2947 489 ι
2985 437 3337 493 nihilominus
3372 457 3392 491 ι
3425 439 3630 497 salutis
3669 447 3860 497 τιοεὶ-

535 524 688 579 initia
723 523 1054 593 capessenda
1088 533 1237 577 sunt.
1278 522 1553 590 Principes
1582 531 1764 577 autem
1803 521 1966 578 Israel
1991 563 2007 588 ,
2049 521 2101 576 id

533 628 616 672 est
671 615 852 686 populi
904 613 1224 679 Christiani,
1284 615 1504 686 angelos
1543 615 1888 682 accipiendos
1931 624 2098 685 puto,

516 724 670 776 quos
710 708 901 761 adesse
948 707 1210 761 Dominus
1262 708 1393 761 dicit
1434 707 1724 776 unicuique
1765 707 1985 762 minimo
2048 709 2098 762 itt

518 799 798 863 Ecclesia,
834 801 923 867 qui
954 800 1117 853 etiam
1154 813 1369 867 semper
1408 798 1589 853 videre
1622 798 1877 853 dicuntur
1905 798 2097 855 faciem

510 891 710 944 wPatris
738 890 827 960 qui
867 890 918 943 in
952 889 1106 943 caelis
1138 898 1222 943 est
1252 889 1315 942 ⁸⁸.
1358 888 1457 959 Ipsi
1488 904 1618 958 ergo
1648 898 1771 944 sunt
1800 889 2095 959 principes,

514 994 583 1037 vet
634 984 700 1037 ab
758 982 889 1052 ipsis
932 981 1086 1036 nobis
1134 990 1260 1035 sunt
1315 982 1575 1035 smnenda
1610 981 1896 1052 principia.
1937 984 2095 1038 Verbi

514 1076 705 1145 gratia
740 1093 753 1128 :
786 1075 829 1129 si
883 1081 967 1126 eat
1004 1072 1125 1141 quis
1166 1086 1298 1140 puer
1347 1071 1413 1124 ad
1464 1071 1702 1137 scholas,
1758 1091 1788 1129 a
1837 1074 2095 1143 magistro

513 1167 743 1235 quidem
782 1164 1098 1231 suscipitur,
1126 1170 1181 1215 et
1226 1162 1460 1217 eﬂicitur
1486 1163 1631 1218 illius
1669 1164 1907 1220 doctoris
1933 1166 2095 1220 disci-

512 1257 707 1328 pulus,
751 1255 846 1308 sed
890 1268 992 1308 non
1025 1254 1206 1308 statim
1253 1254 1491 1309 discendi
1522 1254 1588 1309 ab
1612 1255 1728 1323 ipso
1763 1264 2093 1325 praeceptore

513 1348 693 1404 sumit
738 1348 1022 1401 exordium
1058 1365 1070 1400 :
1103 1348 1197 1401 sed
1264 1362 1385 1401 cttm
1417 1347 1484 1401 ab
1536 1362 1602 1402 eo
1644 1348 1821 1416 prima
1880 1356 2091 1402 tantum

510 1437 788 1491 elementa
809 1435 1131 1504 susceperit,
1155 1435 1388 1490 traditur
1417 1436 1540 1491 aliis
1562 1438 1909 1502 crudiendus,
1935 1449 1993 1495 ut
2020 1442 2091 1495 ita

516 1530 720 1593 dicam,
744 1527 945 1582 scholae
978 1528 1145 1596 ipsius
1198 1527 1539 1597 principibus
1573 1545 1586 1583 :
1621 1539 1679 1582 ut
1708 1544 1831 1584 cum
1878 1530 1947 1585 ab
1986 1530 2092 1586 illis

521 1629 783 1688 quantum
823 1622 875 1673 in
907 1619 1016 1673 illis
1046 1628 1132 1674 est
1156 1617 1319 1673 fuerit
1351 1619 1607 1685 edoctus,
1658 1630 1713 1675 et
1755 1638 1877 1676 cum
1917 1624 2090 1692 prima

520 1712 662 1782 apud
695 1727 787 1767 eos
814 1710 1119 1780 deposuerit
1154 1710 1458 1763 rudimenta
1480 1751 1494 1774 ,
1525 1720 1636 1765 tum
1668 1713 1884 1768 demum
1922 1717 2089 1786 ipsius

2207 523 2337 593 pite,
2362 525 2455 579 sed
2481 533 2534 579 et
2562 523 2816 592 gladium,
2846 526 3041 596 inquit,
3065 530 3309 598 spiritus,
3348 548 3369 581 ι
3394 541 3449 586 et
3476 546 3663 601 super
3700 552 3859 589 oma

2206 617 2291 670 nia
2317 634 2335 667 ι
2366 628 2578 672 scutum
2616 618 2759 681 Iidei,
2790 620 2844 673 in
2875 634 2985 688 quo
3005 622 3247 691 possitis,
3275 623 3371 688 ait,
3401 626 3588 679 omnia
3618 626 3859 697 facula

2203 712 2424 782 maligni
2478 712 2632 781 ignea
2690 714 3053 785 exstinguere.
3100 735 3118 767 ι
3156 716 3316 773 Vides
3348 734 3480 790 ergo
3519 719 3856 789 quomodo

2199 806 2376 857 omnia
2408 818 2503 873 per
2535 805 2780 860 ordinem
2817 806 2971 872 fiunt,
3006 818 3061 864 et
3104 810 3237 863 nihil
3272 810 3565 865 confusum
3606 812 3675 865 in
3718 826 3852 881 po-

2200 893 2325 962 pulo
2360 894 2472 961 Dei,
2504 895 2637 950 nihil
2668 896 3084 965 incompositum
3124 908 3221 951 aut
3256 910 3667 969 pra‘posterum
3724 916 3849 971 ge-

2200 984 2355 1039 ritur.
2400 983 2456 1038 In
2504 986 2815 1056 incipiendo
2844 989 3118 1059 principes
3153 989 3345 1058 juvant
3375 1009 3387 1044 :
3416 1008 3543 1045 cttm
3578 993 3844 1059 adjutus

2198 1077 2401 1143 fueris,
2455 1089 2511 1134 et
2574 1095 2603 1133 a
2666 1072 3025 1149 principibus
3058 1084 3323 1145 eruditus,
3371 1082 3484 1151 jam
3542 1084 3652 1138 tibi
3692 1086 3840 1153 ipse

2196 1178 2388 1237 sponte
2423 1178 2478 1224 et
2519 1168 2796 1224 voluntate
2834 1178 2946 1237 tua,
2998 1187 3118 1240 qua:
3151 1174 3384 1227 didicisti
3437 1187 3467 1226 a
3520 1176 3832 1244 principi-

2195 1258 2320 1321 bus,
2356 1272 2502 1329 gere.
2542 1258 2707 1314 Recte
2745 1260 2888 1313 enim
2926 1260 3162 1315 decoctis
3200 1261 3517 1330 principiis,
3570 1263 3826 1331 deposi-

2197 1352 2371 1419 tisque
2431 1352 2751 1406 rudimentis
2801 1363 2999 1408 nostrae
3047 1355 3441 1409 committimur
3492 1355 3815 1419 voluntati,

2194 1451 2251 1495 ut
2280 1440 2361 1495 vel
2400 1440 2518 1497 laus
2561 1443 2737 1496 meriti
2794 1443 2889 1508 sit,
2928 1458 3047 1514 quin
3088 1454 3271 1498 nostra
3311 1446 3515 1500 virtute
3556 1448 3809 1515 quesita

2192 1543 2295 1599 est,
2328 1534 2415 1589 vel
2465 1535 2623 1603 culpa
2680 1537 2803 1606 jure
2853 1537 2927 1590 sit
2969 1546 3173 1602 nostra,
3221 1551 3341 1606 quae
3389 1552 3485 1607 per
3540 1550 3801 1592 nostram

2191 1627 2337 1682 venit
2368 1628 2660 1697 ignaviant.
2698 1627 2822 1683 Haec
2861 1644 2960 1697 pro
2997 1644 3063 1683 eo
3112 1630 3253 1698 quod
3283 1629 3556 1699 scriptum
3582 1640 3670 1685 est
3694 1632 3747 1662 ’⁸
3778 1642 3797 1678 :

2196 1736 2214 1768 ι
2247 1716 2302 1771 In
2340 1718 2665 1787 incipiendo,
2700 1720 2973 1789 principes
2998 1719 3050 1773 in
3082 1717 3267 1786 Israel,
3296 1720 3348 1774 in
3381 1720 3768 1780 voluntatibus.

522 1806 760 1860 doctoris
807 1802 1129 1875 perfectiora
1191 1811 1457 1871 praacepta
1506 1805 1785 1874 suscipiat.
1842 1806 1916 1861 Ita
1944 1785 2087 1879 ergo
2119 1785 2162 1841 Β
2196 1808 2402 1879 pupuli,
2431 1785 2734 1866 bettedicite
2762 1785 3073 1866 Dominum.
3110 1830 3129 1863 ι

519 1897 687 1952 etiam
723 1910 868 1949 nunc
895 1893 1295 1949 institutionum
1322 1904 1629 1949 nostrarum
1654 1895 1807 1951 initia
1836 1908 2088 1967 repetens

518 1989 795 2061 prophetia
830 1988 994 2053 dicit,
1031 1985 1172 2057 quod
1210 2000 1332 2040 cum
1384 2003 1411 2040 a
1466 1986 1805 2058 principibus
1855 1992 2089 2060 emperi-

518 2099 639 2139 mus
676 2080 809 2154 (7i),
853 2080 936 2134 vel
969 2078 1241 2150 principes
1268 2080 1536 2147 cteperint
1565 2080 1780 2149 operari
1818 2082 1871 2136 in
1904 2084 2083 2150 nobis,

514 2177 711 2232 deinde
743 2188 842 2227 nos
884 2171 1156 2225 voluntate
1180 2179 1231 2224 et
1266 2172 1543 2239 proposito
1568 2172 1964 2243 subsequamur
1992 2193 2004 2229 :
2032 2185 2087 2231 et

511 2267 655 2322 aucti
686 2263 1039 2334 profectibus,
1073 2264 1152 2317 sic
1192 2263 1259 2317 ad
1306 2262 1733 2317 benedicendum
1757 2263 1871 2332 jam
1908 2266 2083 2335 ipsum

507 2360 803 2414 Dominum
833 2357 1131 2410 veniamus.
1176 2354 1282 2408 Sed
1309 2355 1587 2409 videamus
1618 2356 1746 2425 qttid
1772 2358 1901 2411 dicit
1929 2377 1941 2412 :
1980 2379 1998 2409 ι
2024 2358 2081 2414 In

513 2447 845 2517 incipiendo,
882 2445 1054 2514 inquit
1089 2446 1153 2508 “,
1182 2445 1455 2514 principes
1491 2446 1542 2499 itt
1576 2446 1791 2501 Israel»
1822 2447 2080 2520 Initiaju-

511 2539 626 2593 vari
650 2537 1029 2606 aprincipibus
1042 2535 1322 2589 dicuntur:
1342 2545 1461 2603 post
1487 2537 1600 2590 hinc
1620 2552 1745 2591 vero
1759 2540 1868 2606 jam
1894 2542 2082 2594 volun-

513 2638 619 2683 tate
645 2627 858 2697 propria
889 2637 943 2679 et
973 2626 1250 2696 proposito
1284 2624 1562 2679 nitendum
1591 2636 1673 2681 est
1696 2667 1709 2691 ,
1755 2636 1814 2682 ut.
1856 2628 2079 2684 benedi-

510 2736 639 2779 cere
654 2722 939 2778 Dominum
960 2735 1288 2775 mereamur.
1306 2718 1439 2773 Nam
1460 2722 1749 2791 etpopulus
1772 2723 1936 2778 Israel
1956 2739 2077 2779 cum

510 2813 943 2883 inciperetesire
961 2813 1024 2866 de
1038 2811 1289 2883 Egypto,
1306 2821 1359 2867 et
1382 2813 1616 2867 transire
1645 2829 1793 2869 mare
1812 2815 2077 2881 Rubrum,

509 2907 643 2961 nihil
670 2904 1085 2976 ipsiusproprio
1114 2904 1317 2968 labore,
1339 2906 1431 2959 sed
1456 2912 1624 2959 totum
1656 2920 1754 2973 per
1782 2906 2076 2976 principes,

510 2999 560 3051 id
586 3007 665 3053 est
684 3013 780 3066 pcr
803 2996 1023 3066 angelos
1045 2997 1328 3066 agebatur.
1352 2996 1593 3064 Denique
1613 2997 1691 3051 sic
1714 2997 1845 3051 dicit
1863 2997 2076 3066 Moyses

508 3089 571 3141 ad
592 3089 752 3161 471
785 3086 1035 3157 populum
1065 3105 1079 3140 :
1117 3105 1135 3137 t
1160 3086 1292 3152 "Vos,
1325 3087 1579 3155 inquit”,
1601 3088 1868 3153 iacebitis,
1892 3098 1944 3143 et
1970 3088 2075 3144 Do-

506 3179 685 3232 minus
723 3177 979 3248 pugnabit
1024 3191 1120 3245 pro
1152 3176 1327 3232 vobis.
1370 3194 1388 3229 t
1421 3178 1619 3246 Aperte
1666 3179 1809 3232 enim
1855 3179 2078 3247 angelus

500 3280 743 3325 vastator
772 3283 870 3337 pro
898 3268 978 3322 eis
1022 3282 1290 3339 pugnasse
1328 3268 1655 3323 describitur
1686 3270 1753 3334 ⁷⁸,
1781 3271 1875 3339 qui
1909 3270 2067 3341 Egy-

496 3361 736 3430 ptiorum
759 3360 976 3429 quidem
1002 3359 1356 3430 primogenita
1382 3358 1689 3413 interemit:
1715 3358 2077 3418 lsraelitarum

505 3466 631 3506 vero
681 3464 779 3506 nec
818 3464 987 3521 pecus
1019 3450 1249 3519 quidem
1291 3450 1488 3503 mutire
1535 3449 1682 3505 fecit.
1720 3452 1919 3507 Verum
1972 3469 2078 3509 non

499 3544 1157 3611 semperexspectandum
1204 3548 1287 3595 est
1321 3549 1379 3595 ut
1427 3540 1599 3611 angeli
1647 3556 1744 3610 pro
1789 3544 1946 3598 nobis
1979 3560 2079 3614 pu-

501 3644 702 3704 gnent,
740 3636 833 3687 sed
892 3634 943 3687 in
994 3632 1297 3700 incipiendo
1354 3635 1746 3698 tantummodo,
1800 3633 1852 3687 id
1894 3643 1979 3690 est
2024 3636 2077 3691 in

500 3724 674 3779 initiis
715 3726 955 3788 nostris,
1012 3740 1043 3778 tt
1099 3724 1432 3794 principibus
1484 3724 1688 3795 angelis
1737 3725 2075 3794 adjuvamur.

503 3817 771 3870 (rhetorum
803 3830 1056 3883 processu
1085 3815 1345 3884 temporis
1371 3824 1583 3884 oportet
1611 3817 1776 3870 etiam
1806 3831 1904 3871 nos
1932 3818 2080 3887 ipsos

503 3909 657 3963 exire
703 3915 941 3963 armatos
989 3908 1054 3961 ad
1098 3906 1323 3977 praelia.
1355 3908 1495 3961 Ante
1548 3909 1691 3962 enim
1736 3923 1898 3978 quam
1941 3909 2077 3964 bella

504 3999 800 4063 discamus,
833 4008 1122 4067 antequam
1173 4011 1378 4067 pugnas
1424 3995 1637 4052 Domini
1685 4013 1876 4068 parare
1912 4000 2079 4054 medi-

506 4100 705 4155 temur,
754 4103 783 4141 a
836 4087 1182 4156 principibus
1231 4086 1436 4157 angelis
1486 4089 1872 4156 sublevatnur;
1926 4101 2080 4145 ante-

503 4194 663 4248 quam
727 4178 885 4246 panis
938 4177 1179 4231 caelestis
1229 4192 1627 4245 consequamur
1673 4194 1968 4248 annonam,
2025 4190 2080 4237 et

503 4270 759 4324 carnibus
782 4269 917 4339 Agni
939 4267 1275 4323 .intntaculati
1312 4269 1594 4335 satientur,
1624 4280 1911 4341 antequam
1940 4288 2080 4329 verte

505 4363 628 4417 vitis
669 4376 790 4431 qua:
838 4361 1083 4416 ascendit
1125 4360 1191 4415 de
1237 4361 1417 4416 radice
1471 4360 1637 4418 David
1685 4364 1946 4435 sanguine
1997 4366 2080 4421 in-

2265 1900 2320 1954 3.
2353 1897 2481 1955 Post
2519 1900 2635 1955 haec
2678 1911 2858 1956 autem
2903 1902 3038 1956 dicit
3063 1902 3108 1934 "
3138 1921 3150 1956 :
3182 1919 3201 1955 ι
3241 1902 3457 1967 Audite.
3506 1917 3706 1975 reges,
3738 1915 3779 1956 rt

2193 1991 2416 2045 auribus
2450 1993 2735 2061 percipite,
2770 2002 3020 2064 satrapze.
3073 1994 3305 2049 Domino
3346 1997 3615 2059 cantabo,
3648 1998 3788 2065 μελισ

2193 2083 2297 2136 lam
2333 2083 2440 2140 Deo
2468 2084 2650 2140 Israel.
2678 2102 2701 2139 ι
2735 2086 2950 2149 Audite,
3002 2088 3195 2156 inquit,
3241 2102 3417 2157 reges.
3468 2088 3657 2160 Reges
3693 2104 3790 2157 ap-

2191 2174 2356 2241 pellat
2401 2190 2495 2230 eos
2535 2175 2624 2245 qui
2659 2185 3030 2231 convocantur
3079 2178 3146 2230 ad
3190 2179 3513 2232 audiendum
3551 2178 3789 2233 verbum

2191 2263 2306 2318 Dei.
2348 2264 2591 2330 Exsulta,
2639 2266 2835 2335 popule
2892 2266 3007 2331 Dei,
3057 2267 3285 2323 audiens
3332 2279 3435 2322 tute
3479 2270 3789 2325 nobilitatis

2192 2356 2445 2426 insignia.
2481 2357 2561 2410 Tu
2592 2358 2802 2411 vocaris
2839 2357 2906 2411 ad
2950 2359 3277 2414 audiendum
3311 2359 3534 2413 verbum
3574 2361 3698 2425 Dei,
3734 2372 3787 2415 et

2190 2460 2295 2500 non
2324 2458 2379 2500 ut
2417 2448 2590 2517 plebs,
2625 2449 2719 2503 sed
2754 2459 2811 2503 ut
2843 2464 2936 2504 rex
2969 2451 3201 2504 vocaris.
3234 2448 3354 2504 Tibi
3395 2454 3542 2506 enim
3575 2453 3784 2507 dictum

2188 2547 2270 2593 est
2296 2538 2341 2569 ⁷⁸
2371 2556 2384 2591 :
2414 2556 2433 2589 ι
2468 2538 2649 2595 Genus
2705 2539 2887 2609 regale
2938 2548 2993 2594 et
3042 2541 3411 2596 sacerdotale:
3446 2546 3690 2612 populus
3729 2545 3780 2598 in

2188 2630 2627 2698 acquisiliouem.
2673 2649 2692 2683 ι
2729 2631 2854 2685 Ideo
2894 2632 3017 2701 quia
3061 2647 3156 2687 vos
3201 2648 3356 2701 reges
3388 2635 3545 2698 estis,
3584 2639 3781 2692 merito

2187 2733 2281 2773 rex
2311 2729 2494 2775 noster
2513 2720 2763 2778 Christus
2793 2721 3048 2777 Dominus
3082 2741 3099 2773 ι
3138 2739 3229 2778 rex
3266 2742 3286 2775 ι
3321 2724 3522 2779 dicitur
3549 2728 3599 2760 τ’
3638 2744 3662 2779 ι
3693 2742 3778 2782 re-

2187 2827 2331 2882 gum,
2361 2821 2415 2866 et
2447 2812 2704 2867 Dominus
2737 2814 3152 2868 dominantium.
3196 2832 3215 2866 ι
3244 2815 3353 2869 Sed
3403 2816 3549 2871 sicut
3593 2818 3777 2872 exsol-

2189 2904 2319 2956 tatis
2350 2903 2415 2955 de
2448 2902 2745 2957 nobilitatis
2772 2913 2968 2957 vestrae
2999 2903 3175 2970 titulo,
3210 2905 3281 2958 ita
3310 2905 3522 2960 discere
3559 2908 3772 2963 debetis

2185 2990 2315 3060 quid
2354 2991 2563 3062 agendo
2611 2993 2976 3061 unusquisque
3023 3001 3259 3049 vestrum
3312 2995 3407 3050 ﬁat
3453 3011 3568 3051 rex.
3611 2997 3769 3066 Quod

2186 3083 2337 3138 vobis
2373 3084 2442 3137 ita
2478 3084 2717 3139 breviter
2750 3084 3022 3138 deﬁniam.
3053 3085 3251 3156 Regem
3287 3095 3338 3139 te
3374 3090 3600 3142 omnium
3632 3105 3759 3143 esse

2182 3174 2331 3239 facit,
2358 3175 2401 3228 si
2437 3184 2625 3244 regnet
2646 3174 2894 3229 Christus
2928 3175 2979 3228 in
3034 3184 3106 3229 te.
3160 3177 3271 3230 Rex
3317 3192 3541 3252 namque
3582 3194 3609 3230 a
3658 3194 3744 3231 re-

2179 3269 2351 3335 gendo
2379 3266 2555 3321 dictus
2587 3274 2689 3321 est.
2717 3264 2775 3320 Si
2805 3280 2934 3337 ergo
2962 3272 3017 3321 et
3048 3268 3099 3321 itt
3143 3275 3196 3322 te
3223 3267 3441 3323 animus
3474 3280 3675 3339 regnat,
3697 3279 3753 3321 et

2178 3372 2372 3428 corpus
2418 3357 2776 3425 obtemperat,
2825 3358 2871 3413 si
2918 3360 3392 3429 concupiscentias
3442 3363 3629 3416 carnis
3664 3363 3762 3415 sub

2174 3451 2357 3519 jugum
2389 3448 2600 3519 imperii
2629 3448 2703 3503 tul
2740 3449 2941 3514 mittas,
2973 3450 3018 3504 si
3048 3450 3295 3505 vitiorum
3324 3461 3517 3522 gentes
3555 3453 3771 3506 sobrie-

2183 3542 2309 3595 tatis
2349 3549 2451 3595 tuat
2486 3540 2657 3596 frenis
2684 3540 3010 3597 arctioribus
3049 3557 3297 3611 premas,
3334 3544 3532 3598 merito
3565 3559 3659 3599 rex
3695 3545 3773 3598 di-

2177 3633 2341 3698 ceris,
2366 3632 2457 3703 qui
2496 3641 2549 3687 te
2583 3641 2729 3686 recte
2773 3644 2938 3703 agere
2991 3634 3228 3688 noveris.
3277 3632 3411 3688 Cum
3458 3650 3593 3705 ergo
3648 3635 3773 3688 talis

2181 3722 2348 3776 fueris
2381 3720 2636 3788 effectus,
2687 3723 2849 3793 digne
2893 3731 2951 3778 ιιι
3005 3738 3099 3778 rex
3146 3724 3213 3778 ad
3266 3726 3533 3779 audienda
3585 3728 3771 3781 divina

2185 3811 2353 3865 verba
2388 3812 2689 3867 vocaberis.
2718 3812 2834 3868 IIoo
2865 3828 2994 3868 vero
3024 3815 3165 3883 quod
3192 3816 3562 3885 subsequitur,
3600 3822 3778 3886 magis

2177 3916 2506 3971 corporeum
2541 3903 2741 3972 aliquid
2783 3905 3006 3969 indicat,
3053 3908 3195 3975 quod
3237 3907 3408 3962 dicit:
3459 3925 3480 3961 ι
3529 3910 3779 3966 Auribus

2178 3994 2464 4063 percipite,
2512 4010 2703 4050 omnes
2746 4005 2995 4067 satrapae.
3041 4017 3058 4050 ι
3102 3997 3253 4053 Sicut
3291 4001 3435 4054 enim
3477 4001 3777 4059 inferiores

2180 4093 2308 4137 sunt
2339 4084 2555 4153 regibus
2584 4094 2837 4154 satrapae,
2868 4086 2939 4140 ita
2975 4096 3030 4141 et
3063 4087 3287 4142 auribus
3313 4090 3599 4160 percipere
3634 4092 3777 4146 infe-

2182 4175 2295 4229 rius
2330 4174 2542 4229 videtur
2570 4188 2691 4230 esse
2732 4191 2896 4246 quam
2950 4179 3155 4234 audire.
3193 4180 3392 4235 Audire
3435 4197 3677 4252 namque
3705 4186 3775 4238 ad

2182 4266 2496 4321 interiorem
2535 4267 2771 4335 pertinet
2811 4269 3106 4333 hominem,
3140 4270 3280 4325 sicut
3306 4281 3360 4325 et
3394 4271 3653 4327 Dominus
3682 4274 3773 4327 di-

2180 4356 2335 4411 cebat
2354 4355 2506 4411 "'7’:
2535 4374 2552 4408 ι
2579 4356 2680 4423 Qui
2714 4358 2876 4414 habet
2905 4374 3063 4415 aures
3084 4361 3358 4426 audiendi,
3382 4363 3587 4421 audiat.
3615 4382 3635 4416 ι
3655 4366 3775 4418 Au-

502 4453 797 4515 cbriemur,
841 4451 1013 4507 donec
1064 4452 1273 4519 parvuli
1323 4468 1530 4519 sumus,
1584 4464 1635 4509 et
1672 4454 1813 4511 lacte
1853 4457 2068 4522 alimur,
2108 4489 2152 4545 υ
2183 4451 2332 4505 ribus
2361 4464 2490 4504 vero
2525 4450 2817 4520 percipere,
2857 4450 2922 4504 ad
2962 4452 3290 4507 exteriorem
3335 4464 3390 4508 et
3420 4456 3773 4524 corporalem

504 4557 559 4599 et
604 4544 882 4600 initiorum
927 4543 1129 4598 Christi
1162 4558 1470 4598 sermonem
1518 4554 1782 4612 tenemus,
1818 4557 2073 4618 tanquam

505 4635 711 4706 parvuli
740 4636 839 4690 sub
866 4632 1306 4704 procuratoribus
1330 4635 1566 4704 agimus,
1592 4646 1650 4690 et
1675 4638 1950 4694 actoribus
1979 4656 2077 4694 an-

502 4729 659 4798 gelis.
696 4725 798 4783 Ubi
846 4741 975 4783 vero
1027 4726 1141 4796 jam
1187 4725 1389 4780 militia:
1439 4726 1680 4783 cmlestis
1736 4741 2076 4786 sacramenta

503 4811 858 4886 gnst'avimus,
890 4829 945 4873 et
981 4832 1121 4889 pane
1157 4816 1279 4871 vitae
1317 4817 1502 4873 refecti
1531 4832 1740 4884 sumus,
1769 4821 1893 4875 audi
1940 4836 2076 4890 quo-

505 4910 664 4964 modo
690 4923 788 4977 per
810 4906 1169 4978 apostolicam
1205 4904 1389 4960 tubam
1422 4906 1752 4961 suscitamur
1775 4906 1840 4961 ad
1870 4907 2073 4976 praelia.

503 5001 709 5068 Ingenti
734 5015 965 5070 namque
986 5014 1117 5054 voce
1139 4997 1335 5053 Paulus
1354 4996 1550 5053 clamat
1572 4998 1638 5052 ad
1664 5012 1763 5053 nos
1790 4998 1975 5053 dicens
1994 5000 2037 5031 τ’
2059 5016 2071 5051 ;

507 5112 526 5143 ι
565 5092 774 5147 lndnite
812 5106 907 5147 vos
937 5106 1087 5145 arma
1124 5090 1237 5155 Dei,
1278 5099 1337 5144 ut
1385 5089 1605 5158 possitis
1637 5099 1783 5144 stare
1816 5091 2075 5145 adversus

504 5186 758 5239 astutiam
791 5185 1008 5240 diaboli.
1049 5203 1067 5236 ι
1097 5181 1211 5237 Νοιι
1253 5196 1352 5236 nos
1380 5181 1519 5235 ultra
1552 5181 1754 5250 patitur
1795 5182 1941 5237 velut
1976 5183 2075 5238 sub

504 5280 605 5333 alis
638 5278 954 5333 laetantium
991 5277 1104 5346 (Ἶὲ)
1141 5276 1379 5341 latitare,
1425 5274 1610 5328 invitat
1646 5288 1745 5329 nos
1787 5276 1857 5329 ad
1902 5284 2075 5328 certa-

503 5373 704 5425 mittunt
720 5383 976 5439 campos;
1003 5387 1020 5419 ι
1044 5368 1270 5431 induite,
1295 5385 1312 5418 ι
1336 5366 1508 5434 inquit
1537 5365 1605 5431 ",
1630 5378 1725 5420 vos
1750 5381 1767 5414 t
1800 5365 2020 5418 loricam
2051 5381 2069 5415 ι

568 5484 609 5513 ""
637 5482 823 5535 Matth.
866 5498 1020 5543 ιιι-ιιι,
1056 5480 1140 5536 I0.
1230 5480 1274 5511 "
1308 5476 1432 5533 Jtttl.
1468 5493 1522 5542 ν,
1555 5478 1609 5531 Ξ.

502 5549 547 5582 ⁷⁵
573 5551 695 5606 Jud.
724 5567 774 5615 ν,
808 5553 862 5606 2.
938 5554 983 5584 ’⁵
1014 5553 1139 5606 ibid.
1174 5553 1226 5607 5.

571 5666 682 5737 (7t)
722 5666 1058 5737 Caperimus.
1121 5666 1279 5722 Deest
1318 5666 1369 5719 in
1404 5662 1533 5719 libb.
1566 5662 1744 5728 editis,
1785 5673 1957 5717 exstat
2004 5664 2055 5717 iit

502 5751 631 5793 ωδε.

1695 5478 1741 5508 ⁷⁸
1781 5476 1945 5531 Exod.
1995 5477 2214 5539 xtv,15.
2289 5478 2329 5507 "
2373 5476 2542 5530 Exod.
2582 5490 2679 5529 χιι.
2758 5477 2803 5507 τ’
2834 5474 3027 5544 Epltes.
3067 5491 3140 5539 Vt,
3171 5476 3257 5528 Il.

1306 5550 1351 5580 '°
1382 5547 1401 5600 I
1433 5547 1548 5603 Pet.
1588 5562 1647 5611 Il,
1682 5548 1737 5603 9.
1813 5548 1855 5577 ⁷⁷
1888 5549 2056 5615 Apoc.
2087 5561 2200 5611 xix,
2238 5546 2321 5601 l6.
2397 5547 2516 5578 "'7'
2538 5544 2728 5600 Matth.
2756 5561 2829 5608 xt,
2867 5545 2951 5599 15.

2181 4544 2417 4613 pertinet
2449 4542 2713 4596 auditum.
2751 4542 2873 4597 Ideo
2917 4556 3048 4611 ergo
3095 4552 3149 4597 et
3192 4543 3280 4599 hic
3331 4544 3405 4598 illi
3445 4546 3536 4615 qui
3578 4548 3775 4602 audite

2182 4636 2447 4691 deberent
2472 4649 2625 4704 reges
2647 4632 2917 4699 dicuntur,
2945 4635 3039 4702 qui
3064 4648 3194 4689 vero
3214 4635 3439 4690 auribus
3465 4637 3777 4706 percipere,

2182 4736 2420 4794 satrapae
2447 4724 2807 4795 appellantur.
2851 4742 2869 4775 ι
2904 4722 3016 4793 Ego
3057 4724 3282 4779 Domino
3315 4727 3576 4791 cantabo,
3621 4728 3777 4795 psal-

2184 4816 2290 4869 lam
2347 4815 2455 4869 Deo
2491 4814 2676 4869 Israel.
2714 4832 2731 4865 t
2764 4811 2913 4868 Beati
2958 4824 3084 4869 sunt
3125 4816 3217 4885 qui
3272 4827 3501 4884 possunt
3544 4829 3781 4873 cantare

2184 4905 2455 4960 canticum
2518 4903 2763 4959 Domino.
2823 4903 2957 4960 Cum
3011 4905 3251 4960 redimus
3304 4906 3371 4959 ad
3430 4905 3773 4975 Scripturas,

2183 4995 2352 5050 multa
2382 4996 2591 5051 cantica
2634 4996 2804 5051 sacris
2842 4996 3096 5050 mandata
3134 4996 3504 5052 voluminibus
3554 4998 3770 5053 inveni-

2184 5106 2325 5145 mus.
2362 5089 2635 5146 Ilabemus
2669 5090 2936 5159 integrum
2965 5089 3214 5146 volumen
3255 5093 3320 5145 de
3362 5091 3599 5146 Canticis
3628 5106 3767 5145 can-

2181 5182 2410 5235 ticorum
2454 5182 2736 5250 scriptum.
2795 5180 2935 5234 Ecce
2978 5189 3032 5233 et
3082 5181 3133 5233 in
3181 5184 3284 5236 hoc
3332 5180 3470 5235 libro
3514 5178 3766 5236 Iudicum

2183 5272 2447 5326 habemus
2487 5272 2791 5335 canticum,
2833 5280 2888 5327 et
2932 5272 2986 5325 in
3025 5269 3275 5325 Numeris
3306 5273 3579 5327 canticum
3621 5271 3766 5325 scri-

2184 5373 2332 5433 ptum
2360 5372 2464 5426 est,
2494 5373 2549 5417 et
2583 5363 2636 5416 in
2670 5362 3121 5429 Deuteronomio,
3158 5372 3211 5417 et
3258 5364 3311 5417 in
3357 5362 3574 5427 Exodo,
3612 5371 3666 5416 et
3708 5361 3768 5416 in

3330 5475 3377 5505 ⁷³
3411 5474 3542 5530 ibid.
3578 5473 3766 5528 I546.

2236 5661 2348 5732 (Ἱῖ)
2393 5660 2541 5715 Velut
2575 5661 2670 5713 sub
2706 5660 2806 5713 alia
2839 5660 3173 5732 luctantium.
3223 5656 3346 5732 Ilaec
3383 5656 3761 5713 desiderantur

2181 5731 2253 5786 in
2277 5732 2430 5788 libris
2465 5739 2623 5784 antea
2663 5732 2843 5793 editis,
2887 5731 2980 5783 sed
3011 5738 3223 5784 exstant
3259 5731 3310 5783 in
3342 5742 3477 5782 mss.

3984 1434 3989 1519 ll
