4058 6244
278 379 386 436 97ῗ

1350 381 1413 436 IN
1456 383 1715 439 LIBRUM
1749 382 1824 438 JU
1844 378 2054 435 DICIJM
2085 379 2367 436 IIOMILIA
2394 380 2503 433 VII.

3429 382 3543 439 978

281 503 459 570 primo
501 500 809 571 Regnorum
850 500 1004 556 libro.
1060 503 1116 555 In
1163 503 1336 569 primo
1383 503 1545 556 etiam
1586 500 1862 569 Paralipo-
1894 502 1940 555 Α
1967 498 2163 553 sedens
2189 514 2352 569 super
2378 500 2588 554 asinam
2615 497 3042 568 resplendenten'.
3069 500 3349 555 Dominum
3382 501 3542 556 bene-

282 607 502 656 ntenon,
559 601 613 647 et
670 592 724 646 in
767 592 889 646 aliis
948 593 1129 647 multis
1190 594 1320 648 locis
1366 594 1609 648 invenies
1649 593 1860 647 cantica

283 686 464 739 divina
485 700 605 741 esse
633 684 919 752 descripta.
943 684 1029 738 Ait
1054 700 1183 755 ergo
1207 688 1320 741 haec
1345 702 1445 739 vox
1465 685 1597 753 justi
1631 702 1643 739 :
1676 704 1695 736 ι
1730 684 1841 755 Ego

286 775 516 831 Domino
560 776 819 843 cantabo,
874 777 1098 845 psallam
1142 777 1250 831 Deo
1294 775 1477 831 Israel.
1539 794 1558 826 ι
1590 774 1722 840 Quis
1762 790 1860 844 pu-

287 875 370 921 tas
412 867 485 920 ita
524 882 738 921 canora:
770 870 917 923 vocis
956 879 1059 932 est,
1091 876 1145 923 et
1187 868 1261 922 ita
1303 868 1524 936 spiritus
1557 867 1676 936 puri
1710 881 1859 920 men-

286 955 467 1021 tisque
492 957 737 1021 sincerte,
773 969 831 1011 ιιι
860 959 971 1027 (75)
995 958 1263 1013 cantilena
1301 958 1420 1027 ejus
1456 958 1692 1011 divinum
1719 957 1864 1012 dele-

287 1054 439 1101 ctare
469 1048 640 1116 possit
664 1048 942 1103 auditum?
977 1047 1069 1103 Ille
1106 1050 1348 1118 profecto
1392 1058 1494 1112 est,
1535 1050 1622 1115 qui
1657 1048 1859 1103 nullum

291 1150 514 1191 raucum
546 1138 707 1192 habet
744 1140 796 1192 in
821 1154 879 1194 se
905 1139 1111 1209 peccati
1151 1154 1364 1203 sonum,
1390 1141 1480 1208 qui
1529 1139 1657 1194 nihil
1690 1139 1862 1195 offen—

289 1227 463 1281 sionis
492 1227 543 1281 in
576 1228 777 1298 lingua,
805 1229 936 1284 nihil
977 1229 1355 1284 crassitudinis
1390 1229 1441 1283 in
1481 1228 1671 1299 spiritu
1700 1231 1862 1299 gerit,

291 1322 379 1376 ille
418 1327 595 1392 potest
619 1323 805 1380 dicere
831 1341 844 1377 :
875 1342 894 1373 ‹
935 1324 1045 1394 Ego
1089 1324 1313 1381 Domino
1355 1323 1606 1387 can'abo,
1641 1323 1862 1393 psallam

288 1410 402 1468 Deo
426 1413 614 1470 Israel.
647 1433 666 1467 ι

357 1504 411 1558 4.
440 1504 636 1561 Verum
659 1506 785 1576 quia
814 1507 1278 1562 continuationem
1302 1506 1501 1561 cantici
1527 1520 1624 1575 per
1652 1506 1863 1575 singula

288 1612 396 1651 non
428 1599 769 1653 occurrimus
799 1599 1093 1666 eXplirare,
1127 1596 1502 1666 interpolando
1543 1596 1732 1652 saltem
1780 1612 1865 1652 se-

283 1686 423 1741 riem
476 1686 746 1752 lectionis,
793 1689 1070 1743 videamus
1099 1690 1227 1758 quid
1256 1698 1340 1744 est
1377 1688 1518 1757 quod
1545 1688 1675 1744 dicit
1698 1689 1815 1721 ⁸⁶·⁸¹
1848 1707 1862 1744 :

288 1796 310 1829 ι
350 1777 458 1833 Cor
478 1792 656 1833 meum
684 1779 752 1833 ad
780 1793 843 1833 ea
866 1795 986 1850 quae
1013 1781 1273 1851 disposita
1309 1792 1434 1837 sunt
1464 1781 1591 1836 huic
1624 1780 1808 1836 Israel.
1840 1801 1859 1835 ι

285 1867 403 1923 Hoc
430 1868 589 1923 modo
613 1869 825 1923 videtur
854 1871 996 1939 quod
1023 1871 1154 1926 dicit
1183 1886 1196 1923 :
1222 1872 1329 1926 Cor
1358 1888 1557 1937 meum,
1575 1882 1628 1927 et
1653 1872 1865 1929 animus

288 1973 462 2024 meus,
484 1967 539 2015 et
568 1974 763 2016 sensus
790 1977 960 2027 meus,
989 1972 1044 2016 et
1066 1972 1174 2018 tota
1211 1978 1363 2019 mens
1391 1978 1507 2019 mea
1536 1966 1603 2020 ad
1628 1963 1758 2020 illud
1782 1964 1865 2019 in-

288 2049 483 2115 tendit,
528 2059 582 2103 et
622 2050 753 2105 illud
798 2053 1057 2122 prospicit
1102 2054 1245 2122 quod
1298 2054 1619 2124 dispositum
1670 2064 1779 2120 est,
1811 2065 1867 2111 et

282 2138 431 2206 quod
460 2153 815 2208 prurparatum
845 2152 929 2197 est
962 2141 1168 2198 Israel:
1204 2143 1333 2199 illud
1372 2153 1480 2199 tota
1516 2155 1698 2202 mente
1734 2161 1864 2216 pro-

282 2226 461 2294 spicio
482 2229 625 2298 quod
652 2230 892 2286 futurum
923 2241 1024 2288 est.
1054 2233 1110 2289 Si
1143 2236 1289 2289 enim
1322 2236 1390 2291 ad
1421 2236 1548 2291 illud
1582 2237 1866 2293 intendero

281 2318 551 2383 animum,
586 2320 766 2377 omnia
809 2337 932 2393 quae
976 2325 1028 2379 in
1084 2326 1189 2381 hoc
1242 2326 1443 2382 mundo
1493 2336 1639 2391 sunt,
1671 2327 1863 2383 ducam

287 2425 309 2461 ι
379 2417 724 2476 utstercora,
770 2423 827 2467 ut
871 2415 1148 2471 Chrismm
1193 2415 1531 2475 lucrifaciam
1584 2416 1652 2482 ",
1707 2436 1725 2470 ι
1772 2419 1864 2487 qui

280 2501 611 2569 pneparavit
640 2500 729 2555 illa
758 2506 937 2559 omnia
982 2522 1100 2576 quae
1133 2525 1151 2559 ι
1183 2507 1371 2563 oculus
1420 2522 1526 2562 non
1570 2508 1723 2576 vidit,
1768 2525 1866 2566 nec

280 2590 439 2644 auris
474 2591 702 2659 audivit,
741 2608 839 2649 nec
870 2595 921 2650 in
967 2611 1060 2651 cor
1091 2598 1324 2653 hominis
1364 2598 1627 2661 ascendit,
1657 2599 1723 2653 iis
1772 2602 1863 2669 qui

278 2679 517 2747 diligunt
546 2694 667 2734 enm
694 2682 760 2740 ⁸³.
802 2701 821 2735 ι
856 2683 962 2739 Cor
1013 2701 1166 2756 ergo,
1208 2686 1418 2757 inquit,
1453 2703 1630 2743 meum
1675 2691 1741 2745 ad
1775 2690 1864 2746 illa

277 2772 621 2828 extenditur.
670 2772 783 2829 Non
818 2776 959 2832 enim
1014 2778 1189 2834 adhuc
1235 2780 1529 2834 humanum
1572 2796 1670 2836 cor
1713 2797 1862 2853 gero,

277 2878 471 2934 neque
503 2880 623 2935 qua:
649 2868 849 2938 cogito,
890 2870 1185 2927 secundum
1214 2872 1485 2927 hominem
1525 2874 1733 2944 cogito;
1772 2877 1866 2931 sed

276 2958 418 3026 quia
446 2959 739 3013 secundum
795 2958 1130 3031 Seripturam
1176 2963 1211 3019 ii
1259 2964 1326 3018 ad
1372 2980 1509 3035 quos
1539 2981 1721 3022 sermo
1768 2969 1866 3023 Dei

282 3051 370 3118 fit,
395 3051 473 3105 dii
499 3061 642 3119 sunt,
670 3068 769 3111 nec
794 3070 894 3125 ego
923 3055 1037 3112 haec
1070 3056 1325 3124 humana,
1355 3062 1451 3116 sed
1473 3061 1655 3116 divina
1687 3072 1868 3119 mente

284 3144 582 3213 prospicio.

357 3238 527 3311 472
573 3240 625 3294 5.
682 3258 699 3291 ι
764 3240 1018 3299 Potentes
1062 3245 1278 3315 populi,
1331 3246 1635 3303 benedicite
1683 3248 1867 3303 Domi-

286 3346 448 3394 num,
485 3331 575 3398 qui
619 3333 941 3390 ascendistis
978 3349 1144 3405 super
1178 3336 1421 3406 jumenta
1451 3338 1520 3393 ⁸⁵.
1564 3358 1583 3391 ι
1621 3338 1758 3405 Quid
1785 3348 1873 3394 est

288 3419 607 3476 ascendisse
630 3437 793 3493 super
821 3426 1162 3492 jumentum?
1190 3429 1395 3498 Corpus
1435 3430 1537 3485 hoc
1569 3445 1745 3485 meum
1782 3432 1868 3501 ju-

289 3518 537 3566 mentum
568 3522 653 3569 est
686 3532 699 3567 :
732 3515 800 3569 ad
831 3517 1199 3592 adjumentum
1237 3521 1381 3575 enim
1426 3531 1480 3575 et
1517 3522 1583 3576 ad
1623 3523 1869 3578 ministe-

287 3604 431 3658 rium
475 3604 658 3660 datum
686 3616 808 3662 est:
849 3624 948 3677 ego
994 3619 1174 3665 autem
1217 3626 1359 3676 sum,
1414 3614 1467 3669 id
1522 3624 1607 3669 est
1650 3614 1873 3670 interior

284 3695 482 3759 homo,
516 3695 607 3764 qui
642 3697 857 3752 aseendi
898 3712 1061 3768 super
1107 3699 1409 3766 jnmentum
1454 3704 1577 3767 hoc,
1623 3706 1707 3760 cui
1740 3706 1873 3760 diei-

282 3796 396 3853 tur,
426 3798 494 3842 ut
528 3788 841 3845 benedicam
878 3789 1185 3847 Dominum.
1229 3793 1284 3849 Si
1332 3810 1460 3864 ergo
1512 3810 1640 3852 vere
1679 3812 1871 3854 ascen-

277 3880 407 3936 disti
438 3893 616 3947 supra
644 3895 860 3952 corpus,
888 3892 943 3937 et
972 3884 1218 3953 superior
1244 3884 1469 3943 effectus
1499 3890 1874 3960 corporalibus

281 3971 597 4036 desideriis,
647 3982 704 4028 et
750 3984 927 4035 motus
984 3977 1227 4045 corporis
1271 3979 1345 4032 tui
1395 3979 1546 4034 freno
1589 3985 1788 4039 utentis
1819 3994 1875 4040 et

286 4062 576 4118 interioris
635 4063 869 4118 hominis
936 4065 1304 4121 moderamine
1358 4070 1751 4139 gubernantur,
1808 4076 1874 4129 de

292 4162 346 4210 te
374 4152 600 4218 dicitur,
623 4154 749 4223 quia
778 4156 1073 4211 ascendisti
1103 4172 1268 4227 super
1289 4157 1591 4226 jumentum
1624 4165 1748 4230 hoc,
1784 4167 1872 4220 cui

291 4246 517 4312 dicitur,
568 4257 627 4301 ut
680 4247 972 4304 benedicas
1028 4250 1334 4305 Dominum.
1389 4252 1526 4319 Quid
1566 4263 1743 4311 autem
1790 4269 1873 4315 est

288 4339 439 4411 quod
469 4340 752 4407 sequitur?
783 4362 802 4391 α
843 4340 1018 4410 Super
1065 4341 1332 4409 vehicula,
1363 4343 1540 4413 inquit
1582 4346 1650 4412 ⁸⁸,
1676 4350 1871 4405 seden-

291 4438 401 4495 tes,
425 4439 484 4484 et
508 4444 673 4499 super
713 4432 894 4487 asinas
946 4430 1292 4501 refulgentes.
1327 4451 1344 4485 ι
1375 4432 1510 4499 Quid
1556 4437 1656 4491 sibi
1687 4441 1874 4496 viden-

1963 591 2162 656 dicere,
2194 601 2247 646 et
2286 593 2337 645 iu
2379 591 2554 646 medio
2598 591 2890 646 lmtantium
2941 592 3158 646 laudare
3194 593 3380 649 Detnn.
3409 611 3425 642 ι
3463 591 3535 648 Ibi

1964 680 2167 736 dabunt
2218 683 2456 751 justitias
2504 682 2729 736 Domino
2755 682 2825 735 ⁸⁸.
2864 701 2881 733 ι
2919 680 3255 737 Sacrificium
3309 684 3539 738 Domino

1965 772 2094 826 illud
2126 782 2207 827 est
2250 772 2599 840 acceptabile,
2640 773 2780 842 quod
2832 776 2883 827 in
2918 772 3128 840 justitia
3168 775 3392 829 offertur
3429 775 3537 829 Do-

1964 863 2110 917 tuiuo
2142 872 2196 918 et
2233 866 2504 932 aequitate.
2554 864 2619 918 Et
2663 865 2783 918 ideo
2831 864 3028 919 dicitur
3050 865 3092 896 ⁸⁷
3123 888 3133 922 ;
3165 883 3182 916 ι
3220 864 3360 920 Justi
3408 881 3540 920 con-

1965 952 2144 1008 fortati
2171 964 2295 1008 sunt
2319 960 2369 1009 in
2397 954 2575 1008 Israel.
2614 972 2632 1005 >
2665 954 2720 1008 In
2751 954 2875 1009 aliis
2898 955 3116 1024 quidem
3148 956 3420 1024 gentibus,
3446 959 3536 1025 qui

1965 1046 2207 1115 corporis
2232 1047 2422 1101 robore
2459 1046 2709 1102 fortiores
2735 1059 2879 1112 sunt,
2909 1047 2981 1101 illi
3019 1057 3266 1115 potentes
3291 1048 3540 1103 dicuntur

1964 1134 2017 1189 in
2046 1135 2230 1206 pra'lio
2260 1158 2270 1191 :
2301 1137 2352 1190 in
2389 1137 2549 1192 Israel
2582 1152 2709 1192 vero
2734 1138 2825 1206 qui
2846 1136 3105 1207 jusliores
3147 1146 3291 1203 sunt,
3319 1139 3415 1206 ipsi
3444 1154 3549 1208 po—

1967 1228 2233 1282 tentiores
2269 1228 2527 1283 dicuntur
2581 1229 2633 1283 in
2682 1227 2839 1284 hellis
2869 1247 2882 1283 :
2914 1227 3038 1296 quia
3080 1228 3290 1297 justitia
3327 1230 3543 1285 etiamsi

1965 1319 2171 1374 viribus
2214 1318 2429 1374 infirma
2462 1319 2558 1385 sit,
2589 1321 2756 1374 vincit
2778 1336 2792 1373 :
2816 1318 3073 1386 iniustitia
3102 1334 3253 1382 vero,
3276 1320 3376 1374 etsi
3405 1321 3540 1374 mni-.-

1967 1421 2051 1466 tos
2089 1422 2144 1466 et
2186 1411 2390 1467 validos
2436 1422 2762 1483 pugnatores
2812 1412 3038 1477 habeat,
3081 1420 3389 1481 superatur.
3446 1407 3539 1464 Sic

1966 1501 2129 1570 igitur
2155 1502 2206 1555 in
2233 1501 2332 1556 hac
2357 1510 2517 1570 gente
2545 1510 2748 1565 nostra,
2788 1501 2839 1555 id
2879 1512 2960 1555 est
2993 1501 3045 1555 in
3076 1500 3270 1570 popqu
3300 1500 3416 1565 Dei,
3448 1514 3553 1569 per

1962 1592 2223 1663 justitiam
2281 1609 2639 1664 superamus,
2696 1602 2787 1647 aut
2843 1608 2940 1664 per
2998 1592 3315 1662 injustitiam
3368 1591 3541 1647 Vinci-

1968 1700 2106 1738 mur.

2036 1775 2088 1831 6.
2119 1794 2138 1827 r
2181 1776 2443 1846 Exsurge,
2487 1777 2731 1832 Debbora
2756 1818 2769 1841 ,
2821 1790 3053 1847 exsurge
3078 1786 3132 1831 ct
3163 1777 3362 1831 suscita
3405 1776 3539 1831 dena

1967 1866 2132 1921 millia
2154 1868 2410 1936 p0puli“.
2426 1868 2740 1938 tProphetia
2766 1869 2981 1938 quando
3003 1867 3282 1937 exsurgit?
3301 1864 3544 1921 Profecto

1966 1959 2017 2013 in
2045 1960 2276 2013 adventu
2306 1959 2522 2014 Domini
2553 1978 2567 2015 :
2594 1970 2649 2015 et
2677 1976 2782 2015 non
2814 1960 2984 2016 solum
3014 1961 3128 2029 ipsa
3157 1960 3419 2029 exsurgit,
3447 1959 3540 2013 sed

1964 2061 2019 2106 et
2051 2051 2276 2120 populos
2313 2052 2543 2107 suscitat
2574 2052 2642 2107 ad
2690 2052 3041 2108 credendum.
3070 2071 3088 2105 ι
3129 2052 3408 2120 Captivam
3440 2049 3541 2103 du-

1965 2143 2074 2199 cito
2089 2144 2479 2213 captivitatem,
2502 2144 2573 2198 fili
2595 2144 2857 2201 Abinoem
2871 2146 2937 2198 ⁸⁹.
2954 2164 2972 2196 ι
2992 2144 3253 2198 Abiuoem
3277 2141 3543 2208 responsio

1964 2237 2131 2303 patris
2175 2236 2563 2305 interpretatur
2597 2235 2730 2307 (74).
2770 2237 2940 2308 Hujus
2987 2236 3129 2291 filius
3175 2245 3259 2290 est
3312 2233 3541 2289 Barach.

1965 2325 2340 2396 Captivitatem
2368 2329 2435 2385 de
2462 2331 2703 2385 hostibus
2734 2331 2934 2400 capiet,
2962 2330 3050 2399 qui
3089 2325 3327 2384 cmlestis
3367 2325 3546 2381 Patris

1968 2434 2223 2488 responsa
2250 2421 2571 2475 servaverit.
2604 2439 2621 2470 ι
2658 2419 2907 2483 Domine,
2944 2417 3163 2473 humilia
3202 2416 3331 2471 mibi
3358 2413 3545 2471 fortio-

1970 2525 2056 2565 res
2078 2526 2163 2565 me
2187 2512 2255 2567 ’°.
2292 2530 2310 2563 ι
2342 2510 2452 2566 Vox
2477 2512 2578 2567 ista
2609 2512 2845 2568 fidelium
2872 2520 2975 2575 est,
3007 2510 3379 2566 confitentium
3415 2509 3547 2561 sitn-

1967 2600 2181 2672 pliciter
2208 2600 2461 2658 fortiores
2483 2619 2605 2659 esse
2630 2604 2880 2659 inimicos
2912 2617 3061 2666 suos,
3087 2602 3372 2656 adversum
3412 2612 3547 2667 quos

1969 2693 2123 2748 nobis
2160 2709 2334 2765 pugna
2381 2705 2433 2750 et
2473 2704 2745 2750 certamen
2787 2704 2871 2751 est
2905 2712 2919 2749 :
2966 2693 3091 2764 quia
3129 2707 3233 2746 non
3272 2698 3358 2745 est
3394 2688 3548 2744 nobis

1967 2801 2145 2856 pugna
2182 2789 2441 2844 adversus
2471 2805 2691 2844 carnem
2716 2801 2770 2843 et
2797 2787 3135 2858 sanguinem.
3161 2784 3411 2853 Alioquin
3442 2797 3548 2837 non

1968 2889 2111 2938 esset
2146 2882 2301 2937 nobis
2334 2883 2523 2937 fortior
2553 2880 2916 2937 adversarius.
2948 2878 3052 2934 Sed
3085 2876 3339 2947 quoniam
3362 2876 3550 2929 adver-

1969 2988 2087 3029 sum
2123 2975 2459 3043 principatus
2488 2984 2542 3028 ct
2592 2981 2907 3043 potestates,
2948 2981 3002 3024 et
3039 2972 3324 3026 adversum
3362 2967 3545 3021 mundi

1969 3066 2129 3136 hujus
2167 3076 2405 3121 rectores
2453 3065 2820 3129 tenebrarum,
2849 3073 2906 3118 et
2943 3064 3226 3118 adversum
3276 3061 3545 3132 spiritalia

1894 3176 1936 3235 ο
1971 3158 2222 3229 nequitite
2277 3166 2359 3213 est
2421 3158 2725 3220 luctamen,
2787 3156 2988 3212 idcirco
3048 3154 3179 3211 dicit
3230 3154 3545 3225 propheta:

1976 3270 1993 3303 ι
2028 3252 2282 3315 Domine,
2334 3251 2555 3305 humilia
2603 3250 2731 3304 mihi
2782 3248 3037 3304 fortiores
3084 3261 3185 3301 me.
3222 3245 3546 3312 »ριιοιιὶοάο

1969 3345 2114 3398 enim
2140 3358 2245 3398 non
2273 3343 2387 3399 haec
2413 3351 2558 3398 tanta
2592 3343 2879 3411 spirituum
2902 3342 3002 3404 vis,
3023 3341 3180 3410 longe
3202 3339 3273 3393 sit
3314 3340 3546 3392 humana

1971 3435 2261 3505 fragilitate
2302 3434 2712 3490 vehementior?
2760 3433 2865 3487 Sed
2918 3433 2968 3486 in
3018 3445 3083 3486 eo
3135 3430 3273 3484 Deus
3328 3428 3550 3496 adjuvat

1973 3526 2338 3580 infirmitatem
2386 3532 2657 3589 nostram,
2702 3523 2754 3578 in
2808 3537 2915 3592 quo
2959 3521 3093 3577 dicit
3133 3519 3419 3589 Apostolus
3448 3517 3495 3551 “
3532 3536 3545 3571 :

1976 3635 1994 3669 ι
2037 3614 2228 3672 Omnia
2261 3631 2480 3687 possum
2510 3617 2559 3670 in
2591 3629 2656 3670 eo
2685 3615 2777 3685 qui
2805 3630 2890 3669 me
2931 3614 3221 3675 confortat,
3255 3631 3274 3665 ι
3305 3611 3544 3666 Christo.

1972 3709 2108 3763 Sunt
2134 3707 2249 3762 istae
2275 3707 2490 3776 quidem
2537 3707 2766 3760 virtutes
2813 3704 3067 3759 fortiores
3102 3703 3293 3757 nobis:
3326 3700 3419 3757 sed
3452 3703 3550 3756 ite-

1973 3813 2090 3853 rum
2122 3798 2210 3867 qui
2238 3798 2289 3851 in
2315 3796 2469 3850 nobis
2509 3806 2592 3850 est
2621 3794 2889 3858 Christus,
2925 3805 2979 3848 et
3002 3792 3278 3849 confortat
3316 3806 3439 3857 nos,
3468 3801 3551 3845 est

1969 3889 2211 3945 omnium
2245 3886 2468 3952 fortior;
2512 3887 2597 3940 cui
2634 3895 2717 3941 est
2758 3886 2927 3957 gloria
2959 3896 3011 3941 et
3049 3883 3331 3953 imperium
3369 3882 3421 3937 in
3457 3898 3566 3937 εειιε

1972 3981 2091 4037 cuia
2128 3978 2469 4037 saeculorum.
2505 3980 2693 4033 Amen.

2542 4093 2823 4151 HOMILIA
2869 4093 2977 4148 VII.

1971 4186 2048 4242 De
2088 4204 2147 4242 eo
2190 4188 2327 4257 quod
2380 4186 2795 4308 translatiusu‘rltt
2855 4183 2956 4250 lilii
3011 4181 3184 4236 Israel
3243 4183 3307 4234 in
3364 4196 3555 4232 manus

2701 4273 2731 4307 a
2774 4269 2884 4306 tan.

2701 4269 2884 4307 ααιαη.

2046 4350 2097 4402 1.
2118 4346 2362 4415 Quies-cit
2392 4355 2536 4401 terra
2565 4346 2736 4400 donec
2763 4343 2988 4413 quiescit
3016 4349 3321 4412 peccatum.
3350 4337 3560 4392 Moverl

1976 4448 2156 4494 autem
2185 4440 2385 4495 dicitur
2406 4446 2571 4501 terra,
2605 4437 2706 4491 hoc
2727 4443 2832 4498 est,
2858 4434 2893 4487 ii
2924 4434 3013 4502 qui
3040 4432 3285 4487 habitant
3321 4440 3549 4491 terram.

294 4536 385 4579 tur
416 4536 539 4578 esse
566 4522 730 4577 asinae
779 4522 1142 4592 refulgentes?
1195 4524 1334 4581 Dicit
1375 4531 1520 4586 enim
1567 4532 1867 4601 Scriptura,
1904 4516 1949 4570 Ῑ)
1977 4548 2098 4587 cum
2120 4532 2331 4586 animas
2360 4530 2637 4586 hominum
2671 4541 2887 4581 movere
2915 4524 3179 4593 coeperim
3199 4561 3215 4588 ,
3257 4530 3312 4576 et
3341 4530 3569 4591 ρει-ωε-.

292 4617 419 4683 quia
455 4621 703 4683 oporteat
733 4614 1053 4670 benedicere
1080 4616 1369 4674 Dominum
1411 4636 1505 4678 eos
1553 4622 1643 4692 qui
1675 4624 1868 4681 sedent

293 4718 460 4773 super
513 4705 755 4760 vehicula
803 4716 858 4762 et
906 4725 1069 4778 super
1119 4714 1299 4769 asinas
1350 4714 1695 4786 refulgentes.
1741 4718 1865 4773 Mihi

293 4797 444 4851 velut
488 4797 541 4852 in
585 4798 721 4855 locis
768 4803 841 4856 ita
889 4801 1192 4860 difﬁcilibus
1233 4807 1339 4862 tale
1379 4808 1579 4878 aliquid
1609 4811 1863 4865 videtur:

292 4908 414 4945 cum
438 4891 741 4960 jumentum
780 4898 901 4963 hoc,
932 4898 983 4952 id
1027 4907 1110 4954 est
1147 4915 1347 4971 corpus
1383 4915 1580 4964 meum,
1609 4900 1709 4955 sub
1738 4901 1869 4971 jugo

294 4984 502 5039 venerit
525 4987 674 5040 verbi
708 4987 820 5055 Dei,
856 5002 983 5047 tunc
1021 4992 1323 5048 vehiculum
1355 4993 1598 5063 corporis
1629 4993 1731 5048 mei
1780 5008 1868 5048 re-

290 5072 575 5143 splendere
604 5075 857 5147 incipiet;
904 5090 960 5135 et
1005 5082 1158 5137 asina
1197 5081 1332 5148 haec,
1363 5079 1417 5135 id
1452 5092 1535 5136 est
1570 5097 1698 5136 caro
1730 5097 1869 5149 mea,

293 5177 421 5223 tunc
452 5167 726 5240 refulgere
755 5172 983 5236 dicetur,
1023 5188 1145 5227 cum
1190 5174 1457 5227 castitatis
1497 5186 1560 5227 ac
1596 5173 1871 5242 pudicitiae

294 5258 455 5317 fuerit
478 5261 767 5331 splendore
788 5265 1063 5318 decorata.
1096 5263 1160 5316 Et
1188 5264 1260 5317 ita
1288 5260 1653 5317 rectedicitur
1686 5264 1869 5321 anima

1976 4625 2107 4678 hare
2141 4631 2380 4692 peccata.
2417 4621 2484 4675 Et
2528 4620 2653 4675 ideo
2684 4618 2943 4687 scriptum
2975 4626 3060 4671 est
3105 4615 3205 4669 hoc
3239 4613 3382 4684 quod
3408 4627 3552 4666 nunc

1975 4730 2213 4785 praesens
2245 4713 2403 4768 lectio
2428 4714 2690 4767 continet.
2727 4727 2748 4761 ι
2782 4709 2847 4764 Ει
2870 4708 3095 4778 quievit,
3124 4706 3383 4776 inquit”,
3407 4713 3549 4758 terra

1974 4804 2331 4874 quadraginta
2363 4804 2541 4861 annis.
2574 4802 2638 4856 Et
2661 4800 2904 4857 fecerunt
2935 4800 3026 4854 filii
3063 4799 3225 4853 Israel
3254 4794 3549 4864 malignum

1976 4896 2028 4950 in
2062 4906 2351 4963 conspectu
2386 4893 2619 4957 Domini,
2644 4901 2697 4947 et
2732 4891 2953 4946 tradidit
2990 4903 3095 4944 eos.
3118 4890 3168 4942 in
3214 4900 3406 4941 manus
3440 4885 3553 4938 Ma-

1974 4988 2098 5043 dian
2147 4987 2304 5041 annis
2347 4994 2574 5055 septem,
2619 4993 2673 5039 et
2723 4983 2951 5037 invaluit
2995 4980 3203 5035 Madian
3254 4993 3418 5047 super
3469 4978 3549 5032 ls-

1975 5082 2088 5136 rael
2118 5078 2182 5135 ⁸³.
2223 5100 2242 5132 ι
2278 5080 2412 5134 Dum
2454 5087 2599 5134 esset
2641 5091 2772 5146 ergo
2807 5074 3014 5146 justitia
3054 5074 3105 5127 in
3156 5082 3325 5137 terra,
3373 5071 3425 5125 id
3467 5080 3554 5125 est

1975 5174 2029 5226 in
2065 5173 2130 5227 iis
2162 5172 2253 5242 qui
2294 5171 2538 5225 habitant
2584 5178 2805 5231 terram,
2834 5166 3105 5237 quievisse
3136 5164 3341 5218 dicitur
3362 5171 3545 5229 terra;

1975 5280 2096 5319 cum
2129 5280 2255 5320 vero
2292 5266 2519 5319 increvit
2547 5260 2826 5331 iniquitas,
2867 5269 2923 5313 et
2966 5257 3212 5314 fecerunt
3249 5257 3359 5330 (75)
3390 5257 3547 5310 tuadi-

359 5425 473 5456 ⁸⁰·⁸¹
497 5423 624 5494 .Ind.
655 5423 779 5487 v.9.
843 5425 888 5455 ⁸²
919 5424 1050 5479 Phil.
1075 5425 1227 5488 nt,8.
1279 5425 1323 5457 ⁸³
1347 5425 1506 5482 ICor.
1533 5440 1590 5488 tt,
1609 5426 1661 5479 9.
1718 5427 1898 5484 “Jud.
1922 5447 1970 5494 v,
2006 5431 2059 5488 9.
2096 5429 2179 5482 I0.
2241 5429 2287 5460 ⁸⁸
2315 5425 2441 5481 ibid.
2466 5426 2552 5481 I0.
2610 5425 2655 5457 “
2675 5425 2805 5479 ibid.
2830 5425 2914 5479 II.
2977 5424 3171 5481 "ibid.
3231 5424 3277 5458 "
3302 5423 3432 5479 ibitl.
3460 5424 3545 5479 12.

291 5493 336 5525 ⁸⁹
374 5495 501 5567 ibid.
575 5493 627 5527 ⁹⁹
658 5494 787 5549 ibid.
822 5494 907 5549 15.
982 5496 1025 5527 ⁹¹
1058 5495 1251 5564 Philip.
1275 5510 1348 5561 tv,
1382 5496 1468 5549 15.
1544 5498 1588 5528 ⁰¹
1617 5494 1740 5551 Jud.
1776 5514 1828 5565 ν,
1859 5502 1866 5552 2

2025 5500 2070 5531 ’⁸
2095 5498 2299 5561 Jud.vt,
2334 5498 2383 5550 l.

364 5587 475 5657 (73)
506 5585 599 5642 Sic
621 5602 759 5658 mss.
794 5586 940 5642 Libri
972 5603 1099 5642 vero
1130 5588 1282 5654 editi,
1306 5608 1323 5640 ι
1361 5589 1431 5642 ita
1470 5590 1694 5658 spiritus
1723 5606 1866 5658 pune

297 5658 506 5719 “Willis,
536 5657 630 5726 qui
668 5658 881 5711 sincere
911 5668 1093 5722 canat,
1126 5669 1201 5713 ut.
1248 5677 1265 5709 ι

364 5726 476 5796 (71)
505 5727 753 5780 Abinoem
808 5729 1077 5795 responsio
1120 5730 1283 5795 putri:
1336 5730 1723 5794 interpretatur.
1757 5730 1869 5783 Me-

299 5795 401 5851 lius
467 5806 805 5863 verteretur,
860 5815 876 5848 t
941 5800 1228 5854 attttenitas
1296 5799 1503 5869 patris,
1556 5819 1574 5852 ι
1650 5802 1715 5854 ab
1763 5810 1870 5862 cm

1982 5610 2000 5641 ι
2049 5592 2359 5656 amoenitas,
2407 5608 2424 5640 ι
2465 5599 2518 5644 et
2544 5603 2623 5650 me
2657 5609 2674 5641 ε
2713 5597 2884 5658 pater.
2926 5608 2943 5639 ι

2073 5662 2161 5730 75)
2197 5661 2319 5726 ills,
2351 5680 2368 5711 ι
2409 5657 2754 5716 increvit.....
2809 5660 3069 5715 fecerunt.
3132 5678 3150 5710 ι
3194 5657 3345 5714 I.ibb.
3394 5658 3545 5725 editi,

1977 5753 1993 5784 ι
2042 5735 2422 5807 ittcrevcrit....
2462 5730 2707 5786 fecerint.
2752 5749 2768 5780 ι
