4058 6244
530 300 595 355 97
600 302 637 356 θ’

1970 294 2289 353 ORIGENIS

3725 291 3853 349 930

530 424 696 487 gnum
734 416 785 469 in
818 425 1109 485 conspectu
1143 415 1378 484 Domini,
1408 436 1427 469 ι
1468 427 1594 473 tunc
1637 417 1874 481 tradidit,
1915 412 2107 485 inquit,
2140 415 2184 469 Α
2214 410 2444 468 libenter
2470 415 2747 479 ascendat,
2786 416 3084 484 depereunt
3120 416 3302 470 omnia
3330 430 3451 486 quae
3481 416 3677 483 prius
3716 415 3851 467 fuc-

528 521 627 563 eos
677 506 938 562 Dominus
986 508 1038 560 in
1099 522 1291 563 manus
1349 508 1560 563 Madian
1612 510 1765 564 anuis
1802 518 2029 577 septem.
2077 526 2095 558 ι

534 598 642 652 Nec
671 599 925 652 dicantur
970 598 1265 655 invaluisse
1303 598 1608 654 Madianitte
1655 615 1816 670 super
1850 599 2101 668 populum

532 690 765 752 Domini,
807 691 980 746 donec
1033 704 1301 762 praecepta
1350 694 1559 749 Domini
1596 692 1821 761 populus
1867 690 2106 744 custodi-

528 784 626 836 vit.
656 784 788 839 Cum
825 801 952 839 vero
985 786 1259 855 negligere
1290 785 1453 852 erepit
1492 785 1739 837 mandata
1780 782 1983 846 divina,
2017 796 2109 835 ro-

530 876 739 929 bustior
765 885 819 929 et
844 876 1073 931 validior
1104 875 1295 931 effecta
1321 888 1401 929 est
1424 877 1685 930 adversus
1714 892 1836 929 eum
1864 876 2099 929 hostium

530 982 741 1021 manus.
780 968 846 1022 Et
887 968 1173 1022 adversum
1213 969 1430 1037 quidem
1478 966 1626 1021 illmu
1660 969 1895 1037 priorem
1935 983 2103 1037 popu—

530 1055 639 1112 lum
680 1060 989 1127 corporalcs
1028 1060 1378 1129 insurgebant
1420 1060 1635 1126 hostes,
1680 1076 1802 1114 cum
1842 1060 2099 1129 deliquis-

529 1160 648 1214 set;
683 1151 965 1204 adversum
995 1165 1093 1204 nos
1123 1161 1325 1212 autem.
1358 1153 1446 1221 qui
1479 1151 1639 1206 Israel
1674 1151 1966 1207 secundum
1990 1152 2103 1222 spi-

529 1241 692 1293 ritum
735 1239 845 1309 (76)
885 1240 1148 1309 dicimur,
1212 1243 1475 1311 spiritalis
1526 1245 1644 1298 siue
1710 1242 1874 1298 dubio
1930 1244 2102 1298 hostis

533 1331 786 1401 insurgit,
843 1342 897 1386 et
949 1347 1070 1387 cum
1124 1336 1373 1388 mandata
1428 1335 1520 1389 Dei
1572 1335 1925 1405 negligimus,
1978 1350 2099 1389 cum

526 1422 803 1477 Christum
838 1424 1255 1491 contemnimus,
1283 1426 1516 1479 validior
1543 1427 1829 1480 adversum
1864 1440 1960 1481 nos
1994 1440 2103 1479 ma-

527 1531 627 1569 nus
665 1516 967 1570 daemonum
992 1516 1223 1571 ellicitur
1258 1536 1271 1571 :
1304 1527 1358 1572 et
1389 1518 1653 1573 tradimur
1675 1519 1837 1575 etiam
1874 1533 1971 1572 nos
2004 1518 2105 1571 ini-

529 1608 703 1669 micis,
733 1623 854 1662 cum
889 1610 1193 1663 deserimur
1222 1626 1248 1663 a
1287 1613 1485 1680 gratia.

594 1699 648 1751 2.
682 1697 789 1752 Sed
825 1700 1103 1753 videamus
1128 1700 1255 1767 quid
1286 1702 1482 1755 accidit
1507 1702 1606 1767 eis,
1639 1701 1731 1769 qui
1765 1699 1947 1754 traditi
1979 1707 2101 1753 sunt

526 1805 621 1857 pro
652 1790 891 1858 peccatis
922 1791 1051 1844 suis.
1096 1809 1114 1842 ι
1150 1791 1214 1845 Ει
1256 1791 1546 1863 fugerunt,
1598 1791 1775 1861 inquit
1798 1791 1868 1854 ",
1903 1791 1992 1844 filii
2028 1789 2106 1844 Is-

528 1883 636 1936 rael
672 1898 700 1935 a
731 1882 869 1936 facie
896 1882 1105 1937 Madiau
1134 1898 1228 1950 per
1254 1892 1403 1954 septa
1432 1885 1485 1939 in
1518 1884 1884 1949 montibus,et
1907 1882 1957 1936 in
1982 1895 2107 1950 spe-

521 1971 719 2039 Iuncis,
738 1982 789 2027 et
813 1974 865 2027 iu
898 1974 1327 2040 munitionibus;
1352 1985 1403 2031 et
1432 1973 1770 2030 efﬁciebatur
1798 1988 1919 2027 cum
1953 1973 2111 2027 semi-

521 2073 708 2120 nasset
735 2065 818 2119 vir
848 2065 1036 2131 Israel,
1063 2067 1427 2121 ascendebant
1454 2064 1664 2121 Madian
1699 2075 1754 2121 et
1782 2064 2022 2130 Amalec,
2053 2072 2108 2119 et

524 2155 615 2209 tilii
642 2156 881 2211 Orientis
908 2172 1075 2227 super
1103 2173 1217 2225 eos,
1241 2166 1296 2212 et
1319 2159 1771 2227 superveniebant
1803 2158 1901 2222 eis,
1929 2166 1980 2211 et
2006 2170 2106 2210 ex-

524 2250 884 2303 termiuahant
901 2266 1090 2303 omnes
1117 2250 1324 2304 fructus
1351 2259 1535 2312 terrae,
1554 2264 1833 2319 usquequo
1857 2247 2107 2318 perveni-

519 2350 671 2393 retur
694 2341 744 2393 in
769 2339 993 2394 Gazam.
1018 2360 1035 2391 ι
1057 2341 1179 2395 Haec
1195 2342 1408 2410 quidem
1428 2342 1857 2411 patiebaturille,
1873 2342 1964 2411 qui
1988 2350 2105 2396 erat

517 2432 818 2485 secundmu
854 2446 1076 2486 carnem
1121 2432 1306 2488 Israel.
1363 2433 1679 2489 Seminabat
1730 2444 1962 2499 terram,
2006 2434 2101 2488 sed

518 2522 772 2590 quoniam
792 2536 890 2591 pro
910 2524 1147 2591 peccatis
1164 2526 1276 2579 suis
1303 2526 1532 2579 traditus
1554 2534 1673 2579 erat
1700 2525 2104 2594 insurgentibus

519 2613 789 2675 inimicis,
832 2628 933 2683 pro
969 2613 1215 2683 frugibus
1247 2617 1649 2685 corruptionem
1688 2617 1943 2671 metebat.
1988 2614 2100 2669 No-

518 2704 605 2759 bis
629 2719 757 2758 vero
778 2704 870 2773 qui
897 2706 1193 2759 secundum
1232 2707 1480 2775 spiritum
1526 2707 1690 2762 Israel
1734 2709 2095 2774 nominamur,

522 2797 648 2865 quid
678 2797 787 2851 tale
809 2797 1055 2851 accidere
1094 2807 1271 2865 potest
1306 2797 1732 2851 consideremus.
1766 2798 1858 2851 Est
1882 2799 2099 2867 quando

528 2886 683 2959 473
715 2888 1067 2953 seminamus,
1111 2897 1163 2943 et
1196 2904 1300 2944 non
1331 2900 1561 2958 possunt
1608 2889 1811 2945 inimici
1846 2904 2096 2942 corrum-

521 2991 650 3045 pere
684 2978 891 3031 semina
928 2992 1049 3047 quae
1076 2978 1432 3044 seminamus,
1461 2994 1566 3032 non
1607 2988 1838 3049 possunt
1869 2980 1983 3048 apri
2016 2980 2097 3031 in-

2138 1748 2179 1801 Β

2208 517 2327 560 rant
2363 509 2414 560 in
2456 508 2651 562 horreo
2685 509 3033 562 conscientia:
3081 520 3431 578 congregata.
3475 507 3843 572 Propterea

2206 615 2334 668 ergo
2368 600 2659 669 Scriptura:
2692 610 2899 655 sancta:
2934 603 3090 654 nobis
3123 601 3390 655 servanda
3422 598 3849 653 commonitio

2205 703 2288 746 est
2322 694 2617 749 dicentis"
2647 712 2662 747 :
2699 712 2717 745 ι
2744 691 2902 749 Omni
2934 695 3181 747 custodia
3220 709 3376 748 serva
3420 702 3591 745 tuum
3646 706 3790 745 cor.
3824 710 3845 744 ι

2204 781 2631 837 Custodiendum
2674 792 2759 837 est
2800 783 2963 850 igitur
2998 797 3093 836 cor
3141 784 3209 835 ab
3240 783 3384 836 omni
3436 790 3741 850 peccato,
3790 790 3851 833 et

2206 873 2473 942 praecipue
2522 874 2577 927 in
2620 882 2862 940 tempore
2908 873 3323 942 persecutionis.
3379 871 3434 927 Si
3498 872 3611 925 cui
3676 873 3847 925 enim

2205 967 2439 1032 accidat,
2470 974 2531 1020 ut
2578 966 2632 1020 in
2679 964 2863 1036 aliquo
2914 966 3131 1035 quidem
3187 976 3429 1032 tempore
3479 976 3844 1035 congregat

2204 1058 2414 1113 fructus
2442 1058 2691 1128 justitize,
2732 1057 3020 1126 conquirat
3053 1072 3215 1124 opera
3247 1057 3547 1119 virtutum,
3596 1066 3667 1109 et
3708 1072 3844 1109 om-

2205 1150 2366 1205 nibus
2408 1165 2467 1205 se
2499 1153 2905 1220 probatissimis
2944 1150 3158 1205 excolat
3190 1150 3521 1217 disc‘plinis,
3580 1150 3650 1202 in
3692 1164 3837 1218 per-

2203 1242 2501 1298 secutionis
2542 1258 2674 1298 vero
2710 1253 2953 1312 tempore
3000 1243 3228 1311 deneget
3266 1241 3454 1303 fidem,
3499 1240 3632 1294 iste
3686 1254 3834 1293 eon-

2203 1333 2316 1389 dita
2361 1335 2539 1389 omnia
2608 1334 2933 1400 evacuavit,
2985 1348 3051 1389 ex
3115 1332 3366 1386 omnibus
3421 1330 3828 1384 facultatibus

2203 1426 2315 1480 suis
2348 1426 2522 1480 nudus
2553 1434 2778 1495 repente
2820 1434 2873 1481 et
2901 1424 3080 1478 inanis
3117 1420 3342 1477 eﬂ‘ectus
3372 1431 3476 1484 est,
3521 1422 3681 1490 quia
3733 1422 3828 1477 diu

2204 1518 2495 1585 quaesitus,
2548 1526 2602 1571 et
2652 1516 2819 1571 multo
2863 1517 2953 1571 vix
3003 1516 3190 1570 labore
3242 1515 3507 1570 collectus
3539 1555 3559 1579 ,
3624 1514 3826 1567 subito

2202 1610 2382 1664 omnis
2410 1608 2612 1664 eﬂ’usus
2641 1620 2724 1665 est
2755 1610 2947 1664 labor:
2983 1619 3037 1663 et
3070 1611 3212 1663 sicut
3247 1609 3379 1662 dicit
3412 1608 3723 1678 propheta
3751 1607 3813 1671 θ’,

2212 1719 2231 1752 ι
2260 1716 2450 1756 omnes
2476 1702 2703 1771 justitite
2737 1700 2853 1770 ejus
2880 1716 3014 1770 quas
3055 1700 3203 1765 fecit,
3237 1713 3346 1752 non
3383 1710 3807 1751 commemora-

2214 1794 2436 1849 buntur.
2460 1812 2478 1845 ι
2523 1793 2817 1863 Propterea
2858 1808 3014 1863 ergo,
3036 1791 3255 1851 fratres,
3279 1790 3674 1859 deprecemur
3716 1787 3798 1840 De-

2212 1885 2414 1940 minum
2445 1886 2766 1940 confitentes
2788 1886 2836 1939 ei
2868 1885 3238 1939 inﬁrmitatem
3277 1892 3562 1944 nostram,
3605 1895 3687 1934 ne
3718 1895 3807 1933 nas

2210 1978 2387 2032 tradat
2420 1978 2474 2031 in
2506 1992 2696 2032 manus
2729 1975 2963 2038 Madian,
2994 1990 3062 2028 ne
3087 1974 3266 2029 tradat
3304 1974 3498 2028 bestiis
3544 1974 3809 2026 animam

2209 2065 2553 2119 conﬁtentem
2585 2064 2708 2128 sibi,
2737 2078 2804 2117 ne
2847 2077 2945 2117 nos
2970 2064 3149 2116 tradat
3178 2061 3230 2114 in
3273 2075 3469 2115 manus
3498 2069 3807 2128 potentum

2206 2170 2398 2210 eorum
2426 2157 2520 2225 qui
2553 2156 2757 2221 dicunt,
2785 2154 3014 2221 Quando
3042 2155 3220 2209 veniet
3266 2160 3478 2223 tempus
3525 2163 3600 2207 ut
3645 2155 3805 2208 detur

2206 2249 2361 2304 nobis
2402 2258 2639 2318 potestas
2687 2250 2943 2303 adversus
2978 2248 3341 2313 Christianos,
3375 2248 3615 2317 quando
3685 2259 3801 2299 tra-

2206 2340 2402 2395 dentur
2432 2342 2482 2396 in
2513 2356 2704 2396 manus
2733 2350 2945 2396 nostras
2978 2340 3068 2395 isti
3102 2338 3193 2409 qui
3225 2355 3283 2393 se
3318 2340 3505 2394 dicunt
3549 2341 3795 2405 habere,

2204 2433 2286 2486 vel
2322 2448 2482 2488 nosse
2520 2435 2724 2487 Deum?
2756 2434 2910 2500 Quod
2941 2443 2994 2487 et
3039 2434 3083 2488 si
3122 2432 3421 2497 tradamur,
3464 2442 3521 2486 et
3554 2448 3796 2503 accepe-

2206 2527 2316 2579 rint
2349 2534 2671 2594 potestatem
2707 2525 2899 2588 nostri,
2924 2539 3143 2579 oremus
3174 2524 3417 2592 accipere
3449 2539 3479 2577 a
3522 2523 3648 2579 Deo
3683 2527 3787 2578 vir-

2207 2626 2397 2683 tutem,
2432 2626 2489 2671 ut
2521 2618 2793 2673 suatinere
2819 2617 3129 2687 possimus:
3157 2625 3213 2669 ut
3241 2627 3294 2669 et
3329 2616 3459 2670 lides
3497 2628 3691 2670 nostra
3731 2618 3783 2670 in

2204 2709 2470 2778 pressaris
2500 2717 2553 2763 et
2586 2706 3039 2762 tribulationibus
3068 2707 3270 2761 clarior
3308 2706 3422 2770 Iiat,
3452 2716 3513 2759 ut
3554 2721 3659 2776 per
3685 2722 3781 2776 pa-

2203 2802 2445 2855 tientiam
2479 2809 2718 2855 nostram
2755 2799 2969 2853 illorum
2999 2806 3285 2867 superetur
3312 2796 3672 2867 impudentia,
3699 2809 3775 2859 et,

2199 2894 2341 2949 sicut
2372 2893 2508 2947 dixit
2535 2892 2816 2956 Dominus,
2844 2891 2897 2944 in
2927 2903 3109 2945 noetra
3135 2888 3396 2958 patientia
3425 2890 3774 2959 acquiramus

2198 2985 2417 3037 animas
2467 2993 2686 3036 nostras
2724 2981 2770 3012 ’⁸
2814 2981 2987 3048 :quia
3052 2998 3071 3031 ι
3120 2978 3399 3033 tribulatio
3457 2978 3767 3048 patientiam

520 3067 707 3121 sidiari
762 3068 986 3123 culturae
1023 3078 1258 3122 nostrae:
1295 3078 1379 3123 est
1424 3079 1606 3123 autem
1656 3071 1879 3140 quando
1928 3069 2095 3124 semi-
2123 3074 2164 3131 C
2198 3084 2470 3142 cperatur,
2506 3071 2767 3141 patientia
2797 3086 2925 3124 vero
2965 3070 3367 3139 probationem,
3407 3070 3638 3139 probatio
3661 3084 3759 3119 au-

521 3173 714 3213 namus
754 3168 807 3213 et
855 3170 1279 3228 corrumpuntur
1321 3176 1443 3229 quae
1498 3162 1847 3215 seminamus.
1895 3162 2093 3216 Paulus

518 3265 617 3305 nos
653 3252 931 3319 apostolus
959 3252 1025 3306 de
1055 3252 1155 3307 hac
1196 3253 1496 3307 seminandi
1533 3253 1728 3308 doceat
1768 3253 2091 3309 diﬂ‘erentia.

521 3340 655 3395 Audi
686 3356 815 3409 ergo
846 3340 960 3411 ipse
989 3342 1115 3411 quid
1147 3342 1275 3396 dicit
1302 3358 1316 3395 :
1352 3361 1370 3393 ι
1400 3342 1501 3409 Qui
1527 3343 1782 3409 seminat,
1812 3343 1989 3412 inquit
2023 3345 2091 3407 ⁸⁵,

523 3430 575 3487 in
615 3444 800 3496 carne,
827 3433 892 3487 de
919 3447 1082 3487 carne
1116 3441 1282 3487 metet
1327 3433 1755 3501 corruptionem.
1789 3433 1856 3488 Et
1885 3435 1976 3504 qui
2009 3452 2093 3489 se-

520 3522 692 3574 minat
717 3523 767 3574 in
798 3521 1011 3587 spiritu,
1038 3525 1104 3577 de
1130 3522 1321 3590 spiritu
1357 3531 1523 3575 metet
1552 3522 1716 3576 vitam
1754 3531 2036 3577 aeternam.
2069 3542 2087 3574 ι

522 3610 611 3667 Isti
649 3626 775 3668 sunt
821 3630 972 3683 ergo,
1009 3630 1239 3685 quorum
1274 3614 1481 3669 semina
1514 3611 1821 3667 Madiauitaa
1852 3628 2094 3668 corrum-

522 3716 689 3776 punt,
743 3708 834 3776 qui
889 3708 939 3763 in
994 3723 1160 3763 carne
1213 3708 1502 3763 seminant.
1551 3706 1642 3760 Isti
1692 3716 1817 3762 sunt
1862 3722 2090 3776 quorum

522 3798 731 3855 fructus
777 3800 1231 3867 exterminautur,
1256 3808 1309 3854 et
1346 3808 1594 3867 pereunt.
1643 3798 1733 3853 Illa
1783 3809 1963 3853 autem
2006 3814 2093 3853 se-

519 3893 689 3956 mina,
718 3908 839 3963 quze
870 3895 919 3947 in
954 3894 1147 3961 spiritu
1196 3893 1553 3959 seminantur,
1583 3909 1689 3947 non
1724 3901 1952 3962 possunt
1978 3891 2091 3947 IIIa-

518 3986 735 4040 dianitte
763 4001 1134 4056 corrumpere.
1164 3984 1279 4039 Non
1312 3987 1458 4040 enim
1500 3995 1728 4056 possunt
1764 3986 2091 4041 adversariae

518 4091 810 4149 potestates
850 4082 1147 4135 ascendere
1189 4084 1255 4132 ad
1299 4078 1571 4147 spiritales
1620 4094 1864 4148 campos.
1893 4087 1947 4133 et
1992 4095 2089 4133 no-

518 4166 650 4219 valia
686 4167 909 4231 spiritus
957 4177 1223 4221 temerare
1273 4181 1463 4220 eorum
1511 4166 1602 4235 qui
1658 4182 1765 4221 non
1814 4169 2090 4222 seminant

516 4268 679 4321 super
729 4255 943 4323 spinas,
983 4254 1077 4309 sed
1126 4254 1387 4308 innovant
1445 4252 1550 4308 sibi
1605 4252 1861 4308 novalia:
1894 4255 1989 4309 sed
2037 4265 2092 4310 et

517 4345 644 4400 illud
681 4346 984 4400 addendum
1015 4354 1136 4401 est:
1171 4346 1293 4401 volo
1338 4346 1483 4401 enim
1513 4354 1566 4400 et
1598 4345 1863 4414 meipsum
1914 4346 2089 4402 vobis-

2197 3156 2304 3218 teiu
2335 3178 2483 3233 spem
2507 3162 2575 3218 ".
2602 3182 2620 3213 ι
2659 3160 2934 3215 Perteudit
2965 3161 3107 3216 enim
3152 3169 3341 3214 nostra
3380 3160 3608 3229 probatio
3641 3172 3741 3210 non

2194 3269 2365 3321 usque
2395 3253 2463 3307 ad
2496 3251 2721 3305 verbera
2751 3251 2951 3314 solum,
2980 3249 3071 3304 scd
3101 3263 3273 3317 usque
3296 3248 3361 3301 ad
3399 3248 3744 3317 profusionem

2193 3345 2472 3414 sanguinis
2506 3344 2793 3412 pervenit:
2827 3342 2951 3412 quia
2997 3349 3052 3395 et
3081 3340 3332 3394 Christus
3377 3353 3543 3407 quem
3586 3339 3764 3407 sequi-

2197 3452 2336 3498 mur,
2385 3450 2481 3505 pro
2536 3432 2906 3502 redemptione
2962 3438 3145 3484 nostra
3202 3427 3393 3483 effudit
3452 3431 3768 3499 sanguinem

2195 3544 2375 3594 suum,
2408 3536 2465 3580 ut
2500 3526 2626 3580 inde
2668 3539 2932 3579 exeamus
2960 3522 3056 3575 loti
3101 3521 3367 3589 sanguine
3410 3533 3620 3576 nostro.
3665 3519 3764 3572 Ba-

2194 3620 2391 3690 ptisma
2413 3620 2558 3673 enim
2589 3615 2871 3686 sanguinis
2904 3612 3079 3669 solum
3101 3620 3184 3667 est
3208 3613 3350 3680 quod
3393 3627 3497 3666 nos
3520 3613 3774 3679 puriore:

2195 3711 2421 3773 reddat,
2472 3723 2634 3779 quam
2688 3721 2845 3777 aqua
2897 3705 3200 3773 baptismus
3252 3702 3508 3757 reddidit.
3556 3700 3624 3753 Et
3672 3702 3775 3755 hoc

2192 3821 2291 3875 ego
2336 3820 2439 3859 non
2491 3817 2795 3871 prtesumo,
2849 3800 2941 3853 sed
2989 3796 3268 3864 Scriptura
3307 3792 3511 3858 refert,
3560 3794 3782 3850 dicente

2192 3895 2418 3951 Domino
2454 3896 2519 3948 ad
2564 3892 2851 3959 discipulos
2882 3892 2898 3923 ί
2927 3907 2941 3944 :
2975 3909 2994 3941 ι
3029 3890 3355 3955 Baptismum
3392 3886 3570 3941 habeo
3606 3885 3779 3952 baptie

2193 4004 2317 4043 zare
2347 3987 2488 4056 quod
2519 3999 2614 4038 vos
2649 3983 2890 4038 nescitis.
2930 3981 2995 4035 Et
3022 3986 3292 4051 quomodo
3331 3992 3529 4050 urgeor
3558 3988 3615 4031 ut
3647 3991 3777 4045 per-

2194 4079 2446 4136 ﬁciatur?
2478 4097 2495 4129 ι
2530 4075 2695 4129 Vides
2729 4089 2861 4143 ergo
2916 4074 3041 4143 quia
3080 4072 3452 4142 profusionem
3496 4070 3781 4139 sanguinis

2192 4173 2273 4227 sui
2309 4170 2575 4238 baptisma
2609 4166 2929 4221 nominavit.
2970 4165 3035 4218 Et
3070 4181 3136 4218 ne
3187 4167 3288 4218 ista
3332 4164 3557 4224 dicens,
3606 4160 3782 4217 offen-

2192 4266 2338 4327 dam,
2375 4274 2566 4315 vereor
2592 4274 2661 4313 ne
2701 4258 2845 4311 istud
2883 4258 3147 4327 baptisma
3188 4256 3525 4312 eminentius
3565 4257 3636 4309 sit
3683 4254 3779 4307 illo

2193 4354 2518 4422 baptismate
2560 4354 2701 4420 quod
2732 4367 2828 4421 per
2860 4366 3053 4421 aquam
3106 4352 3356 4405 traditur.
3387 4350 3482 4405 IIIo
3510 4349 3655 4404 enim
3681 4365 3781 4401 ar.-

513 4452 637 4492 cum
675 4438 878 4506 pariter
928 4452 1279 4493 commonere
1325 4439 1395 4493 de
1442 4438 1653 4493 cautela
1701 4440 1990 4506 seminum,
2035 4450 2091 4494 et
2126 4426 2167 4482 Ι)
2199 4457 2375 4515 cepto,
2409 4445 2565 4498 valde
2594 4443 2749 4512 pauci
2778 4448 2899 4497 sunt
2946 4442 3016 4495 ita
3053 4441 3221 4503 beati,
3256 4442 3343 4508 qui
3372 4441 3424 4494 id
3455 4440 3777 4495 immacula-

516 4528 841 4597 spiritalium
874 4529 1144 4584 fructuum
1170 4529 1467 4598 diligentia.
1497 4530 1841 4603 Frequenter
1866 4535 2089 4601 accidit,

513 4631 574 4674 ut
626 4619 825 4691 aliquis
881 4621 933 4675 in
991 4634 1155 4689 opere
1226 4620 1457 4690 spiritali
1517 4628 1742 4679 multum
1795 4628 2087 4693 desudans,

513 4712 721 4766 fructus
754 4709 1187 4781 quamplurimas
1220 4709 1433 4776 fecerit,
1469 4721 1522 4765 ct
1556 4714 1845 4783 repleverit
1893 4717 2085 4771 horrea

512 4823 606 4860 sua
638 4804 864 4871 justitire
901 4803 1168 4875 frugibus,
1215 4812 1271 4858 et
1300 4803 1469 4857 multa
1516 4805 1653 4859 bona
1691 4821 1855 4877 opera
1893 4822 2088 4862 recon-

512 4900 709 4953 diderit
745 4899 797 4953 in
843 4899 1191 4954 conscientia:
1231 4912 1344 4952 aute
1390 4897 1632 4952 conclavi
1674 4916 1689 4953 :
1726 4910 1915 4969 postea
1956 4916 2084 4956 vero

511 4992 555 5045 si
601 4991 861 5061 negligat,
904 5000 958 5045 et
1003 5000 1129 5059 post
1174 4990 1442 5045 Iaborem‘
1471 4989 1769 5058 proclivius
1815 4993 1880 5045 ad
1929 4994 2084 5047 volu-

512 5090 687 5151 ptates
737 5094 791 5136 et
828 5081 1072 5135 luxurias
1106 5089 1322 5149 vergat,
1370 5082 1551 5135 omnia
1594 5082 1644 5135 ei
1698 5083 1961 5138 honorum
2001 5098 2088 5138 se-

513 5175 692 5240 mina,
734 5174 955 5229 fructus
1007 5174 1183 5229 sancti
1251 5174 1434 5242 operis
1490 5174 1804 5231 dominante
1863 5176 2086 5232 libidine

512 5276 962 5336 corrumpuntur.
993 5266 1127 5320 Cum
1163 5269 1307 5321 enim
1345 5266 1720 5321 subiutroierit
1768 5276 2083 5336 peccatum,

510 5369 562 5410 et
600 5360 963 5426 captivaverit
1013 5358 1246 5413 hominis
1292 5372 1536 5425 sensum,
1587 5369 1645 5413 ut
1690 5362 1802 5427 jam
1851 5376 1959 5415 non
2006 5375 2087 5414 re-

511 5450 704 5516 Spit-iat
733 5450 799 5502 ad
834 5449 1086 5503 mandata
1138 5450 1250 5515 Dei,
1296 5467 1396 5506 uec
1428 5455 1651 5505 arduam
1685 5453 1901 5505 virtutis
1944 5453 2085 5507 viam

580 5543 626 5573 ἰ
648 5541 770 5595 Jud.
813 5558 884 5602 vr,
915 5542 970 5607 2,
1001 5543 1054 5607 5,
1087 5542 1139 5597 4.
1218 5546 1261 5577 9‘
1284 5543 1401 5600 Ga'.
1433 5560 1506 5609 vt,
1541 5546 1595 5601 8.
1671 5546 1717 5577 “
1756 5545 1916 5601 Prov.
1946 5562 2016 5612 tv,
2052 5548 2141 5603 25.

516 5612 531 5641 ⁸
567 5611 693 5663 Luc.
726 5628 818 5665 xu.
848 5613 905 5667 5.

2200 4548 2313 4593 tam
2342 4550 2514 4605 usque
2553 4536 2619 4591 ad
2658 4534 2859 4589 exitum
2906 4533 3027 4585 vine
3072 4548 3291 4588 servare
3342 4535 3633 4603 potuerint.
3660 4530 3777 4587 Iloc

2198 4641 2327 4680 vero
2374 4624 2643 4693 baptismo
2678 4624 2769 4692 qui
2822 4622 3121 4691 baptizatus
3161 4622 3343 4689 fuerit,
3396 4638 3620 4693 peccare
3658 4623 3774 4691 jam

2195 4717 2333 4771 ultra
2368 4731 2474 4769 non
2499 4724 2693 4785 potest.
2728 4714 2796 4767 Et
2824 4715 2867 4767 si
2900 4713 3241 4767 temerarium
3268 4729 3372 4768 non
3404 4724 3487 4769 est
3520 4715 3571 4767 in
3608 4716 3778 4768 rebus

2198 4808 2398 4862 talibus
2428 4808 2629 4862 audere
2667 4807 2886 4875 aliquid,
2928 4822 3212 4875 possumus
3249 4808 3448 4870 dicere.
3506 4806 3649 4873 quod
3676 4822 3776 4874 per

2193 4898 2318 4955 illud
2343 4898 2608 4967 baptisma
2632 4898 2898 4965 prteterita
2921 4906 3144 4966 peccata
3169 4910 3493 4967 purgantur:
3514 4912 3607 4968 per
3628 4899 3775 4952 istud

2192 5007 2323 5046 vero
2359 4992 2523 5046 etiam
2556 4989 2735 5044 futura
2772 4990 3130 5059 perimuntur.
3174 4989 3249 5044 Ibi
3284 5002 3503 5058 peccata
3547 4991 3773 5045 dimissa

2192 5094 2341 5145 sunt,
2374 5084 2460 5139 hic
2492 5083 2733 5137 exclusa.
2781 5081 2907 5136 Mihi
2950 5083 2996 5136 si
3038 5084 3360 5138 concederet
3392 5087 3531 5139 Deus
3560 5094 3617 5138 ut
3649 5098 3773 5152 ιιι-ο»

2193 5178 2315 5247 prio
2368 5175 2629 5245 sanguine
2679 5173 2933 5239 diluerer,
2981 5184 3043 5228 ut
3096 5173 3425 5244 baptismum
3475 5176 3771 5230 secundum

2198 5279 2369 5323 morte
2399 5282 2498 5336 pro
2531 5265 2745 5322 Christo
2776 5276 3025 5334 suscepta
3067 5270 3423 5336 perciperem,
3449 5284 3674 5324 securus
3701 5283 3771 5323 ex

2198 5364 2302 5416 isto
2327 5360 2523 5415 steeulo
2546 5357 2907 5413 discederem:
2929 5368 2985 5411 ut
3008 5360 3229 5415 veniens
3252 5363 3316 5415 ad
3338 5360 3572 5415 animum
3599 5376 3769 5415 meam

2198 5456 2263 5508 de
2304 5451 2406 5506 hac
2450 5453 2557 5505 vita
2593 5463 2877 5507 exmmtem
2918 5452 3169 5522 princeps
3220 5452 3379 5521 hujus
3435 5453 3615 5507 mundi
3666 5467 3771 5507 non

2220 5550 2263 5580 ’⁷
2294 5547 2488 5602 Ezet-h.
2519 5562 2601 5612 ιιι,
2634 5545 2726 5600 20.
2801 5546 2846 5579 "
2876 5545 3005 5601 Luc.
3037 5562 3148 5614 ut,
3186 5545 3271 5603 I9.
3371 5547 3415 5578 ⁹⁹
3442 5545 3598 5604 Itoni.
3629 5562 3682 5615 ν,
3712 5546 3765 5602 4.

584 5706 694 5777 ιῗιῑ)
726 5706 882 5761 Libb.
913 5718 1071 5763 antea
1108 5710 1258 5775 editi,
1295 5728 1311 5761 ι
1345 5710 1435 5779 qui
1479 5710 1640 5764 Israel
1678 5725 1867 5764 sumus
1900 5710 2195 5765 secundum
2229 5727 2466 5768 carnem.
2510 5730 2525 5759 ι
2569 5709 2694 5766 Mss.
2732 5722 2789 5765 ut
2832 5712 2882 5765 in
2926 5721 3107 5767 nostro
3149 5720 3317 5766 testu.
