4058 6244
231 195 377 248 981
1327 187 1392 241 ΙΝ
1436 185 1696 242 LIBRUM
1729 181 2031 240 JUDICUM
2062 180 2340 237 IIOMILIA
2387 178 2511 234 \‘lll.
3453 180 3563 234 983

234 307 559 362 inveniret
592 305 909 377 quidquam,
946 302 1075 373 quin
1120 302 1297 371 potius
1346 311 1400 355 et
1448 301 1728 372 sanguinis
1774 302 1877 354 mei
1910 302 1954 358 A
1984 298 2210 361 Christi,
2245 296 2384 350 ﬁlius
2422 294 2654 348 eliicitnr
2692 294 2951 349 Orientis.
2994 293 3083 352 Sic
3113 295 3255 350 enim
3295 295 3557 363 scriptum

244 397 607 468 profusione
638 396 932 464 sopiretur,
964 407 1064 447 nec
1101 390 1325 444 auderet
1372 390 1424 443 in
1466 389 1644 456 aliquo
1683 388 1867 442 crimi-
1974 398 2058 443 est
2085 388 2151 442 de
2176 386 2393 441 Christo
2415 386 2471 440 ⁸;
2503 404 2519 436 ι
2558 385 2696 439 Ecce
2723 384 2825 448 vir,
2853 384 3046 439 Oriens
3076 401 3269 441 nomen
3301 394 3384 441 est
3414 384 3549 439 illi.»

247 487 399 541 nari
434 487 675 541 animam
698 499 892 539 cruore
920 498 1017 538 suo
1057 480 1304 546 dilutam,
1340 488 1513 534 morte
1544 494 1639 533 sua
1668 478 1864 532 ciariﬁ-
1976 479 2230 546 Quisquis
2256 492 2384 547 ergo
2408 476 2608 530 Christi
2640 474 2863 544 suscipit
2904 490 3126 539 nomen,
3156 477 3297 531 ﬁlius
3323 490 3443 530 esse
3481 474 3558 530 di-

242 588 495 641 catam,
526 577 788 646 sanguine
816 590 915 629 suo
948 573 1135 627 lotam.
1165 572 1294 625 Post
1317 571 1454 626 istud
1481 569 1742 637 baptisma
1772 582 1869 623 nec
1980 568 2121 622 citur
2146 566 2384 622 Orientis
2418 586 2431 619 ι
2465 567 2557 621 sed
2595 582 2699 620 non
2743 582 2956 636 semper
3002 568 3091 635 qui
3134 581 3324 621 nomen
3352 566 3554 622 Christi

246 668 599 727 Madianitte
629 668 767 721 ultra
797 668 1067 718 irruerent
1100 662 1167 715 ad
1202 659 1589 729 disperdendos
1616 670 1670 713 et
1692 668 1871 714 exter-
1980 658 2275 726 accipiunt,
2303 659 2466 711 etiam
2502 658 2555 711 in
2600 657 2839 710 Ecclesia
2878 668 3193 726 permanent
3227 657 3454 711 Christi.
3496 655 3553 711 Si

246 754 579 810 minandos
632 754 824 806 animae
870 750 1100 805 fructus.
1148 750 1279 815 Quis
1312 750 1455 804 enim
1500 749 1651 819 sequi
1704 748 1874 817 possit
1979 762 2108 815 ergo
2139 747 2319 800 videas
2358 745 2645 799 hmreticos
2683 745 2883 800 Christi
2920 747 3134 815 quidem
3179 745 3397 800 nomine
3424 761 3558 800 cen-

251 847 529 900 animam
571 843 849 915 martyris,
897 857 1017 911 qua:
1065 855 1413 911 supergressa
1461 852 1648 894 omnes
1695 838 1873 892 aerias
1981 838 2134 892 seri:
2171 852 2479 907 expugnare
2505 848 2682 890 autem
2711 835 3006 891 Ecclesiam
3050 837 3276 902 Christi,
3312 846 3366 892 et
3404 852 3557 893 arma

255 946 616 1007 potestates,
663 936 729 989 ad
759 935 980 989 cmleste
1009 933 1179 989 tendit
1212 932 1422 987 altare?
1454 930 1529 985 lbi
1577 932 1722 986 enim
1774 930 1873 984 sub
1980 928 2227 983 conferre
2256 929 2540 983 adversum
2584 926 2783 982 Christi
2818 928 3000 995 ﬁdem,
3034 937 3088 982 et
3121 928 3433 999 impugnare
3464 945 3564 999 po-

260 1030 468 1083 altare
511 1027 603 1081 Dei
645 1026 840 1080 animas
882 1034 1185 1095 martyrum
1245 1023 1433 1092 positae
1471 1023 1728 1075 dicuntur
1758 1020 1874 1074 die-

264 1118 390 1171 bus
422 1133 489 1172 ac
522 1116 766 1171 noctibus
798 1114 1133 1184 proclamare
1162 1112 1403 1167 dicentes
1425 1114 1444 1143 ³
1471 1126 1485 1164 :
1515 1131 1533 1163 ι
1563 1111 1872 1179 Quousque,

268 1204 549 1269 Domine,
584 1210 675 1273 qni
704 1202 882 1271 justus
915 1211 969 1257 et
1011 1216 1174 1257 verus
1212 1215 1292 1264 es,
1325 1216 1430 1256 non
1469 1202 1711 1255 vindicas
1753 1216 1877 1255 san-

266 1296 515 1366 guinem
545 1302 787 1349 nostrum
832 1294 900 1347 de
948 1292 1016 1347 iis
1060 1293 1149 1361 qui
1187 1291 1434 1346 habitant
1474 1292 1713 1345 terram?
1749 1309 1767 1343 »
1799 1290 1875 1345 Ibi

263 1387 435 1440 enim
471 1386 661 1454 positae
693 1383 893 1438 divinis
924 1382 1192 1438 assistunt
1236 1383 1541 1437 sacriﬁciis.
1593 1381 1699 1436 Sed
1734 1381 1875 1437 beati

268 1487 417 1531 sunt
451 1477 543 1546 qui
576 1477 692 1532 haec
714 1483 1017 1529 merentur.
1044 1472 1192 1527 Beati
1220 1482 1346 1527 sunt
1376 1488 1606 1543 quorum
1634 1487 1729 1527 cor
1754 1487 1876 1527 cum

268 1568 345 1622 de
385 1566 592 1621 smculo
623 1564 904 1626 recedunt,
935 1579 1038 1618 non
1078 1565 1310 1634 trepidat
1342 1579 1441 1632 pro
1476 1572 1721 1631 peccato,
1742 1577 1879 1632 quos

1982 1018 2166 1088 pulum
2220 1018 2454 1081 Domini,
2497 1018 2636 1072 bella
2688 1019 2959 1072 suscitare
2994 1018 3284 1073 adversum
3328 1019 3560 1074 catholi-

1982 1118 2098 1157 cam
2146 1102 2303 1157 ﬁdem
2342 1121 2355 1157 :
2394 1104 2517 1158 nolo
2557 1104 2771 1159 dubites
2824 1106 2893 1160 de
2948 1106 3013 1159 iis
3055 1104 3258 1168 dicere,
3297 1107 3438 1173 quod
3475 1105 3559 1161 isti

1983 1203 2109 1248 sunt
2158 1194 2374 1265 quidem
2417 1195 2512 1248 ﬁlii
2560 1195 2821 1261 Orientis,
2863 1197 2959 1251 sed
3005 1212 3125 1250 cum
3163 1196 3467 1252 Madianitis
3506 1205 3564 1252 et

1983 1302 2106 1340 cum
2137 1288 2360 1342 Amalec
2390 1303 2702 1358 expugnare
2731 1288 2956 1365 veniunt
2998 1290 3254 1359 pepulum
3290 1288 3405 1354 Dei,
3435 1290 3563 1359 quia

1986 1393 2105 1431 eum
2152 1379 2377 1449 paganis
2420 1389 2471 1432 et
2519 1396 2641 1434 eum
2673 1376 2874 1437 Iudaeis
2921 1378 3216 1435 Ecelesiam
3263 1379 3360 1436 Dei
3401 1381 3565 1436 etiam

1984 1467 2221 1523 haeretici
2250 1478 2665 1540 persequuntur.
2699 1471 2765 1525 Et
2789 1472 2935 1541 ipsos
2956 1486 3076 1527 esse
3101 1471 3315 1541 opinor,
3343 1472 3434 1541 qni
3467 1474 3568 1527 tle-

1984 1563 2272 1632 signantur
2302 1563 2352 1616 in
2391 1562 2517 1618 ﬁliis
2549 1564 2814 1619 Orientis.

272 1666 582 1729 pergentes
610 1655 677 1709 ad
710 1655 993 1709 Dominum
1028 1655 1345 1709 delictorum
1380 1654 1612 1709 formido
1634 1670 1739 1709 non
1773 1665 1883 1711 ter-
1914 1647 1959 1706 Β
2056 1654 2110 1708 2.
2154 1673 2171 1705 ι
2199 1654 2403 1709 Omnes
2434 1669 2584 1723 ergo,
2624 1655 2799 1725 inquit
2826 1657 2867 1722 ⁸,
2899 1654 3298 1722 Madianitae,et
3322 1658 3568 1723 Amalec,

276 1754 392 1801 ret.
443 1743 606 1799 Beata
652 1743 739 1797 illa
784 1743 962 1797 anima
1001 1758 1123 1812 qua:
1164 1751 1517 1798 occurrentes
1558 1742 1658 1797 sibi
1701 1744 1877 1800 aerias

276 1838 601 1892 deemonum
646 1843 855 1889 turmas
912 1835 1114 1904 profusi
1171 1835 1226 1889 in
1286 1833 1549 1904 martyrio
1600 1835 1880 1904 sanguinis

277 1941 490 1981 cruore
516 1926 785 1980 deturbat.
820 1924 1015 1979 Beatus
1050 1935 1133 1980 est
1163 1925 1229 1980 de
1253 1940 1362 1995 quo
1396 1933 1558 1979 eunte
1585 1926 1651 1978 ad
1680 1926 1878 1983 caelum

281 2020 484 2072 dicunt
510 2016 682 2087 angeli
725 2017 868 2070 illam
901 2016 1269 2085 propheticam
1293 2031 1479 2072 vocem
1500 2016 1557 2070 ’:
1590 2036 1608 2071 ι
1635 2015 1770 2084 Quis
1798 2026 1882 2072 est

282 2110 394 2164 iste
420 2109 510 2179 qui
544 2108 786 2164 ascendit
821 2122 887 2161 ex
932 2107 1120 2172 Bosor,
1157 2126 1175 2159 ι
1217 2109 1322 2163 hoc
1368 2117 1450 2163 est
1483 2110 1572 2178 qui
1621 2112 1685 2165 de
1717 2125 1881 2165 carne

284 2201 355 2252 ad
386 2199 587 2254 caelum
618 2199 900 2254 ascendit?
937 2216 954 2250 ι
994 2197 1126 2265 Quis
1146 2207 1233 2254 est
1278 2199 1380 2256 iste
1410 2200 1500 2269 qui
1537 2201 1782 2256 ascendit
1813 2217 1878 2257 ex

284 2291 487 2356 Bosor,
515 2292 681 2346 rubor
705 2290 1150 2347 vestimentorum
1175 2290 1325 2358 ejus?
1355 2310 1373 2343 ι
1404 2291 1458 2345 in
1496 2290 1691 2347 rubore
1716 2294 1881 2347 vesti-

286 2390 604 2435 mentorum
650 2396 900 2437 cruorem
953 2381 1234 2450 sanguinis
1287 2381 1649 2452 designantes.
1706 2382 1884 2437 Beata:

284 2483 415 2526 sunt
446 2486 578 2539 ergo
607 2471 799 2525 animae
827 2486 946 2539 qum
967 2472 1046 2524 sic
1077 2470 1354 2526 Christum
1384 2481 1704 2539 sequuntur,
1747 2488 1884 2543 quo-

284 2563 452 2617 modo
481 2576 577 2617 eas
606 2560 857 2617 Christus
888 2562 1187 2632 praecessit.
1237 2562 1301 2616 Et
1345 2562 1466 2617 ideo
1502 2564 1625 2633 quia
1672 2565 1752 2619 sic
1798 2580 1886 2620 se-

286 2661 557 2719 quuntur,
606 2667 776 2721 usque
821 2652 886 2705 ad
938 2653 1110 2723 ipsum
1164 2651 1254 2707 Dei
1303 2652 1472 2707 altare
1514 2654 1879 2723 perveniunt:

286 2741 458 2816 474
486 2743 576 2797 ubi
605 2752 686 2797 est
712 2742 829 2812 ipse
863 2742 1118 2797 Dominus
1142 2742 1302 2799 Jesus
1330 2744 1578 2800 Christus
1642 2746 1882 2815 pontifex

295 2833 603 2890 futurorum
640 2835 924 2901 bonorum,
969 2834 1055 2890 cui
1104 2844 1187 2891 est
1231 2835 1402 2906 gloria
1448 2846 1503 2893 et
1547 2846 1786 2906 potestas
1831 2838 1882 2892 iu

293 2926 491 2981 saecula
521 2926 860 2981 saeculorum.
895 2926 1090 2981 Amen.

860 3016 1148 3074 HOMILIA
1191 3016 1325 3072 VIII.

480 3112 555 3165 De
585 3109 707 3179 ﬁliis
742 3110 997 3176 Orientis,
1027 3121 1075 3164 et
1109 3111 1174 3164 de
1205 3109 1412 3164 (iedeon
1446 3124 1511 3162 ea;
1537 3120 1707 3177 parte.

378 3204 425 3255 i.
453 3204 602 3265 Esto,
634 3204 986 3258 convenerint
1018 3205 1299 3259 adversum
1345 3205 1505 3262 Israel
1537 3207 1868 3277 Madianitae,

310 3290 395 3359 qui
421 3291 844 3361 interpretantur
867 3303 1012 3347 extra
1028 3294 1289 3363 judicium
1314 3296 1444 3365 (77).
1472 3299 1619 3360 Esto,
1647 3300 1720 3352 illi
1746 3315 1868 3354 con-

312 3382 555 3436 venerint
600 3385 884 3438 adversum
920 3386 1116 3450 Israel,
1147 3386 1239 3454 qui
1286 3397 1436 3441 extra
1482 3388 1742 3456 judicium
1772 3390 1868 3445 Dei

313 3480 455 3536 sunt,
483 3481 537 3527 et
565 3492 583 3523 ι
616 3473 705 3541 qui
736 3483 881 3527 extra
924 3474 1090 3543 legem
1117 3487 1494 3544 peccaverunt,
1525 3487 1578 3531 et
1615 3488 1764 3533 extra
1790 3481 1870 3534 le—

315 3577 426 3632 gem
452 3564 703 3630 peribunt
728 3564 769 3616 ‘.
802 3583 818 3613 ›
851 3565 1000 3626 Esto,
1024 3567 1337 3621 convenerit
1361 3576 1414 3621 et
1436 3567 1671 3631 Amalec,
1698 3571 1787 3639 qui
1814 3580 1871 3626 et

315 3654 423 3722 ipse
443 3653 824 3724 interpretatur
844 3656 1063 3725 populus
1085 3657 1351 3728 ablingens
1371 3659 1501 3726 (78).
1521 3660 1737 3727 Esto,et
1754 3663 1872 3720 haec

313 3734 454 3787 natio
492 3743 728 3800 terrena,
762 3745 817 3791 et
863 3738 1039 3791 ventri
1076 3750 1132 3792 et
1164 3739 1303 3808 gula:
1337 3741 1538 3807 dedita,
1577 3743 1904 3819 impugnare

313 3825 510 3880 venerit
556 3827 721 3882 Israel
752 3829 1046 3887 carnalem.
1081 3831 1220 3898 Quid
1259 3840 1342 3886 est
1386 3832 1488 3888 hoc
1534 3836 1677 3904 quod
1726 3837 1888 3890 etiam

317 3916 403 3969 lilii
426 3916 657 3972 Orientis
694 3918 781 3974 his
817 3921 1208 3989 admiscentur,
1254 3933 1309 3977 et
1356 3939 1478 3978 cum
1512 3925 1642 3995 ipsis
1676 3926 1742 3980 ad
1790 3927 1890 3980 im-

319 4008 641 4075 pugnandum
684 4006 848 4062 Israel
878 4011 1064 4065 venire
1098 4011 1386 4066 dicuntur?
1422 4014 1515 4069 Dic
1564 4014 1708 4068 enim
1755 4017 1887 4071 mihi

322 4097 547 4153 auditor:
572 4098 627 4151 Si
657 4099 914 4169 scriptum
933 4112 1075 4156 esset
1098 4103 1222 4171 quia
1248 4103 1339 4157 lilii
1359 4104 1668 4160 Occidentis
1686 4122 1888 4161 conve-

324 4194 501 4240 nerunt
539 4204 661 4240 cum
712 4187 865 4257 ipsis,
919 4192 1053 4245 nihil
1101 4207 1401 4261 quiererem
1434 4211 1446 4245 :
1483 4193 1694 4249 diceres
1741 4196 1885 4250 enim

1980 1756 2033 1802 et
2069 1745 2161 1800 ﬁlii
2196 1745 2433 1802 Orientis
2476 1758 2851 1803 convenerunt
2894 1748 3076 1813 simul,
3099 1758 3154 1803 et
3184 1751 3567 1813 ascenderunt.

1980 1844 2033 1891 et
2069 1844 2504 1906 supervenerunt
2553 1837 2651 1901 eis,
2681 1846 2735 1890 et
2770 1846 2947 1892 castra
3004 1848 3303 1907 posuerunt
3348 1840 3401 1895 in
3430 1839 3570 1903 valle

1979 1926 2208 1983 Jezrael.
2245 1944 2264 1979 ι
2297 1925 2388 1980 isti
2438 1926 2529 1995 qui
2570 1926 2885 1997 impugnare
2916 1927 3101 1982 volunt
3145 1928 3395 1998 populum
3452 1928 3571 1996 Dei,

1981 2024 2158 2070 castra
2188 2014 2240 2068 in
2274 2013 2503 2069 vallibus
2534 2015 2825 2080 collocant,
2852 2015 2906 2069 in
2936 2014 3158 2082 dejectis
3187 2028 3245 2072 et.
3274 2017 3569 2074 humilibus

1981 2105 2134 2171 locis,
2167 2105 2219 2159 in
2248 2106 2406 2173 valle,
2438 2105 2635 2176 inquit,
2660 2105 2888 2162 Jezrael.
2932 2106 3242 2165 invenimus
3267 2119 3446 2165 autem
3485 2110 3570 2164 in-

1985 2193 2497 2264 terpretarilezrael
2536 2210 2710 2248 umen
2746 2193 2843 2247 Dei
2891 2193 3025 2265 (79).
3060 2193 3222 2251 Vides
3262 2193 3351 2249 ubi
3406 2193 3570 2249 collo-

1983 2297 2105 2340 cant
2141 2296 2322 2342 castra
2354 2286 2691 2341 adversarii?
2738 2285 2854 2339 Non
2887 2297 3013 2341 sunt
3038 2286 3154 2342 ausi
3195 2287 3275 2342 ire
3300 2286 3449 2355 illuc,
3478 2286 3571 2342 ubi

1984 2376 2365 2445 videnturjam
2396 2378 2510 2431 nati
2538 2391 2657 2433 esse
2702 2376 2910 2433 fructus
2938 2378 3189 2447 spiritus,
3214 2379 3308 2433 sed
3349 2379 3438 2432 ubi
3473 2378 3570 2431 ad-

1986 2469 2093 2524 huc
2121 2485 2304 2524 semen
2334 2470 2427 2524 Dei
2461 2470 2622 2539 jacet,
2656 2472 2746 2526 ubi
2779 2472 3017 2526 nomium
3059 2471 3268 2525 fructus
3301 2469 3571 2525 ascendit.

1986 2560 2087 2627 Qui
2122 2561 2265 2614 enim
2294 2561 2426 2615 exiit
2450 2562 2721 2618 seminare
2758 2578 2964 2628 semen,
2998 2562 3232 2618 seminat
3260 2576 3422 2632 super
3451 2576 3573 2616 om-

1986 2667 2107 2704 nem
2136 2650 2331 2705 locum.
2361 2650 2466 2706 Sed
2490 2652 2613 2706 attdi
2640 2653 2814 2722 ipsum
2842 2654 3124 2708 Dominum
3150 2654 3417 2709 dicentem
3445 2652 3574 2723 quid

1985 2741 2093 2810 pati
2128 2740 2297 2795 soleat
2323 2756 2505 2796 semen
2548 2740 2667 2798 Dei.
2707 2760 2725 2794 t
2756 2742 2936 2808 Aliud,
2984 2742 3161 2813 inquit
3187 2744 3231 2811 ',
3260 2744 3458 2799 cecidit
3486 2758 3575 2798 se-

1985 2847 2081 2886 cus
2105 2832 2268 2897 viam,
2299 2841 2354 2886 et
2390 2833 2671 2889 venientes
2717 2849 2845 2888 aves
2882 2834 3005 2890 (ξωιί
3050 2833 3311 2903 diripiunt
3367 2834 3516 2889 illud.
3550 2853 3570 2887 ι

1988 2924 2139 2991 Quod
2186 2925 2299 2993 ipse
2346 2924 2400 2979 in
2448 2926 2840 2995 posterioribus
2895 2927 3278 2995 interpretatus
3326 2926 3466 2981 dixit
3497 2926 3521 2959 ⁸
3559 2946 3572 2982 ι

1992 3034 2009 3065 ι
2058 3015 2157 3081 Qui
2188 3024 2366 3070 autem
2399 3031 2558 3071 secus
2586 3016 2729 3070 viam
2769 3016 3017 3073 seminati
3062 3029 3214 3084 sunt,
3248 3018 3282 3071 ii
3325 3029 3452 3073 sunt
3486 3019 3575 3087 qui

1986 3105 2207 3157 audiunt
2230 3105 2451 3157 verbum
2482 3114 2535 3157 et
2578 3120 2697 3157 cum
2733 3104 2913 3159 laetitia
2962 3107 3236 3177 accipiunt
3263 3124 3278 3162 :
3307 3108 3452 3162 venit
3482 3122 3574 3161 an.

1984 3204 2093 3250 tem
2121 3195 2386 3259 Zabulus,
2416 3205 2470 3249 et
2499 3196 2637 3250 tollit
2661 3196 2728 3250 de
2755 3196 2921 3251 corde
2945 3212 3134 3251 eorum
3167 3199 3310 3265 quod
3338 3198 3569 3253 semina-

1991 3296 2102 3341 tutn
2127 3296 2229 3341 est.
2252 3305 2271 3338 ι
2293 3286 2383 3341 Sic
2400 3301 2531 3357 ergo
2560 3300 2615 3342 et
2639 3288 2724 3342 isti
2761 3297 2885 3342 tunc
2909 3289 3131 3345 veniunt
3153 3289 3220 3343 ad
3239 3303 3422 3345 semen
3456 3289 3574 3355 Dei,

1989 3386 2042 3431 et
2076 3376 2261 3431 volunt
2301 3376 2431 3431 illud
2460 3377 2646 3432 tollere
2673 3380 2738 3432 de
2764 3379 2928 3434 corde
2968 3394 3155 3435 eorum
3189 3381 3241 3435 in
3272 3382 3467 3451 quibus
3490 3398 3576 3439 se-

1990 3469 2250 3523 minatum
2284 3478 2389 3533 est,
2419 3470 2546 3538 quia
2574 3469 2860 3524 inveniunt
2882 3487 2977 3526 eos
3003 3472 3055 3527 in
3089 3473 3321 3528 vallibus
3346 3474 3575 3543 positos,

1988 3564 2042 3608 et
2077 3556 2180 3609 ima
2210 3571 2435 3626 qumque
2470 3566 2765 3613 sectantes.
2799 3560 2875 3614 De
2903 3561 3008 3616 illis
3037 3571 3161 3616 sunt
3186 3565 3330 3617 enim
3356 3565 3446 3633 qui
3487 3565 3579 3620 lut-

1991 3643 2193 3697 tniliter
2222 3652 2277 3697 et
2315 3643 2551 3713 indigne,
2585 3657 2661 3713 et,
2690 3658 2746 3700 ut
2782 3651 2851 3703 ita
2881 3651 3080 3716 dicam,
3114 3649 3343 3706 Judaico
3375 3653 3580 3709 intelle-

1991 3747 2080 3791 ctu
2113 3737 2416 3807 suscipiunt
2440 3738 2665 3791 verbum
2699 3740 2813 3805 Dei,
2846 3750 2898 3794 et
2934 3742 3053 3796 ideo
3077 3752 3302 3811 possunt
3326 3743 3453 3798 illud
3483 3762 3576 3799 ra-

1991 3843 2119 3897 pere
2159 3829 2432 3885 dzemones
2453 3830 2520 3885 tle
2551 3833 2715 3887 corde
2738 3848 2950 3888 eorum.
2980 3832 3078 3899 Qui
3104 3843 3279 3887 autem
3303 3835 3372 3888 ab
3404 3835 3580 3890 humi-

1994 3918 2148 3974 litate
2189 3921 2390 3975 litterae
2434 3924 2499 3977 ad
2531 3924 2754 3992 spiritus
2786 3924 3000 3979 excelsa
3038 3925 3374 3988 conscendit,
3404 3934 3459 3980 et
3495 3925 3577 3980 in-

1995 4012 2344 4082 telligentiam
2378 4013 2651 4085 refugiens
2678 4016 2976 4081 carnalem,
3019 4026 3261 4070 sectatur
3293 4018 3344 4072 in
3375 4018 3578 4073 altiori-

1994 4106 2095 4159 bus
2122 4120 2243 4174 quae
2278 4115 2405 4160 sunt
2445 4105 2685 4176 Spiritus
2730 4108 2863 4172 Dei,
2906 4110 2971 4163 de
3024 4110 3125 4164 isto
3165 4110 3302 4165 nihil
3350 4122 3577 4181 possunt

1994 4210 2187 4264 rapere
2211 4194 2517 4252 Madianitte
2543 4213 2719 4267 neque
2746 4198 3081 4265 Amaleeitm,
3116 4201 3207 4255 sed
3236 4216 3301 4255 ne
3332 4202 3435 4272 ipsi
3462 4203 3578 4273 qui-

327 4275 441 4381 ntihi
483 4275 788 4381 alleget-icis
818 4281 1087 4346 sensibus,
1119 4284 1243 4351 quia
1277 4284 1370 4336 lilii
1411 4282 1721 4339 Occidentis
1762 4297 1888 4341 sunt
1918 4325 1964 4381 υ
1994 4287 2116 4342 dem
2176 4287 2414 4343 Orientis
2476 4290 2568 4343 ﬁlii
2618 4292 2915 4360 deprmdari
2964 4307 3088 4345 eum
3136 4303 3388 4363 poterunt
3441 4293 3577 4366 (80),

331 4364 411 4417 ﬁlii
448 4367 783 4421 tenebrarum
817 4376 871 4422 et
906 4370 1006 4439 ipsi
1030 4371 1332 4441 junguntur
1364 4371 1470 4427 illis
1498 4375 1776 4443 gentibus,
1802 4373 1884 4429 vel

329 4473 434 4524 «piae
461 4467 601 4513 extra
654 4459 917 4527 judicium
959 4463 1050 4518 Dei
1091 4473 1237 4528 sunt,
1280 4464 1360 4519 vel
1409 4482 1528 4536 qua:
1578 4468 1750 4521 ventri
1790 4467 1884 4520 tie-

336 4546 442 4600 dua:
483 4548 789 4619 ἰ.ιςνιιεηειιιι
835 4567 928 4606 eos
981 4554 1073 4621 qui
1124 4564 1303 4608 mente
1350 4553 1516 4610 Deum
1548 4555 1730 4609 videre
1760 4572 1885 4610 con-

338 4640 552 4694 tendunt.
584 4641 737 4697 Nunc
766 4652 946 4698 autem
988 4660 1108 4697 cum
1151 4646 1363 4700 dicatur
1403 4648 1525 4716 quia
1565 4648 1657 4700 lilii
1689 4648 1883 4703 Orien-

338 4734 397 4778 ις
433 4742 675 4785 venerunt
720 4747 844 4786 cum
878 4732 1187 4787 Madianitis
1238 4744 1292 4788 et
1334 4736 1572 4800 Amalec,
1606 4739 1879 4805 quomodo

339 4818 434 4873 haec
460 4832 666 4889 possunt
689 4834 1060 4892 competenter
1088 4826 1317 4894 t-Xponi?
1346 4825 1631 4883 Videamus
1665 4844 1794 4899 ergo
1827 4830 1875 4885 si

340 4927 585 4978 possumus
615 4917 665 4969 in
697 4927 801 4970 tam
833 4916 1137 4973 diliieilibus
1161 4918 1455 4988 Scriptura:
1484 4921 1619 4975 locis
1656 4924 1874 4991 dignum

342 5004 537 5076 aliquem
583 5010 636 5064 in
691 5010 775 5064 his
824 5024 1040 5064 sensum
1098 5011 1295 5065 divinis
1344 5013 1556 5081 paginis
1608 5014 1872 5068 invenire.

346 5103 503 5159 Omnis
529 5106 607 5175 qui
648 5122 811 5173 super
861 5122 918 5160 se
969 5121 1189 5177 quoquo
1225 5105 1382 5161 modo
1415 5120 1611 5160 nomen
1650 5108 1875 5176 suscipit

404 5199 421 5228 ’
448 5204 585 5268 Apoc.
616 5218 684 5261 vi,
726 5203 810 5256 10.
888 5204 907 5234 ³
947 5203 1050 5259 lsa.
1082 5218 1231 5266 LXIII,
1264 5202 1316 5255 1.
1406 5201 1428 5232 ⁸
1469 5200 1625 5256 Rom.
1655 5218 1715 5266 II,
1749 5204 1836 5260 i2.

350 5266 422 5331 te.
445 5266 515 5325 ιδ.
579 5275 595 5305 ο
617 5272 741 5327 .iud.
774 5288 848 5339 γι,
876 5271 966 5325 si.

417 5364 509 5432 (77)
532 5365 857 5428 Madianitw,
877 5367 963 5432 qui
987 5365 1398 5431 interpretantur
1421 5375 1572 5418 extra
1595 5366 1879 5434 judicium.

353 5434 385 5480 Α
408 5442 505 5515 Vat
540 5450 742 5505 pra-ter.
774 5447 951 5495 extra,
982 5454 999 5485 ι
1045 5445 1101 5490 et
1126 5442 1207 5520 ’ς’-τ
1241 5453 1259 5486 ‹
1291 5434 1574 5503 judicium.
1617 5456 1635 5488 ι

418 5525 509 5591 (78)
544 5531 756 5589 itnmler,
775 5528 1050 5596 quietipse
1074 5529 1446 5594 interpretatur
1468 5527 1690 5596 populus
1713 5529 1881 5582 oblin-

369 5611 479 5665 μηδ.
512 5598 672 5659 Abuy
709 5616 725 5648 ε
767 5593 1021 5667 populus,
1057 5618 1074 5652 ι
1118 5606 1171 5654 ει
1202 5593 1317 5668 τεῦ-τ
1347 5616 1364 5649 t
1396 5593 1571 5651 linxit.
1594 5617 1614 5648 ο

1993 4378 2048 4433 iu
2099 4380 2317 4437 excelso
2369 4382 2738 4453 intelligentiae
2791 4384 3051 4453 spiritalis
3114 4388 3315 4442 vertice
3369 4390 3577 4443 consti-

1994 4478 2192 4525 lutum.

2064 4562 2118 4614 5.
2179 4560 2259 4617 Illi
2311 4578 2442 4635 ergo
2494 4574 2675 4621 castra
2714 4566 2766 4620 in
2813 4566 3041 4623 vallibus
3075 4569 3367 4625 collocant.
3407 4586 3427 4620 ι
3469 4567 3575 4623 Sed

1997 4654 2245 4725 spiritus,
2284 4655 2463 4727 inquit
2501 4660 2545 4725 ⁸,
2578 4658 2671 4714 Dei
2719 4662 3052 4717 confortavit
3087 4662 3333 4722 Gedeon,
3363 4668 3416 4713 et
3447 4659 3574 4714 tuba

1988 4745 2203 4811 cecinit,
2229 4754 2285 4800 et
2309 4746 2519 4799 vocavit
2541 4758 2659 4815 post
2684 4763 2742 4804 se
2770 4749 3023 4806 Abiezer.
3046 4767 3065 4800 ι
3087 4746 3429 4802 Continentia
3464 4748 3579 4815 qui-

1988 4835 2108 4889 dem
2132 4836 2529 4906 explanationis
2565 4840 2726 4893 alinm
2749 4840 2997 4893 ordinem
3025 4836 3361 4906 requirebat,
3384 4851 3572 4891 verum

1985 4928 2112 4997 quia
2160 4944 2257 4984 nos
2315 4945 2420 4985 non
2464 4942 2572 4985 tam
2614 4930 2926 5000 Scripturas
2957 4937 3386 4984 commentantes
3432 4944 3575 4984 nunc

1987 5016 2279 5086 loquimur,
2310 5035 2473 5089 quam
2511 5020 2766 5089 populum
2809 5022 2873 5073 de
2911 5022 2975 5074 iis
3002 5034 3123 5089 quae
3157 5021 3384 5074 recitata
3423 5028 3570 5082 sunt,

1984 5110 2339 5165 consolantes
2368 5150 2383 5175 ,
2427 5112 2659 5179 sparsim
2726 5125 2846 5181 qua:
2894 5122 3188 5166 occurrunt
3238 5112 3304 5167 de
3343 5112 3575 5182 singulis

1928 5207 1949 5238 ⁸
1981 5205 2144 5263 Zach.
2174 5224 2250 5270 vi,
2277 5208 2342 5260 i2

2450 5209 2471 5237 ⁸⁵
2493 5206 2617 5265 .lud.
2646 5223 2723 5274 vi,
2746 5207 2834 5263 53.
2912 5207 2931 5239 ⁷
2962 5205 3091 5261 Luc.
3117 5221 3232 5273 vni,
3261 5208 3315 5262 5.
3391 5208 3414 5239 ⁸
3441 5208 3570 5265 ibid.

2066 5370 2177 5434 (79)
2220 5371 2522 5424 Invenimus
2556 5382 2730 5428 autem
2769 5377 3109 5443 interpretari
3137 5375 3346 5428 Jezrael
3398 5391 3571 5428 rerum

1991 5442 2109 5495 Dei.
2143 5442 2180 5494 A
2210 5451 2316 5504 γη
2346 5460 2361 5491 ι
2396 5457 2599 5506 semen,
2640 5463 2656 5494 ι
2694 5455 2746 5497 et
2770 5439 2847 5515 δη
2873 5439 3083 5501 (Deus.
3120 5464 3137 5496 ι

2059 5534 2176 5597 (80)
2220 5533 2366 5599 Mss,
2399 5545 2726 5604 «poterunt.
2766 5557 2785 5589 ι
2826 5538 2993 5605 Etliti,
3030 5558 3047 5590 ι
3089 5548 3394 5609 potuerunt.
3433 5556 3456 5589 ι
