  <div class='ocr_page' id='page_1' title='image "/cluster/home/n/w/nwhite01/storage/ocr_20150623/12/hvd.32044052796216/498.png"; bbox 0 0 4058 6244; ppageno 0'>
   <div class='ocr_carea' id='block_1_1' title="bbox 295 250 450 307">
    <p class='ocr_par' dir='ltr' id='par_1_1' title="bbox 295 250 450 307">
     <span class='ocr_line' id='line_1_1' title="bbox 295 250 450 307; baseline -0.006 -1"><span class='ocrx_word' id='word_1_1' title='bbox 295 250 450 307; x_wconf 76' lang='lat'><strong>935</strong></span> 
     </span>
    </p>
   </div>
   <div class='ocr_carea' id='block_1_2' title="bbox 1417 252 2550 323">
    <p class='ocr_par' dir='ltr' id='par_1_2' title="bbox 1417 252 2550 323">
     <span class='ocr_line' id='line_1_2' title="bbox 1417 252 2550 323; baseline 0.013 -16"><span class='ocrx_word' id='word_1_2' title='bbox 1417 252 1483 309; x_wconf 85' lang='lat' dir='ltr'><strong>IN</strong></span> <span class='ocrx_word' id='word_1_3' title='bbox 1518 256 1775 315; x_wconf 78' lang='lat' dir='ltr'><strong>LIBRUM</strong></span> <span class='ocrx_word' id='word_1_4' title='bbox 1814 258 2109 317; x_wconf 68' lang='grc' dir='ltr'>,ιυῡιιιυδι</span> <span class='ocrx_word' id='word_1_5' title='bbox 2150 260 2429 318; x_wconf 56' lang='grc' dir='ltr'>ιιοιιιιιλ</span> <span class='ocrx_word' id='word_1_6' title='bbox 2461 265 2550 323; x_wconf 74' lang='lat' dir='ltr'><strong>IX.</strong></span> 
     </span>
    </p>
   </div>
   <div class='ocr_carea' id='block_1_3' title="bbox 3514 274 3617 331">
    <p class='ocr_par' dir='ltr' id='par_1_3' title="bbox 3514 274 3617 331">
     <span class='ocr_line' id='line_1_3' title="bbox 3514 274 3617 331; baseline 0.019 -2"><span class='ocrx_word' id='word_1_7' title='bbox 3514 274 3617 331; x_wconf 83' lang='lat'><strong>986</strong></span> 
     </span>
    </p>
   </div>
   <div class='ocr_carea' id='block_1_4' title="bbox 302 359 3615 456">
    <p class='ocr_par' dir='ltr' id='par_1_4' title="bbox 302 359 3615 456">
     <span class='ocr_line' id='line_1_4' title="bbox 302 359 3615 456; baseline 0.008 -37"><span class='ocrx_word' id='word_1_8' title='bbox 302 366 526 421; x_wconf 80' lang='lat' dir='ltr'><strong>etiam</strong></span> <span class='ocrx_word' id='word_1_9' title='bbox 579 361 957 418; x_wconf 84' lang='lat' dir='ltr'><strong>sanctissimus</strong></span> <span class='ocrx_word' id='word_1_10' title='bbox 999 359 1219 418; x_wconf 86' lang='lat' dir='ltr'><strong>Gedeou</strong></span> <span class='ocrx_word' id='word_1_11' title='bbox 1262 364 1486 421; x_wconf 94' lang='lat' dir='ltr'><strong>discutit</strong></span> <span class='ocrx_word' id='word_1_12' title='bbox 1533 375 1831 440; x_wconf 78' lang='lat' dir='ltr'><strong>angelicam</strong></span> <span class='ocrx_word' id='word_1_13' title='bbox 1861 379 1940 427; x_wconf 88' lang='lat' dir='ltr'><strong>vl-</strong></span> <span class='ocrx_word' id='word_1_14' title='bbox 1970 383 2012 436; x_wconf 81' lang='grc' dir='ltr'><strong>Α</strong></span> <span class='ocrx_word' id='word_1_15' title='bbox 2044 378 2254 445; x_wconf 69' lang='lat' dir='ltr'><strong>accipio</strong></span> <span class='ocrx_word' id='word_1_16' title='bbox 2286 393 2480 445; x_wconf 87' lang='lat' dir='ltr'><strong>aquatn</strong></span> <span class='ocrx_word' id='word_1_17' title='bbox 2513 387 2568 431; x_wconf 91' lang='lat' dir='ltr'><strong>et</strong></span> <span class='ocrx_word' id='word_1_18' title='bbox 2624 377 2813 433; x_wconf 88' lang='lat' dir='ltr'><strong>haurio</strong></span> <span class='ocrx_word' id='word_1_19' title='bbox 2846 381 2909 435; x_wconf 89' lang='lat' dir='ltr'><strong>de</strong></span> <span class='ocrx_word' id='word_1_20' title='bbox 2934 382 3170 439; x_wconf 78' lang='lat' dir='ltr'><strong>fontibus</strong></span> <span class='ocrx_word' id='word_1_21' title='bbox 3219 383 3419 450; x_wconf 78' lang='lat' dir='ltr'><strong>Israel,</strong></span> <span class='ocrx_word' id='word_1_22' title='bbox 3454 404 3615 456; x_wconf 86' lang='lat' dir='ltr'><strong>quant</strong></span> 
     </span>
    </p>
   </div>
   <div class='ocr_carea' id='block_1_5' title="bbox 303 455 1744 529">
    <p class='ocr_par' dir='ltr' id='par_1_5' title="bbox 303 455 1744 529">
     <span class='ocr_line' id='line_1_5' title="bbox 303 455 1744 529; baseline 0.003 -18"><span class='ocrx_word' id='word_1_23' title='bbox 303 458 599 521; x_wconf 75' lang='lat' dir='ltr'><strong>sionem,</strong></span> <span class='ocrx_word' id='word_1_24' title='bbox 624 455 940 510; x_wconf 85' lang='lat' dir='ltr'><strong>diversitate</strong></span> <span class='ocrx_word' id='word_1_25' title='bbox 961 464 1012 509; x_wconf 90' lang='lat' dir='ltr'><strong>et</strong></span> <span class='ocrx_word' id='word_1_26' title='bbox 1044 456 1421 513; x_wconf 90' lang='lat' dir='ltr'><strong>immutatione</strong></span> <span class='ocrx_word' id='word_1_27' title='bbox 1448 460 1744 529; x_wconf 87' lang='lat' dir='ltr'><strong>signorum.</strong></span> 
     </span>
    </p>
   </div>
   <div class='ocr_carea' id='block_1_6' title="bbox 405 546 1931 619">
    <p class='ocr_par' dir='ltr' id='par_1_6' title="bbox 405 546 1931 619">
     <span class='ocr_line' id='line_1_6' title="bbox 405 546 1931 619; baseline 0.003 -17"><span class='ocrx_word' id='word_1_28' title='bbox 405 547 481 603; x_wconf 75' lang='grc' dir='ltr'><strong>ες.</strong></span> <span class='ocrx_word' id='word_1_29' title='bbox 522 546 630 602; x_wconf 87' lang='lat' dir='ltr'><strong>Sed</strong></span> <span class='ocrx_word' id='word_1_30' title='bbox 684 558 739 601; x_wconf 88' lang='lat' dir='ltr'><strong>et</strong></span> <span class='ocrx_word' id='word_1_31' title='bbox 807 548 935 602; x_wconf 87' lang='lat' dir='ltr'><strong>illttd</strong></span> <span class='ocrx_word' id='word_1_32' title='bbox 975 550 1115 616; x_wconf 92' lang='lat' dir='ltr'><strong>quod</strong></span> <span class='ocrx_word' id='word_1_33' title='bbox 1160 548 1235 602; x_wconf 85' lang='lat' dir='ltr'><strong>ait</strong></span> <span class='ocrx_word' id='word_1_34' title='bbox 1289 549 1543 619; x_wconf 86' lang='lat' dir='ltr'><strong>cheou,</strong></span> <span class='ocrx_word' id='word_1_35' title='bbox 1582 554 1784 607; x_wconf 80' lang='lat' dir='ltr'><strong>Portam</strong></span> <span class='ocrx_word' id='word_1_36' title='bbox 1828 556 1931 609; x_wconf 82' lang='lat' dir='ltr'><strong>vel-</strong></span> 
     </span>
    </p>
   </div>
   <div class='ocr_carea' id='block_1_7' title="bbox 307 639 1937 715">
    <p class='ocr_par' dir='ltr' id='par_1_7' title="bbox 307 639 1937 715">
     <span class='ocr_line' id='line_1_7' title="bbox 307 639 1937 715; baseline 0.004 -22"><span class='ocrx_word' id='word_1_37' title='bbox 307 639 432 695; x_wconf 85' lang='lat' dir='ltr'><strong>lus</strong></span> <span class='ocrx_word' id='word_1_38' title='bbox 502 656 611 695; x_wconf 89' lang='lat' dir='ltr'><strong>non</strong></span> <span class='ocrx_word' id='word_1_39' title='bbox 669 640 996 708; x_wconf 82' lang='lat' dir='ltr'><strong>ubicunque,</strong></span> <span class='ocrx_word' id='word_1_40' title='bbox 1071 657 1177 695; x_wconf 91' lang='lat' dir='ltr'><strong>non</strong></span> <span class='ocrx_word' id='word_1_41' title='bbox 1237 642 1288 696; x_wconf 87' lang='lat' dir='ltr'><strong>itt</strong></span> <span class='ocrx_word' id='word_1_42' title='bbox 1359 658 1553 712; x_wconf 90' lang='lat' dir='ltr'><strong>campo</strong></span> <span class='ocrx_word' id='word_1_43' title='bbox 1594 683 1611 709; x_wconf 85' lang='lat'><strong>,</strong></span> <span class='ocrx_word' id='word_1_44' title='bbox 1660 662 1833 715; x_wconf 89' lang='lat' dir='ltr'><strong>neque</strong></span> <span class='ocrx_word' id='word_1_45' title='bbox 1886 649 1937 701; x_wconf 93' lang='lat' dir='ltr'><strong>in</strong></span> 
     </span>
    </p>
   </div>
   <div class='ocr_carea' id='block_1_8' title="bbox 312 732 1937 801">
    <p class='ocr_par' dir='ltr' id='par_1_8' title="bbox 312 732 1937 801">
     <span class='ocr_line' id='line_1_8' title="bbox 312 732 1937 801; baseline 0.003 -15"><span class='ocrx_word' id='word_1_46' title='bbox 312 732 498 786; x_wconf 77' lang='lat' dir='ltr'><strong>Sulltl</strong></span> <span class='ocrx_word' id='word_1_47' title='bbox 522 772 539 795; x_wconf 88' lang='lat'><strong>,</strong></span> <span class='ocrx_word' id='word_1_48' title='bbox 576 732 669 785; x_wconf 91' lang='lat' dir='ltr'><strong>sed</strong></span> <span class='ocrx_word' id='word_1_49' title='bbox 700 733 750 784; x_wconf 91' lang='lat' dir='ltr'><strong>in</strong></span> <span class='ocrx_word' id='word_1_50' title='bbox 775 746 939 795; x_wconf 90' lang='lat' dir='ltr'><strong>area,</strong></span> <span class='ocrx_word' id='word_1_51' title='bbox 969 733 1129 801; x_wconf 81' lang='lat' dir='ltr'><strong>quale</strong></span> <span class='ocrx_word' id='word_1_52' title='bbox 1175 733 1269 788; x_wconf 83' lang='lat' dir='ltr'><strong>tibi</strong></span> <span class='ocrx_word' id='word_1_53' title='bbox 1301 734 1546 789; x_wconf 82' lang='lat' dir='ltr'><strong>videtur?</strong></span> <span class='ocrx_word' id='word_1_54' title='bbox 1581 737 1637 789; x_wconf 91' lang='lat' dir='ltr'><strong>In</strong></span> <span class='ocrx_word' id='word_1_55' title='bbox 1676 752 1803 791; x_wconf 87' lang='lat' dir='ltr'><strong>area</strong></span> <span class='ocrx_word' id='word_1_56' title='bbox 1848 739 1937 793; x_wconf 88' lang='lat' dir='ltr'><strong>ubi</strong></span> 
     </span>
    </p>
   </div>
   <div class='ocr_carea' id='block_1_9' title="bbox 315 821 1937 894">
    <p class='ocr_par' dir='ltr' id='par_1_9' title="bbox 315 821 1937 894">
     <span class='ocr_line' id='line_1_9' title="bbox 315 821 1937 894; baseline 0.006 -21"><span class='ocrx_word' id='word_1_57' title='bbox 315 822 557 876; x_wconf 77' lang='lat' dir='ltr'><strong>tnessis</strong></span> <span class='ocrx_word' id='word_1_58' title='bbox 586 830 704 876; x_wconf 89' lang='lat' dir='ltr'><strong>est:</strong></span> <span class='ocrx_word' id='word_1_59' title='bbox 740 839 757 871; x_wconf 84' lang='lat' dir='ltr'><strong>t</strong></span> <span class='ocrx_word' id='word_1_60' title='bbox 807 821 996 877; x_wconf 81' lang='lat' dir='ltr'><strong>Messis</strong></span> <span class='ocrx_word' id='word_1_61' title='bbox 1017 824 1235 892; x_wconf 91' lang='lat' dir='ltr'><strong>quidem</strong></span> <span class='ocrx_word' id='word_1_62' title='bbox 1272 824 1473 892; x_wconf 89' lang='lat' dir='ltr'><strong>multa,</strong></span> <span class='ocrx_word' id='word_1_63' title='bbox 1503 828 1937 894; x_wconf 88' lang='lat' dir='ltr'><strong>operariiautem</strong></span> 
     </span>
    </p>
   </div>
   <div class='ocr_carea' id='block_1_10' title="bbox 314 909 1935 981">
    <p class='ocr_par' dir='ltr' id='par_1_10' title="bbox 314 909 1935 981">
     <span class='ocr_line' id='line_1_10' title="bbox 314 909 1935 981; baseline 0.005 -19"><span class='ocrx_word' id='word_1_64' title='bbox 314 911 516 979; x_wconf 82' lang='lat' dir='ltr'><strong>pauci</strong></span> <span class='ocrx_word' id='word_1_65' title='bbox 556 909 618 964; x_wconf 74' lang='grc' dir='ltr'><strong>ι’.</strong></span> <span class='ocrx_word' id='word_1_66' title='bbox 648 910 850 965; x_wconf 75' lang='grc' dir='ltr'>Ροιιίιιη</span> <span class='ocrx_word' id='word_1_67' title='bbox 875 951 889 973; x_wconf 84' lang='grc'><strong>.</strong></span> <span class='ocrx_word' id='word_1_68' title='bbox 922 911 1098 981; x_wconf 87' lang='lat' dir='ltr'><strong>inquit</strong></span> <span class='ocrx_word' id='word_1_69' title='bbox 1128 913 1196 977; x_wconf 78' lang='lat'><strong>’°,</strong></span> <span class='ocrx_word' id='word_1_70' title='bbox 1231 912 1405 966; x_wconf 84' lang='lat' dir='ltr'><strong>vellus</strong></span> <span class='ocrx_word' id='word_1_71' title='bbox 1430 912 1520 968; x_wconf 92' lang='lat' dir='ltr'><strong>ubi</strong></span> <span class='ocrx_word' id='word_1_72' title='bbox 1568 916 1761 971; x_wconf 85' lang='lat' dir='ltr'><strong>messis</strong></span> <span class='ocrx_word' id='word_1_73' title='bbox 1778 928 1880 971; x_wconf 89' lang='lat' dir='ltr'><strong>est.</strong></span> <span class='ocrx_word' id='word_1_74' title='bbox 1915 936 1935 970; x_wconf 74' lang='grc' dir='ltr'><strong>ι</strong></span> 
     </span>
    </p>
   </div>
   <div class='ocr_carea' id='block_1_11' title="bbox 315 1001 1939 1076">
    <p class='ocr_par' dir='ltr' id='par_1_11' title="bbox 315 1001 1939 1076">
     <span class='ocr_line' id='line_1_11' title="bbox 315 1001 1939 1076; baseline 0.009 -27"><span class='ocrx_word' id='word_1_75' title='bbox 315 1001 493 1067; x_wconf 71' lang='lat' dir='ltr'><strong>Quid</strong></span> <span class='ocrx_word' id='word_1_76' title='bbox 543 1010 784 1055; x_wconf 84' lang='lat' dir='ltr'><strong>moverat</strong></span> <span class='ocrx_word' id='word_1_77' title='bbox 814 1013 1064 1056; x_wconf 88' lang='lat' dir='ltr'><strong>sanctum</strong></span> <span class='ocrx_word' id='word_1_78' title='bbox 1104 1003 1278 1056; x_wconf 91' lang='lat' dir='ltr'><strong>virum</strong></span> <span class='ocrx_word' id='word_1_79' title='bbox 1325 1002 1566 1071; x_wconf 75' lang='lat' dir='ltr'><strong>Gedeon,</strong></span> <span class='ocrx_word' id='word_1_80' title='bbox 1602 1005 1683 1058; x_wconf 89' lang='lat' dir='ltr'><strong>vel</strong></span> <span class='ocrx_word' id='word_1_81' title='bbox 1728 1009 1855 1076; x_wconf 91' lang='lat' dir='ltr'><strong>quid</strong></span> <span class='ocrx_word' id='word_1_82' title='bbox 1889 1009 1939 1063; x_wconf 91' lang='lat' dir='ltr'><strong>ei</strong></span> 
     </span>
    </p>
   </div>
   <div class='ocr_carea' id='block_1_12' title="bbox 321 1093 1941 1169">
    <p class='ocr_par' dir='ltr' id='par_1_12' title="bbox 321 1093 1941 1169">
     <span class='ocr_line' id='line_1_12' title="bbox 321 1093 1941 1169; baseline 0.006 -24"><span class='ocrx_word' id='word_1_83' title='bbox 321 1094 535 1147; x_wconf 84' lang='lat' dir='ltr'><strong>visum</strong></span> <span class='ocrx_word' id='word_1_84' title='bbox 586 1093 763 1147; x_wconf 86' lang='lat' dir='ltr'><strong>fuerat</strong></span> <span class='ocrx_word' id='word_1_85' title='bbox 798 1103 853 1147; x_wconf 90' lang='lat' dir='ltr'><strong>ut</strong></span> <span class='ocrx_word' id='word_1_86' title='bbox 883 1095 985 1148; x_wconf 89' lang='lat' dir='ltr'><strong>hoc</strong></span> <span class='ocrx_word' id='word_1_87' title='bbox 1017 1093 1266 1149; x_wconf 82' lang='lat' dir='ltr'><strong>faceret?</strong></span> <span class='ocrx_word' id='word_1_88' title='bbox 1295 1094 1630 1151; x_wconf 59' lang='lat' dir='ltr'><strong>Praevidebat</strong></span> <span class='ocrx_word' id='word_1_89' title='bbox 1651 1100 1795 1153; x_wconf 90' lang='lat' dir='ltr'><strong>enim</strong></span> <span class='ocrx_word' id='word_1_90' title='bbox 1844 1116 1941 1169; x_wconf 92' lang='lat' dir='ltr'><strong>per</strong></span> 
     </span>
    </p>
   </div>
   <div class='ocr_carea' id='block_1_13' title="bbox 319 1185 1937 1259">
    <p class='ocr_par' dir='ltr' id='par_1_13' title="bbox 319 1185 1937 1259">
     <span class='ocr_line' id='line_1_13' title="bbox 319 1185 1937 1259; baseline 0.002 -18"><span class='ocrx_word' id='word_1_91' title='bbox 319 1187 646 1257; x_wconf 85' lang='lat' dir='ltr'><strong>spiritum,</strong></span> <span class='ocrx_word' id='word_1_92' title='bbox 688 1188 811 1255; x_wconf 88' lang='lat' dir='ltr'><strong>quia</strong></span> <span class='ocrx_word' id='word_1_93' title='bbox 859 1185 1113 1241; x_wconf 82' lang='lat' dir='ltr'><strong>Christus</strong></span> <span class='ocrx_word' id='word_1_94' title='bbox 1165 1187 1217 1240; x_wconf 93' lang='lat' dir='ltr'><strong>in</strong></span> <span class='ocrx_word' id='word_1_95' title='bbox 1247 1201 1430 1241; x_wconf 87' lang='lat' dir='ltr'><strong>aream</strong></span> <span class='ocrx_word' id='word_1_96' title='bbox 1493 1203 1645 1242; x_wconf 90' lang='lat' dir='ltr'><strong>suam</strong></span> <span class='ocrx_word' id='word_1_97' title='bbox 1682 1192 1937 1259; x_wconf 86' lang='lat' dir='ltr'><strong>populum</strong></span> 
     </span>
    </p>
   </div>
   <div class='ocr_carea' id='block_1_14' title="bbox 322 1276 1942 1348">
    <p class='ocr_par' dir='ltr' id='par_1_14' title="bbox 322 1276 1942 1348">
     <span class='ocr_line' id='line_1_14' title="bbox 322 1276 1942 1348; baseline 0.001 -16"><span class='ocrx_word' id='word_1_98' title='bbox 322 1293 514 1332; x_wconf 85' lang='lat' dir='ltr'><strong>suum</strong></span> <span class='ocrx_word' id='word_1_99' title='bbox 564 1286 858 1348; x_wconf 77' lang='lat' dir='ltr'><strong>Congregat</strong></span> <span class='ocrx_word' id='word_1_100' title='bbox 893 1285 947 1331; x_wconf 90' lang='lat' dir='ltr'><strong>et</strong></span> <span class='ocrx_word' id='word_1_101' title='bbox 974 1276 1047 1331; x_wconf 85' lang='lat' dir='ltr'><strong>ibi</strong></span> <span class='ocrx_word' id='word_1_102' title='bbox 1079 1291 1202 1331; x_wconf 89' lang='lat' dir='ltr'><strong>eum</strong></span> <span class='ocrx_word' id='word_1_103' title='bbox 1243 1288 1541 1347; x_wconf 76' lang='lat' dir='ltr'><strong>expurgat,</strong></span> <span class='ocrx_word' id='word_1_104' title='bbox 1585 1287 1780 1333; x_wconf 92' lang='lat' dir='ltr'><strong>tenens</strong></span> <span class='ocrx_word' id='word_1_105' title='bbox 1813 1295 1942 1333; x_wconf 79' lang='lat' dir='ltr'><strong>ven-</strong></span> 
     </span>
    </p>
   </div>
   <div class='ocr_carea' id='block_1_15' title="bbox 325 1366 1941 1437">
    <p class='ocr_par' dir='ltr' id='par_1_15' title="bbox 325 1366 1941 1437">
     <span class='ocr_line' id='line_1_15' title="bbox 325 1366 1941 1437; baseline 0 -16"><span class='ocrx_word' id='word_1_106' title='bbox 325 1367 614 1423; x_wconf 88' lang='lat' dir='ltr'><strong>tilabruot</strong></span> <span class='ocrx_word' id='word_1_107' title='bbox 653 1368 705 1422; x_wconf 90' lang='lat' dir='ltr'><strong>in</strong></span> <span class='ocrx_word' id='word_1_108' title='bbox 738 1383 899 1422; x_wconf 91' lang='lat' dir='ltr'><strong>manu</strong></span> <span class='ocrx_word' id='word_1_109' title='bbox 929 1382 1052 1432; x_wconf 88' lang='lat' dir='ltr'><strong>sua,</strong></span> <span class='ocrx_word' id='word_1_110' title='bbox 1076 1377 1131 1421; x_wconf 91' lang='lat' dir='ltr'><strong>et</strong></span> <span class='ocrx_word' id='word_1_111' title='bbox 1170 1366 1240 1421; x_wconf 91' lang='lat' dir='ltr'><strong>ibi</strong></span> <span class='ocrx_word' id='word_1_112' title='bbox 1274 1366 1456 1437; x_wconf 79' lang='lat' dir='ltr'><strong>paleas</strong></span> <span class='ocrx_word' id='word_1_113' title='bbox 1499 1380 1717 1437; x_wconf 76' lang='lat' dir='ltr'><strong>separat</strong></span> <span class='ocrx_word' id='word_1_114' title='bbox 1748 1385 1776 1421; x_wconf 90' lang='lat' dir='ltr'><strong>a</strong></span> <span class='ocrx_word' id='word_1_115' title='bbox 1821 1370 1941 1423; x_wconf 89' lang='lat' dir='ltr'><strong>fru-</strong></span> 
     </span>
    </p>
   </div>
   <div class='ocr_carea' id='block_1_16' title="bbox 323 1459 1939 1529">
    <p class='ocr_par' dir='ltr' id='par_1_16' title="bbox 323 1459 1939 1529">
     <span class='ocr_line' id='line_1_16' title="bbox 323 1459 1939 1529; baseline -0.002 -14"><span class='ocrx_word' id='word_1_116' title='bbox 323 1470 543 1515; x_wconf 88' lang='lat' dir='ltr'><strong>mento</strong></span> <span class='ocrx_word' id='word_1_117' title='bbox 574 1461 640 1514; x_wconf 85' lang='grc'><strong>¹¹.</strong></span> <span class='ocrx_word' id='word_1_118' title='bbox 675 1459 790 1515; x_wconf 86' lang='lat' dir='ltr'><strong>Non</strong></span> <span class='ocrx_word' id='word_1_119' title='bbox 821 1474 954 1529; x_wconf 91' lang='lat' dir='ltr'><strong>ergo</strong></span> <span class='ocrx_word' id='word_1_120' title='bbox 990 1461 1107 1515; x_wconf 89' lang='lat' dir='ltr'><strong>sine</strong></span> <span class='ocrx_word' id='word_1_121' title='bbox 1139 1474 1305 1514; x_wconf 84' lang='lat' dir='ltr'><strong>causa</strong></span> <span class='ocrx_word' id='word_1_122' title='bbox 1332 1459 1418 1512; x_wconf 92' lang='lat' dir='ltr'><strong>vir</strong></span> <span class='ocrx_word' id='word_1_123' title='bbox 1449 1468 1635 1515; x_wconf 89' lang='lat' dir='ltr'><strong>tantus</strong></span> <span class='ocrx_word' id='word_1_124' title='bbox 1678 1471 1733 1514; x_wconf 92' lang='lat' dir='ltr'><strong>et</strong></span> <span class='ocrx_word' id='word_1_125' title='bbox 1780 1461 1900 1514; x_wconf 84' lang='lat' dir='ltr'><strong>talis</strong></span> <span class='ocrx_word' id='word_1_126' title='bbox 1924 1502 1939 1524; x_wconf 86' lang='lat'><strong>,</strong></span> 
     </span>
    </p>
   </div>
   <div class='ocr_carea' id='block_1_17' title="bbox 330 1548 1943 1621">
    <p class='ocr_par' dir='ltr' id='par_1_17' title="bbox 330 1548 1943 1621">
     <span class='ocr_line' id='line_1_17' title="bbox 330 1548 1943 1621; baseline 0.001 -16"><span class='ocrx_word' id='word_1_127' title='bbox 330 1548 519 1621; x_wconf 82' lang='lat' dir='ltr'><strong>cujus</strong></span> <span class='ocrx_word' id='word_1_128' title='bbox 564 1560 619 1605; x_wconf 91' lang='lat' dir='ltr'><strong>et</strong></span> <span class='ocrx_word' id='word_1_129' title='bbox 668 1560 894 1604; x_wconf 90' lang='lat' dir='ltr'><strong>sanctus</strong></span> <span class='ocrx_word' id='word_1_130' title='bbox 935 1550 1227 1617; x_wconf 83' lang='lat' dir='ltr'><strong>Apostolus</strong></span> <span class='ocrx_word' id='word_1_131' title='bbox 1276 1551 1342 1603; x_wconf 89' lang='lat' dir='ltr'><strong>ad</strong></span> <span class='ocrx_word' id='word_1_132' title='bbox 1395 1548 1651 1605; x_wconf 85' lang='lat' dir='ltr'><strong>Hebraeos</strong></span> <span class='ocrx_word' id='word_1_133' title='bbox 1698 1551 1943 1606; x_wconf 78' lang='lat' dir='ltr'><strong>scribens</strong></span> 
     </span>
    </p>
   </div>
   <div class='ocr_carea' id='block_1_18' title="bbox 330 1638 1936 1710">
    <p class='ocr_par' dir='ltr' id='par_1_18' title="bbox 330 1638 1936 1710">
     <span class='ocr_line' id='line_1_18' title="bbox 330 1638 1936 1710; baseline -0.001 -15"><span class='ocrx_word' id='word_1_134' title='bbox 330 1642 486 1695; x_wconf 78' lang='lat' dir='ltr'><strong>facit</strong></span> <span class='ocrx_word' id='word_1_135' title='bbox 512 1640 564 1694; x_wconf 87' lang='lat' dir='ltr'><strong>itt</strong></span> <span class='ocrx_word' id='word_1_136' title='bbox 594 1642 979 1710; x_wconf 89' lang='lat' dir='ltr'><strong>prophetarum</strong></span> <span class='ocrx_word' id='word_1_137' title='bbox 1012 1638 1263 1709; x_wconf 83' lang='lat' dir='ltr'><strong>catalogo</strong></span> <span class='ocrx_word' id='word_1_138' title='bbox 1295 1642 1624 1694; x_wconf 85' lang='lat' dir='ltr'><strong>mentionem</strong></span> <span class='ocrx_word' id='word_1_139' title='bbox 1656 1642 1723 1705; x_wconf 81' lang='lat'><strong>”,</strong></span> <span class='ocrx_word' id='word_1_140' title='bbox 1754 1656 1936 1695; x_wconf 88' lang='lat' dir='ltr'><strong>aream</strong></span> 
     </span>
    </p>
   </div>
   <div class='ocr_carea' id='block_1_19' title="bbox 2040 468 3619 544">
    <p class='ocr_par' dir='ltr' id='par_1_19' title="bbox 2040 468 3619 544">
     <span class='ocr_line' id='line_1_19' title="bbox 2040 468 3619 544; baseline 0.008 -23"><span class='ocrx_word' id='word_1_141' title='bbox 2040 468 2285 536; x_wconf 73' lang='lat' dir='ltr'><strong>exprime</strong></span> <span class='ocrx_word' id='word_1_142' title='bbox 2313 469 2378 522; x_wconf 88' lang='lat' dir='ltr'><strong>de</strong></span> <span class='ocrx_word' id='word_1_143' title='bbox 2429 469 2722 525; x_wconf 77' lang='lat' dir='ltr'><strong>Israelitico</strong></span> <span class='ocrx_word' id='word_1_144' title='bbox 2749 470 2971 530; x_wconf 85' lang='lat' dir='ltr'><strong>vellere.</strong></span> <span class='ocrx_word' id='word_1_145' title='bbox 3003 473 3257 544; x_wconf 78' lang='lat' dir='ltr'><strong>Exprimo</strong></span> <span class='ocrx_word' id='word_1_146' title='bbox 3285 479 3427 531; x_wconf 90' lang='lat' dir='ltr'><strong>enim</strong></span> <span class='ocrx_word' id='word_1_147' title='bbox 3460 483 3619 534; x_wconf 87' lang='lat' dir='ltr'><strong>modo</strong></span> 
     </span>
    </p>
   </div>
   <div class='ocr_carea' id='block_1_20' title="bbox 2041 559 3619 636">
    <p class='ocr_par' dir='ltr' id='par_1_20' title="bbox 2041 559 3619 636">
     <span class='ocr_line' id='line_1_20' title="bbox 2041 559 3619 636; baseline 0.007 -26"><span class='ocrx_word' id='word_1_148' title='bbox 2041 574 2234 627; x_wconf 88' lang='lat' dir='ltr'><strong>aquam</strong></span> <span class='ocrx_word' id='word_1_149' title='bbox 2277 574 2307 613; x_wconf 91' lang='lat' dir='ltr'><strong>e</strong></span> <span class='ocrx_word' id='word_1_150' title='bbox 2354 559 2552 613; x_wconf 78' lang='lat' dir='ltr'><strong>vellere</strong></span> <span class='ocrx_word' id='word_1_151' title='bbox 2610 559 2731 614; x_wconf 87' lang='lat' dir='ltr'><strong>libri</strong></span> <span class='ocrx_word' id='word_1_152' title='bbox 2788 560 3069 627; x_wconf 82' lang='lat' dir='ltr'><strong>Judicum,</strong></span> <span class='ocrx_word' id='word_1_153' title='bbox 3120 575 3174 618; x_wconf 89' lang='lat' dir='ltr'><strong>et</strong></span> <span class='ocrx_word' id='word_1_154' title='bbox 3218 566 3324 622; x_wconf 90' lang='lat' dir='ltr'><strong>alio</strong></span> <span class='ocrx_word' id='word_1_155' title='bbox 3379 577 3619 636; x_wconf 79' lang='lat' dir='ltr'><strong>tempore</strong></span> 
     </span>
    </p>
   </div>
   <div class='ocr_carea' id='block_1_21' title="bbox 2043 650 3618 724">
    <p class='ocr_par' dir='ltr' id='par_1_21' title="bbox 2043 650 3618 724">
     <span class='ocr_line' id='line_1_21' title="bbox 2043 650 3618 724; baseline 0.01 -23"><span class='ocrx_word' id='word_1_156' title='bbox 2043 665 2233 717; x_wconf 87' lang='lat' dir='ltr'><strong>aquam</strong></span> <span class='ocrx_word' id='word_1_157' title='bbox 2272 650 2338 703; x_wconf 90' lang='lat' dir='ltr'><strong>de</strong></span> <span class='ocrx_word' id='word_1_158' title='bbox 2383 651 2579 705; x_wconf 87' lang='lat' dir='ltr'><strong>vellere</strong></span> <span class='ocrx_word' id='word_1_159' title='bbox 2618 651 2959 722; x_wconf 79' lang='lat' dir='ltr'><strong>Regnorum,</strong></span> <span class='ocrx_word' id='word_1_160' title='bbox 2994 665 3049 707; x_wconf 90' lang='lat' dir='ltr'><strong>et</strong></span> <span class='ocrx_word' id='word_1_161' title='bbox 3082 670 3276 724; x_wconf 87' lang='lat' dir='ltr'><strong>aquam</strong></span> <span class='ocrx_word' id='word_1_162' title='bbox 3315 658 3380 711; x_wconf 86' lang='lat' dir='ltr'><strong>de</strong></span> <span class='ocrx_word' id='word_1_163' title='bbox 3421 659 3618 717; x_wconf 81' lang='lat' dir='ltr'><strong>vellere</strong></span> 
     </span>
    </p>
   </div>
   <div class='ocr_carea' id='block_1_22' title="bbox 2042 740 3619 815">
    <p class='ocr_par' dir='ltr' id='par_1_22' title="bbox 2042 740 3619 815">
     <span class='ocr_line' id='line_1_22' title="bbox 2042 740 3619 815; baseline 0.004 -22"><span class='ocrx_word' id='word_1_164' title='bbox 2042 740 2218 805; x_wconf 68' lang='lat' dir='ltr'><strong>Isaiae,</strong></span> <span class='ocrx_word' id='word_1_165' title='bbox 2256 741 2338 796; x_wconf 90' lang='lat' dir='ltr'><strong>vel</strong></span> <span class='ocrx_word' id='word_1_166' title='bbox 2371 740 2664 797; x_wconf 58' lang='lat' dir='ltr'><strong>Ieremia}:</strong></span> <span class='ocrx_word' id='word_1_167' title='bbox 2707 755 2762 797; x_wconf 91' lang='lat' dir='ltr'><strong>et</strong></span> <span class='ocrx_word' id='word_1_168' title='bbox 2795 744 2949 799; x_wconf 89' lang='lat' dir='ltr'><strong>mitto</strong></span> <span class='ocrx_word' id='word_1_169' title='bbox 2994 760 3111 798; x_wconf 90' lang='lat' dir='ltr'><strong>eam</strong></span> <span class='ocrx_word' id='word_1_170' title='bbox 3164 747 3216 798; x_wconf 92' lang='lat' dir='ltr'><strong>in</strong></span> <span class='ocrx_word' id='word_1_171' title='bbox 3264 746 3457 815; x_wconf 89' lang='lat' dir='ltr'><strong>pelvim</strong></span> <span class='ocrx_word' id='word_1_172' title='bbox 3504 746 3619 800; x_wconf 86' lang='lat' dir='ltr'><strong>ani-</strong></span> 
     </span>
    </p>
   </div>
   <div class='ocr_carea' id='block_1_23' title="bbox 2043 838 3618 910">
    <p class='ocr_par' dir='ltr' id='par_1_23' title="bbox 2043 838 3618 910">
     <span class='ocr_line' id='line_1_23' title="bbox 2043 838 3618 910; baseline 0.004 -19"><span class='ocrx_word' id='word_1_173' title='bbox 2043 851 2144 891; x_wconf 68' lang='lat' dir='ltr'><strong>mre</strong></span> <span class='ocrx_word' id='word_1_174' title='bbox 2167 876 2183 901; x_wconf 95' lang='lat'><strong>,</strong></span> <span class='ocrx_word' id='word_1_175' title='bbox 2218 838 2532 906; x_wconf 85' lang='lat' dir='ltr'><strong>concipiens</strong></span> <span class='ocrx_word' id='word_1_176' title='bbox 2573 853 2795 893; x_wconf 88' lang='lat' dir='ltr'><strong>sensum</strong></span> <span class='ocrx_word' id='word_1_177' title='bbox 2849 844 2899 894; x_wconf 92' lang='lat' dir='ltr'><strong>in</strong></span> <span class='ocrx_word' id='word_1_178' title='bbox 2928 843 3094 896; x_wconf 90' lang='lat' dir='ltr'><strong>corde</strong></span> <span class='ocrx_word' id='word_1_179' title='bbox 3137 856 3259 895; x_wconf 86' lang='lat' dir='ltr'><strong>meo</strong></span> <span class='ocrx_word' id='word_1_180' title='bbox 3288 856 3302 895; x_wconf 93' lang='lat'><strong>:</strong></span> <span class='ocrx_word' id='word_1_181' title='bbox 3335 852 3387 896; x_wconf 88' lang='lat' dir='ltr'><strong>et</strong></span> <span class='ocrx_word' id='word_1_182' title='bbox 3412 844 3618 910; x_wconf 72' lang='lat' dir='ltr'><strong>accipio</strong></span> 
     </span>
    </p>
   </div>
   <div class='ocr_carea' id='block_1_24' title="bbox 2042 928 3617 1002">
    <p class='ocr_par' dir='ltr' id='par_1_24' title="bbox 2042 928 3617 1002">
     <span class='ocr_line' id='line_1_24' title="bbox 2042 928 3617 1002; baseline 0.004 -20"><span class='ocrx_word' id='word_1_183' title='bbox 2042 928 2203 996; x_wconf 83' lang='lat' dir='ltr'><strong>pedes</strong></span> <span class='ocrx_word' id='word_1_184' title='bbox 2237 944 2422 983; x_wconf 89' lang='lat' dir='ltr'><strong>eorum</strong></span> <span class='ocrx_word' id='word_1_185' title='bbox 2455 929 2630 997; x_wconf 91' lang='lat' dir='ltr'><strong>quise</strong></span> <span class='ocrx_word' id='word_1_186' title='bbox 2672 932 2914 999; x_wconf 71' lang='lat' dir='ltr'><strong>prmbent</strong></span> <span class='ocrx_word' id='word_1_187' title='bbox 2943 942 2996 985; x_wconf 91' lang='lat' dir='ltr'><strong>et</strong></span> <span class='ocrx_word' id='word_1_188' title='bbox 3034 942 3341 1002; x_wconf 71' lang='lat' dir='ltr'><strong>praeparant</strong></span> <span class='ocrx_word' id='word_1_189' title='bbox 3384 932 3451 987; x_wconf 90' lang='lat' dir='ltr'><strong>ad</strong></span> <span class='ocrx_word' id='word_1_190' title='bbox 3501 948 3617 988; x_wconf 78' lang='lat' dir='ltr'><strong>cm-</strong></span> 
     </span>
    </p>
   </div>
   <div class='ocr_carea' id='block_1_25' title="bbox 2042 1018 3618 1091">
    <p class='ocr_par' dir='ltr' id='par_1_25' title="bbox 2042 1018 3618 1091">
     <span class='ocr_line' id='line_1_25' title="bbox 2042 1018 3618 1091; baseline 0.003 -20"><span class='ocrx_word' id='word_1_191' title='bbox 2042 1018 2279 1071; x_wconf 91' lang='lat' dir='ltr'><strong>nandum</strong></span> <span class='ocrx_word' id='word_1_192' title='bbox 2302 1055 2319 1082; x_wconf 92' lang='lat'><strong>,</strong></span> <span class='ocrx_word' id='word_1_193' title='bbox 2356 1026 2411 1072; x_wconf 89' lang='lat' dir='ltr'><strong>et</strong></span> <span class='ocrx_word' id='word_1_194' title='bbox 2441 1018 2760 1087; x_wconf 91' lang='lat' dir='ltr'><strong>inquantum</strong></span> <span class='ocrx_word' id='word_1_195' title='bbox 2789 1021 3089 1088; x_wconf 66' lang='lat' dir='ltr'><strong>praevaleo,</strong></span> <span class='ocrx_word' id='word_1_196' title='bbox 3116 1021 3298 1076; x_wconf 87' lang='lat' dir='ltr'><strong>lavare</strong></span> <span class='ocrx_word' id='word_1_197' title='bbox 3330 1022 3489 1091; x_wconf 91' lang='lat' dir='ltr'><strong>cupio</strong></span> <span class='ocrx_word' id='word_1_198' title='bbox 3520 1036 3618 1090; x_wconf 82' lang='lat' dir='ltr'><strong>pe-</strong></span> 
     </span>
    </p>
   </div>
   <div class='ocr_carea' id='block_1_26' title="bbox 2042 1106 3615 1180">
    <p class='ocr_par' dir='ltr' id='par_1_26' title="bbox 2042 1106 3615 1180">
     <span class='ocr_line' id='line_1_26' title="bbox 2042 1106 3615 1180; baseline 0.002 -17"><span class='ocrx_word' id='word_1_199' title='bbox 2042 1111 2135 1163; x_wconf 90' lang='lat' dir='ltr'><strong>des</strong></span> <span class='ocrx_word' id='word_1_200' title='bbox 2191 1106 2416 1162; x_wconf 89' lang='lat' dir='ltr'><strong>l‘ratrum</strong></span> <span class='ocrx_word' id='word_1_201' title='bbox 2454 1126 2698 1164; x_wconf 90' lang='lat' dir='ltr'><strong>meorum</strong></span> <span class='ocrx_word' id='word_1_202' title='bbox 2755 1120 2809 1165; x_wconf 88' lang='lat' dir='ltr'><strong>et</strong></span> <span class='ocrx_word' id='word_1_203' title='bbox 2844 1112 3119 1180; x_wconf 91' lang='lat' dir='ltr'><strong>complere</strong></span> <span class='ocrx_word' id='word_1_204' title='bbox 3159 1116 3474 1168; x_wconf 89' lang='lat' dir='ltr'><strong>mandatum</strong></span> <span class='ocrx_word' id='word_1_205' title='bbox 3510 1113 3615 1166; x_wconf 83' lang='lat' dir='ltr'><strong>Do-</strong></span> 
     </span>
    </p>
   </div>
   <div class='ocr_carea' id='block_1_27' title="bbox 2044 1208 3615 1279">
    <p class='ocr_par' dir='ltr' id='par_1_27' title="bbox 2044 1208 3615 1279">
     <span class='ocr_line' id='line_1_27' title="bbox 2044 1208 3615 1279; baseline 0.001 -20"><span class='ocrx_word' id='word_1_206' title='bbox 2044 1208 2172 1260; x_wconf 90' lang='lat' dir='ltr'><strong>mini</strong></span> <span class='ocrx_word' id='word_1_207' title='bbox 2214 1224 2227 1260; x_wconf 90' lang='lat'><strong>:</strong></span> <span class='ocrx_word' id='word_1_208' title='bbox 2266 1218 2324 1261; x_wconf 87' lang='grc' dir='ltr'><strong>ιιι</strong></span> <span class='ocrx_word' id='word_1_209' title='bbox 2375 1208 2425 1261; x_wconf 91' lang='lat' dir='ltr'><strong>in</strong></span> <span class='ocrx_word' id='word_1_210' title='bbox 2471 1210 2636 1263; x_wconf 90' lang='lat' dir='ltr'><strong>verbo</strong></span> <span class='ocrx_word' id='word_1_211' title='bbox 2671 1209 2933 1263; x_wconf 72' lang='lat' dir='ltr'><strong>doctrinae</strong></span> <span class='ocrx_word' id='word_1_212' title='bbox 2957 1217 3256 1279; x_wconf 88' lang='lat' dir='ltr'><strong>purgentur</strong></span> <span class='ocrx_word' id='word_1_213' title='bbox 3282 1210 3556 1264; x_wconf 86' lang='lat' dir='ltr'><strong>auditores</strong></span> <span class='ocrx_word' id='word_1_214' title='bbox 3587 1226 3615 1261; x_wconf 91' lang='lat' dir='ltr'><strong>a</strong></span> 
     </span>
    </p>
   </div>
   <div class='ocr_carea' id='block_1_28' title="bbox 2041 1299 3621 1371">
    <p class='ocr_par' dir='ltr' id='par_1_28' title="bbox 2041 1299 3621 1371">
     <span class='ocr_line' id='line_1_28' title="bbox 2041 1299 3621 1371; baseline 0.001 -18"><span class='ocrx_word' id='word_1_215' title='bbox 2041 1299 2295 1353; x_wconf 84' lang='lat' dir='ltr'><strong>sordibus</strong></span> <span class='ocrx_word' id='word_1_216' title='bbox 2318 1308 2663 1368; x_wconf 88' lang='lat' dir='ltr'><strong>peccatorum</strong></span> <span class='ocrx_word' id='word_1_217' title='bbox 2687 1340 2702 1364; x_wconf 87' lang='lat'><strong>,</strong></span> <span class='ocrx_word' id='word_1_218' title='bbox 2726 1309 2780 1354; x_wconf 89' lang='lat' dir='ltr'><strong>et</strong></span> <span class='ocrx_word' id='word_1_219' title='bbox 2818 1300 3078 1371; x_wconf 88' lang='lat' dir='ltr'><strong>abjieiant</strong></span> <span class='ocrx_word' id='word_1_220' title='bbox 3106 1315 3134 1352; x_wconf 90' lang='lat' dir='ltr'><strong>a</strong></span> <span class='ocrx_word' id='word_1_221' title='bbox 3179 1314 3238 1354; x_wconf 93' lang='lat' dir='ltr'><strong>se</strong></span> <span class='ocrx_word' id='word_1_222' title='bbox 3272 1315 3486 1353; x_wconf 91' lang='lat' dir='ltr'><strong>omnem</strong></span> <span class='ocrx_word' id='word_1_223' title='bbox 3518 1302 3621 1354; x_wconf 79' lang='lat' dir='ltr'><strong>im-</strong></span> 
     </span>
    </p>
   </div>
   <div class='ocr_carea' id='block_1_29' title="bbox 2043 1390 3618 1461">
    <p class='ocr_par' dir='ltr' id='par_1_29' title="bbox 2043 1390 3618 1461">
     <span class='ocr_line' id='line_1_29' title="bbox 2043 1390 3618 1461; baseline 0.004 -20"><span class='ocrx_word' id='word_1_224' title='bbox 2043 1390 2360 1442; x_wconf 87' lang='lat' dir='ltr'><strong>munditiam</strong></span> <span class='ocrx_word' id='word_1_225' title='bbox 2388 1390 2640 1443; x_wconf 91' lang='lat' dir='ltr'><strong>vitiorum</strong></span> <span class='ocrx_word' id='word_1_226' title='bbox 2659 1430 2674 1453; x_wconf 91' lang='lat'><strong>,</strong></span> <span class='ocrx_word' id='word_1_227' title='bbox 2700 1401 2753 1443; x_wconf 93' lang='lat' dir='ltr'><strong>et</strong></span> <span class='ocrx_word' id='word_1_228' title='bbox 2782 1394 3009 1445; x_wconf 90' lang='lat' dir='ltr'><strong>mundos</strong></span> <span class='ocrx_word' id='word_1_229' title='bbox 3039 1391 3279 1445; x_wconf 82' lang='lat' dir='ltr'><strong>habeant</strong></span> <span class='ocrx_word' id='word_1_230' title='bbox 3313 1392 3476 1461; x_wconf 86' lang='lat' dir='ltr'><strong>pedes</strong></span> <span class='ocrx_word' id='word_1_231' title='bbox 3500 1394 3618 1460; x_wconf 86' lang='lat' dir='ltr'><strong>qui-</strong></span> 
     </span>
    </p>
   </div>
   <div class='ocr_carea' id='block_1_30' title="bbox 2044 1478 3615 1552">
    <p class='ocr_par' dir='ltr' id='par_1_30' title="bbox 2044 1478 3615 1552">
     <span class='ocr_line' id='line_1_30' title="bbox 2044 1478 3615 1552; baseline 0.003 -21"><span class='ocrx_word' id='word_1_232' title='bbox 2044 1478 2144 1532; x_wconf 86' lang='lat' dir='ltr'><strong>bus</strong></span> <span class='ocrx_word' id='word_1_233' title='bbox 2181 1488 2327 1533; x_wconf 89' lang='lat' dir='ltr'><strong>recte</strong></span> <span class='ocrx_word' id='word_1_234' title='bbox 2363 1480 2739 1548; x_wconf 82' lang='lat' dir='ltr'><strong>ingrediantur</strong></span> <span class='ocrx_word' id='word_1_235' title='bbox 2771 1481 2837 1534; x_wconf 87' lang='lat' dir='ltr'><strong>ad</strong></span> <span class='ocrx_word' id='word_1_236' title='bbox 2884 1483 3338 1550; x_wconf 66' lang='lat' dir='ltr'><strong>praeparationem</strong></span> <span class='ocrx_word' id='word_1_237' title='bbox 3373 1483 3615 1552; x_wconf 64' lang='lat' dir='ltr'><strong>Evangeo</strong></span> 
     </span>
    </p>
   </div>
   <div class='ocr_carea' id='block_1_31' title="bbox 2043 1567 3620 1643">
    <p class='ocr_par' dir='ltr' id='par_1_31' title="bbox 2043 1567 3620 1643">
     <span class='ocr_line' id='line_1_31' title="bbox 2043 1567 3620 1643; baseline 0.004 -23"><span class='ocrx_word' id='word_1_238' title='bbox 2043 1567 2097 1620; x_wconf 90' lang='lat' dir='ltr'><strong>lii</strong></span> <span class='ocrx_word' id='word_1_239' title='bbox 2124 1569 2274 1637; x_wconf 88' lang='lat' dir='ltr'><strong>pacis</strong></span> <span class='ocrx_word' id='word_1_240' title='bbox 2311 1587 2324 1623; x_wconf 84' lang='lat'><strong>:</strong></span> <span class='ocrx_word' id='word_1_241' title='bbox 2366 1581 2424 1623; x_wconf 92' lang='lat' dir='ltr'><strong>ut</strong></span> <span class='ocrx_word' id='word_1_242' title='bbox 2472 1587 2663 1626; x_wconf 90' lang='lat' dir='ltr'><strong>oumes</strong></span> <span class='ocrx_word' id='word_1_243' title='bbox 2714 1573 2874 1627; x_wconf 90' lang='lat' dir='ltr'><strong>simul</strong></span> <span class='ocrx_word' id='word_1_244' title='bbox 2912 1573 2963 1627; x_wconf 94' lang='lat' dir='ltr'><strong>in</strong></span> <span class='ocrx_word' id='word_1_245' title='bbox 3038 1573 3255 1627; x_wconf 80' lang='lat' dir='ltr'><strong>Christo</strong></span> <span class='ocrx_word' id='word_1_246' title='bbox 3302 1572 3429 1628; x_wconf 81' lang='lat' dir='ltr'><strong>Iesu</strong></span> <span class='ocrx_word' id='word_1_247' title='bbox 3468 1574 3620 1643; x_wconf 83' lang='lat' dir='ltr'><strong>puri-</strong></span> 
     </span>
    </p>
   </div>
   <div class='ocr_carea' id='block_1_32' title="bbox 2046 1660 3616 1734">
    <p class='ocr_par' dir='ltr' id='par_1_32' title="bbox 2046 1660 3616 1734">
     <span class='ocr_line' id='line_1_32' title="bbox 2046 1660 3616 1734; baseline 0.004 -22"><span class='ocrx_word' id='word_1_248' title='bbox 2046 1660 2188 1714; x_wconf 83' lang='lat' dir='ltr'><strong>Ileati</strong></span> <span class='ocrx_word' id='word_1_249' title='bbox 2219 1674 2316 1729; x_wconf 87' lang='lat' dir='ltr'><strong>per</strong></span> <span class='ocrx_word' id='word_1_250' title='bbox 2340 1663 2582 1730; x_wconf 84' lang='lat' dir='ltr'><strong>verbum,</strong></span> <span class='ocrx_word' id='word_1_251' title='bbox 2603 1679 2708 1717; x_wconf 92' lang='lat' dir='ltr'><strong>non</strong></span> <span class='ocrx_word' id='word_1_252' title='bbox 2734 1664 3056 1730; x_wconf 87' lang='lat' dir='ltr'><strong>abjiciamur</strong></span> <span class='ocrx_word' id='word_1_253' title='bbox 3077 1667 3143 1719; x_wconf 91' lang='lat' dir='ltr'><strong>de</strong></span> <span class='ocrx_word' id='word_1_254' title='bbox 3174 1665 3411 1719; x_wconf 80' lang='lat' dir='ltr'><strong>thalamo</strong></span> <span class='ocrx_word' id='word_1_255' title='bbox 3436 1666 3616 1734; x_wconf 85' lang='lat' dir='ltr'><strong>sponsi</strong></span> 
     </span>
    </p>
   </div>
   <div class='ocr_carea' id='block_1_33' title="bbox 330 1726 1931 1823">
    <p class='ocr_par' dir='ltr' id='par_1_33' title="bbox 330 1729 1931 1799">
     <span class='ocr_line' id='line_1_33' title="bbox 330 1729 1931 1799; baseline -0.001 -14"><span class='ocrx_word' id='word_1_256' title='bbox 330 1732 547 1799; x_wconf 84' lang='lat' dir='ltr'><strong>elegit,</strong></span> <span class='ocrx_word' id='word_1_257' title='bbox 580 1732 644 1784; x_wconf 90' lang='lat' dir='ltr'><strong>ad</strong></span> <span class='ocrx_word' id='word_1_258' title='bbox 666 1729 837 1783; x_wconf 86' lang='lat' dir='ltr'><strong>vellus</strong></span> <span class='ocrx_word' id='word_1_259' title='bbox 865 1732 1175 1799; x_wconf 89' lang='lat' dir='ltr'><strong>ponendum</strong></span> <span class='ocrx_word' id='word_1_260' title='bbox 1209 1746 1221 1783; x_wconf 89' lang='lat'><strong>:</strong></span> <span class='ocrx_word' id='word_1_261' title='bbox 1253 1744 1352 1786; x_wconf 91' lang='lat' dir='ltr'><strong>nec</strong></span> <span class='ocrx_word' id='word_1_262' title='bbox 1379 1730 1496 1785; x_wconf 89' lang='lat' dir='ltr'><strong>sine</strong></span> <span class='ocrx_word' id='word_1_263' title='bbox 1520 1746 1684 1785; x_wconf 87' lang='lat' dir='ltr'><strong>causa</strong></span> <span class='ocrx_word' id='word_1_264' title='bbox 1712 1746 1931 1799; x_wconf 79' lang='lat' dir='ltr'><strong>expres-</strong></span> 
     </span>
    </p>
   </div>
   <div class='ocr_carea' id='block_1_34' title="bbox 2037 1726 3616 1823">
    <p class='ocr_par' dir='ltr' id='par_1_34' title="bbox 2039 1726 3616 1823">
     <span class='ocr_line' id='line_1_34' title="bbox 2039 1726 3616 1823; baseline 0.005 -20"><span class='ocrx_word' id='word_1_265' title='bbox 2039 1766 2135 1820; x_wconf 91' lang='lat' dir='ltr'><strong>pro</strong></span> <span class='ocrx_word' id='word_1_266' title='bbox 2178 1726 2413 1807; x_wconf 79' lang='lat' dir='ltr'><strong>sordidis</strong></span> <span class='ocrx_word' id='word_1_267' title='bbox 2477 1726 2840 1820; x_wconf 80' lang='lat' dir='ltr'><strong>indumentis;</strong></span> <span class='ocrx_word' id='word_1_268' title='bbox 2890 1757 2985 1811; x_wconf 89' lang='lat' dir='ltr'><strong>sed</strong></span> <span class='ocrx_word' id='word_1_269' title='bbox 3044 1758 3289 1811; x_wconf 90' lang='lat' dir='ltr'><strong>candidis</strong></span> <span class='ocrx_word' id='word_1_270' title='bbox 3344 1726 3616 1823; x_wconf 78' lang='lat' dir='ltr'><strong>vestibus,</strong></span> 
     </span>
    </p>
   </div>
   <div class='ocr_carea' id='block_1_35' title="bbox 333 1818 1933 1888">
    <p class='ocr_par' dir='ltr' id='par_1_35' title="bbox 333 1818 1933 1888">
     <span class='ocr_line' id='line_1_35' title="bbox 333 1818 1933 1888; baseline -0.001 -13"><span class='ocrx_word' id='word_1_271' title='bbox 333 1822 417 1875; x_wconf 78' lang='lat' dir='ltr'><strong>sit</strong></span> <span class='ocrx_word' id='word_1_272' title='bbox 448 1819 625 1873; x_wconf 90' lang='lat' dir='ltr'><strong>vellus</strong></span> <span class='ocrx_word' id='word_1_273' title='bbox 668 1820 719 1872; x_wconf 93' lang='lat' dir='ltr'><strong>in</strong></span> <span class='ocrx_word' id='word_1_274' title='bbox 749 1818 944 1888; x_wconf 83' lang='lat' dir='ltr'><strong>pelvim</strong></span> <span class='ocrx_word' id='word_1_275' title='bbox 965 1859 981 1884; x_wconf 92' lang='lat'><strong>,</strong></span> <span class='ocrx_word' id='word_1_276' title='bbox 1013 1819 1229 1887; x_wconf 87' lang='lat' dir='ltr'><strong>quando</strong></span> <span class='ocrx_word' id='word_1_277' title='bbox 1277 1830 1331 1871; x_wconf 88' lang='lat' dir='ltr'><strong>et</strong></span> <span class='ocrx_word' id='word_1_278' title='bbox 1367 1819 1593 1887; x_wconf 88' lang='lat' dir='ltr'><strong>replevit</strong></span> <span class='ocrx_word' id='word_1_279' title='bbox 1620 1834 1739 1873; x_wconf 89' lang='lat' dir='ltr'><strong>eam</strong></span> <span class='ocrx_word' id='word_1_280' title='bbox 1771 1834 1933 1887; x_wconf 81' lang='lat' dir='ltr'><strong>aqua.</strong></span> 
     </span>
    </p>
   </div>
   <div class='ocr_carea' id='block_1_36' title="bbox 336 1905 1937 1976">
    <p class='ocr_par' dir='ltr' id='par_1_36' title="bbox 336 1905 1937 1976">
     <span class='ocr_line' id='line_1_36' title="bbox 336 1905 1937 1976; baseline 0 -15"><span class='ocrx_word' id='word_1_281' title='bbox 336 1909 719 1976; x_wconf 77' lang='lat' dir='ltr'><strong>lteqniramns</strong></span> <span class='ocrx_word' id='word_1_282' title='bbox 751 1916 805 1961; x_wconf 88' lang='lat' dir='ltr'><strong>et</strong></span> <span class='ocrx_word' id='word_1_283' title='bbox 836 1909 903 1961; x_wconf 90' lang='lat' dir='ltr'><strong>de</strong></span> <span class='ocrx_word' id='word_1_284' title='bbox 934 1908 1034 1962; x_wconf 92' lang='lat' dir='ltr'><strong>hoc</strong></span> <span class='ocrx_word' id='word_1_285' title='bbox 1066 1908 1118 1961; x_wconf 93' lang='lat' dir='ltr'><strong>in</strong></span> <span class='ocrx_word' id='word_1_286' title='bbox 1145 1905 1443 1975; x_wconf 88' lang='lat' dir='ltr'><strong>Scripturis</strong></span> <span class='ocrx_word' id='word_1_287' title='bbox 1462 1907 1670 1962; x_wconf 87' lang='lat' dir='ltr'><strong>sanctis</strong></span> <span class='ocrx_word' id='word_1_288' title='bbox 1690 1948 1707 1975; x_wconf 91' lang='lat'><strong>,</strong></span> <span class='ocrx_word' id='word_1_289' title='bbox 1741 1908 1786 1962; x_wconf 91' lang='lat' dir='ltr'><strong>si</strong></span> <span class='ocrx_word' id='word_1_290' title='bbox 1817 1923 1937 1976; x_wconf 70' lang='lat' dir='ltr'><strong>qum</strong></span> 
     </span>
    </p>
   </div>
   <div class='ocr_carea' id='block_1_37' title="bbox 356 1993 1933 2067">
    <p class='ocr_par' dir='ltr' id='par_1_37' title="bbox 356 1993 1933 2067">
     <span class='ocr_line' id='line_1_37' title="bbox 356 1993 1933 2067; baseline 0.008 -22"><span class='ocrx_word' id='word_1_291' title='bbox 356 1999 531 2047; x_wconf 82' lang='lat' dir='ltr'><strong>nUDIS</strong></span> <span class='ocrx_word' id='word_1_292' title='bbox 574 1999 733 2046; x_wconf 80' lang='lat' dir='ltr'><strong>etiam</strong></span> <span class='ocrx_word' id='word_1_293' title='bbox 769 1993 930 2059; x_wconf 76' lang='lat' dir='ltr'><strong>hujus</strong></span> <span class='ocrx_word' id='word_1_294' title='bbox 977 1993 1342 2065; x_wconf 66' lang='lat' dir='ltr'><strong>intelligentiae</strong></span> <span class='ocrx_word' id='word_1_295' title='bbox 1384 2007 1668 2067; x_wconf 51' lang='lat' dir='ltr'><strong>praestatur</strong></span> <span class='ocrx_word' id='word_1_296' title='bbox 1703 2002 1933 2057; x_wconf 89' lang='lat' dir='ltr'><strong>occasio.</strong></span> 
     </span>
    </p>
   </div>
   <div class='ocr_carea' id='block_1_38' title="bbox 357 2089 1937 2161">
    <p class='ocr_par' dir='ltr' id='par_1_38' title="bbox 357 2089 1937 2161">
     <span class='ocr_line' id='line_1_38' title="bbox 357 2089 1937 2161; baseline 0.004 -18"><span class='ocrx_word' id='word_1_297' title='bbox 357 2089 665 2144; x_wconf 85' lang='lat' dir='ltr'><strong>Veniamus</strong></span> <span class='ocrx_word' id='word_1_298' title='bbox 701 2089 768 2144; x_wconf 91' lang='lat' dir='ltr'><strong>ad</strong></span> <span class='ocrx_word' id='word_1_299' title='bbox 805 2091 1173 2161; x_wconf 87' lang='lat' dir='ltr'><strong>Evangelium.</strong></span> <span class='ocrx_word' id='word_1_300' title='bbox 1214 2092 1525 2149; x_wconf 88' lang='lat' dir='ltr'><strong>Invenimus</strong></span> <span class='ocrx_word' id='word_1_301' title='bbox 1562 2096 1633 2151; x_wconf 90' lang='lat' dir='ltr'><strong>ibi</strong></span> <span class='ocrx_word' id='word_1_302' title='bbox 1674 2097 1718 2128; x_wconf 77' lang='grc'><strong>’³</strong></span> <span class='ocrx_word' id='word_1_303' title='bbox 1756 2098 1937 2152; x_wconf 74' lang='lat' dir='ltr'><strong>Domi-</strong></span> 
     </span>
    </p>
   </div>
   <div class='ocr_carea' id='block_1_39' title="bbox 356 2186 1935 2250">
    <p class='ocr_par' dir='ltr' id='par_1_39' title="bbox 356 2186 1935 2250">
     <span class='ocr_line' id='line_1_39' title="bbox 356 2186 1935 2250; baseline 0.006 -10"><span class='ocrx_word' id='word_1_304' title='bbox 356 2204 501 2241; x_wconf 89' lang='lat' dir='ltr'><strong>num</strong></span> <span class='ocrx_word' id='word_1_305' title='bbox 540 2196 595 2241; x_wconf 89' lang='lat' dir='ltr'><strong>et</strong></span> <span class='ocrx_word' id='word_1_306' title='bbox 633 2186 962 2243; x_wconf 86' lang='lat' dir='ltr'><strong>Salvatorem</strong></span> <span class='ocrx_word' id='word_1_307' title='bbox 1001 2200 1247 2245; x_wconf 88' lang='lat' dir='ltr'><strong>nostrum</strong></span> <span class='ocrx_word' id='word_1_308' title='bbox 1287 2203 1573 2249; x_wconf 89' lang='lat' dir='ltr'><strong>exuentem</strong></span> <span class='ocrx_word' id='word_1_309' title='bbox 1611 2196 1935 2250; x_wconf 81' lang='lat' dir='ltr'><strong>vestimenta</strong></span> 
     </span>
    </p>
   </div>
   <div class='ocr_carea' id='block_1_40' title="bbox 354 2281 1933 2361">
    <p class='ocr_par' dir='ltr' id='par_1_40' title="bbox 354 2281 1933 2361">
     <span class='ocr_line' id='line_1_40' title="bbox 354 2281 1933 2361; baseline 0.006 -26"><span class='ocrx_word' id='word_1_310' title='bbox 354 2298 485 2345; x_wconf 85' lang='lat' dir='ltr'><strong>sua,</strong></span> <span class='ocrx_word' id='word_1_311' title='bbox 518 2292 573 2336; x_wconf 90' lang='lat' dir='ltr'><strong>et</strong></span> <span class='ocrx_word' id='word_1_312' title='bbox 611 2281 777 2338; x_wconf 91' lang='lat' dir='ltr'><strong>linteo</strong></span> <span class='ocrx_word' id='word_1_313' title='bbox 813 2285 1158 2352; x_wconf 66' lang='lat' dir='ltr'><strong>praacinctum</strong></span> <span class='ocrx_word' id='word_1_314' title='bbox 1198 2288 1413 2343; x_wconf 89' lang='lat' dir='ltr'><strong>mittere</strong></span> <span class='ocrx_word' id='word_1_315' title='bbox 1450 2290 1612 2361; x_wconf 68' lang='grc'><strong>476</strong></span> <span class='ocrx_word' id='word_1_316' title='bbox 1647 2308 1837 2361; x_wconf 86' lang='lat' dir='ltr'><strong>aquam</strong></span> <span class='ocrx_word' id='word_1_317' title='bbox 1880 2293 1933 2352; x_wconf 78' lang='lat' dir='ltr'><strong>in</strong></span> 
     </span>
    </p>
   </div>
   <div class='ocr_carea' id='block_1_41' title="bbox 341 2377 1935 2448">
    <p class='ocr_par' dir='ltr' id='par_1_41' title="bbox 341 2377 1935 2448">
     <span class='ocr_line' id='line_1_41' title="bbox 341 2377 1935 2448; baseline 0.006 -19"><span class='ocrx_word' id='word_1_318' title='bbox 341 2378 547 2447; x_wconf 74' lang='lat' dir='ltr'><strong>pt-lvim</strong></span> <span class='ocrx_word' id='word_1_319' title='bbox 571 2418 586 2442; x_wconf 92' lang='lat'><strong>,</strong></span> <span class='ocrx_word' id='word_1_320' title='bbox 616 2377 794 2433; x_wconf 86' lang='lat' dir='ltr'><strong>lavare</strong></span> <span class='ocrx_word' id='word_1_321' title='bbox 825 2379 988 2448; x_wconf 90' lang='lat' dir='ltr'><strong>pedes</strong></span> <span class='ocrx_word' id='word_1_322' title='bbox 1020 2379 1412 2448; x_wconf 88' lang='lat' dir='ltr'><strong>discipulorum</strong></span> <span class='ocrx_word' id='word_1_323' title='bbox 1466 2397 1710 2437; x_wconf 91' lang='lat' dir='ltr'><strong>suorum.</strong></span> <span class='ocrx_word' id='word_1_324' title='bbox 1770 2381 1935 2439; x_wconf 84' lang='lat' dir='ltr'><strong>Vides</strong></span> 
     </span>
    </p>
   </div>
   <div class='ocr_carea' id='block_1_42' title="bbox 341 2470 1933 2542">
    <p class='ocr_par' dir='ltr' id='par_1_42' title="bbox 341 2470 1933 2542">
     <span class='ocr_line' id='line_1_42' title="bbox 341 2470 1933 2542; baseline 0.005 -20"><span class='ocrx_word' id='word_1_325' title='bbox 341 2484 483 2538; x_wconf 72' lang='lat' dir='ltr'><strong>ergo</strong></span> <span class='ocrx_word' id='word_1_326' title='bbox 508 2471 631 2537; x_wconf 89' lang='lat' dir='ltr'><strong>quia</strong></span> <span class='ocrx_word' id='word_1_327' title='bbox 664 2470 777 2523; x_wconf 60' lang='lat' dir='ltr'><strong>haec</strong></span> <span class='ocrx_word' id='word_1_328' title='bbox 807 2470 1205 2525; x_wconf 70' lang='lat' dir='ltr'><strong>adumbrabant</strong></span> <span class='ocrx_word' id='word_1_329' title='bbox 1239 2473 1534 2542; x_wconf 66' lang='lat' dir='ltr'><strong>prophetae,</strong></span> <span class='ocrx_word' id='word_1_330' title='bbox 1565 2488 1680 2542; x_wconf 66' lang='lat' dir='ltr'><strong>qua:</strong></span> <span class='ocrx_word' id='word_1_331' title='bbox 1705 2485 1857 2528; x_wconf 90' lang='lat' dir='ltr'><strong>erant</strong></span> <span class='ocrx_word' id='word_1_332' title='bbox 1880 2476 1933 2530; x_wconf 91' lang='lat' dir='ltr'><strong>in</strong></span> 
     </span>
    </p>
   </div>
   <div class='ocr_carea' id='block_1_43' title="bbox 343 2560 1931 2632">
    <p class='ocr_par' dir='ltr' id='par_1_43' title="bbox 343 2560 1931 2632">
     <span class='ocr_line' id='line_1_43' title="bbox 343 2560 1931 2632; baseline 0.004 -17"><span class='ocrx_word' id='word_1_333' title='bbox 343 2560 667 2616; x_wconf 85' lang='lat' dir='ltr'><strong>novissimis</strong></span> <span class='ocrx_word' id='word_1_334' title='bbox 699 2562 1026 2631; x_wconf 89' lang='lat' dir='ltr'><strong>temporibus</strong></span> <span class='ocrx_word' id='word_1_335' title='bbox 1052 2561 1319 2630; x_wconf 88' lang='lat' dir='ltr'><strong>implenda</strong></span> <span class='ocrx_word' id='word_1_336' title='bbox 1360 2578 1457 2632; x_wconf 90' lang='lat' dir='ltr'><strong>per</strong></span> <span class='ocrx_word' id='word_1_337' title='bbox 1494 2564 1798 2620; x_wconf 85' lang='lat' dir='ltr'><strong>Dominum.</strong></span> <span class='ocrx_word' id='word_1_338' title='bbox 1838 2566 1931 2622; x_wconf 74' lang='lat' dir='ltr'><strong>Illa</strong></span> 
     </span>
    </p>
   </div>
   <div class='ocr_carea' id='block_1_44' title="bbox 340 2652 1934 2725">
    <p class='ocr_par' dir='ltr' id='par_1_44' title="bbox 340 2652 1934 2725">
     <span class='ocr_line' id='line_1_44' title="bbox 340 2652 1934 2725; baseline 0.006 -20"><span class='ocrx_word' id='word_1_339' title='bbox 340 2667 481 2721; x_wconf 85' lang='lat' dir='ltr'><strong>ergo</strong></span> <span class='ocrx_word' id='word_1_340' title='bbox 510 2667 648 2722; x_wconf 88' lang='lat' dir='ltr'><strong>aqua</strong></span> <span class='ocrx_word' id='word_1_341' title='bbox 683 2668 845 2722; x_wconf 88' lang='lat' dir='ltr'><strong>quant</strong></span> <span class='ocrx_word' id='word_1_342' title='bbox 884 2655 1135 2707; x_wconf 86' lang='lat' dir='ltr'><strong>mittebat</strong></span> <span class='ocrx_word' id='word_1_343' title='bbox 1158 2652 1318 2710; x_wconf 77' lang='lat' dir='ltr'><strong>Iesus</strong></span> <span class='ocrx_word' id='word_1_344' title='bbox 1365 2657 1416 2709; x_wconf 90' lang='lat' dir='ltr'><strong>in</strong></span> <span class='ocrx_word' id='word_1_345' title='bbox 1463 2656 1661 2725; x_wconf 87' lang='lat' dir='ltr'><strong>pelvitu</strong></span> <span class='ocrx_word' id='word_1_346' title='bbox 1695 2673 1781 2713; x_wconf 92' lang='lat' dir='ltr'><strong>ros</strong></span> <span class='ocrx_word' id='word_1_347' title='bbox 1815 2669 1934 2714; x_wconf 90' lang='lat' dir='ltr'><strong>erat</strong></span> 
     </span>
    </p>
   </div>
   <div class='ocr_carea' id='block_1_45' title="bbox 344 2746 1928 2818">
    <p class='ocr_par' dir='ltr' id='par_1_45' title="bbox 344 2746 1928 2818">
     <span class='ocr_line' id='line_1_45' title="bbox 344 2746 1928 2818; baseline 0.004 -20"><span class='ocrx_word' id='word_1_348' title='bbox 344 2746 540 2816; x_wconf 66' lang='lat' dir='ltr'><strong>gratiae</strong></span> <span class='ocrx_word' id='word_1_349' title='bbox 580 2746 823 2800; x_wconf 77' lang='lat' dir='ltr'><strong>ccelestis</strong></span> <span class='ocrx_word' id='word_1_350' title='bbox 870 2759 935 2799; x_wconf 82' lang='lat' dir='ltr'><strong>ex</strong></span> <span class='ocrx_word' id='word_1_351' title='bbox 966 2761 1075 2816; x_wconf 87' lang='lat' dir='ltr'><strong>quo</strong></span> <span class='ocrx_word' id='word_1_352' title='bbox 1103 2747 1317 2802; x_wconf 88' lang='lat' dir='ltr'><strong>lavabat</strong></span> <span class='ocrx_word' id='word_1_353' title='bbox 1343 2748 1509 2818; x_wconf 86' lang='lat' dir='ltr'><strong>pedes</strong></span> <span class='ocrx_word' id='word_1_354' title='bbox 1539 2749 1928 2818; x_wconf 89' lang='lat' dir='ltr'><strong>discipulorum</strong></span> 
     </span>
    </p>
   </div>
   <div class='ocr_carea' id='block_1_46' title="bbox 345 2837 1931 2910">
    <p class='ocr_par' dir='ltr' id='par_1_46' title="bbox 345 2837 1931 2910">
     <span class='ocr_line' id='line_1_46' title="bbox 345 2837 1931 2910; baseline 0.003 -17"><span class='ocrx_word' id='word_1_355' title='bbox 345 2854 598 2893; x_wconf 78' lang='lat' dir='ltr'><strong>Snorum.</strong></span> <span class='ocrx_word' id='word_1_356' title='bbox 632 2837 787 2893; x_wconf 90' lang='lat' dir='ltr'><strong>Unde</strong></span> <span class='ocrx_word' id='word_1_357' title='bbox 829 2848 886 2910; x_wconf 85' lang='lat' dir='ltr'><strong>et</strong></span> <span class='ocrx_word' id='word_1_358' title='bbox 922 2839 1117 2894; x_wconf 88' lang='lat' dir='ltr'><strong>merito</strong></span> <span class='ocrx_word' id='word_1_359' title='bbox 1148 2840 1364 2895; x_wconf 88' lang='lat' dir='ltr'><strong>dicebat</strong></span> <span class='ocrx_word' id='word_1_360' title='bbox 1404 2841 1470 2895; x_wconf 89' lang='lat' dir='ltr'><strong>ad</strong></span> <span class='ocrx_word' id='word_1_361' title='bbox 1504 2855 1601 2897; x_wconf 86' lang='lat' dir='ltr'><strong>eos</strong></span> <span class='ocrx_word' id='word_1_362' title='bbox 1638 2843 1684 2873; x_wconf 74' lang='lat'><strong>“</strong></span> <span class='ocrx_word' id='word_1_363' title='bbox 1714 2861 1728 2897; x_wconf 89' lang='lat'><strong>:</strong></span> <span class='ocrx_word' id='word_1_364' title='bbox 1761 2861 1779 2894; x_wconf 77' lang='grc' dir='ltr'><strong>ι</strong></span> <span class='ocrx_word' id='word_1_365' title='bbox 1826 2843 1931 2898; x_wconf 84' lang='lat' dir='ltr'><strong>Vos</strong></span> 
     </span>
    </p>
   </div>
   <div class='ocr_carea' id='block_1_47' title="bbox 344 2932 1929 3004">
    <p class='ocr_par' dir='ltr' id='par_1_47' title="bbox 344 2932 1929 3004">
     <span class='ocr_line' id='line_1_47' title="bbox 344 2932 1929 3004; baseline 0.002 -19"><span class='ocrx_word' id='word_1_366' title='bbox 344 2942 532 2986; x_wconf 87' lang='lat' dir='ltr'><strong>autem</strong></span> <span class='ocrx_word' id='word_1_367' title='bbox 583 2932 765 2986; x_wconf 88' lang='lat' dir='ltr'><strong>tnundi</strong></span> <span class='ocrx_word' id='word_1_368' title='bbox 813 2932 944 2986; x_wconf 85' lang='lat' dir='ltr'><strong>estis</strong></span> <span class='ocrx_word' id='word_1_369' title='bbox 975 2942 1198 3004; x_wconf 91' lang='lat' dir='ltr'><strong>propter</strong></span> <span class='ocrx_word' id='word_1_370' title='bbox 1245 2932 1468 2988; x_wconf 88' lang='lat' dir='ltr'><strong>verbum</strong></span> <span class='ocrx_word' id='word_1_371' title='bbox 1518 2936 1658 3003; x_wconf 87' lang='lat' dir='ltr'><strong>quod</strong></span> <span class='ocrx_word' id='word_1_372' title='bbox 1714 2933 1929 2988; x_wconf 89' lang='lat' dir='ltr'><strong>locutus</strong></span> 
     </span>
    </p>
   </div>
   <div class='ocr_carea' id='block_1_48' title="bbox 2037 1841 3615 1914">
    <p class='ocr_par' dir='ltr' id='par_1_48' title="bbox 2037 1841 3615 1914">
     <span class='ocr_line' id='line_1_48' title="bbox 2037 1841 3615 1914; baseline 0.002 -17"><span class='ocrx_word' id='word_1_373' title='bbox 2037 1841 2164 1897; x_wconf 88' lang='lat' dir='ltr'><strong>lotis</strong></span> <span class='ocrx_word' id='word_1_374' title='bbox 2196 1844 2424 1912; x_wconf 82' lang='lat' dir='ltr'><strong>pedibus</strong></span> <span class='ocrx_word' id='word_1_375' title='bbox 2445 1884 2459 1909; x_wconf 89' lang='lat'><strong>,</strong></span> <span class='ocrx_word' id='word_1_376' title='bbox 2489 1847 2670 1900; x_wconf 88' lang='lat' dir='ltr'><strong>nmndi</strong></span> <span class='ocrx_word' id='word_1_377' title='bbox 2709 1847 2894 1914; x_wconf 87' lang='lat' dir='ltr'><strong>corde,</strong></span> <span class='ocrx_word' id='word_1_378' title='bbox 2924 1849 3306 1901; x_wconf 89' lang='lat' dir='ltr'><strong>recumbamus</strong></span> <span class='ocrx_word' id='word_1_379' title='bbox 3341 1849 3390 1901; x_wconf 91' lang='lat' dir='ltr'><strong>in</strong></span> <span class='ocrx_word' id='word_1_380' title='bbox 3427 1849 3615 1902; x_wconf 73' lang='lat' dir='ltr'><strong>convi—</strong></span> 
     </span>
    </p>
   </div>
   <div class='ocr_carea' id='block_1_49' title="bbox 2040 1935 3623 2005">
    <p class='ocr_par' dir='ltr' id='par_1_49' title="bbox 2040 1935 3623 2005">
     <span class='ocr_line' id='line_1_49' title="bbox 2040 1935 3623 2005; baseline 0.002 -16"><span class='ocrx_word' id='word_1_381' title='bbox 2040 1935 2127 1989; x_wconf 89' lang='lat' dir='ltr'><strong>vio</strong></span> <span class='ocrx_word' id='word_1_382' title='bbox 2156 1936 2339 2005; x_wconf 87' lang='lat' dir='ltr'><strong>sponsi</strong></span> <span class='ocrx_word' id='word_1_383' title='bbox 2366 1936 2536 2004; x_wconf 89' lang='lat' dir='ltr'><strong>ipsius</strong></span> <span class='ocrx_word' id='word_1_384' title='bbox 2568 1937 2778 1992; x_wconf 86' lang='lat' dir='ltr'><strong>Domini</strong></span> <span class='ocrx_word' id='word_1_385' title='bbox 2808 1937 2979 1992; x_wconf 91' lang='lat' dir='ltr'><strong>nostri</strong></span> <span class='ocrx_word' id='word_1_386' title='bbox 3004 1936 3130 1993; x_wconf 79' lang='lat' dir='ltr'><strong>Iesu</strong></span> <span class='ocrx_word' id='word_1_387' title='bbox 3156 1936 3378 2001; x_wconf 81' lang='lat' dir='ltr'><strong>Christi,</strong></span> <span class='ocrx_word' id='word_1_388' title='bbox 3410 1939 3495 1992; x_wconf 91' lang='lat' dir='ltr'><strong>cui</strong></span> <span class='ocrx_word' id='word_1_389' title='bbox 3533 1945 3623 1992; x_wconf 85' lang='lat' dir='ltr'><strong>est</strong></span> 
     </span>
    </p>
   </div>
   <div class='ocr_carea' id='block_1_50' title="bbox 2037 2026 3523 2098">
    <p class='ocr_par' dir='ltr' id='par_1_50' title="bbox 2037 2026 3523 2098">
     <span class='ocr_line' id='line_1_50' title="bbox 2037 2026 3523 2098; baseline 0.001 -18"><span class='ocrx_word' id='word_1_390' title='bbox 2037 2026 2206 2097; x_wconf 79' lang='lat' dir='ltr'><strong>gloria</strong></span> <span class='ocrx_word' id='word_1_391' title='bbox 2231 2037 2287 2081; x_wconf 89' lang='lat' dir='ltr'><strong>et</strong></span> <span class='ocrx_word' id='word_1_392' title='bbox 2312 2028 2598 2098; x_wconf 89' lang='lat' dir='ltr'><strong>imperium</strong></span> <span class='ocrx_word' id='word_1_393' title='bbox 2638 2028 2691 2081; x_wconf 91' lang='lat' dir='ltr'><strong>in</strong></span> <span class='ocrx_word' id='word_1_394' title='bbox 2719 2029 2915 2082; x_wconf 68' lang='lat' dir='ltr'><strong>szecula</strong></span> <span class='ocrx_word' id='word_1_395' title='bbox 2947 2030 3289 2083; x_wconf 74' lang='lat' dir='ltr'><strong>saeculorum.</strong></span> <span class='ocrx_word' id='word_1_396' title='bbox 3327 2029 3523 2082; x_wconf 81' lang='lat' dir='ltr'><strong>Amen.</strong></span> 
     </span>
    </p>
   </div>
   <div class='ocr_carea' id='block_1_51' title="bbox 2625 2158 3023 2215">
    <p class='ocr_par' dir='ltr' id='par_1_51' title="bbox 2625 2158 3023 2215">
     <span class='ocr_line' id='line_1_51' title="bbox 2625 2158 3023 2215; baseline 0.005 -3"><span class='ocrx_word' id='word_1_397' title='bbox 2625 2158 2901 2214; x_wconf 69' lang='lat' dir='ltr'><strong>IIOIIILIA</strong></span> <span class='ocrx_word' id='word_1_398' title='bbox 2934 2158 3023 2215; x_wconf 79' lang='lat' dir='ltr'><strong>IX.</strong></span> 
     </span>
    </p>
   </div>
   <div class='ocr_carea' id='block_1_52' title="bbox 2079 2266 3567 2340">
    <p class='ocr_par' dir='ltr' id='par_1_52' title="bbox 2079 2266 3567 2340">
     <span class='ocr_line' id='line_1_52' title="bbox 2079 2266 3567 2340; baseline 0.002 -17"><span class='ocrx_word' id='word_1_399' title='bbox 2079 2266 2155 2323; x_wconf 82' lang='lat' dir='ltr'><strong>De</strong></span> <span class='ocrx_word' id='word_1_400' title='bbox 2183 2269 2366 2339; x_wconf 69' lang='lat' dir='ltr'><strong>prwlio</strong></span> <span class='ocrx_word' id='word_1_401' title='bbox 2402 2271 2539 2340; x_wconf 84' lang='lat' dir='ltr'><strong>quod</strong></span> <span class='ocrx_word' id='word_1_402' title='bbox 2570 2266 2779 2323; x_wconf 80' lang='lat' dir='ltr'><strong>Cedeon</strong></span> <span class='ocrx_word' id='word_1_403' title='bbox 2809 2287 2928 2324; x_wconf 86' lang='lat' dir='ltr'><strong>cum</strong></span> <span class='ocrx_word' id='word_1_404' title='bbox 2962 2272 3207 2325; x_wconf 74' lang='lat' dir='ltr'><strong>trecentis</strong></span> <span class='ocrx_word' id='word_1_405' title='bbox 3236 2272 3361 2326; x_wconf 74' lang='lat' dir='ltr'><strong>uiris</strong></span> <span class='ocrx_word' id='word_1_406' title='bbox 3391 2272 3567 2328; x_wconf 77' lang='lat' dir='ltr'><strong>electis</strong></span> 
     </span>
    </p>
   </div>
   <div class='ocr_carea' id='block_1_53' title="bbox 2735 2343 2915 2411">
    <p class='ocr_par' dir='ltr' id='par_1_53' title="bbox 2735 2343 2915 2411">
     <span class='ocr_line' id='line_1_53' title="bbox 2735 2343 2915 2411; baseline 0 -17"><span class='ocrx_word' id='word_1_407' title='bbox 2735 2343 2915 2411; x_wconf 74' lang='lat' dir='ltr'><strong>gessit.</strong></span> 
     </span>
    </p>
   </div>
   <div class='ocr_carea' id='block_1_54' title="bbox 2113 2473 3613 2544">
    <p class='ocr_par' dir='ltr' id='par_1_54' title="bbox 2113 2473 3613 2544">
     <span class='ocr_line' id='line_1_54' title="bbox 2113 2473 3613 2544; baseline 0 -18"><span class='ocrx_word' id='word_1_408' title='bbox 2113 2474 2161 2525; x_wconf 84' lang='lat' dir='ltr'><strong>-I.</strong></span> <span class='ocrx_word' id='word_1_409' title='bbox 2190 2473 2383 2543; x_wconf 89' lang='lat' dir='ltr'><strong>Ingens</strong></span> <span class='ocrx_word' id='word_1_410' title='bbox 2405 2482 2520 2528; x_wconf 89' lang='lat' dir='ltr'><strong>erat</strong></span> <span class='ocrx_word' id='word_1_411' title='bbox 2541 2475 2828 2530; x_wconf 88' lang='lat' dir='ltr'><strong>multitudo</strong></span> <span class='ocrx_word' id='word_1_412' title='bbox 2852 2491 2971 2544; x_wconf 68' lang='lat' dir='ltr'><strong>qua:</strong></span> <span class='ocrx_word' id='word_1_413' title='bbox 2993 2475 3274 2530; x_wconf 87' lang='lat' dir='ltr'><strong>adversum</strong></span> <span class='ocrx_word' id='word_1_414' title='bbox 3300 2475 3463 2528; x_wconf 84' lang='lat' dir='ltr'><strong>Israel</strong></span> <span class='ocrx_word' id='word_1_415' title='bbox 3487 2491 3613 2528; x_wconf 80' lang='lat' dir='ltr'><strong>con-</strong></span> 
     </span>
    </p>
   </div>
   <div class='ocr_carea' id='block_1_55' title="bbox 2040 2565 3609 2635">
    <p class='ocr_par' dir='ltr' id='par_1_55' title="bbox 2040 2565 3609 2635">
     <span class='ocr_line' id='line_1_55' title="bbox 2040 2565 3609 2635; baseline 0.001 -20"><span class='ocrx_word' id='word_1_416' title='bbox 2040 2573 2257 2633; x_wconf 79' lang='lat' dir='ltr'><strong>gregata</strong></span> <span class='ocrx_word' id='word_1_417' title='bbox 2287 2573 2388 2624; x_wconf 79' lang='lat' dir='ltr'><strong>est.</strong></span> <span class='ocrx_word' id='word_1_418' title='bbox 2425 2565 2498 2618; x_wconf 89' lang='lat' dir='ltr'><strong>ita</strong></span> <span class='ocrx_word' id='word_1_419' title='bbox 2532 2574 2590 2618; x_wconf 89' lang='lat' dir='ltr'><strong>ut</strong></span> <span class='ocrx_word' id='word_1_420' title='bbox 2621 2565 2845 2620; x_wconf 90' lang='lat' dir='ltr'><strong>locustis</strong></span> <span class='ocrx_word' id='word_1_421' title='bbox 2878 2581 2986 2635; x_wconf 57' lang='lat' dir='ltr'><strong>prae</strong></span> <span class='ocrx_word' id='word_1_422' title='bbox 3021 2566 3363 2619; x_wconf 88' lang='lat' dir='ltr'><strong>multitudine</strong></span> <span class='ocrx_word' id='word_1_423' title='bbox 3396 2566 3609 2619; x_wconf 82' lang='lat' dir='ltr'><strong>confer-</strong></span> 
     </span>
    </p>
   </div>
   <div class='ocr_carea' id='block_1_56' title="bbox 2038 2656 3616 2725">
    <p class='ocr_par' dir='ltr' id='par_1_56' title="bbox 2038 2656 3616 2725">
     <span class='ocr_line' id='line_1_56' title="bbox 2038 2656 3616 2725; baseline -0.001 -14"><span class='ocrx_word' id='word_1_424' title='bbox 2038 2667 2247 2711; x_wconf 89' lang='lat' dir='ltr'><strong>rentur.</strong></span> <span class='ocrx_word' id='word_1_425' title='bbox 2289 2674 2308 2707; x_wconf 79' lang='grc' dir='ltr'><strong>ι</strong></span> <span class='ocrx_word' id='word_1_426' title='bbox 2342 2656 2406 2711; x_wconf 82' lang='lat' dir='ltr'><strong>Et</strong></span> <span class='ocrx_word' id='word_1_427' title='bbox 2448 2657 2684 2723; x_wconf 86' lang='lat' dir='ltr'><strong>cameli,</strong></span> <span class='ocrx_word' id='word_1_428' title='bbox 2722 2657 2901 2725; x_wconf 91' lang='lat' dir='ltr'><strong>inquit</strong></span> <span class='ocrx_word' id='word_1_429' title='bbox 2925 2658 3001 2722; x_wconf 82' lang='grc'><strong>’⁸,</strong></span> <span class='ocrx_word' id='word_1_430' title='bbox 3047 2673 3235 2712; x_wconf 91' lang='lat' dir='ltr'><strong>eorum</strong></span> <span class='ocrx_word' id='word_1_431' title='bbox 3278 2660 3420 2712; x_wconf 92' lang='lat' dir='ltr'><strong>sicut</strong></span> <span class='ocrx_word' id='word_1_432' title='bbox 3452 2673 3616 2712; x_wconf 77' lang='lat' dir='ltr'><strong>arena</strong></span> 
     </span>
    </p>
   </div>
   <div class='ocr_carea' id='block_1_57' title="bbox 2033 2748 3620 2817">
    <p class='ocr_par' dir='ltr' id='par_1_57' title="bbox 2033 2748 3620 2817">
     <span class='ocr_line' id='line_1_57' title="bbox 2033 2748 3620 2817; baseline 0 -16"><span class='ocrx_word' id='word_1_433' title='bbox 2033 2763 2155 2817; x_wconf 71' lang='lat' dir='ltr'><strong>qua:</strong></span> <span class='ocrx_word' id='word_1_434' title='bbox 2185 2756 2267 2802; x_wconf 87' lang='lat' dir='ltr'><strong>est</strong></span> <span class='ocrx_word' id='word_1_435' title='bbox 2307 2748 2376 2802; x_wconf 91' lang='lat' dir='ltr'><strong>ad</strong></span> <span class='ocrx_word' id='word_1_436' title='bbox 2410 2764 2566 2802; x_wconf 89' lang='lat' dir='ltr'><strong>oram</strong></span> <span class='ocrx_word' id='word_1_437' title='bbox 2605 2748 2775 2802; x_wconf 82' lang='lat' dir='ltr'><strong>maris</strong></span> <span class='ocrx_word' id='word_1_438' title='bbox 2808 2748 3249 2805; x_wconf 88' lang='lat' dir='ltr'><strong>innumerabilis.</strong></span> <span class='ocrx_word' id='word_1_439' title='bbox 3284 2767 3302 2801; x_wconf 80' lang='grc' dir='ltr'><strong>ι</strong></span> <span class='ocrx_word' id='word_1_440' title='bbox 3338 2748 3620 2815; x_wconf 83' lang='lat' dir='ltr'><strong>Quomodo</strong></span> 
     </span>
    </p>
   </div>
   <div class='ocr_carea' id='block_1_58' title="bbox 2032 2839 3616 2909">
    <p class='ocr_par' dir='ltr' id='par_1_58' title="bbox 2032 2839 3616 2909">
     <span class='ocr_line' id='line_1_58' title="bbox 2032 2839 3616 2909; baseline -0.001 -17"><span class='ocrx_word' id='word_1_441' title='bbox 2032 2854 2163 2902; x_wconf 71' lang='lat' dir='ltr'><strong>ergo</strong></span> <span class='ocrx_word' id='word_1_442' title='bbox 2197 2839 2312 2893; x_wconf 87' lang='lat' dir='ltr'><strong>haec</strong></span> <span class='ocrx_word' id='word_1_443' title='bbox 2336 2841 2571 2909; x_wconf 91' lang='lat' dir='ltr'><strong>potuerit</strong></span> <span class='ocrx_word' id='word_1_444' title='bbox 2599 2848 2707 2892; x_wconf 90' lang='lat' dir='ltr'><strong>tam</strong></span> <span class='ocrx_word' id='word_1_445' title='bbox 2739 2839 3022 2893; x_wconf 88' lang='lat' dir='ltr'><strong>innumera</strong></span> <span class='ocrx_word' id='word_1_446' title='bbox 3059 2839 3349 2894; x_wconf 90' lang='lat' dir='ltr'><strong>multitudo</strong></span> <span class='ocrx_word' id='word_1_447' title='bbox 3380 2840 3616 2895; x_wconf 91' lang='lat' dir='ltr'><strong>hostium</strong></span> 
     </span>
    </p>
   </div>
   <div class='ocr_carea' id='block_1_59' title="bbox 2032 2931 3619 3002">
    <p class='ocr_par' dir='ltr' id='par_1_59' title="bbox 2032 2931 3619 3002">
     <span class='ocr_line' id='line_1_59' title="bbox 2032 2931 3619 3002; baseline -0.001 -17"><span class='ocrx_word' id='word_1_448' title='bbox 2032 2931 2306 3000; x_wconf 79' lang='lat' dir='ltr'><strong>superari,</strong></span> <span class='ocrx_word' id='word_1_449' title='bbox 2345 2931 2666 2985; x_wconf 90' lang='lat' dir='ltr'><strong>videamus:</strong></span> <span class='ocrx_word' id='word_1_450' title='bbox 2702 2931 2982 2997; x_wconf 78' lang='lat' dir='ltr'><strong>Exierunt,</strong></span> <span class='ocrx_word' id='word_1_451' title='bbox 3028 2932 3222 3002; x_wconf 89' lang='lat' dir='ltr'><strong>inquit,</strong></span> <span class='ocrx_word' id='word_1_452' title='bbox 3267 2931 3374 2986; x_wconf 90' lang='lat' dir='ltr'><strong>duo</strong></span> <span class='ocrx_word' id='word_1_453' title='bbox 3417 2940 3471 2987; x_wconf 92' lang='lat' dir='ltr'><strong>et</strong></span> <span class='ocrx_word' id='word_1_454' title='bbox 3522 2933 3619 2985; x_wconf 88' lang='lat' dir='ltr'><strong>tri-</strong></span> 
     </span>
    </p>
   </div>
   <div class='ocr_carea' id='block_1_60' title="bbox 346 3019 3611 3112">
    <p class='ocr_par' dir='ltr' id='par_1_60' title="bbox 346 3019 3611 3112">
     <span class='ocr_line' id='line_1_60' title="bbox 346 3019 3611 3112; baseline -0.001 -35"><span class='ocrx_word' id='word_1_455' title='bbox 346 3038 469 3077; x_wconf 85' lang='lat' dir='ltr'><strong>sutn</strong></span> <span class='ocrx_word' id='word_1_456' title='bbox 506 3024 571 3077; x_wconf 87' lang='lat' dir='ltr'><strong>ad</strong></span> <span class='ocrx_word' id='word_1_457' title='bbox 606 3038 719 3077; x_wconf 90' lang='lat' dir='ltr'><strong>vos.</strong></span> <span class='ocrx_word' id='word_1_458' title='bbox 758 3041 777 3075; x_wconf 72' lang='grc' dir='ltr'><strong>ι</strong></span> <span class='ocrx_word' id='word_1_459' title='bbox 828 3023 936 3078; x_wconf 90' lang='lat' dir='ltr'><strong>Sed</strong></span> <span class='ocrx_word' id='word_1_460' title='bbox 991 3025 1093 3079; x_wconf 92' lang='lat' dir='ltr'><strong>hoc</strong></span> <span class='ocrx_word' id='word_1_461' title='bbox 1150 3040 1250 3079; x_wconf 90' lang='lat' dir='ltr'><strong>nos</strong></span> <span class='ocrx_word' id='word_1_462' title='bbox 1290 3027 1449 3079; x_wconf 92' lang='lat' dir='ltr'><strong>modo</strong></span> <span class='ocrx_word' id='word_1_463' title='bbox 1486 3025 1531 3080; x_wconf 89' lang='lat' dir='ltr'><strong>si</strong></span> <span class='ocrx_word' id='word_1_464' title='bbox 1588 3025 1925 3095; x_wconf 71' lang='lat' dir='ltr'><strong>praebeamus</strong></span> <span class='ocrx_word' id='word_1_465' title='bbox 1952 3055 1994 3112; x_wconf 67' lang='grc' dir='ltr'>ο</span> <span class='ocrx_word' id='word_1_466' title='bbox 2034 3026 2181 3092; x_wconf 77' lang='lat' dir='ltr'><strong>ginta</strong></span> <span class='ocrx_word' id='word_1_467' title='bbox 2216 3023 2380 3076; x_wconf 87' lang='lat' dir='ltr'><strong>millia</strong></span> <span class='ocrx_word' id='word_1_468' title='bbox 2406 3032 2737 3077; x_wconf 89' lang='lat' dir='ltr'><strong>armatorum</strong></span> <span class='ocrx_word' id='word_1_469' title='bbox 2763 3037 2828 3076; x_wconf 84' lang='lat' dir='ltr'><strong>ex</strong></span> <span class='ocrx_word' id='word_1_470' title='bbox 2857 3023 2981 3078; x_wconf 86' lang='lat' dir='ltr'><strong>liliis</strong></span> <span class='ocrx_word' id='word_1_471' title='bbox 3008 3022 3172 3077; x_wconf 89' lang='lat' dir='ltr'><strong>Israel</strong></span> <span class='ocrx_word' id='word_1_472' title='bbox 3208 3036 3331 3077; x_wconf 89' lang='lat' dir='ltr'><strong>cum</strong></span> <span class='ocrx_word' id='word_1_473' title='bbox 3356 3019 3611 3076; x_wconf 81' lang='lat' dir='ltr'><strong>Gedeonc</strong></span> 
     </span>
    </p>
   </div>
   <div class='ocr_carea' id='block_1_61' title="bbox 348 3115 1927 3184">
    <p class='ocr_par' dir='ltr' id='par_1_61' title="bbox 348 3115 1927 3184">
     <span class='ocr_line' id='line_1_61' title="bbox 348 3115 1927 3184; baseline 0.002 -16"><span class='ocrx_word' id='word_1_474' title='bbox 348 3116 515 3184; x_wconf 89' lang='lat' dir='ltr'><strong>pedes</strong></span> <span class='ocrx_word' id='word_1_475' title='bbox 556 3124 806 3179; x_wconf 88' lang='lat' dir='ltr'><strong>nostros,</strong></span> <span class='ocrx_word' id='word_1_476' title='bbox 855 3124 1077 3184; x_wconf 82' lang='lat' dir='ltr'><strong>paratus</strong></span> <span class='ocrx_word' id='word_1_477' title='bbox 1120 3124 1203 3171; x_wconf 90' lang='lat' dir='ltr'><strong>est</strong></span> <span class='ocrx_word' id='word_1_478' title='bbox 1249 3116 1509 3171; x_wconf 89' lang='lat' dir='ltr'><strong>Dominus</strong></span> <span class='ocrx_word' id='word_1_479' title='bbox 1542 3115 1700 3171; x_wconf 77' lang='lat' dir='ltr'><strong>Iesus</strong></span> <span class='ocrx_word' id='word_1_480' title='bbox 1745 3118 1927 3171; x_wconf 77' lang='lat' dir='ltr'><strong>lavare</strong></span> 
     </span>
    </p>
   </div>
   <div class='ocr_carea' id='block_1_62' title="bbox 350 3206 1929 3277">
    <p class='ocr_par' dir='ltr' id='par_1_62' title="bbox 350 3206 1929 3277">
     <span class='ocr_line' id='line_1_62' title="bbox 350 3206 1929 3277; baseline 0.003 -20"><span class='ocrx_word' id='word_1_481' title='bbox 350 3207 521 3273; x_wconf 88' lang='lat' dir='ltr'><strong>pedes</strong></span> <span class='ocrx_word' id='word_1_482' title='bbox 551 3206 748 3259; x_wconf 89' lang='lat' dir='ltr'><strong>animae</strong></span> <span class='ocrx_word' id='word_1_483' title='bbox 780 3216 982 3261; x_wconf 65' lang='lat' dir='ltr'><strong>nostra:</strong></span> <span class='ocrx_word' id='word_1_484' title='bbox 1005 3247 1021 3272; x_wconf 92' lang='lat'><strong>,</strong></span> <span class='ocrx_word' id='word_1_485' title='bbox 1052 3216 1106 3261; x_wconf 92' lang='lat' dir='ltr'><strong>et</strong></span> <span class='ocrx_word' id='word_1_486' title='bbox 1147 3220 1382 3277; x_wconf 84' lang='lat' dir='ltr'><strong>purgare</strong></span> <span class='ocrx_word' id='word_1_487' title='bbox 1411 3221 1505 3261; x_wconf 87' lang='lat' dir='ltr'><strong>eos</strong></span> <span class='ocrx_word' id='word_1_488' title='bbox 1539 3222 1660 3263; x_wconf 90' lang='lat' dir='ltr'><strong>rore</strong></span> <span class='ocrx_word' id='word_1_489' title='bbox 1689 3209 1929 3264; x_wconf 74' lang='lat' dir='ltr'><strong>cmlestis</strong></span> 
     </span>
    </p>
   </div>
   <div class='ocr_carea' id='block_1_63' title="bbox 352 3296 1927 3365">
    <p class='ocr_par' dir='ltr' id='par_1_63' title="bbox 352 3296 1927 3365">
     <span class='ocr_line' id='line_1_63' title="bbox 352 3296 1927 3365; baseline 0.002 -17"><span class='ocrx_word' id='word_1_490' title='bbox 352 3296 544 3365; x_wconf 82' lang='lat' dir='ltr'><strong>gratiae</strong></span> <span class='ocrx_word' id='word_1_491' title='bbox 580 3296 819 3365; x_wconf 83' lang='lat' dir='ltr'><strong>Spiritus</strong></span> <span class='ocrx_word' id='word_1_492' title='bbox 852 3298 1059 3364; x_wconf 89' lang='lat' dir='ltr'><strong>sancti,</strong></span> <span class='ocrx_word' id='word_1_493' title='bbox 1110 3300 1278 3353; x_wconf 88' lang='lat' dir='ltr'><strong>verbo</strong></span> <span class='ocrx_word' id='word_1_494' title='bbox 1318 3299 1600 3353; x_wconf 69' lang='lat' dir='ltr'><strong>doctrinae.</strong></span> <span class='ocrx_word' id='word_1_495' title='bbox 1630 3297 1746 3353; x_wconf 89' lang='lat' dir='ltr'><strong>Non</strong></span> <span class='ocrx_word' id='word_1_496' title='bbox 1781 3299 1927 3353; x_wconf 89' lang='lat' dir='ltr'><strong>enim</strong></span> 
     </span>
    </p>
   </div>
   <div class='ocr_carea' id='block_1_64' title="bbox 350 3388 1926 3459">
    <p class='ocr_par' dir='ltr' id='par_1_64' title="bbox 350 3388 1926 3459">
     <span class='ocr_line' id='line_1_64' title="bbox 350 3388 1926 3459; baseline 0.001 -16"><span class='ocrx_word' id='word_1_497' title='bbox 350 3388 497 3443; x_wconf 70' lang='lat' dir='ltr'><strong>solos</strong></span> <span class='ocrx_word' id='word_1_498' title='bbox 527 3390 800 3457; x_wconf 90' lang='lat' dir='ltr'><strong>apostolos</strong></span> <span class='ocrx_word' id='word_1_499' title='bbox 832 3393 1061 3445; x_wconf 90' lang='lat' dir='ltr'><strong>mundos</strong></span> <span class='ocrx_word' id='word_1_500' title='bbox 1087 3405 1209 3445; x_wconf 89' lang='lat' dir='ltr'><strong>esse</strong></span> <span class='ocrx_word' id='word_1_501' title='bbox 1238 3390 1443 3455; x_wconf 89' lang='lat' dir='ltr'><strong>voluit,</strong></span> <span class='ocrx_word' id='word_1_502' title='bbox 1475 3392 1567 3446; x_wconf 89' lang='lat' dir='ltr'><strong>sed</strong></span> <span class='ocrx_word' id='word_1_503' title='bbox 1610 3406 1801 3446; x_wconf 88' lang='lat' dir='ltr'><strong>omnes</strong></span> <span class='ocrx_word' id='word_1_504' title='bbox 1835 3391 1926 3459; x_wconf 74' lang='lat' dir='ltr'><strong>qui</strong></span> 
     </span>
    </p>
   </div>
   <div class='ocr_carea' id='block_1_65' title="bbox 358 3480 1930 3549">
    <p class='ocr_par' dir='ltr' id='par_1_65' title="bbox 358 3480 1930 3549">
     <span class='ocr_line' id='line_1_65' title="bbox 358 3480 1930 3549; baseline 0.003 -16"><span class='ocrx_word' id='word_1_505' title='bbox 358 3480 591 3534; x_wconf 89' lang='lat' dir='ltr'><strong>credunt</strong></span> <span class='ocrx_word' id='word_1_506' title='bbox 633 3495 729 3549; x_wconf 90' lang='lat' dir='ltr'><strong>per</strong></span> <span class='ocrx_word' id='word_1_507' title='bbox 757 3482 979 3535; x_wconf 89' lang='lat' dir='ltr'><strong>verbum</strong></span> <span class='ocrx_word' id='word_1_508' title='bbox 1013 3482 1175 3537; x_wconf 93' lang='lat' dir='ltr'><strong>illius.</strong></span> <span class='ocrx_word' id='word_1_509' title='bbox 1206 3482 1271 3535; x_wconf 84' lang='lat' dir='ltr'><strong>Et</strong></span> <span class='ocrx_word' id='word_1_510' title='bbox 1302 3482 1556 3537; x_wconf 88' lang='lat' dir='ltr'><strong>onmibus</strong></span> <span class='ocrx_word' id='word_1_511' title='bbox 1580 3482 1930 3538; x_wconf 86' lang='lat' dir='ltr'><strong>credentibus</strong></span> 
     </span>
    </p>
   </div>
   <div class='ocr_carea' id='block_1_66' title="bbox 354 3570 1927 3640">
    <p class='ocr_par' dir='ltr' id='par_1_66' title="bbox 354 3570 1927 3640">
     <span class='ocr_line' id='line_1_66' title="bbox 354 3570 1927 3640; baseline -0.001 -13"><span class='ocrx_word' id='word_1_512' title='bbox 354 3571 485 3627; x_wconf 85' lang='lat' dir='ltr'><strong>dicit</strong></span> <span class='ocrx_word' id='word_1_513' title='bbox 511 3570 638 3624; x_wconf 91' lang='lat' dir='ltr'><strong>illud</strong></span> <span class='ocrx_word' id='word_1_514' title='bbox 662 3571 804 3640; x_wconf 91' lang='lat' dir='ltr'><strong>quod</strong></span> <span class='ocrx_word' id='word_1_515' title='bbox 846 3582 900 3625; x_wconf 92' lang='lat' dir='ltr'><strong>et</strong></span> <span class='ocrx_word' id='word_1_516' title='bbox 927 3571 1088 3626; x_wconf 88' lang='lat' dir='ltr'><strong>Petro</strong></span> <span class='ocrx_word' id='word_1_517' title='bbox 1121 3571 1259 3626; x_wconf 79' lang='lat' dir='ltr'><strong>dixit</strong></span> <span class='ocrx_word' id='word_1_518' title='bbox 1286 3572 1331 3603; x_wconf 80' lang='grc'><strong>³⁸</strong></span> <span class='ocrx_word' id='word_1_519' title='bbox 1367 3590 1380 3625; x_wconf 89' lang='lat'>:</span> <span class='ocrx_word' id='word_1_520' title='bbox 1426 3591 1445 3623; x_wconf 78' lang='grc' dir='ltr'><strong>ι</strong></span> <span class='ocrx_word' id='word_1_521' title='bbox 1478 3571 1590 3627; x_wconf 84' lang='lat' dir='ltr'><strong>Nisi</strong></span> <span class='ocrx_word' id='word_1_522' title='bbox 1622 3572 1806 3627; x_wconf 88' lang='lat' dir='ltr'><strong>lavero</strong></span> <span class='ocrx_word' id='word_1_523' title='bbox 1838 3583 1927 3637; x_wconf 91' lang='lat' dir='ltr'><strong>te,</strong></span> 
     </span>
    </p>
   </div>
   <div class='ocr_carea' id='block_1_67' title="bbox 356 3664 1927 3732">
    <p class='ocr_par' dir='ltr' id='par_1_67' title="bbox 356 3664 1927 3732">
     <span class='ocr_line' id='line_1_67' title="bbox 356 3664 1927 3732; baseline -0.001 -15"><span class='ocrx_word' id='word_1_524' title='bbox 356 3680 457 3717; x_wconf 92' lang='lat' dir='ltr'><strong>non</strong></span> <span class='ocrx_word' id='word_1_525' title='bbox 511 3664 737 3717; x_wconf 88' lang='lat' dir='ltr'><strong>habebis</strong></span> <span class='ocrx_word' id='word_1_526' title='bbox 787 3671 994 3732; x_wconf 91' lang='lat' dir='ltr'><strong>partem</strong></span> <span class='ocrx_word' id='word_1_527' title='bbox 1035 3677 1268 3717; x_wconf 88' lang='lat' dir='ltr'><strong>mecum.</strong></span> <span class='ocrx_word' id='word_1_528' title='bbox 1307 3682 1326 3715; x_wconf 76' lang='grc' dir='ltr'><strong>ι</strong></span> <span class='ocrx_word' id='word_1_529' title='bbox 1372 3664 1590 3718; x_wconf 87' lang='lat' dir='ltr'><strong>Certum</strong></span> <span class='ocrx_word' id='word_1_530' title='bbox 1642 3674 1726 3718; x_wconf 90' lang='lat' dir='ltr'><strong>est</strong></span> <span class='ocrx_word' id='word_1_531' title='bbox 1783 3666 1927 3718; x_wconf 92' lang='lat' dir='ltr'><strong>enim</strong></span> 
     </span>
    </p>
   </div>
   <div class='ocr_carea' id='block_1_68' title="bbox 357 3754 1933 3824">
    <p class='ocr_par' dir='ltr' id='par_1_68' title="bbox 357 3754 1933 3824">
     <span class='ocr_line' id='line_1_68' title="bbox 357 3754 1933 3824; baseline 0.001 -16"><span class='ocrx_word' id='word_1_532' title='bbox 357 3756 478 3824; x_wconf 88' lang='lat' dir='ltr'><strong>quia</strong></span> <span class='ocrx_word' id='word_1_533' title='bbox 528 3768 684 3808; x_wconf 89' lang='lat' dir='ltr'><strong>nemo</strong></span> <span class='ocrx_word' id='word_1_534' title='bbox 728 3754 894 3807; x_wconf 86' lang='lat' dir='ltr'><strong>habet</strong></span> <span class='ocrx_word' id='word_1_535' title='bbox 930 3763 1139 3822; x_wconf 88' lang='lat' dir='ltr'><strong>partem</strong></span> <span class='ocrx_word' id='word_1_536' title='bbox 1186 3766 1309 3807; x_wconf 91' lang='lat' dir='ltr'><strong>cum</strong></span> <span class='ocrx_word' id='word_1_537' title='bbox 1363 3754 1583 3809; x_wconf 83' lang='lat' dir='ltr'><strong>Christo</strong></span> <span class='ocrx_word' id='word_1_538' title='bbox 1621 3754 1724 3808; x_wconf 88' lang='lat' dir='ltr'><strong>nisi</strong></span> <span class='ocrx_word' id='word_1_539' title='bbox 1771 3754 1933 3809; x_wconf 90' lang='lat' dir='ltr'><strong>fuerit</strong></span> 
     </span>
    </p>
   </div>
   <div class='ocr_carea' id='block_1_69' title="bbox 359 3842 1926 3912">
    <p class='ocr_par' dir='ltr' id='par_1_69' title="bbox 359 3842 1926 3912">
     <span class='ocr_line' id='line_1_69' title="bbox 359 3842 1926 3912; baseline 0.001 -13"><span class='ocrx_word' id='word_1_540' title='bbox 359 3848 493 3899; x_wconf 85' lang='lat' dir='ltr'><strong>lotus</strong></span> <span class='ocrx_word' id='word_1_541' title='bbox 545 3855 596 3900; x_wconf 86' lang='lat' dir='ltr'><strong>et</strong></span> <span class='ocrx_word' id='word_1_542' title='bbox 636 3845 884 3898; x_wconf 89' lang='lat' dir='ltr'><strong>mundus.</strong></span> <span class='ocrx_word' id='word_1_543' title='bbox 920 3842 1077 3907; x_wconf 87' lang='lat' dir='ltr'><strong>Veni,</strong></span> <span class='ocrx_word' id='word_1_544' title='bbox 1124 3858 1341 3912; x_wconf 87' lang='lat' dir='ltr'><strong>precor,</strong></span> <span class='ocrx_word' id='word_1_545' title='bbox 1394 3844 1620 3900; x_wconf 81' lang='lat' dir='ltr'><strong>Domine</strong></span> <span class='ocrx_word' id='word_1_546' title='bbox 1672 3843 1797 3900; x_wconf 73' lang='lat' dir='ltr'><strong>Iesu</strong></span> <span class='ocrx_word' id='word_1_547' title='bbox 1853 3847 1926 3900; x_wconf 82' lang='lat' dir='ltr'><strong>Illi</strong></span> 
     </span>
    </p>
   </div>
   <div class='ocr_carea' id='block_1_70' title="bbox 358 3937 1932 4005">
    <p class='ocr_par' dir='ltr' id='par_1_70' title="bbox 358 3937 1932 4005">
     <span class='ocr_line' id='line_1_70' title="bbox 358 3937 1932 4005; baseline -0.001 -13"><span class='ocrx_word' id='word_1_548' title='bbox 358 3938 518 3992; x_wconf 84' lang='lat' dir='ltr'><strong>David</strong></span> <span class='ocrx_word' id='word_1_549' title='bbox 540 3977 555 4002; x_wconf 93' lang='lat'><strong>,</strong></span> <span class='ocrx_word' id='word_1_550' title='bbox 609 3952 744 3991; x_wconf 81' lang='lat' dir='ltr'><strong>exue</strong></span> <span class='ocrx_word' id='word_1_551' title='bbox 804 3946 854 3991; x_wconf 88' lang='lat' dir='ltr'><strong>te</strong></span> <span class='ocrx_word' id='word_1_552' title='bbox 888 3937 1210 3991; x_wconf 87' lang='lat' dir='ltr'><strong>vestimenta</strong></span> <span class='ocrx_word' id='word_1_553' title='bbox 1241 3952 1363 4005; x_wconf 73' lang='lat' dir='ltr'><strong>qua:</strong></span> <span class='ocrx_word' id='word_1_554' title='bbox 1417 3947 1469 3991; x_wconf 90' lang='lat' dir='ltr'><strong>tu</strong></span> <span class='ocrx_word' id='word_1_555' title='bbox 1493 3976 1508 4001; x_wconf 91' lang='lat'><strong>,</strong></span> <span class='ocrx_word' id='word_1_556' title='bbox 1565 3938 1821 4002; x_wconf 89' lang='lat' dir='ltr'><strong>Domine,</strong></span> <span class='ocrx_word' id='word_1_557' title='bbox 1850 3937 1932 3991; x_wconf 83' lang='lat' dir='ltr'><strong>in-</strong></span> 
     </span>
    </p>
   </div>
   <div class='ocr_carea' id='block_1_71' title="bbox 358 4030 1929 4099">
    <p class='ocr_par' dir='ltr' id='par_1_71' title="bbox 358 4030 1929 4099">
     <span class='ocr_line' id='line_1_71' title="bbox 358 4030 1929 4099; baseline 0 -14"><span class='ocrx_word' id='word_1_558' title='bbox 358 4032 509 4086; x_wconf 89' lang='lat' dir='ltr'><strong>duisti</strong></span> <span class='ocrx_word' id='word_1_559' title='bbox 565 4039 785 4099; x_wconf 90' lang='lat' dir='ltr'><strong>propter</strong></span> <span class='ocrx_word' id='word_1_560' title='bbox 831 4044 940 4095; x_wconf 91' lang='lat' dir='ltr'><strong>me,</strong></span> <span class='ocrx_word' id='word_1_561' title='bbox 987 4039 1042 4083; x_wconf 91' lang='lat' dir='ltr'><strong>et</strong></span> <span class='ocrx_word' id='word_1_562' title='bbox 1098 4030 1389 4099; x_wconf 80' lang='lat' dir='ltr'><strong>accingere</strong></span> <span class='ocrx_word' id='word_1_563' title='bbox 1442 4041 1663 4099; x_wconf 87' lang='lat' dir='ltr'><strong>propter</strong></span> <span class='ocrx_word' id='word_1_564' title='bbox 1704 4046 1824 4097; x_wconf 83' lang='lat' dir='ltr'><strong>me,</strong></span> <span class='ocrx_word' id='word_1_565' title='bbox 1876 4040 1929 4085; x_wconf 90' lang='lat' dir='ltr'><strong>et</strong></span> 
     </span>
    </p>
   </div>
   <div class='ocr_carea' id='block_1_72' title="bbox 358 4121 1928 4193">
    <p class='ocr_par' dir='ltr' id='par_1_72' title="bbox 358 4121 1928 4193">
     <span class='ocr_line' id='line_1_72' title="bbox 358 4121 1928 4193; baseline -0.003 -14"><span class='ocrx_word' id='word_1_566' title='bbox 358 4126 500 4179; x_wconf 89' lang='lat' dir='ltr'><strong>mitte</strong></span> <span class='ocrx_word' id='word_1_567' title='bbox 538 4138 732 4193; x_wconf 86' lang='lat' dir='ltr'><strong>aquam</strong></span> <span class='ocrx_word' id='word_1_568' title='bbox 788 4123 841 4175; x_wconf 94' lang='lat' dir='ltr'><strong>in</strong></span> <span class='ocrx_word' id='word_1_569' title='bbox 881 4121 1106 4191; x_wconf 87' lang='lat' dir='ltr'><strong>pelvim,</strong></span> <span class='ocrx_word' id='word_1_570' title='bbox 1150 4130 1204 4175; x_wconf 92' lang='lat' dir='ltr'><strong>et</strong></span> <span class='ocrx_word' id='word_1_571' title='bbox 1253 4121 1371 4175; x_wconf 89' lang='lat' dir='ltr'><strong>lava</strong></span> <span class='ocrx_word' id='word_1_572' title='bbox 1430 4123 1592 4189; x_wconf 88' lang='lat' dir='ltr'><strong>pedes</strong></span> <span class='ocrx_word' id='word_1_573' title='bbox 1650 4136 1928 4176; x_wconf 88' lang='lat' dir='ltr'><strong>servorum</strong></span> 
     </span>
    </p>
   </div>
   <div class='ocr_carea' id='block_1_73' title="bbox 362 4211 1929 4279">
    <p class='ocr_par' dir='ltr' id='par_1_73' title="bbox 362 4211 1929 4279">
     <span class='ocr_line' id='line_1_73' title="bbox 362 4211 1929 4279; baseline -0.003 -9"><span class='ocrx_word' id='word_1_574' title='bbox 362 4226 592 4279; x_wconf 89' lang='lat' dir='ltr'><strong>tuorum,</strong></span> <span class='ocrx_word' id='word_1_575' title='bbox 648 4223 705 4267; x_wconf 93' lang='lat' dir='ltr'><strong>et</strong></span> <span class='ocrx_word' id='word_1_576' title='bbox 759 4214 903 4268; x_wconf 89' lang='lat' dir='ltr'><strong>dilue</strong></span> <span class='ocrx_word' id='word_1_577' title='bbox 934 4213 1121 4267; x_wconf 90' lang='lat' dir='ltr'><strong>sordes</strong></span> <span class='ocrx_word' id='word_1_578' title='bbox 1160 4212 1397 4266; x_wconf 86' lang='lat' dir='ltr'><strong>filiorum</strong></span> <span class='ocrx_word' id='word_1_579' title='bbox 1449 4222 1502 4266; x_wconf 90' lang='lat' dir='ltr'><strong>et</strong></span> <span class='ocrx_word' id='word_1_580' title='bbox 1532 4211 1765 4265; x_wconf 82' lang='lat' dir='ltr'><strong>filiarum</strong></span> <span class='ocrx_word' id='word_1_581' title='bbox 1808 4222 1929 4267; x_wconf 85' lang='lat' dir='ltr'><strong>tua-</strong></span> 
     </span>
    </p>
   </div>
   <div class='ocr_carea' id='block_1_74' title="bbox 362 4303 1931 4372">
    <p class='ocr_par' dir='ltr' id='par_1_74' title="bbox 362 4303 1931 4372">
     <span class='ocr_line' id='line_1_74' title="bbox 362 4303 1931 4372; baseline -0.003 -10"><span class='ocrx_word' id='word_1_582' title='bbox 362 4323 490 4362; x_wconf 88' lang='lat' dir='ltr'><strong>rum.</strong></span> <span class='ocrx_word' id='word_1_583' title='bbox 514 4305 657 4359; x_wconf 85' lang='lat' dir='ltr'><strong>Lava</strong></span> <span class='ocrx_word' id='word_1_584' title='bbox 683 4304 845 4372; x_wconf 82' lang='lat' dir='ltr'><strong>pedes</strong></span> <span class='ocrx_word' id='word_1_585' title='bbox 868 4304 1064 4359; x_wconf 85' lang='lat' dir='ltr'><strong>animae</strong></span> <span class='ocrx_word' id='word_1_586' title='bbox 1090 4313 1288 4359; x_wconf 61' lang='lat' dir='ltr'><strong>nostra:</strong></span> <span class='ocrx_word' id='word_1_587' title='bbox 1307 4345 1320 4370; x_wconf 94' lang='lat'><strong>,</strong></span> <span class='ocrx_word' id='word_1_588' title='bbox 1345 4312 1403 4358; x_wconf 90' lang='lat' dir='ltr'><strong>ut</strong></span> <span class='ocrx_word' id='word_1_589' title='bbox 1432 4318 1531 4359; x_wconf 87' lang='lat' dir='ltr'><strong>nos</strong></span> <span class='ocrx_word' id='word_1_590' title='bbox 1572 4312 1623 4357; x_wconf 89' lang='lat' dir='ltr'><strong>te</strong></span> <span class='ocrx_word' id='word_1_591' title='bbox 1654 4303 1931 4359; x_wconf 86' lang='lat' dir='ltr'><strong>imitantes</strong></span> 
     </span>
    </p>
   </div>
   <div class='ocr_carea' id='block_1_75' title="bbox 2030 3113 3620 3183">
    <p class='ocr_par' dir='ltr' id='par_1_75' title="bbox 2030 3113 3620 3183">
     <span class='ocr_line' id='line_1_75' title="bbox 2030 3113 3620 3183; baseline -0.003 -14"><span class='ocrx_word' id='word_1_592' title='bbox 2030 3116 2292 3169; x_wconf 83' lang='lat' dir='ltr'><strong>adversus</strong></span> <span class='ocrx_word' id='word_1_593' title='bbox 2339 3130 2554 3169; x_wconf 87' lang='lat' dir='ltr'><strong>omnem</strong></span> <span class='ocrx_word' id='word_1_594' title='bbox 2609 3116 2765 3169; x_wconf 85' lang='lat' dir='ltr'><strong>istam</strong></span> <span class='ocrx_word' id='word_1_595' title='bbox 2804 3115 3199 3170; x_wconf 86' lang='lat' dir='ltr'><strong>multitudinem</strong></span> <span class='ocrx_word' id='word_1_596' title='bbox 3235 3128 3514 3183; x_wconf 87' lang='lat' dir='ltr'><strong>pugnare.</strong></span> <span class='ocrx_word' id='word_1_597' title='bbox 3557 3113 3620 3166; x_wconf 83' lang='lat' dir='ltr'><strong>Et</strong></span> 
     </span>
    </p>
   </div>
   <div class='ocr_carea' id='block_1_76' title="bbox 2033 3204 3620 3274">
    <p class='ocr_par' dir='ltr' id='par_1_76' title="bbox 2033 3204 3620 3274">
     <span class='ocr_line' id='line_1_76' title="bbox 2033 3204 3620 3274; baseline -0.001 -15"><span class='ocrx_word' id='word_1_598' title='bbox 2033 3206 2173 3260; x_wconf 88' lang='lat' dir='ltr'><strong>Deus</strong></span> <span class='ocrx_word' id='word_1_599' title='bbox 2205 3219 2463 3274; x_wconf 86' lang='lat' dir='ltr'><strong>responsa</strong></span> <span class='ocrx_word' id='word_1_600' title='bbox 2494 3205 2644 3259; x_wconf 87' lang='lat' dir='ltr'><strong>dedit</strong></span> <span class='ocrx_word' id='word_1_601' title='bbox 2697 3207 2762 3259; x_wconf 89' lang='lat' dir='ltr'><strong>ad</strong></span> <span class='ocrx_word' id='word_1_602' title='bbox 2793 3205 3011 3261; x_wconf 83' lang='lat' dir='ltr'><strong>Gedeon</strong></span> <span class='ocrx_word' id='word_1_603' title='bbox 3046 3206 3231 3260; x_wconf 88' lang='lat' dir='ltr'><strong>dicens</strong></span> <span class='ocrx_word' id='word_1_604' title='bbox 3257 3206 3301 3238; x_wconf 82' lang='lat'><strong>&quot;</strong></span> <span class='ocrx_word' id='word_1_605' title='bbox 3331 3223 3343 3258; x_wconf 93' lang='lat'>:</span> <span class='ocrx_word' id='word_1_606' title='bbox 3381 3224 3399 3256; x_wconf 86' lang='grc' dir='ltr'><strong>ι</strong></span> <span class='ocrx_word' id='word_1_607' title='bbox 3441 3204 3620 3259; x_wconf 84' lang='lat' dir='ltr'><strong>Gran-</strong></span> 
     </span>
    </p>
   </div>
   <div class='ocr_carea' id='block_1_77' title="bbox 2033 3296 3622 3365">
    <p class='ocr_par' dir='ltr' id='par_1_77' title="bbox 2033 3296 3622 3365">
     <span class='ocr_line' id='line_1_77' title="bbox 2033 3296 3622 3365; baseline -0.001 -13"><span class='ocrx_word' id='word_1_608' title='bbox 2033 3299 2119 3352; x_wconf 90' lang='lat' dir='ltr'><strong>dis</strong></span> <span class='ocrx_word' id='word_1_609' title='bbox 2144 3296 2432 3352; x_wconf 86' lang='lat' dir='ltr'><strong>multitudo</strong></span> <span class='ocrx_word' id='word_1_610' title='bbox 2476 3306 2563 3351; x_wconf 91' lang='lat' dir='ltr'><strong>est</strong></span> <span class='ocrx_word' id='word_1_611' title='bbox 2606 3305 2808 3351; x_wconf 89' lang='lat' dir='ltr'><strong>tecum.</strong></span> <span class='ocrx_word' id='word_1_612' title='bbox 2845 3316 2863 3349; x_wconf 80' lang='grc' dir='ltr'><strong>ι</strong></span> <span class='ocrx_word' id='word_1_613' title='bbox 2906 3297 2972 3350; x_wconf 86' lang='grc' dir='ltr'>Ει</span> <span class='ocrx_word' id='word_1_614' title='bbox 3025 3296 3154 3365; x_wconf 91' lang='lat' dir='ltr'><strong>quid</strong></span> <span class='ocrx_word' id='word_1_615' title='bbox 3185 3297 3229 3350; x_wconf 94' lang='lat' dir='ltr'><strong>si</strong></span> <span class='ocrx_word' id='word_1_616' title='bbox 3273 3299 3498 3365; x_wconf 88' lang='lat' dir='ltr'><strong>grandis</strong></span> <span class='ocrx_word' id='word_1_617' title='bbox 3536 3306 3622 3350; x_wconf 80' lang='lat' dir='ltr'><strong>est</strong></span> 
     </span>
    </p>
   </div>
   <div class='ocr_carea' id='block_1_78' title="bbox 2033 3388 3619 3445">
    <p class='ocr_par' dir='ltr' id='par_1_78' title="bbox 2033 3388 3619 3445">
     <span class='ocr_line' id='line_1_78' title="bbox 2033 3388 3619 3445; baseline -0.001 -1"><span class='ocrx_word' id='word_1_618' title='bbox 2033 3389 2359 3445; x_wconf 86' lang='lat' dir='ltr'><strong>multitudo?</strong></span> <span class='ocrx_word' id='word_1_619' title='bbox 2408 3388 2599 3443; x_wconf 87' lang='lat' dir='ltr'><strong>Nonne</strong></span> <span class='ocrx_word' id='word_1_620' title='bbox 2635 3389 2687 3442; x_wconf 88' lang='lat' dir='ltr'><strong>in</strong></span> <span class='ocrx_word' id='word_1_621' title='bbox 2736 3388 2894 3444; x_wconf 90' lang='lat' dir='ltr'><strong>bellis</strong></span> <span class='ocrx_word' id='word_1_622' title='bbox 2956 3388 3302 3443; x_wconf 89' lang='lat' dir='ltr'><strong>numerosior</strong></span> <span class='ocrx_word' id='word_1_623' title='bbox 3344 3388 3619 3443; x_wconf 79' lang='lat' dir='ltr'><strong>exercitus</strong></span> 
     </span>
    </p>
   </div>
   <div class='ocr_carea' id='block_1_79' title="bbox 2035 3478 3614 3550">
    <p class='ocr_par' dir='ltr' id='par_1_79' title="bbox 2035 3478 3614 3550">
     <span class='ocr_line' id='line_1_79' title="bbox 2035 3478 3614 3550; baseline -0.001 -14"><span class='ocrx_word' id='word_1_624' title='bbox 2035 3484 2230 3536; x_wconf 91' lang='lat' dir='ltr'><strong>tutiora</strong></span> <span class='ocrx_word' id='word_1_625' title='bbox 2268 3490 2489 3550; x_wconf 69' lang='lat' dir='ltr'><strong>praestat</strong></span> <span class='ocrx_word' id='word_1_626' title='bbox 2521 3480 2760 3537; x_wconf 85' lang='lat' dir='ltr'><strong>subsidia</strong></span> <span class='ocrx_word' id='word_1_627' title='bbox 2790 3481 2943 3550; x_wconf 62' lang='lat'><strong>(84)?</strong></span> <span class='ocrx_word' id='word_1_628' title='bbox 2973 3478 3329 3549; x_wconf 84' lang='lat' dir='ltr'><strong>Nequaquam</strong></span> <span class='ocrx_word' id='word_1_629' title='bbox 3356 3519 3371 3543; x_wconf 91' lang='lat'><strong>,</strong></span> <span class='ocrx_word' id='word_1_630' title='bbox 3409 3479 3614 3548; x_wconf 85' lang='lat' dir='ltr'><strong>inquit,</strong></span> 
     </span>
    </p>
   </div>
   <div class='ocr_carea' id='block_1_80' title="bbox 2032 3572 3614 3644">
    <p class='ocr_par' dir='ltr' id='par_1_80' title="bbox 2032 3572 3614 3644">
     <span class='ocr_line' id='line_1_80' title="bbox 2032 3572 3614 3644; baseline -0.002 -17"><span class='ocrx_word' id='word_1_631' title='bbox 2032 3576 2158 3644; x_wconf 87' lang='lat' dir='ltr'><strong>quia</strong></span> <span class='ocrx_word' id='word_1_632' title='bbox 2188 3590 2293 3629; x_wconf 88' lang='lat' dir='ltr'><strong>non</strong></span> <span class='ocrx_word' id='word_1_633' title='bbox 2326 3582 2454 3629; x_wconf 86' lang='lat' dir='ltr'><strong>sunt</strong></span> <span class='ocrx_word' id='word_1_634' title='bbox 2486 3575 2720 3627; x_wconf 90' lang='lat' dir='ltr'><strong>humana</strong></span> <span class='ocrx_word' id='word_1_635' title='bbox 2753 3572 2937 3641; x_wconf 72' lang='lat' dir='ltr'><strong>przelia</strong></span> <span class='ocrx_word' id='word_1_636' title='bbox 2964 3589 2979 3626; x_wconf 91' lang='lat'>:</span> <span class='ocrx_word' id='word_1_637' title='bbox 3016 3588 3121 3626; x_wconf 93' lang='lat' dir='ltr'><strong>non</strong></span> <span class='ocrx_word' id='word_1_638' title='bbox 3148 3572 3295 3627; x_wconf 91' lang='lat' dir='ltr'><strong>enim</strong></span> <span class='ocrx_word' id='word_1_639' title='bbox 3328 3573 3467 3627; x_wconf 90' lang='lat' dir='ltr'><strong>sicut</strong></span> <span class='ocrx_word' id='word_1_640' title='bbox 3516 3572 3614 3625; x_wconf 75' lang='lat' dir='ltr'><strong>hu~</strong></span> 
     </span>
    </p>
   </div>
   <div class='ocr_carea' id='block_1_81' title="bbox 2036 3663 3617 3734">
    <p class='ocr_par' dir='ltr' id='par_1_81' title="bbox 2036 3663 3617 3734">
     <span class='ocr_line' id='line_1_81' title="bbox 2036 3663 3617 3734; baseline -0.003 -13"><span class='ocrx_word' id='word_1_641' title='bbox 2036 3683 2230 3731; x_wconf 87' lang='lat' dir='ltr'><strong>tnana,</strong></span> <span class='ocrx_word' id='word_1_642' title='bbox 2285 3667 2357 3720; x_wconf 89' lang='lat' dir='ltr'><strong>ita</strong></span> <span class='ocrx_word' id='word_1_643' title='bbox 2398 3677 2451 3720; x_wconf 92' lang='lat' dir='ltr'><strong>et</strong></span> <span class='ocrx_word' id='word_1_644' title='bbox 2486 3665 2666 3718; x_wconf 77' lang='lat' dir='ltr'><strong>divina</strong></span> <span class='ocrx_word' id='word_1_645' title='bbox 2706 3664 2892 3734; x_wconf 72' lang='lat' dir='ltr'><strong>praelia</strong></span> <span class='ocrx_word' id='word_1_646' title='bbox 2933 3673 3302 3734; x_wconf 87' lang='lat' dir='ltr'><strong>peraguntur.</strong></span> <span class='ocrx_word' id='word_1_647' title='bbox 3340 3663 3455 3718; x_wconf 87' lang='lat' dir='ltr'><strong>Non</strong></span> <span class='ocrx_word' id='word_1_648' title='bbox 3500 3664 3617 3718; x_wconf 81' lang='lat' dir='ltr'><strong>elli-</strong></span> 
     </span>
    </p>
   </div>
   <div class='ocr_carea' id='block_1_82' title="bbox 2032 3754 3619 3824">
    <p class='ocr_par' dir='ltr' id='par_1_82' title="bbox 2032 3754 3619 3824">
     <span class='ocr_line' id='line_1_82' title="bbox 2032 3754 3619 3824; baseline -0.001 -13"><span class='ocrx_word' id='word_1_649' title='bbox 2032 3758 2173 3811; x_wconf 91' lang='lat' dir='ltr'><strong>citnr</strong></span> <span class='ocrx_word' id='word_1_650' title='bbox 2218 3758 2425 3811; x_wconf 87' lang='lat' dir='ltr'><strong>clarum</strong></span> <span class='ocrx_word' id='word_1_651' title='bbox 2458 3755 2654 3809; x_wconf 81' lang='lat' dir='ltr'><strong>divina:</strong></span> <span class='ocrx_word' id='word_1_652' title='bbox 2684 3755 2901 3809; x_wconf 90' lang='lat' dir='ltr'><strong>virtutis</strong></span> <span class='ocrx_word' id='word_1_653' title='bbox 2935 3769 3103 3824; x_wconf 84' lang='lat' dir='ltr'><strong>opus,</strong></span> <span class='ocrx_word' id='word_1_654' title='bbox 3145 3754 3190 3810; x_wconf 90' lang='lat' dir='ltr'><strong>si</strong></span> <span class='ocrx_word' id='word_1_655' title='bbox 3242 3755 3493 3809; x_wconf 87' lang='lat' dir='ltr'><strong>humanis</strong></span> <span class='ocrx_word' id='word_1_656' title='bbox 3523 3756 3619 3808; x_wconf 83' lang='lat' dir='ltr'><strong>ad-</strong></span> 
     </span>
    </p>
   </div>
   <div class='ocr_carea' id='block_1_83' title="bbox 2034 3846 3615 3916">
    <p class='ocr_par' dir='ltr' id='par_1_83' title="bbox 2034 3846 3615 3916">
     <span class='ocr_line' id='line_1_83' title="bbox 2034 3846 3615 3916; baseline -0.001 -14"><span class='ocrx_word' id='word_1_657' title='bbox 2034 3846 2306 3902; x_wconf 90' lang='lat' dir='ltr'><strong>miniculis</strong></span> <span class='ocrx_word' id='word_1_658' title='bbox 2362 3846 2638 3911; x_wconf 89' lang='lat' dir='ltr'><strong>fulciatur,</strong></span> <span class='ocrx_word' id='word_1_659' title='bbox 2675 3847 2805 3916; x_wconf 90' lang='lat' dir='ltr'><strong>quia</strong></span> <span class='ocrx_word' id='word_1_660' title='bbox 2843 3865 2862 3899; x_wconf 80' lang='grc' dir='ltr'><strong>ι</strong></span> <span class='ocrx_word' id='word_1_661' title='bbox 2908 3862 3013 3901; x_wconf 84' lang='grc' dir='ltr'>ηοιι</span> <span class='ocrx_word' id='word_1_662' title='bbox 3064 3847 3126 3901; x_wconf 83' lang='grc' dir='ltr'><strong>ιιι</strong></span> <span class='ocrx_word' id='word_1_663' title='bbox 3176 3846 3363 3902; x_wconf 89' lang='lat' dir='ltr'><strong>salvus</strong></span> <span class='ocrx_word' id='word_1_664' title='bbox 3410 3861 3506 3902; x_wconf 76' lang='lat' dir='ltr'><strong>rex</strong></span> <span class='ocrx_word' id='word_1_665' title='bbox 3562 3849 3615 3902; x_wconf 90' lang='lat' dir='ltr'><strong>in</strong></span> 
     </span>
    </p>
   </div>
   <div class='ocr_carea' id='block_1_84' title="bbox 2034 3934 3619 4007">
    <p class='ocr_par' dir='ltr' id='par_1_84' title="bbox 2034 3934 3619 4007">
     <span class='ocr_line' id='line_1_84' title="bbox 2034 3934 3619 4007; baseline -0.001 -14"><span class='ocrx_word' id='word_1_666' title='bbox 2034 3937 2378 3993; x_wconf 86' lang='lat' dir='ltr'><strong>multitudine</strong></span> <span class='ocrx_word' id='word_1_667' title='bbox 2430 3936 2644 3991; x_wconf 89' lang='lat' dir='ltr'><strong>virtutis</strong></span> <span class='ocrx_word' id='word_1_668' title='bbox 2678 3951 2789 3991; x_wconf 66' lang='lat' dir='ltr'><strong>suae</strong></span> <span class='ocrx_word' id='word_1_669' title='bbox 2812 3936 2879 3992; x_wconf 83' lang='grc'><strong>³⁸.</strong></span> <span class='ocrx_word' id='word_1_670' title='bbox 2916 3954 2936 3988; x_wconf 74' lang='grc' dir='ltr'><strong>ι</strong></span> <span class='ocrx_word' id='word_1_671' title='bbox 2990 3934 3068 3991; x_wconf 87' lang='lat' dir='ltr'><strong>Ne</strong></span> <span class='ocrx_word' id='word_1_672' title='bbox 3096 3936 3235 3992; x_wconf 89' lang='lat' dir='ltr'><strong>forte</strong></span> <span class='ocrx_word' id='word_1_673' title='bbox 3264 3950 3394 4007; x_wconf 88' lang='lat' dir='ltr'><strong>ergo</strong></span> <span class='ocrx_word' id='word_1_674' title='bbox 3419 3936 3619 4006; x_wconf 77' lang='lat' dir='ltr'><strong>gloria-</strong></span> 
     </span>
    </p>
   </div>
   <div class='ocr_carea' id='block_1_85' title="bbox 2037 4030 3616 4101">
    <p class='ocr_par' dir='ltr' id='par_1_85' title="bbox 2037 4030 3616 4101">
     <span class='ocr_line' id='line_1_85' title="bbox 2037 4030 3616 4101; baseline -0.002 -14"><span class='ocrx_word' id='word_1_675' title='bbox 2037 4042 2185 4087; x_wconf 88' lang='lat' dir='ltr'><strong>retur</strong></span> <span class='ocrx_word' id='word_1_676' title='bbox 2214 4031 2377 4087; x_wconf 93' lang='lat' dir='ltr'><strong>lsrael</strong></span> <span class='ocrx_word' id='word_1_677' title='bbox 2423 4041 2478 4086; x_wconf 91' lang='lat' dir='ltr'><strong>et</strong></span> <span class='ocrx_word' id='word_1_678' title='bbox 2506 4031 2769 4101; x_wconf 88' lang='lat' dir='ltr'><strong>jactantia</strong></span> <span class='ocrx_word' id='word_1_679' title='bbox 2796 4030 3041 4085; x_wconf 72' lang='lat' dir='ltr'><strong>victoriae</strong></span> <span class='ocrx_word' id='word_1_680' title='bbox 3078 4039 3287 4098; x_wconf 89' lang='lat' dir='ltr'><strong>partem</strong></span> <span class='ocrx_word' id='word_1_681' title='bbox 3319 4043 3616 4097; x_wconf 70' lang='lat' dir='ltr'><strong>praesume-</strong></span> 
     </span>
    </p>
   </div>
   <div class='ocr_carea' id='block_1_86' title="bbox 2034 4119 3617 4194">
    <p class='ocr_par' dir='ltr' id='par_1_86' title="bbox 2034 4119 3617 4194">
     <span class='ocr_line' id='line_1_86' title="bbox 2034 4119 3617 4194; baseline -0.002 -16"><span class='ocrx_word' id='word_1_682' title='bbox 2034 4136 2148 4190; x_wconf 87' lang='lat' dir='ltr'><strong>ret,</strong></span> <span class='ocrx_word' id='word_1_683' title='bbox 2185 4132 2471 4194; x_wconf 87' lang='lat' dir='ltr'><strong>propterea</strong></span> <span class='ocrx_word' id='word_1_684' title='bbox 2508 4122 2643 4176; x_wconf 89' lang='lat' dir='ltr'><strong>dicit</strong></span> <span class='ocrx_word' id='word_1_685' title='bbox 2688 4122 2944 4176; x_wconf 90' lang='lat' dir='ltr'><strong>Dominus</strong></span> <span class='ocrx_word' id='word_1_686' title='bbox 2978 4122 3043 4175; x_wconf 91' lang='lat' dir='ltr'><strong>ad</strong></span> <span class='ocrx_word' id='word_1_687' title='bbox 3066 4119 3284 4175; x_wconf 87' lang='lat' dir='ltr'><strong>Gedeon</strong></span> <span class='ocrx_word' id='word_1_688' title='bbox 3310 4120 3353 4151; x_wconf 84' lang='grc'><strong>³¹</strong></span> <span class='ocrx_word' id='word_1_689' title='bbox 3382 4134 3398 4173; x_wconf 89' lang='lat'><strong>:</strong></span> <span class='ocrx_word' id='word_1_690' title='bbox 3427 4138 3445 4171; x_wconf 80' lang='grc' dir='ltr'><strong>ι</strong></span> <span class='ocrx_word' id='word_1_691' title='bbox 3484 4119 3617 4175; x_wconf 84' lang='lat' dir='ltr'><strong>Mul-</strong></span> 
     </span>
    </p>
   </div>
   <div class='ocr_carea' id='block_1_87' title="bbox 2036 4208 3618 4283">
    <p class='ocr_par' dir='ltr' id='par_1_87' title="bbox 2036 4208 3618 4283">
     <span class='ocr_line' id='line_1_87' title="bbox 2036 4208 3618 4283; baseline -0.003 -16"><span class='ocrx_word' id='word_1_692' title='bbox 2036 4223 2122 4267; x_wconf 89' lang='lat' dir='ltr'><strong>tus</strong></span> <span class='ocrx_word' id='word_1_693' title='bbox 2148 4225 2228 4268; x_wconf 91' lang='lat' dir='ltr'><strong>est</strong></span> <span class='ocrx_word' id='word_1_694' title='bbox 2260 4211 2492 4283; x_wconf 89' lang='lat' dir='ltr'><strong>populus</strong></span> <span class='ocrx_word' id='word_1_695' title='bbox 2529 4220 2708 4266; x_wconf 90' lang='lat' dir='ltr'><strong>tecum</strong></span> <span class='ocrx_word' id='word_1_696' title='bbox 2747 4225 2761 4264; x_wconf 91' lang='lat'><strong>:</strong></span> <span class='ocrx_word' id='word_1_697' title='bbox 2798 4225 2905 4264; x_wconf 93' lang='lat' dir='ltr'><strong>non</strong></span> <span class='ocrx_word' id='word_1_698' title='bbox 2938 4208 3146 4263; x_wconf 89' lang='lat' dir='ltr'><strong>tradam</strong></span> <span class='ocrx_word' id='word_1_699' title='bbox 3174 4208 3383 4263; x_wconf 76' lang='lat' dir='ltr'><strong>Madian</strong></span> <span class='ocrx_word' id='word_1_700' title='bbox 3417 4209 3470 4262; x_wconf 92' lang='lat' dir='ltr'><strong>in</strong></span> <span class='ocrx_word' id='word_1_701' title='bbox 3502 4224 3618 4263; x_wconf 77' lang='lat' dir='ltr'><strong>ma-</strong></span> 
     </span>
    </p>
   </div>
   <div class='ocr_carea' id='block_1_88' title="bbox 2037 4299 3615 4371">
    <p class='ocr_par' dir='ltr' id='par_1_88' title="bbox 2037 4299 3615 4371">
     <span class='ocr_line' id='line_1_88' title="bbox 2037 4299 3615 4371; baseline -0.004 -12"><span class='ocrx_word' id='word_1_702' title='bbox 2037 4321 2139 4360; x_wconf 87' lang='lat' dir='ltr'><strong>nus</strong></span> <span class='ocrx_word' id='word_1_703' title='bbox 2197 4320 2386 4359; x_wconf 89' lang='lat' dir='ltr'><strong>eormn</strong></span> <span class='ocrx_word' id='word_1_704' title='bbox 2408 4345 2423 4371; x_wconf 92' lang='lat'><strong>,</strong></span> <span class='ocrx_word' id='word_1_705' title='bbox 2455 4318 2523 4359; x_wconf 90' lang='lat' dir='ltr'><strong>ne</strong></span> <span class='ocrx_word' id='word_1_706' title='bbox 2575 4304 2713 4357; x_wconf 90' lang='lat' dir='ltr'><strong>forte</strong></span> <span class='ocrx_word' id='word_1_707' title='bbox 2746 4303 2980 4356; x_wconf 76' lang='lat' dir='ltr'><strong>exsultet</strong></span> <span class='ocrx_word' id='word_1_708' title='bbox 3012 4302 3298 4356; x_wconf 86' lang='lat' dir='ltr'><strong>adversum</strong></span> <span class='ocrx_word' id='word_1_709' title='bbox 3335 4317 3420 4355; x_wconf 92' lang='lat' dir='ltr'><strong>me</strong></span> <span class='ocrx_word' id='word_1_710' title='bbox 3449 4299 3615 4355; x_wconf 82' lang='lat' dir='ltr'><strong>Israel</strong></span> 
     </span>
    </p>
   </div>
   <div class='ocr_carea' id='block_1_89' title="bbox 364 4390 3615 4466">
    <p class='ocr_par' dir='ltr' id='par_1_89' title="bbox 364 4390 3615 4466">
     <span class='ocr_line' id='line_1_89' title="bbox 364 4390 3615 4466; baseline -0.003 -11"><span class='ocrx_word' id='word_1_711' title='bbox 364 4408 414 4455; x_wconf 86' lang='lat' dir='ltr'><strong>et</strong></span> <span class='ocrx_word' id='word_1_712' title='bbox 430 4406 695 4452; x_wconf 84' lang='lat' dir='ltr'><strong>sectantes</strong></span> <span class='ocrx_word' id='word_1_713' title='bbox 726 4410 987 4450; x_wconf 81' lang='lat' dir='ltr'><strong>cxuamus</strong></span> <span class='ocrx_word' id='word_1_714' title='bbox 1012 4411 1110 4451; x_wconf 89' lang='lat' dir='ltr'><strong>nos</strong></span> <span class='ocrx_word' id='word_1_715' title='bbox 1134 4404 1315 4451; x_wconf 90' lang='lat' dir='ltr'><strong>vetera</strong></span> <span class='ocrx_word' id='word_1_716' title='bbox 1341 4396 1684 4460; x_wconf 87' lang='lat' dir='ltr'><strong>vestimenta,</strong></span> <span class='ocrx_word' id='word_1_717' title='bbox 1704 4406 1758 4450; x_wconf 89' lang='lat' dir='ltr'><strong>et</strong></span> <span class='ocrx_word' id='word_1_718' title='bbox 1778 4396 1927 4450; x_wconf 89' lang='lat' dir='ltr'><strong>dica-</strong></span> <span class='ocrx_word' id='word_1_719' title='bbox 1963 4392 2005 4447; x_wconf 91' lang='lat' dir='ltr'><strong>D</strong></span> <span class='ocrx_word' id='word_1_720' title='bbox 2036 4396 2245 4460; x_wconf 89' lang='lat' dir='ltr'><strong>dicens,</strong></span> <span class='ocrx_word' id='word_1_721' title='bbox 2275 4396 2403 4466; x_wconf 87' lang='lat' dir='ltr'><strong>quia</strong></span> <span class='ocrx_word' id='word_1_722' title='bbox 2430 4409 2624 4449; x_wconf 87' lang='lat' dir='ltr'><strong>manus</strong></span> <span class='ocrx_word' id='word_1_723' title='bbox 2651 4409 2769 4449; x_wconf 88' lang='lat' dir='ltr'><strong>mea</strong></span> <span class='ocrx_word' id='word_1_724' title='bbox 2790 4393 2999 4449; x_wconf 86' lang='lat' dir='ltr'><strong>salvum</strong></span> <span class='ocrx_word' id='word_1_725' title='bbox 3032 4409 3117 4445; x_wconf 87' lang='lat' dir='ltr'><strong>me</strong></span> <span class='ocrx_word' id='word_1_726' title='bbox 3146 4393 3294 4447; x_wconf 85' lang='lat' dir='ltr'><strong>fecit.</strong></span> <span class='ocrx_word' id='word_1_727' title='bbox 3322 4390 3615 4461; x_wconf 78' lang='lat' dir='ltr'><strong>Pmpterca</strong></span> 
     </span>
    </p>
   </div>
   <div class='ocr_carea' id='block_1_90' title="bbox 364 4486 1926 4554">
    <p class='ocr_par' dir='ltr' id='par_1_90' title="bbox 364 4486 1926 4554">
     <span class='ocr_line' id='line_1_90' title="bbox 364 4486 1926 4554; baseline -0.001 -10"><span class='ocrx_word' id='word_1_728' title='bbox 364 4505 472 4545; x_wconf 89' lang='lat' dir='ltr'><strong>mus</strong></span> <span class='ocrx_word' id='word_1_729' title='bbox 513 4489 558 4519; x_wconf 78' lang='lat'><strong>&quot;</strong></span> <span class='ocrx_word' id='word_1_730' title='bbox 598 4509 609 4543; x_wconf 90' lang='lat'>:</span> <span class='ocrx_word' id='word_1_731' title='bbox 650 4506 668 4539; x_wconf 82' lang='grc' dir='ltr'><strong>ι</strong></span> <span class='ocrx_word' id='word_1_732' title='bbox 708 4486 877 4541; x_wconf 86' lang='lat' dir='ltr'><strong>Nocte</strong></span> <span class='ocrx_word' id='word_1_733' title='bbox 949 4487 1076 4541; x_wconf 77' lang='lat' dir='ltr'><strong>exui</strong></span> <span class='ocrx_word' id='word_1_734' title='bbox 1134 4503 1221 4542; x_wconf 91' lang='lat' dir='ltr'><strong>me</strong></span> <span class='ocrx_word' id='word_1_735' title='bbox 1270 4488 1655 4542; x_wconf 87' lang='lat' dir='ltr'><strong>vestimentum</strong></span> <span class='ocrx_word' id='word_1_736' title='bbox 1707 4504 1886 4543; x_wconf 88' lang='lat' dir='ltr'><strong>meum</strong></span> <span class='ocrx_word' id='word_1_737' title='bbox 1912 4529 1926 4554; x_wconf 96' lang='lat'><strong>,</strong></span> 
     </span>
    </p>
   </div>
   <div class='ocr_carea' id='block_1_91' title="bbox 362 4580 1926 4650">
    <p class='ocr_par' dir='ltr' id='par_1_91' title="bbox 362 4580 1926 4650">
     <span class='ocr_line' id='line_1_91' title="bbox 362 4580 1926 4650; baseline 0.001 -18"><span class='ocrx_word' id='word_1_738' title='bbox 362 4580 616 4650; x_wconf 91' lang='lat' dir='ltr'><strong>quomodo</strong></span> <span class='ocrx_word' id='word_1_739' title='bbox 672 4580 891 4634; x_wconf 89' lang='lat' dir='ltr'><strong>induam</strong></span> <span class='ocrx_word' id='word_1_740' title='bbox 951 4582 1119 4636; x_wconf 86' lang='lat' dir='ltr'><strong>illud?</strong></span> <span class='ocrx_word' id='word_1_741' title='bbox 1157 4600 1175 4635; x_wconf 75' lang='grc' dir='ltr'><strong>ι</strong></span> <span class='ocrx_word' id='word_1_742' title='bbox 1242 4580 1309 4635; x_wconf 88' lang='grc' dir='ltr'>Ει</span> <span class='ocrx_word' id='word_1_743' title='bbox 1364 4582 1561 4636; x_wconf 89' lang='lat' dir='ltr'><strong>iterum</strong></span> <span class='ocrx_word' id='word_1_744' title='bbox 1618 4582 1863 4636; x_wconf 89' lang='lat' dir='ltr'><strong>dicamus</strong></span> <span class='ocrx_word' id='word_1_745' title='bbox 1912 4599 1926 4634; x_wconf 88' lang='lat'><strong>:</strong></span> 
     </span>
    </p>
   </div>
   <div class='ocr_carea' id='block_1_92' title="bbox 368 4672 1927 4743">
    <p class='ocr_par' dir='ltr' id='par_1_92' title="bbox 368 4672 1927 4743">
     <span class='ocr_line' id='line_1_92' title="bbox 368 4672 1927 4743; baseline 0.003 -20"><span class='ocrx_word' id='word_1_746' title='bbox 368 4690 386 4723; x_wconf 84' lang='grc' dir='ltr'><strong>ι</strong></span> <span class='ocrx_word' id='word_1_747' title='bbox 421 4672 536 4725; x_wconf 87' lang='lat' dir='ltr'><strong>Lavi</strong></span> <span class='ocrx_word' id='word_1_748' title='bbox 572 4672 736 4741; x_wconf 87' lang='lat' dir='ltr'><strong>pedes</strong></span> <span class='ocrx_word' id='word_1_749' title='bbox 762 4688 931 4738; x_wconf 90' lang='lat' dir='ltr'><strong>meos,</strong></span> <span class='ocrx_word' id='word_1_750' title='bbox 962 4673 1234 4743; x_wconf 90' lang='lat' dir='ltr'><strong>quomodo</strong></span> <span class='ocrx_word' id='word_1_751' title='bbox 1265 4673 1557 4728; x_wconf 85' lang='lat' dir='ltr'><strong>sordidabo</strong></span> <span class='ocrx_word' id='word_1_752' title='bbox 1586 4673 1723 4728; x_wconf 86' lang='lat' dir='ltr'><strong>eos?</strong></span> <span class='ocrx_word' id='word_1_753' title='bbox 1750 4692 1768 4725; x_wconf 74' lang='grc' dir='ltr'><strong>ι</strong></span> <span class='ocrx_word' id='word_1_754' title='bbox 1798 4672 1927 4727; x_wconf 86' lang='lat' dir='ltr'><strong>Sta-</strong></span> 
     </span>
    </p>
   </div>
   <div class='ocr_carea' id='block_1_93' title="bbox 368 4762 1927 4835">
    <p class='ocr_par' dir='ltr' id='par_1_93' title="bbox 368 4762 1927 4835">
     <span class='ocr_line' id='line_1_93' title="bbox 368 4762 1927 4835; baseline 0.001 -18"><span class='ocrx_word' id='word_1_755' title='bbox 368 4762 449 4819; x_wconf 86' lang='lat' dir='ltr'><strong>tim</strong></span> <span class='ocrx_word' id='word_1_756' title='bbox 490 4778 721 4833; x_wconf 90' lang='lat' dir='ltr'><strong>namque</strong></span> <span class='ocrx_word' id='word_1_757' title='bbox 751 4774 807 4817; x_wconf 90' lang='lat' dir='ltr'><strong>ut</strong></span> <span class='ocrx_word' id='word_1_758' title='bbox 835 4763 1036 4819; x_wconf 87' lang='lat' dir='ltr'><strong>laveris</strong></span> <span class='ocrx_word' id='word_1_759' title='bbox 1068 4766 1234 4835; x_wconf 90' lang='lat' dir='ltr'><strong>pedes</strong></span> <span class='ocrx_word' id='word_1_760' title='bbox 1269 4781 1419 4820; x_wconf 88' lang='lat' dir='ltr'><strong>meos</strong></span> <span class='ocrx_word' id='word_1_761' title='bbox 1441 4806 1456 4831; x_wconf 95' lang='lat'><strong>,</strong></span> <span class='ocrx_word' id='word_1_762' title='bbox 1506 4766 1670 4820; x_wconf 90' lang='lat' dir='ltr'><strong>etiam</strong></span> <span class='ocrx_word' id='word_1_763' title='bbox 1721 4780 1927 4821; x_wconf 87' lang='lat' dir='ltr'><strong>recum-</strong></span> 
     </span>
    </p>
   </div>
   <div class='ocr_carea' id='block_1_94' title="bbox 365 4855 1928 4913">
    <p class='ocr_par' dir='ltr' id='par_1_94' title="bbox 365 4855 1928 4913">
     <span class='ocr_line' id='line_1_94' title="bbox 365 4855 1928 4913; baseline 0.003 -5"><span class='ocrx_word' id='word_1_764' title='bbox 365 4855 475 4909; x_wconf 89' lang='lat' dir='ltr'><strong>bere</strong></span> <span class='ocrx_word' id='word_1_765' title='bbox 523 4870 606 4910; x_wconf 87' lang='lat' dir='ltr'><strong>tne</strong></span> <span class='ocrx_word' id='word_1_766' title='bbox 651 4856 821 4911; x_wconf 83' lang='lat' dir='ltr'><strong>facias</strong></span> <span class='ocrx_word' id='word_1_767' title='bbox 866 4864 1045 4911; x_wconf 90' lang='lat' dir='ltr'><strong>tecum</strong></span> <span class='ocrx_word' id='word_1_768' title='bbox 1086 4867 1141 4911; x_wconf 88' lang='lat' dir='ltr'><strong>ut</strong></span> <span class='ocrx_word' id='word_1_769' title='bbox 1175 4858 1393 4912; x_wconf 88' lang='lat' dir='ltr'><strong>audiam</strong></span> <span class='ocrx_word' id='word_1_770' title='bbox 1418 4859 1516 4913; x_wconf 91' lang='lat' dir='ltr'><strong>abs</strong></span> <span class='ocrx_word' id='word_1_771' title='bbox 1545 4867 1597 4913; x_wconf 87' lang='lat' dir='ltr'><strong>te</strong></span> <span class='ocrx_word' id='word_1_772' title='bbox 1626 4858 1669 4889; x_wconf 81' lang='lat'><strong>&quot;</strong></span> <span class='ocrx_word' id='word_1_773' title='bbox 1709 4874 1722 4912; x_wconf 89' lang='lat'><strong>:</strong></span> <span class='ocrx_word' id='word_1_774' title='bbox 1763 4874 1782 4909; x_wconf 87' lang='grc' dir='ltr'><strong>ι</strong></span> <span class='ocrx_word' id='word_1_775' title='bbox 1821 4857 1928 4913; x_wconf 87' lang='lat' dir='ltr'><strong>Vos</strong></span> 
     </span>
    </p>
   </div>
   <div class='ocr_carea' id='block_1_95' title="bbox 364 4948 1923 5018">
    <p class='ocr_par' dir='ltr' id='par_1_95' title="bbox 364 4948 1923 5018">
     <span class='ocr_line' id='line_1_95' title="bbox 364 4948 1923 5018; baseline 0.003 -19"><span class='ocrx_word' id='word_1_776' title='bbox 364 4948 547 5001; x_wconf 83' lang='lat' dir='ltr'><strong>vocatis</strong></span> <span class='ocrx_word' id='word_1_777' title='bbox 601 4962 686 5002; x_wconf 89' lang='lat' dir='ltr'><strong>me</strong></span> <span class='ocrx_word' id='word_1_778' title='bbox 735 4952 997 5018; x_wconf 85' lang='lat' dir='ltr'><strong>magister</strong></span> <span class='ocrx_word' id='word_1_779' title='bbox 1020 4957 1076 5003; x_wconf 93' lang='lat' dir='ltr'><strong>et</strong></span> <span class='ocrx_word' id='word_1_780' title='bbox 1126 4948 1377 5017; x_wconf 89' lang='lat' dir='ltr'><strong>Domine,</strong></span> <span class='ocrx_word' id='word_1_781' title='bbox 1423 4959 1479 5004; x_wconf 90' lang='lat' dir='ltr'><strong>et</strong></span> <span class='ocrx_word' id='word_1_782' title='bbox 1513 4958 1659 5004; x_wconf 89' lang='lat' dir='ltr'><strong>recte</strong></span> <span class='ocrx_word' id='word_1_783' title='bbox 1700 4949 1923 5003; x_wconf 90' lang='lat' dir='ltr'><strong>dicitis:</strong></span> 
     </span>
    </p>
   </div>
   <div class='ocr_carea' id='block_1_96' title="bbox 363 5037 1922 5111">
    <p class='ocr_par' dir='ltr' id='par_1_96' title="bbox 363 5037 1922 5111">
     <span class='ocr_line' id='line_1_96' title="bbox 363 5037 1922 5111; baseline 0 -19"><span class='ocrx_word' id='word_1_784' title='bbox 363 5052 464 5092; x_wconf 83' lang='lat' dir='ltr'><strong>sum</strong></span> <span class='ocrx_word' id='word_1_785' title='bbox 508 5039 735 5093; x_wconf 90' lang='lat' dir='ltr'><strong>etenim.</strong></span> <span class='ocrx_word' id='word_1_786' title='bbox 764 5037 823 5094; x_wconf 88' lang='lat' dir='ltr'><strong>Si</strong></span> <span class='ocrx_word' id='word_1_787' title='bbox 851 5053 979 5109; x_wconf 87' lang='lat' dir='ltr'><strong>ergo</strong></span> <span class='ocrx_word' id='word_1_788' title='bbox 1017 5054 1117 5109; x_wconf 85' lang='lat' dir='ltr'><strong>ego</strong></span> <span class='ocrx_word' id='word_1_789' title='bbox 1151 5040 1411 5094; x_wconf 89' lang='lat' dir='ltr'><strong>Dominus</strong></span> <span class='ocrx_word' id='word_1_790' title='bbox 1441 5052 1495 5095; x_wconf 91' lang='lat' dir='ltr'><strong>et</strong></span> <span class='ocrx_word' id='word_1_791' title='bbox 1521 5041 1777 5111; x_wconf 85' lang='lat' dir='ltr'><strong>magister</strong></span> <span class='ocrx_word' id='word_1_792' title='bbox 1818 5040 1922 5093; x_wconf 88' lang='lat' dir='ltr'><strong>lavi</strong></span> 
     </span>
    </p>
   </div>
   <div class='ocr_carea' id='block_1_97' title="bbox 365 5130 1916 5202">
    <p class='ocr_par' dir='ltr' id='par_1_97' title="bbox 365 5130 1916 5202">
     <span class='ocr_line' id='line_1_97' title="bbox 365 5130 1916 5202; baseline -0.001 -19"><span class='ocrx_word' id='word_1_793' title='bbox 365 5130 505 5199; x_wconf 87' lang='lat' dir='ltr'><strong>pedes</strong></span> <span class='ocrx_word' id='word_1_794' title='bbox 546 5142 789 5195; x_wconf 88' lang='lat' dir='ltr'><strong>vestros,</strong></span> <span class='ocrx_word' id='word_1_795' title='bbox 846 5140 899 5185; x_wconf 90' lang='lat' dir='ltr'><strong>et</strong></span> <span class='ocrx_word' id='word_1_796' title='bbox 923 5146 1016 5185; x_wconf 89' lang='lat' dir='ltr'><strong>vos</strong></span> <span class='ocrx_word' id='word_1_797' title='bbox 1069 5131 1391 5186; x_wconf 89' lang='lat' dir='ltr'><strong>alterutrum</strong></span> <span class='ocrx_word' id='word_1_798' title='bbox 1445 5132 1611 5202; x_wconf 89' lang='lat' dir='ltr'><strong>pedes</strong></span> <span class='ocrx_word' id='word_1_799' title='bbox 1657 5131 1857 5185; x_wconf 83' lang='lat' dir='ltr'><strong>lavate.</strong></span> <span class='ocrx_word' id='word_1_800' title='bbox 1898 5150 1916 5182; x_wconf 81' lang='grc' dir='ltr'><strong>ι</strong></span> 
     </span>
    </p>
   </div>
   <div class='ocr_carea' id='block_1_98' title="bbox 367 5219 1917 5292">
    <p class='ocr_par' dir='ltr' id='par_1_98' title="bbox 367 5219 1917 5292">
     <span class='ocr_line' id='line_1_98' title="bbox 367 5219 1917 5292; baseline 0.002 -19"><span class='ocrx_word' id='word_1_801' title='bbox 367 5219 478 5274; x_wconf 75' lang='lat' dir='ltr'><strong>Volo</strong></span> <span class='ocrx_word' id='word_1_802' title='bbox 522 5235 651 5290; x_wconf 91' lang='lat' dir='ltr'><strong>ergo</strong></span> <span class='ocrx_word' id='word_1_803' title='bbox 688 5231 741 5275; x_wconf 89' lang='lat' dir='ltr'><strong>et</strong></span> <span class='ocrx_word' id='word_1_804' title='bbox 770 5236 871 5291; x_wconf 85' lang='lat' dir='ltr'><strong>ego</strong></span> <span class='ocrx_word' id='word_1_805' title='bbox 903 5222 1086 5276; x_wconf 88' lang='lat' dir='ltr'><strong>lavare</strong></span> <span class='ocrx_word' id='word_1_806' title='bbox 1137 5225 1301 5292; x_wconf 85' lang='lat' dir='ltr'><strong>pedes</strong></span> <span class='ocrx_word' id='word_1_807' title='bbox 1355 5223 1584 5276; x_wconf 81' lang='lat' dir='ltr'><strong>fratrum</strong></span> <span class='ocrx_word' id='word_1_808' title='bbox 1637 5238 1917 5288; x_wconf 89' lang='lat' dir='ltr'><strong>meorum,</strong></span> 
     </span>
    </p>
   </div>
   <div class='ocr_carea' id='block_1_99' title="bbox 367 5313 1918 5384">
    <p class='ocr_par' dir='ltr' id='par_1_99' title="bbox 367 5313 1918 5384">
     <span class='ocr_line' id='line_1_99' title="bbox 367 5313 1918 5384; baseline 0.001 -17"><span class='ocrx_word' id='word_1_809' title='bbox 367 5313 525 5367; x_wconf 81' lang='lat' dir='ltr'><strong>lavare</strong></span> <span class='ocrx_word' id='word_1_810' title='bbox 550 5313 713 5382; x_wconf 89' lang='lat' dir='ltr'><strong>pedes</strong></span> <span class='ocrx_word' id='word_1_811' title='bbox 729 5313 1225 5383; x_wconf 88' lang='lat' dir='ltr'><strong>condiscipulorum</strong></span> <span class='ocrx_word' id='word_1_812' title='bbox 1253 5328 1520 5368; x_wconf 90' lang='lat' dir='ltr'><strong>meorum.</strong></span> <span class='ocrx_word' id='word_1_813' title='bbox 1548 5314 1611 5368; x_wconf 85' lang='lat' dir='ltr'><strong>Et</strong></span> <span class='ocrx_word' id='word_1_814' title='bbox 1639 5324 1918 5384; x_wconf 83' lang='lat' dir='ltr'><strong>propterea</strong></span> 
     </span>
    </p>
   </div>
   <div class='ocr_carea' id='block_1_100' title="bbox 429 5421 1449 5490">
    <p class='ocr_par' dir='ltr' id='par_1_100' title="bbox 429 5421 1449 5490">
     <span class='ocr_line' id='line_1_100' title="bbox 429 5421 1449 5490; baseline 0.003 -16"><span class='ocrx_word' id='word_1_815' title='bbox 429 5423 465 5455; x_wconf 84' lang='lat'><strong><em>“</em></strong></span> <span class='ocrx_word' id='word_1_816' title='bbox 491 5421 674 5475; x_wconf 79' lang='lat' dir='ltr'><strong>Matth.</strong></span> <span class='ocrx_word' id='word_1_817' title='bbox 724 5438 810 5487; x_wconf 73' lang='grc' dir='ltr'>ιι,</span> <span class='ocrx_word' id='word_1_818' title='bbox 837 5422 927 5475; x_wconf 76' lang='lat'><strong>37.</strong></span> <span class='ocrx_word' id='word_1_819' title='bbox 1021 5423 1066 5453; x_wconf 78' lang='grc' dir='ltr'><strong>ὀ</strong></span> <span class='ocrx_word' id='word_1_820' title='bbox 1107 5422 1229 5477; x_wconf 82' lang='lat' dir='ltr'><strong>Jud.</strong></span> <span class='ocrx_word' id='word_1_821' title='bbox 1257 5439 1329 5490; x_wconf 87' lang='lat' dir='ltr'><strong>vt,</strong></span> <span class='ocrx_word' id='word_1_822' title='bbox 1361 5424 1449 5477; x_wconf 77' lang='lat'><strong>37.</strong></span> 
     </span>
    </p>
   </div>
   <div class='ocr_carea' id='block_1_101' title="bbox 372 5561 853 5626">
    <p class='ocr_par' dir='ltr' id='par_1_101' title="bbox 372 5561 853 5626">
     <span class='ocr_line' id='line_1_101' title="bbox 372 5561 853 5626; baseline -0.002 -11"><span class='ocrx_word' id='word_1_823' title='bbox 372 5563 406 5593; x_wconf 77' lang='lat'><em>&quot;</em></span> <span class='ocrx_word' id='word_1_824' title='bbox 445 5561 555 5615; x_wconf 75' lang='lat' dir='ltr'><strong>Iud.</strong></span> <span class='ocrx_word' id='word_1_825' title='bbox 597 5577 686 5616; x_wconf 70' lang='grc' dir='ltr'>ιιι.</span> <span class='ocrx_word' id='word_1_826' title='bbox 713 5564 771 5626; x_wconf 67' lang='lat'><strong>2,</strong></span> <span class='ocrx_word' id='word_1_827' title='bbox 799 5563 853 5615; x_wconf 77' lang='grc' dir='ltr'><strong>ὅ.</strong></span> 
     </span>
    </p>
   </div>
   <div class='ocr_carea' id='block_1_102' title="bbox 1526 5425 2084 5488">
    <p class='ocr_par' dir='ltr' id='par_1_102' title="bbox 1526 5425 2084 5488">
     <span class='ocr_line' id='line_1_102' title="bbox 1526 5425 2084 5488; baseline 0 -9"><span class='ocrx_word' id='word_1_828' title='bbox 1526 5426 1569 5457; x_wconf 82' lang='grc'><strong>³¹</strong></span> <span class='ocrx_word' id='word_1_829' title='bbox 1604 5425 1795 5479; x_wconf 83' lang='lat' dir='ltr'><strong>Matth.</strong></span> <span class='ocrx_word' id='word_1_830' title='bbox 1854 5440 1945 5488; x_wconf 79' lang='grc' dir='ltr'>ιιι.</span> <span class='ocrx_word' id='word_1_831' title='bbox 1996 5426 2084 5480; x_wconf 74' lang='lat' dir='ltr'><strong>I2.</strong></span> 
     </span>
    </p>
   </div>
   <div class='ocr_carea' id='block_1_103' title="bbox 369 5491 1931 5561">
    <p class='ocr_par' dir='ltr' id='par_1_103' title="bbox 369 5491 1931 5561">
     <span class='ocr_line' id='line_1_103' title="bbox 369 5491 1931 5561; baseline 0.002 -15"><span class='ocrx_word' id='word_1_832' title='bbox 369 5493 408 5523; x_wconf 85' lang='lat'><strong>&quot;</strong></span> <span class='ocrx_word' id='word_1_833' title='bbox 432 5491 569 5546; x_wconf 76' lang='lat' dir='ltr'><strong>Imm.</strong></span> <span class='ocrx_word' id='word_1_834' title='bbox 613 5507 732 5557; x_wconf 69' lang='lat' dir='ltr'><strong>stu,</strong></span> <span class='ocrx_word' id='word_1_835' title='bbox 765 5493 818 5546; x_wconf 89' lang='lat'><strong>8.</strong></span> <span class='ocrx_word' id='word_1_836' title='bbox 892 5493 938 5522; x_wconf 78' lang='lat'>&quot;</span> <span class='ocrx_word' id='word_1_837' title='bbox 964 5492 1120 5546; x_wconf 85' lang='lat' dir='ltr'><strong>Cant.</strong></span> <span class='ocrx_word' id='word_1_838' title='bbox 1160 5508 1209 5559; x_wconf 90' lang='lat' dir='ltr'><strong>v,</strong></span> <span class='ocrx_word' id='word_1_839' title='bbox 1232 5494 1288 5547; x_wconf 78' lang='lat'><strong>5.</strong></span> <span class='ocrx_word' id='word_1_840' title='bbox 1360 5495 1402 5524; x_wconf 82' lang='grc'><strong>’⁷</strong></span> <span class='ocrx_word' id='word_1_841' title='bbox 1434 5491 1589 5550; x_wconf 78' lang='lat' dir='ltr'><strong>Joan.</strong></span> <span class='ocrx_word' id='word_1_842' title='bbox 1624 5511 1751 5561; x_wconf 83' lang='lat' dir='ltr'><strong>xm,</strong></span> <span class='ocrx_word' id='word_1_843' title='bbox 1776 5496 1860 5560; x_wconf 75' lang='grc'><strong>15,</strong></span> <span class='ocrx_word' id='word_1_844' title='bbox 1892 5498 1931 5549; x_wconf 64' lang='grc' dir='ltr'><strong>ι</strong></span> 
     </span>
    </p>
   </div>
   <div class='ocr_carea' id='block_1_104' title="bbox 2037 5491 2423 5561">
    <p class='ocr_par' dir='ltr' id='par_1_104' title="bbox 2040 5494 2423 5560">
     <span class='ocr_line' id='line_1_104' title="bbox 2040 5494 2423 5560; baseline -0.008 -10"><span class='ocrx_word' id='word_1_845' title='bbox 2040 5495 2085 5527; x_wconf 78' lang='grc'>⁸⁸</span> <span class='ocrx_word' id='word_1_846' title='bbox 2114 5494 2237 5550; x_wconf 82' lang='lat' dir='ltr'><strong>Jud.</strong></span> <span class='ocrx_word' id='word_1_847' title='bbox 2271 5512 2341 5560; x_wconf 66' lang='grc' dir='ltr'>ιι,</span> <span class='ocrx_word' id='word_1_848' title='bbox 2371 5497 2423 5549; x_wconf 74' lang='lat'><strong>5.</strong></span> 
     </span>
    </p>
   </div>
   <div class='ocr_carea' id='block_1_105' title="bbox 2037 4483 3620 4569">
    <p class='ocr_par' dir='ltr' id='par_1_105' title="bbox 2037 4483 3620 4569">
     <span class='ocr_line' id='line_1_105' title="bbox 2037 4483 3620 4569; baseline -0.004 -27"><span class='ocrx_word' id='word_1_849' title='bbox 2037 4488 2258 4558; x_wconf 90' lang='lat' dir='ltr'><strong>loquere</strong></span> <span class='ocrx_word' id='word_1_850' title='bbox 2322 4489 2376 4541; x_wconf 93' lang='lat' dir='ltr'><strong>in</strong></span> <span class='ocrx_word' id='word_1_851' title='bbox 2428 4488 2653 4541; x_wconf 90' lang='lat' dir='ltr'><strong>auribus</strong></span> <span class='ocrx_word' id='word_1_852' title='bbox 2704 4484 2922 4557; x_wconf 81' lang='lat' dir='ltr'><strong>pOpuli,</strong></span> <span class='ocrx_word' id='word_1_853' title='bbox 2971 4484 3157 4569; x_wconf 67' lang='lat' dir='ltr'><strong>dicens</strong></span> <span class='ocrx_word' id='word_1_854' title='bbox 3196 4501 3210 4537; x_wconf 89' lang='lat'><strong><em>:</em></strong></span> <span class='ocrx_word' id='word_1_855' title='bbox 3255 4483 3353 4549; x_wconf 83' lang='lat' dir='ltr'><strong>Qui</strong></span> <span class='ocrx_word' id='word_1_856' title='bbox 3400 4483 3620 4536; x_wconf 86' lang='lat' dir='ltr'><strong>timidus</strong></span> 
     </span>
    </p>
   </div>
   <div class='ocr_carea' id='block_1_106' title="bbox 2035 4576 3617 4645">
    <p class='ocr_par' dir='ltr' id='par_1_106' title="bbox 2035 4576 3617 4645">
     <span class='ocr_line' id='line_1_106' title="bbox 2035 4576 3617 4645; baseline -0.003 -10"><span class='ocrx_word' id='word_1_857' title='bbox 2035 4591 2119 4635; x_wconf 89' lang='lat' dir='ltr'><strong>est</strong></span> <span class='ocrx_word' id='word_1_858' title='bbox 2169 4590 2225 4635; x_wconf 89' lang='lat' dir='ltr'><strong>et</strong></span> <span class='ocrx_word' id='word_1_859' title='bbox 2272 4579 2659 4635; x_wconf 80' lang='lat' dir='ltr'><strong>formidolosus</strong></span> <span class='ocrx_word' id='word_1_860' title='bbox 2691 4580 2876 4645; x_wconf 90' lang='lat' dir='ltr'><strong>corde,</strong></span> <span class='ocrx_word' id='word_1_861' title='bbox 2924 4590 3246 4635; x_wconf 86' lang='lat' dir='ltr'><strong>revertatur.</strong></span> <span class='ocrx_word' id='word_1_862' title='bbox 3297 4577 3361 4632; x_wconf 87' lang='lat' dir='ltr'><strong>Et</strong></span> <span class='ocrx_word' id='word_1_863' title='bbox 3412 4576 3617 4631; x_wconf 86' lang='lat' dir='ltr'><strong>reversi</strong></span> 
     </span>
    </p>
   </div>
   <div class='ocr_carea' id='block_1_107' title="bbox 2036 4666 3618 4742">
    <p class='ocr_par' dir='ltr' id='par_1_107' title="bbox 2036 4666 3618 4742">
     <span class='ocr_line' id='line_1_107' title="bbox 2036 4666 3618 4742; baseline -0.006 -15"><span class='ocrx_word' id='word_1_864' title='bbox 2036 4682 2163 4727; x_wconf 89' lang='lat' dir='ltr'><strong>sunt</strong></span> <span class='ocrx_word' id='word_1_865' title='bbox 2186 4673 2255 4728; x_wconf 90' lang='lat' dir='ltr'><strong>de</strong></span> <span class='ocrx_word' id='word_1_866' title='bbox 2281 4681 2462 4726; x_wconf 87' lang='lat' dir='ltr'><strong>monte</strong></span> <span class='ocrx_word' id='word_1_867' title='bbox 2488 4671 2691 4726; x_wconf 80' lang='lat' dir='ltr'><strong>Galaad</strong></span> <span class='ocrx_word' id='word_1_868' title='bbox 2736 4670 2803 4725; x_wconf 88' lang='lat' dir='ltr'><strong>de</strong></span> <span class='ocrx_word' id='word_1_869' title='bbox 2839 4670 3037 4742; x_wconf 92' lang='lat' dir='ltr'><strong>popqu</strong></span> <span class='ocrx_word' id='word_1_870' title='bbox 3072 4668 3260 4737; x_wconf 89' lang='lat' dir='ltr'><strong>viginti</strong></span> <span class='ocrx_word' id='word_1_871' title='bbox 3304 4668 3411 4720; x_wconf 89' lang='lat' dir='ltr'><strong>duo</strong></span> <span class='ocrx_word' id='word_1_872' title='bbox 3448 4666 3618 4719; x_wconf 87' lang='lat' dir='ltr'><strong>millia</strong></span> 
     </span>
    </p>
   </div>
   <div class='ocr_carea' id='block_1_108' title="bbox 2035 4752 3618 4827">
    <p class='ocr_par' dir='ltr' id='par_1_108' title="bbox 2035 4752 3618 4827">
     <span class='ocr_line' id='line_1_108' title="bbox 2035 4752 3618 4827; baseline -0.006 -12"><span class='ocrx_word' id='word_1_873' title='bbox 2035 4764 2162 4827; x_wconf 88' lang='lat' dir='ltr'><strong>viri,</strong></span> <span class='ocrx_word' id='word_1_874' title='bbox 2213 4771 2268 4816; x_wconf 84' lang='lat' dir='ltr'><strong>et</strong></span> <span class='ocrx_word' id='word_1_875' title='bbox 2326 4769 2709 4816; x_wconf 85' lang='lat' dir='ltr'><strong>remanserunt</strong></span> <span class='ocrx_word' id='word_1_876' title='bbox 2759 4764 2946 4816; x_wconf 87' lang='lat' dir='ltr'><strong>decem</strong></span> <span class='ocrx_word' id='word_1_877' title='bbox 3007 4757 3195 4811; x_wconf 87' lang='lat' dir='ltr'><strong>millia.</strong></span> <span class='ocrx_word' id='word_1_878' title='bbox 3255 4773 3273 4805; x_wconf 74' lang='grc' dir='ltr'><strong>ι</strong></span> <span class='ocrx_word' id='word_1_879' title='bbox 3329 4752 3618 4806; x_wconf 80' lang='lat' dir='ltr'><strong>Videamus</strong></span> 
     </span>
    </p>
   </div>
   <div class='ocr_carea' id='block_1_109' title="bbox 2035 4842 3626 4922">
    <p class='ocr_par' dir='ltr' id='par_1_109' title="bbox 2035 4842 3626 4922">
     <span class='ocr_line' id='line_1_109' title="bbox 2035 4842 3626 4922; baseline -0.009 -13"><span class='ocrx_word' id='word_1_880' title='bbox 2035 4870 2166 4922; x_wconf 83' lang='lat' dir='ltr'><strong>ergo</strong></span> <span class='ocrx_word' id='word_1_881' title='bbox 2202 4855 2377 4922; x_wconf 92' lang='lat' dir='ltr'><strong>primo</strong></span> <span class='ocrx_word' id='word_1_882' title='bbox 2404 4853 2533 4921; x_wconf 89' lang='lat' dir='ltr'><strong>quid</strong></span> <span class='ocrx_word' id='word_1_883' title='bbox 2577 4860 2661 4906; x_wconf 89' lang='lat' dir='ltr'><strong>est</strong></span> <span class='ocrx_word' id='word_1_884' title='bbox 2692 4851 2834 4919; x_wconf 91' lang='lat' dir='ltr'><strong>quod</strong></span> <span class='ocrx_word' id='word_1_885' title='bbox 2872 4849 3004 4903; x_wconf 89' lang='lat' dir='ltr'><strong>dicit</strong></span> <span class='ocrx_word' id='word_1_886' title='bbox 3042 4865 3056 4900; x_wconf 92' lang='lat'><strong>:</strong></span> <span class='ocrx_word' id='word_1_887' title='bbox 3089 4864 3106 4896; x_wconf 84' lang='grc' dir='ltr'><strong>ι</strong></span> <span class='ocrx_word' id='word_1_888' title='bbox 3144 4844 3388 4899; x_wconf 84' lang='lat' dir='ltr'><strong>Timidus</strong></span> <span class='ocrx_word' id='word_1_889' title='bbox 3422 4853 3474 4896; x_wconf 92' lang='lat' dir='ltr'><strong>et</strong></span> <span class='ocrx_word' id='word_1_890' title='bbox 3505 4842 3626 4896; x_wconf 79' lang='lat' dir='ltr'><strong>for-.</strong></span> 
     </span>
    </p>
   </div>
   <div class='ocr_carea' id='block_1_110' title="bbox 2039 4930 3617 5004">
    <p class='ocr_par' dir='ltr' id='par_1_110' title="bbox 2039 4930 3617 5004">
     <span class='ocr_line' id='line_1_110' title="bbox 2039 4930 3617 5004; baseline -0.006 -9"><span class='ocrx_word' id='word_1_891' title='bbox 2039 4940 2336 4995; x_wconf 87' lang='lat' dir='ltr'><strong>midolosus</strong></span> <span class='ocrx_word' id='word_1_892' title='bbox 2390 4940 2587 5004; x_wconf 88' lang='lat' dir='ltr'><strong>corde;</strong></span> <span class='ocrx_word' id='word_1_893' title='bbox 2626 4957 2645 4989; x_wconf 78' lang='grc' dir='ltr'><strong>ι</strong></span> <span class='ocrx_word' id='word_1_894' title='bbox 2679 4940 2787 4991; x_wconf 89' lang='lat' dir='ltr'><strong>duo</strong></span> <span class='ocrx_word' id='word_1_895' title='bbox 2815 4937 2963 4990; x_wconf 91' lang='lat' dir='ltr'><strong>enim</strong></span> <span class='ocrx_word' id='word_1_896' title='bbox 3003 4935 3147 4988; x_wconf 88' lang='lat' dir='ltr'><strong>dicta</strong></span> <span class='ocrx_word' id='word_1_897' title='bbox 3198 4941 3324 4985; x_wconf 92' lang='lat' dir='ltr'><strong>sunt</strong></span> <span class='ocrx_word' id='word_1_898' title='bbox 3368 4930 3617 4985; x_wconf 79' lang='lat' dir='ltr'><strong>humana.-</strong></span> 
     </span>
    </p>
   </div>
   <div class='ocr_carea' id='block_1_111' title="bbox 2038 5020 3617 5103">
    <p class='ocr_par' dir='ltr' id='par_1_111' title="bbox 2038 5020 3617 5103">
     <span class='ocr_line' id='line_1_111' title="bbox 2038 5020 3617 5103; baseline -0.008 -17"><span class='ocrx_word' id='word_1_899' title='bbox 2038 5032 2343 5103; x_wconf 79' lang='lat' dir='ltr'><strong>fragilitatis</strong></span> <span class='ocrx_word' id='word_1_900' title='bbox 2373 5032 2569 5085; x_wconf 82' lang='lat' dir='ltr'><strong>indicia</strong></span> <span class='ocrx_word' id='word_1_901' title='bbox 2594 5070 2608 5091; x_wconf 92' lang='lat'><strong>,</strong></span> <span class='ocrx_word' id='word_1_902' title='bbox 2640 5029 2841 5098; x_wconf 89' lang='lat' dir='ltr'><strong>quibus</strong></span> <span class='ocrx_word' id='word_1_903' title='bbox 2886 5026 3133 5095; x_wconf 82' lang='lat' dir='ltr'><strong>arguitur</strong></span> <span class='ocrx_word' id='word_1_904' title='bbox 3170 5027 3404 5079; x_wconf 87' lang='lat' dir='ltr'><strong>humana</strong></span> <span class='ocrx_word' id='word_1_905' title='bbox 3451 5020 3617 5091; x_wconf 78' lang='lat' dir='ltr'><strong>fragi~</strong></span> 
     </span>
    </p>
   </div>
   <div class='ocr_carea' id='block_1_112' title="bbox 2033 5112 3617 5190">
    <p class='ocr_par' dir='ltr' id='par_1_112' title="bbox 2033 5112 3617 5190">
     <span class='ocr_line' id='line_1_112' title="bbox 2033 5112 3617 5190; baseline -0.007 -11"><span class='ocrx_word' id='word_1_906' title='bbox 2033 5124 2270 5190; x_wconf 90' lang='lat' dir='ltr'><strong>Iitas,id</strong></span> <span class='ocrx_word' id='word_1_907' title='bbox 2294 5133 2377 5177; x_wconf 90' lang='lat' dir='ltr'><strong>est</strong></span> <span class='ocrx_word' id='word_1_908' title='bbox 2422 5121 2597 5176; x_wconf 90' lang='lat' dir='ltr'><strong>timidi</strong></span> <span class='ocrx_word' id='word_1_909' title='bbox 2646 5130 2702 5174; x_wconf 84' lang='lat' dir='ltr'><strong>et</strong></span> <span class='ocrx_word' id='word_1_910' title='bbox 2746 5118 3083 5173; x_wconf 88' lang='lat' dir='ltr'><strong>formidolosi</strong></span> <span class='ocrx_word' id='word_1_911' title='bbox 3133 5115 3318 5171; x_wconf 89' lang='lat' dir='ltr'><strong>corde.</strong></span> <span class='ocrx_word' id='word_1_912' title='bbox 3374 5112 3617 5168; x_wconf 86' lang='lat' dir='ltr'><strong>Timidus</strong></span> 
     </span>
    </p>
   </div>
   <div class='ocr_carea' id='block_1_113' title="bbox 2031 5207 3618 5286">
    <p class='ocr_par' dir='ltr' id='par_1_113' title="bbox 2031 5207 3618 5286">
     <span class='ocr_line' id='line_1_113' title="bbox 2031 5207 3618 5286; baseline -0.006 -15"><span class='ocrx_word' id='word_1_913' title='bbox 2031 5227 2209 5286; x_wconf 89' lang='lat' dir='ltr'><strong>potest</strong></span> <span class='ocrx_word' id='word_1_914' title='bbox 2262 5215 2432 5269; x_wconf 88' lang='lat' dir='ltr'><strong>videri</strong></span> <span class='ocrx_word' id='word_1_915' title='bbox 2477 5222 2533 5268; x_wconf 88' lang='lat' dir='ltr'><strong>et</strong></span> <span class='ocrx_word' id='word_1_916' title='bbox 2560 5212 2650 5268; x_wconf 88' lang='lat' dir='ltr'><strong>ille</strong></span> <span class='ocrx_word' id='word_1_917' title='bbox 2678 5211 2768 5283; x_wconf 88' lang='lat' dir='ltr'><strong>qui</strong></span> <span class='ocrx_word' id='word_1_918' title='bbox 2801 5212 2978 5281; x_wconf 90' lang='lat' dir='ltr'><strong>primo</strong></span> <span class='ocrx_word' id='word_1_919' title='bbox 3009 5218 3230 5278; x_wconf 89' lang='lat' dir='ltr'><strong>aspectu</strong></span> <span class='ocrx_word' id='word_1_920' title='bbox 3266 5207 3500 5276; x_wconf 88' lang='lat' dir='ltr'><strong>trepidat</strong></span> <span class='ocrx_word' id='word_1_921' title='bbox 3548 5208 3618 5261; x_wconf 86' lang='lat' dir='ltr'><strong>ad</strong></span> 
     </span>
    </p>
   </div>
   <div class='ocr_carea' id='block_1_114' title="bbox 2030 5301 3618 5378">
    <p class='ocr_par' dir='ltr' id='par_1_114' title="bbox 2030 5301 3618 5378">
     <span class='ocr_line' id='line_1_114' title="bbox 2030 5301 3618 5378; baseline -0.007 -12"><span class='ocrx_word' id='word_1_922' title='bbox 2030 5323 2416 5378; x_wconf 87' lang='lat' dir='ltr'><strong>congressum,</strong></span> <span class='ocrx_word' id='word_1_923' title='bbox 2466 5322 2572 5361; x_wconf 94' lang='lat' dir='ltr'><strong>uon</strong></span> <span class='ocrx_word' id='word_1_924' title='bbox 2615 5314 2793 5361; x_wconf 87' lang='lat' dir='ltr'><strong>tamen</strong></span> <span class='ocrx_word' id='word_1_925' title='bbox 2830 5316 2943 5359; x_wconf 89' lang='lat' dir='ltr'><strong>toto</strong></span> <span class='ocrx_word' id='word_1_926' title='bbox 2982 5306 3148 5358; x_wconf 87' lang='lat' dir='ltr'><strong>corde</strong></span> <span class='ocrx_word' id='word_1_927' title='bbox 3200 5312 3466 5365; x_wconf 89' lang='lat' dir='ltr'><strong>terretur,</strong></span> <span class='ocrx_word' id='word_1_928' title='bbox 3522 5301 3618 5355; x_wconf 86' lang='lat' dir='ltr'><strong>sed</strong></span> 
     </span>
    </p>
   </div>
   <div class='ocr_carea' id='block_1_115' title="bbox 2162 5414 3615 5482">
    <p class='ocr_par' dir='ltr' id='par_1_115' title="bbox 2162 5414 3615 5482">
     <span class='ocr_line' id='line_1_115' title="bbox 2162 5414 3615 5482; baseline -0.009 -4"><span class='ocrx_word' id='word_1_929' title='bbox 2162 5426 2207 5455; x_wconf 84' lang='grc'><strong>²²</strong></span> <span class='ocrx_word' id='word_1_930' title='bbox 2251 5423 2382 5479; x_wconf 86' lang='lat' dir='ltr'><strong>Ileh.</strong></span> <span class='ocrx_word' id='word_1_931' title='bbox 2416 5440 2487 5482; x_wconf 68' lang='grc' dir='ltr'><strong>χι,</strong></span> <span class='ocrx_word' id='word_1_932' title='bbox 2513 5421 2600 5475; x_wconf 66' lang='grc' dir='ltr'><strong>Ξὲ.</strong></span> <span class='ocrx_word' id='word_1_933' title='bbox 2691 5420 2735 5450; x_wconf 77' lang='grc'><strong>’³</strong></span> <span class='ocrx_word' id='word_1_934' title='bbox 2768 5419 2925 5475; x_wconf 81' lang='lat' dir='ltr'><strong>Joan.</strong></span> <span class='ocrx_word' id='word_1_935' title='bbox 2954 5434 3072 5473; x_wconf 73' lang='lat' dir='ltr'><strong>xm.</strong></span> <span class='ocrx_word' id='word_1_936' title='bbox 3163 5416 3207 5447; x_wconf 72' lang='lat'>&quot;</span> <span class='ocrx_word' id='word_1_937' title='bbox 3242 5414 3399 5470; x_wconf 81' lang='lat' dir='ltr'><strong>Joau.</strong></span> <span class='ocrx_word' id='word_1_938' title='bbox 3436 5430 3530 5475; x_wconf 79' lang='lat' dir='ltr'><strong>xv,</strong></span> <span class='ocrx_word' id='word_1_939' title='bbox 3565 5414 3615 5466; x_wconf 73' lang='lat'><strong>3.</strong></span> 
     </span>
    </p>
   </div>
   <div class='ocr_carea' id='block_1_116' title="bbox 2502 5483 3615 5557">
    <p class='ocr_par' dir='ltr' id='par_1_116' title="bbox 2502 5483 3615 5557">
     <span class='ocr_line' id='line_1_116' title="bbox 2502 5483 3615 5557; baseline -0.007 -12"><span class='ocrx_word' id='word_1_940' title='bbox 2502 5495 2545 5525; x_wconf 75' lang='lat'><strong>&quot;</strong></span> <span class='ocrx_word' id='word_1_941' title='bbox 2581 5490 2707 5545; x_wconf 84' lang='lat' dir='ltr'><strong>Jud.</strong></span> <span class='ocrx_word' id='word_1_942' title='bbox 2747 5506 2842 5557; x_wconf 84' lang='lat' dir='ltr'><strong>vn,</strong></span> <span class='ocrx_word' id='word_1_943' title='bbox 2880 5493 2935 5542; x_wconf 64' lang='grc' dir='ltr'><strong>ξ.</strong></span> <span class='ocrx_word' id='word_1_944' title='bbox 3009 5489 3054 5519; x_wconf 75' lang='grc' dir='ltr'><strong>³ο</strong></span> <span class='ocrx_word' id='word_1_945' title='bbox 3098 5485 3241 5542; x_wconf 82' lang='lat' dir='ltr'><strong>Psal.</strong></span> <span class='ocrx_word' id='word_1_946' title='bbox 3299 5503 3483 5551; x_wconf 71' lang='lat' dir='ltr'><strong>xxx“,</strong></span> <span class='ocrx_word' id='word_1_947' title='bbox 3535 5483 3615 5538; x_wconf 79' lang='lat' dir='ltr'><strong>l6.</strong></span> 
     </span>
    </p>
   </div>
   <div class='ocr_carea' id='block_1_117' title="bbox 428 5676 3109 5753">
    <p class='ocr_par' dir='ltr' id='par_1_117' title="bbox 428 5676 3109 5753">
     <span class='ocr_line' id='line_1_117' title="bbox 428 5676 3109 5753; baseline 0 -20"><span class='ocrx_word' id='word_1_948' title='bbox 428 5676 521 5747; x_wconf 66' lang='lat' dir='ltr'><strong>(8t)</strong></span> <span class='ocrx_word' id='word_1_949' title='bbox 555 5678 709 5737; x_wconf 86' lang='lat' dir='ltr'><strong>Ltuh.</strong></span> <span class='ocrx_word' id='word_1_950' title='bbox 746 5680 896 5748; x_wconf 87' lang='lat' dir='ltr'><strong>editi,</strong></span> <span class='ocrx_word' id='word_1_951' title='bbox 933 5700 949 5733; x_wconf 87' lang='grc' dir='ltr'><strong>ι</strong></span> <span class='ocrx_word' id='word_1_952' title='bbox 986 5684 1259 5739; x_wconf 77' lang='lat' dir='ltr'><strong>exercitus</strong></span> <span class='ocrx_word' id='word_1_953' title='bbox 1289 5693 1508 5753; x_wconf 81' lang='lat' dir='ltr'><strong>praestat</strong></span> <span class='ocrx_word' id='word_1_954' title='bbox 1537 5692 1591 5740; x_wconf 89' lang='lat' dir='ltr'><strong>ct</strong></span> <span class='ocrx_word' id='word_1_955' title='bbox 1616 5694 1692 5741; x_wconf 87' lang='lat' dir='ltr'><strong>est</strong></span> <span class='ocrx_word' id='word_1_956' title='bbox 1726 5685 1890 5741; x_wconf 89' lang='lat' dir='ltr'><strong>tutior</strong></span> <span class='ocrx_word' id='word_1_957' title='bbox 1920 5684 1986 5740; x_wconf 87' lang='lat' dir='ltr'><strong>ad</strong></span> <span class='ocrx_word' id='word_1_958' title='bbox 2011 5683 2275 5740; x_wconf 72' lang='lat' dir='ltr'><strong>subsidia.</strong></span> <span class='ocrx_word' id='word_1_959' title='bbox 2315 5702 2332 5734; x_wconf 76' lang='grc' dir='ltr'><strong>ι</strong></span> <span class='ocrx_word' id='word_1_960' title='bbox 2372 5683 2496 5737; x_wconf 75' lang='lat' dir='ltr'><strong>.llss.</strong></span> <span class='ocrx_word' id='word_1_961' title='bbox 2536 5695 2586 5737; x_wconf 88' lang='lat' dir='ltr'><strong>ut</strong></span> <span class='ocrx_word' id='word_1_962' title='bbox 2624 5685 2673 5737; x_wconf 89' lang='lat' dir='ltr'><strong>in</strong></span> <span class='ocrx_word' id='word_1_963' title='bbox 2719 5693 2907 5738; x_wconf 70' lang='lat' dir='ltr'><strong>nostro</strong></span> <span class='ocrx_word' id='word_1_964' title='bbox 2936 5690 3109 5736; x_wconf 71' lang='lat' dir='ltr'><strong>textu.</strong></span> 
     </span>
    </p>
   </div>
  </div>
