  <div class='ocr_page' id='page_1' title='image "/cluster/home/n/w/nwhite01/storage/ocr_20150623/12/hvd.32044052796216/499.png"; bbox 0 0 4058 6244; ppageno 0'>
   <div class='ocr_carea' id='block_1_1' title="bbox 520 227 619 281">
    <p class='ocr_par' dir='ltr' id='par_1_1' title="bbox 520 227 619 281">
     <span class='ocr_line' id='line_1_1' title="bbox 520 227 619 281; baseline -0.03 0"><span class='ocrx_word' id='word_1_1' title='bbox 520 227 619 281; x_wconf 78' lang='lat'><strong>987</strong></span> 
     </span>
    </p>
   </div>
   <div class='ocr_carea' id='block_1_2' title="bbox 1996 242 3953 305">
    <p class='ocr_par' dir='ltr' id='par_1_2' title="bbox 1996 242 3953 305">
     <span class='ocr_line' id='line_1_2' title="bbox 1996 242 3953 305; baseline 0.003 -5"><span class='ocrx_word' id='word_1_2' title='bbox 1996 242 2320 300; x_wconf 80' lang='lat' dir='ltr'><strong>ORIGENIS</strong></span> <span class='ocrx_word' id='word_1_3' title='bbox 3869 250 3953 305; x_wconf 84' lang='lat'><strong>983</strong></span> 
     </span>
    </p>
   </div>
   <div class='ocr_carea' id='block_1_3' title="bbox 520 341 3946 429">
    <p class='ocr_par' dir='ltr' id='par_1_3' title="bbox 520 341 3946 429">
     <span class='ocr_line' id='line_1_3' title="bbox 520 341 3946 429; baseline 0.006 -36"><span class='ocrx_word' id='word_1_4' title='bbox 520 341 761 407; x_wconf 74' lang='lat' dir='ltr'><strong>reparari</strong></span> <span class='ocrx_word' id='word_1_5' title='bbox 798 352 848 396; x_wconf 88' lang='lat' dir='ltr'><strong>et</strong></span> <span class='ocrx_word' id='word_1_6' title='bbox 882 345 1109 397; x_wconf 88' lang='lat' dir='ltr'><strong>animari</strong></span> <span class='ocrx_word' id='word_1_7' title='bbox 1138 346 1315 401; x_wconf 87' lang='lat' dir='ltr'><strong>denuo</strong></span> <span class='ocrx_word' id='word_1_8' title='bbox 1348 357 1549 418; x_wconf 87' lang='lat' dir='ltr'><strong>potest.</strong></span> <span class='ocrx_word' id='word_1_9' title='bbox 1581 350 1985 411; x_wconf 88' lang='lat' dir='ltr'><strong>Formidolosns</strong></span> <span class='ocrx_word' id='word_1_10' title='bbox 2020 368 2102 411; x_wconf 82' lang='lat' dir='ltr'><strong>est</strong></span> <span class='ocrx_word' id='word_1_11' title='bbox 2131 364 2173 419; x_wconf 80' lang='grc' dir='ltr'><strong>Α</strong></span> <span class='ocrx_word' id='word_1_12' title='bbox 2206 360 2257 413; x_wconf 92' lang='lat' dir='ltr'><strong>in</strong></span> <span class='ocrx_word' id='word_1_13' title='bbox 2286 360 2374 414; x_wconf 90' lang='lat' dir='ltr'><strong>his</strong></span> <span class='ocrx_word' id='word_1_14' title='bbox 2403 360 2491 428; x_wconf 89' lang='lat' dir='ltr'><strong>qui</strong></span> <span class='ocrx_word' id='word_1_15' title='bbox 2526 360 2759 415; x_wconf 87' lang='lat' dir='ltr'><strong>militant</strong></span> <span class='ocrx_word' id='word_1_16' title='bbox 2782 361 3098 424; x_wconf 84' lang='lat' dir='ltr'><strong>veritati,</strong></span> <span class='ocrx_word' id='word_1_17' title='bbox 3143 361 3273 415; x_wconf 85' lang='lat' dir='ltr'><strong>sed</strong></span> <span class='ocrx_word' id='word_1_18' title='bbox 3308 368 3377 415; x_wconf 88' lang='lat' dir='ltr'><strong>et</strong></span> <span class='ocrx_word' id='word_1_19' title='bbox 3417 360 3529 429; x_wconf 85' lang='lat' dir='ltr'><strong>qui</strong></span> <span class='ocrx_word' id='word_1_20' title='bbox 3566 361 3819 416; x_wconf 85' lang='lat' dir='ltr'><strong>militant</strong></span> <span class='ocrx_word' id='word_1_21' title='bbox 3841 366 3946 427; x_wconf 75' lang='lat' dir='ltr'><strong>Deo,</strong></span> 
     </span>
    </p>
   </div>
   <div class='ocr_carea' id='block_1_4' title="bbox 520 433 2099 509">
    <p class='ocr_par' dir='ltr' id='par_1_4' title="bbox 520 433 2099 509">
     <span class='ocr_line' id='line_1_4' title="bbox 520 433 2099 509; baseline 0.012 -26"><span class='ocrx_word' id='word_1_22' title='bbox 520 444 698 484; x_wconf 77' lang='lat' dir='ltr'><strong>autem</strong></span> <span class='ocrx_word' id='word_1_23' title='bbox 736 433 825 501; x_wconf 86' lang='lat' dir='ltr'><strong>qui</strong></span> <span class='ocrx_word' id='word_1_24' title='bbox 853 434 964 503; x_wconf 84' lang='lat' dir='ltr'><strong>jam</strong></span> <span class='ocrx_word' id='word_1_25' title='bbox 998 439 1150 504; x_wconf 85' lang='lat' dir='ltr'><strong>quasi</strong></span> <span class='ocrx_word' id='word_1_26' title='bbox 1183 438 1518 496; x_wconf 88' lang='lat' dir='ltr'><strong>inolescente</strong></span> <span class='ocrx_word' id='word_1_27' title='bbox 1555 444 1721 509; x_wconf 88' lang='lat' dir='ltr'><strong>vitio,</strong></span> <span class='ocrx_word' id='word_1_28' title='bbox 1753 447 1916 499; x_wconf 85' lang='lat' dir='ltr'><strong>etiam</strong></span> <span class='ocrx_word' id='word_1_29' title='bbox 1946 458 2099 502; x_wconf 85' lang='lat' dir='ltr'><strong>ante-</strong></span> 
     </span>
    </p>
   </div>
   <div class='ocr_carea' id='block_1_5' title="bbox 519 522 2097 606">
    <p class='ocr_par' dir='ltr' id='par_1_5' title="bbox 519 522 2097 606">
     <span class='ocr_line' id='line_1_5' title="bbox 519 522 2097 606; baseline 0.015 -39"><span class='ocrx_word' id='word_1_30' title='bbox 519 534 682 586; x_wconf 83' lang='lat' dir='ltr'><strong>quam</strong></span> <span class='ocrx_word' id='word_1_31' title='bbox 715 522 895 576; x_wconf 88' lang='lat' dir='ltr'><strong>videat</strong></span> <span class='ocrx_word' id='word_1_32' title='bbox 936 524 1071 577; x_wconf 88' lang='lat' dir='ltr'><strong>mala</strong></span> <span class='ocrx_word' id='word_1_33' title='bbox 1096 569 1110 591; x_wconf 88' lang='lat'><strong>,</strong></span> <span class='ocrx_word' id='word_1_34' title='bbox 1148 528 1261 579; x_wconf 89' lang='lat' dir='ltr'><strong>sola</strong></span> <span class='ocrx_word' id='word_1_35' title='bbox 1296 530 1629 599; x_wconf 79' lang='lat' dir='ltr'><strong>cogitatione</strong></span> <span class='ocrx_word' id='word_1_36' title='bbox 1675 541 1932 599; x_wconf 86' lang='lat' dir='ltr'><strong>terretur,</strong></span> <span class='ocrx_word' id='word_1_37' title='bbox 1961 537 2097 606; x_wconf 90' lang='lat' dir='ltr'><strong>geli-</strong></span> 
     </span>
    </p>
   </div>
   <div class='ocr_carea' id='block_1_6' title="bbox 520 614 2097 691">
    <p class='ocr_par' dir='ltr' id='par_1_6' title="bbox 520 614 2097 691">
     <span class='ocr_line' id='line_1_6' title="bbox 520 614 2097 691; baseline 0.01 -24"><span class='ocrx_word' id='word_1_38' title='bbox 520 614 645 668; x_wconf 75' lang='lat' dir='ltr'><strong>dam</strong></span> <span class='ocrx_word' id='word_1_39' title='bbox 693 631 786 684; x_wconf 88' lang='lat' dir='ltr'><strong>per</strong></span> <span class='ocrx_word' id='word_1_40' title='bbox 820 620 1056 672; x_wconf 84' lang='lat' dir='ltr'><strong>membra</strong></span> <span class='ocrx_word' id='word_1_41' title='bbox 1104 620 1449 678; x_wconf 81' lang='lat' dir='ltr'><strong>formidinem</strong></span> <span class='ocrx_word' id='word_1_42' title='bbox 1490 626 1746 691; x_wconf 89' lang='lat' dir='ltr'><strong>volvens,</strong></span> <span class='ocrx_word' id='word_1_43' title='bbox 1779 627 1849 680; x_wconf 85' lang='lat' dir='ltr'><strong>ita</strong></span> <span class='ocrx_word' id='word_1_44' title='bbox 1886 639 1943 682; x_wconf 90' lang='lat' dir='ltr'><strong>ut</strong></span> <span class='ocrx_word' id='word_1_45' title='bbox 1992 645 2097 683; x_wconf 90' lang='lat' dir='ltr'><strong>non</strong></span> 
     </span>
    </p>
   </div>
   <div class='ocr_carea' id='block_1_7' title="bbox 523 713 2096 785">
    <p class='ocr_par' dir='ltr' id='par_1_7' title="bbox 523 713 2096 785">
     <span class='ocr_line' id='line_1_7' title="bbox 523 713 2096 785; baseline 0.013 -27"><span class='ocrx_word' id='word_1_46' title='bbox 523 717 629 759; x_wconf 86' lang='lat' dir='ltr'><strong>tam</strong></span> <span class='ocrx_word' id='word_1_47' title='bbox 671 721 959 777; x_wconf 79' lang='lat' dir='ltr'><strong>conspectu</strong></span> <span class='ocrx_word' id='word_1_48' title='bbox 1004 713 1264 766; x_wconf 88' lang='lat' dir='ltr'><strong>malormn</strong></span> <span class='ocrx_word' id='word_1_49' title='bbox 1289 754 1304 778; x_wconf 93' lang='lat'><strong>,</strong></span> <span class='ocrx_word' id='word_1_50' title='bbox 1336 731 1496 783; x_wconf 89' lang='lat' dir='ltr'><strong>quam</strong></span> <span class='ocrx_word' id='word_1_51' title='bbox 1540 718 1658 785; x_wconf 88' lang='lat' dir='ltr'><strong>ipso</strong></span> <span class='ocrx_word' id='word_1_52' title='bbox 1688 721 1878 773; x_wconf 86' lang='lat' dir='ltr'><strong>auditu</strong></span> <span class='ocrx_word' id='word_1_53' title='bbox 1913 730 1970 775; x_wconf 90' lang='lat' dir='ltr'><strong>et</strong></span> <span class='ocrx_word' id='word_1_54' title='bbox 1999 740 2096 777; x_wconf 75' lang='lat' dir='ltr'><strong>ex-</strong></span> 
     </span>
    </p>
   </div>
   <div class='ocr_carea' id='block_1_8' title="bbox 519 799 2095 869">
    <p class='ocr_par' dir='ltr' id='par_1_8' title="bbox 519 799 2095 869">
     <span class='ocr_line' id='line_1_8' title="bbox 519 799 2095 869; baseline 0.011 -18"><span class='ocrx_word' id='word_1_55' title='bbox 519 799 858 862; x_wconf 84' lang='lat' dir='ltr'><strong>spectatione</strong></span> <span class='ocrx_word' id='word_1_56' title='bbox 900 803 1164 867; x_wconf 77' lang='lat' dir='ltr'><strong>solvatur,</strong></span> <span class='ocrx_word' id='word_1_57' title='bbox 1212 816 1266 859; x_wconf 91' lang='lat' dir='ltr'><strong>et</strong></span> <span class='ocrx_word' id='word_1_58' title='bbox 1319 808 1438 860; x_wconf 91' lang='lat' dir='ltr'><strong>ideo</strong></span> <span class='ocrx_word' id='word_1_59' title='bbox 1477 808 1726 863; x_wconf 87' lang='lat' dir='ltr'><strong>addidit:</strong></span> <span class='ocrx_word' id='word_1_60' title='bbox 1762 830 1778 861; x_wconf 82' lang='grc' dir='ltr'><strong>ι</strong></span> <span class='ocrx_word' id='word_1_61' title='bbox 1812 811 2095 869; x_wconf 57' lang='lat' dir='ltr'><strong>Formido.</strong></span> 
     </span>
    </p>
   </div>
   <div class='ocr_carea' id='block_1_9' title="bbox 518 888 2095 968">
    <p class='ocr_par' dir='ltr' id='par_1_9' title="bbox 518 888 2095 968">
     <span class='ocr_line' id='line_1_9' title="bbox 518 888 2095 968; baseline 0.013 -30"><span class='ocrx_word' id='word_1_62' title='bbox 518 888 665 940; x_wconf 80' lang='lat' dir='ltr'><strong>lusus</strong></span> <span class='ocrx_word' id='word_1_63' title='bbox 688 892 872 945; x_wconf 89' lang='lat' dir='ltr'><strong>corde.</strong></span> <span class='ocrx_word' id='word_1_64' title='bbox 910 912 929 946; x_wconf 74' lang='grc' dir='ltr'><strong>ι</strong></span> <span class='ocrx_word' id='word_1_65' title='bbox 964 894 1018 947; x_wconf 92' lang='lat' dir='ltr'><strong>in</strong></span> <span class='ocrx_word' id='word_1_66' title='bbox 1050 899 1219 952; x_wconf 89' lang='lat' dir='ltr'><strong>corde</strong></span> <span class='ocrx_word' id='word_1_67' title='bbox 1258 901 1530 968; x_wconf 88' lang='lat' dir='ltr'><strong>enimjam</strong></span> <span class='ocrx_word' id='word_1_68' title='bbox 1566 901 1668 954; x_wconf 89' lang='lat' dir='ltr'><strong>hoc</strong></span> <span class='ocrx_word' id='word_1_69' title='bbox 1698 914 1751 955; x_wconf 91' lang='lat' dir='ltr'><strong>ct</strong></span> <span class='ocrx_word' id='word_1_70' title='bbox 1787 905 1837 957; x_wconf 93' lang='lat' dir='ltr'><strong>in</strong></span> <span class='ocrx_word' id='word_1_71' title='bbox 1869 906 2095 959; x_wconf 90' lang='lat' dir='ltr'><strong>interio-</strong></span> 
     </span>
    </p>
   </div>
   <div class='ocr_carea' id='block_1_10' title="bbox 517 978 2093 1068">
    <p class='ocr_par' dir='ltr' id='par_1_10' title="bbox 517 978 2093 1068">
     <span class='ocr_line' id='line_1_10' title="bbox 517 978 2093 1068; baseline 0.014 -39"><span class='ocrx_word' id='word_1_72' title='bbox 517 978 668 1033; x_wconf 89' lang='lat' dir='ltr'><strong>ribus</strong></span> <span class='ocrx_word' id='word_1_73' title='bbox 706 981 871 1036; x_wconf 87' lang='lat' dir='ltr'><strong>animi</strong></span> <span class='ocrx_word' id='word_1_74' title='bbox 910 984 1143 1039; x_wconf 80' lang='lat' dir='ltr'><strong>deﬁxum</strong></span> <span class='ocrx_word' id='word_1_75' title='bbox 1196 988 1383 1042; x_wconf 80' lang='lat' dir='ltr'><strong>vitium</strong></span> <span class='ocrx_word' id='word_1_76' title='bbox 1417 1002 1617 1044; x_wconf 87' lang='lat' dir='ltr'><strong>manet.</strong></span> <span class='ocrx_word' id='word_1_77' title='bbox 1654 992 1787 1047; x_wconf 80' lang='lat' dir='ltr'><strong>Num</strong></span> <span class='ocrx_word' id='word_1_78' title='bbox 1822 1011 1949 1065; x_wconf 84' lang='lat' dir='ltr'><strong>ergo</strong></span> <span class='ocrx_word' id='word_1_79' title='bbox 1980 996 2093 1068; x_wconf 85' lang='lat'><strong>(85)</strong></span> 
     </span>
    </p>
   </div>
   <div class='ocr_carea' id='block_1_11' title="bbox 514 1070 2093 1145">
    <p class='ocr_par' dir='ltr' id='par_1_11' title="bbox 514 1070 2093 1145">
     <span class='ocr_line' id='line_1_11' title="bbox 514 1070 2093 1145; baseline 0.016 -26"><span class='ocrx_word' id='word_1_80' title='bbox 514 1070 747 1125; x_wconf 86' lang='lat' dir='ltr'><strong>dicimus</strong></span> <span class='ocrx_word' id='word_1_81' title='bbox 775 1076 901 1142; x_wconf 88' lang='lat' dir='ltr'><strong>quia</strong></span> <span class='ocrx_word' id='word_1_82' title='bbox 945 1087 1072 1131; x_wconf 93' lang='lat' dir='ltr'><strong>tunc</strong></span> <span class='ocrx_word' id='word_1_83' title='bbox 1111 1086 1483 1137; x_wconf 81' lang='lat' dir='ltr'><strong>tantummodo</strong></span> <span class='ocrx_word' id='word_1_84' title='bbox 1517 1085 1734 1141; x_wconf 85' lang='lat' dir='ltr'><strong>Gedeon</strong></span> <span class='ocrx_word' id='word_1_85' title='bbox 1769 1090 1984 1144; x_wconf 82' lang='lat' dir='ltr'><strong>dicebat</strong></span> <span class='ocrx_word' id='word_1_86' title='bbox 2026 1092 2093 1145; x_wconf 86' lang='lat' dir='ltr'><strong>ad</strong></span> 
     </span>
    </p>
   </div>
   <div class='ocr_carea' id='block_1_12' title="bbox 516 1162 2090 1248">
    <p class='ocr_par' dir='ltr' id='par_1_12' title="bbox 516 1162 2090 1248">
     <span class='ocr_line' id='line_1_12' title="bbox 516 1162 2090 1248; baseline 0.017 -37"><span class='ocrx_word' id='word_1_87' title='bbox 516 1162 767 1227; x_wconf 86' lang='lat' dir='ltr'><strong>populum</strong></span> <span class='ocrx_word' id='word_1_88' title='bbox 794 1182 808 1218; x_wconf 90' lang='lat'><strong>:</strong></span> <span class='ocrx_word' id='word_1_89' title='bbox 845 1167 899 1218; x_wconf 90' lang='lat' dir='ltr'><strong>Si</strong></span> <span class='ocrx_word' id='word_1_90' title='bbox 927 1169 1050 1235; x_wconf 85' lang='lat' dir='ltr'><strong>quis</strong></span> <span class='ocrx_word' id='word_1_91' title='bbox 1070 1180 1155 1224; x_wconf 87' lang='lat' dir='ltr'><strong>est</strong></span> <span class='ocrx_word' id='word_1_92' title='bbox 1178 1174 1396 1230; x_wconf 90' lang='lat' dir='ltr'><strong>timidus</strong></span> <span class='ocrx_word' id='word_1_93' title='bbox 1415 1187 1469 1230; x_wconf 93' lang='lat' dir='ltr'><strong>et</strong></span> <span class='ocrx_word' id='word_1_94' title='bbox 1492 1177 1880 1236; x_wconf 86' lang='lat' dir='ltr'><strong>formidolosus</strong></span> <span class='ocrx_word' id='word_1_95' title='bbox 1908 1186 2090 1248; x_wconf 85' lang='lat' dir='ltr'><strong>corde,</strong></span> 
     </span>
    </p>
   </div>
   <div class='ocr_carea' id='block_1_13' title="bbox 515 1250 2093 1329">
    <p class='ocr_par' dir='ltr' id='par_1_13' title="bbox 515 1250 2093 1329">
     <span class='ocr_line' id='line_1_13' title="bbox 515 1250 2093 1329; baseline 0.017 -30"><span class='ocrx_word' id='word_1_96' title='bbox 515 1250 760 1305; x_wconf 81' lang='lat' dir='ltr'><strong>discedat</strong></span> <span class='ocrx_word' id='word_1_97' title='bbox 799 1268 861 1307; x_wconf 81' lang='lat' dir='ltr'><strong>ex</strong></span> <span class='ocrx_word' id='word_1_98' title='bbox 898 1258 1110 1324; x_wconf 82' lang='lat' dir='ltr'><strong>populis</strong></span> <span class='ocrx_word' id='word_1_99' title='bbox 1133 1298 1147 1322; x_wconf 88' lang='lat'><strong>,</strong></span> <span class='ocrx_word' id='word_1_100' title='bbox 1180 1261 1313 1314; x_wconf 88' lang='lat' dir='ltr'><strong>bella</strong></span> <span class='ocrx_word' id='word_1_101' title='bbox 1346 1266 1595 1329; x_wconf 86' lang='lat' dir='ltr'><strong>deserat.</strong></span> <span class='ocrx_word' id='word_1_102' title='bbox 1621 1272 1922 1324; x_wconf 81' lang='lat' dir='ltr'><strong>certamina</strong></span> <span class='ocrx_word' id='word_1_103' title='bbox 1950 1273 2093 1325; x_wconf 81' lang='lat' dir='ltr'><strong>viro-</strong></span> 
     </span>
    </p>
   </div>
   <div class='ocr_carea' id='block_1_14' title="bbox 518 1342 2092 1432">
    <p class='ocr_par' dir='ltr' id='par_1_14' title="bbox 518 1342 2092 1432">
     <span class='ocr_line' id='line_1_14' title="bbox 518 1342 2092 1432; baseline 0.018 -42"><span class='ocrx_word' id='word_1_104' title='bbox 518 1355 633 1392; x_wconf 81' lang='lat' dir='ltr'><strong>rum</strong></span> <span class='ocrx_word' id='word_1_105' title='bbox 684 1342 906 1398; x_wconf 81' lang='lat' dir='ltr'><strong>fortium</strong></span> <span class='ocrx_word' id='word_1_106' title='bbox 953 1349 1334 1420; x_wconf 81' lang='lat' dir='ltr'><strong>derelinquat?</strong></span> <span class='ocrx_word' id='word_1_107' title='bbox 1384 1356 1518 1411; x_wconf 83' lang='lat' dir='ltr'><strong>Nam</strong></span> <span class='ocrx_word' id='word_1_108' title='bbox 1570 1369 1624 1413; x_wconf 88' lang='lat' dir='ltr'><strong>et</strong></span> <span class='ocrx_word' id='word_1_109' title='bbox 1658 1360 1817 1414; x_wconf 85' lang='lat' dir='ltr'><strong>hodie</strong></span> <span class='ocrx_word' id='word_1_110' title='bbox 1843 1365 2092 1432; x_wconf 83' lang='lat' dir='ltr'><strong>princeps</strong></span> 
     </span>
    </p>
   </div>
   <div class='ocr_carea' id='block_1_15' title="bbox 515 1431 2091 1511">
    <p class='ocr_par' dir='ltr' id='par_1_15' title="bbox 515 1431 2091 1511">
     <span class='ocr_line' id='line_1_15' title="bbox 515 1431 2091 1511; baseline 0.017 -27"><span class='ocrx_word' id='word_1_111' title='bbox 515 1431 723 1485; x_wconf 65' lang='lat' dir='ltr'><strong>tnilitite</strong></span> <span class='ocrx_word' id='word_1_112' title='bbox 764 1446 962 1491; x_wconf 74' lang='lat' dir='ltr'><strong>nostrae</strong></span> <span class='ocrx_word' id='word_1_113' title='bbox 990 1439 1252 1498; x_wconf 88' lang='lat' dir='ltr'><strong>Dominus</strong></span> <span class='ocrx_word' id='word_1_114' title='bbox 1290 1456 1345 1500; x_wconf 90' lang='lat' dir='ltr'><strong>et</strong></span> <span class='ocrx_word' id='word_1_115' title='bbox 1370 1446 1624 1504; x_wconf 78' lang='lat' dir='ltr'><strong>Salvator</strong></span> <span class='ocrx_word' id='word_1_116' title='bbox 1645 1451 1805 1507; x_wconf 82' lang='lat' dir='ltr'><strong>Jesns</strong></span> <span class='ocrx_word' id='word_1_117' title='bbox 1845 1454 2091 1511; x_wconf 84' lang='lat' dir='ltr'><strong>Christus</strong></span> 
     </span>
    </p>
   </div>
   <div class='ocr_carea' id='block_1_16' title="bbox 511 1519 2092 1612">
    <p class='ocr_par' dir='ltr' id='par_1_16' title="bbox 511 1519 2092 1612">
     <span class='ocr_line' id='line_1_16' title="bbox 511 1519 2092 1612; baseline 0.019 -42"><span class='ocrx_word' id='word_1_118' title='bbox 511 1519 711 1574; x_wconf 89' lang='lat' dir='ltr'><strong>clamat</strong></span> <span class='ocrx_word' id='word_1_119' title='bbox 751 1524 820 1577; x_wconf 89' lang='lat' dir='ltr'><strong>ad</strong></span> <span class='ocrx_word' id='word_1_120' title='bbox 866 1528 1063 1583; x_wconf 89' lang='lat' dir='ltr'><strong>milites</strong></span> <span class='ocrx_word' id='word_1_121' title='bbox 1103 1545 1232 1587; x_wconf 83' lang='lat' dir='ltr'><strong>suos</strong></span> <span class='ocrx_word' id='word_1_122' title='bbox 1260 1532 1372 1605; x_wconf 87' lang='lat'><strong>(86)</strong></span> <span class='ocrx_word' id='word_1_123' title='bbox 1411 1548 1465 1591; x_wconf 87' lang='lat' dir='ltr'><strong>et</strong></span> <span class='ocrx_word' id='word_1_124' title='bbox 1493 1540 1665 1595; x_wconf 89' lang='lat' dir='ltr'><strong>dicit:</strong></span> <span class='ocrx_word' id='word_1_125' title='bbox 1695 1543 1751 1596; x_wconf 89' lang='lat' dir='ltr'><strong>Si</strong></span> <span class='ocrx_word' id='word_1_126' title='bbox 1796 1545 1918 1612; x_wconf 86' lang='lat' dir='ltr'><strong>quis</strong></span> <span class='ocrx_word' id='word_1_127' title='bbox 1950 1546 2092 1599; x_wconf 63' lang='lat' dir='ltr'><strong>timio</strong></span> 
     </span>
    </p>
   </div>
   <div class='ocr_carea' id='block_1_17' title="bbox 511 1607 2087 1691">
    <p class='ocr_par' dir='ltr' id='par_1_17' title="bbox 511 1607 2087 1691">
     <span class='ocr_line' id='line_1_17' title="bbox 511 1607 2087 1691; baseline 0.019 -30"><span class='ocrx_word' id='word_1_128' title='bbox 511 1607 612 1663; x_wconf 88' lang='lat' dir='ltr'><strong>dus</strong></span> <span class='ocrx_word' id='word_1_129' title='bbox 642 1622 695 1665; x_wconf 90' lang='lat' dir='ltr'><strong>et</strong></span> <span class='ocrx_word' id='word_1_130' title='bbox 727 1612 1110 1675; x_wconf 86' lang='lat' dir='ltr'><strong>formidolosus</strong></span> <span class='ocrx_word' id='word_1_131' title='bbox 1155 1625 1321 1678; x_wconf 86' lang='lat' dir='ltr'><strong>corde</strong></span> <span class='ocrx_word' id='word_1_132' title='bbox 1365 1638 1481 1691; x_wconf 88' lang='lat' dir='ltr'><strong>est,</strong></span> <span class='ocrx_word' id='word_1_133' title='bbox 1529 1632 1597 1683; x_wconf 90' lang='lat' dir='ltr'><strong>ad</strong></span> <span class='ocrx_word' id='word_1_134' title='bbox 1640 1648 1758 1686; x_wconf 88' lang='lat' dir='ltr'><strong>mea</strong></span> <span class='ocrx_word' id='word_1_135' title='bbox 1809 1634 1944 1688; x_wconf 82' lang='lat' dir='ltr'><strong>bella</strong></span> <span class='ocrx_word' id='word_1_136' title='bbox 1983 1652 2087 1690; x_wconf 92' lang='lat' dir='ltr'><strong>non</strong></span> 
     </span>
    </p>
   </div>
   <div class='ocr_carea' id='block_1_18' title="bbox 2203 450 3941 521">
    <p class='ocr_par' dir='ltr' id='par_1_18' title="bbox 2203 450 3941 521">
     <span class='ocr_line' id='line_1_18' title="bbox 2203 450 3941 521; baseline 0.004 -21"><span class='ocrx_word' id='word_1_137' title='bbox 2203 464 2307 501; x_wconf 90' lang='lat' dir='ltr'><strong>non</strong></span> <span class='ocrx_word' id='word_1_138' title='bbox 2338 450 2604 516; x_wconf 90' lang='lat' dir='ltr'><strong>corporis,</strong></span> <span class='ocrx_word' id='word_1_139' title='bbox 2643 451 2737 505; x_wconf 90' lang='lat' dir='ltr'><strong>sed</strong></span> <span class='ocrx_word' id='word_1_140' title='bbox 2771 450 2977 503; x_wconf 85' lang='lat' dir='ltr'><strong>animi</strong></span> <span class='ocrx_word' id='word_1_141' title='bbox 3050 451 3407 504; x_wconf 75' lang='lat' dir='ltr'><strong>fortitudo</strong></span> <span class='ocrx_word' id='word_1_142' title='bbox 3446 452 3776 519; x_wconf 87' lang='lat' dir='ltr'><strong>requiritur</strong></span> <span class='ocrx_word' id='word_1_143' title='bbox 3803 476 3814 507; x_wconf 87' lang='lat'><em>:</em></span> <span class='ocrx_word' id='word_1_144' title='bbox 3841 470 3941 521; x_wconf 75' lang='lat' dir='ltr'><strong>quia</strong></span> 
     </span>
    </p>
   </div>
   <div class='ocr_carea' id='block_1_19' title="bbox 2202 538 3937 611">
    <p class='ocr_par' dir='ltr' id='par_1_19' title="bbox 2202 538 3937 611">
     <span class='ocr_line' id='line_1_19' title="bbox 2202 538 3937 611; baseline 0.004 -22"><span class='ocrx_word' id='word_1_145' title='bbox 2202 538 2528 607; x_wconf 86' lang='lat' dir='ltr'><strong>nonjaculis</strong></span> <span class='ocrx_word' id='word_1_146' title='bbox 2586 539 2799 604; x_wconf 87' lang='lat' dir='ltr'><strong>ferreis,</strong></span> <span class='ocrx_word' id='word_1_147' title='bbox 2846 541 2994 611; x_wconf 69' lang='lat' dir='ltr'><strong>sed</strong></span> <span class='ocrx_word' id='word_1_148' title='bbox 3062 540 3468 595; x_wconf 83' lang='lat' dir='ltr'><strong>orationum</strong></span> <span class='ocrx_word' id='word_1_149' title='bbox 3538 541 3680 595; x_wconf 85' lang='lat' dir='ltr'><strong>telis</strong></span> <span class='ocrx_word' id='word_1_150' title='bbox 3738 543 3937 596; x_wconf 72' lang='lat' dir='ltr'><strong>vit-toria</strong></span> 
     </span>
    </p>
   </div>
   <div class='ocr_carea' id='block_1_20' title="bbox 2200 633 3933 703">
    <p class='ocr_par' dir='ltr' id='par_1_20' title="bbox 2200 633 3933 703">
     <span class='ocr_line' id='line_1_20' title="bbox 2200 633 3933 703; baseline 0.006 -20"><span class='ocrx_word' id='word_1_151' title='bbox 2200 633 2482 699; x_wconf 66' lang='lat' dir='ltr'><strong>quaeritur,</strong></span> <span class='ocrx_word' id='word_1_152' title='bbox 2514 643 2567 687; x_wconf 87' lang='lat' dir='ltr'><strong>et</strong></span> <span class='ocrx_word' id='word_1_153' title='bbox 2596 634 2727 688; x_wconf 88' lang='lat' dir='ltr'><strong>fides</strong></span> <span class='ocrx_word' id='word_1_154' title='bbox 2753 644 2833 689; x_wconf 86' lang='lat' dir='ltr'><strong>est</strong></span> <span class='ocrx_word' id='word_1_155' title='bbox 2862 651 3037 703; x_wconf 72' lang='lat' dir='ltr'><strong>qua:</strong></span> <span class='ocrx_word' id='word_1_156' title='bbox 3090 634 3163 688; x_wconf 83' lang='lat' dir='ltr'><strong>in</strong></span> <span class='ocrx_word' id='word_1_157' title='bbox 3200 636 3584 689; x_wconf 84' lang='lat' dir='ltr'><strong>certamine</strong></span> <span class='ocrx_word' id='word_1_158' title='bbox 3611 636 3933 694; x_wconf 78' lang='lat' dir='ltr'><strong>tolerantiam</strong></span> 
     </span>
    </p>
   </div>
   <div class='ocr_carea' id='block_1_21' title="bbox 2200 724 3929 795">
    <p class='ocr_par' dir='ltr' id='par_1_21' title="bbox 2200 724 3929 795">
     <span class='ocr_line' id='line_1_21' title="bbox 2200 724 3929 795; baseline 0.008 -21"><span class='ocrx_word' id='word_1_159' title='bbox 2200 724 2421 790; x_wconf 73' lang='lat' dir='ltr'><strong>przebet.</strong></span> <span class='ocrx_word' id='word_1_160' title='bbox 2455 724 2607 779; x_wconf 84' lang='lat' dir='ltr'><strong>Unde</strong></span> <span class='ocrx_word' id='word_1_161' title='bbox 2636 734 2689 779; x_wconf 89' lang='lat' dir='ltr'><strong>et</strong></span> <span class='ocrx_word' id='word_1_162' title='bbox 2719 737 2965 780; x_wconf 85' lang='lat' dir='ltr'><strong>sanctus</strong></span> <span class='ocrx_word' id='word_1_163' title='bbox 3004 727 3397 795; x_wconf 84' lang='lat' dir='ltr'><strong>Apostolus</strong></span> <span class='ocrx_word' id='word_1_164' title='bbox 3455 729 3533 779; x_wconf 86' lang='lat' dir='ltr'><strong>ad</strong></span> <span class='ocrx_word' id='word_1_165' title='bbox 3565 728 3929 794; x_wconf 76' lang='lat' dir='ltr'><strong>hujuscemodi</strong></span> 
     </span>
    </p>
   </div>
   <div class='ocr_carea' id='block_1_22' title="bbox 2198 810 3925 874">
    <p class='ocr_par' dir='ltr' id='par_1_22' title="bbox 2198 810 3925 874">
     <span class='ocr_line' id='line_1_22' title="bbox 2198 810 3925 874; baseline 0.007 -12"><span class='ocrx_word' id='word_1_166' title='bbox 2198 810 2334 864; x_wconf 81' lang='lat' dir='ltr'><strong>bella</strong></span> <span class='ocrx_word' id='word_1_167' title='bbox 2365 813 2532 865; x_wconf 85' lang='lat' dir='ltr'><strong>armis</strong></span> <span class='ocrx_word' id='word_1_168' title='bbox 2555 814 3062 868; x_wconf 80' lang='lat' dir='ltr'><strong>convenientibus</strong></span> <span class='ocrx_word' id='word_1_169' title='bbox 3111 815 3406 868; x_wconf 85' lang='lat' dir='ltr'><strong>instruit</strong></span> <span class='ocrx_word' id='word_1_170' title='bbox 3480 816 3707 869; x_wconf 81' lang='lat' dir='ltr'><strong>milites</strong></span> <span class='ocrx_word' id='word_1_171' title='bbox 3752 816 3843 872; x_wconf 84' lang='lat' dir='ltr'><strong>Dei</strong></span> <span class='ocrx_word' id='word_1_172' title='bbox 3863 822 3925 874; x_wconf 84' lang='lat' dir='ltr'><strong>di-</strong></span> 
     </span>
    </p>
   </div>
   <div class='ocr_carea' id='block_1_23' title="bbox 2198 904 3918 975">
    <p class='ocr_par' dir='ltr' id='par_1_23' title="bbox 2198 904 3918 975">
     <span class='ocr_line' id='line_1_23' title="bbox 2198 904 3918 975; baseline 0.006 -20"><span class='ocrx_word' id='word_1_173' title='bbox 2198 917 2326 956; x_wconf 84' lang='lat' dir='ltr'><strong>cens</strong></span> <span class='ocrx_word' id='word_1_174' title='bbox 2358 904 2443 954; x_wconf 83' lang='grc'><strong>³⁸;</strong></span> <span class='ocrx_word' id='word_1_175' title='bbox 2483 921 2501 955; x_wconf 74' lang='grc' dir='ltr'><strong>ι</strong></span> <span class='ocrx_word' id='word_1_176' title='bbox 2540 904 2691 959; x_wconf 89' lang='lat' dir='ltr'><strong>State</strong></span> <span class='ocrx_word' id='word_1_177' title='bbox 2746 920 2874 975; x_wconf 87' lang='lat' dir='ltr'><strong>ergo</strong></span> <span class='ocrx_word' id='word_1_178' title='bbox 2946 908 3183 961; x_wconf 83' lang='lat' dir='ltr'><strong>induti</strong></span> <span class='ocrx_word' id='word_1_179' title='bbox 3251 906 3528 960; x_wconf 82' lang='lat' dir='ltr'><strong>loricam</strong></span> <span class='ocrx_word' id='word_1_180' title='bbox 3581 906 3832 974; x_wconf 67' lang='lat' dir='ltr'><strong>justitiz,</strong></span> <span class='ocrx_word' id='word_1_181' title='bbox 3875 924 3918 966; x_wconf 86' lang='lat' dir='ltr'><strong>et</strong></span> 
     </span>
    </p>
   </div>
   <div class='ocr_carea' id='block_1_24' title="bbox 2197 995 3910 1070">
    <p class='ocr_par' dir='ltr' id='par_1_24' title="bbox 2197 995 3910 1070">
     <span class='ocr_line' id='line_1_24' title="bbox 2197 995 3910 1070; baseline 0.005 -23"><span class='ocrx_word' id='word_1_182' title='bbox 2197 995 2463 1048; x_wconf 84' lang='lat' dir='ltr'><strong>succincti</strong></span> <span class='ocrx_word' id='word_1_183' title='bbox 2497 995 2709 1051; x_wconf 84' lang='lat' dir='ltr'><strong>lumbos</strong></span> <span class='ocrx_word' id='word_1_184' title='bbox 2740 1009 2970 1052; x_wconf 86' lang='lat' dir='ltr'><strong>vestros</strong></span> <span class='ocrx_word' id='word_1_185' title='bbox 3011 997 3082 1050; x_wconf 84' lang='lat' dir='ltr'><strong>in</strong></span> <span class='ocrx_word' id='word_1_186' title='bbox 3137 999 3466 1061; x_wconf 80' lang='lat' dir='ltr'><strong>veritate,</strong></span> <span class='ocrx_word' id='word_1_187' title='bbox 3511 999 3621 1052; x_wconf 84' lang='lat' dir='ltr'><strong>sed</strong></span> <span class='ocrx_word' id='word_1_188' title='bbox 3651 1007 3708 1053; x_wconf 87' lang='lat' dir='ltr'><strong>et</strong></span> <span class='ocrx_word' id='word_1_189' title='bbox 3731 1001 3910 1070; x_wconf 77' lang='lat' dir='ltr'><strong>galeam</strong></span> 
     </span>
    </p>
   </div>
   <div class='ocr_carea' id='block_1_25' title="bbox 2196 1086 3901 1160">
    <p class='ocr_par' dir='ltr' id='par_1_25' title="bbox 2196 1086 3901 1160">
     <span class='ocr_line' id='line_1_25' title="bbox 2196 1086 3901 1160; baseline 0.005 -21"><span class='ocrx_word' id='word_1_190' title='bbox 2196 1086 2387 1139; x_wconf 84' lang='lat' dir='ltr'><strong>salutis</strong></span> <span class='ocrx_word' id='word_1_191' title='bbox 2410 1089 2664 1156; x_wconf 80' lang='lat' dir='ltr'><strong>accipite,</strong></span> <span class='ocrx_word' id='word_1_192' title='bbox 2699 1101 2753 1144; x_wconf 93' lang='lat' dir='ltr'><strong>et</strong></span> <span class='ocrx_word' id='word_1_193' title='bbox 2800 1091 3095 1160; x_wconf 83' lang='lat' dir='ltr'><strong>gladium</strong></span> <span class='ocrx_word' id='word_1_194' title='bbox 3159 1092 3446 1159; x_wconf 82' lang='lat' dir='ltr'><strong>spiritus</strong></span> <span class='ocrx_word' id='word_1_195' title='bbox 3488 1110 3506 1145; x_wconf 93' lang='lat'><strong><em>:</em></strong></span> <span class='ocrx_word' id='word_1_196' title='bbox 3548 1107 3727 1156; x_wconf 81' lang='lat' dir='ltr'><strong>super</strong></span> <span class='ocrx_word' id='word_1_197' title='bbox 3753 1096 3901 1149; x_wconf 84' lang='lat' dir='ltr'><strong>omnia</strong></span> 
     </span>
    </p>
   </div>
   <div class='ocr_carea' id='block_1_26' title="bbox 2196 1183 3898 1253">
    <p class='ocr_par' dir='ltr' id='par_1_26' title="bbox 2196 1183 3898 1253">
     <span class='ocr_line' id='line_1_26' title="bbox 2196 1183 3898 1253; baseline 0.006 -23"><span class='ocrx_word' id='word_1_198' title='bbox 2196 1188 2375 1232; x_wconf 88' lang='lat' dir='ltr'><strong>autem</strong></span> <span class='ocrx_word' id='word_1_199' title='bbox 2398 1191 2608 1234; x_wconf 78' lang='lat' dir='ltr'><strong>srutum</strong></span> <span class='ocrx_word' id='word_1_200' title='bbox 2646 1183 2770 1236; x_wconf 88' lang='lat' dir='ltr'><strong>fidei</strong></span> <span class='ocrx_word' id='word_1_201' title='bbox 2800 1186 3146 1248; x_wconf 83' lang='lat' dir='ltr'><strong>assumite,</strong></span> <span class='ocrx_word' id='word_1_202' title='bbox 3182 1187 3251 1237; x_wconf 89' lang='lat' dir='ltr'><strong>iu</strong></span> <span class='ocrx_word' id='word_1_203' title='bbox 3293 1198 3429 1251; x_wconf 90' lang='lat' dir='ltr'><strong>quo</strong></span> <span class='ocrx_word' id='word_1_204' title='bbox 3468 1184 3721 1251; x_wconf 81' lang='lat' dir='ltr'><strong>possitis</strong></span> <span class='ocrx_word' id='word_1_205' title='bbox 3754 1185 3898 1253; x_wconf 71' lang='lat' dir='ltr'><strong>iacula</strong></span> 
     </span>
    </p>
   </div>
   <div class='ocr_carea' id='block_1_27' title="bbox 2196 1270 3888 1344">
    <p class='ocr_par' dir='ltr' id='par_1_27' title="bbox 2196 1270 3888 1344">
     <span class='ocr_line' id='line_1_27' title="bbox 2196 1270 3888 1344; baseline 0.005 -22"><span class='ocrx_word' id='word_1_206' title='bbox 2196 1270 2411 1341; x_wconf 78' lang='lat' dir='ltr'><strong>maligni</strong></span> <span class='ocrx_word' id='word_1_207' title='bbox 2442 1273 2606 1342; x_wconf 84' lang='lat' dir='ltr'><strong>ignita</strong></span> <span class='ocrx_word' id='word_1_208' title='bbox 2630 1276 3026 1344; x_wconf 75' lang='lat' dir='ltr'><strong>exstinguere,</strong></span> <span class='ocrx_word' id='word_1_209' title='bbox 3071 1277 3199 1331; x_wconf 83' lang='lat' dir='ltr'><strong>sed</strong></span> <span class='ocrx_word' id='word_1_210' title='bbox 3263 1285 3331 1329; x_wconf 87' lang='lat' dir='ltr'><strong>et</strong></span> <span class='ocrx_word' id='word_1_211' title='bbox 3371 1275 3641 1330; x_wconf 87' lang='lat' dir='ltr'><strong>calceati</strong></span> <span class='ocrx_word' id='word_1_212' title='bbox 3673 1277 3826 1344; x_wconf 81' lang='lat' dir='ltr'><strong>pedes</strong></span> <span class='ocrx_word' id='word_1_213' title='bbox 3850 1280 3888 1331; x_wconf 83' lang='lat' dir='ltr'><strong>iu</strong></span> 
     </span>
    </p>
   </div>
   <div class='ocr_carea' id='block_1_28' title="bbox 2192 1364 3885 1433">
    <p class='ocr_par' dir='ltr' id='par_1_28' title="bbox 2192 1364 3885 1433">
     <span class='ocr_line' id='line_1_28' title="bbox 2192 1364 3885 1433; baseline 0.004 -21"><span class='ocrx_word' id='word_1_214' title='bbox 2192 1364 2585 1429; x_wconf 63' lang='lat' dir='ltr'><strong>praeparatione</strong></span> <span class='ocrx_word' id='word_1_215' title='bbox 2610 1364 2881 1433; x_wconf 76' lang='lat' dir='ltr'><strong>Evangelii</strong></span> <span class='ocrx_word' id='word_1_216' title='bbox 2918 1366 3122 1433; x_wconf 82' lang='lat' dir='ltr'><strong>pacis</strong></span> <span class='ocrx_word' id='word_1_217' title='bbox 3150 1384 3167 1429; x_wconf 90' lang='lat'><strong>;</strong></span> <span class='ocrx_word' id='word_1_218' title='bbox 3218 1385 3243 1418; x_wconf 73' lang='grc' dir='ltr'><strong>ι</strong></span> <span class='ocrx_word' id='word_1_219' title='bbox 3287 1376 3357 1419; x_wconf 88' lang='lat' dir='ltr'><strong>et</strong></span> <span class='ocrx_word' id='word_1_220' title='bbox 3386 1368 3513 1420; x_wconf 88' lang='lat' dir='ltr'><strong>hoc</strong></span> <span class='ocrx_word' id='word_1_221' title='bbox 3545 1368 3721 1419; x_wconf 88' lang='lat' dir='ltr'><strong>modo</strong></span> <span class='ocrx_word' id='word_1_222' title='bbox 3742 1381 3885 1419; x_wconf 80' lang='lat' dir='ltr'><strong>ams-</strong></span> 
     </span>
    </p>
   </div>
   <div class='ocr_carea' id='block_1_29' title="bbox 2196 1453 3871 1528">
    <p class='ocr_par' dir='ltr' id='par_1_29' title="bbox 2196 1453 3871 1528">
     <span class='ocr_line' id='line_1_29' title="bbox 2196 1453 3871 1528; baseline 0.006 -25"><span class='ocrx_word' id='word_1_223' title='bbox 2196 1459 2279 1505; x_wconf 91' lang='lat' dir='ltr'><strong>tos</strong></span> <span class='ocrx_word' id='word_1_224' title='bbox 2310 1453 2496 1509; x_wconf 89' lang='lat' dir='ltr'><strong>tollere</strong></span> <span class='ocrx_word' id='word_1_225' title='bbox 2552 1456 2807 1510; x_wconf 83' lang='lat' dir='ltr'><strong>vexillum</strong></span> <span class='ocrx_word' id='word_1_226' title='bbox 2844 1459 3060 1513; x_wconf 86' lang='lat' dir='ltr'><strong>crucis</strong></span> <span class='ocrx_word' id='word_1_227' title='bbox 3139 1454 3430 1521; x_wconf 85' lang='lat' dir='ltr'><strong>Christi,</strong></span> <span class='ocrx_word' id='word_1_228' title='bbox 3473 1468 3535 1513; x_wconf 89' lang='lat' dir='ltr'><strong>et</strong></span> <span class='ocrx_word' id='word_1_229' title='bbox 3572 1459 3733 1528; x_wconf 86' lang='lat' dir='ltr'><strong>sequi</strong></span> <span class='ocrx_word' id='word_1_230' title='bbox 3759 1474 3871 1513; x_wconf 68' lang='lat' dir='ltr'><strong>eam.</strong></span> 
     </span>
    </p>
   </div>
   <div class='ocr_carea' id='block_1_30' title="bbox 2194 1543 3875 1614">
    <p class='ocr_par' dir='ltr' id='par_1_30' title="bbox 2194 1543 3875 1614">
     <span class='ocr_line' id='line_1_30' title="bbox 2194 1543 3875 1614; baseline 0.006 -19"><span class='ocrx_word' id='word_1_231' title='bbox 2194 1543 2342 1599; x_wconf 85' lang='lat' dir='ltr'><strong>Licet</strong></span> <span class='ocrx_word' id='word_1_232' title='bbox 2368 1557 2543 1600; x_wconf 89' lang='lat' dir='ltr'><strong>tamen</strong></span> <span class='ocrx_word' id='word_1_233' title='bbox 2569 1551 2730 1602; x_wconf 88' lang='lat' dir='ltr'><strong>etiam</strong></span> <span class='ocrx_word' id='word_1_234' title='bbox 2763 1552 2863 1604; x_wconf 85' lang='lat' dir='ltr'><strong>hoc</strong></span> <span class='ocrx_word' id='word_1_235' title='bbox 2895 1551 2947 1604; x_wconf 91' lang='lat' dir='ltr'><strong>in</strong></span> <span class='ocrx_word' id='word_1_236' title='bbox 2989 1551 3243 1604; x_wconf 78' lang='lat' dir='ltr'><strong>militia</strong></span> <span class='ocrx_word' id='word_1_237' title='bbox 3273 1549 3553 1614; x_wconf 85' lang='lat' dir='ltr'><strong>Christi,</strong></span> <span class='ocrx_word' id='word_1_238' title='bbox 3610 1559 3673 1603; x_wconf 92' lang='lat' dir='ltr'><strong>ut</strong></span> <span class='ocrx_word' id='word_1_239' title='bbox 3701 1551 3743 1603; x_wconf 92' lang='lat' dir='ltr'><strong>si</strong></span> <span class='ocrx_word' id='word_1_240' title='bbox 3767 1549 3875 1605; x_wconf 77' lang='lat' dir='ltr'><strong>forte</strong></span> 
     </span>
    </p>
   </div>
   <div class='ocr_carea' id='block_1_31' title="bbox 2191 1634 3856 1708">
    <p class='ocr_par' dir='ltr' id='par_1_31' title="bbox 2191 1634 3856 1708">
     <span class='ocr_line' id='line_1_31' title="bbox 2191 1634 3856 1708; baseline 0.005 -23"><span class='ocrx_word' id='word_1_241' title='bbox 2191 1634 2481 1704; x_wconf 85' lang='lat' dir='ltr'><strong>aliquando</strong></span> <span class='ocrx_word' id='word_1_242' title='bbox 2512 1638 2822 1695; x_wconf 86' lang='lat' dir='ltr'><strong>inferiorem</strong></span> <span class='ocrx_word' id='word_1_243' title='bbox 2874 1649 2925 1696; x_wconf 93' lang='lat' dir='ltr'><strong>te</strong></span> <span class='ocrx_word' id='word_1_244' title='bbox 2963 1640 3238 1695; x_wconf 82' lang='lat' dir='ltr'><strong>viribus</strong></span> <span class='ocrx_word' id='word_1_245' title='bbox 3295 1641 3584 1696; x_wconf 85' lang='lat' dir='ltr'><strong>senseris</strong></span> <span class='ocrx_word' id='word_1_246' title='bbox 3617 1641 3675 1695; x_wconf 89' lang='lat' dir='ltr'><strong>in</strong></span> <span class='ocrx_word' id='word_1_247' title='bbox 3708 1655 3856 1708; x_wconf 79' lang='lat' dir='ltr'><strong>pet-se-</strong></span> 
     </span>
    </p>
   </div>
   <div class='ocr_carea' id='block_1_32' title="bbox 508 1698 3857 1800">
    <p class='ocr_par' dir='ltr' id='par_1_32' title="bbox 508 1698 3857 1800">
     <span class='ocr_line' id='line_1_32' title="bbox 508 1698 3857 1800; baseline 0.012 -48"><span class='ocrx_word' id='word_1_248' title='bbox 508 1698 672 1769; x_wconf 71' lang='grc'><strong>477</strong></span> <span class='ocrx_word' id='word_1_249' title='bbox 706 1705 904 1759; x_wconf 81' lang='lat' dir='ltr'><strong>veniat.</strong></span> <span class='ocrx_word' id='word_1_250' title='bbox 932 1706 1045 1764; x_wconf 85' lang='lat' dir='ltr'><strong>[loc</strong></span> <span class='ocrx_word' id='word_1_251' title='bbox 1074 1712 1217 1765; x_wconf 92' lang='lat' dir='ltr'><strong>enim</strong></span> <span class='ocrx_word' id='word_1_252' title='bbox 1249 1723 1332 1767; x_wconf 86' lang='lat' dir='ltr'><strong>est</strong></span> <span class='ocrx_word' id='word_1_253' title='bbox 1359 1718 1503 1784; x_wconf 89' lang='lat' dir='ltr'><strong>quod</strong></span> <span class='ocrx_word' id='word_1_254' title='bbox 1535 1721 1754 1787; x_wconf 89' lang='lat' dir='ltr'><strong>quidem</strong></span> <span class='ocrx_word' id='word_1_255' title='bbox 1791 1724 1913 1778; x_wconf 84' lang='lat' dir='ltr'><strong>aliis</strong></span> <span class='ocrx_word' id='word_1_256' title='bbox 1967 1741 2088 1779; x_wconf 90' lang='lat' dir='ltr'><strong>ver-</strong></span> <span class='ocrx_word' id='word_1_257' title='bbox 2124 1707 2166 1761; x_wconf 73' lang='grc' dir='ltr'><strong><em>Β</em></strong></span> <span class='ocrx_word' id='word_1_258' title='bbox 2196 1698 2522 1792; x_wconf 85' lang='lat' dir='ltr'><strong>cutionibus,</strong></span> <span class='ocrx_word' id='word_1_259' title='bbox 2552 1738 2609 1783; x_wconf 88' lang='lat' dir='ltr'><strong>et</strong></span> <span class='ocrx_word' id='word_1_260' title='bbox 2636 1744 2740 1783; x_wconf 91' lang='lat' dir='ltr'><strong>non</strong></span> <span class='ocrx_word' id='word_1_261' title='bbox 2771 1746 2990 1800; x_wconf 71' lang='lat' dir='ltr'><strong>teququ</strong></span> <span class='ocrx_word' id='word_1_262' title='bbox 3037 1734 3164 1787; x_wconf 85' lang='lat' dir='ltr'><strong>tibi</strong></span> <span class='ocrx_word' id='word_1_263' title='bbox 3206 1734 3557 1787; x_wconf 86' lang='lat' dir='ltr'><strong>adversum</strong></span> <span class='ocrx_word' id='word_1_264' title='bbox 3586 1730 3857 1787; x_wconf 45' lang='lat' dir='ltr'><strong>crudeli“.</strong></span> 
     </span>
    </p>
   </div>
   <div class='ocr_carea' id='block_1_33' title="bbox 510 1790 2086 1882">
    <p class='ocr_par' dir='ltr' id='par_1_33' title="bbox 510 1790 2086 1882">
     <span class='ocr_line' id='line_1_33' title="bbox 510 1790 2086 1882; baseline 0.021 -43"><span class='ocrx_word' id='word_1_265' title='bbox 510 1790 591 1841; x_wconf 81' lang='lat' dir='ltr'><strong>lHS</strong></span> <span class='ocrx_word' id='word_1_266' title='bbox 621 1791 811 1846; x_wconf 86' lang='lat' dir='ltr'><strong>eodem</strong></span> <span class='ocrx_word' id='word_1_267' title='bbox 850 1804 1029 1852; x_wconf 89' lang='lat' dir='ltr'><strong>tamen</strong></span> <span class='ocrx_word' id='word_1_268' title='bbox 1062 1814 1225 1857; x_wconf 88' lang='lat' dir='ltr'><strong>sensu</strong></span> <span class='ocrx_word' id='word_1_269' title='bbox 1261 1803 1314 1857; x_wconf 93' lang='lat' dir='ltr'><strong>in</strong></span> <span class='ocrx_word' id='word_1_270' title='bbox 1340 1804 1636 1875; x_wconf 84' lang='lat' dir='ltr'><strong>Evangelio</strong></span> <span class='ocrx_word' id='word_1_271' title='bbox 1667 1811 1798 1866; x_wconf 90' lang='lat' dir='ltr'><strong>dicit</strong></span> <span class='ocrx_word' id='word_1_272' title='bbox 1818 1813 1862 1844; x_wconf 79' lang='lat'>“</span> <span class='ocrx_word' id='word_1_273' title='bbox 1903 1832 1957 1868; x_wconf 71' lang='grc' dir='ltr'>τι</span> <span class='ocrx_word' id='word_1_274' title='bbox 1985 1816 2086 1882; x_wconf 84' lang='lat' dir='ltr'><strong>Qui</strong></span> 
     </span>
    </p>
   </div>
   <div class='ocr_carea' id='block_1_34' title="bbox 509 1883 2089 1968">
    <p class='ocr_par' dir='ltr' id='par_1_34' title="bbox 509 1883 2089 1968">
     <span class='ocr_line' id='line_1_34' title="bbox 509 1883 2089 1968; baseline 0.019 -37"><span class='ocrx_word' id='word_1_275' title='bbox 509 1894 615 1933; x_wconf 89' lang='lat' dir='ltr'><strong>non</strong></span> <span class='ocrx_word' id='word_1_276' title='bbox 652 1883 787 1936; x_wconf 78' lang='lat' dir='ltr'><strong>tollit</strong></span> <span class='ocrx_word' id='word_1_277' title='bbox 810 1902 1029 1943; x_wconf 89' lang='lat' dir='ltr'><strong>crucem</strong></span> <span class='ocrx_word' id='word_1_278' title='bbox 1060 1905 1212 1945; x_wconf 89' lang='lat' dir='ltr'><strong>suam</strong></span> <span class='ocrx_word' id='word_1_279' title='bbox 1248 1904 1302 1948; x_wconf 90' lang='lat' dir='ltr'><strong>et</strong></span> <span class='ocrx_word' id='word_1_280' title='bbox 1332 1898 1584 1965; x_wconf 88' lang='lat' dir='ltr'><strong>sequitur</strong></span> <span class='ocrx_word' id='word_1_281' title='bbox 1609 1914 1717 1968; x_wconf 88' lang='lat' dir='ltr'><strong>me,</strong></span> <span class='ocrx_word' id='word_1_282' title='bbox 1762 1918 1866 1958; x_wconf 92' lang='lat' dir='ltr'><strong>non</strong></span> <span class='ocrx_word' id='word_1_283' title='bbox 1894 1917 1977 1959; x_wconf 90' lang='lat' dir='ltr'><strong>est</strong></span> <span class='ocrx_word' id='word_1_284' title='bbox 2004 1922 2089 1961; x_wconf 84' lang='lat' dir='ltr'><strong>me</strong></span> 
     </span>
    </p>
   </div>
   <div class='ocr_carea' id='block_1_35' title="bbox 508 1971 2091 2059">
    <p class='ocr_par' dir='ltr' id='par_1_35' title="bbox 508 1971 2091 2059">
     <span class='ocr_line' id='line_1_35' title="bbox 508 1971 2091 2059; baseline 0.021 -38"><span class='ocrx_word' id='word_1_285' title='bbox 508 1971 732 2041; x_wconf 87' lang='lat' dir='ltr'><strong>dignus;</strong></span> <span class='ocrx_word' id='word_1_286' title='bbox 771 1994 790 2026; x_wconf 76' lang='grc' dir='ltr'><strong>ι</strong></span> <span class='ocrx_word' id='word_1_287' title='bbox 819 1986 922 2030; x_wconf 86' lang='lat' dir='ltr'><strong>et:</strong></span> <span class='ocrx_word' id='word_1_288' title='bbox 964 1997 982 2030; x_wconf 87' lang='grc'>‹</span> <span class='ocrx_word' id='word_1_289' title='bbox 1020 1982 1118 2047; x_wconf 78' lang='lat' dir='ltr'><strong>Qui</strong></span> <span class='ocrx_word' id='word_1_290' title='bbox 1176 1999 1281 2039; x_wconf 92' lang='lat' dir='ltr'><strong>non</strong></span> <span class='ocrx_word' id='word_1_291' title='bbox 1343 1988 1518 2042; x_wconf 90' lang='lat' dir='ltr'><strong>oderit</strong></span> <span class='ocrx_word' id='word_1_292' title='bbox 1569 2002 1778 2059; x_wconf 87' lang='lat' dir='ltr'><strong>patrem</strong></span> <span class='ocrx_word' id='word_1_293' title='bbox 1831 2010 1987 2051; x_wconf 88' lang='lat' dir='ltr'><strong>suum</strong></span> <span class='ocrx_word' id='word_1_294' title='bbox 2037 2007 2091 2055; x_wconf 89' lang='lat' dir='ltr'><strong>et</strong></span> 
     </span>
    </p>
   </div>
   <div class='ocr_carea' id='block_1_36' title="bbox 508 2068 2090 2155">
    <p class='ocr_par' dir='ltr' id='par_1_36' title="bbox 508 2068 2090 2155">
     <span class='ocr_line' id='line_1_36' title="bbox 508 2068 2090 2155; baseline 0.02 -42"><span class='ocrx_word' id='word_1_295' title='bbox 508 2074 735 2119; x_wconf 88' lang='lat' dir='ltr'><strong>matrem</strong></span> <span class='ocrx_word' id='word_1_296' title='bbox 765 2076 819 2121; x_wconf 89' lang='lat' dir='ltr'><strong>et</strong></span> <span class='ocrx_word' id='word_1_297' title='bbox 852 2068 1052 2127; x_wconf 82' lang='lat' dir='ltr'><strong>fratres</strong></span> <span class='ocrx_word' id='word_1_298' title='bbox 1085 2090 1216 2130; x_wconf 89' lang='lat' dir='ltr'><strong>suos</strong></span> <span class='ocrx_word' id='word_1_299' title='bbox 1248 2087 1303 2132; x_wconf 88' lang='lat' dir='ltr'><strong>et</strong></span> <span class='ocrx_word' id='word_1_300' title='bbox 1339 2094 1583 2145; x_wconf 89' lang='lat' dir='ltr'><strong>sorores,</strong></span> <span class='ocrx_word' id='word_1_301' title='bbox 1628 2084 1851 2155; x_wconf 87' lang='lat' dir='ltr'><strong>insuper</strong></span> <span class='ocrx_word' id='word_1_302' title='bbox 1882 2098 1938 2142; x_wconf 91' lang='lat' dir='ltr'><strong>et</strong></span> <span class='ocrx_word' id='word_1_303' title='bbox 1970 2090 2090 2144; x_wconf 89' lang='lat' dir='ltr'><strong>ani-</strong></span> 
     </span>
    </p>
   </div>
   <div class='ocr_carea' id='block_1_37' title="bbox 508 2169 2087 2249">
    <p class='ocr_par' dir='ltr' id='par_1_37' title="bbox 508 2169 2087 2249">
     <span class='ocr_line' id='line_1_37' title="bbox 508 2169 2087 2249; baseline 0.02 -43"><span class='ocrx_word' id='word_1_304' title='bbox 508 2169 649 2207; x_wconf 89' lang='lat' dir='ltr'><strong>mam</strong></span> <span class='ocrx_word' id='word_1_305' title='bbox 681 2172 855 2226; x_wconf 89' lang='lat' dir='ltr'><strong>suam,</strong></span> <span class='ocrx_word' id='word_1_306' title='bbox 892 2178 997 2216; x_wconf 93' lang='lat' dir='ltr'><strong>non</strong></span> <span class='ocrx_word' id='word_1_307' title='bbox 1029 2174 1112 2221; x_wconf 88' lang='lat' dir='ltr'><strong>est</strong></span> <span class='ocrx_word' id='word_1_308' title='bbox 1144 2184 1227 2223; x_wconf 91' lang='lat' dir='ltr'><strong>me</strong></span> <span class='ocrx_word' id='word_1_309' title='bbox 1255 2171 1469 2239; x_wconf 81' lang='lat' dir='ltr'><strong>dignus.</strong></span> <span class='ocrx_word' id='word_1_310' title='bbox 1511 2195 1527 2226; x_wconf 80' lang='grc' dir='ltr'><strong>ι</strong></span> <span class='ocrx_word' id='word_1_311' title='bbox 1567 2174 1634 2228; x_wconf 87' lang='grc' dir='ltr'>Ει</span> <span class='ocrx_word' id='word_1_312' title='bbox 1667 2176 1895 2235; x_wconf 89' lang='lat' dir='ltr'><strong>iterum:</strong></span> <span class='ocrx_word' id='word_1_313' title='bbox 1933 2199 1953 2233; x_wconf 75' lang='grc' dir='ltr'><strong>ι</strong></span> <span class='ocrx_word' id='word_1_314' title='bbox 1986 2182 2087 2249; x_wconf 89' lang='lat' dir='ltr'><strong>Qui</strong></span> 
     </span>
    </p>
   </div>
   <div class='ocr_carea' id='block_1_38' title="bbox 506 2251 2088 2342">
    <p class='ocr_par' dir='ltr' id='par_1_38' title="bbox 506 2251 2088 2342">
     <span class='ocr_line' id='line_1_38' title="bbox 506 2251 2088 2342; baseline 0.02 -45"><span class='ocrx_word' id='word_1_315' title='bbox 506 2259 612 2297; x_wconf 90' lang='lat' dir='ltr'><strong>non</strong></span> <span class='ocrx_word' id='word_1_316' title='bbox 644 2251 1037 2309; x_wconf 86' lang='lat' dir='ltr'><strong>renuntiaverit</strong></span> <span class='ocrx_word' id='word_1_317' title='bbox 1094 2260 1342 2313; x_wconf 90' lang='lat' dir='ltr'><strong>omnibus</strong></span> <span class='ocrx_word' id='word_1_318' title='bbox 1378 2277 1498 2331; x_wconf 67' lang='lat' dir='ltr'><strong>qua:</strong></span> <span class='ocrx_word' id='word_1_319' title='bbox 1549 2269 1812 2334; x_wconf 89' lang='lat' dir='ltr'><strong>possidet,</strong></span> <span class='ocrx_word' id='word_1_320' title='bbox 1857 2287 1959 2326; x_wconf 91' lang='lat' dir='ltr'><strong>non</strong></span> <span class='ocrx_word' id='word_1_321' title='bbox 1994 2288 2088 2342; x_wconf 76' lang='lat' dir='ltr'><strong>po-</strong></span> 
     </span>
    </p>
   </div>
   <div class='ocr_carea' id='block_1_39' title="bbox 508 2341 2087 2420">
    <p class='ocr_par' dir='ltr' id='par_1_39' title="bbox 508 2341 2087 2420">
     <span class='ocr_line' id='line_1_39' title="bbox 508 2341 2087 2420; baseline 0.021 -34"><span class='ocrx_word' id='word_1_322' title='bbox 508 2341 615 2389; x_wconf 89' lang='lat' dir='ltr'><strong>test</strong></span> <span class='ocrx_word' id='word_1_323' title='bbox 648 2353 797 2393; x_wconf 90' lang='lat' dir='ltr'><strong>meus</strong></span> <span class='ocrx_word' id='word_1_324' title='bbox 852 2357 972 2399; x_wconf 89' lang='lat' dir='ltr'><strong>esse</strong></span> <span class='ocrx_word' id='word_1_325' title='bbox 999 2344 1316 2416; x_wconf 89' lang='lat' dir='ltr'><strong>discipulus.</strong></span> <span class='ocrx_word' id='word_1_326' title='bbox 1354 2370 1372 2403; x_wconf 77' lang='grc' dir='ltr'><strong>ι</strong></span> <span class='ocrx_word' id='word_1_327' title='bbox 1414 2352 1604 2409; x_wconf 84' lang='lat' dir='ltr'><strong>Nonne</strong></span> <span class='ocrx_word' id='word_1_328' title='bbox 1654 2357 1708 2411; x_wconf 90' lang='lat' dir='ltr'><strong>in</strong></span> <span class='ocrx_word' id='word_1_329' title='bbox 1761 2360 1846 2415; x_wconf 90' lang='lat' dir='ltr'><strong>his</strong></span> <span class='ocrx_word' id='word_1_330' title='bbox 1907 2365 2087 2420; x_wconf 80' lang='lat' dir='ltr'><strong>verbis</strong></span> 
     </span>
    </p>
   </div>
   <div class='ocr_carea' id='block_1_40' title="bbox 504 2427 2086 2512">
    <p class='ocr_par' dir='ltr' id='par_1_40' title="bbox 504 2427 2086 2512">
     <span class='ocr_line' id='line_1_40' title="bbox 504 2427 2086 2512; baseline 0.019 -31"><span class='ocrx_word' id='word_1_331' title='bbox 504 2427 788 2484; x_wconf 83' lang='lat' dir='ltr'><strong>evidenter</strong></span> <span class='ocrx_word' id='word_1_332' title='bbox 842 2434 1059 2490; x_wconf 90' lang='lat' dir='ltr'><strong>timidos</strong></span> <span class='ocrx_word' id='word_1_333' title='bbox 1104 2450 1159 2494; x_wconf 91' lang='lat' dir='ltr'><strong>et</strong></span> <span class='ocrx_word' id='word_1_334' title='bbox 1209 2441 1591 2502; x_wconf 80' lang='lat' dir='ltr'><strong>formidulosas</strong></span> <span class='ocrx_word' id='word_1_335' title='bbox 1642 2465 1673 2504; x_wconf 89' lang='lat' dir='ltr'><strong>e</strong></span> <span class='ocrx_word' id='word_1_336' title='bbox 1722 2455 1918 2508; x_wconf 84' lang='lat' dir='ltr'><strong>castris</strong></span> <span class='ocrx_word' id='word_1_337' title='bbox 1973 2458 2086 2512; x_wconf 88' lang='lat' dir='ltr'><strong>suis</strong></span> 
     </span>
    </p>
   </div>
   <div class='ocr_carea' id='block_1_41' title="bbox 505 2517 2085 2614">
    <p class='ocr_par' dir='ltr' id='par_1_41' title="bbox 505 2517 2085 2614">
     <span class='ocr_line' id='line_1_41' title="bbox 505 2517 2085 2614; baseline 0.021 -45"><span class='ocrx_word' id='word_1_338' title='bbox 505 2517 752 2575; x_wconf 82' lang='lat' dir='ltr'><strong>Christus</strong></span> <span class='ocrx_word' id='word_1_339' title='bbox 783 2535 1000 2592; x_wconf 80' lang='lat' dir='ltr'><strong>separat</strong></span> <span class='ocrx_word' id='word_1_340' title='bbox 1027 2537 1083 2583; x_wconf 87' lang='lat' dir='ltr'><strong>et</strong></span> <span class='ocrx_word' id='word_1_341' title='bbox 1107 2534 1381 2588; x_wconf 81' lang='lat' dir='ltr'><strong>secernit?</strong></span> <span class='ocrx_word' id='word_1_342' title='bbox 1410 2537 1611 2594; x_wconf 87' lang='lat' dir='ltr'><strong>Omnes</strong></span> <span class='ocrx_word' id='word_1_343' title='bbox 1663 2541 1827 2610; x_wconf 84' lang='lat' dir='ltr'><strong>igitur</strong></span> <span class='ocrx_word' id='word_1_344' title='bbox 1863 2546 1953 2614; x_wconf 90' lang='lat' dir='ltr'><strong>qui</strong></span> <span class='ocrx_word' id='word_1_345' title='bbox 1988 2549 2085 2603; x_wconf 86' lang='lat' dir='ltr'><strong>mi-</strong></span> 
     </span>
    </p>
   </div>
   <div class='ocr_carea' id='block_1_42' title="bbox 508 2608 2085 2704">
    <p class='ocr_par' dir='ltr' id='par_1_42' title="bbox 508 2608 2085 2704">
     <span class='ocr_line' id='line_1_42' title="bbox 508 2608 2085 2704; baseline 0.022 -44"><span class='ocrx_word' id='word_1_346' title='bbox 508 2608 678 2664; x_wconf 85' lang='lat' dir='ltr'><strong>litiatn</strong></span> <span class='ocrx_word' id='word_1_347' title='bbox 707 2611 907 2669; x_wconf 86' lang='lat' dir='ltr'><strong>Christi</strong></span> <span class='ocrx_word' id='word_1_348' title='bbox 944 2620 1096 2687; x_wconf 90' lang='lat' dir='ltr'><strong>sequi</strong></span> <span class='ocrx_word' id='word_1_349' title='bbox 1126 2623 1310 2689; x_wconf 87' lang='lat' dir='ltr'><strong>vultis,</strong></span> <span class='ocrx_word' id='word_1_350' title='bbox 1340 2628 1433 2695; x_wconf 84' lang='lat' dir='ltr'><strong>qui</strong></span> <span class='ocrx_word' id='word_1_351' title='bbox 1465 2630 1519 2683; x_wconf 88' lang='lat' dir='ltr'><strong>in</strong></span> <span class='ocrx_word' id='word_1_352' title='bbox 1546 2608 1744 2688; x_wconf 83' lang='lat' dir='ltr'><strong>castris</strong></span> <span class='ocrx_word' id='word_1_353' title='bbox 1776 2634 1944 2704; x_wconf 86' lang='lat' dir='ltr'><strong>ipsius</strong></span> <span class='ocrx_word' id='word_1_354' title='bbox 1964 2653 2085 2695; x_wconf 88' lang='lat' dir='ltr'><strong>esse</strong></span> 
     </span>
    </p>
   </div>
   <div class='ocr_carea' id='block_1_43' title="bbox 507 2704 2081 2798">
    <p class='ocr_par' dir='ltr' id='par_1_43' title="bbox 507 2704 2081 2798">
     <span class='ocr_line' id='line_1_43' title="bbox 507 2704 2081 2798; baseline 0.02 -43"><span class='ocrx_word' id='word_1_355' title='bbox 507 2704 850 2770; x_wconf 85' lang='lat' dir='ltr'><strong>desideratis,</strong></span> <span class='ocrx_word' id='word_1_356' title='bbox 890 2711 1077 2775; x_wconf 86' lang='lat' dir='ltr'><strong>procul</strong></span> <span class='ocrx_word' id='word_1_357' title='bbox 1113 2727 1143 2767; x_wconf 91' lang='lat' dir='ltr'><strong>a</strong></span> <span class='ocrx_word' id='word_1_358' title='bbox 1172 2716 1325 2770; x_wconf 85' lang='lat' dir='ltr'><strong>vobis</strong></span> <span class='ocrx_word' id='word_1_359' title='bbox 1361 2718 1610 2776; x_wconf 89' lang='lat' dir='ltr'><strong>timorem</strong></span> <span class='ocrx_word' id='word_1_360' title='bbox 1643 2727 1861 2791; x_wconf 85' lang='lat' dir='ltr'><strong>mentis,</strong></span> <span class='ocrx_word' id='word_1_361' title='bbox 1892 2733 2081 2798; x_wconf 86' lang='lat' dir='ltr'><strong>procul</strong></span> 
     </span>
    </p>
   </div>
   <div class='ocr_carea' id='block_1_44' title="bbox 502 2794 2082 2874">
    <p class='ocr_par' dir='ltr' id='par_1_44' title="bbox 502 2794 2082 2874">
     <span class='ocr_line' id='line_1_44' title="bbox 502 2794 2082 2874; baseline 0.017 -27"><span class='ocrx_word' id='word_1_362' title='bbox 502 2794 682 2848; x_wconf 90' lang='lat' dir='ltr'><strong>cordis</strong></span> <span class='ocrx_word' id='word_1_363' title='bbox 704 2797 959 2863; x_wconf 82' lang='lat' dir='ltr'><strong>expellite</strong></span> <span class='ocrx_word' id='word_1_364' title='bbox 979 2800 1347 2871; x_wconf 88' lang='lat' dir='ltr'><strong>formidinem,</strong></span> <span class='ocrx_word' id='word_1_365' title='bbox 1369 2818 1427 2862; x_wconf 93' lang='lat' dir='ltr'><strong>ut</strong></span> <span class='ocrx_word' id='word_1_366' title='bbox 1445 2824 1566 2864; x_wconf 91' lang='lat' dir='ltr'><strong>cum</strong></span> <span class='ocrx_word' id='word_1_367' title='bbox 1593 2794 1914 2870; x_wconf 70' lang='lat' dir='ltr'><strong>confidentia</strong></span> <span class='ocrx_word' id='word_1_368' title='bbox 1938 2818 2082 2874; x_wconf 85' lang='lat' dir='ltr'><strong>dicat</strong></span> 
     </span>
    </p>
   </div>
   <div class='ocr_carea' id='block_1_45' title="bbox 503 2882 2079 2973">
    <p class='ocr_par' dir='ltr' id='par_1_45' title="bbox 503 2882 2079 2973">
     <span class='ocr_line' id='line_1_45' title="bbox 503 2882 2079 2973; baseline 0.018 -39"><span class='ocrx_word' id='word_1_369' title='bbox 503 2882 659 2936; x_wconf 82' lang='lat' dir='ltr'><strong>miles</strong></span> <span class='ocrx_word' id='word_1_370' title='bbox 676 2884 873 2940; x_wconf 87' lang='lat' dir='ltr'><strong>Christi</strong></span> <span class='ocrx_word' id='word_1_371' title='bbox 896 2888 969 2943; x_wconf 74' lang='lat' dir='ltr'><strong>3’z</strong></span> <span class='ocrx_word' id='word_1_372' title='bbox 996 2910 1013 2941; x_wconf 78' lang='grc' dir='ltr'><strong>ι</strong></span> <span class='ocrx_word' id='word_1_373' title='bbox 1035 2892 1091 2946; x_wconf 89' lang='lat' dir='ltr'><strong>Si</strong></span> <span class='ocrx_word' id='word_1_374' title='bbox 1116 2896 1419 2953; x_wconf 69' lang='lat' dir='ltr'><strong>consistant</strong></span> <span class='ocrx_word' id='word_1_375' title='bbox 1448 2899 1732 2957; x_wconf 88' lang='lat' dir='ltr'><strong>adversum</strong></span> <span class='ocrx_word' id='word_1_376' title='bbox 1764 2922 1850 2960; x_wconf 90' lang='lat' dir='ltr'><strong>me</strong></span> <span class='ocrx_word' id='word_1_377' title='bbox 1878 2919 2079 2973; x_wconf 88' lang='lat' dir='ltr'><strong>castra,</strong></span> 
     </span>
    </p>
   </div>
   <div class='ocr_carea' id='block_1_46' title="bbox 502 2977 2153 3089">
    <p class='ocr_par' dir='ltr' id='par_1_46' title="bbox 502 2977 2153 3089">
     <span class='ocr_line' id='line_1_46' title="bbox 502 2977 2153 3089; baseline 0.016 -63"><span class='ocrx_word' id='word_1_378' title='bbox 502 2988 609 3028; x_wconf 86' lang='lat' dir='ltr'><strong>non</strong></span> <span class='ocrx_word' id='word_1_379' title='bbox 639 2977 850 3032; x_wconf 77' lang='lat' dir='ltr'><strong>timebit</strong></span> <span class='ocrx_word' id='word_1_380' title='bbox 878 2996 975 3035; x_wconf 89' lang='lat' dir='ltr'><strong>cor</strong></span> <span class='ocrx_word' id='word_1_381' title='bbox 1004 2998 1201 3040; x_wconf 90' lang='lat' dir='ltr'><strong>meum.</strong></span> <span class='ocrx_word' id='word_1_382' title='bbox 1233 2987 1291 3042; x_wconf 92' lang='lat' dir='ltr'><strong>Si</strong></span> <span class='ocrx_word' id='word_1_383' title='bbox 1319 3002 1574 3060; x_wconf 81' lang='lat' dir='ltr'><strong>exsurgat</strong></span> <span class='ocrx_word' id='word_1_384' title='bbox 1600 2994 1653 3047; x_wconf 93' lang='lat' dir='ltr'><strong>in</strong></span> <span class='ocrx_word' id='word_1_385' title='bbox 1686 3010 1772 3050; x_wconf 88' lang='lat' dir='ltr'><strong>me</strong></span> <span class='ocrx_word' id='word_1_386' title='bbox 1804 2998 2071 3067; x_wconf 73' lang='lat' dir='ltr'><strong>prmlium,</strong></span> <span class='ocrx_word' id='word_1_387' title='bbox 2109 3033 2153 3089; x_wconf 62' lang='grc' dir='ltr'>ο</span> 
     </span>
     <span class='ocr_line' id='line_1_47' title="bbox 502 3067 1587 3089; baseline 0 0"><span class='ocrx_word' id='word_1_388' title='bbox 502 3067 553 3089; x_wconf 73' lang='lat'><strong>2..</strong></span> <span class='ocrx_word' id='word_1_389' title='bbox 584 3067 681 3089; x_wconf 65' lang='grc' dir='ltr'><strong>ι.ΔΑ</strong></span> <span class='ocrx_word' id='word_1_390' title='bbox 711 3083 797 3089; x_wconf 40' lang='grc' dir='ltr'><strong>ᾼμΑ</strong></span> <span class='ocrx_word' id='word_1_391' title='bbox 840 3088 847 3089; x_wconf 59' lang='lat'><strong><em>,</em></strong></span> <span class='ocrx_word' id='word_1_392' title='bbox 994 3077 1006 3089; x_wconf 77' lang='grc' dir='ltr'><strong>ι</strong></span> <span class='ocrx_word' id='word_1_393' title='bbox 1171 3079 1205 3089; x_wconf 68' lang='grc' dir='ltr'>Α</span> <span class='ocrx_word' id='word_1_394' title='bbox 1292 3082 1314 3089; x_wconf 84' lang='grc'><strong>..</strong></span> <span class='ocrx_word' id='word_1_395' title='bbox 1343 3083 1353 3089; x_wconf 90' lang='grc'><strong>.</strong></span> <span class='ocrx_word' id='word_1_396' title='bbox 1562 3087 1587 3089; x_wconf 66' lang='lat'><strong>_,</strong></span> 
     </span>
    </p>
   </div>
   <div class='ocr_carea' id='block_1_47' title="bbox 502 3067 2083 3147">
    <p class='ocr_par' dir='ltr' id='par_1_47' title="bbox 502 3067 2083 3147">
     <span class='ocr_line' id='line_1_48' title="bbox 502 3067 2083 3147; baseline 0.018 -29"><span class='ocrx_word' id='word_1_397' title='bbox 502 3067 557 3119; x_wconf 92' lang='lat' dir='ltr'><strong>in</strong></span> <span class='ocrx_word' id='word_1_398' title='bbox 583 3067 685 3122; x_wconf 82' lang='lat' dir='ltr'><strong>hoc</strong></span> <span class='ocrx_word' id='word_1_399' title='bbox 705 3083 805 3139; x_wconf 88' lang='lat' dir='ltr'><strong>ego</strong></span> <span class='ocrx_word' id='word_1_400' title='bbox 832 3077 1081 3142; x_wconf 85' lang='lat' dir='ltr'><strong>sperabo.</strong></span> <span class='ocrx_word' id='word_1_401' title='bbox 1117 3098 1135 3131; x_wconf 75' lang='grc' dir='ltr'><strong>ι</strong></span> <span class='ocrx_word' id='word_1_402' title='bbox 1165 3079 1515 3139; x_wconf 87' lang='lat' dir='ltr'><strong>Conlidenter</strong></span> <span class='ocrx_word' id='word_1_403' title='bbox 1542 3087 1688 3143; x_wconf 87' lang='lat' dir='ltr'><strong>dicat</strong></span> <span class='ocrx_word' id='word_1_404' title='bbox 1713 3090 1759 3122; x_wconf 70' lang='lat'><strong>“</strong></span> <span class='ocrx_word' id='word_1_405' title='bbox 1788 3107 1802 3142; x_wconf 89' lang='lat'><strong>:</strong></span> <span class='ocrx_word' id='word_1_406' title='bbox 1838 3109 1858 3142; x_wconf 71' lang='grc' dir='ltr'><strong>ι</strong></span> <span class='ocrx_word' id='word_1_407' title='bbox 1897 3091 2083 3147; x_wconf 92' lang='lat' dir='ltr'><strong>Domi-</strong></span> 
     </span>
    </p>
   </div>
   <div class='ocr_carea' id='block_1_48' title="bbox 501 3160 2082 3250">
    <p class='ocr_par' dir='ltr' id='par_1_48' title="bbox 501 3160 2082 3250">
     <span class='ocr_line' id='line_1_49' title="bbox 501 3160 2082 3250; baseline 0.018 -38"><span class='ocrx_word' id='word_1_408' title='bbox 501 3173 603 3213; x_wconf 90' lang='lat' dir='ltr'><strong>nus</strong></span> <span class='ocrx_word' id='word_1_409' title='bbox 640 3160 963 3222; x_wconf 92' lang='lat' dir='ltr'><strong>illuminatio</strong></span> <span class='ocrx_word' id='word_1_410' title='bbox 1014 3186 1130 3223; x_wconf 89' lang='lat' dir='ltr'><strong>mea</strong></span> <span class='ocrx_word' id='word_1_411' title='bbox 1167 3181 1221 3225; x_wconf 92' lang='lat' dir='ltr'><strong>et</strong></span> <span class='ocrx_word' id='word_1_412' title='bbox 1267 3175 1415 3231; x_wconf 89' lang='lat' dir='ltr'><strong>salus</strong></span> <span class='ocrx_word' id='word_1_413' title='bbox 1455 3192 1598 3244; x_wconf 88' lang='lat' dir='ltr'><strong>mea,</strong></span> <span class='ocrx_word' id='word_1_414' title='bbox 1651 3195 1813 3250; x_wconf 86' lang='lat' dir='ltr'><strong>quem</strong></span> <span class='ocrx_word' id='word_1_415' title='bbox 1848 3182 2082 3239; x_wconf 76' lang='lat' dir='ltr'><strong>timebo?</strong></span> 
     </span>
    </p>
   </div>
   <div class='ocr_carea' id='block_1_49' title="bbox 500 3245 2075 3341">
    <p class='ocr_par' dir='ltr' id='par_1_49' title="bbox 500 3245 2075 3341">
     <span class='ocr_line' id='line_1_50' title="bbox 500 3245 2075 3341; baseline 0.019 -40"><span class='ocrx_word' id='word_1_416' title='bbox 500 3245 760 3306; x_wconf 88' lang='lat' dir='ltr'><strong>Dominus</strong></span> <span class='ocrx_word' id='word_1_417' title='bbox 785 3263 1056 3323; x_wconf 88' lang='lat' dir='ltr'><strong>protector</strong></span> <span class='ocrx_word' id='word_1_418' title='bbox 1108 3264 1233 3317; x_wconf 78' lang='lat' dir='ltr'><strong>vita:</strong></span> <span class='ocrx_word' id='word_1_419' title='bbox 1266 3280 1417 3331; x_wconf 69' lang='lat' dir='ltr'><strong>meae,</strong></span> <span class='ocrx_word' id='word_1_420' title='bbox 1455 3283 1483 3321; x_wconf 89' lang='lat' dir='ltr'><strong>a</strong></span> <span class='ocrx_word' id='word_1_421' title='bbox 1516 3285 1626 3339; x_wconf 90' lang='lat' dir='ltr'><strong>quo</strong></span> <span class='ocrx_word' id='word_1_422' title='bbox 1668 3245 2011 3341; x_wconf 65' lang='lat' dir='ltr'><strong>trepidabo?</strong></span> <span class='ocrx_word' id='word_1_423' title='bbox 2054 3296 2075 3331; x_wconf 74' lang='grc' dir='ltr'><strong>ι</strong></span> 
     </span>
    </p>
   </div>
   <div class='ocr_carea' id='block_1_50' title="bbox 499 3341 2081 3427">
    <p class='ocr_par' dir='ltr' id='par_1_50' title="bbox 499 3341 2081 3427">
     <span class='ocr_line' id='line_1_51' title="bbox 499 3341 2081 3427; baseline 0.018 -32"><span class='ocrx_word' id='word_1_424' title='bbox 499 3341 608 3396; x_wconf 90' lang='lat' dir='ltr'><strong>Sed</strong></span> <span class='ocrx_word' id='word_1_425' title='bbox 642 3360 710 3399; x_wconf 91' lang='lat' dir='ltr'><strong>ne</strong></span> <span class='ocrx_word' id='word_1_426' title='bbox 744 3364 842 3403; x_wconf 86' lang='lat' dir='ltr'><strong>nos</strong></span> <span class='ocrx_word' id='word_1_427' title='bbox 877 3349 1151 3408; x_wconf 85' lang='lat' dir='ltr'><strong>deterreat</strong></span> <span class='ocrx_word' id='word_1_428' title='bbox 1208 3356 1329 3412; x_wconf 84' lang='lat' dir='ltr'><strong>talis</strong></span> <span class='ocrx_word' id='word_1_429' title='bbox 1363 3359 1462 3413; x_wconf 87' lang='lat' dir='ltr'><strong>ista</strong></span> <span class='ocrx_word' id='word_1_430' title='bbox 1496 3361 1711 3427; x_wconf 89' lang='lat' dir='ltr'><strong>militia,</strong></span> <span class='ocrx_word' id='word_1_431' title='bbox 1741 3365 1876 3419; x_wconf 84' lang='lat' dir='ltr'><strong>nihil</strong></span> <span class='ocrx_word' id='word_1_432' title='bbox 1930 3367 1982 3421; x_wconf 91' lang='lat' dir='ltr'><strong>in</strong></span> <span class='ocrx_word' id='word_1_433' title='bbox 2023 3383 2081 3423; x_wconf 89' lang='lat' dir='ltr'><strong>se</strong></span> 
     </span>
    </p>
   </div>
   <div class='ocr_carea' id='block_1_51' title="bbox 499 3435 2080 3520">
    <p class='ocr_par' dir='ltr' id='par_1_51' title="bbox 499 3435 2080 3520">
     <span class='ocr_line' id='line_1_52' title="bbox 499 3435 2080 3520; baseline 0.016 -31"><span class='ocrx_word' id='word_1_434' title='bbox 499 3435 734 3504; x_wconf 74' lang='lat' dir='ltr'><strong>difﬁcile,</strong></span> <span class='ocrx_word' id='word_1_435' title='bbox 761 3442 894 3495; x_wconf 84' lang='lat' dir='ltr'><strong>nihil</strong></span> <span class='ocrx_word' id='word_1_436' title='bbox 926 3445 1177 3509; x_wconf 83' lang='lat' dir='ltr'><strong>arduum,</strong></span> <span class='ocrx_word' id='word_1_437' title='bbox 1210 3457 1301 3501; x_wconf 81' lang='lat' dir='ltr'><strong>aut</strong></span> <span class='ocrx_word' id='word_1_438' title='bbox 1324 3449 1664 3520; x_wconf 84' lang='lat' dir='ltr'><strong>impossibile</strong></span> <span class='ocrx_word' id='word_1_439' title='bbox 1688 3456 1955 3516; x_wconf 87' lang='lat' dir='ltr'><strong>continet.</strong></span> <span class='ocrx_word' id='word_1_440' title='bbox 1986 3458 2080 3515; x_wconf 64' lang='grc' dir='ltr'><strong>γῆς</strong></span> 
     </span>
    </p>
   </div>
   <div class='ocr_carea' id='block_1_52' title="bbox 499 3530 2079 3608">
    <p class='ocr_par' dir='ltr' id='par_1_52' title="bbox 499 3530 2079 3608">
     <span class='ocr_line' id='line_1_53' title="bbox 499 3530 2079 3608; baseline 0.015 -26"><span class='ocrx_word' id='word_1_441' title='bbox 499 3530 643 3584; x_wconf 86' lang='lat' dir='ltr'><strong>scire</strong></span> <span class='ocrx_word' id='word_1_442' title='bbox 673 3545 836 3598; x_wconf 89' lang='lat' dir='ltr'><strong>quam</strong></span> <span class='ocrx_word' id='word_1_443' title='bbox 869 3534 1026 3589; x_wconf 86' lang='lat' dir='ltr'><strong>facile</strong></span> <span class='ocrx_word' id='word_1_444' title='bbox 1052 3538 1124 3591; x_wconf 88' lang='lat' dir='ltr'><strong>sit</strong></span> <span class='ocrx_word' id='word_1_445' title='bbox 1150 3539 1378 3608; x_wconf 88' lang='lat' dir='ltr'><strong>implere</strong></span> <span class='ocrx_word' id='word_1_446' title='bbox 1408 3543 1522 3597; x_wconf 75' lang='lat' dir='ltr'><strong>lucc</strong></span> <span class='ocrx_word' id='word_1_447' title='bbox 1557 3545 1608 3598; x_wconf 93' lang='lat' dir='ltr'><strong>in</strong></span> <span class='ocrx_word' id='word_1_448' title='bbox 1663 3547 1768 3601; x_wconf 85' lang='lat' dir='ltr'><strong>fide</strong></span> <span class='ocrx_word' id='word_1_449' title='bbox 1797 3549 2079 3605; x_wconf 78' lang='lat' dir='ltr'><strong>militanti-</strong></span> 
     </span>
    </p>
   </div>
   <div class='ocr_carea' id='block_1_53' title="bbox 496 3618 2079 3703">
    <p class='ocr_par' dir='ltr' id='par_1_53' title="bbox 496 3618 2079 3703">
     <span class='ocr_line' id='line_1_54' title="bbox 496 3618 2079 3703; baseline 0.015 -32"><span class='ocrx_word' id='word_1_450' title='bbox 496 3618 636 3672; x_wconf 85' lang='lat' dir='ltr'><strong>bus?</strong></span> <span class='ocrx_word' id='word_1_451' title='bbox 666 3620 854 3677; x_wconf 87' lang='lat' dir='ltr'><strong>Solent</strong></span> <span class='ocrx_word' id='word_1_452' title='bbox 899 3624 949 3677; x_wconf 93' lang='lat' dir='ltr'><strong>in</strong></span> <span class='ocrx_word' id='word_1_453' title='bbox 1001 3625 1123 3681; x_wconf 84' lang='lat' dir='ltr'><strong>istis</strong></span> <span class='ocrx_word' id='word_1_454' title='bbox 1168 3632 1367 3685; x_wconf 87' lang='lat' dir='ltr'><strong>castris</strong></span> <span class='ocrx_word' id='word_1_455' title='bbox 1419 3648 1561 3703; x_wconf 67' lang='lat' dir='ltr'><strong>saepe</strong></span> <span class='ocrx_word' id='word_1_456' title='bbox 1604 3636 1771 3691; x_wconf 83' lang='lat' dir='ltr'><strong>etiam</strong></span> <span class='ocrx_word' id='word_1_457' title='bbox 1823 3638 2079 3696; x_wconf 85' lang='lat' dir='ltr'><strong>mulieres</strong></span> 
     </span>
    </p>
   </div>
   <div class='ocr_carea' id='block_1_54' title="bbox 498 3712 2079 3791">
    <p class='ocr_par' dir='ltr' id='par_1_54' title="bbox 498 3712 2079 3791">
     <span class='ocr_line' id='line_1_55' title="bbox 498 3712 2079 3791; baseline 0.016 -29"><span class='ocrx_word' id='word_1_458' title='bbox 498 3712 740 3778; x_wconf 77' lang='lat' dir='ltr'><strong>vincere,</strong></span> <span class='ocrx_word' id='word_1_459' title='bbox 772 3716 898 3785; x_wconf 86' lang='lat' dir='ltr'><strong>quia</strong></span> <span class='ocrx_word' id='word_1_460' title='bbox 927 3732 1031 3771; x_wconf 91' lang='lat' dir='ltr'><strong>non</strong></span> <span class='ocrx_word' id='word_1_461' title='bbox 1059 3725 1308 3790; x_wconf 88' lang='lat' dir='ltr'><strong>corporis</strong></span> <span class='ocrx_word' id='word_1_462' title='bbox 1346 3728 1557 3791; x_wconf 81' lang='lat' dir='ltr'><strong>robore,</strong></span> <span class='ocrx_word' id='word_1_463' title='bbox 1595 3730 1689 3784; x_wconf 88' lang='lat' dir='ltr'><strong>sed</strong></span> <span class='ocrx_word' id='word_1_464' title='bbox 1720 3730 1845 3785; x_wconf 89' lang='lat' dir='ltr'><strong>fidei</strong></span> <span class='ocrx_word' id='word_1_465' title='bbox 1876 3733 2079 3788; x_wconf 84' lang='lat' dir='ltr'><strong>virtute</strong></span> 
     </span>
    </p>
   </div>
   <div class='ocr_carea' id='block_1_55' title="bbox 496 3806 2079 3887">
    <p class='ocr_par' dir='ltr' id='par_1_55' title="bbox 496 3806 2079 3887">
     <span class='ocr_line' id='line_1_56' title="bbox 496 3806 2079 3887; baseline 0.016 -34"><span class='ocrx_word' id='word_1_466' title='bbox 496 3816 789 3872; x_wconf 87' lang='lat' dir='ltr'><strong>pugnatur.</strong></span> <span class='ocrx_word' id='word_1_467' title='bbox 838 3806 895 3860; x_wconf 84' lang='lat' dir='ltr'><strong>lu</strong></span> <span class='ocrx_word' id='word_1_468' title='bbox 941 3810 1314 3877; x_wconf 80' lang='lat' dir='ltr'><strong>superioribus</strong></span> <span class='ocrx_word' id='word_1_469' title='bbox 1345 3818 1395 3869; x_wconf 92' lang='lat' dir='ltr'><strong>in</strong></span> <span class='ocrx_word' id='word_1_470' title='bbox 1437 3817 1539 3872; x_wconf 90' lang='lat' dir='ltr'><strong>hoc</strong></span> <span class='ocrx_word' id='word_1_471' title='bbox 1562 3819 1682 3887; x_wconf 86' lang='lat' dir='ltr'><strong>ipso</strong></span> <span class='ocrx_word' id='word_1_472' title='bbox 1717 3820 1898 3877; x_wconf 89' lang='lat' dir='ltr'><strong>libello</strong></span> <span class='ocrx_word' id='word_1_473' title='bbox 1926 3820 2079 3877; x_wconf 70' lang='lat' dir='ltr'><strong>ludi-</strong></span> 
     </span>
    </p>
   </div>
   <div class='ocr_carea' id='block_1_56' title="bbox 495 3896 2077 3982">
    <p class='ocr_par' dir='ltr' id='par_1_56' title="bbox 495 3896 2077 3982">
     <span class='ocr_line' id='line_1_57' title="bbox 495 3896 2077 3982; baseline 0.015 -34"><span class='ocrx_word' id='word_1_474' title='bbox 495 3909 617 3949; x_wconf 84' lang='lat' dir='ltr'><strong>cuut</strong></span> <span class='ocrx_word' id='word_1_475' title='bbox 649 3896 878 3968; x_wconf 87' lang='lat' dir='ltr'><strong>legimus</strong></span> <span class='ocrx_word' id='word_1_476' title='bbox 919 3901 985 3955; x_wconf 90' lang='lat' dir='ltr'><strong>de</strong></span> <span class='ocrx_word' id='word_1_477' title='bbox 1013 3902 1274 3959; x_wconf 66' lang='lat' dir='ltr'><strong>Debborae</strong></span> <span class='ocrx_word' id='word_1_478' title='bbox 1318 3908 1566 3964; x_wconf 84' lang='lat' dir='ltr'><strong>mulieris</strong></span> <span class='ocrx_word' id='word_1_479' title='bbox 1612 3912 1928 3982; x_wconf 86' lang='lat' dir='ltr'><strong>triumphis,</strong></span> <span class='ocrx_word' id='word_1_480' title='bbox 1978 3932 2077 3973; x_wconf 88' lang='lat' dir='ltr'><strong>nec</strong></span> 
     </span>
    </p>
   </div>
   <div class='ocr_carea' id='block_1_57' title="bbox 498 3986 2077 4070">
    <p class='ocr_par' dir='ltr' id='par_1_57' title="bbox 498 3986 2077 4070">
     <span class='ocr_line' id='line_1_58' title="bbox 498 3986 2077 4070; baseline 0.013 -31"><span class='ocrx_word' id='word_1_481' title='bbox 498 3986 786 4043; x_wconf 88' lang='lat' dir='ltr'><strong>femineam</strong></span> <span class='ocrx_word' id='word_1_482' title='bbox 846 4002 1080 4049; x_wconf 87' lang='lat' dir='ltr'><strong>mentem</strong></span> <span class='ocrx_word' id='word_1_483' title='bbox 1133 3996 1413 4052; x_wconf 87' lang='lat' dir='ltr'><strong>muliebris</strong></span> <span class='ocrx_word' id='word_1_484' title='bbox 1450 3998 1561 4070; x_wconf 85' lang='lat'><strong>(87)</strong></span> <span class='ocrx_word' id='word_1_485' title='bbox 1611 3998 1842 4058; x_wconf 84' lang='lat' dir='ltr'><strong>formido</strong></span> <span class='ocrx_word' id='word_1_486' title='bbox 1893 4005 2077 4060; x_wconf 85' lang='lat' dir='ltr'><strong>turba-</strong></span> 
     </span>
    </p>
   </div>
   <div class='ocr_carea' id='block_1_58' title="bbox 499 4079 2071 4157">
    <p class='ocr_par' dir='ltr' id='par_1_58' title="bbox 499 4079 2071 4157">
     <span class='ocr_line' id='line_1_59' title="bbox 499 4079 2071 4157; baseline 0.015 -24"><span class='ocrx_word' id='word_1_487' title='bbox 499 4079 594 4133; x_wconf 80' lang='lat' dir='ltr'><strong>vit.</strong></span> <span class='ocrx_word' id='word_1_488' title='bbox 631 4080 769 4145; x_wconf 86' lang='lat' dir='ltr'><strong>Quid</strong></span> <span class='ocrx_word' id='word_1_489' title='bbox 817 4098 916 4153; x_wconf 86' lang='lat' dir='ltr'><strong>ego</strong></span> <span class='ocrx_word' id='word_1_490' title='bbox 963 4085 1105 4140; x_wconf 88' lang='lat' dir='ltr'><strong>illam</strong></span> <span class='ocrx_word' id='word_1_491' title='bbox 1158 4089 1493 4157; x_wconf 86' lang='lat' dir='ltr'><strong>magnificam</strong></span> <span class='ocrx_word' id='word_1_492' title='bbox 1542 4102 1596 4146; x_wconf 87' lang='lat' dir='ltr'><strong>et</strong></span> <span class='ocrx_word' id='word_1_493' title='bbox 1626 4098 1864 4151; x_wconf 69' lang='lat' dir='ltr'><strong>eximium</strong></span> <span class='ocrx_word' id='word_1_494' title='bbox 1913 4100 2071 4155; x_wconf 80' lang='lat' dir='ltr'><strong>fetui-</strong></span> 
     </span>
    </p>
   </div>
   <div class='ocr_carea' id='block_1_59' title="bbox 497 4175 2067 4260">
    <p class='ocr_par' dir='ltr' id='par_1_59' title="bbox 497 4175 2067 4260">
     <span class='ocr_line' id='line_1_60' title="bbox 497 4175 2067 4260; baseline 0.015 -37"><span class='ocrx_word' id='word_1_495' title='bbox 497 4186 688 4224; x_wconf 87' lang='lat' dir='ltr'><strong>narum</strong></span> <span class='ocrx_word' id='word_1_496' title='bbox 736 4175 1132 4231; x_wconf 87' lang='lat' dir='ltr'><strong>nobilissimam</strong></span> <span class='ocrx_word' id='word_1_497' title='bbox 1177 4194 1473 4235; x_wconf 90' lang='lat' dir='ltr'><strong>memorem</strong></span> <span class='ocrx_word' id='word_1_498' title='bbox 1521 4181 1745 4238; x_wconf 83' lang='lat' dir='ltr'><strong>Juditb?</strong></span> <span class='ocrx_word' id='word_1_499' title='bbox 1790 4205 1911 4256; x_wconf 84' lang='lat' dir='ltr'><strong>quae</strong></span> <span class='ocrx_word' id='word_1_500' title='bbox 1960 4192 2067 4260; x_wconf 82' lang='lat' dir='ltr'><strong>iam</strong></span> 
     </span>
    </p>
   </div>
   <div class='ocr_carea' id='block_1_60' title="bbox 496 4262 2064 4343">
    <p class='ocr_par' dir='ltr' id='par_1_60' title="bbox 496 4262 2064 4343">
     <span class='ocr_line' id='line_1_61' title="bbox 496 4262 2064 4343; baseline 0.015 -32"><span class='ocrx_word' id='word_1_501' title='bbox 496 4262 722 4329; x_wconf 86' lang='lat' dir='ltr'><strong>perditis</strong></span> <span class='ocrx_word' id='word_1_502' title='bbox 751 4279 890 4331; x_wconf 89' lang='lat' dir='ltr'><strong>pene</strong></span> <span class='ocrx_word' id='word_1_503' title='bbox 946 4268 1108 4322; x_wconf 86' lang='lat' dir='ltr'><strong>rebus</strong></span> <span class='ocrx_word' id='word_1_504' title='bbox 1150 4283 1259 4322; x_wconf 87' lang='lat' dir='ltr'><strong>non</strong></span> <span class='ocrx_word' id='word_1_505' title='bbox 1291 4270 1555 4325; x_wconf 84' lang='lat' dir='ltr'><strong>dubitavit</strong></span> <span class='ocrx_word' id='word_1_506' title='bbox 1586 4274 1696 4327; x_wconf 90' lang='lat' dir='ltr'><strong>sola</strong></span> <span class='ocrx_word' id='word_1_507' title='bbox 1730 4290 2064 4343; x_wconf 83' lang='lat' dir='ltr'><strong>succurrere,</strong></span> 
     </span>
    </p>
   </div>
   <div class='ocr_carea' id='block_1_61' title="bbox 2195 1820 3848 1893">
    <p class='ocr_par' dir='ltr' id='par_1_61' title="bbox 2195 1820 3848 1893">
     <span class='ocr_line' id='line_1_62' title="bbox 2195 1820 3848 1893; baseline 0.002 -20"><span class='ocrx_word' id='word_1_508' title='bbox 2195 1825 2301 1873; x_wconf 75' lang='lat' dir='ltr'><strong>lem</strong></span> <span class='ocrx_word' id='word_1_509' title='bbox 2333 1820 2546 1888; x_wconf 82' lang='lat' dir='ltr'><strong>tyranni</strong></span> <span class='ocrx_word' id='word_1_510' title='bbox 2582 1834 2678 1888; x_wconf 87' lang='lat' dir='ltr'><strong>per</strong></span> <span class='ocrx_word' id='word_1_511' title='bbox 2709 1820 3091 1891; x_wconf 84' lang='lat' dir='ltr'><strong>fragilitatem</strong></span> <span class='ocrx_word' id='word_1_512' title='bbox 3161 1824 3468 1893; x_wconf 83' lang='lat' dir='ltr'><strong>corporis</strong></span> <span class='ocrx_word' id='word_1_513' title='bbox 3526 1821 3731 1877; x_wconf 82' lang='lat' dir='ltr'><strong>videris</strong></span> <span class='ocrx_word' id='word_1_514' title='bbox 3759 1835 3848 1876; x_wconf 76' lang='lat' dir='ltr'><strong>esse</strong></span> 
     </span>
    </p>
   </div>
   <div class='ocr_carea' id='block_1_62' title="bbox 2192 1910 3847 1984">
    <p class='ocr_par' dir='ltr' id='par_1_62' title="bbox 2192 1910 3847 1984">
     <span class='ocr_line' id='line_1_63' title="bbox 2192 1910 3847 1984; baseline 0.001 -22"><span class='ocrx_word' id='word_1_515' title='bbox 2192 1917 2492 1971; x_wconf 85' lang='lat' dir='ltr'><strong>certamen,</strong></span> <span class='ocrx_word' id='word_1_516' title='bbox 2533 1910 2663 1965; x_wconf 87' lang='lat' dir='ltr'><strong>dare</strong></span> <span class='ocrx_word' id='word_1_517' title='bbox 2697 1910 2870 1965; x_wconf 90' lang='lat' dir='ltr'><strong>locum</strong></span> <span class='ocrx_word' id='word_1_518' title='bbox 2897 1912 3025 1977; x_wconf 77' lang='lat' dir='ltr'><strong>irze,</strong></span> <span class='ocrx_word' id='word_1_519' title='bbox 3068 1924 3141 1968; x_wconf 88' lang='lat' dir='ltr'><strong>et</strong></span> <span class='ocrx_word' id='word_1_520' title='bbox 3174 1914 3408 1984; x_wconf 82' lang='lat' dir='ltr'><strong>fugere</strong></span> <span class='ocrx_word' id='word_1_521' title='bbox 3435 1914 3511 1968; x_wconf 86' lang='lat' dir='ltr'><strong>de</strong></span> <span class='ocrx_word' id='word_1_522' title='bbox 3548 1913 3675 1967; x_wconf 87' lang='lat' dir='ltr'><strong>loco</strong></span> <span class='ocrx_word' id='word_1_523' title='bbox 3697 1911 3757 1964; x_wconf 89' lang='lat' dir='ltr'><strong>ad</strong></span> <span class='ocrx_word' id='word_1_524' title='bbox 3795 1912 3847 1963; x_wconf 88' lang='lat' dir='ltr'><strong>io-</strong></span> 
     </span>
    </p>
   </div>
   <div class='ocr_carea' id='block_1_63' title="bbox 2190 2001 3833 2060">
    <p class='ocr_par' dir='ltr' id='par_1_63' title="bbox 2190 2001 3833 2060">
     <span class='ocr_line' id='line_1_64' title="bbox 2190 2001 3833 2060; baseline -0.001 -7"><span class='ocrx_word' id='word_1_525' title='bbox 2190 2014 2310 2053; x_wconf 90' lang='lat' dir='ltr'><strong>cum</strong></span> <span class='ocrx_word' id='word_1_526' title='bbox 2335 2015 2351 2055; x_wconf 89' lang='lat'><strong>:</strong></span> <span class='ocrx_word' id='word_1_527' title='bbox 2380 2015 2475 2054; x_wconf 92' lang='lat' dir='ltr'><strong>nec</strong></span> <span class='ocrx_word' id='word_1_528' title='bbox 2496 2001 2590 2055; x_wconf 88' lang='lat' dir='ltr'><strong>tibi</strong></span> <span class='ocrx_word' id='word_1_529' title='bbox 2619 2003 2671 2056; x_wconf 90' lang='lat' dir='ltr'><strong>in</strong></span> <span class='ocrx_word' id='word_1_530' title='bbox 2693 2003 2798 2057; x_wconf 87' lang='lat' dir='ltr'><strong>hoc</strong></span> <span class='ocrx_word' id='word_1_531' title='bbox 2815 2004 3153 2059; x_wconf 88' lang='lat' dir='ltr'><strong>ascribitur</strong></span> <span class='ocrx_word' id='word_1_532' title='bbox 3184 2006 3471 2060; x_wconf 83' lang='lat' dir='ltr'><strong>militare</strong></span> <span class='ocrx_word' id='word_1_533' title='bbox 3496 2002 3833 2057; x_wconf 83' lang='lat' dir='ltr'><strong>commissum.</strong></span> 
     </span>
    </p>
   </div>
   <div class='ocr_carea' id='block_1_64' title="bbox 2192 2089 3831 2189">
    <p class='ocr_par' dir='ltr' id='par_1_64' title="bbox 2192 2089 3831 2189">
     <span class='ocr_line' id='line_1_65' title="bbox 2192 2089 3831 2189; baseline -0.001 -46"><span class='ocrx_word' id='word_1_534' title='bbox 2192 2089 2515 2159; x_wconf 87' lang='lat' dir='ltr'><strong>Designatur</strong></span> <span class='ocrx_word' id='word_1_535' title='bbox 2541 2092 2642 2148; x_wconf 85' lang='lat' dir='ltr'><strong>hoc</strong></span> <span class='ocrx_word' id='word_1_536' title='bbox 2671 2094 2833 2147; x_wconf 89' lang='lat' dir='ltr'><strong>etiam</strong></span> <span class='ocrx_word' id='word_1_537' title='bbox 2864 2095 2916 2148; x_wconf 91' lang='lat' dir='ltr'><strong>in</strong></span> <span class='ocrx_word' id='word_1_538' title='bbox 2944 2095 3204 2163; x_wconf 78' lang='lat' dir='ltr'><strong>legibus</strong></span> <span class='ocrx_word' id='word_1_539' title='bbox 3241 2095 3480 2189; x_wconf 76' lang='lat' dir='ltr'><strong>Christi</strong></span> <span class='ocrx_word' id='word_1_540' title='bbox 3516 2091 3831 2189; x_wconf 48' lang='lat' dir='ltr'><strong>dicentis&#39;i:</strong></span> 
     </span>
    </p>
   </div>
   <div class='ocr_carea' id='block_1_65' title="bbox 2195 2178 3823 2251">
    <p class='ocr_par' dir='ltr' id='par_1_65' title="bbox 2195 2178 3823 2251">
     <span class='ocr_line' id='line_1_66' title="bbox 2195 2178 3823 2251; baseline 0.001 -22"><span class='ocrx_word' id='word_1_541' title='bbox 2195 2196 2214 2229; x_wconf 74' lang='grc' dir='ltr'><strong>ι</strong></span> <span class='ocrx_word' id='word_1_542' title='bbox 2253 2178 2312 2234; x_wconf 91' lang='lat' dir='ltr'><strong>Si</strong></span> <span class='ocrx_word' id='word_1_543' title='bbox 2335 2195 2431 2235; x_wconf 90' lang='lat' dir='ltr'><strong>vos</strong></span> <span class='ocrx_word' id='word_1_544' title='bbox 2465 2184 2735 2251; x_wconf 85' lang='lat' dir='ltr'><strong>persecuti</strong></span> <span class='ocrx_word' id='word_1_545' title='bbox 2766 2182 2965 2239; x_wconf 87' lang='lat' dir='ltr'><strong>fuerint</strong></span> <span class='ocrx_word' id='word_1_546' title='bbox 3021 2186 3093 2239; x_wconf 89' lang='lat' dir='ltr'><strong>iu</strong></span> <span class='ocrx_word' id='word_1_547' title='bbox 3134 2186 3259 2239; x_wconf 83' lang='lat' dir='ltr'><strong>hac</strong></span> <span class='ocrx_word' id='word_1_548' title='bbox 3290 2184 3567 2245; x_wconf 85' lang='lat' dir='ltr'><strong>civitate,</strong></span> <span class='ocrx_word' id='word_1_549' title='bbox 3614 2180 3765 2249; x_wconf 79' lang='lat' dir='ltr'><strong>fugite</strong></span> <span class='ocrx_word' id='word_1_550' title='bbox 3786 2179 3823 2230; x_wconf 82' lang='lat' dir='ltr'><strong>in</strong></span> 
     </span>
    </p>
   </div>
   <div class='ocr_carea' id='block_1_66' title="bbox 2189 2271 3816 2346">
    <p class='ocr_par' dir='ltr' id='par_1_66' title="bbox 2189 2271 3816 2346">
     <span class='ocr_line' id='line_1_67' title="bbox 2189 2271 3816 2346; baseline -0.001 -21"><span class='ocrx_word' id='word_1_551' title='bbox 2189 2272 2368 2326; x_wconf 86' lang='lat' dir='ltr'><strong>aliam.</strong></span> <span class='ocrx_word' id='word_1_552' title='bbox 2399 2293 2419 2325; x_wconf 76' lang='grc' dir='ltr'><strong>ι</strong></span> <span class='ocrx_word' id='word_1_553' title='bbox 2448 2274 2672 2329; x_wconf 86' lang='lat' dir='ltr'><strong>Summa</strong></span> <span class='ocrx_word' id='word_1_554' title='bbox 2698 2290 2931 2346; x_wconf 89' lang='lat' dir='ltr'><strong>namque</strong></span> <span class='ocrx_word' id='word_1_555' title='bbox 2956 2279 3047 2332; x_wconf 85' lang='lat' dir='ltr'><strong>rei</strong></span> <span class='ocrx_word' id='word_1_556' title='bbox 3085 2286 3213 2341; x_wconf 88' lang='lat' dir='ltr'><strong>est,</strong></span> <span class='ocrx_word' id='word_1_557' title='bbox 3245 2276 3466 2331; x_wconf 85' lang='lat' dir='ltr'><strong>.lesum</strong></span> <span class='ocrx_word' id='word_1_558' title='bbox 3493 2288 3660 2344; x_wconf 88' lang='lat' dir='ltr'><strong>quem</strong></span> <span class='ocrx_word' id='word_1_559' title='bbox 3684 2271 3816 2325; x_wconf 76' lang='lat' dir='ltr'><strong>semel</strong></span> 
     </span>
    </p>
   </div>
   <div class='ocr_carea' id='block_1_67' title="bbox 2189 2361 3811 2437">
    <p class='ocr_par' dir='ltr' id='par_1_67' title="bbox 2189 2361 3811 2437">
     <span class='ocr_line' id='line_1_68' title="bbox 2189 2361 3811 2437; baseline -0.001 -20"><span class='ocrx_word' id='word_1_560' title='bbox 2189 2361 2470 2419; x_wconf 88' lang='lat' dir='ltr'><strong>confessus</strong></span> <span class='ocrx_word' id='word_1_561' title='bbox 2498 2379 2578 2429; x_wconf 88' lang='lat' dir='ltr'><strong>es,</strong></span> <span class='ocrx_word' id='word_1_562' title='bbox 2639 2380 2745 2419; x_wconf 90' lang='lat' dir='ltr'><strong>non</strong></span> <span class='ocrx_word' id='word_1_563' title='bbox 2798 2381 3020 2437; x_wconf 83' lang='lat' dir='ltr'><strong>negare.</strong></span> <span class='ocrx_word' id='word_1_564' title='bbox 3085 2369 3360 2423; x_wconf 79' lang='lat' dir='ltr'><strong>Certum</strong></span> <span class='ocrx_word' id='word_1_565' title='bbox 3411 2378 3503 2422; x_wconf 87' lang='lat' dir='ltr'><strong>est</strong></span> <span class='ocrx_word' id='word_1_566' title='bbox 3537 2365 3677 2419; x_wconf 85' lang='lat' dir='ltr'><strong>enim</strong></span> <span class='ocrx_word' id='word_1_567' title='bbox 3703 2364 3811 2432; x_wconf 76' lang='lat' dir='ltr'><strong>quod</strong></span> 
     </span>
    </p>
   </div>
   <div class='ocr_carea' id='block_1_68' title="bbox 2188 2452 3801 2528">
    <p class='ocr_par' dir='ltr' id='par_1_68' title="bbox 2188 2452 3801 2528">
     <span class='ocr_line' id='line_1_69' title="bbox 2188 2452 3801 2528; baseline -0.002 -20"><span class='ocrx_word' id='word_1_568' title='bbox 2188 2452 2462 2508; x_wconf 86' lang='lat' dir='ltr'><strong>Christum</strong></span> <span class='ocrx_word' id='word_1_569' title='bbox 2494 2454 2787 2510; x_wconf 87' lang='lat' dir='ltr'><strong>conﬁtetur</strong></span> <span class='ocrx_word' id='word_1_570' title='bbox 2848 2456 2959 2521; x_wconf 90' lang='lat' dir='ltr'><strong>ille,</strong></span> <span class='ocrx_word' id='word_1_571' title='bbox 3010 2460 3129 2528; x_wconf 89' lang='lat' dir='ltr'><strong>qui</strong></span> <span class='ocrx_word' id='word_1_572' title='bbox 3184 2467 3519 2528; x_wconf 88' lang='lat' dir='ltr'><strong>propterea</strong></span> <span class='ocrx_word' id='word_1_573' title='bbox 3571 2453 3716 2523; x_wconf 86' lang='lat' dir='ltr'><strong>fugit,</strong></span> <span class='ocrx_word' id='word_1_574' title='bbox 3755 2466 3801 2505; x_wconf 82' lang='lat' dir='ltr'><strong>ne</strong></span> 
     </span>
    </p>
   </div>
   <div class='ocr_carea' id='block_1_69' title="bbox 2190 2544 3931 2616">
    <p class='ocr_par' dir='ltr' id='par_1_69' title="bbox 2190 2544 3931 2616">
     <span class='ocr_line' id='line_1_70' title="bbox 2190 2544 3931 2616; baseline -0.003 -16"><span class='ocrx_word' id='word_1_575' title='bbox 2190 2555 2374 2615; x_wconf 88' lang='lat' dir='ltr'><strong>neget.</strong></span> <span class='ocrx_word' id='word_1_576' title='bbox 2436 2544 2495 2601; x_wconf 88' lang='lat' dir='ltr'><strong>Si</strong></span> <span class='ocrx_word' id='word_1_577' title='bbox 2539 2547 2663 2615; x_wconf 89' lang='lat' dir='ltr'><strong>quis</strong></span> <span class='ocrx_word' id='word_1_578' title='bbox 2711 2561 2844 2616; x_wconf 88' lang='lat' dir='ltr'><strong>ergo</strong></span> <span class='ocrx_word' id='word_1_579' title='bbox 2896 2548 3146 2604; x_wconf 89' lang='lat' dir='ltr'><strong>timidus</strong></span> <span class='ocrx_word' id='word_1_580' title='bbox 3210 2559 3312 2603; x_wconf 88' lang='lat' dir='ltr'><strong>est</strong></span> <span class='ocrx_word' id='word_1_581' title='bbox 3355 2558 3417 2604; x_wconf 88' lang='lat' dir='ltr'><strong>et</strong></span> <span class='ocrx_word' id='word_1_582' title='bbox 3460 2544 3796 2601; x_wconf 75' lang='lat' dir='ltr'><strong>formidolosus</strong></span> <span class='ocrx_word' id='word_1_583' title='bbox 3930 2602 3931 2613; x_wconf 15' lang='grc' dir='ltr'>χ</span> 
     </span>
    </p>
   </div>
   <div class='ocr_carea' id='block_1_70' title="bbox 2187 2636 3937 2723">
    <p class='ocr_par' dir='ltr' id='par_1_70' title="bbox 2187 2636 3937 2723">
     <span class='ocr_line' id='line_1_71' title="bbox 2187 2636 3937 2723; baseline -0.004 -31"><span class='ocrx_word' id='word_1_584' title='bbox 2187 2640 2369 2705; x_wconf 87' lang='lat' dir='ltr'><strong>corde,</strong></span> <span class='ocrx_word' id='word_1_585' title='bbox 2404 2638 2645 2693; x_wconf 88' lang='lat' dir='ltr'><strong>discedat</strong></span> <span class='ocrx_word' id='word_1_586' title='bbox 2668 2653 2698 2691; x_wconf 87' lang='lat' dir='ltr'><strong>a</strong></span> <span class='ocrx_word' id='word_1_587' title='bbox 2721 2640 2938 2703; x_wconf 84' lang='lat' dir='ltr'><strong>castris,</strong></span> <span class='ocrx_word' id='word_1_588' title='bbox 2982 2651 3351 2695; x_wconf 85' lang='lat' dir='ltr'><strong>revertatur</strong></span> <span class='ocrx_word' id='word_1_589' title='bbox 3393 2641 3620 2693; x_wconf 88' lang='lat' dir='ltr'><strong>domum</strong></span> <span class='ocrx_word' id='word_1_590' title='bbox 3646 2649 3785 2693; x_wconf 84' lang='lat' dir='ltr'><strong>suam,</strong></span> 
     </span>
    </p>
   </div>
   <div class='ocr_carea' id='block_1_71' title="bbox 2186 2723 3933 2797">
    <p class='ocr_par' dir='ltr' id='par_1_71' title="bbox 2186 2723 3933 2797">
     <span class='ocr_line' id='line_1_72' title="bbox 2186 2723 3933 2797; baseline -0.003 -17"><span class='ocrx_word' id='word_1_591' title='bbox 2186 2742 2253 2780; x_wconf 89' lang='lat' dir='ltr'><strong>ne</strong></span> <span class='ocrx_word' id='word_1_592' title='bbox 2275 2728 2582 2797; x_wconf 77' lang='lat' dir='ltr'><strong>exemplum</strong></span> <span class='ocrx_word' id='word_1_593' title='bbox 2610 2727 2818 2781; x_wconf 87' lang='lat' dir='ltr'><strong>timoris</strong></span> <span class='ocrx_word' id='word_1_594' title='bbox 2846 2737 2902 2783; x_wconf 88' lang='lat' dir='ltr'><strong>et</strong></span> <span class='ocrx_word' id='word_1_595' title='bbox 2926 2728 3281 2784; x_wconf 86' lang='lat' dir='ltr'><strong>formidinis</strong></span> <span class='ocrx_word' id='word_1_596' title='bbox 3310 2730 3548 2783; x_wconf 73' lang='lat' dir='ltr'><strong>cazteris</strong></span> <span class='ocrx_word' id='word_1_597' title='bbox 3571 2723 3778 2794; x_wconf 75' lang='lat' dir='ltr'><strong>pra-beat.</strong></span> <span class='ocrx_word' id='word_1_598' title='bbox 3932 2732 3933 2741; x_wconf 85' lang='lat'>‘</span> 
     </span>
    </p>
   </div>
   <div class='ocr_carea' id='block_1_72' title="bbox 2190 2812 3769 2913">
    <p class='ocr_par' dir='ltr' id='par_1_72' title="bbox 2190 2812 3769 2913">
     <span class='ocr_line' id='line_1_73' title="bbox 2190 2812 3769 2913; baseline -0.006 -40"><span class='ocrx_word' id='word_1_599' title='bbox 2190 2818 2281 2873; x_wconf 80' lang='lat' dir='ltr'><strong>Vis</strong></span> <span class='ocrx_word' id='word_1_600' title='bbox 2303 2829 2482 2873; x_wconf 87' lang='lat' dir='ltr'><strong>autem</strong></span> <span class='ocrx_word' id='word_1_601' title='bbox 2517 2821 2700 2877; x_wconf 89' lang='lat' dir='ltr'><strong>videre</strong></span> <span class='ocrx_word' id='word_1_602' title='bbox 2732 2822 2917 2891; x_wconf 87' lang='lat' dir='ltr'><strong>quanti</strong></span> <span class='ocrx_word' id='word_1_603' title='bbox 2942 2820 3224 2875; x_wconf 87' lang='lat' dir='ltr'><strong>criminis</strong></span> <span class='ocrx_word' id='word_1_604' title='bbox 3253 2820 3337 2874; x_wconf 86' lang='lat' dir='ltr'><strong>sit</strong></span> <span class='ocrx_word' id='word_1_605' title='bbox 3371 2819 3667 2913; x_wconf 36' lang='lat' dir='ltr'><strong>timidus-et</strong></span> <span class='ocrx_word' id='word_1_606' title='bbox 3689 2812 3769 2913; x_wconf 69' lang='lat' dir='ltr'><strong>for-</strong></span> 
     </span>
    </p>
   </div>
   <div class='ocr_carea' id='block_1_73' title="bbox 2186 2906 3767 3002">
    <p class='ocr_par' dir='ltr' id='par_1_73' title="bbox 2186 2906 3767 3002">
     <span class='ocr_line' id='line_1_74' title="bbox 2186 2906 3767 3002; baseline -0.007 -38"><span class='ocrx_word' id='word_1_607' title='bbox 2186 2909 2515 2965; x_wconf 85' lang='lat' dir='ltr'><strong>midolosus?</strong></span> <span class='ocrx_word' id='word_1_608' title='bbox 2540 2912 2595 2965; x_wconf 93' lang='lat' dir='ltr'><strong>In</strong></span> <span class='ocrx_word' id='word_1_609' title='bbox 2619 2910 2942 2981; x_wconf 83' lang='lat' dir='ltr'><strong>Apocalypsi</strong></span> <span class='ocrx_word' id='word_1_610' title='bbox 2973 2909 3066 2964; x_wconf 91' lang='lat' dir='ltr'><strong>ubi</strong></span> <span class='ocrx_word' id='word_1_611' title='bbox 3096 2918 3542 2965; x_wconf 87' lang='lat' dir='ltr'><strong>enumerantur</strong></span> <span class='ocrx_word' id='word_1_612' title='bbox 3582 2906 3612 2959; x_wconf 91' lang='lat' dir='ltr'><strong>ii</strong></span> <span class='ocrx_word' id='word_1_613' title='bbox 3638 2906 3709 2971; x_wconf 85' lang='lat' dir='ltr'><strong>qui</strong></span> <span class='ocrx_word' id='word_1_614' title='bbox 3724 2906 3767 3002; x_wconf 71' lang='lat' dir='ltr'><strong>in</strong></span> 
     </span>
    </p>
   </div>
   <div class='ocr_carea' id='block_1_74' title="bbox 2186 3002 3752 3072">
    <p class='ocr_par' dir='ltr' id='par_1_74' title="bbox 2186 3002 3752 3072">
     <span class='ocr_line' id='line_1_75' title="bbox 2186 3002 3752 3072; baseline -0.008 -16"><span class='ocrx_word' id='word_1_615' title='bbox 2186 3011 2437 3071; x_wconf 86' lang='lat' dir='ltr'><strong>stagnum</strong></span> <span class='ocrx_word' id='word_1_616' title='bbox 2468 3003 2609 3072; x_wconf 86' lang='lat' dir='ltr'><strong>ignis</strong></span> <span class='ocrx_word' id='word_1_617' title='bbox 2635 3002 2879 3057; x_wconf 89' lang='lat' dir='ltr'><strong>mittendi</strong></span> <span class='ocrx_word' id='word_1_618' title='bbox 2910 3010 3040 3056; x_wconf 88' lang='lat' dir='ltr'><strong>sunt</strong></span> <span class='ocrx_word' id='word_1_619' title='bbox 3066 3003 3144 3066; x_wconf 79' lang='grc'><strong>³⁸,</strong></span> <span class='ocrx_word' id='word_1_620' title='bbox 3202 3002 3282 3056; x_wconf 89' lang='lat' dir='ltr'><strong>ibi</strong></span> <span class='ocrx_word' id='word_1_621' title='bbox 3327 3010 3464 3055; x_wconf 85' lang='lat' dir='ltr'><strong>ante</strong></span> <span class='ocrx_word' id='word_1_622' title='bbox 3523 3010 3683 3052; x_wconf 82' lang='lat' dir='ltr'><strong>omnes</strong></span> <span class='ocrx_word' id='word_1_623' title='bbox 3703 3003 3752 3045; x_wconf 88' lang='lat' dir='ltr'><strong>n-</strong></span> 
     </span>
    </p>
   </div>
   <div class='ocr_carea' id='block_1_75' title="bbox 2187 3083 3919 3187">
    <p class='ocr_par' dir='ltr' id='par_1_75' title="bbox 2187 3083 3919 3187">
     <span class='ocr_line' id='line_1_76' title="bbox 2187 3083 3919 3187; baseline -0.008 -41"><span class='ocrx_word' id='word_1_624' title='bbox 2187 3092 2362 3147; x_wconf 86' lang='lat' dir='ltr'><strong>midos</strong></span> <span class='ocrx_word' id='word_1_625' title='bbox 2384 3102 2438 3148; x_wconf 90' lang='lat' dir='ltr'><strong>et</strong></span> <span class='ocrx_word' id='word_1_626' title='bbox 2464 3092 2843 3148; x_wconf 86' lang='lat' dir='ltr'><strong>formidolosos</strong></span> <span class='ocrx_word' id='word_1_627' title='bbox 2868 3092 3039 3161; x_wconf 87' lang='lat' dir='ltr'><strong>ponit,</strong></span> <span class='ocrx_word' id='word_1_628' title='bbox 3075 3108 3218 3147; x_wconf 85' lang='lat' dir='ltr'><strong>cum</strong></span> <span class='ocrx_word' id='word_1_629' title='bbox 3247 3093 3470 3187; x_wconf 78' lang='lat' dir='ltr'><strong>quibus</strong></span> <span class='ocrx_word' id='word_1_630' title='bbox 3490 3098 3545 3143; x_wconf 90' lang='lat' dir='ltr'><strong>et</strong></span> <span class='ocrx_word' id='word_1_631' title='bbox 3568 3083 3751 3187; x_wconf 79' lang='lat' dir='ltr'><strong>infideles</strong></span> <span class='ocrx_word' id='word_1_632' title='bbox 3915 3156 3919 3187; x_wconf 26' lang='lat' dir='ltr'><strong><em>ﬂ</em></strong></span> 
     </span>
    </p>
   </div>
   <div class='ocr_carea' id='block_1_76' title="bbox 2183 3178 3921 3275">
    <p class='ocr_par' dir='ltr' id='par_1_76' title="bbox 2183 3178 3921 3275">
     <span class='ocr_line' id='line_1_77' title="bbox 2183 3178 3921 3275; baseline -0.002 -36"><span class='ocrx_word' id='word_1_633' title='bbox 2183 3192 2238 3239; x_wconf 89' lang='lat' dir='ltr'><strong>et</strong></span> <span class='ocrx_word' id='word_1_634' title='bbox 2262 3183 2625 3240; x_wconf 85' lang='lat' dir='ltr'><strong>fornicatores</strong></span> <span class='ocrx_word' id='word_1_635' title='bbox 2651 3194 2705 3238; x_wconf 88' lang='lat' dir='ltr'><strong>et</strong></span> <span class='ocrx_word' id='word_1_636' title='bbox 2726 3184 2965 3238; x_wconf 85' lang='lat' dir='ltr'><strong>vinarios</strong></span> <span class='ocrx_word' id='word_1_637' title='bbox 2991 3183 3264 3251; x_wconf 88' lang='lat' dir='ltr'><strong>deputat.</strong></span> <span class='ocrx_word' id='word_1_638' title='bbox 3324 3184 3426 3237; x_wconf 85' lang='lat' dir='ltr'><strong>Sic</strong></span> <span class='ocrx_word' id='word_1_639' title='bbox 3453 3178 3729 3275; x_wconf 43' lang='lat' dir='ltr'><strong>interinter</strong></span> <span class='ocrx_word' id='word_1_640' title='bbox 3915 3178 3921 3265; x_wconf 2' lang='lat' dir='ltr'><strong>ip</strong></span> 
     </span>
    </p>
   </div>
   <div class='ocr_carea' id='block_1_77' title="bbox 2186 3271 3737 3366">
    <p class='ocr_par' dir='ltr' id='par_1_77' title="bbox 2186 3271 3737 3366">
     <span class='ocr_line' id='line_1_78' title="bbox 2186 3271 3737 3366; baseline -0.003 -38"><span class='ocrx_word' id='word_1_641' title='bbox 2186 3276 2257 3329; x_wconf 89' lang='lat' dir='ltr'><strong>tia</strong></span> <span class='ocrx_word' id='word_1_642' title='bbox 2284 3284 2339 3330; x_wconf 90' lang='lat' dir='ltr'><strong>et</strong></span> <span class='ocrx_word' id='word_1_643' title='bbox 2367 3274 2599 3329; x_wconf 84' lang='lat' dir='ltr'><strong>nefanda</strong></span> <span class='ocrx_word' id='word_1_644' title='bbox 2628 3275 2857 3329; x_wconf 88' lang='lat' dir='ltr'><strong>crimina</strong></span> <span class='ocrx_word' id='word_1_645' title='bbox 2902 3273 3131 3329; x_wconf 91' lang='lat' dir='ltr'><strong>timoris</strong></span> <span class='ocrx_word' id='word_1_646' title='bbox 3155 3286 3219 3329; x_wconf 87' lang='lat' dir='ltr'><strong>et</strong></span> <span class='ocrx_word' id='word_1_647' title='bbox 3248 3271 3572 3329; x_wconf 84' lang='lat' dir='ltr'><strong>formidinis</strong></span> <span class='ocrx_word' id='word_1_648' title='bbox 3591 3271 3737 3366; x_wconf 64' lang='lat' dir='ltr'><strong>crium</strong></span> 
     </span>
    </p>
   </div>
   <div class='ocr_carea' id='block_1_78' title="bbox 2182 3362 3734 3438">
    <p class='ocr_par' dir='ltr' id='par_1_78' title="bbox 2182 3362 3734 3438">
     <span class='ocr_line' id='line_1_79' title="bbox 2182 3362 3734 3438; baseline -0.013 -15"><span class='ocrx_word' id='word_1_649' title='bbox 2182 3367 2427 3436; x_wconf 90' lang='lat' dir='ltr'><strong>ponitur.</strong></span> <span class='ocrx_word' id='word_1_650' title='bbox 2457 3367 2582 3421; x_wconf 85' lang='lat' dir='ltr'><strong>llaec</strong></span> <span class='ocrx_word' id='word_1_651' title='bbox 2609 3378 2791 3423; x_wconf 88' lang='lat' dir='ltr'><strong>autem</strong></span> <span class='ocrx_word' id='word_1_652' title='bbox 2821 3367 3056 3421; x_wconf 83' lang='lat' dir='ltr'><strong>diximus</strong></span> <span class='ocrx_word' id='word_1_653' title='bbox 3079 3379 3336 3438; x_wconf 86' lang='lat' dir='ltr'><strong>propter</strong></span> <span class='ocrx_word' id='word_1_654' title='bbox 3384 3381 3480 3422; x_wconf 86' lang='lat' dir='ltr'><strong>eos</strong></span> <span class='ocrx_word' id='word_1_655' title='bbox 3503 3362 3587 3433; x_wconf 85' lang='lat' dir='ltr'><strong>qui</strong></span> <span class='ocrx_word' id='word_1_656' title='bbox 3607 3362 3734 3428; x_wconf 81' lang='lat' dir='ltr'><strong>prium</strong></span> 
     </span>
    </p>
   </div>
   <div class='ocr_carea' id='block_1_79' title="bbox 2183 3446 3737 3519">
    <p class='ocr_par' dir='ltr' id='par_1_79' title="bbox 2183 3446 3737 3519">
     <span class='ocr_line' id='line_1_80' title="bbox 2183 3446 3737 3519; baseline -0.006 -7"><span class='ocrx_word' id='word_1_657' title='bbox 2183 3458 2329 3514; x_wconf 88' lang='lat' dir='ltr'><strong>velut</strong></span> <span class='ocrx_word' id='word_1_658' title='bbox 2376 3459 2548 3515; x_wconf 87' lang='lat' dir='ltr'><strong>timidi</strong></span> <span class='ocrx_word' id='word_1_659' title='bbox 2600 3469 2653 3515; x_wconf 89' lang='lat' dir='ltr'><strong>et</strong></span> <span class='ocrx_word' id='word_1_660' title='bbox 2698 3458 3037 3515; x_wconf 80' lang='lat' dir='ltr'><strong>formidolosi</strong></span> <span class='ocrx_word' id='word_1_661' title='bbox 3082 3462 3273 3519; x_wconf 85' lang='lat' dir='ltr'><strong>corde</strong></span> <span class='ocrx_word' id='word_1_662' title='bbox 3322 3458 3651 3516; x_wconf 81' lang='lat' dir='ltr'><strong>dimittuntur</strong></span> <span class='ocrx_word' id='word_1_663' title='bbox 3690 3446 3737 3498; x_wconf 70' lang='lat' dir='ltr'><strong>de</strong></span> 
     </span>
    </p>
   </div>
   <div class='ocr_carea' id='block_1_80' title="bbox 2180 3550 3615 3643">
    <p class='ocr_par' dir='ltr' id='par_1_80' title="bbox 2180 3550 3615 3643">
     <span class='ocr_line' id='line_1_81' title="bbox 2180 3550 3615 3643; baseline 0.01 -39"><span class='ocrx_word' id='word_1_664' title='bbox 2180 3550 2397 3605; x_wconf 87' lang='lat' dir='ltr'><strong>castris.</strong></span> <span class='ocrx_word' id='word_1_665' title='bbox 3588 3634 3615 3643; x_wconf 43' lang='grc' dir='ltr'><strong>υ</strong></span> 
     </span>
    </p>
   </div>
   <div class='ocr_carea' id='block_1_81' title="bbox 2251 3634 3730 3713">
    <p class='ocr_par' dir='ltr' id='par_1_81' title="bbox 2251 3634 3730 3713">
     <span class='ocr_line' id='line_1_82' title="bbox 2251 3634 3730 3713; baseline -0.005 -21"><span class='ocrx_word' id='word_1_666' title='bbox 2251 3639 2303 3692; x_wconf 72' lang='grc'><strong>2.</strong></span> <span class='ocrx_word' id='word_1_667' title='bbox 2331 3640 2438 3695; x_wconf 89' lang='lat' dir='ltr'><strong>Sed</strong></span> <span class='ocrx_word' id='word_1_668' title='bbox 2467 3650 2818 3713; x_wconf 86' lang='lat' dir='ltr'><strong>posteaquam</strong></span> <span class='ocrx_word' id='word_1_669' title='bbox 2869 3643 2969 3705; x_wconf 84' lang='lat' dir='ltr'><strong>ista</strong></span> <span class='ocrx_word' id='word_1_670' title='bbox 2996 3641 3201 3713; x_wconf 87' lang='lat' dir='ltr'><strong>viginti</strong></span> <span class='ocrx_word' id='word_1_671' title='bbox 3249 3647 3366 3699; x_wconf 86' lang='lat' dir='ltr'><strong>duo</strong></span> <span class='ocrx_word' id='word_1_672' title='bbox 3393 3639 3554 3697; x_wconf 87' lang='lat' dir='ltr'><strong>millia</strong></span> <span class='ocrx_word' id='word_1_673' title='bbox 3572 3634 3730 3689; x_wconf 77' lang='lat' dir='ltr'><strong>disces-</strong></span> 
     </span>
    </p>
   </div>
   <div class='ocr_carea' id='block_1_82' title="bbox 2180 3720 3722 3801">
    <p class='ocr_par' dir='ltr' id='par_1_82' title="bbox 2180 3720 3722 3801">
     <span class='ocr_line' id='line_1_83' title="bbox 2180 3720 3722 3801; baseline -0.009 -16"><span class='ocrx_word' id='word_1_674' title='bbox 2180 3740 2390 3799; x_wconf 85' lang='lat' dir='ltr'><strong>serunt,</strong></span> <span class='ocrx_word' id='word_1_675' title='bbox 2426 3732 2574 3788; x_wconf 88' lang='lat' dir='ltr'><strong>addit</strong></span> <span class='ocrx_word' id='word_1_676' title='bbox 2602 3734 2776 3787; x_wconf 90' lang='lat' dir='ltr'><strong>adhuc</strong></span> <span class='ocrx_word' id='word_1_677' title='bbox 2801 3748 2985 3790; x_wconf 88' lang='lat' dir='ltr'><strong>sermo</strong></span> <span class='ocrx_word' id='word_1_678' title='bbox 3030 3733 3288 3801; x_wconf 85' lang='lat' dir='ltr'><strong>divinus,</strong></span> <span class='ocrx_word' id='word_1_679' title='bbox 3317 3744 3373 3790; x_wconf 87' lang='lat' dir='ltr'><strong>et</strong></span> <span class='ocrx_word' id='word_1_680' title='bbox 3418 3730 3543 3786; x_wconf 88' lang='lat' dir='ltr'><strong>dicit</strong></span> <span class='ocrx_word' id='word_1_681' title='bbox 3566 3724 3625 3777; x_wconf 85' lang='lat' dir='ltr'><strong>ad</strong></span> <span class='ocrx_word' id='word_1_682' title='bbox 3643 3720 3722 3774; x_wconf 77' lang='lat' dir='ltr'><strong>6e-</strong></span> 
     </span>
    </p>
   </div>
   <div class='ocr_carea' id='block_1_83' title="bbox 2179 3812 3719 3910">
    <p class='ocr_par' dir='ltr' id='par_1_83' title="bbox 2179 3812 3719 3910">
     <span class='ocr_line' id='line_1_84' title="bbox 2179 3812 3719 3910; baseline -0.003 -35"><span class='ocrx_word' id='word_1_683' title='bbox 2179 3823 2358 3877; x_wconf 83' lang='lat' dir='ltr'><strong>deon;</strong></span> <span class='ocrx_word' id='word_1_684' title='bbox 2394 3841 2416 3874; x_wconf 73' lang='grc' dir='ltr'><strong>ι</strong></span> <span class='ocrx_word' id='word_1_685' title='bbox 2444 3823 2657 3891; x_wconf 86' lang='lat' dir='ltr'><strong>Adhuc,</strong></span> <span class='ocrx_word' id='word_1_686' title='bbox 2684 3825 2858 3894; x_wconf 89' lang='lat' dir='ltr'><strong>inquit</strong></span> <span class='ocrx_word' id='word_1_687' title='bbox 2897 3825 2966 3889; x_wconf 80' lang='lat'><strong>&quot;,</strong></span> <span class='ocrx_word' id='word_1_688' title='bbox 3004 3827 3250 3893; x_wconf 85' lang='lat' dir='ltr'><strong>populus</strong></span> <span class='ocrx_word' id='word_1_689' title='bbox 3306 3823 3506 3880; x_wconf 83' lang='lat' dir='ltr'><strong>inuitus</strong></span> <span class='ocrx_word' id='word_1_690' title='bbox 3544 3812 3719 3910; x_wconf 75' lang='lat' dir='ltr'><strong>est,</strong></span> 
     </span>
    </p>
   </div>
   <div class='ocr_carea' id='block_1_84' title="bbox 2178 3906 3714 3988">
    <p class='ocr_par' dir='ltr' id='par_1_84' title="bbox 2178 3906 3714 3988">
     <span class='ocr_line' id='line_1_85' title="bbox 2178 3906 3714 3988; baseline -0.006 -21"><span class='ocrx_word' id='word_1_691' title='bbox 2178 3929 2317 3982; x_wconf 90' lang='lat' dir='ltr'><strong>pone</strong></span> <span class='ocrx_word' id='word_1_692' title='bbox 2340 3930 2436 3970; x_wconf 90' lang='lat' dir='ltr'><strong>eos</strong></span> <span class='ocrx_word' id='word_1_693' title='bbox 2459 3918 2524 3971; x_wconf 86' lang='lat' dir='ltr'><strong>ad</strong></span> <span class='ocrx_word' id='word_1_694' title='bbox 2550 3932 2748 3985; x_wconf 90' lang='lat' dir='ltr'><strong>aquam</strong></span> <span class='ocrx_word' id='word_1_695' title='bbox 2774 3928 2830 3972; x_wconf 89' lang='lat' dir='ltr'><strong>et</strong></span> <span class='ocrx_word' id='word_1_696' title='bbox 2854 3918 2925 3971; x_wconf 88' lang='lat' dir='ltr'><strong>ibi</strong></span> <span class='ocrx_word' id='word_1_697' title='bbox 2950 3934 3044 3973; x_wconf 90' lang='lat' dir='ltr'><strong>eos</strong></span> <span class='ocrx_word' id='word_1_698' title='bbox 3073 3921 3331 3988; x_wconf 84' lang='lat' dir='ltr'><strong>probabo</strong></span> <span class='ocrx_word' id='word_1_699' title='bbox 3376 3914 3492 3971; x_wconf 90' lang='lat' dir='ltr'><strong>tibi.</strong></span> <span class='ocrx_word' id='word_1_700' title='bbox 3530 3929 3548 3962; x_wconf 76' lang='grc' dir='ltr'><strong>ι</strong></span> <span class='ocrx_word' id='word_1_701' title='bbox 3581 3906 3631 3962; x_wconf 83' lang='lat' dir='ltr'><strong>Ut</strong></span> <span class='ocrx_word' id='word_1_702' title='bbox 3657 3906 3714 3954; x_wconf 76' lang='lat' dir='ltr'><strong>vi-</strong></span> 
     </span>
    </p>
   </div>
   <div class='ocr_carea' id='block_1_85' title="bbox 2177 4006 3710 4099">
    <p class='ocr_par' dir='ltr' id='par_1_85' title="bbox 2177 4006 3710 4099">
     <span class='ocr_line' id='line_1_86' title="bbox 2177 4006 3710 4099; baseline 0 -39"><span class='ocrx_word' id='word_1_703' title='bbox 2177 4007 2309 4073; x_wconf 86' lang='lat' dir='ltr'><strong>deo,</strong></span> <span class='ocrx_word' id='word_1_704' title='bbox 2340 4008 2414 4062; x_wconf 91' lang='lat' dir='ltr'><strong>illi</strong></span> <span class='ocrx_word' id='word_1_705' title='bbox 2443 4011 2536 4077; x_wconf 91' lang='lat' dir='ltr'><strong>qui</strong></span> <span class='ocrx_word' id='word_1_706' title='bbox 2565 4010 2723 4078; x_wconf 87' lang='lat' dir='ltr'><strong>primi</strong></span> <span class='ocrx_word' id='word_1_707' title='bbox 2779 4012 3053 4078; x_wconf 86' lang='lat' dir='ltr'><strong>reprobati</strong></span> <span class='ocrx_word' id='word_1_708' title='bbox 3103 4022 3279 4079; x_wconf 90' lang='lat' dir='ltr'><strong>sunt,</strong></span> <span class='ocrx_word' id='word_1_709' title='bbox 3321 4022 3422 4064; x_wconf 89' lang='lat' dir='ltr'><strong>nec</strong></span> <span class='ocrx_word' id='word_1_710' title='bbox 3467 4006 3710 4099; x_wconf 35' lang='lat' dir='ltr'><strong>in-atiml”</strong></span> 
     </span>
    </p>
   </div>
   <div class='ocr_carea' id='block_1_86' title="bbox 2177 4094 3708 4160">
    <p class='ocr_par' dir='ltr' id='par_1_86' title="bbox 2177 4094 3708 4160">
     <span class='ocr_line' id='line_1_87' title="bbox 2177 4094 3708 4160; baseline 0.007 -12"><span class='ocrx_word' id='word_1_711' title='bbox 2177 4097 2589 4160; x_wconf 85' lang='lat' dir='ltr'><strong>descenderant,</strong></span> <span class='ocrx_word' id='word_1_712' title='bbox 2618 4099 2711 4152; x_wconf 85' lang='lat' dir='ltr'><strong>sed</strong></span> <span class='ocrx_word' id='word_1_713' title='bbox 2735 4099 2913 4153; x_wconf 87' lang='lat' dir='ltr'><strong>adhuc</strong></span> <span class='ocrx_word' id='word_1_714' title='bbox 2953 4115 3011 4155; x_wconf 88' lang='lat' dir='ltr'><strong>se</strong></span> <span class='ocrx_word' id='word_1_715' title='bbox 3039 4106 3471 4159; x_wconf 86' lang='lat' dir='ltr'><strong>catechumenos</strong></span> <span class='ocrx_word' id='word_1_716' title='bbox 3510 4094 3708 4157; x_wconf 66' lang='lat' dir='ltr'><strong>desill&quot;‘</strong></span> 
     </span>
    </p>
   </div>
   <div class='ocr_carea' id='block_1_87' title="bbox 2177 4179 3701 4253">
    <p class='ocr_par' dir='ltr' id='par_1_87' title="bbox 2177 4179 3701 4253">
     <span class='ocr_line' id='line_1_88' title="bbox 2177 4179 3701 4253; baseline -0.005 -13"><span class='ocrx_word' id='word_1_717' title='bbox 2177 4187 2326 4253; x_wconf 88' lang='lat' dir='ltr'><strong>bant,</strong></span> <span class='ocrx_word' id='word_1_718' title='bbox 2353 4196 2409 4241; x_wconf 89' lang='lat' dir='ltr'><strong>et</strong></span> <span class='ocrx_word' id='word_1_719' title='bbox 2434 4188 2705 4241; x_wconf 91' lang='lat' dir='ltr'><strong>intantum</strong></span> <span class='ocrx_word' id='word_1_720' title='bbox 2737 4187 3044 4245; x_wconf 89' lang='lat' dir='ltr'><strong>formidinis</strong></span> <span class='ocrx_word' id='word_1_721' title='bbox 3069 4193 3211 4247; x_wconf 90' lang='lat' dir='ltr'><strong>vitio</strong></span> <span class='ocrx_word' id='word_1_722' title='bbox 3237 4186 3483 4247; x_wconf 89' lang='lat' dir='ltr'><strong>deterriti</strong></span> <span class='ocrx_word' id='word_1_723' title='bbox 3510 4187 3633 4239; x_wconf 86' lang='lat' dir='ltr'><strong>sunt,</strong></span> <span class='ocrx_word' id='word_1_724' title='bbox 3659 4179 3701 4223; x_wconf 82' lang='grc' dir='ltr'><strong>ιιι</strong></span> 
     </span>
    </p>
   </div>
   <div class='ocr_carea' id='block_1_88' title="bbox 2178 4271 3701 4338">
    <p class='ocr_par' dir='ltr' id='par_1_88' title="bbox 2178 4271 3701 4338">
     <span class='ocr_line' id='line_1_89' title="bbox 2178 4271 3701 4338; baseline 0.001 -5"><span class='ocrx_word' id='word_1_725' title='bbox 2178 4294 2278 4333; x_wconf 82' lang='lat' dir='ltr'><strong>nec</strong></span> <span class='ocrx_word' id='word_1_726' title='bbox 2299 4279 2365 4332; x_wconf 88' lang='lat' dir='ltr'><strong>ad</strong></span> <span class='ocrx_word' id='word_1_727' title='bbox 2418 4278 2696 4334; x_wconf 87' lang='lat' dir='ltr'><strong>lavacrum</strong></span> <span class='ocrx_word' id='word_1_728' title='bbox 2747 4280 2985 4335; x_wconf 83' lang='lat' dir='ltr'><strong>salutare</strong></span> <span class='ocrx_word' id='word_1_729' title='bbox 3032 4283 3480 4338; x_wconf 87' lang='lat' dir='ltr'><strong>descenderent:</strong></span> <span class='ocrx_word' id='word_1_730' title='bbox 3526 4271 3588 4327; x_wconf 88' lang='lat' dir='ltr'><strong>illi</strong></span> <span class='ocrx_word' id='word_1_731' title='bbox 3608 4278 3701 4333; x_wconf 75' lang='lat' dir='ltr'><strong>erin</strong></span> 
     </span>
    </p>
   </div>
   <div class='ocr_carea' id='block_1_89' title="bbox 499 4359 3697 4439">
    <p class='ocr_par' dir='ltr' id='par_1_89' title="bbox 499 4359 3697 4439">
     <span class='ocr_line' id='line_1_90' title="bbox 499 4359 3697 4439; baseline 0.009 -42"><span class='ocrx_word' id='word_1_732' title='bbox 499 4359 667 4415; x_wconf 86' lang='lat' dir='ltr'><strong>seque</strong></span> <span class='ocrx_word' id='word_1_733' title='bbox 689 4362 959 4422; x_wconf 87' lang='lat' dir='ltr'><strong>suumque</strong></span> <span class='ocrx_word' id='word_1_734' title='bbox 983 4369 1145 4425; x_wconf 87' lang='lat' dir='ltr'><strong>caput</strong></span> <span class='ocrx_word' id='word_1_735' title='bbox 1172 4359 1551 4418; x_wconf 86' lang='lat' dir='ltr'><strong>humanissimi</strong></span> <span class='ocrx_word' id='word_1_736' title='bbox 1571 4364 1932 4437; x_wconf 87' lang='lat' dir='ltr'><strong>lioiophernis</strong></span> <span class='ocrx_word' id='word_1_737' title='bbox 1957 4372 2075 4427; x_wconf 88' lang='lat' dir='ltr'><strong>neci</strong></span> <span class='ocrx_word' id='word_1_738' title='bbox 2108 4364 2152 4421; x_wconf 82' lang='grc' dir='ltr'>ι)</span> <span class='ocrx_word' id='word_1_739' title='bbox 2182 4372 2263 4424; x_wconf 88' lang='lat' dir='ltr'><strong>sic</strong></span> <span class='ocrx_word' id='word_1_740' title='bbox 2289 4370 2563 4439; x_wconf 88' lang='lat' dir='ltr'><strong>reprobati</strong></span> <span class='ocrx_word' id='word_1_741' title='bbox 2616 4379 2763 4426; x_wconf 86' lang='lat' dir='ltr'><strong>sunt.</strong></span> <span class='ocrx_word' id='word_1_742' title='bbox 2795 4368 2889 4426; x_wconf 91' lang='lat' dir='ltr'><strong>lsti</strong></span> <span class='ocrx_word' id='word_1_743' title='bbox 2918 4386 3043 4426; x_wconf 83' lang='lat' dir='ltr'><strong>vero</strong></span> <span class='ocrx_word' id='word_1_744' title='bbox 3073 4374 3306 4430; x_wconf 89' lang='lat' dir='ltr'><strong>secundi</strong></span> <span class='ocrx_word' id='word_1_745' title='bbox 3334 4371 3398 4425; x_wconf 89' lang='lat' dir='ltr'><strong>ad</strong></span> <span class='ocrx_word' id='word_1_746' title='bbox 3444 4374 3610 4433; x_wconf 67' lang='lat' dir='ltr'><strong>aquam</strong></span> <span class='ocrx_word' id='word_1_747' title='bbox 3635 4367 3697 4404; x_wconf 63' lang='grc' dir='ltr'><strong>’θ’</strong></span> 
     </span>
    </p>
   </div>
   <div class='ocr_carea' id='block_1_90' title="bbox 498 4436 2075 4528">
    <p class='ocr_par' dir='ltr' id='par_1_90' title="bbox 498 4436 2075 4528">
     <span class='ocr_line' id='line_1_91' title="bbox 498 4436 2075 4528; baseline 0.02 -42"><span class='ocrx_word' id='word_1_748' title='bbox 498 4436 609 4487; x_wconf 87' lang='lat' dir='ltr'><strong>sola</strong></span> <span class='ocrx_word' id='word_1_749' title='bbox 636 4438 924 4509; x_wconf 84' lang='lat' dir='ltr'><strong>subjicere,</strong></span> <span class='ocrx_word' id='word_1_750' title='bbox 950 4456 1004 4499; x_wconf 87' lang='lat' dir='ltr'><strong>et</strong></span> <span class='ocrx_word' id='word_1_751' title='bbox 1031 4449 1303 4515; x_wconf 87' lang='lat' dir='ltr'><strong>processit</strong></span> <span class='ocrx_word' id='word_1_752' title='bbox 1330 4452 1395 4505; x_wconf 90' lang='lat' dir='ltr'><strong>ad</strong></span> <span class='ocrx_word' id='word_1_753' title='bbox 1427 4453 1628 4509; x_wconf 90' lang='lat' dir='ltr'><strong>bellum</strong></span> <span class='ocrx_word' id='word_1_754' title='bbox 1659 4473 1763 4511; x_wconf 89' lang='lat' dir='ltr'><strong>non</strong></span> <span class='ocrx_word' id='word_1_755' title='bbox 1806 4459 1856 4513; x_wconf 93' lang='lat' dir='ltr'><strong>in</strong></span> <span class='ocrx_word' id='word_1_756' title='bbox 1888 4462 2075 4528; x_wconf 87' lang='lat' dir='ltr'><strong>armis,</strong></span> 
     </span>
    </p>
   </div>
   <div class='ocr_carea' id='block_1_91' title="bbox 500 4524 2078 4609">
    <p class='ocr_par' dir='ltr' id='par_1_91' title="bbox 500 4524 2078 4609">
     <span class='ocr_line' id='line_1_92' title="bbox 500 4524 2078 4609; baseline 0.02 -32"><span class='ocrx_word' id='word_1_757' title='bbox 500 4540 675 4594; x_wconf 89' lang='lat' dir='ltr'><strong>neque</strong></span> <span class='ocrx_word' id='word_1_758' title='bbox 700 4528 752 4582; x_wconf 91' lang='lat' dir='ltr'><strong>in</strong></span> <span class='ocrx_word' id='word_1_759' title='bbox 777 4533 931 4600; x_wconf 89' lang='lat' dir='ltr'><strong>equis</strong></span> <span class='ocrx_word' id='word_1_760' title='bbox 948 4524 1192 4606; x_wconf 79' lang='lat' dir='ltr'><strong>bellicis,</strong></span> <span class='ocrx_word' id='word_1_761' title='bbox 1242 4552 1336 4595; x_wconf 89' lang='lat' dir='ltr'><strong>aut</strong></span> <span class='ocrx_word' id='word_1_762' title='bbox 1364 4544 1415 4597; x_wconf 85' lang='lat' dir='ltr'><strong>in</strong></span> <span class='ocrx_word' id='word_1_763' title='bbox 1461 4547 1727 4603; x_wconf 89' lang='lat' dir='ltr'><strong>subsidiis</strong></span> <span class='ocrx_word' id='word_1_764' title='bbox 1752 4550 2078 4609; x_wconf 88' lang='lat' dir='ltr'><strong>militaribus</strong></span> 
     </span>
    </p>
   </div>
   <div class='ocr_carea' id='block_1_92' title="bbox 495 4614 2075 4706">
    <p class='ocr_par' dir='ltr' id='par_1_92' title="bbox 495 4614 2075 4706">
     <span class='ocr_line' id='line_1_93' title="bbox 495 4614 2075 4706; baseline 0.02 -39"><span class='ocrx_word' id='word_1_765' title='bbox 495 4614 659 4681; x_wconf 85' lang='lat' dir='ltr'><strong>freta,</strong></span> <span class='ocrx_word' id='word_1_766' title='bbox 693 4622 787 4674; x_wconf 90' lang='lat' dir='ltr'><strong>sed</strong></span> <span class='ocrx_word' id='word_1_767' title='bbox 816 4623 1016 4679; x_wconf 88' lang='lat' dir='ltr'><strong>virtute</strong></span> <span class='ocrx_word' id='word_1_768' title='bbox 1044 4629 1235 4694; x_wconf 88' lang='lat' dir='ltr'><strong>animi,</strong></span> <span class='ocrx_word' id='word_1_769' title='bbox 1265 4642 1319 4688; x_wconf 91' lang='lat' dir='ltr'><strong>et</strong></span> <span class='ocrx_word' id='word_1_770' title='bbox 1344 4635 1669 4691; x_wconf 89' lang='lat' dir='ltr'><strong>confidentia</strong></span> <span class='ocrx_word' id='word_1_771' title='bbox 1697 4640 1849 4706; x_wconf 73' lang='lat' dir='ltr'><strong>fidei,</strong></span> <span class='ocrx_word' id='word_1_772' title='bbox 1893 4645 2075 4699; x_wconf 82' lang='lat' dir='ltr'><strong>consi-</strong></span> 
     </span>
    </p>
   </div>
   <div class='ocr_carea' id='block_1_93' title="bbox 495 4706 2068 4803">
    <p class='ocr_par' dir='ltr' id='par_1_93' title="bbox 495 4706 2068 4803">
     <span class='ocr_line' id='line_1_94' title="bbox 495 4706 2068 4803; baseline 0.02 -43"><span class='ocrx_word' id='word_1_773' title='bbox 495 4706 569 4761; x_wconf 84' lang='lat' dir='ltr'><strong>lio</strong></span> <span class='ocrx_word' id='word_1_774' title='bbox 592 4710 754 4766; x_wconf 88' lang='lat' dir='ltr'><strong>simul</strong></span> <span class='ocrx_word' id='word_1_775' title='bbox 781 4723 833 4767; x_wconf 88' lang='lat' dir='ltr'><strong>et</strong></span> <span class='ocrx_word' id='word_1_776' title='bbox 857 4719 1085 4774; x_wconf 90' lang='lat' dir='ltr'><strong>audacia</strong></span> <span class='ocrx_word' id='word_1_777' title='bbox 1114 4722 1331 4777; x_wconf 84' lang='lat' dir='ltr'><strong>hostem</strong></span> <span class='ocrx_word' id='word_1_778' title='bbox 1357 4726 1581 4794; x_wconf 88' lang='lat' dir='ltr'><strong>perimit</strong></span> <span class='ocrx_word' id='word_1_779' title='bbox 1604 4733 1648 4767; x_wconf 78' lang='grc'>⁸⁸</span> <span class='ocrx_word' id='word_1_780' title='bbox 1666 4752 1682 4789; x_wconf 89' lang='lat'><strong>:</strong></span> <span class='ocrx_word' id='word_1_781' title='bbox 1701 4740 1756 4788; x_wconf 90' lang='lat' dir='ltr'><strong>et</strong></span> <span class='ocrx_word' id='word_1_782' title='bbox 1775 4748 1938 4803; x_wconf 86' lang='lat' dir='ltr'><strong>quam</strong></span> <span class='ocrx_word' id='word_1_783' title='bbox 1967 4736 2068 4791; x_wconf 88' lang='lat' dir='ltr'><strong>viri</strong></span> 
     </span>
    </p>
   </div>
   <div class='ocr_carea' id='block_1_94' title="bbox 492 4802 2072 4893">
    <p class='ocr_par' dir='ltr' id='par_1_94' title="bbox 492 4802 2072 4893">
     <span class='ocr_line' id='line_1_95' title="bbox 492 4802 2072 4893; baseline 0.02 -41"><span class='ocrx_word' id='word_1_784' title='bbox 492 4802 862 4870; x_wconf 88' lang='lat' dir='ltr'><strong>perdiderant,</strong></span> <span class='ocrx_word' id='word_1_785' title='bbox 890 4808 1090 4865; x_wconf 88' lang='lat' dir='ltr'><strong>femina</strong></span> <span class='ocrx_word' id='word_1_786' title='bbox 1134 4814 1363 4871; x_wconf 86' lang='lat' dir='ltr'><strong>reddidit</strong></span> <span class='ocrx_word' id='word_1_787' title='bbox 1408 4816 1717 4877; x_wconf 87' lang='lat' dir='ltr'><strong>libertatem</strong></span> <span class='ocrx_word' id='word_1_788' title='bbox 1751 4802 1957 4893; x_wconf 77' lang='lat' dir='ltr'><strong>patriae.</strong></span> <span class='ocrx_word' id='word_1_789' title='bbox 2004 4829 2072 4883; x_wconf 87' lang='lat' dir='ltr'><strong>Et</strong></span> 
     </span>
    </p>
   </div>
   <div class='ocr_carea' id='block_1_95' title="bbox 486 4892 2071 4983">
    <p class='ocr_par' dir='ltr' id='par_1_95' title="bbox 486 4892 2071 4983">
     <span class='ocr_line' id='line_1_96' title="bbox 486 4892 2071 4983; baseline 0.019 -40"><span class='ocrx_word' id='word_1_790' title='bbox 486 4892 623 4961; x_wconf 90' lang='lat' dir='ltr'><strong>quid</strong></span> <span class='ocrx_word' id='word_1_791' title='bbox 650 4903 758 4949; x_wconf 87' lang='lat' dir='ltr'><strong>tam</strong></span> <span class='ocrx_word' id='word_1_792' title='bbox 798 4896 957 4968; x_wconf 87' lang='lat' dir='ltr'><strong>longe</strong></span> <span class='ocrx_word' id='word_1_793' title='bbox 992 4904 1150 4959; x_wconf 91' lang='lat' dir='ltr'><strong>nobis</strong></span> <span class='ocrx_word' id='word_1_794' title='bbox 1176 4906 1523 4976; x_wconf 86' lang='lat' dir='ltr'><strong>antiquorum</strong></span> <span class='ocrx_word' id='word_1_795' title='bbox 1571 4892 1816 4983; x_wconf 76' lang='lat' dir='ltr'><strong>exentpla</strong></span> <span class='ocrx_word' id='word_1_796' title='bbox 1843 4917 2071 4972; x_wconf 86' lang='lat' dir='ltr'><strong>revolvi-</strong></span> 
     </span>
    </p>
   </div>
   <div class='ocr_carea' id='block_1_96' title="bbox 486 4986 2074 5069">
    <p class='ocr_par' dir='ltr' id='par_1_96' title="bbox 486 4986 2074 5069">
     <span class='ocr_line' id='line_1_97' title="bbox 486 4986 2074 5069; baseline 0.018 -33"><span class='ocrx_word' id='word_1_797' title='bbox 486 4986 656 5040; x_wconf 77' lang='lat' dir='ltr'><strong>mus?</strong></span> <span class='ocrx_word' id='word_1_798' title='bbox 716 4988 769 5042; x_wconf 94' lang='lat' dir='ltr'><strong>in</strong></span> <span class='ocrx_word' id='word_1_799' title='bbox 800 4992 973 5048; x_wconf 88' lang='lat' dir='ltr'><strong>oculis</strong></span> <span class='ocrx_word' id='word_1_800' title='bbox 1007 4998 1210 5053; x_wconf 89' lang='lat' dir='ltr'><strong>nostris</strong></span> <span class='ocrx_word' id='word_1_801' title='bbox 1265 5014 1408 5069; x_wconf 68' lang='lat' dir='ltr'><strong>saepe</strong></span> <span class='ocrx_word' id='word_1_802' title='bbox 1452 5001 1689 5059; x_wconf 87' lang='lat' dir='ltr'><strong>vidimus</strong></span> <span class='ocrx_word' id='word_1_803' title='bbox 1737 5006 1994 5063; x_wconf 88' lang='lat' dir='ltr'><strong>mulieres</strong></span> <span class='ocrx_word' id='word_1_804' title='bbox 2018 5017 2074 5064; x_wconf 87' lang='lat' dir='ltr'><strong>et</strong></span> 
     </span>
    </p>
   </div>
   <div class='ocr_carea' id='block_1_97' title="bbox 492 5075 2067 5166">
    <p class='ocr_par' dir='ltr' id='par_1_97' title="bbox 492 5075 2067 5166">
     <span class='ocr_line' id='line_1_98' title="bbox 492 5075 2067 5166; baseline 0.019 -39"><span class='ocrx_word' id='word_1_805' title='bbox 492 5075 733 5145; x_wconf 78' lang='lat' dir='ltr'><strong>virgines</strong></span> <span class='ocrx_word' id='word_1_806' title='bbox 760 5084 950 5150; x_wconf 69' lang='lat' dir='ltr'><strong>primae</strong></span> <span class='ocrx_word' id='word_1_807' title='bbox 974 5088 1153 5143; x_wconf 87' lang='lat' dir='ltr'><strong>adhuc</strong></span> <span class='ocrx_word' id='word_1_808' title='bbox 1172 5092 1349 5145; x_wconf 70' lang='lat' dir='ltr'><strong>aetatis</strong></span> <span class='ocrx_word' id='word_1_809' title='bbox 1374 5108 1473 5161; x_wconf 90' lang='lat' dir='ltr'><strong>pro</strong></span> <span class='ocrx_word' id='word_1_810' title='bbox 1501 5096 1762 5166; x_wconf 83' lang='lat' dir='ltr'><strong>martyrio</strong></span> <span class='ocrx_word' id='word_1_811' title='bbox 1789 5100 2067 5166; x_wconf 86' lang='lat' dir='ltr'><strong>tyrannica</strong></span> 
     </span>
    </p>
   </div>
   <div class='ocr_carea' id='block_1_98' title="bbox 488 5170 2069 5249">
    <p class='ocr_par' dir='ltr' id='par_1_98' title="bbox 488 5170 2069 5249">
     <span class='ocr_line' id='line_1_99' title="bbox 488 5170 2069 5249; baseline 0.018 -30"><span class='ocrx_word' id='word_1_812' title='bbox 488 5170 781 5233; x_wconf 74' lang='lat' dir='ltr'><strong>pertulisse</strong></span> <span class='ocrx_word' id='word_1_813' title='bbox 828 5185 1119 5242; x_wconf 87' lang='lat' dir='ltr'><strong>tormenta,</strong></span> <span class='ocrx_word' id='word_1_814' title='bbox 1157 5183 1356 5249; x_wconf 89' lang='lat' dir='ltr'><strong>quibus</strong></span> <span class='ocrx_word' id='word_1_815' title='bbox 1392 5186 1458 5239; x_wconf 86' lang='lat' dir='ltr'><strong>ad</strong></span> <span class='ocrx_word' id='word_1_816' title='bbox 1490 5186 1862 5241; x_wconf 83' lang='lat' dir='ltr'><strong>infirmitatem</strong></span> <span class='ocrx_word' id='word_1_817' title='bbox 1906 5205 2069 5247; x_wconf 75' lang='lat' dir='ltr'><strong>sexus</strong></span> 
     </span>
    </p>
   </div>
   <div class='ocr_carea' id='block_1_99' title="bbox 485 5264 2069 5355">
    <p class='ocr_par' dir='ltr' id='par_1_99' title="bbox 485 5264 2069 5355">
     <span class='ocr_line' id='line_1_100' title="bbox 485 5264 2069 5355; baseline 0.016 -42"><span class='ocrx_word' id='word_1_818' title='bbox 485 5264 718 5319; x_wconf 67' lang='lat' dir='ltr'><strong>novella:</strong></span> <span class='ocrx_word' id='word_1_819' title='bbox 769 5268 947 5323; x_wconf 86' lang='lat' dir='ltr'><strong>adhuc</strong></span> <span class='ocrx_word' id='word_1_820' title='bbox 996 5272 1117 5326; x_wconf 68' lang='lat' dir='ltr'><strong>vitae</strong></span> <span class='ocrx_word' id='word_1_821' title='bbox 1141 5273 1405 5342; x_wconf 86' lang='lat' dir='ltr'><strong>fragilitas</strong></span> <span class='ocrx_word' id='word_1_822' title='bbox 1458 5277 1784 5334; x_wconf 85' lang='lat' dir='ltr'><strong>addebatur.</strong></span> <span class='ocrx_word' id='word_1_823' title='bbox 1824 5280 1913 5337; x_wconf 88' lang='lat' dir='ltr'><strong>Sic</strong></span> <span class='ocrx_word' id='word_1_824' title='bbox 1938 5296 2069 5355; x_wconf 86' lang='lat' dir='ltr'><strong>ergo</strong></span> 
     </span>
    </p>
   </div>
   <div class='ocr_carea' id='block_1_100' title="bbox 562 5384 1961 5465">
    <p class='ocr_par' dir='ltr' id='par_1_100' title="bbox 562 5384 1961 5465">
     <span class='ocr_line' id='line_1_101' title="bbox 562 5384 1961 5465; baseline 0.009 -23"><span class='ocrx_word' id='word_1_825' title='bbox 641 5384 773 5465; x_wconf 82' lang='lat' dir='ltr'><strong>an.</strong></span> <span class='ocrx_word' id='word_1_826' title='bbox 832 5404 942 5465; x_wconf 50' lang='grc' dir='ltr'><strong>ηδ</strong></span> <span class='ocrx_word' id='word_1_827' title='bbox 995 5390 1085 5465; x_wconf 71' lang='lat'><strong>26,</strong></span> <span class='ocrx_word' id='word_1_828' title='bbox 1130 5393 1220 5457; x_wconf 79' lang='lat'><strong>‘27,</strong></span> <span class='ocrx_word' id='word_1_829' title='bbox 1268 5395 1356 5450; x_wconf 76' lang='lat'><strong>55.</strong></span> <span class='ocrx_word' id='word_1_830' title='bbox 1457 5395 1501 5428; x_wconf 88' lang='grc'>³³</span> <span class='ocrx_word' id='word_1_831' title='bbox 1549 5397 1690 5452; x_wconf 85' lang='lat' dir='ltr'><strong>Psal.</strong></span> <span class='ocrx_word' id='word_1_832' title='bbox 1720 5416 1869 5465; x_wconf 76' lang='lat' dir='ltr'><strong>xxvi,</strong></span> <span class='ocrx_word' id='word_1_833' title='bbox 1905 5401 1961 5455; x_wconf 76' lang='grc'><strong>5.</strong></span> 
     </span>
    </p>
   </div>
   <div class='ocr_carea' id='block_1_101' title="bbox 485 5444 1926 5537">
    <p class='ocr_par' dir='ltr' id='par_1_101' title="bbox 485 5444 1926 5537">
     <span class='ocr_line' id='line_1_102' title="bbox 485 5444 1926 5537; baseline 0.015 -32"><span class='ocrx_word' id='word_1_834' title='bbox 485 5444 959 5520; x_wconf 58' lang='grc' dir='ltr'><strong>³⁷Μειιιιι.χ.23.</strong></span> <span class='ocrx_word' id='word_1_835' title='bbox 1036 5444 1437 5535; x_wconf 67' lang='grc' dir='ltr'><strong>ιέιίρὸεἷῖιτ.</strong></span> <span class='ocrx_word' id='word_1_836' title='bbox 1516 5444 1926 5537; x_wconf 36' lang='lat' dir='ltr'><strong>“inuidia:</strong></span> 
     </span>
    </p>
   </div>
   <div class='ocr_carea' id='block_1_102' title="bbox 556 5566 1423 5651">
    <p class='ocr_par' dir='ltr' id='par_1_102' title="bbox 556 5566 1423 5651">
     <span class='ocr_line' id='line_1_103' title="bbox 556 5566 1423 5651; baseline 0.021 -32"><span class='ocrx_word' id='word_1_837' title='bbox 708 5570 831 5651; x_wconf 37' lang='lat' dir='ltr'><strong>diss.</strong></span> <span class='ocrx_word' id='word_1_838' title='bbox 853 5574 1042 5651; x_wconf 10' lang='lat' dir='ltr'><strong>duo“?</strong></span> <span class='ocrx_word' id='word_1_839' title='bbox 1073 5580 1199 5648; x_wconf 85' lang='lat' dir='ltr'><strong>quid</strong></span> <span class='ocrx_word' id='word_1_840' title='bbox 1228 5597 1377 5651; x_wconf 85' lang='lat' dir='ltr'><strong>ergo.</strong></span> <span class='ocrx_word' id='word_1_841' title='bbox 1407 5601 1423 5631; x_wconf 74' lang='grc' dir='ltr'><strong>ι</strong></span> 
     </span>
    </p>
   </div>
   <div class='ocr_carea' id='block_1_103' title="bbox 556 5635 2068 5714">
    <p class='ocr_par' dir='ltr' id='par_1_103' title="bbox 556 5635 2068 5714">
     <span class='ocr_line' id='line_1_104' title="bbox 556 5635 2068 5714; baseline 0.012 -18"><span class='ocrx_word' id='word_1_842' title='bbox 556 5635 675 5708; x_wconf 60' lang='lat'><strong>(86)</strong></span> <span class='ocrx_word' id='word_1_843' title='bbox 717 5642 871 5697; x_wconf 82' lang='lat' dir='ltr'><strong>Libb.</strong></span> <span class='ocrx_word' id='word_1_844' title='bbox 918 5635 1104 5714; x_wconf 52' lang='lat' dir='ltr'><strong>cditi,’</strong></span> <span class='ocrx_word' id='word_1_845' title='bbox 1136 5669 1154 5701; x_wconf 76' lang='grc' dir='ltr'><strong>ι</strong></span> <span class='ocrx_word' id='word_1_846' title='bbox 1194 5653 1258 5706; x_wconf 85' lang='lat' dir='ltr'><strong>ad</strong></span> <span class='ocrx_word' id='word_1_847' title='bbox 1291 5635 1514 5709; x_wconf 58' lang='lat' dir='ltr'><strong>undhtes</strong></span> <span class='ocrx_word' id='word_1_848' title='bbox 1555 5669 1684 5710; x_wconf 88' lang='lat' dir='ltr'><strong>suos</strong></span> <span class='ocrx_word' id='word_1_849' title='bbox 1727 5666 1782 5711; x_wconf 90' lang='lat' dir='ltr'><strong>ut</strong></span> <span class='ocrx_word' id='word_1_850' title='bbox 1826 5658 2068 5714; x_wconf 84' lang='lat' dir='ltr'><strong>veniant.</strong></span> 
     </span>
    </p>
   </div>
   <div class='ocr_carea' id='block_1_104' title="bbox 2067 5405 2389 5469">
    <p class='ocr_par' dir='ltr' id='par_1_104' title="bbox 2067 5405 2389 5469">
     <span class='ocr_line' id='line_1_105' title="bbox 2067 5405 2389 5469; baseline 0 -12"><span class='ocrx_word' id='word_1_851' title='bbox 2067 5405 2111 5438; x_wconf 70' lang='lat'><strong>“</strong></span> <span class='ocrx_word' id='word_1_852' title='bbox 2146 5405 2299 5469; x_wconf 80' lang='lat' dir='ltr'><strong>ibiti.,</strong></span> <span class='ocrx_word' id='word_1_853' title='bbox 2338 5406 2389 5458; x_wconf 76' lang='grc'><strong>1.</strong></span> 
     </span>
    </p>
   </div>
   <div class='ocr_carea' id='block_1_105' title="bbox 2006 5471 2581 5541">
    <p class='ocr_par' dir='ltr' id='par_1_105' title="bbox 2006 5471 2581 5541">
     <span class='ocr_line' id='line_1_106' title="bbox 2006 5471 2581 5541; baseline -0.005 -11"><span class='ocrx_word' id='word_1_854' title='bbox 2006 5477 2050 5507; x_wconf 72' lang='grc'><strong>⁸⁸</strong></span> <span class='ocrx_word' id='word_1_855' title='bbox 2074 5475 2196 5532; x_wconf 84' lang='lat' dir='ltr'><strong>Jud.</strong></span> <span class='ocrx_word' id='word_1_856' title='bbox 2229 5491 2323 5541; x_wconf 88' lang='lat' dir='ltr'><strong>vn,</strong></span> <span class='ocrx_word' id='word_1_857' title='bbox 2358 5476 2410 5540; x_wconf 80' lang='grc' dir='ltr'><strong>ὕ,</strong></span> <span class='ocrx_word' id='word_1_858' title='bbox 2442 5471 2497 5540; x_wconf 83' lang='lat'><strong>6,</strong></span> <span class='ocrx_word' id='word_1_859' title='bbox 2525 5477 2581 5527; x_wconf 86' lang='lat'><strong>7.</strong></span> 
     </span>
    </p>
   </div>
   <div class='ocr_carea' id='block_1_106' title="bbox 2180 4445 3696 4535">
    <p class='ocr_par' dir='ltr' id='par_1_106' title="bbox 2180 4445 3696 4535">
     <span class='ocr_line' id='line_1_107' title="bbox 2180 4445 3696 4535; baseline -0.005 -19"><span class='ocrx_word' id='word_1_860' title='bbox 2180 4463 2360 4528; x_wconf 87' lang='lat' dir='ltr'><strong>niunt,</strong></span> <span class='ocrx_word' id='word_1_861' title='bbox 2389 4471 2448 4517; x_wconf 92' lang='lat' dir='ltr'><strong>ut</strong></span> <span class='ocrx_word' id='word_1_862' title='bbox 2472 4463 2544 4517; x_wconf 90' lang='lat' dir='ltr'><strong>ibi</strong></span> <span class='ocrx_word' id='word_1_863' title='bbox 2573 4463 2892 4532; x_wconf 88' lang='lat' dir='ltr'><strong>probentur.</strong></span> <span class='ocrx_word' id='word_1_864' title='bbox 2942 4463 3008 4518; x_wconf 85' lang='lat' dir='ltr'><strong>Et</strong></span> <span class='ocrx_word' id='word_1_865' title='bbox 3034 4466 3311 4535; x_wconf 89' lang='lat' dir='ltr'><strong>quomodo</strong></span> <span class='ocrx_word' id='word_1_866' title='bbox 3337 4460 3622 4533; x_wconf 75' lang='lat' dir='ltr'><strong>probentur.</strong></span> <span class='ocrx_word' id='word_1_867' title='bbox 3642 4445 3696 4494; x_wconf 61' lang='grc' dir='ltr'><strong>πί·</strong></span> 
     </span>
    </p>
   </div>
   <div class='ocr_carea' id='block_1_107' title="bbox 2176 4542 3685 4640">
    <p class='ocr_par' dir='ltr' id='par_1_107' title="bbox 2176 4542 3685 4640">
     <span class='ocr_line' id='line_1_108' title="bbox 2176 4542 3685 4640; baseline 0.007 -35"><span class='ocrx_word' id='word_1_868' title='bbox 2176 4554 2405 4609; x_wconf 89' lang='lat' dir='ltr'><strong>deamus</strong></span> <span class='ocrx_word' id='word_1_869' title='bbox 2432 4568 2447 4608; x_wconf 90' lang='lat'><strong>:</strong></span> <span class='ocrx_word' id='word_1_870' title='bbox 2479 4572 2497 4606; x_wconf 80' lang='grc' dir='ltr'><strong>ι</strong></span> <span class='ocrx_word' id='word_1_871' title='bbox 2530 4554 2595 4609; x_wconf 87' lang='lat' dir='ltr'><strong>Et</strong></span> <span class='ocrx_word' id='word_1_872' title='bbox 2617 4555 2774 4620; x_wconf 79' lang='lat' dir='ltr'><strong>dixit,</strong></span> <span class='ocrx_word' id='word_1_873' title='bbox 2803 4555 2979 4624; x_wconf 89' lang='lat' dir='ltr'><strong>inquit</strong></span> <span class='ocrx_word' id='word_1_874' title='bbox 3003 4555 3071 4625; x_wconf 66' lang='grc' dir='ltr'><strong>³ο,</strong></span> <span class='ocrx_word' id='word_1_875' title='bbox 3100 4556 3358 4612; x_wconf 88' lang='lat' dir='ltr'><strong>Dominus</strong></span> <span class='ocrx_word' id='word_1_876' title='bbox 3379 4550 3441 4606; x_wconf 80' lang='lat' dir='ltr'><strong>ad</strong></span> <span class='ocrx_word' id='word_1_877' title='bbox 3476 4542 3685 4640; x_wconf 60' lang='grc' dir='ltr'><strong>(ῖθάθίξηξ</strong></span> 
     </span>
    </p>
   </div>
   <div class='ocr_carea' id='block_1_108' title="bbox 2174 4631 3691 4717">
    <p class='ocr_par' dir='ltr' id='par_1_108' title="bbox 2174 4631 3691 4717">
     <span class='ocr_line' id='line_1_109' title="bbox 2174 4631 3691 4717; baseline -0.007 -13"><span class='ocrx_word' id='word_1_878' title='bbox 2174 4645 2404 4701; x_wconf 89' lang='lat' dir='ltr'><strong>Omnem</strong></span> <span class='ocrx_word' id='word_1_879' title='bbox 2455 4645 2770 4714; x_wconf 88' lang='lat' dir='ltr'><strong>quicunque</strong></span> <span class='ocrx_word' id='word_1_880' title='bbox 2817 4645 3018 4702; x_wconf 84' lang='lat' dir='ltr'><strong>lambet</strong></span> <span class='ocrx_word' id='word_1_881' title='bbox 3057 4663 3258 4717; x_wconf 89' lang='lat' dir='ltr'><strong>aquam</strong></span> <span class='ocrx_word' id='word_1_882' title='bbox 3288 4648 3338 4701; x_wconf 89' lang='lat' dir='ltr'><strong>in</strong></span> <span class='ocrx_word' id='word_1_883' title='bbox 3369 4645 3552 4709; x_wconf 67' lang='lat' dir='ltr'><strong>lingua.</strong></span> <span class='ocrx_word' id='word_1_884' title='bbox 3586 4631 3691 4717; x_wconf 45' lang='lat'><strong>5&#39;6&quot;}</strong></span> 
     </span>
    </p>
   </div>
   <div class='ocr_carea' id='block_1_109' title="bbox 2167 4724 3679 4801">
    <p class='ocr_par' dir='ltr' id='par_1_109' title="bbox 2167 4724 3679 4801">
     <span class='ocr_line' id='line_1_110' title="bbox 2167 4724 3679 4801; baseline -0.013 -11"><span class='ocrx_word' id='word_1_885' title='bbox 2167 4732 2361 4790; x_wconf 89' lang='lat' dir='ltr'><strong>lambit</strong></span> <span class='ocrx_word' id='word_1_886' title='bbox 2384 4733 2558 4801; x_wconf 88' lang='lat' dir='ltr'><strong>canis,</strong></span> <span class='ocrx_word' id='word_1_887' title='bbox 2589 4743 2796 4789; x_wconf 88' lang='lat' dir='ltr'><strong>statues</strong></span> <span class='ocrx_word' id='word_1_888' title='bbox 2822 4749 2945 4789; x_wconf 90' lang='lat' dir='ltr'><strong>eum</strong></span> <span class='ocrx_word' id='word_1_889' title='bbox 2976 4750 3223 4791; x_wconf 88' lang='lat' dir='ltr'><strong>seorsum</strong></span> <span class='ocrx_word' id='word_1_890' title='bbox 3257 4756 3269 4791; x_wconf 91' lang='lat'>:</span> <span class='ocrx_word' id='word_1_891' title='bbox 3317 4742 3366 4789; x_wconf 86' lang='lat' dir='ltr'><strong>et</strong></span> <span class='ocrx_word' id='word_1_892' title='bbox 3404 4735 3589 4783; x_wconf 86' lang='lat' dir='ltr'><strong>onmem</strong></span> <span class='ocrx_word' id='word_1_893' title='bbox 3613 4724 3679 4801; x_wconf 71' lang='grc' dir='ltr'><strong>(ιω</strong></span> 
     </span>
    </p>
   </div>
   <div class='ocr_carea' id='block_1_110' title="bbox 2177 4800 3683 4903">
    <p class='ocr_par' dir='ltr' id='par_1_110' title="bbox 2177 4800 3683 4903">
     <span class='ocr_line' id='line_1_111' title="bbox 2177 4800 3683 4903; baseline -0.012 -25"><span class='ocrx_word' id='word_1_894' title='bbox 2177 4825 2491 4879; x_wconf 87' lang='lat' dir='ltr'><strong>curvavcrit</strong></span> <span class='ocrx_word' id='word_1_895' title='bbox 2515 4839 2685 4895; x_wconf 88' lang='lat' dir='ltr'><strong>genua</strong></span> <span class='ocrx_word' id='word_1_896' title='bbox 2712 4841 2809 4881; x_wconf 87' lang='lat' dir='ltr'><strong>sua</strong></span> <span class='ocrx_word' id='word_1_897' title='bbox 2856 4836 2915 4880; x_wconf 91' lang='lat' dir='ltr'><strong>ut</strong></span> <span class='ocrx_word' id='word_1_898' title='bbox 2961 4826 3130 4893; x_wconf 89' lang='lat' dir='ltr'><strong>bibat,</strong></span> <span class='ocrx_word' id='word_1_899' title='bbox 3178 4825 3462 4883; x_wconf 81' lang='lat' dir='ltr'><strong>transferes</strong></span> <span class='ocrx_word' id='word_1_900' title='bbox 3493 4800 3683 4903; x_wconf 58' lang='lat' dir='ltr'><strong>cunni?!</strong></span> 
     </span>
    </p>
   </div>
   <div class='ocr_carea' id='block_1_111' title="bbox 2181 4905 3673 5010">
    <p class='ocr_par' dir='ltr' id='par_1_111' title="bbox 2181 4905 3673 5010">
     <span class='ocr_line' id='line_1_112' title="bbox 2181 4905 3673 5010; baseline -0.013 -40"><span class='ocrx_word' id='word_1_901' title='bbox 2181 4917 2357 4972; x_wconf 82' lang='lat' dir='ltr'><strong>factus</strong></span> <span class='ocrx_word' id='word_1_902' title='bbox 2384 4926 2487 4983; x_wconf 87' lang='lat' dir='ltr'><strong>est,</strong></span> <span class='ocrx_word' id='word_1_903' title='bbox 2519 4918 2712 4989; x_wconf 87' lang='lat' dir='ltr'><strong>inquit,</strong></span> <span class='ocrx_word' id='word_1_904' title='bbox 2746 4934 3002 4974; x_wconf 84' lang='lat' dir='ltr'><strong>numerus</strong></span> <span class='ocrx_word' id='word_1_905' title='bbox 3024 4936 3212 4975; x_wconf 90' lang='lat' dir='ltr'><strong>eorum</strong></span> <span class='ocrx_word' id='word_1_906' title='bbox 3241 4920 3329 4990; x_wconf 87' lang='lat' dir='ltr'><strong>qui</strong></span> <span class='ocrx_word' id='word_1_907' title='bbox 3358 4905 3673 5010; x_wconf 38' lang='lat' dir='ltr'><strong>lamberas-tanti</strong></span> 
     </span>
    </p>
   </div>
   <div class='ocr_carea' id='block_1_112' title="bbox 2179 4996 3673 5099">
    <p class='ocr_par' dir='ltr' id='par_1_112' title="bbox 2179 4996 3673 5099">
     <span class='ocr_line' id='line_1_113' title="bbox 2179 4996 3673 5099; baseline -0.009 -36"><span class='ocrx_word' id='word_1_908' title='bbox 2179 5025 2339 5063; x_wconf 88' lang='lat' dir='ltr'><strong>manu</strong></span> <span class='ocrx_word' id='word_1_909' title='bbox 2364 5025 2561 5079; x_wconf 89' lang='lat' dir='ltr'><strong>aquam</strong></span> <span class='ocrx_word' id='word_1_910' title='bbox 2588 5010 2670 5065; x_wconf 85' lang='lat' dir='ltr'><strong>vel</strong></span> <span class='ocrx_word' id='word_1_911' title='bbox 2697 5010 2901 5081; x_wconf 84' lang='lat' dir='ltr'><strong>lingua,</strong></span> <span class='ocrx_word' id='word_1_912' title='bbox 2933 5012 3164 5068; x_wconf 87' lang='lat' dir='ltr'><strong>trecenti</strong></span> <span class='ocrx_word' id='word_1_913' title='bbox 3202 5012 3321 5066; x_wconf 90' lang='lat' dir='ltr'><strong>viri.</strong></span> <span class='ocrx_word' id='word_1_914' title='bbox 3344 4998 3519 5063; x_wconf 69' lang='lat' dir='ltr'><strong>Caneri</strong></span> 
     </span>
    </p>
   </div>
   <div class='ocr_carea' id='block_1_113' title="bbox 2178 5092 3663 5186">
    <p class='ocr_par' dir='ltr' id='par_1_113' title="bbox 2178 5092 3663 5186">
     <span class='ocr_line' id='line_1_114' title="bbox 2178 5092 3663 5186; baseline -0.001 -31"><span class='ocrx_word' id='word_1_915' title='bbox 2178 5116 2368 5156; x_wconf 89' lang='lat' dir='ltr'><strong>omnes</strong></span> <span class='ocrx_word' id='word_1_916' title='bbox 2396 5112 2765 5156; x_wconf 87' lang='lat' dir='ltr'><strong>curvaverunt</strong></span> <span class='ocrx_word' id='word_1_917' title='bbox 2790 5118 2962 5173; x_wconf 86' lang='lat' dir='ltr'><strong>genua</strong></span> <span class='ocrx_word' id='word_1_918' title='bbox 2987 5119 3108 5167; x_wconf 86' lang='lat' dir='ltr'><strong>sua,</strong></span> <span class='ocrx_word' id='word_1_919' title='bbox 3136 5112 3194 5157; x_wconf 92' lang='lat' dir='ltr'><strong>ut</strong></span> <span class='ocrx_word' id='word_1_920' title='bbox 3219 5104 3446 5159; x_wconf 86' lang='lat' dir='ltr'><strong>biberent</strong></span> <span class='ocrx_word' id='word_1_921' title='bbox 3476 5092 3663 5186; x_wconf 31' lang='lat' dir='ltr'><strong>att-&quot;9.&quot;:</strong></span> 
     </span>
    </p>
   </div>
   <div class='ocr_carea' id='block_1_114' title="bbox 2177 5178 3667 5277">
    <p class='ocr_par' dir='ltr' id='par_1_114' title="bbox 2177 5178 3667 5277">
     <span class='ocr_line' id='line_1_115' title="bbox 2177 5178 3667 5277; baseline -0.007 -28"><span class='ocrx_word' id='word_1_922' title='bbox 2177 5207 2231 5249; x_wconf 89' lang='lat' dir='ltr'><strong>et</strong></span> <span class='ocrx_word' id='word_1_923' title='bbox 2259 5195 2396 5249; x_wconf 80' lang='lat' dir='ltr'><strong>dixit</strong></span> <span class='ocrx_word' id='word_1_924' title='bbox 2425 5195 2682 5249; x_wconf 89' lang='lat' dir='ltr'><strong>Dominus</strong></span> <span class='ocrx_word' id='word_1_925' title='bbox 2703 5196 2769 5250; x_wconf 90' lang='lat' dir='ltr'><strong>ad</strong></span> <span class='ocrx_word' id='word_1_926' title='bbox 2794 5196 3013 5251; x_wconf 88' lang='lat' dir='ltr'><strong>Gedeon</strong></span> <span class='ocrx_word' id='word_1_927' title='bbox 3046 5214 3061 5252; x_wconf 88' lang='lat'><strong>:</strong></span> <span class='ocrx_word' id='word_1_928' title='bbox 3099 5198 3154 5251; x_wconf 92' lang='lat' dir='ltr'><strong>In</strong></span> <span class='ocrx_word' id='word_1_929' title='bbox 3184 5192 3427 5251; x_wconf 88' lang='lat' dir='ltr'><strong>trecentis</strong></span> <span class='ocrx_word' id='word_1_930' title='bbox 3452 5178 3667 5277; x_wconf 35' lang='lat' dir='ltr'><strong>vi‘risisil‘</strong></span> 
     </span>
    </p>
   </div>
   <div class='ocr_carea' id='block_1_115' title="bbox 2175 5272 3660 5358">
    <p class='ocr_par' dir='ltr' id='par_1_115' title="bbox 2175 5272 3660 5358">
     <span class='ocr_line' id='line_1_116' title="bbox 2175 5272 3660 5358; baseline -0.017 -18"><span class='ocrx_word' id='word_1_931' title='bbox 2175 5287 2265 5357; x_wconf 92' lang='lat' dir='ltr'><strong>qui</strong></span> <span class='ocrx_word' id='word_1_932' title='bbox 2294 5285 2599 5340; x_wconf 89' lang='lat' dir='ltr'><strong>lamberunt</strong></span> <span class='ocrx_word' id='word_1_933' title='bbox 2628 5285 2681 5339; x_wconf 92' lang='lat' dir='ltr'><strong>in</strong></span> <span class='ocrx_word' id='word_1_934' title='bbox 2716 5301 2876 5341; x_wconf 88' lang='lat' dir='ltr'><strong>manu</strong></span> <span class='ocrx_word' id='word_1_935' title='bbox 2909 5303 3127 5358; x_wconf 92' lang='lat' dir='ltr'><strong>aquam,</strong></span> <span class='ocrx_word' id='word_1_936' title='bbox 3178 5287 3350 5343; x_wconf 85' lang='lat' dir='ltr'><strong>salvos</strong></span> <span class='ocrx_word' id='word_1_937' title='bbox 3385 5293 3467 5335; x_wconf 91' lang='lat' dir='ltr'><strong>vos</strong></span> <span class='ocrx_word' id='word_1_938' title='bbox 3490 5272 3660 5325; x_wconf 64' lang='lat' dir='ltr'><strong>factam.</strong></span> 
     </span>
    </p>
   </div>
   <div class='ocr_carea' id='block_1_116' title="bbox 2466 5375 3660 5473">
    <p class='ocr_par' dir='ltr' id='par_1_116' title="bbox 2466 5375 3660 5473">
     <span class='ocr_line' id='line_1_117' title="bbox 2466 5375 3660 5473; baseline -0.025 -13"><span class='ocrx_word' id='word_1_939' title='bbox 2466 5403 2511 5434; x_wconf 81' lang='grc'><strong>⁸⁵</strong></span> <span class='ocrx_word' id='word_1_940' title='bbox 2538 5402 2723 5457; x_wconf 83' lang='lat' dir='ltr'><strong>Jndith</strong></span> <span class='ocrx_word' id='word_1_941' title='bbox 2756 5419 2873 5458; x_wconf 80' lang='lat' dir='ltr'><strong>xui.</strong></span> <span class='ocrx_word' id='word_1_942' title='bbox 3006 5404 3051 5436; x_wconf 76' lang='lat'>“</span> <span class='ocrx_word' id='word_1_943' title='bbox 3086 5404 3284 5473; x_wconf 81' lang='lat' dir='ltr'><strong>Ephcs.</strong></span> <span class='ocrx_word' id='word_1_944' title='bbox 3323 5393 3485 5463; x_wconf 69' lang='lat' dir='ltr'><strong>mli,</strong></span> <span class='ocrx_word' id='word_1_945' title='bbox 3508 5384 3575 5448; x_wconf 84' lang='lat' dir='ltr'><strong>t5,</strong></span> <span class='ocrx_word' id='word_1_946' title='bbox 3599 5375 3660 5431; x_wconf 75' lang='grc' dir='ltr'><strong>ιϐ.</strong></span> 
     </span>
    </p>
   </div>
   <div class='ocr_carea' id='block_1_117' title="bbox 2174 5588 3487 5654">
    <p class='ocr_par' dir='ltr' id='par_1_117' title="bbox 2174 5588 3487 5654">
     <span class='ocr_line' id='line_1_118' title="bbox 2174 5588 3487 5654; baseline -0.006 -11"><span class='ocrx_word' id='word_1_947' title='bbox 2174 5590 2285 5643; x_wconf 86' lang='lat' dir='ltr'><strong>lloc</strong></span> <span class='ocrx_word' id='word_1_948' title='bbox 2324 5589 2469 5641; x_wconf 89' lang='lat' dir='ltr'><strong>enim</strong></span> <span class='ocrx_word' id='word_1_949' title='bbox 2500 5598 2602 5643; x_wconf 90' lang='lat' dir='ltr'><strong>est.</strong></span> <span class='ocrx_word' id='word_1_950' title='bbox 2639 5606 2657 5640; x_wconf 75' lang='grc' dir='ltr'><strong>ι</strong></span> <span class='ocrx_word' id='word_1_951' title='bbox 2688 5588 2816 5644; x_wconf 83' lang='lat' dir='ltr'><strong>Mss.</strong></span> <span class='ocrx_word' id='word_1_952' title='bbox 2843 5599 2898 5641; x_wconf 93' lang='lat' dir='ltr'><strong>nt</strong></span> <span class='ocrx_word' id='word_1_953' title='bbox 2930 5590 2981 5643; x_wconf 92' lang='lat' dir='ltr'><strong>in</strong></span> <span class='ocrx_word' id='word_1_954' title='bbox 3024 5600 3206 5645; x_wconf 89' lang='lat' dir='ltr'><strong>nostro</strong></span> <span class='ocrx_word' id='word_1_955' title='bbox 3235 5601 3391 5645; x_wconf 78' lang='lat' dir='ltr'><strong>textu.</strong></span> <span class='ocrx_word' id='word_1_956' title='bbox 3423 5652 3430 5654; x_wconf 96' lang='lat'>_</span> <span class='ocrx_word' id='word_1_957' title='bbox 3461 5646 3487 5654; x_wconf 48' lang='grc' dir='ltr'>η</span> 
     </span>
    </p>
   </div>
   <div class='ocr_carea' id='block_1_118' title="bbox 2252 5646 3575 5729">
    <p class='ocr_par' dir='ltr' id='par_1_118' title="bbox 2252 5646 3575 5729">
     <span class='ocr_line' id='line_1_119' title="bbox 2252 5646 3575 5729; baseline -0.011 -17"><span class='ocrx_word' id='word_1_958' title='bbox 2252 5657 2366 5729; x_wconf 83' lang='lat'><strong>(87)</strong></span> <span class='ocrx_word' id='word_1_959' title='bbox 2397 5657 2691 5716; x_wconf 75' lang='lat' dir='ltr'><strong>Muliebris.</strong></span> <span class='ocrx_word' id='word_1_960' title='bbox 2724 5659 2871 5714; x_wconf 85' lang='lat' dir='ltr'><strong>Unus</strong></span> <span class='ocrx_word' id='word_1_961' title='bbox 2905 5660 3070 5715; x_wconf 73' lang='lat' dir='ltr'><strong>codex</strong></span> <span class='ocrx_word' id='word_1_962' title='bbox 3102 5677 3223 5728; x_wconf 82' lang='lat' dir='ltr'><strong>ms.,</strong></span> <span class='ocrx_word' id='word_1_963' title='bbox 3266 5681 3283 5712; x_wconf 77' lang='grc' dir='ltr'><strong>ι</strong></span> <span class='ocrx_word' id='word_1_964' title='bbox 3325 5646 3526 5712; x_wconf 67' lang='lat' dir='ltr'><strong>infidelis.</strong></span> <span class='ocrx_word' id='word_1_965' title='bbox 3558 5654 3575 5689; x_wconf 72' lang='grc' dir='ltr'><strong>ι</strong></span> 
     </span>
    </p>
   </div>
  </div>
