2029 3122
10 638 21 654 Jl

136 110 214 138 989

697 110 731 137 ΙΝ
750 109 882 137 LIBRUM
901 108 1050 137 JIIDICUM
1068 109 1211 136 IIOMILIA
1225 108 1293 137 VIII.
1764 111 1817 139 090

138 175 180 195 ιιι
201 169 332 196 tradam
351 169 454 196 Madiaa
479 169 506 196 in
523 176 634 196 manum
662 174 744 197 luam.
766 179 775 194 ι
792 170 819 197 In
847 171 974 198 omnibus
991 174 1010 200 Λ
1026 177 1086 196 mus
1100 169 1157 205 (88)
1172 175 1200 196 ut
1212 170 1294 196 etiam
1309 176 1358 196 nos
1381 176 1533 196 irereamur
1545 168 1655 196 ascribi.
1674 168 1816 202 Quomodo

139 222 241 247 pene
265 221 392 242 veterum
407 215 489 249 gestis
504 215 631 249 mysteria
649 216 826 250 designantur
840 217 971 250 ingentia,

140 259 244 285 sicut
263 260 350 286 etiam
374 261 399 286 iu
425 260 476 286 hoc
490 259 548 286 loco
564 259 621 286 fieri
638 260 770 293 videmus,
793 261 857 295 quia
881 261 898 288 ii
928 262 973 290 uni

141 304 352 332 descendunt
367 306 400 332 ad
414 313 522 340 aquam,
543 305 569 332 id
596 310 636 332 est
650 306 695 339 qui
714 305 746 332 ad
772 306 896 340 baptismi
913 315 973 341 gra—

141 349 237 375 liam
257 350 385 383 veniunt,
401 358 452 377 non
466 351 566 377 debent
588 350 730 384 procidere
753 351 779 378 in
797 356 907 384 terram,
924 360 974 381 nec

144 393 293 422 flectere
306 403 391 429 genua
405 404 463 426 sua,
477 401 504 422 et
518 396 614 422 cedere
632 396 827 424 lcntalionibus
842 399 972 430 venturis,

145 440 210 466 sed
233 445 321 467 stare
337 441 451 468 nl'ltliler
462 447 488 468 et
504 445 673 475 cottSlanler,
693 442 764 470 sicut
790 447 818 470 et
842 444 971 478 propheta

150 485 292 512 diccbat
311 485 334 501 “
354 495 360 512 :
379 496 388 511 ι
410 487 546 514 Demissas
562 495 668 520 manus,
687 492 715 515 et
730 488 860 515 dissoluta
884 497 972 523 genua

147 529 297 564 erigite;
327 540 336 556 ι
351 537 377 558 et
392 531 415 546 δ’
432 540 439 559 :
456 540 465 558 ς
483 532 611 560 Cressum
639 538 743 560 rectum
770 532 851 561 facite
866 535 974 561 semitis

152 575 295 602 Vestris.
314 585 323 602 I
338 575 442 604 Venisti
460 578 493 604 ad
508 585 605 612 aquam
621 578 758 613 baptismi,
777 579 842 606 illud
855 584 898 607 est
910 587 972 607 cer-

154 621 294 648 taminis
306 626 333 648 et
344 629 440 657 pugna:
452 623 583 658 spiritalis
598 624 716 657 initium,
740 625 804 653 hinc
818 626 864 653 tibi
879 626 973 653 adver-

154 672 231 691 sum
248 665 385 694 Zabulutn
402 668 522 695 nascitur
534 676 630 703 pugna
642 670 817 705 principium.
832 671 860 698 Si
876 672 973 699 remis-

155 709 226 736 sior
242 708 346 743 fueris,
359 711 380 738 si
396 711 467 740 ﬂecti
481 712 560 740 facile
572 714 707 747 potueris,
720 715 857 749 quomodo
872 723 973 750 pugna-

156 756 234 783 Iiis?
267 757 412 790 Quomodo
438 758 524 786 stabis
553 760 686 787 adversus
715 761 830 788 astutias
856 760 972 788 Zabuli?

158 801 328 837 Propterea
350 808 376 830 et
398 804 544 838 Apostolus
558 805 659 833 clamat
673 806 696 821 "
710 815 716 832 :
733 815 743 832 ι
761 806 837 834 State
856 815 931 842 ergo,
945 812 972 835 et

1026 221 1115 242 tamen
1136 216 1179 243 isti
1204 215 1344 250 pugnant?
1370 214 1505 249 llydrias,
1535 215 1634 248 inquit,
1660 221 1768 247 portant
1786 221 1812 244 el

1024 258 1165 295 lampadas
1179 265 1205 287 et
1222 260 1350 286 bnccinas
1365 267 1479 286 corueas
1501 259 1526 286 in
1553 260 1676 287 manibus
1695 262 1761 293 suis,
1786 267 1814 290 et

1024 306 1073 337 sic.
1087 306 1185 339 inquit,
1203 305 1316 332 veniunt
1328 305 1360 331 ad
1377 305 1436 331 illas
1452 305 1609 332 imntmeras
1625 305 1812 335 multitudines

1025 352 1152 385 hostium,
1169 352 1194 378 in
1209 351 1307 386 quibus
1324 354 1402 376 erant
1416 350 1511 376 cameli
1530 351 1600 377 sicut
1619 358 1700 377 arena
1720 353 1811 379 maris.

1024 396 1057 424 Et
1070 404 1130 423 cum
1146 396 1282 423 venissent
1300 395 1332 421 ad
1349 394 1458 426 bellum,
1484 395 1614 428 buccinis,
1639 395 1735 428 inquit,
1751 403 1812 423 cor-

1022 441 1082 475 neis
1101 444 1286 468 iusonucrnnt.
1307 439 1339 466 Et
1351 439 1528 471 deiniSerunt,
1545 440 1640 474 inquit,
1658 441 1813 474 hydriasdo

1024 487 1159 517 manibus,
1175 490 1202 513 et
1217 485 1340 512 contrita:
1357 489 1431 511 sunt.
1445 483 1520 510 Tunc
1536 492 1600 511 vero
1615 486 1730 519 arreptis
1744 486 1813 513 latit-

1024 531 1140 566 padibus
1155 535 1285 566 proruunt
1299 529 1326 556 in
1344 528 1525 560 adversarios,
1540 528 1620 555 simul
1642 534 1668 556 et
1690 531 1811 558 buccinis

1024 581 1200 611 concrepant.
1216 575 1283 602 Vide
1303 573 1365 608 quia
1392 571 1469 599 electi
1485 573 1584 600 milites
1601 573 1645 600 Dei
1671 582 1733 602 cum
1748 576 1812 603 Iam.

1024 622 1137 656 padibus
1152 624 1281 655 pugnant.
1295 619 1341 647 Sic
1356 620 1427 647 enim
1449 627 1496 647 eos
1522 620 1646 647 Christus
1660 625 1812 649 armaverat

1024 665 1116 693 dicens
1131 665 1153 682 ⁸⁷
1166 675 1173 693 :
1192 675 1201 692 ι
1219 666 1279 693 Sint
1294 665 1377 692 lumbi
1396 666 1477 692 vestri
1493 666 1678 700 prmeiucti,et
1693 665 1811 694 lucerna:

1023 716 1121 738 vestrae
1136 712 1272 739 ardentes.
1292 721 1301 737 ι
1319 711 1351 738 Et
1365 712 1463 738 iterum
1478 711 1502 726 ⁸⁸
1518 719 1525 737 :
1545 720 1555 737 ι
1576 711 1621 738 Sic
1641 710 1742 744 fulgeat
1764 710 1809 737 lus

1023 761 1113 783 vestra
1139 764 1231 783 coram
1247 756 1412 789 hominibus,
1431 761 1461 784 ut
1480 757 1591 784 videant
1611 764 1693 791 opera
1720 760 1809 783 vestra

1026 801 1106 833 bona,
1119 805 1146 828 et
1171 801 1324 836 gloriﬁcent
1345 801 1454 829 Patrem
1472 806 1591 829 vestrum
1612 802 1657 837 qui
1684 802 1710 828 in
1731 802 1810 829 coalis

161 848 261 874 nolite
286 847 371 883 478
394 836 491 876 iterum
512 850 577 884 jngo
599 852 741 879 servi|utis
763 836 971 880 ιιιρτθι-θ,ι)Ἐι
989 836 1010 865 Β
1024 851 1077 873 est.
1097 855 1106 871 ι
1130 845 1240 873 Talibus
1255 854 1319 880 ergo
1341 846 1510 881 lampadibus
1535 836 1676 879 accensis,
1690 854 1809 882 pugnare

162 893 278 920 iterum
295 894 397 921 dicit“
411 902 419 921 :
435 904 444 921 ι
466 895 541 922 State
555 897 580 923 in
595 897 720 925 Domino.
739 907 748 923 ›
764 897 796 924 Ει
820 898 902 925 tertio
926 898 969 926 di-

164 938 209 966 cit
227 938 253 954 ⁸⁸
270 946 278 964 :
294 948 304 965 ι
321 939 453 973 Quoniam
469 945 531 968 tunc
543 941 670 974 vivimus,
685 942 706 970 si
720 950 768 970 vos
783 944 862 971 statis
875 943 902 970 in
918 943 971 971 Do—

165 985 262 1012 mino.
282 994 292 1011 ι
310 985 357 1013 Ille
382 986 466 1021 igitur
478 988 638 1022 probabilis,
667 988 711 1016 ille
725 989 829 1017 electus
848 994 902 1020 est.
923 990 968 1024 qui

166 1034 357 1063 posteaquam
375 1031 408 1057 ad
419 1038 504 1066 aquas
520 1031 646 1066 baptismi
667 1037 777 1060 ventum
791 1038 842 1067 est,
854 1034 924 1061 ﬂecti
937 1034 968 1060 :ul

167 1075 359 1102 necessitates
373 1080 496 1104 terrenas
507 1081 535 1103 et
549 1084 694 1111 corporeus
707 1078 811 1111 nescit,
825 1079 870 1113 qui
895 1080 969 1107 vitiis

167 1126 226 1147 nan
242 1121 377 1156 indulget,
391 1130 480 1157 neque
494 1123 529 1150 ob
544 1124 648 1158 peccati
664 1124 738 1151 sitim
760 1125 894 1153 sternitur
908 1134 969 1160 pro-

168 1172 236 1192 nus.
254 1166 309 1194 Sed
323 1172 350 1194 et
362 1168 433 1201 quod
448 1168 513 1196 dicit
527 1176 574 1196 eos
588 1176 681 1201 manu,
694 1170 735 1197 vel
756 1170 848 1205 lingua
867 1178 964 1206 aquam

167 1209 309 1243 lambere,
336 1220 388 1239 non
409 1213 513 1247 absque
537 1215 700 1241 sacramenti
718 1216 834 1250 quadam
863 1217 967 1252 signiti-

168 1256 265 1282 cantia
279 1256 329 1283 hoc
349 1257 414 1284 mihi
433 1258 539 1285 videtur
552 1261 696 1295 scriptum,
721 1261 826 1288 scilicet
846 1262 919 1296 quod
939 1267 966 1290 et

169 1308 257 1328 manu
270 1306 297 1329 et
312 1302 403 1336 lingua
417 1305 527 1338 operari
541 1305 641 1333 debent
663 1307 763 1334 milites
784 1307 896 1340 Christi,
915 1308 966 1336 hoc

167 1349 215 1372 est
228 1353 313 1380 opere
334 1351 360 1373 et
383 1347 488 1375 verbo:
503 1349 566 1383 quia
590 1359 599 1376 ‹
617 1351 661 1385 qui
677 1351 756 1379 docet
779 1356 806 1378 et
831 1351 906 1384 facit,
922 1353 965 1380 hic

173 1398 291 1426 magnus
309 1392 452 1421 vocabitur
476 1395 503 1421 in
531 1403 615 1429 regno
636 1397 766 1424 calorum
793 1397 824 1423 “.
852 1407 862 1424 ι
888 1397 964 1431 Quod

173 1441 265 1464 autem
277 1439 358 1465 etiam
371 1439 577 1468 similitudinem
592 1442 668 1469 canis
681 1443 826 1471 lambentis
839 1443 964 1477 Scriptu-

175 1490 205 1509 ra
223 1484 326 1517 posuit,
353 1485 461 1513 videtur
484 1486 549 1513 mihi
570 1486 641 1515 istud
666 1488 767 1515 animal
795 1489 846 1516 hoc
862 1489 888 1516 in
904 1488 964 1517 loco
979 1505 1000 1533 ε

176 1533 318 1562 propterea
343 1531 522 1564 nominatum.
545 1532 618 1567 quod
639 1540 720 1568 super
745 1535 837 1561 omnia
863 1540 962 1562 czctera

176 1575 301 1601 animalia
317 1583 438 1604 amorem
465 1577 564 1605 dicitur
586 1580 687 1613 proprii
711 1580 814 1607 domini
841 1588 960 1613 servare,

179 1626 227 1646 nec
241 1625 369 1654 tempore,
384 1629 433 1649 nec
445 1623 552 1657 injuriis
563 1624 716 1651 oblitterari
730 1626 755 1652 in
771 1633 803 1652 eo
818 1626 905 1653 fertur
918 1627 960 1653 af-

178 1664 273 1693 fectus.
298 1665 423 1694 Trecenti
447 1676 512 1703 ergo
534 1669 597 1701 soli,
620 1670 666 1704 qui
686 1672 851 1699 sacramenti
883 1673 963 1708 hujus

180 1710 320 1745 imaginem
346 1713 566 1748 przeformabant,
597 1716 639 1744 isti
666 1716 758 1750 electi,
785 1718 829 1745 isti
843 1719 960 1753 probati,

182 1756 224 1784 isti
246 1758 277 1784 ad
298 1760 437 1786 victoriam
466 1763 630 1795 consecrati,
651 1763 695 1797 qui
719 1771 751 1790 ex
774 1764 832 1798 ipso
855 1766 960 1792 numeri

183 1808 348 1830 sacramento
360 1804 484 1832 obtinere
499 1807 670 1834 adversarios
683 1813 807 1842 possunt.
833 1809 959 1837 Trecenti

182 1847 276 1874 etenim
297 1854 370 1879 sunt,
395 1850 440 1883 qui
463 1850 543 1877 tertio
570 1856 685 1879 centena
712 1853 905 1888 multiplicant.
933 1859 961 1883 et

183 1892 299 1926 perfectis
313 1893 453 1922 Trinitatis
467 1904 608 1923 numerum
624 1897 723 1931 ferunt,
736 1901 784 1925 sul:
797 1908 851 1934 quo
869 1908 962 1927 nume-

183 1945 210 1964 ro
223 1941 305 1965 omnis
321 1939 420 1966 Chriin
439 1947 566 1969 censetur
589 1946 734 1971 exercitus.
762 1945 789 1971 In
814 1953 867 1980 quo
883 1952 961 1980 opta-

1021 892 1097 918 decet
1113 892 1213 919 milites
1228 892 1329 919 Christi
1341 912 1348 923 ,
1373 892 1434 920 luce
1450 899 1560 925 operum
1582 892 1755 927 refulgentes,
1780 898 1806 919 et

1023 936 1167 971 splendore
1181 942 1326 972 gestorum.
1339 937 1403 970 Qute
1417 942 1479 965 sunt
1505 943 1593 965 autem
1610 938 1730 965 buccinte
1747 945 1808 964 cor-

1020 990 1090 1017 neae,
1105 990 1137 1010 ex
1155 984 1253 1018 quibus
1267 984 1330 1010 tuba
1349 984 1468 1011 canunt?
1485 984 1534 1017 Qui
1551 985 1584 1011 de
1597 984 1753 1012 coelestibus
1765 984 1807 1010 lo-

1019 1028 1121 1063 quitur,
1136 1028 1181 1063 qui
1195 1029 1228 1056 de
1241 1029 1407 1063 spiritalibus
1419 1029 1541 1062 disserit,
1558 1030 1604 1064 qui
1620 1029 1748 1064 mysteria
1765 1037 1808 1056 reb

1019 1075 1064 1109 gui
1080 1074 1211 1101 cmlornm
1226 1075 1339 1109 revelat,
1360 1076 1404 1103 illc
1429 1076 1541 1103 buccina
1565 1075 1698 1108 concinit,
1713 1076 1757 1103 ille
1773 1076 1806 1103 de

1019 1120 1083 1147 tuba
1099 1119 1228 1154 loquitur,
1246 1121 1290 1155 qui
1303 1122 1336 1149 de
1356 1122 1461 1156 magnis
1481 1126 1508 1148 et
1531 1121 1657 1149 maximis
1675 1121 1805 1156 loquitur,

1017 1165 1063 1198 qui
1079 1165 1222 1191 scientiam
1239 1165 1341 1193 Christi
1359 1166 1484 1194 humanis
1496 1166 1606 1194 auribus
1618 1167 1722 1201 pandit.
1750 1167 1803 1194 Sed

1018 1217 1067 1236 cur
1081 1213 1107 1236 ct
1122 1217 1221 1237 cornea
1248 1210 1346 1237 dicitur
1371 1211 1506 1238 buccina?
1530 1211 1598 1244 Quia
1612 1216 1637 1238 et
1652 1212 1687 1238 de
1708 1216 1804 1239 sancto

1016 1254 1115 1282 dicitur
1126 1254 1172 1282 "z
1195 1264 1205 1281 ε
1230 1255 1319 1283 Cornu
1344 1255 1403 1290 ejus
1425 1256 1590 1284 exaltabilur
1614 1257 1641 1283 in
1664 1257 1760 1291 gloria.
1790 1266 1800 1283 ι

1018 1300 1095 1328 Unde
1118 1306 1145 1328 et
1166 1302 1379 1336 uniuscujusque
1399 1302 1512 1329 buccina
1532 1302 1630 1328 dicitur
1644 1310 1758 1334 cornea,
1775 1303 1801 1330 in

1018 1358 1050 1377 eo
1074 1351 1145 1384 quod
1170 1351 1345 1385 multiplicem
1369 1344 1507 1377 scientiam
1528 1350 1647 1383 Christi,
1669 1356 1695 1378 et
1714 1352 1802 1379 crucis

1017 1399 1085 1434 ejus,
1104 1407 1164 1434 qua:
1180 1399 1206 1426 in
1224 1407 1308 1426 cornu
1322 1398 1487 1434 designatur,
1503 1398 1610 1427 disserit
1623 1404 1800 1428 sacramenta.

1016 1447 1084 1475 Cum
1105 1448 1155 1475 hac
1179 1456 1241 1482 ergo
1256 1448 1368 1475 buccina
1388 1447 1545 1479 militantes,
1561 1452 1589 1474 et
1605 1455 1665 1474 cum
1683 1448 1732 1475 hac
1750 1456 1801 1483 pu-

1017 1497 1143 1527 gnantes,
1161 1493 1294 1520 vincimus
1311 1493 1487 1528 alienigenas,
1501 1498 1528 1520 et
1546 1493 1636 1520 hostes
1658 1493 1685 1519 in
1709 1492 1800 1527 fugam

1017 1538 1156 1571 vertimus,
1176 1538 1281 1565 etiamsi
1294 1538 1377 1566 fuerit
1393 1539 1537 1566 multitudo
1561 1545 1654 1566 eortnn
1678 1538 1746 1565 sicut
1764 1538 1802 1564 lu-

1017 1587 1110 1610 custaz.
1125 1583 1251 1611 Locustis
1262 1584 1333 1611 enim
1346 1589 1502 1618 comparata
1517 1589 1557 1611 est
1569 1585 1719 1611 daemonum
1733 1583 1802 1609 mul-

1017 1628 1113 1660 titudo,
1129 1628 1227 1662 quibus
1243 1636 1328 1662 neque
1346 1629 1371 1655 in
1390 1629 1472 1663 ctelo,
1499 1636 1586 1662 neque
1612 1628 1637 1655 in
1656 1628 1736 1655 terris
1760 1634 1801 1655 est

1015 1673 1103 1700 sedes.
1121 1673 1257 1701 Przecetlat
1272 1682 1337 1709 ergo
1351 1679 1378 1701 et
1393 1683 1442 1702 nos
1455 1675 1505 1702 hoc
1530 1673 1601 1701 bello
1614 1681 1724 1709 operum
1741 1673 1799 1706 lux,

1016 1718 1136 1745 scientia:
1152 1719 1246 1751 virtus,
1265 1720 1347 1747 divini
1362 1720 1437 1747 verbi
1463 1719 1626 1755 prazdicatio.
1647 1719 1800 1754 Puguemus

1015 1769 1043 1792 et
1060 1773 1108 1792 nos
1120 1765 1146 1792 in
1166 1765 1273 1800 hymnis
1287 1771 1314 1793 ct
1328 1765 1439 1800 psalmis
1462 1769 1489 1792 ct
1504 1765 1617 1792 canticis
1633 1765 1800 1799 spiritalibus

1014 1812 1190 1839 concinentes
1214 1817 1240 1839 et
1258 1812 1408 1839 clamantes
1424 1812 1457 1839 ad
1471 1811 1566 1844 Deum,
1595 1816 1623 1838 ut
1639 1811 1672 1838 ab
1686 1812 1743 1845 ipso
1760 1812 1800 1838 vi—

1015 1856 1128 1884 ctoriam
1144 1857 1274 1891 consequi
1292 1863 1446 1884 mereamur
1466 1856 1493 1882 in
1507 1855 1614 1882 Christo
1627 1854 1689 1883 Iesu
1707 1855 1799 1882 Domi-

1017 1909 1051 1928 no
1075 1908 1179 1933 nostro,
1204 1903 1247 1929 cui
1267 1908 1307 1929 est
1324 1901 1409 1935 gloria
1437 1906 1462 1928 et
1479 1902 1623 1935 imperium
1650 1901 1677 1928 in
1702 1901 1800 1928 smcula

1015 1947 1183 1974 smculornm.
1197 1947 1293 1974 Amen.

186 2027 1070 2042 -_—_____.~—-——~_—_

484 2103 646 2147 ΡΟΥΘ.

216 2191 264 2226 (89)
278 2193 330 2219 Kal
346 2193 437 2228 ὄνομα
452 2194 487 2228 τῇ
502 2195 624 2228 δευτέρᾳ
647 2195 742 2222 Ῥούθ.
777 2197 854 2223 Ῥοὺο
878 2197 960 2223 τύπον
976 2199 997 2226 D

187 2238 254 2271 φέρει
264 2238 313 2263 τῶν
328 2239 411 2266 ἐθνῶν
421 2249 427 2253 ·
441 2241 501 2274 ἥτις
516 2240 643 2267 κατέλιπε
659 2241 691 2266 τὰ
708 2242 819 2277 πάτρια,
835 2244 880 2268 καὶ
893 2242 961 2277 ἠνώ-

189 2283 216 2318 Οη
229 2286 255 2318 τῇ
274 2285 451 2321 Ἰσραηλιτικῇ
466 2286 533 2318 ἕξει.
546 2286 678 2321 Ζητητέον
691 2287 719 2313 δὲ
737 2287 803 2319 πῶς,
819 2288 864 2313 τοῦ
880 2288 960 2323 νέμω

189 2330 387 2365 ἀπαγορεύοντος
413 2332 449 2367 μὴ
482 2332 610 2358 εἰσελοεῖν
637 2333 775 2369 Μοαόίτην
789 2335 827 2365 εἰς
847 2334 960 2369 Ἐκκλη-

189 2375 318 2407 σίανΘεοῦ,
332 2377 346 2411 ἡ
368 2377 444 2403 Ῥοὺο
461 2378 592 2408 Μυαῦῐτις
607 2375 672 2403 οὖσα
688 2378 803 2413 εἰσῆλθε.
815 2379 868 2405 Καὶ
882 2379 960 2405 τοῦτο

188 2420 262 2455 ζητῶν
282 2422 379 2457 χρῆσαι
399 2422 447 2447 τῶ-
468 2432 476 2447 t
489 2423 590 2449 Δικαίω
603 2422 630 2448 δὲ
646 2423 725 2457 νόμος
736 2423 766 2449 οὺ
784 2425 880 2456 κεῖται,
894 2424 960 2451 ἀλλὰ

188 2466 272 2497 tamn;
287 2468 331 2493 καὶ
348 2470 554 2499 avum-47.10:;
566 2479 576 2493 ι

757 2549 779 2564 ⁴¹
793 2548 852 2575 Gal.
869 2555 895 2577 ν,
912 2548 934 2574 l.

721 2583 742 2599 “
760 2584 830 2610 Psal.
845 2590 911 2610 ειη.
926 2583 951 2609 9.

470 2549 491 2564 ⁸¹
505 2549 584 2575 Πε¹Ι>Γ.
601 2557 649 2581 xu,
670 2549 710 2575 15.

439 2584 460 2599 ⁸⁸
480 2584 572 2610 Matth.
591 2592 615 2613 γ,
639 2586 681 2612 lli.

219 2547 236 2562 “
250 2547 293 2574 isa.
308 2556 386 2579 xxxv,
403 2548 429 2576 5.

188 2583 205 2597 ’⁵⁷
221 2582 276 2610 Luc.
293 2591 341 2614 xtl,
355 2583 398 2609 55.

221 2655 266 2687 ‘83;
278 2660 349 2682 mss.,
363 2662 375 2680 tt
390 2659 525 2687 optamus.
541 2664 548 2679 ι
565 2654 641 2681 Libb.
656 2655 752 2685 editi,t
767 2654 928 2680 obtinemus.
945 2661 953 2677 ι

986 2548 1008 2563 ιι
1022 2548 1107 2584 Philip

993 2584 1015 2599 ⁵⁰
1030 2584 1101 2610 Rulli
1117 2593 1135 2617 ι,
1150 2586 1176 2612 4.

1314 2109 1501 2153 llUTH.

1054 2198 1084 2224 Et
1111 2207 1202 2225 nomen
1231 2199 1353 2225 scrundw
1380 2198 1449 2224 Ruth
1472 2199 1503 2224 ”.
1528 2198 1654 2225 Gentium
1684 2198 1796 2232 ﬁguram

1012 2244 1081 2277 gerit
1101 2243 1250 2278 liutlt,qu:e
1273 2243 1372 2271 relictis
1385 2244 1488 2277 patriis,
1502 2243 1653 2271 Israeliticae
1668 2243 1740 2278 genti
1752 2244 1793 2270 in-

1009 2295 1080 2316 serta
1095 2294 1144 2315 est.
1164 2289 1341 2321 Qumrendum
1369 2295 1411 2316 est
1425 2294 1513 2316 autem
1531 2297 1579 2316 cur
1601 2289 1660 2323 lege
1686 2293 1796 2314 velante

1010 2344 1043 2362 uc
1060 2335 1190 2362 Moaliites
1217 2336 1387 2369 ingrediatur
1405 2336 1429 2362 in
1454 2336 1603 2362 Ecclesium
1634 2335 1690 2365 Dei,
1723 2334 1793 2360 Ruth

1010 2380 1135 2407 Moabitis
1150 2381 1268 2407 intrarit.
1285 2380 1340 2407 Hoc
1355 2381 1495 2416 inquirens
1510 2386 1586 2407 utere
1600 2381 1640 2406 his
1654 2378 1791 2405 verbis“:

1012 2436 1020 2452 ι
1036 2426 1111 2453 Justo
1125 2426 1166 2453 lex
1180 2435 1233 2454 non
1250 2432 1291 2454 est
1313 2427 1411 2461 posita,
1426 2426 1473 2453 sed
1489 2426 1596 2461 iujustis
1621 2430 1647 2451 ct
1663 2431 1714 2451 non
1729 2424 1791 2450 sub-

1009 2473 1082 2500 ditis.
1103 2482 1112 2498 ι

1267 2551 1290 2566 ⁸⁸
1305 2551 1312 2577 1
1328 2550 1422 2577 Thess.
1441 2558 1480 2583 Ill,
1498 2551 1524 2578 8.
1562 2550 1582 2565 “
1598 2550 1692 2577 Matth.
1711 2556 1735 2580 ν,
1752 2549 1794 2575 l9.

1216 2586 1258 2612 “l
1275 2585 1343 2612 Tim.
1357 2586 1412 2617 I,9.

1113 2559 1170 2582 .iv,
1191 2551 1215 2577 l.

220 2687 263 2721 r89)
277 2687 293 2714 Ε
308 2687 414 2715 schedis
428 2688 583 2716 Combelisii
598 2691 767 2724 desumpluin
781 2693 822 2716 est
840 2689 890 2715 hoc
906 2687 1096 2720 fragmentum.
