4058 6244
264 308 421 364 993

1510 310 1813 367 SELECTA
1853 311 1915 364 IN
1959 312 2085 368 LIB.
2123 315 2138 367 Ι
2188 316 2447 375 ιιεδυιι.

3505 339 3571 391 99
3582 340 3606 391 ςί

272 422 651 490 ἀπληστίας
686 425 779 479 καὶ
813 427 1245 499 φιλοχρηματίας
1290 429 1348 481 τὸ
1395 430 1583 494 πάθος.
1636 433 1715 484 Tit
1765 432 1906 485 πίονι

2030 432 2353 491 insatiabilis
2382 439 2625 494 avaritiae
2652 439 2897 498 allectus.
2942 424 3211 517 Quidquid
3241 452 3382 506 enim
3412 454 3612 525 pingue

277 514 432 584 γὰρ
466 512 589 565 τῶν
616 516 881 585 ποιμνίων
908 512 1332 588 περιεποιήσατο
1360 520 1555 591 ἑαυτῷ.

385 603 528 657 Καὶ
550 605 736 670 αὐτὸς
757 606 1082 674 πυρῤἀκης.
1138 608 1194 660 '0
1226 609 1323 678 μὲν
1352 606 1443 662 οὖν
1474 608 1651 665 Ἠσαῦ
1686 631 1701 662 ι
1724 613 1926 685 πυρρά-

290 712 432 766 κης
464 692 565 767 ἦν,
616 697 747 751 ὡσεὶ
789 698 949 770 δορὰν
990 699 1185 764 δασύς’
1220 721 1238 751 ι
1274 701 1372 772 τὴν
1402 701 1459 768 ἐξ
1489 704 1762 775 ἁμαρτίας
1788 706 1925 777 ἔχων

2033 538 2145 579 erat
2188 527 2239 580 in
2269 528 2522 598 gregibus
2546 534 2747 595 ovium,
2782 533 2909 589 illttd
2940 539 3040 592 sibi
3074 544 3389 597 reservavit.

2099 616 2164 667 Et
2216 618 2326 684 ipse
2361 620 2511 687 rufus
2536 620 2602 674 ³³.
2648 621 2784 676 Esau
2813 626 3029 694 quidem
3065 647 3081 678 ι
3114 629 3267 685 rufus
3294 644 3431 697 erat,
3467 636 3611 690 sicut

2033 706 2185 775 pellis
2216 710 2440 777 pilosus,
2472 730 2488 761 ι
2526 712 2758 767 habebat
2798 720 2995 787 quippe
3021 735 3084 773 ex
3117 735 3339 790 peccato
3372 727 3609 780 mortali-

289 788 667 859 νεκρὸτητα,
705 791 798 844 καὶ
824 791 984 861 φόνον
1008 791 1146 846 κατά
1183 794 1275 847 τοῦ
1319 795 1532 849 Ἰακώϐ.
1574 797 1632 850 '0
1664 798 1720 851 δὲ
1762 800 1906 852 Δαυὶὲ

2033 806 2193 851 latum
2227 812 2281 853 et
2312 802 2513 855 eaedem
2546 816 2736 858 contra
2766 804 2955 863 Jacob.
3000 788 3164 865 David
3191 824 3371 867 autem
3409 834 3426 867 t
3457 816 3608 871 rufus

301 896 327 928 ι
364 879 685 951 πυρράκης
715 881 854 951 μετὰ
884 882 1113 947 κάλλους
1155 885 1467 956 ὀφθαλμῶν,
1497 889 1593 941 καὶ
1628 888 1829 956 ἀγαθὸς
1857 894 1920 961 τῇ

290 972 530 1044 ὁράσει
590 976 818 1048 Κυρίου,
848 995 866 1029 ι
930 976 1019 1030 ἴνα
1077 977 1137 1030 τὸ
1199 978 1505 1049 διορατικὸν
1556 980 1769 1052 δηλώσῃ
1828 982 1921 1036 τοῦ

291 1066 437 1117 Δαυ
447 1064 523 1119 ίδ.

391 1157 523 1209 Kal
554 1156 672 1211 νῦν
699 1161 749 1213 εί
775 1159 937 1213 εἰσιν
970 1157 1090 1213 ὑπὸ
1130 1159 1243 1227 τὴν
1268 1159 1437 1229 χεῖρά
1464 1177 1579 1217 σου
1614 1163 1794 1218 πέντε
1820 1166 1921 1234 ἆρ-

294 1262 438 1299 τυι.
492 1247 805 1319 Προύδήλου
848 1249 904 1302 δὲ
953 1251 1047 1304 καὶ
1093 1252 1238 1322 ὅτιὴ
1273 1252 1524 1325 βασιλικὴ
1566 1255 1704 1326 φυλὴ
1752 1259 1847 1310 κα)⁵
1886 1260 1918 1328 ἡ

295 1336 588 1410 ῑερατικὴ
638 1339 825 1409 ἔμελλε
872 1341 1237 1396 συνάπτεσθαι
1287 1345 1347 1396 ὲν
1396 1345 1616 1416 Χριστῷ
1660 1346 1738 1417 τῷ
1787 1350 1921 1419 ίερεῖ

290 1427 468 1497 ὁμοῦ
514 1429 610 1482 καὶ
650 1429 879 1500 βασιλεῖ.

396 1520 533 1573 Οὐκ
559 1522 717 1575 εἰσιν
738 1523 1189 1594 ἄρτοι-βέϐηλοι.
1234 1526 1520 1597 Βεϐήλους,
1551 1529 1609 1581 οὐ
1636 1531 1760 1592 τοὺς
1784 1531 1917 1583 ἀκα-

293 1610 571 1683 θάρτους
598 1613 764 1684 λέγει,
798 1616 933 1670 ἀλλὰ
965 1620 1092 1681 τοὺς
1121 1619 1219 1690 οὐχ
1246 1620 1431 1688 άγίους
1451 1638 1465 1652 ·
1497 1621 1611 1684 καὶ,
1645 1623 1721 1687 ὡς
1761 1623 1916 1676 Ἀκύ-

294 1702 427 1766 λας
475 1704 732 1769 ἐξέδωκε,
781 1707 1033 1770 λαῖκούς·
1083 1711 1179 1779 οὐχ
1210 1711 1290 1763 ὅτι
1326 1710 1540 1782 βέϐηλοι
1568 1714 1615 1766 οἱ
1644 1714 1719 1784 μὴ
1747 1714 1911 1781 ἅγιοι,

296 1790 446 1843 ἀλλ’
478 1793 564 1845 ὅτι
588 1794 721 1865 πρὸς
754 1795 814 1847 τὸ
844 1796 997 1865 ἅγιον
1030 1800 1464 1870 συγκρινόμενοι.
1506 1802 1601 1867 ’Ἐξ
1638 1801 1693 1854 δὲ
1722 1803 1919 1872 ἄρτους

301 1878 478 1952 εἶχεν
512 1887 545 1956 ἡ
571 1886 818 1957 τράπεζα
846 1889 931 1942 ἀεὶ
961 1889 1393 1961 ἁλλασσομένους
1418 1893 1555 1963 ὑπὲρ
1576 1893 1683 1946 τῶν
1711 1895 1917 1949 δώδεκα

303 1974 542 2042 φυλῶν,
567 1977 658 2042 οὓς
690 1979 949 2043 ὲνωπίους
978 1982 1203 2035 ὲκάλουν
1223 1997 1237 2011 ο
1267 1983 1342 2046 ὡς
1375 1984 1601 2038 ἕκαστον
1632 1988 1695 2039 ὲκ
1716 1985 1809 2039 δύο
1828 2004 1922 2056 φυ-

300 2063 439 2119 λῶν
474 2070 901 2143 προσφέρεσθαι.
942 2072 1014 2126 Τὸ
1040 2073 1148 2145 γάρ
1173 2076 1237 2128 ὲκ
1269 2076 1457 2129 τούτου
1489 2076 1691 2143 καλεῖν,
1726 2078 1785 2132 τὸ
1821 2080 1919 2143 τὰς

304 2156 509 2224 φυλὰς
552 2159 764 2235 Ἰσραὴλ
810 2165 890 2227 είς
933 2164 1185 2235 ὁμόνοιαν
1230 2167 1613 2221 συνάπτεσθαι.
1672 2170 1917 2240 Προεση-

308 2251 562 2320 μαίνετο
593 2253 648 2308 δὲ
679 2256 771 2308 καὶ
797 2257 875 2316 τὸ.
919 2257 1022 2311 ἀνά
1048 2258 1140 2311 δύο
1165 2259 1478 2330 πέμπεσθαι
1508 2262 1633 2325 τοὺς
1667 2262 1915 2334 μαθητάς

304 2342 438 2394 ὑπὸ
465 2344 704 2416 Χριστοῦ
739 2348 1033 2419 κηρύσσειν
1068 2350 1127 2402 ἐν
1162 2354 1285 2415 ταῖς
1328 2351 1520 2422 φυλαῖς
1559 2353 1805 2424 Ἰσραήλ·
1835 2350 1914 2407 εἶ-

298 2435 411 2487 ναι
442 2452 503 2489 τε
544 2438 661 2508 ἆμα
687 2438 795 2492 τῶν
823 2440 1027 2494 δώδεκα
1060 2441 1321 2512 μαθητῶν
1342 2443 1595 2515 ἀριθμόν.

378 2611 513 2666 Kal
534 2611 665 2666 ἐκεῖ
684 2609 758 2684 ἦν
780 2612 850 2666 ἓν
881 2612 997 2666 τῶν
1028 2614 1371 2684 παιδαρίων.
1414 2617 1575 2688 Δηλοῖ
1600 2618 1682 2670 ὅτι
1711 2618 1800 2672 διὰ
1828 2617 1911 2671 νό-

297 2722 444 2770 σον,
493 2704 528 2776 ἢ
573 2705 640 2758 δι’
690 2707 963 2778 ἁμαρτίαν
1008 2709 1304 2779 παρέμεινε
1351 2709 1509 2779 Δωὴκ
1557 2713 1585 2764 ὁ
1620 2710 1910 2782 Ἰδουμαῖος

298 2795 560 2850 ἐνώπιον
615 2798 819 2867 Κυρίου
865 2799 1295 2871 θεραπευόμενος
1340 2802 1433 2854 καὶ
1482 2802 1911 2873 ἐξομολογούμε-

303 2904 409 2952 νος
430 2903 447 2916 ’
491 2886 525 2957 ἦ
560 2886 851 2957 δαιμόνων,
882 2889 957 2951 ὡς
986 2890 1013 2942 ὁ
1038 2888 1235 2953 Σαοὺλ,
1280 2885 1342 2944 οὗ
1375 2890 1472 2954 τὰς
1511 2892 1767 2961 ἡμιόνους
1792 2893 1909 2947 €60-

306 2996 481 3032 σκεν.

385 3067 509 3124 Καὶ
542 3069 741 3124 Σαοὺλ
772 3070 1026 3139 ἐκάθητο
1053 3073 1123 3126 ἐν
1152 3072 1230 3138 τῷ
1252 3071 1479 3139 βουνῷ.
1534 3074 1591 3127 '0
1615 3074 1787 3129 Σαοὺλ
1811 3075 1904 3128 τοῦ

309 3160 566 3231 πονηροῦ
599 3160 907 3232 πνεύματος
942 3162 1113 3217 τύπον
1159 3164 1333 3237 φέρει,
1383 3166 1643 3238 ἄρξαντος
1670 3168 1764 3221 τοῦ
1808 3170 1907 3221 Ἰσο

315 3250 491 3323 ραὴλ,
525 3251 647 3304 τότε
689 3253 930 3312 εἰπόντος
954 3271 966 3284 ·
1021 3272 1039 3306 ι
1066 3255 1180 3308 Οὐκ
1222 3255 1417 3326 ἔχομεν
1460 3256 1701 3326 βασιλέα.
1731 3278 1749 3310 ι
1798 3262 1906 3314 Καὶ

313 3341 437 3410 γάρ
468 3341 496 3391 ὁ
521 3341 686 3395 πάλαι
708 3342 835 3407 λαὸς
861 3344 1216 3410 ὲξουδενώσας
1250 3347 1340 3399 τὸν
1365 3348 1528 3401 Δαυὶδ
1558 3349 1905 3419 βασιλεύοντα

316 3430 517 3493 αὑτοῦ,
545 3433 711 3502 ᾔτησε
738 3435 826 3487 τὸν
849 3436 1020 3490 Σαοὺλ
1046 3438 1279 3509 ἄρχοντα
1304 3439 1452 3510 αὐτῷ
1484 3440 1725 3512 δοθῆναι.

328 3540 439 3595 Ἕκ
484 3541 601 3596 τῶν
649 3544 981 3613 Ὠριγένους
1011 3550 1099 3670 ῗς
1124 3547 1246 3627 τὴν
1281 3548 1567 3616 δευτέραν
1587 3550 1704 3604 τῶν
1727 3554 1904 3606 Βασι-

1057 3634 1213 3670 stam.

1057 3634 1087 3670 ε
1091 3635 1213 3670 ιωιι.

398 3706 532 3758 Ὀτι
570 3705 955 3774 ἀντέστησαν
982 3710 1034 3761 οἱ
1066 3707 1282 3776 τυφλοὶ
1312 3708 1411 3761 καί
1454 3712 1508 3762 οί
1548 3712 1748 3777 χωλοί.
1804 3712 1901 3763 Ἰευ

317 3797 565 3850 ϐουσαίοι
594 3798 929 3869 φιλόπτωχον
950 3800 1039 3853 τὸν
1063 3800 1224 3852 Δαυὶδ
1247 3800 1512 3855 ὑπέϐαλον
1535 3803 1644 3856 ἀπὸ
1672 3803 1763 3856 τοῦ
1794 3804 1903 3857 τεί-

319 3906 455 3960 κους
484 3888 725 3960 ὑϐρίζειν
767 3891 929 3945 αὐτὸν
956 3894 1080 3957 τοὺς
1108 3894 1311 3964 χωλοὺς
1347 3897 1440 3949 καὶ
1459 3895 1709 3964 τυφλούς.
1750 3897 1808 3949 Ὀ
1844 3897 1902 3950 δὲ

319 3981 609 4052 κρατήσας
650 3982 749 4052 τὴν
794 3983 1168 4056 Ἰερουσαλὴμ,
1209 3987 1269 4039 ού
1307 3986 1464 4057 μόνον
1498 3988 1597 4040 οὐκ
1625 3988 1902 4041 ἐκάκωσεν

320 4071 522 4134 αὐτούς
541 4089 555 4102 ’
591 4072 705 4126 ἀλλ’
732 4073 951 4146 ἔννομον
984 4076 1135 4129 ἔθετο
1166 4081 1276 4140 τοῖς
1318 4079 1480 4132 αὑτοῦ
1509 4078 1865 4149 στρατιώταις
1883 4097 1896 4109 ·

325 4181 344 4212 ι
372 4163 440 4215 Εἴ
463 4179 546 4224 τις
590 4163 766 4217 άνέλοι
812 4165 1008 4235 τυφλὸν
1046 4166 1385 4232 Ἰεϐουσαῖον,
1422 4168 1454 4239 ἢ
1498 4170 1687 4239 χωλὸν,
1734 4171 1900 4225 άπτέο

324 4252 437 4307 σθω
470 4254 528 4304 ὲν
571 4255 888 4323 παραξιφίδι
909 4274 921 4286 ·
952 4277 971 4308 ι
1010 4258 1174 4328 ἤγουν
1224 4278 1241 4309 t
1268 4259 1610 4330 ἀναιρείσθω.
1639 4280 1658 4311 ι
1702 4261 1765 4313 Et
1792 4260 1900 4332 γάρ

325 4344 421 4398 καὶ
459 4343 686 4413 ἐμίσουν
714 4346 812 4415 τὴν
839 4345 1015 4419 ψυχὴν
1051 4348 1232 4415 Δαυὶδ,
1266 4348 1400 4402 ἀλλὰ
1445 4351 1658 4419 φειδοῦς
1686 4351 1893 4422 ἔτυχον.

2030 903 2152 941 cum
2181 889 2581 957 pulchritudine
2611 895 2916 963 oculorum,
2964 909 3014 952 et
3047 902 3219 955 bonus
3250 914 3467 971 aspectu
3502 906 3607 960 Do-

2032 982 2194 1045 mino,
2227 1001 2245 1032 )
2284 991 2339 1035 ut
2372 984 2701 1054 perspicacia
2733 988 2951 1043 Davidis
2978 994 3377 1049 ostenderetur.

2099 1155 2164 1209 Et
2205 1175 2339 1212 nunc
2370 1160 2416 1213 si
2451 1172 2571 1216 sunt
2595 1164 2687 1216 sub
2719 1181 2875 1218 manu
2915 1170 3140 1240 quinque
3165 1187 3322 1238 panes
3346 1174 3412 1227 ⁵⁵.
3457 1174 3595 1231 Pras-

2027 1246 2371 1313 s'gnilicabat
2418 1251 2618 1319 regiam
2660 1254 2857 1307 tribum
2892 1268 2947 1310 et
2996 1262 3385 1316 sacerdotalem
3432 1266 3604 1321 coali-

2030 1344 2181 1388 turas
2219 1352 2338 1391 esse
2375 1340 2426 1392 in
2458 1340 2673 1396 Christo
2702 1345 2982 1400 sacerdote
3007 1347 3168 1402 simul
3199 1360 3253 1404 et
3286 1366 3431 1421 rege.

2097 1512 2218 1566 Non
2247 1527 2366 1569 sum
2398 1534 2557 1584 panes
2579 1521 2791 1590 profani
2816 1524 2886 1580 ".
2929 1524 3210 1591 Profanos,
3241 1546 3345 1584 non
3371 1531 3605 1588 immun-

2025 1605 2121 1657 dos
2149 1606 2301 1669 dicit,
2333 1610 2425 1662 sed
2461 1627 2564 1664 non
2612 1625 2848 1677 sanctos,
2882 1626 2938 1672 et
2974 1630 3030 1673 ιιι
3060 1620 3249 1688 Aquila
3282 1624 3463 1689 vertit,
3496 1624 3599 1678 lai-

2023 1710 2117 1750 cos
2151 1713 2164 1749 :
2194 1712 2301 1751 non
2336 1699 2478 1765 quod
2529 1703 2761 1770 profani,
2806 1708 2896 1775 qui
2928 1723 3031 1762 non
3087 1712 3282 1775 sancti,
3332 1715 3427 1769 sed
3456 1717 3596 1783 quod

1955 1785 2145 1840 Bcum
2196 1797 2385 1842 sancto
2432 1794 2752 1860 comparati.
2813 1794 2918 1850 Sex
2972 1808 3153 1853 autem
3205 1816 3371 1869 panes
3410 1804 3597 1860 [tabuit

2024 1889 2208 1928 mensa
2237 1877 2325 1946 qui
2357 1893 2572 1948 semper
2594 1885 2963 1951 mutabantur,
2993 1902 3127 1956 quos
3156 1902 3211 1945 et
3234 1895 3499 1950 vocabant
3527 1911 3593 1951 es

2021 1970 2249 2023 adverso
2275 1972 2478 2040 positos
2504 1988 2600 2042 pro
2622 1975 2905 2031 duodecim
2937 1980 3215 2047 tribubus;
3246 1984 3316 2037 ita
3348 1996 3407 2039 ut
3439 2002 3597 2041 unus-

2021 2059 2253 2127 quisque
2303 2077 2334 2114 a
2381 2062 2590 2119 duabus
2624 2064 2871 2120 tribubus
2924 2068 3233 2126 oﬂ'erretur.
3289 2071 3418 2129 inde
3446 2078 3593 2129 enim

2020 2150 2125 2205 illis
2158 2167 2377 2216 nomen,
2415 2159 2556 2224 quod
2605 2158 2776 2213 tribus
2822 2159 2983 2214 Israel
3032 2164 3084 2216 in
3133 2166 3378 2220 eamdem
3425 2168 3590 2223 animi

2018 2244 2341 2298 sententiam
2376 2248 2748 2303 convenirent.
2792 2247 3246 2322 Prtesigniiicatur
3287 2258 3448 2310 etiam
3477 2258 3594 2314 fore

2019 2345 2075 2389 ιιι
2110 2336 2215 2391 bini
2263 2347 2318 2392 et
2356 2339 2464 2393 bini
2512 2355 2540 2392 a
2593 2340 2814 2396 Christo
2858 2344 3104 2414 discipuli
3142 2348 3488 2402 mitterentur
3520 2350 3587 2403 ad

2018 2429 2189 2483 tribus
2228 2429 2388 2483 lsrael
2419 2440 2474 2485 et
2503 2432 2669 2485 simul
2701 2444 2848 2489 esset
2886 2436 3171 2491 duodecim
3221 2439 3594 2506 apostolorum

2017 2535 2294 2576 numerus.

2085 2610 2153 2665 Et
2203 2613 2273 2664 ibi
2311 2622 2424 2667 erat
2464 2631 2599 2669 unus
2635 2632 2917 2683 puerorum
2956 2618 3020 2669 ⁸⁸.
3066 2617 3345 2688 Signiﬁcat
3375 2631 3593 2692 propter

2011 2712 2294 2771 peccatum
2344 2704 2427 2759 vel
2476 2708 2545 2761 ob
2592 2707 2840 2761 morbum
2897 2712 3221 2764 remansisse
3268 2708 3413 2780 Doeg
3464 2711 3588 2765 ldu-

2012 2808 2205 2848 nucum
2257 2804 2315 2848 ut
2362 2797 2593 2851 serviret
2633 2806 2688 2853 et
2725 2797 3083 2852 confiteretur
3126 2814 3309 2853 coram
3337 2799 3592 2869 Domino,

2011 2884 2093 2938 vel
2137 2900 2322 2940 coram
2373 2887 2731 2955 daemonibus,
2780 2890 3236 2958 quemadmodum
3271 2891 3400 2945 Saul
3434 2892 3590 2963 cujus

2010 2978 2183 3028 mulos
2217 2977 2498 3046 pascebat.

2081 3065 2147 3120 Et
2175 3066 2313 3122 Saul
2336 3069 2549 3121 sedebat
2578 3069 2633 3123 in
2664 3068 2794 3124 colle
2816 3070 2885 3124 ⁵⁷.
2928 3070 3055 3125 Saul
3086 3080 3264 3141 typum
3295 3071 3398 3127 fert
3427 3073 3584 3127 mali-

2009 3159 2095 3227 gni
2117 3158 2341 3226 spiritus
2360 3158 2451 3226 qui
2485 3159 2791 3214 dominatus
2812 3170 2896 3214 est
2924 3161 3085 3215 Israel
3116 3161 3316 3217 dicenti
3354 3178 3369 3215 :
3410 3182 3429 3213 s
3470 3163 3581 3217 Non

2010 3248 2274 3302 habemus
2306 3262 2505 3316 regem.
2538 3266 2557 3300 ι
2599 3247 2732 3302 Nam
2763 3249 2976 3318 priscus
3014 3252 3243 3320 populus
3272 3262 3584 3325 contempto

2008 3338 2209 3391 Davide
2234 3352 2359 3407 rege
2385 3352 2483 3392 suo
2505 3338 2664 3408 petiit
2694 3339 2912 3394 Saulem
2949 3354 3127 3409 regem
3156 3341 3257 3396 sibi
3291 3342 3355 3395 da
3368 3343 3434 3396 ri.
3506 3418 3509 3421 _

2007 3535 2093 3591 Ea:
2125 3536 2512 3590 commentariis
2559 3534 2801 3605 Origenis
2843 3536 2901 3589 in
2943 3535 3133 3588 librum
3166 3539 3451 3592 secundum
3482 3538 3581 3594 Re—

2673 3622 2916 3675 gnarum.

2077 3697 2221 3762 Quia
2268 3695 2534 3751 adversati
2578 3708 2699 3749 sunt
2747 3696 2872 3749 cwci
2917 3705 2965 3749 et
3021 3693 3198 3747 claudi
3224 3693 3291 3749 ⁸⁸.
3349 3694 3576 3751 Jebuswi

2003 3805 2299 3861 pauperum
2326 3798 2625 3843 amatorem
2662 3785 2830 3842 David
2877 3802 2908 3842 a
2944 3802 3098 3841 muro
3128 3801 3578 3843 commonueruut

2003 3885 2298 3940 conviciari
2333 3884 2430 3952 ipsi
2465 3897 2638 3938 caecos
2667 3890 2720 3936 et
2770 3880 3011 3935 claudos.
3065 3880 3161 3933 Hic
3192 3892 3372 3936 autem
3402 3884 3579 3954 captis

2002 3976 2353 4047 Jerosolymis
2386 3991 2491 4031 non
2527 3974 2700 4031 solum
2733 3974 2864 4028 nihil
2903 3974 2982 4030 eis
3011 3974 3136 4028 mali
3174 3976 3443 4044 rependit,
3478 3980 3577 4032 sed

2003 4080 2267 4134 militibus
2293 4078 2430 4132 hanc
2463 4077 2631 4147 legem
2669 4074 2857 4129 tulit”
2895 4093 2908 4129 :
2950 4092 2968 4126 ¢
2993 4073 3051 4129 Si
3083 4076 3203 4145 quis
3243 4075 3575 4133 interfecerit

2001 4186 2202 4226 cmcum
2227 4168 2554 4232 Jebusteum,
2580 4167 2664 4221 vel
2694 4167 2968 4233 claudum,
2997 4176 3247 4234 tangatur
3276 4167 3523 4237 pugione,
3546 4188 3571 4225 ο

2004 4263 2106 4317 ltoc
2134 4271 2217 4315 est
2249 4279 2269 4312 ι
2299 4259 2596 4315 occidatur.
2623 4276 2640 4310 ι
2684 4257 2942 4324 Quamvis
2981 4258 3125 4313 enim
3156 4260 3280 4312 odio
3316 4259 3575 4315 baberent

2002 4352 2237 4405 animam
2270 4349 2459 4412 David,
2492 4349 2573 4403 eis
2604 4349 2869 4418 put-citum
2900 4356 3003 4403 est.

339 4457 431 4510 Ἐκ
466 4454 585 4510 τῶν
629 4457 960 4528 Ὠριγένους
1004 4463 1090 4539 είς
1116 4462 1243 4539 τήν
1286 4463 1493 4533 τρίτην
1548 4462 1667 4517 τῶν
1708 4467 1889 4519 Βασι-

2007 4460 2163 4533 481
2212 4458 2296 4513 Ea:
2331 4459 2716 4539 commentariis
2748 4456 2991 4526 Origenis
3022 4457 3078 4510 in
3117 4457 3312 4510 librant
3354 4458 3567 4512 tertium

1008 4536 1207 4585 λειῶν.

398 4619 504 4673 Καὶ
525 4617 730 4687 σφύρα
763 4621 860 4673 καί
893 4622 1153 4689 πέλεκυς
1196 4625 1295 4677 καὶ
1323 4624 1448 4679 πᾶν
1471 4627 1695 4691 σκεῦος
1722 4626 1893 4694 σιδήο

321 4727 452 4778 μου.
486 4705 646 4773 Οἶκος
668 4711 723 4763 δὲ
746 4713 1082 4786 ήἙκκλησία
1107 4714 1200 4767 τοῦ
1222 4714 1378 4778 Θεοῦ,
1406 4718 1463 4769 ὲν
1544 4719 1605 4770 ού
1625 4719 1708 4771 δεῖ
1728 4720 1896 4772 ἀκου-

335 4802 514 4874 σθῆναι
544 4804 774 4873 σφύραν.
803 4805 914 4875 Σφύ
924 4824 990 4879 ρα
1021 4807 1078 4860 δὲ
1103 4809 1283 4879 πάσης
1304 4810 1428 4881 γῆς,
1452 4811 1481 4862 ὀ
1502 4809 1745 4873 διάϐολος
1764 4828 1777 4840 ’
1798 4811 1893 4865 xui.

330 4896 468 4950 ἔστιν
493 4898 520 4949 δ
571 4896 645 4968 μὴ
675 4898 972 4967 φροντίζων
1014 4900 1201 4971 αὐτῆς,
1247 4902 1412 4955 οἱονεί
1455 4919 1539 4966 τις
1563 4902 1662 4972 ὕλη
1696 4920 1892 4955 τυπτο-

334 4988 458 5059 μένη
496 4989 623 5059 παρ’
652 4989 821 5059 αὐτῆς
847 4991 938 5043 καὶ
968 4989 1043 5061 μὴ
1072 4992 1371 5061 πάσχουσα.
1421 5010 1440 5043 ι
1463 4993 1592 5045 Ἰδοὺ
1624 4992 1753 5062 γὰρ,
1782 5008 1888 5061 φη-

331 5084 409 5136 σὶν
442 5081 639 5152 Ἀμώς,
686 5082 827 5151 ἀνὴρ
866 5080 1113 5154 ἑστηκὼς
1150 5083 1240 5135 ἐπὶ
1268 5085 1478 5154 τείχους
1506 5083 1885 5153 ἀδαμαντίνου,

333 5175 417 5227 καὶ
440 5175 491 5227 ὲν
514 5174 584 5243 τῇ
620 5175 764 5243 χειρὶ
793 5172 958 5225 αὑτοῦ
997 5173 1239 5243 ἀδάμας’
1266 5191 1285 5223 ι
1321 5173 1378 5236 ὃς
1419 5174 1633 5243 ἀδάμας
1679 5175 1770 5227 ὑπ’
1791 5176 1884 5227 ού-

330 5266 498 5338 δεμίας
542 5264 964 5335 συντριϐήσεται
995 5265 1220 5336 σφύρας.
1256 5265 1372 5318 Κᾶν
1415 5266 1707 5335 ἐφεστήκει
1752 5265 1882 5334 γοῦν

332 5361 357 5411 ὸ
378 5358 608 5418 διάϐολος
642 5354 843 5426 σφύρα,
887 5356 981 5409 καὶ
1018 5356 1368 5426 ὑποκείμενος
1406 5359 1433 5409 ὁ
1464 5357 1678 5427 δράκων
1698 5356 1881 5429 ὥσπερ

336 5452 506 5520 ἄκμων
527 5447 812 5516 ἁνήλατος,
852 5447 1005 5500 οὐδὲν
1028 5448 1055 5500 ὁ
1082 5450 1138 5499 ἐν
1164 5449 1229 5517 τῇ
1262 5448 1405 5517 χειρὶ
1436 5447 1638 5517 Κυρίου
1664 5448 1757 5501 καὶ
1779 5447 1883 5501 ὑπὸ

405 5664 444 5697 ⁸³
469 5666 481 5716 l
505 5664 629 5730 Reg.
662 5677 770 5716 xvu.
797 5659 881 5713 l2.
958 5659 1003 5691 ⁸⁵
1026 5657 1044 5713 Ι
1069 5658 1199 5728 Reg.
1230 5672 1341 5730 ut,
1368 5657 1419 5710 3.

347 5734 386 5765 ⁸⁸
410 5732 463 5787 ιιι
490 5727 610 5802 Reg.
647 5748 722 5795 vt,
752 5731 804 5784 7.
881 5731 920 5761 ⁶¹
960 5734 1126 5785 Amos
1160 5727 1258 5792 vtt,
1288 5727 1340 5783 7.

2628 4527 2948 4597 Regnorum.
3188 4590 3193 4595 η

2073 4621 2142 4675 Et
2168 4618 2389 4674 malleus
2414 4629 2463 4674 et
2485 4618 2684 4673 securis
2709 4631 2753 4671 et
2787 4635 2935 4672 omne
2967 4634 3059 4671 vas
3103 4618 3332 4687 ferreum
3365 4617 3431 4673 ⁸⁸.
3469 4616 3573 4671 Do-

2000 4728 2143 4777 mus,
2169 4722 2253 4767 est
2288 4711 2527 4766 Ecclesia
2570 4709 2688 4772 Dei,
2723 4708 2774 4763 in
2822 4723 2928 4778 qua
2976 4723 3081 4761 non
3138 4707 3437 4760 audiendus
3483 4716 3569 4760 est

2000 4804 2246 4859 malleus.
2277 4801 2552 4857 Universae
2583 4810 2760 4855 autem
2796 4809 2953 4853 terra:
2998 4797 3222 4852 malleus
3264 4806 3343 4849 est
3383 4795 3567 4851 diabo-

1995 4900 2112 4956 lus:
2143 4900 2210 4954 de
2233 4913 2340 4967 quo
2367 4897 2458 4967 qui
2486 4911 2594 4950 non
2634 4904 2810 4955 curat,
2836 4903 2918 4945 cst
2949 4890 3113 4943 veluti
3149 4889 3373 4942 materia
3418 4902 3563 4956 qua:-

1996 4991 2119 5045 dam
2149 5004 2266 5058 qua:
2293 4986 2362 5040 ab
2384 4987 2500 5056 ipso
2527 4983 2826 5053 percutitur
2854 4989 2906 5033 et
2931 4978 3063 5032 nihil
3090 4978 3296 5045 patitur
3338 4992 3352 5028 :
3382 4993 3401 5027 ι
3426 4975 3565 5030 Ecce

1992 5079 2158 5143 enim,
2202 5076 2374 5145 inquit
2395 5076 2561 5127 Amos
2584 5073 2653 5133 ⁶¹,
2682 5072 2767 5124 vir
2785 5069 2962 5124 stabat
2998 5082 3160 5137 super
3195 5082 3405 5120 murum
3435 5065 3566 5118 ada-

1991 5168 2293 5223 mantinutn
2329 5174 2425 5219 :et
2466 5165 2520 5217 in
2558 5177 2717 5217 manu
2738 5159 2852 5228 ejus
2874 5159 3126 5223 adamas;
3166 5176 3186 5209 ι
3214 5156 3303 5226 qui
3338 5157 3562 5229 adamas

1991 5275 2021 5314 a
2053 5259 2201 5313 nullo
2226 5256 2423 5311 malleo
2470 5262 2806 5309 conteretur.
2863 5249 3125 5317 Quamvis
3177 5249 3341 5316 igitur
3392 5247 3563 5302 instet

1991 5347 2242 5402 diabolus
2265 5345 2511 5408 malleus,
2532 5353 2586 5397 et
2609 5342 2885 5409 subjectus
2923 5340 3088 5393 draco
3110 5347 3366 5406 tanquam
3404 5336 3562 5390 incus

1991 5439 2249 5498 indomita
2273 5476 2289 5501 ,
2323 5437 2412 5506 qui
2442 5437 2495 5490 in
2535 5449 2693 5487 manu
2746 5430 2841 5485 Dei
2881 5438 2964 5484 est
2998 5439 3052 5482 et
3082 5429 3180 5482 sub
3217 5423 3558 5495 providentia

1517 5658 1559 5688 "
1588 5655 1718 5709 ibid.
1744 5656 1797 5708 4.
1876 5657 1906 5687 ⁸⁴

2007 5654 2073 5709 id.
2099 5653 2150 5705 7.
2227 5650 2269 5680 ⁵⁷
2294 5649 2312 5702 1
2340 5648 2469 5718 Reg.
2500 5662 2633 5713 nit,
2659 5644 2710 5700 6.
2776 5644 2821 5675 ⁸⁸
2845 5642 2883 5697 ΙΙ
2908 5640 3037 5711 Reg.
3066 5653 3117 5701 v,
3142 5636 3195 5691 ϐ.
3272 5634 3319 5667 "
3342 5631 3471 5689 ibid.
3497 5628 3555 5686 3.
