4058 6244
505 292 611 347 ί)υὸ

1944 289 2266 345 οῐξιαεκιδ

3748 282 3881 337 9‘35

505 408 625 476 ejus
654 406 897 471 adamas,
930 421 1031 459 non
1061 407 1234 459 cadet.
1277 406 1459 460 Murus
1485 408 1625 461 enim
1661 406 2037 461 adalnautinus
2061 449 2075 472 ,

2192 408 2279 477 τὴν
2321 407 2628 478 ἐπισκοπὴν
2659 408 2821 462 αὑτοῦ
2854 408 3073 478 ἀδάμας
3111 408 3379 461 πεσεῖται.
3426 409 3689 475 Τεῖχος
3742 401 3883 467 γάρ

506 499 598 566 qui
636 498 687 552 in
718 514 875 551 manu
904 498 993 550 Dei
1027 498 1458 567 imperturbatus
1492 507 1689 564 manet,
1721 508 1801 551 est
1827 506 2073 560 sanctus,

508 588 635 642 licet
658 588 864 641 medius
900 588 1340 655 apprehendatur
1368 590 1507 642 inter
1536 588 1785 643 malleum
1843 598 1900 643 et
1952 590 2077 643 dra-

2176 499 2204 548 ὀ
2242 497 2395 565 ἅγιος
2424 497 2801 567 ἀδαμάντινον,
2823 500 2918 551 καὶ
2947 500 3001 550 ὲν
3029 498 3171 569 χειρὶ
3195 498 3401 567 Κυρίου
3434 498 3655 567 μένον
3698 492 3891 543 ἀντ-Ξ-

2179 587 2290 651 θὲς,
2315 586 2422 639 κᾶν
2450 591 2613 658 μέσος
2645 588 2823 658 ληφθῇ
2846 588 2946 657 τῆς
2977 605 3037 641 τε
3063 588 3271 657 σφύρας
3294 589 3391 642 καὶ
3411 589 3517 642 τοῦ
3562 582 3889 654 δράκων-

505 692 721 737 conem.
759 680 974 745 Quanto
1006 680 1235 745 amplius
1290 681 1621 748 verberatur,
1666 692 1817 736 tanto
1878 681 2080 737 clarior

2192 695 2287 741 τος.
2321 680 2469 748 Ὀσῳ
2498 678 2553 730 δὲ
2578 678 2863 742 τύπτεται,
2900 679 3282 750 λαμπροτέραν
3310 677 3485 732 αὐτοῦ
3520 679 3685 747 τὴν
3726 674 3894 744 ἁρε-

505 770 678 824 virtus
720 770 836 839 ejus
860 773 1064 828 evadit.
1100 772 1353 827 Diabolus
1401 775 1546 827 enim
1593 783 1651 827 ut
1706 774 1796 842 qui
1839 773 2077 842 lapidum

510 861 717 931 ignorat
748 871 1019 921 naturam.
1048 862 1229 915 multis
1253 863 1451 916 ictibus
1475 865 1670 932 probat
1702 878 1826 917 eum
1876 864 1967 931 qui
1994 872 2079 918 est

506 969 603 1007 ceu
634 954 854 1007 adamas
878 962 932 1006 et
957 950 1110 1018 cujus
1132 953 1280 1005 solus
1315 954 1455 1007 Deus
1481 963 1730 1006 naturam
1767 952 1933 1006 novit.

576 1060 662 1116 Ea:
711 1065 1102 1116 commentariis
1141 1061 1385 1185 grigenis
1429 1065 1482 1117 in
1530 1063 1722 1116 librunt
1776 1073 2022 1131 quartum

1188 1150 1459 1185 canorum.

1188 1150 1459 1202 egnorum.

584 1222 717 1276 Ecce
754 1235 931 1277 autem
979 1240 1094 1278 cum
1141 1227 1317 1298 pueris
1371 1225 1473 1278 tuis
1527 1224 1916 1294 quinquaginta
1962 1221 2081 1283 viri.

511 1315 610 1383 ﬁlii
639 1315 843 1367 virtutis
874 1316 940 1368 θ’.
986 1315 1239 1370 Christus
1266 1317 1457 1381 virtus,
1490 1316 1593 1370 diei
1618 1316 1755 1370 filios
1786 1316 1933 1375 facit,
1955 1324 2009 1367 et
2035 1312 2085 1366 si

512 1408 633 1475 quis
660 1417 740 1459 est
761 1408 842 1461 vir
863 1409 1101 1473 virtutis,
1136 1409 1278 1463 ﬁlius
1304 1409 1506 1463 Christi
1532 1419 1635 1465 est.
1663 1409 1875 1463 Accidit
1901 1417 2082 1461 autem

512 1508 571 1550 ut
596 1512 718 1566 quae
748 1500 848 1552 sub
873 1499 1095 1554 Christo
1130 1509 1257 1554 sunt
1316 1501 1550 1555 virtutes
1616 1499 1759 1554 lilios
1812 1508 2085 1568 nequeant

513 1587 727 1655 facere;
773 1589 818 1644 si
851 1604 1029 1645 autem
1060 1590 1280 1657 faciunt,
1317 1601 1372 1644 at
1402 1590 1574 1645 solum
1604 1590 1857 1644 infantes.

2180 769 2277 839 τὴν
2312 770 2661 827 ἐπιδείκνυσι.
2698 772 2756 825 Ὀ
2776 772 2886 843 γὰρ
2907 772 3148 835 διάϐολος
3167 767 3254 826 οἷά
3268 789 3355 835 τις
3372 771 3553 825 λίθων
3584 766 3893 835 ἁγνειῶν

2185 857 2364 927 φύσιν,
2412 858 2498 911 διὰ
2526 859 2736 912 πολλῶν
2761 859 3046 930 δοκιμάζει
3093 862 3337 931 πληγῶν,
3366 862 3463 913 τὸν
3502 856 3677 913 οἷον
3710 856 3891 910 ﬁd-

2189 968 2382 1021 μαντα,
2415 950 2548 1004 Θεοῦ
2584 951 2743 1020 μόνου
2773 952 2870 1023 τὴν
2900 955 3091 1007 τούτου
3127 954 3287 1023 φύσιν
3318 955 3560 1015 εἱδίτος.

2199 1062 2299 1115 Ἐκ
2332 1062 2452 1115 τῶν
2496 1062 2827 1131 Ὡριγένους
2863 1067 2953 1188 sit:
2984 1064 3100 1143 ζὴν
3122 1066 3413 1134 τετάρτην
3442 1061 3582 1117 τῶν
3616 1065 3847 1117 Βσσι
3870 1094 3885 1100 ο

2957 1152 3080 1188 ιων.

2957 1152 3080 1188 ιων.

2273 1224 2417 1279 Ἰδοὺ
2458 1226 2525 1279 δὲ
2566 1225 2718 1295 μετὰ
2751 1225 2870 1278 τῶν
2908 1225 3136 1279 παίδων
3167 1239 3281 1279 σου
3322 1224 3374 1280 ν’
3398 1226 3665 1293 ἄνδρες
3722 1226 3883 1277 υἱοὶ

2189 1315 2514 1386 δυνάμεως.
2574 1318 2811 1389 Χριστὸς
2852 1316 3100 1386 δύναμις,
3138 1317 3351 1388 ἡμέρας
3392 1318 3553 1380 υἱοὺς
3616 1320 3871 1369 ποιεῖ·

2188 1408 2284 1460 καὶ
2306 1409 2359 1461 ei
2382 1426 2466 1472 τις
2501 1410 2647 1462 ἐστὶν
2682 1409 2825 1481 ἀνὴρ
2854 1408 3154 1478 δυνάμεως,
3188 1409 3334 1461 ἐστὶν
3362 1410 3480 1472 υἱὸς
3517 1406 3867 1480 Χριπεὲ,

2186 1499 2325 1552 Ποτὲ
2347 1500 2406 1553 δὲ
2434 1503 2580 1564 υἱοὺς
2611 1503 2782 1553 ποιεῖν
2818 1501 2872 1553 αἱ
2910 1501 3015 1553 ὑπὸ
3036 1500 3268 1571 Χριστὸν
3308 1500 3593 1569 δυνάμεις
3618 1502 3713 1553 οὐ
3752 1498 3865 1551 66-

2186 1608 2394 1647 νανται.
2436 1593 2498 1645 Εἰ
2526 1592 2582 1644 δὲ
2619 1593 2711 1645 καὶ
2744 1592 3013 1655 ποιοῦσιν,
3038 1592 3169 1645 ἀλλὰ
3199 1592 3449 1662 νηπίους.

754 1904 1333 1998 ORIGENIS
1407 1904 1982 2000 HOMILIIE
2060 1908 2187 1997 IN
2268 1908 2732 1999 LIBRUM
2816 1910 3541 2004 REGNORUM.

1024 2251 1306 2307 llOMlLIA
1354 2251 1586 2308 PRIMA.

513 2343 591 2400 De
616 2342 883 2398 Helchana
940 2354 984 2397 .vt
1048 2342 1356 2406 Phenenua,
1413 2356 1458 2398 et
1515 2345 1664 2398 Anna
1718 2352 1766 2399 et
1820 2345 2087 2411 Samuele,

927 2412 1070 2479 Heli,
1101 2424 1147 2467 et
1174 2412 1346 2481 Opimi
1368 2425 1415 2468 et
1444 2415 1689 2469 Phineu.

585 2528 636 2581 1.
662 2528 775 2581 Νοη
810 2535 936 2580 tunc
975 2526 1351 2579 tantummodo
1379 2525 1518 2582 Deus
1559 2528 1822 2597 plantavit
1876 2528 2093 2597 paradi-

522 2633 672 2681 sum,
704 2618 797 2671 sed
840 2616 1013 2669 donec
1059 2624 1168 2669 stat
1196 2614 1303 2664 vita
1346 2618 1680 2681 mortalium,
1739 2619 1911 2673 donec
1950 2617 2096 2671 salus

516 2710 799 2763 hominum
835 2708 1030 2761 divinis
1061 2706 1492 2762 institutionibus
1538 2720 1898 2778 procuratur,
1956 2724 2097 2763 sem-

517 2815 624 2870 per
665 2801 801 2853 liunt
843 2815 905 2854 ea
938 2816 1057 2869 quae
1094 2800 1224 2869 justi
1269 2816 1369 2856 vox
1406 2811 1526 2855 orat
1574 2801 1627 2855 in
1680 2800 1932 2866 Psalmis,
1971 2816 2092 2856 cum

514 2893 650 2947 dicit
682 2894 727 2924 ⁸³
754 2908 768 2944 :
808 2911 825 2943 ι
855 2891 1119 2947 lndueens
1148 2894 1332 2964 planta
1362 2909 1456 2949 eos
1493 2895 1546 2948 in
1592 2904 1775 2948 monte
1802 2893 2091 2947 haeredita-

516 2982 587 3034 tis
617 2990 771 3034 tuam
798 2979 951 3035 Unde
985 2991 1039 3034 et
1061 2996 1250 3037 omnes
1278 2998 1502 3037 oramus
1527 2996 1647 3036 esse
1675 2981 1939 3051 plantatio
1964 2980 2088 3034 Dei:

516 3073 642 3142 quia
668 3073 712 3125 si
739 3072 859 3140 quis
882 3086 986 3125 non
1012 3072 1172 3127 fuerit
1199 3073 1465 3141 plantatio
1494 3073 1609 3137 Dei,
1635 3072 1903 3127 sententia
1927 3070 2093 3125 semel

515 3180 547 3218 a
604 3164 785 3232 judice
842 3164 1083 3217 omnium
1139 3164 1424 3218 Salvatore
1478 3174 1661 3219 nostro
1725 3163 1830 3215 lata
1883 3170 1966 3215 est
2019 3160 2095 3215 di-

515 3271 649 3313 cens
670 3256 715 3288 “
745 3273 759 3310 :
797 3273 815 3307 ι
862 3255 1052 3310 Omnis
1075 3255 1335 3324 plantatio
1367 3272 1530 3324 quam
1561 3270 1664 3309 non
1702 3252 1965 3323 plantavit
1994 3250 2094 3304 Pa-

521 3359 602 3403 ter
635 3362 786 3402 mens
812 3346 1071 3413 cmlestis,
1103 3348 1491 3403 eradicabitur.
1549 3364 1567 3399 ι
1625 3346 1766 3399 Dens
1787 3359 1916 3413 ergo
1944 3344 2096 3412 plan-

518 3446 619 3504 tat,
653 3447 702 3493 et
730 3447 813 3493 est
835 3438 1079 3507 qumdam
1118 3442 1331 3509 propria
1365 3440 1455 3493 Dei
1500 3437 1856 3508 agricultura,
1892 3445 1947 3489 et
2000 3450 2094 3488 ne-

516 3543 672 3584 cesse
698 3530 950 3597 estquod
976 3544 1106 3599 ager
1142 3530 1231 3583 ille
1254 3545 1416 3598 quem
1456 3528 1598 3582 Deus
1621 3530 1749 3581 colit
1774 3537 1828 3581 et
1859 3527 2089 3594 plantat,

2126 2265 2168 2318 Β
2198 2256 2313 2327 agri
2357 2254 2554 2322 planta:
2575 2268 2694 2309 esse
2715 2267 3003 2324 possumus
3037 2262 3092 2307 et
3120 2264 3389 2322 Optamus,
3437 2270 3554 2310 non
3608 2266 3807 2310 taurea

2196 2346 2445 2401 eumdem
2508 2360 2759 2414 saporem
2814 2345 3059 2399 reddere.
3127 2345 3182 2399 lu
3232 2345 3505 2401 fructibus
3562 2350 3797 2415 quidem

2196 2440 2518 2492 confitemur
2541 2451 2641 2490 nos
2694 2436 2893 2490 habere
2920 2435 3121 2503 aliquid
3151 2435 3539 2491 amaritudinis
3604 2438 3661 2490 in
3699 2452 3801 2490 sa-

2196 2543 2344 2598 pore,
2374 2535 2466 2581 aut
2512 2525 2651 2580 forte
2693 2526 2836 2595 quod
2865 2524 3075 2578 videtur
3102 2524 3215 2595 (99)
3260 2526 3432 2595 magis
3492 2543 3673 2596 quam
3715 2529 3792 2581 sit

2196 2634 2439 2672 amarum
2472 2636 2485 2671 ε
2524 2620 2649 2687 quia
2680 2633 2861 2673 sermo
2887 2618 3250 2686 correptionis
3293 2633 3517 2671 amarus
3555 2619 3785 2688 quidem

2197 2715 2410 2768 videtur
2430 2714 2711 2769 essedum
2770 2713 3019 2782 corripit,
3065 2712 3240 2768 dulcis
3295 2722 3478 2766 autem
3538 2712 3783 2767 elicitur

2196 2818 2316 2857 cum
2345 2805 2617 2858 emendat.
2649 2802 2779 2856 Vide
2810 2802 2976 2857 etiam
2999 2801 3168 2871 ipsius
3204 2800 3409 2857 Domini
3443 2812 3501 2855 et
3523 2801 3780 2855 Saan

2200 2895 2275 2947 ris
2303 2895 2471 2948 nostri
2504 2908 2809 2955 sermones,
2837 2893 2959 2961 quia
2991 2906 3096 2945 non
3146 2906 3337 2945 omnes
3376 2892 3770 2947 beatitudinem

2197 2986 2501 3049 continent,
2537 3001 2635 3041 nec
2668 2999 2858 3039 omnes
2890 2985 2954 3038 de
2984 2985 3138 3037 venia
3172 2992 3226 3037 et
3260 2984 3600 3053 indulgentia
3649 2998 3770 3051 [ποι

2197 3083 2490 3137 testantur,
2522 3075 2613 3129 sed
2649 3084 2775 3129 sunt
2803 3073 2856 3127 in
2891 3071 3070 3125 verbis
3098 3072 3261 3125 etiam
3290 3074 3535 3140 quasdam
3577 3082 3763 3124 auste-

2198 3182 2255 3221 ra
2284 3177 2336 3221 et
2366 3168 2564 3221 tristia.
2597 3166 2749 3221 Sicut
2775 3166 2919 3219 enim
2954 3165 3086 3219 dicit
3111 3184 3124 3219 :
3148 3164 3295 3218 Beati
3315 3166 3408 3233 qui
3436 3165 3535 3217 hac
3557 3173 3608 3215 et
3635 3164 3750 3215 haec

2196 3269 2381 3331 agunt,
2415 3260 2485 3313 ita
2520 3260 2669 3319 dicit,
2700 3255 2792 3312 Vas
2822 3258 2925 3312 illis
2965 3258 3056 3326 qni
3086 3257 3202 3312 haec
3254 3267 3308 3310 et
3353 3257 3471 3311 hinc
3514 3266 3751 3327 egerunt.

2198 3352 2308 3421 Ego
2330 3351 2431 3405 hoc
2453 3350 2618 3404 etiam
2653 3351 2703 3404 in
2728 3348 3006 3418 prephetis
3025 3357 3401 3416 perscrutatus
3430 3362 3572 3408 smn,
3595 3358 3652 3399 et
3676 3347 3763 3401 in-

2196 3441 2316 3493 veni
2346 3439 2531 3509 paucis
2552 3440 2942 3509 propbetarum
2976 3439 3117 3493 istud
3146 3453 3269 3493 esse
3310 3452 3640 3492 concessum
3664 3477 3682 3500 ,
3715 3446 3775 3491 ut

2198 3545 2472 3599 nunquam
2503 3528 2707 3597 aliquid
2737 3527 2950 3597 populis
2982 3542 3226 3581 amarum
3256 3536 3350 3581 aut
3403 3527 3562 3581 triste
3591 3528 3777 3597 loque-

522 3635 627 3673 non
658 3635 817 3677 tutata
854 3620 1051 3677 habeat
1085 3623 1342 3675 arborum
1390 3621 1653 3689 speciem,
1686 3617 1779 3670 sed
1834 3625 2088 3685 tanquam
2117 3603 2159 3660 (Σ
2198 3631 2405 3689 rentur,
2430 3620 2521 3674 sed
2556 3618 2734 3673 dulcia
2771 3634 2985 3688 semper
3009 3627 3065 3673 et
3095 3618 3261 3675 lenia.
3293 3618 3663 3672 Observatum
3698 3630 3777 3671 lar

519 3725 611 3765 rus
638 3708 822 3765 divitis
848 3720 900 3765 et
936 3713 1171 3783 potentis
1211 3711 1462 3782 agricolae
1493 3712 1558 3764 de
1584 3708 1828 3764 omnium
1872 3707 1941 3760 sit
1971 3707 2083 3759 vir-

517 3800 789 3870 gultorutu
826 3818 1025 3871 genere
1057 3802 1340 3857 refertum.
1395 3801 1672 3869 Quomodo
1698 3809 1876 3854 autem
1910 3797 2091 3852 omnia

526 3891 835 3949 habeantur
865 3893 916 3948 in
959 3911 1089 3964 agro
1123 3894 1240 3957 Dei,
1271 3895 1679 3951 consideremus
1701 3907 1767 3946 ex
1792 3891 1949 3961 lmjns
1980 3898 2092 3944 ter-

515 3998 589 4039 ra!
617 3987 761 4056 agris
790 4002 926 4054 quos
959 3985 1204 4039 homines
1237 3985 1441 4039 colunt.
1476 3984 1727 4051 Nunquid
1751 3986 1802 4037 iu
1833 3997 1963 4052 agro
1991 3996 2092 4036 suo

512 4076 900 4146 paterfamilias
932 4074 1169 4143 agricola
1205 4085 1371 4128 totum
1400 4076 1586 4128 vineas
1618 4075 1819 4137 habet,
1866 4080 1958 4127 aut
2012 4081 2091 4124 to-

515 4176 631 4222 tum
658 4168 813 4233 licus,
848 4177 938 4220 aut
977 4176 1148 4220 totum
1175 4166 1339 4228 mala,
1368 4166 1447 4218 vel
1479 4166 1724 4234 palmas?
1755 4165 1861 4218 Sed
1889 4163 1980 4232 qui
2011 4164 2090 4217 di-

515 4258 688 4327 ligens
708 4268 763 4312 et
800 4258 1103 4312 industrius
1150 4265 1235 4311 est
1284 4256 1527 4321 colonus,
1577 4271 1642 4311 ex
1701 4254 1787 4309 his
1833 4254 2089 4308 omnibus

514 4364 702 4418 agrum
727 4350 995 4403 consitura
1021 4348 1182 4404 habet
1202 4356 1256 4403 et
1286 4346 1566 4405 refertum.
1608 4348 1700 4402 Sic
1730 4360 1861 4416 ergo
1891 4344 2090 4398 intelli-

512 4457 702 4508 gamus
740 4452 793 4496 et
819 4444 871 4497 in
910 4458 977 4497 eo
1005 4456 1134 4512 agro
1162 4456 1320 4509 quem
1369 4441 1510 4496 Dens
1533 4441 1763 4511 plantat,
1806 4440 1930 4509 quia
1979 4455 2083 4493 non

512 4552 617 4587 una
649 4535 762 4590 sola
788 4538 1044 4591 arborum
1076 4536 1283 4603 species
1332 4546 1434 4601 est,
1468 4551 1591 4604 qua:
1646 4545 1856 4589 tantum
1909 4533 2086 4587 dulcia

518 4625 659 4681 ferat
682 4645 861 4699 poma,
891 4628 982 4682 sed
1008 4628 1183 4696 aliqua
1211 4629 1414 4693 dulcia,
1461 4628 1637 4693 aliqua
1677 4638 1916 4689 austera,
1976 4637 2088 4675 sua:

511 4728 694 4773 tamen
732 4721 1158 4789 unumquodque
1187 4721 1436 4773 utilitatis
1462 4731 1515 4771 et
1538 4718 1723 4787 gratim
1753 4714 1889 4788 (90).
1913 4713 2089 4768 Nolite

507 4825 641 4880 ergo
681 4810 735 4865 in
763 4813 920 4866 nobis
960 4812 1090 4865 illud
1130 4812 1427 4876 requirere,
1476 4808 1617 4879 quod
1659 4808 1710 4860 in
1752 4821 1883 4875 papa
1924 4805 2088 4876 482

514 4902 825 4958 Alesi-miro
862 4902 973 4975 (9|)
1011 4902 1237 4959 habetis.
1266 4900 1523 4955 Fatemur
1545 4899 1690 4954 enim
1731 4897 1872 4968 quod
1894 4911 2085 4951 omnes

509 5012 607 5050 nos
630 5007 849 5065 superat
881 4998 934 5049 in
987 4996 1157 5065 gratia
1210 4994 1469 5048 lenitatis.
1509 4990 1676 5061 Cujus
1717 4991 1902 5062 gratia:
1973 5007 2077 5045 nou

508 5089 652 5142 solus
684 5104 782 5160 ego
817 5088 1137 5158 praedicator
1173 5086 1403 5149 exsisto,
1451 5087 1542 5141 sed
1586 5100 1684 5140 vos
1742 5098 1931 5137 omnes
1980 5097 2079 5136 ex-

508 5181 642 5249 [n't'ti
664 5182 989 5252 eognoscEtis
1010 5190 1064 5233 et
1090 5180 1329 5249 probatis
1372 5179 1434 5232 Et
1460 5180 1579 5233 ideo
1596 5175 1834 5245 ejusdem
1861 5174 2077 5243 quidem

574 5322 619 5352 “
649 5318 715 5374 IV
745 5320 945 5389 Rcui.
969 5320 1058 5374 10.
1134 5320 1179 5351 “
1207 5319 1375 5375 Exod.
1409 5334 1496 5381 xv,
1529 5318 1614 5372 Π.

576 5457 686 5526 (90)
719 5456 867 5513 Unus
892 5456 1058 5512 codex
1101 5472 1257 5519 mss.,
1293 5474 1311 5507 t
1348 5472 1444 5509 sua
1492 5464 1669 5508 tamen
1736 5452 2079 5520 unumquod-

506 5540 623 5596 que
643 5528 871 5581 utilitate
900 5539 953 5581 et
980 5528 1175 5596 gratia.
1215 5545 1232 5576 ι

580 5592 689 5661 (9|)
709 5590 1033 5651 Alexandro.
1070 5596 1434 5651 Alexandrum
1464 5592 1703 5661 intellige
1726 5590 2075 5661 Jerosolymi-

510 5674 689 5718 tantum
720 5666 1051 5737 episcopum,
1084 5665 1333 5736 Origeuis
1382 5665 1638 5727 amicum,
1676 5664 1739 5717 de
1775 5678 1884 5731 quo
1918 5664 2085 5717 Eusc-

2193 3725 2316 3765 men
2340 3719 2421 3764 est
2449 3725 2477 3762 a
2502 3707 2774 3777 prioribus
2803 3708 3005 3761 nostris
3031 3746 3047 3770 ,
3080 3707 3224 3776 quod
3269 3706 3324 3760 in
3357 3705 3593 3761 Psalmis
3655 3717 3776 3762 tan-

2195 3800 2477 3854 tummodo
2516 3798 2624 3852 illis
2650 3798 2742 3866 qui
2769 3798 3116 3851 attitulanlur
3145 3816 3164 3849 ο
3201 3798 3353 3852 Filiis
3379 3797 3563 3852 Cbore
3585 3840 3602 3864 ,
3637 3817 3657 3850 ι
3719 3801 3773 3852 in

2194 3893 2327 3961 ipsis
2356 3891 2487 3944 solis
2538 3887 2671 3943 nihil
2699 3887 3084 3941 amaritudinis
3113 3887 3196 3942 vel
3231 3888 3572 3942 austeritatis
3616 3889 3770 3942 vide-

2192 4000 2278 4043 tur
2306 3987 2513 4052 inferri,
2544 3986 2637 4039 sed
2665 3985 2766 4039 hoc
2785 3983 2865 4038 eis
2892 3983 3043 4052 quasi
3075 3983 3258 4038 divino
3277 3999 3505 4038 munere
3533 3998 3771 4039 conces-

2191 4095 2308 4134 sum
2339 4087 2440 4139 est,
2478 4086 2539 4131 ut
2573 4075 2807 4129 nominis
2860 4089 3051 4128 eorum
3105 4074 3308 4129 Psalmi
3364 4089 3581 4144 semper
3639 4074 3770 4129 laeta

2191 4185 2415 4240 qua’que
2447 4169 2784 4223 contineant.
2831 4165 2925 4220 Est
2965 4180 3099 4233 ergo
3127 4166 3293 4220 etiam
3346 4167 3399 4218 in
3462 4166 3593 4234 ipsis
3640 4181 3773 4234 pro-

2191 4262 2366 4331 phetis
2390 4260 2557 4313 inulta
2587 4256 2901 4313 diversitas.
2932 4256 3033 4310 Alii
3058 4257 3258 4322 tristia,
3285 4258 3374 4312 alii
3402 4258 3525 4313 lmta
3558 4260 3769 4313 denun-

2191 4354 2348 4408 tiant.
2378 4352 2482 4407 Sed
2517 4359 2570 4406 et
2612 4352 2727 4420 ipse
2758 4350 3033 4421 apostolus
3081 4350 3303 4412 Paulus.
3365 4353 3457 4420 qui
3522 4352 3768 4407 imitator

2188 4454 2270 4500 est
2298 4444 2521 4507 Christi,
2553 4443 2749 4497 habere
2778 4456 2836 4496 se
2866 4441 3002 4495 dicit
3034 4443 3241 4512 virgam
3268 4486 3282 4508 ,
3320 4442 3388 4495 ad
3428 4458 3524 4497 eos
3576 4442 3767 4511 utique

2188 4534 2278 4601 qui
2302 4533 2539 4600 indigent
2561 4529 2843 4598 disciplina
2876 4546 2890 4581 :
2923 4538 2978 4582 et
3018 4531 3072 4583 in
3100 4531 3294 4599 spiritu
3330 4531 3767 4585 mansuetudi..is

2189 4624 2382 4676 venire
2411 4637 2470 4676 se
2506 4620 2657 4683 dicit,
2694 4620 2760 4672 ad
2788 4633 2883 4672 eos
2910 4620 3176 4686 proferto,
3219 4636 3451 4689 quorum
3487 4625 3595 4675 vita
3652 4622 3763 4675 cul~

2187 4715 2272 4779 pis
2297 4712 2539 4765 carebat.
2572 4709 2636 4762 Et
2669 4710 2739 4762 ita
2766 4708 3041 4763 invenitur
3074 4710 3129 4764 in
3159 4727 3263 4765 una
3295 4712 3599 4780 eademque
3643 4710 3764 4778 ejus

2193 4801 2427 4867 Epistula
2474 4814 2654 4852 sermo
2700 4805 2754 4851 et
2808 4813 3028 4853 amarus
3058 4809 3111 4852 et
3167 4801 3362 4855 dulcis.
3410 4800 3565 4855 Sicut
3596 4812 3652 4855 et
3691 4802 3762 4853 ad

2186 4888 2497 4945 Corinthios
2524 4889 2575 4941 in
2610 4888 2786 4957 prima
2815 4899 2967 4957 parte
3000 4890 3200 4957 prioris
3231 4889 3487 4959 Epistolas
3533 4890 3667 4943 dicit
3688 4889 3763 4955 ⁸⁵,

2186 4983 2310 5051 quia
2344 4997 2364 5030 ‹
2399 4981 2451 5033 in
2473 4980 2721 5034 omnibus
2755 4980 2947 5034 divites
2965 4980 3092 5034 facti
3112 4982 3244 5036 estis
3268 4983 3320 5034 in
3356 4982 3498 5049 ipso,
3530 4984 3583 5034 in
3610 4980 3759 5033 omni

2189 5077 2392 5138 verbo,
2450 5082 2505 5128 et
2566 5074 2618 5125 in
2662 5074 2811 5128 omni
2867 5074 3133 5139 scientia,
3195 5076 3338 5129 sicut
3387 5075 3758 5130 testimonium

2186 5168 2390 5224 Christi
2413 5166 2791 5220 conﬁrmatum
2821 5167 2981 5220 estin
3024 5167 3201 5232 vobis,
3228 5168 3304 5221 ita
3343 5179 3401 5221 ut
3431 5167 3568 5224 nihil
3604 5168 3759 5223 vobis

1712 5315 1756 5346 “
1787 5314 1980 5369 Matth.
2010 5327 2099 5375 xv,
2132 5311 2215 5364 l3.
2296 5309 2342 5340 "
2378 5307 2391 5359 Ι
2420 5304 2544 5361 Cor.
2577 5318 2617 5367 t;
2646 5303 2699 5368 5,
2728 5304 2783 5369 6,
2812 5305 2866 5358 7.

2188 5450 2309 5503 hius
2345 5447 2599 5501 Historia!
2644 5447 3013 5501 ecclesiastica:
3072 5446 3272 5511 Iib.Vt,
3317 5464 3444 5516 cap.
3470 5450 3505 5504 8
3555 5459 3611 5504 et
3663 5448 3754 5506 τι.

2190 5520 2325 5572 llinc
2363 5520 2525 5569 etiam
2572 5516 2765 5586 collige
2821 5520 2958 5571 battc
3012 5518 3285 5571 bomiliam
3344 5520 3588 5573 habitam
3633 5532 3754 5575 esse

2187 5588 2538 5657 Jernsolymis

2265 5650 2559 5728 (9941155.,
2592 5676 2608 5707 ι
2642 5654 2871 5711 videtur.
2902 5671 2923 5709 ι
2966 5650 3132 5718 Editi,
3174 5672 3190 5704 I
3219 5654 3517 5722 iudicatur.
3551 5674 3573 5713 ι
