4058 6244
316 298 432 352 997

1468 290 1533 344 IN
1582 288 1837 344 LIBRUM
1871 287 2110 343 REGUM
2140 286 2421 342 IIOMILIA
2456 286 2494 343 l.

3501 299 3603 354 998

324 416 479 472 desit
511 414 696 470 inulla
725 413 892 483 gratia
917 411 1368 482 exspectantibus
1405 411 1795 466 revelationem
1818 409 1921 463 Do-
1951 414 1992 470 Α
2027 408 2309 477 posuimus
2367 409 2656 464 indicetur.
2716 410 2987 467 Fortassis
3046 413 3189 467 enim
3250 415 3394 470 dicet
3450 419 3605 472 nobis

322 506 467 560 mini
505 506 676 560 nostri
711 504 835 560 Jesu
872 506 1100 560 Cbri~ti.
1148 523 1168 555 ι
1204 503 1270 557 Ει
1299 503 1458 571 paulo
1485 512 1605 571 post
1639 503 1915 572 gradiens,

325 597 462 651 vide
491 596 725 666 qualiter
747 610 926 649 sermo
949 597 1067 663 ejus
1104 606 1462 661 exasperatur
1495 610 1618 647 cum
1653 594 1783 647 dicit
1818 594 1864 626 “
1900 608 1915 645 :

331 706 357 740 ε
397 689 636 744 Omnino
665 689 886 740 auditur
914 687 965 739 in
994 686 1149 739 vobis
1183 686 1487 747 fornicatio.
1518 694 1573 739 et
1599 683 1723 739 talis
1754 683 1921 737 forni-

329 778 489 832 catio
524 778 705 844 qualis
735 791 834 831 nec
866 777 1010 829 inter
1051 784 1264 846 gentes,
1300 776 1372 828 ita
1404 784 1461 828 ut
1492 789 1716 829 uxorem
1751 773 1918 842 patris

330 869 544 938 aliquis
577 869 799 922 habeat.
831 866 897 919 Et
932 881 1028 920 vos
1061 864 1229 919 inflati
1272 866 1422 928 estis,
1462 875 1517 919 et
1570 881 1674 919 non
1748 865 1918 931 magis

335 960 584 1023 luxistis,
607 969 667 1013 ιιι
702 958 921 1013 tollatur
957 961 1022 1011 de
1054 957 1234 1011 medio
1267 966 1506 1011 vestrum
1538 957 1627 1024 qui
1658 958 1759 1011 hoc
1782 971 1919 1026 Opus

336 1052 497 1106 fecit.
542 1070 560 1103 ι
598 1050 717 1105 lloc
744 1060 924 1103 autem
957 1048 1077 1102 ideo
1106 1048 1409 1113 scribebat,
1439 1048 1564 1114 quia
1599 1064 1702 1102 non
1729 1064 1918 1103 omnes

331 1141 409 1195 ad
452 1156 591 1210 quos
619 1153 804 1194 sermo
837 1141 954 1206 ejus
978 1139 1337 1208 dirigebatur,
1370 1137 1528 1191 laude
1558 1137 1705 1206 digni
1741 1147 1916 1201 erant,

336 1247 526 1301 neque
559 1247 754 1285 omnes
799 1231 1069 1286 confutari
1106 1231 1190 1286 vel
1248 1232 1453 1301 corripi
1511 1230 1861 1284 merebantur
1901 1247 1915 1282 :

330 1330 394 1375 et
430 1322 547 1377 ideo
578 1337 759 1376 amara
788 1321 1040 1377 dulcibus
1077 1322 1289 1385 miscet,
1324 1332 1382 1375 ut
1428 1322 1547 1376 laus
1586 1322 1651 1375 ad
1686 1323 1919 1388 optimos

335 1427 609 1481 quosque,
633 1415 908 1483 correptio
931 1428 1058 1468 vero
1086 1411 1357 1466 referatur
1384 1412 1450 1465 ad
1476 1409 1759 1478 pessimos.
1796 1408 1919 1463 Haec

336 1503 548 1558 idcirco
580 1505 819 1560 diximus
855 1505 905 1559 in
929 1504 1267 1573 praefatione,
1287 1502 1408 1571 quia
1428 1503 1542 1557 seio
1567 1516 1664 1555 vos
1688 1516 1919 1556 consuc-

334 1591 488 1646 Visse
522 1593 783 1648 lenissimi
822 1595 993 1664 patris
1016 1592 1204 1646 dulces
1235 1607 1452 1661 semper
1485 1592 1676 1646 audire
1708 1606 1917 1645 sermo-

341 1698 468 1748 nes,
507 1694 706 1738 nostra:
735 1699 864 1739 vero
900 1683 1253 1754 plantationis
1285 1683 1573 1738 arbuscula
1618 1684 1780 1737 habet
1819 1684 1916 1737 ali-

334 1776 471 1843 quid
502 1776 846 1831 austeritatis
885 1777 936 1830 in
972 1787 1156 1846 gustu,
1185 1777 1328 1844 quod
1392 1785 1572 1830 tamen
1632 1777 1918 1830 orantibus

336 1866 498 1921 vobis
524 1870 615 1920 liet
642 1869 1100 1922 medicamentum
1128 1868 1319 1922 salutis
1353 1885 1366 1921 :
1402 1870 1526 1936 quia
1561 1878 1616 1922 et
1680 1868 1919 1922 medica-

339 1967 527 2010 .nenta
555 1958 805 2025 quaedam
834 1969 961 2013 sunt
996 1959 1196 2025 dulcia,
1235 1960 1480 2026 qnmdam
1522 1975 1650 2014 vero
1674 1972 1915 2025 austera,

339 2062 730 2117 nonnunquam
760 2058 813 2102 et
843 2065 1050 2116 amara,
1093 2060 1145 2105 et
1178 2062 1358 2107 tamen
1401 2052 1452 2105 in
1516 2052 1630 2106 suis
1689 2065 1918 2121 quaeque

339 2138 475 2190 locis
504 2139 737 2193 remedia
770 2140 1035 2205 tribuunt,
1063 2143 1106 2197 si
1133 2157 1257 2196 cum
1292 2158 1545 2196 mensura
1579 2152 1634 2197 et
1660 2143 1918 2214 temporis

338 2230 755 2297 Opportunitate
787 2242 1098 2287 sumantur.

419 2322 474 2375 2.
509 2323 741 2378 Historia
798 2326 956 2380 nobis
1008 2328 1232 2381 recitata
1282 2334 1365 2380 est
1415 2326 1481 2380 de
1549 2326 1723 2395 primo
1779 2326 1916 2381 libro

343 2410 684 2482 Regnorum,
717 2428 837 2482 qua:
872 2414 943 2468 ita
976 2417 1190 2470 videtur
1219 2414 1475 2481 difficilis,
1504 2425 1561 2469 ut
1594 2417 1800 2484 absque
1838 2418 1917 2470 di-

338 2501 481 2554 vina:
513 2503 724 2557 virtutis
751 2504 923 2573 gratia
950 2504 1257 2572 explanatio
1281 2504 1397 2571 ejus
1437 2519 1544 2557 non
1590 2507 1760 2571 possit
1822 2519 1917 2558 ex-

340 2593 491 2661 puni.
528 2593 782 2649 Refertur
808 2611 937 2665 ergo
972 2597 1043 2650 ibi
1077 2598 1119 2629 "
1153 2612 1164 2641 ε
1210 2614 1230 2647 ι
1276 2597 1404 2650 Erat
1435 2596 1519 2649 vir
1542 2611 1680 2649 unus
1708 2611 1770 2649 ex
1809 2596 1917 2650 Ra-

341 2683 601 2735 mathaim
658 2683 858 2754 Sophin
919 2687 986 2740 de
1041 2695 1225 2740 monte
1277 2685 1559 2754 Ephraim,
1620 2696 1675 2740 et
1720 2700 1915 2741 neuneu

339 2770 459 2837 ejus
488 2772 783 2828 llelcbana.
822 2794 841 2827 ι
875 2775 938 2829 Et
965 2792 1088 2831 cum
1129 2786 1506 2831 enumerasset
1556 2791 1772 2830 omnem
1827 2792 1919 2845 ge-

342 2869 681 2923 nerationem
713 2869 849 2938 ejus,
877 2871 1009 2925 dicit
1039 2889 1053 2925 :
1084 2889 1103 2922 ι
1137 2871 1202 2925 Ει
1226 2872 1350 2927 huic
1370 2881 1549 2934 erant,
1576 2872 1771 2941 inquit,
1798 2872 1918 2925 dum

342 2974 565 3026 uxores,
592 2977 786 3017 nomen
823 2963 915 3017 uni
943 2960 1118 3027 Anna,
1145 2972 1202 3018 et
1226 2978 1425 3018 nomen
1468 2964 1721 3018 secundae
1775 2962 1917 3016 Phe-

2024 500 2224 569 aliquis
2257 500 2324 554 ad
2375 500 2706 554 audientiam
2775 503 2907 571 legis
2974 513 3172 559 nostrae
3232 522 3405 575 nuper
3453 523 3608 562 acce-

2022 591 2195 645 dens:
2221 590 2529 644 Christiana
2562 592 2750 661 religio
2791 594 3103 661 pudicitiam
3148 597 3466 665 profitetur,
3523 599 3607 652 iu-

2023 689 2234 734 tantnm
2272 691 2349 743 ut,
2384 682 2430 734 si
2466 681 2581 735 fieri
2611 694 2808 750 potest,
2834 672 2941 739 ’nec
2968 688 3348 757 contingamus
3380 692 3604 744 omnino

2022 770 2327 824 mulierem.
2363 770 2453 824 Sic
2498 772 2644 825 enim
2682 774 2811 828 dicit
2844 776 3132 842 Apostolus
3161 778 3205 812 ⁵⁸
3250 795 3266 832 :
3325 796 3346 829 ι
3390 780 3602 836 Βυηιιιη

2017 867 2099 912 est
2128 860 2332 913 homini
2366 875 2471 914 non
2507 872 2730 931 tangere
2763 864 3066 919 mulierem.
3103 887 3121 919 ι
3154 867 3257 924 lste
3307 879 3483 925 autem
3519 872 3609 939 jn-

2021 963 2141 1006 suis
2165 962 2289 1006 tuus
2317 952 2592 1007 Helchana
2638 954 2728 1023 qui
2774 958 2982 1010 nobisa
3024 957 3300 1027 Scriptura
3344 968 3606 1032 proponi-

2022 1054 2111 1096 tur
2145 1044 2211 1097 ad
2263 1045 2620 1113 exemplum,
2693 1048 2828 1100 duas
2877 1048 3035 1101 simul
3082 1067 3279 1108 uxores
3346 1055 3605 1111 habuisse

2020 1134 2347 1188 describitur
2378 1152 2391 1186 :
2425 1151 2489 1190 ex
2521 1137 2718 1205 quibus
2758 1138 2846 1192 illa
2896 1154 3016 1208 qua:
3054 1143 3205 1210 prior
3264 1147 3601 1214 nominatur,

2021 1240 2127 1278 non
2160 1226 2323 1280 habet
2362 1226 2556 1290 lilium,
2592 1228 2641 1281 id
2696 1239 2802 1293 est,
2832 1230 3024 1296 Anna;
3066 1233 3359 1289 Phencuna
3419 1247 3599 1293 autem

2019 1326 2075 1370 et
2146 1318 2345 1373 multos
2391 1320 2592 1373 habere
2638 1321 2779 1376 filios
2830 1323 3033 1378 dicitur
3084 1337 3140 1379 et
3194 1328 3389 1383 omitas
3441 1344 3601 1386 acce-

2021 1407 2165 1476 pisse
2208 1410 2509 1476 portiones.
2575 1410 2663 1464 llla
2714 1421 2895 1466 autem
2966 1417 3116 1484 prior
3169 1433 3330 1471 unam
3379 1422 3601 1489 solam,

2020 1502 2146 1569 quia
2180 1502 2294 1570 ipsa
2331 1502 2443 1557 sola
2484 1510 2598 1567 est,
2645 1506 2855 1573 accepit
2885 1516 3120 1574 partem,
3173 1519 3228 1563 et
3283 1512 3348 1566 de
3404 1514 3603 1567 strrili-

2022 1603 2133 1646 tate
2167 1596 2538 1662 conqueritur.
2603 1593 2984 1665 Nunquidnam
3036 1609 3088 1654 et
3141 1618 3237 1657 nos
3289 1608 3601 1663 contristari

2020 1681 2285 1737 debemus
2312 1683 2438 1750 quia
2479 1684 2619 1739 ﬁlios
2651 1702 2755 1739 non
2780 1686 3060 1750 habemus,
3090 1699 3144 1742 et
3171 1693 3409 1759 virgines
3436 1695 3601 1766 483

2021 1782 2222 1826 nostra:
2268 1775 2583 1828 contristari
2619 1777 2813 1830 debent
2845 1782 2987 1846 quod
3034 1782 3151 1834 sine
3203 1781 3329 1836 filiis
3374 1786 3602 1841 vivunt?

2022 1861 2149 1917 llaec
2185 1863 2298 1917 dixi
2331 1878 2617 1920 assumens
2645 1882 2933 1936 personam
2959 1884 3171 1936 eorum,
3214 1874 3304 1941 qni
3362 1879 3600 1933 nondum

2022 1956 2181 2024 plene
2216 1956 2469 2011 instructi
2503 1958 2567 2011 de
2603 1960 2687 2014 his
2726 1976 2844 2028 qua:
2893 1963 2943 2014 in
2998 1963 3297 2032 Scripturis
3326 1970 3600 2024 veteribus

2030 2047 2366 2113 recitantur,
2399 2048 2603 2101 iuoveri
2650 2052 3022 2117 scrupulosius
3075 2056 3268 2108 solent.
3329 2058 3605 2125 Deprecor

2016 2145 2198 2189 autem
2241 2150 2333 2190 vos
2377 2150 2601 2200 omnes,
2635 2148 2690 2189 ut
2729 2141 2987 2207 quoniam
3017 2156 3235 2196 sensum
3268 2153 3377 2196 tam
3406 2146 3601 2199 difﬁci-

2019 2225 2151 2282 lium
2201 2241 2381 2281 rerqu
2414 2242 2674 2282 conamur
2719 2234 2932 2300 aperire
2955 2272 2971 2297 ,
3024 2242 3077 2285 et
3099 2248 3160 2287 ea
3191 2250 3310 2303 quas
3338 2235 3606 2291 velamine

2017 2316 2233 2372 obtecta
2257 2328 2382 2372 sunt
2420 2317 2679 2373 Ecclesiae
2706 2322 2933 2377 auribus
2975 2325 3212 2391 pandere
3244 2326 3318 2395 (in
3358 2326 3597 2382 lectione

2016 2410 2158 2463 enim
2193 2408 2401 2464 Veteris
2433 2410 2769 2467 Testamenti
2795 2452 2811 2477 ,
2848 2415 2988 2467 sicut
3033 2416 3168 2470 dicit
3200 2420 3491 2486 Apostolus
3516 2421 3586 2483 θ’,

2017 2499 2259 2554 velamen
2294 2512 2379 2556 est
2405 2503 2663 2573 positum)
2688 2506 2941 2572 precibus
2970 2522 2997 2557 a
3032 2506 3259 2561 Domino
3284 2511 3597 2577 postuletis.

2016 2600 2075 2645 ut
2104 2593 2354 2663 dignetur
2402 2595 2557 2649 nobis
2585 2598 2651 2649 ad
2684 2610 2742 2652 se
2792 2598 3073 2652 conversis
3106 2599 3321 2657 auferre
3350 2602 3597 2657 velamen

2016 2683 2180 2736 etiam
2208 2683 2276 2737 de
2306 2684 2407 2737 hac
2441 2685 2675 2740 lectione
2699 2700 2862 2755 quam
2893 2687 3226 2743 babemusin
3247 2692 3599 2753 manibus,et

2018 2774 2229 2843 plenius
2281 2776 2439 2830 nobis
2487 2792 2733 2831 reserare
2776 2792 2896 2845 qua:
2940 2788 3079 2834 tecta
3129 2788 3284 2846 sunt,
3330 2790 3387 2833 ut
3416 2791 3470 2834 et
3503 2797 3604 2836 nos

2017 2866 2286 2934 possimus
2317 2866 2553 2921 revelata
2590 2867 2729 2922 facie
2772 2868 2823 2921 in
2868 2868 2953 2923 his
2986 2884 3106 2939 quae
3139 2880 3278 2926 tecta
3303 2881 3430 2926 sunt
3473 2873 3593 2940 glo-

2019 2956 2158 3008 riam
2186 2954 2401 3010 Domini
2434 2956 2726 3024 speculari.

344 3067 520 3105 ueima
550 3070 563 3106 :
590 3064 645 3108 et
678 3056 786 3107 nati
816 3067 944 3110 sunt
1001 3054 1309 3108 Phenennte
1341 3054 1459 3117 filii,
1500 3064 1553 3107 et
1596 3056 1765 3108 Anna:
1808 3070 1913 3107 non
1944 3076 1985 3133 α
2089 3048 2144 3101 AL
2178 3066 2196 3100 ι
2237 3048 2390 3111 Erat.
2425 3049 2619 3118 inquit,
2649 3050 2730 3104 \‘ir
2751 3065 2889 3103 unus
2915 3049 2985 3104 de
3014 3050 3275 3107 Ramalba
3309 3056 3376 3108 de
3413 3066 3602 3111 monte

340 3155 461 3198 erat
501 3146 660 3199 filius.
695 3147 760 3199 Et
795 3147 1118 3201 ascendebat
1145 3148 1231 3200 vir
1263 3146 1350 3200 ille
1394 3149 1461 3200 de
1500 3146 1724 3200 civitate
1753 3161 1845 3200 sua
1887 3161 1918 3199 a

346 3238 537 3291 diebus
569 3237 620 3290 in
652 3238 790 3301 dies,
818 3247 876 3291 ut
916 3239 1171 3292 adoraret
1217 3247 1273 3292 et
1331 3237 1640 3291 immolaret
1692 3238 1920 3292 Domino

351 3330 607 3383 virtutum
647 3330 701 3382 in
736 3329 873 3384 Silo.
906 3330 980 3384 lbi
1013 3340 1173 3385 erant
1205 3330 1320 3385 Heli
1355 3340 1411 3384 et
1462 3330 1567 3383 duo
1616 3329 1709 3383 filii
1764 3330 1916 3399 ejus,

346 3417 521 3488 Ophni
540 3422 593 3474 et
610 3420 858 3483 Phinees.
879 3424 1189 3478 sacerdotes
1210 3423 1440 3477 Domini.
1459 3423 1518 3475 Et
1540 3422 1676 3475 facta
1699 3433 1781 3477 est
1804 3422 1920 3479 dies

349 3511 399 3562 in
424 3526 529 3578 qua
560 3511 860 3567 immolavit
885 3513 1184 3577 Helcbana,
1212 3526 1264 3568 et
1293 3516 1437 3569 dedit
1458 3513 1761 3567 Phenenna:
1785 3530 1922 3569 uxo-

352 3602 393 3655 ri
418 3616 551 3666 sute,
579 3614 634 3656 et
665 3604 916 3659 oiitnibus
956 3606 1082 3660 filiis
1117 3607 1234 3675 ejus
1294 3619 1349 3662 et
1402 3609 1618 3664 filiabus
1687 3618 1871 3677 partes
1901 3625 1917 3664 :

348 3693 514 3746 Annae
540 3702 719 3747 autem
748 3696 894 3749 dedit
919 3712 1082 3751 unam
1115 3708 1345 3766 partem.
1366 3698 1481 3753 Non
1505 3700 1652 3754 enim
1687 3699 1920 3754 habebat

350 3785 509 3848 filios,
569 3787 696 3853 quia
753 3788 1098 3842 concluserat
1150 3788 1409 3847 Dominus
1459 3791 1671 3844 vulvam
1724 3793 1858 3858 ejus.
1893 3808 1912 3842 ι

349 3875 484 3930 Tum
508 3878 700 3931 deinde
733 3878 897 3933 refert
946 3878 1254 3948 Scriptura,
1304 3883 1429 3951 quia
1490 3883 1816 3937 contristata
1839 3890 1920 3935 est

348 3968 523 4031 Anna,
558 3970 702 4037 quod
734 3983 856 4023 cum
889 3972 1161 4039 acceperit
1182 3971 1474 4027 Phenenna
1508 3972 1771 4043 plurimas
1796 3987 1919 4041 por-

350 4058 523 4113 tiones
558 4076 680 4113 cum
716 4061 863 4125 filiis,
901 4062 1013 4129 ipsa
1067 4078 1227 4116 unam
1264 4063 1434 4117 solam
1467 4065 1741 4133 acceperit
1795 4080 1920 4132 par-

350 4160 477 4217 tem,
507 4162 561 4205 et
580 4151 705 4219 quia
751 4151 853 4205 hoc
886 4152 1073 4207 dolore
1130 4155 1378 4219 perculsa
1410 4155 1665 4224 templum
1710 4155 1914 4209 Domini

352 4244 585 4312 ingressa
615 4243 892 4297 deﬂeverit
935 4257 989 4302 et
1025 4246 1263 4300 oraverit
1297 4261 1423 4301 cum
1456 4247 1677 4303 silentio
1704 4288 1719 4311 ,
1757 4248 1828 4301 ita
1863 4256 1920 4301 ut

352 4348 453 4386 non
480 4334 762 4387 audiretur
791 4351 890 4389 vox
945 4334 1062 4403 ejus
1090 4354 1105 4390 :
1156 4349 1210 4392 et
1242 4339 1367 4408 quia
1408 4348 1603 4408 putans
1634 4354 1755 4393 eam
1803 4339 1917 4393 Heli

352 4425 608 4479 sacerdos
637 4440 758 4480 esse
787 4428 1016 4488 ebriam,
1062 4429 1425 4499 increpaverit
1455 4445 1598 4496 eam,
1646 4432 1757 4501 ipsa
1792 4445 1919 4483 vero
1950 4412 1993 4467 Ῑ)

355 4530 473 4567 cum
514 4514 818 4567 humilitate
869 4517 1198 4585 respondens
1239 4516 1573 4571 satisfecerit
1630 4516 1923 4580 sacerdoti,

353 4605 584 4659 oraverit
625 4606 736 4676 (93)
778 4616 958 4663 autem
1012 4609 1081 4663 ad
1139 4609 1452 4673 Dominum,
1498 4620 1557 4663 ut
1613 4608 1927 4676 conciperet

357 4695 542 4762 tilium,
576 4700 894 4766 promittens
922 4714 981 4753 se
1013 4700 1119 4754 Deo
1150 4712 1590 4755 consecraturam
1645 4702 1926 4770 quodcun-

356 4802 456 4856 que
513 4789 805 4858 genuisset.
884 4791 947 4844 Et
993 4806 1118 4846 cum
1180 4807 1245 4847 ex
1295 4792 1716 4862 repromissione
1753 4791 1922 4844 filium

356 4878 701 4949 suscepisset,
734 4880 966 4937 refertur
993 4884 1135 4952 quod
1172 4900 1199 4936 a
1227 4884 1365 4937 lacte
1393 4882 1676 4953 depulsum
1705 4883 1921 4936 obtule-

360 4969 424 5022 rit
449 4982 571 5023 eum
601 4970 845 5027 Domino.
870 4972 987 5027 Non
1023 4975 1166 5027 enim
1208 4983 1423 5043 poterat
1449 4973 1644 5030 offerre
1691 4975 1923 5030 Domino

358 5061 502 5128 prius
522 5077 644 5115 eum
671 5078 831 5133 quam
860 5081 889 5119 a
920 5068 1058 5121 lacte
1087 5067 1397 5137 depelleret.
1424 5064 1594 5121 Oﬂert
1640 5082 1772 5137 ergo
1801 5081 1921 5121 eum

361 5155 410 5209 in
440 5158 686 5212 oratione
712 5163 949 5229 quadam
989 5162 1322 5231 propheticis
1343 5163 1593 5217 distincta
1627 5161 1922 5232 mysteriis.

361 5242 800 5303 Abbreviavimus
855 5263 1114 5320 quantum
1200 5254 1472 5321 potuimus
1528 5253 1922 5306 continentiam

364 5338 629 5392 lectionis.

424 5432 478 5485 5.
517 5430 802 5488 Videamus
838 5451 979 5489 nunc
1004 5436 1134 5504 quid
1161 5437 1324 5490 etiam
1354 5452 1450 5505 per
1488 5439 1605 5491 lucc
1652 5452 1772 5506 qua:
1797 5450 1922 5506 pro—

426 5563 473 5595 “
505 5562 523 5619 1
551 5564 678 5621 Cor.
709 5582 761 5632 v,
790 5569 839 5635 Ι,
863 5570 918 5624 2.
1012 5572 1055 5600 ⁸⁷
1089 5570 1108 5623 l
1135 5571 1267 5643 Reg.
1295 5591 1330 5638 ι,
1358 5573 1493 5639 1,-5.

428 5701 539 5773 (93)
581 5700 728 5758 Unus
748 5705 937 5771 codex,
973 5723 989 5755 ι
1025 5706 1221 5760 oravit.
1264 5727 1281 5759 ι

1572 5572 1658 5629 ⁸⁸1
1687 5572 1813 5629 Cor.
1838 5587 1931 5636 vn,
1967 5570 2015 5624 l.

2020 3139 2304 3205 prraim.
2351 3157 2371 3193 ι
2426 3138 2540 3194 Non
2577 3157 2662 3194 me
2698 3140 2827 3194 latet
2857 3143 3032 3210 primo
3066 3142 3183 3197 loco
3224 3146 3367 3210 quod
3400 3145 3454 3199 in
3505 3147 3607 3200 alio

2020 3232 2219 3299 quibus
2238 3230 2647 3300 exemplaribus
2676 3232 2914 3285 habetur
2941 3252 2953 3287 :
2986 3249 3004 3282 ι
3034 3232 3166 3285 Erat
3192 3233 3277 3286 vir
3303 3236 3545 3303 quidam.
3582 3255 3602 3288 ι

2021 3322 2115 3377 sed
2143 3322 2194 3376 in
2229 3323 2314 3377 his
2345 3322 2754 3391 exemplaribus
2784 3338 2904 3393 quae
2935 3325 3307 3377 emendatiora
3343 3326 3601 3394 probavi-

2022 3430 2143 3469 mus
2170 3414 2244 3468 ita
2295 3415 2570 3469 habetur:
2606 3431 2626 3466 ι
2667 3414 2797 3469 Erat
2826 3416 2910 3470 vir
2938 3430 3097 3469 unus.
3141 3434 3161 3467 ι
3197 3415 3254 3470 ln
3306 3432 3414 3488 quo
3447 3420 3607 3473 nobis

2021 3507 2186 3560 etiam
2224 3505 2455 3568 liebrmi,
2490 3507 2583 3576 qui
2616 3506 3004 3561 contradicunt
3031 3506 3082 3560 in
3108 3509 3343 3574 caeteris,
3375 3512 3605 3579 sequia-

2021 3609 2199 3653 scunt.
2229 3599 2360 3653 Erat
2387 3613 2517 3668 ergo
2550 3600 2636 3653 vir
2682 3614 2843 3653 unus.
2878 3598 3007 3652 \‘ide
3049 3600 3094 3652 si
3127 3615 3234 3654 non
3285 3602 3388 3656 hoc
3433 3603 3607 3672 ipsum

2021 3690 2260 3759 pertinet
2289 3691 2357 3743 ad
2390 3689 2604 3745 laudem
2630 3689 2761 3759 justi
2793 3690 2936 3759 quod
2962 3690 3169 3744 dicitur
3198 3692 3264 3747 de
3284 3707 3388 3747 eo:
3422 3712 3442 3745 ι
3476 3694 3609 3748 Erat

2023 3782 2107 3833 vir
2134 3795 2291 3835 unus.
2331 3798 2351 3832 ι
2391 3779 2500 3835 Nos
2538 3781 2631 3850 qui
2678 3782 2861 3836 adhuc
2903 3772 3223 3852 peccatores
3257 3799 3444 3838 sumus
3498 3800 3606 3841 non

2020 3887 2306 3943 possumus
2326 3874 2487 3928 istum
2517 3874 2732 3928 titulum
2762 3874 2937 3929 laudis
2954 3877 3265 3944 acquirere,
3287 3877 3413 3943 quia
3441 3892 3609 3929 unus-

2019 3966 2249 4036 quisque
2280 3977 2529 4024 uostrutn
2576 3980 2683 4021 non
2728 3974 2812 4020 est
2842 3982 3013 4034 unus,
3047 3968 3138 4040 sed
3176 3975 3260 4022 est
3304 3969 3481 4023 multi.
3516 3969 3605 4023 ln-

2024 4067 2176 4112 tuere
2201 4073 2435 4127 namque
2464 4055 2696 4124 alicujus
2723 4058 2928 4112 vultmn
2960 4074 3102 4112 nunc
3129 4058 3278 4121 irati,
3331 4075 3472 4113 nunc
3510 4060 3607 4113 ite-

2026 4166 2145 4205 rum
2177 4150 2371 4213 tristis,
2400 4150 2561 4219 paulo
2590 4159 2712 4220 post
2743 4166 2956 4203 rursum
2990 4150 3294 4220 gaudentis,
3319 4159 3373 4204 et
3406 4152 3602 4206 iterum

2023 4242 2248 4307 turbati,
2284 4250 2338 4296 et
2364 4257 2580 4296 rursum
2620 4241 2775 4306 lenis,
2810 4242 2863 4295 in
2897 4242 3006 4295 alio
3055 4252 3300 4309 tempore
3338 4242 3409 4297 de
3444 4242 3608 4297 rebus

2025 4333 2226 4388 divinis
2272 4343 2326 4387 et
2364 4334 2483 4387 vitae
2524 4343 2742 4389 aeternae
2771 4334 2985 4388 actibus
3034 4334 3369 4387 consulentis
3394 4373 3409 4396 ,
3448 4335 3611 4402 paulo

2026 4434 2145 4494 post
2175 4441 2303 4479 vero
2336 4425 2419 4478 vel
2448 4440 2567 4494 qua:
2591 4425 2656 4479 ad
2697 4426 3006 4492 avaritiam,
3028 4424 3110 4480 vel
3138 4441 3258 4494 quae
3285 4425 3351 4479 ad
3374 4424 3605 4495 gloriam

2026 4519 2208 4572 seculi
2242 4504 2514 4588 pertinent
2542 4517 2839 4571 molientis.
2875 4517 3037 4573 Vides
3081 4518 3355 4587 quomodo
3398 4518 3486 4570 ille
3514 4519 3608 4586 qui

2027 4620 2250 4678 putatur
2273 4624 2410 4664 unus
2438 4625 2579 4675 esse,
2609 4624 2713 4663 n0n
2744 4622 2826 4663 est
2862 4625 3022 4675 unus,
3055 4610 3146 4664 sed
3178 4619 3260 4663 tot
3300 4610 3353 4662 in
3386 4623 3453 4663 eo
3484 4625 3608 4677 per-

2025 4716 2171 4757 sona:
2199 4701 2456 4756 videntur
2485 4715 2604 4756 esse
2642 4710 2773 4769 quot
2808 4716 3023 4765 mores,
3052 4702 3176 4768 quia
3211 4710 3264 4754 et
3309 4701 3609 4754 secundum

2030 4792 2339 4861 Scripturas
2373 4811 2392 4845 ι
2424 4794 2681 4861 insipiens
2709 4793 2848 4846 sicut
2880 4793 3004 4845 luna
3032 4800 3273 4845 mutatur
3298 4791 3365 4844 ⁷ο.
3398 4807 3417 4841 ι
3447 4788 3607 4845 Unde

2027 4893 2081 4939 et
2113 4885 2237 4939 luna
2267 4900 2387 4940 cum
2419 4886 2669 4939 videatur
2700 4900 2803 4939 una
2832 4899 2956 4938 esse
2996 4899 3095 4952 per
3144 4881 3463 4936 substantiae
3499 4882 3602 4933 im-

2031 4978 2381 5032 mutationem
2408 5020 2422 5041 ,
2468 4987 2645 5031 tamen
2696 4992 2914 5045 semper
2956 4991 2986 5028 a
3036 4974 3323 5043 semetipsa
3378 4972 3482 5025 alia
3521 4981 3605 5025 est

2030 5083 2349 5139 semperque
2396 5070 2611 5122 diversa
2652 5087 2666 5124 :
2716 5078 2772 5123 et
2806 5069 2885 5123 sic
2940 5067 3104 5120 etiam
3156 5066 3208 5119 in
3247 5065 3361 5135 ipsa
3395 5074 3609 5119 constat

2027 5160 2296 5227 quoduna
2332 5158 2510 5213 multa:
2536 5159 2665 5216 sint.
2701 5160 2794 5215 Sic
2825 5174 2956 5228 ergo
2982 5168 3036 5213 et
3065 5172 3162 5212 nos
3193 5158 3283 5227 qui
3318 5157 3493 5211 adhuc
3520 5157 3606 5210 in-

2028 5251 2288 5319 sipientes
2314 5265 2501 5304 smnus
2529 5261 2581 5305 et
2616 5251 2917 5324 imperfecti
2947 5291 2963 5315 ,
3012 5251 3136 5319 quia
3182 5263 3399 5319 semper
3428 5257 3603 5302 muta-

2032 5356 2151 5394 mus
2179 5342 2501 5406 sententias,
2535 5351 2585 5395 et
2618 5356 2837 5411 semper
2867 5343 3086 5396 diversa
3128 5340 3378 5409 cupimus
3405 5349 3460 5393 et
3486 5353 3608 5392 seu-

2033 5432 2215 5496 timus,
2251 5445 2391 5485 unus
2443 5447 2547 5485 non
2598 5448 2888 5502 possumus
2936 5433 3064 5487 dici.
3113 5431 3185 5487 De
3235 5430 3399 5499 justis
3425 5438 3609 5484 autem

2115 5569 2159 5601 θ’
2188 5568 2230 5623 ll
2261 5568 2385 5624 Cor.
2418 5585 2497 5623 Ill.
2567 5570 2613 5602 ⁷⁸
2640 5569 2806 5625 Eccli.
2840 5583 3013 5634 xxvn,
3050 5572 3130 5629 l2.
