4058 6244
259 359 393 416 1001

1379 350 1444 404 ΙΝ
1485 349 1737 404 LIBRUM
1779 347 2014 403 REGUM
2056 342 2336 399 lIOMILIA
2381 344 2418 394 I.

3375 339 3512 392 £039.

261 476 479 544 penitus
507 472 668 527 alieni
698 477 824 525 sunt
849 481 878 519 a
923 464 1086 519 rebus
1120 464 1230 519 Dei.
1275 465 1560 533 Accipiunt
1603 476 1835 529 namque
1866 467 1908 520 Λ
1942 473 2088 514 retur
2125 462 2174 514 in
2208 459 2530 515 Jerusalem.
2563 455 2618 508 in
2642 455 2741 509 hoc
2775 469 2905 525 ergo
2933 455 3054 508 loco
3086 457 3174 526 qui
3207 456 3512 524 appellatur

263 577 444 635 partes
473 567 539 619 de
563 563 850 620 sacriﬁciis
883 558 1100 620 divinis,
1129 568 1183 611 et
1205 557 1374 611 edunt
1404 557 1469 610 de
1501 556 1692 610 hostiis
1717 555 1830 608 Dei.

268 659 646 727 Unusquisque
696 670 826 724 ergo
881 664 1124 710 nostrum
1190 650 1364 719 primo
1406 651 1743 704 convertitur
1805 664 1833 701 a

263 759 519 818 peccato,
548 759 600 802 et
634 763 698 800 ex
735 744 1091 800 conver.~.ione
1126 751 1348 812 generat
1382 756 1548 810 opera
1589 738 1833 805 iustitiae.

268 839 459 894 Postea
496 853 622 892 vero
660 838 894 892 excitata
943 835 994 888 in
1035 833 1188 888 nobis
1227 834 1379 886 Anna
1429 847 1524 899 per
1562 831 1738 884 zelum
1783 841 1838 885 ct

265 927 662 984 aemulationem
697 925 818 980 boni
840 967 854 988 ,
890 942 1108 996 precem
1143 923 1317 976 fundit
1358 922 1420 973 ad
1461 924 1664 982 Deum,
1696 931 1754 972 ut
1783 929 1838 973 et

269 1014 382 1081 ipsa
419 1013 558 1068 ﬁlios
587 1025 830 1084 generet.
870 1014 1068 1080 Quales
1093 1026 1221 1081 ergo
1247 1011 1418 1072 Anna,
1452 1023 1570 1076 quze
1603 1017 1686 1062 est
1713 1024 1837 1075 gra-

268 1108 361 1169 tia,
389 1105 528 1160 ﬁlios
553 1104 817 1175 generat?
844 1104 944 1168 Qui
977 1103 1248 1157 assideant
1280 1102 1406 1155 Deo.
1444 1119 1462 1150 ι
1485 1099 1673 1154 Gratia
1692 1101 1834 1154 enim

265 1206 324 1250 et
355 1196 555 1249 veritas
598 1210 696 1262 per
739 1191 922 1248 Jesum
952 1191 1229 1248 Christum
1269 1190 1411 1245 facta
1449 1199 1532 1244 cst
1569 1190 1632 1243 ⁸ο.
1677 1209 1695 1240 ι
1739 1189 1838 1244 llic

266 1300 396 1353 ergo
433 1294 512 1338 est
545 1283 683 1337 ﬁlius
716 1283 935 1352 gratiae,
968 1281 1057 1350 qui
1110 1282 1218 1334 Deo
1248 1289 1404 1336 vacat
1436 1292 1490 1334 et
1523 1282 1688 1335 verbo
1722 1282 1832 1336 Dei.

269 1374 552 1428 Visautem
577 1374 964 1429 evidentiorem
1001 1372 1093 1426 libi
1117 1372 1395 1426 ostendam
1419 1379 1469 1425 et
1505 1372 1556 1424 in
1587 1372 1835 1440 Evange-

269 1459 352 1512 liis
395 1458 700 1526 bujusmodi
754 1455 1127 1525 intelligentire
1179 1457 1433 1518 formam,
1469 1471 1591 1525 qua:
1623 1458 1676 1509 in
1725 1459 1838 1523 lege

266 1549 482 1616 quidem
510 1547 862 1600 adumbratur
888 1560 983 1612 per
1021 1560 1241 1610 uxores,
1280 1546 1334 1598 in
1371 1545 1676 1614 Evangeliis
1710 1561 1837 1599 vero

261 1640 370 1708 jam
399 1653 639 1706 praesens
663 1635 988 1692 describitur
1010 1650 1106 1700 per
1129 1635 1385 1689 sorores?
1415 1632 1545 1689 Vide
1573 1636 1836 1689 Martham

266 1735 322 1780 et
352 1725 574 1780 Mariam
599 1726 640 1756 ⁸¹
671 1743 684 1778 :
716 1739 782 1778 ex
811 1723 1008 1791 quibus
1038 1724 1254 1790 quidem
1297 1721 1509 1776 Martha
1543 1724 1837 1777 conturba-

269 1829 379 1881 tur,
410 1827 463 1870 et
493 1817 691 1884 satagit
721 1815 868 1870 circa
900 1816 1124 1869 multum
1155 1814 1539 1878 ministerium,
1571 1823 1624 1867 et
1655 1815 1837 1882 explet
1869 1801 1910 1854 Β

266 1925 428 1978 opera
462 1908 850 1972 conversionis,
893 1917 945 1963 et
989 1923 1086 1977 per
1129 1907 1242 1960 hmo
1274 1906 1419 1958 velut
1462 1905 1838 1959 c0nversiouis

270 2001 410 2053 ﬁlios
456 2008 693 2068 generat.
721 1999 886 2052 Maria
927 2014 1073 2062 vero,
1129 2013 1290 2052 serus
1340 1996 1501 2064 pedes
1544 1994 1704 2050 Verbi
1743 1995 1836 2048 Dei

271 2089 498 2150 intenta,
536 2086 794 2154 optimam
831 2095 1039 2155 partem
1083 2084 1312 2154 elegisse
1360 2083 1584 2149 dicitur,
1633 2093 1688 2138 et
1745 2098 1840 2150 per

272 2179 385 2230 haec
416 2176 729 2246 intelligitur
756 2175 900 2229 velut
934 2176 1121 2245 gratiae
1143 2174 1388 2245 germina
1410 2188 1722 2242 procreare.
1749 2174 1839 2228 Sic

267 2280 397 2334 ergo
431 2276 484 2320 et
518 2280 659 2318 nunc
697 2264 849 2318 Anna
897 2273 1122 2335 generat
1166 2263 1355 2316 ﬁlium.
1410 2264 1579 2330 Quem
1631 2263 1841 2315 ﬁlium?

271 2353 599 2416 Samuelcm,
629 2354 821 2422 inquit,
849 2355 936 2420 qui
970 2354 1077 2408 Deo
1106 2354 1335 2416 assistit,
1364 2354 1429 2408 de
1456 2369 1566 2423 quo
1596 2354 1647 2408 in
1687 2349 1842 2408 Paul»

268 2450 368 2501 uiis
401 2450 598 2502 dicitur
626 2448 670 2479 "
704 2467 716 2502 :
752 2466 769 2498 ι
809 2446 982 2500 Moses
1027 2457 1081 2500 et
1135 2447 1312 2500 Aaron
1365 2446 1419 2499 in
1471 2446 1843 2502 sacerdotibus

269 2539 409 2608 ejus,
439 2548 492 2594 et
533 2538 753 2593 Samuel
798 2538 852 2592 in
890 2537 975 2591 his
1007 2537 1096 2606 qui
1133 2537 1385 2592 invocant
1417 2552 1610 2591 nomen
1639 2537 1776 2605 ejus.
1817 2555 1833 2588 ι

270 2629 378 2684 Sed
414 2640 469 2684 et
506 2628 769 2684 Jeremias
811 2627 946 2684 dicit
981 2627 1027 2658 ⁸³
1065 2643 1079 2680 ;
1123 2646 1140 2677 ι
1181 2626 1236 2680 Si
1285 2627 1537 2680 steterint
1579 2625 1756 2681 Moses
1786 2633 1843 2680 et

271 2722 485 2777 Samuel
519 2723 572 2776 in
614 2733 905 2792 conspectu
949 2735 1090 2784 meo,
1127 2735 1233 2775 non
1281 2719 1544 2774 dimittam
1595 2721 1694 2774 eis.
1731 2737 1751 2769 ι
1785 2720 1842 2775 Si

269 2829 401 2884 ergo
431 2824 611 2869 tantus
639 2825 692 2869 et
723 2815 844 2868 talis
867 2823 944 2868 est
981 2814 1120 2867 ﬁlius
1149 2812 1358 2882 gratiae,
1390 2823 1444 2866 et
1470 2827 1569 2867 nos
1615 2809 1844 2868 festine-

271 2923 392 2962 nius
418 2908 632 2975 quidem
665 2906 730 2960 ad
763 2907 932 2961 Anna:
963 2906 1178 2975 nuptias
1199 2944 1214 2970 ,
1259 2906 1354 2959 sed
1397 2905 1668 2972 patienter
1717 2920 1844 2976 aga-

272 3016 392 3055 mus
425 3009 479 3053 ut
512 3001 659 3069 prius
700 2999 859 3053 nobis
902 2998 996 3052 ﬁlii
1025 3000 1088 3051 de
1118 2996 1480 3051 conversione
1510 3004 1840 3052 nascantur:

272 3091 420 3161 prius
457 3092 509 3144 in
547 3089 708 3144 bouis
736 3090 992 3157 Operibus
1025 3087 1364 3156 placeamus,
1403 3094 1530 3140 tunc
1567 3086 1762 3140 deinde
1786 3094 1840 3139 et
1870 3124 1918 3186 Ο

270 3184 337 3238 de
366 3181 557 3252 gratia,
605 3189 659 3232 et
702 3181 842 3232 dono
883 3177 1108 3247 spiritus
1142 3177 1310 3230 ﬁlium
1365 3190 1734 3244 procreemus.
1772 3175 1841 3230 Et

271 3273 483 3343 qualem
512 3271 720 3324 lilium?
749 3269 935 3337 Qualis
962 3270 1049 3324 hic
1078 3268 1218 3322 ﬁlius
1239 3278 1343 3332 est,
1371 3267 1614 3333 Samuel,
1644 3267 1839 3335 inquit,

271 3361 365 3429 qui
415 3361 802 3429 interpretatur
842 3358 926 3411 Ibi
971 3360 1080 3425 ipse
1118 3358 1255 3412 Deus
1287 3358 1420 3429 (98).
1454 3358 1617 3413 Vides
1657 3357 1845 3427 quales

274 3451 414 3505 ﬁlios
443 3459 665 3520 generat
693 3451 911 3520 gratia?
945 3450 1034 3503 Sic
1068 3449 1211 3504 enim
1243 3450 1502 3518 scriptum
1545 3459 1624 3505 est
1663 3451 1729 3503 de
1759 3448 1848 3503 his

274 3540 366 3608 qui
413 3539 636 3609 spiritus
669 3540 900 3609 gratiam
946 3537 1224 3594 consecuti
1257 3551 1381 3594 sunt
1409 3580 1423 3603 ,
1457 3541 1669 3594 dicente
1701 3541 1845 3607 Apo-

275 3629 413 3685 stolo
437 3629 523 3683 "‘:
557 3646 575 3679 ι
617 3627 674 3683 Si
709 3644 836 3683 vero
868 3630 1128 3698 propheta
1163 3631 1364 3694 intret,
1401 3637 1492 3680 aut
1535 3627 1844 3695 imperitus,

277 3731 369 3775 aut
416 3721 601 3785 idiota,
650 3721 702 3774 in
737 3730 1060 3774 conventum
1093 3731 1332 3774 vestrum
1357 3759 1373 3786 ,
1406 3719 1738 3772 discernitur
1780 3717 1848 3770 ab

275 3813 550 3876 omnibus,
567 3811 776 3866 occulta
794 3827 1010 3881 quoque
1034 3811 1220 3866 cordis
1237 3811 1354 3878 ejus
1378 3810 1662 3864 manifesta
1691 3811 1845 3863 ﬁent:

274 3916 330 3959 et
369 3915 496 3958 tunc
537 3904 737 3959 cadens
787 3902 838 3956 in
879 3903 1072 3956 faciem
1125 3902 1377 3955 adorabit
1412 3899 1619 3965 Deum,
1659 3899 1850 3953 dicens

273 3995 403 4065 quia
440 4011 564 4050 vere
597 3995 739 4049 Deus
783 3996 834 4047 in
882 3995 1032 4046 vobis
1062 4003 1166 4047 est.
1215 4011 1232 4044 ι
1275 3991 1384 4045 Hoc
1426 4000 1511 4045 est
1543 4005 1672 4059 ergo
1706 3990 1849 4059 quod

277 4087 669 4155 interpretatur
698 4083 942 4146 Samuel,
971 4085 1041 4136 ibi
1072 4085 1182 4153 ipse
1229 4083 1392 4136 Deus.
1429 4081 1533 4137 Ubi
1570 4083 1712 4134 enim
1741 4082 1852 4149 spi-

276 4174 414 4229 ritus
443 4178 666 4246 gratiai,
707 4174 778 4228 ibi
830 4174 943 4244 ipse
987 4188 1110 4227 esse
1150 4172 1350 4226 dicitur
1381 4172 1544 4225 Deus.
1593 4171 1699 4224 Sed
1753 4171 1852 4224 iste

275 4265 434 4321 nobis
479 4267 599 4320 talis
643 4266 783 4320 ﬁlius
833 4282 934 4319 non
984 4273 1159 4334 potest
1206 4264 1393 4326 uasci,
1448 4263 1553 4317 nisi
1603 4277 1849 4330 praeces-

275 4359 448 4412 serint
491 4359 642 4426 prius
701 4357 795 4411 ﬁlii
843 4356 1152 4411 Pheuenurc
1200 4375 1216 4422 ;
1270 4355 1374 4409 nisi
1436 4355 1579 4408 enim
1646 4369 1849 4423 praece-

1942 551 2079 613 Silo,
2112 551 2302 606 hostia:
2328 565 2424 619 pro
2453 551 2692 618 peccatis
2724 547 3120 609 oﬁ‘erebantur,
3158 557 3212 600 et
3240 547 3313 600 ibi
3346 550 3513 600 ﬁebat

1938 643 2187 712 purgatio
2242 653 2612 712 peccatorum.
2682 640 2796 694 Silo
2869 651 3050 694 autem
3121 641 3512 708 interpretatur

1939 733 2139 786 al’lt’8IO
2170 733 2252 786 vel
2287 732 2603 786 excalceatio
2630 730 2766 796 (99),
2801 731 2900 785 hoc
2931 741 3012 786 est
3041 733 3393 786 calceamenti
3424 746 3510 783 re-

1939 822 2166 883 solutio,
2215 831 2268 876 et
2316 832 2544 891 uterque
2590 835 2784 874 sensus
2827 824 3219 876 convenienter
3274 832 3510 890 aptatur.

1939 912 2113 967 Locus
2143 913 2284 967 enim
2317 915 2368 966 in
2401 928 2506 980 quo
2529 924 2745 980 peccata
2779 925 3102 982 purgantur,
3129 926 3276 970 recte
3302 915 3514 969 avulsio

1939 1004 2270 1066 nominatur,
2303 1005 2390 1057 ubi
2425 1003 2680 1056 avellitur
2708 1019 2802 1057 cor
2841 1005 3132 1070 lapideum,
3162 1014 3216 1060 et
3256 1007 3513 1062 inseritur

1939 1111 2032 1149 cor
2085 1111 2338 1148 carneuin
2377 1113 2390 1148 :
2443 1095 2523 1148 vel
2573 1095 2937 1160 excalreatio,
2967 1098 3089 1166 quia
3126 1111 3314 1151 omnes
3343 1097 3513 1151 donec

1939 1183 2007 1236 ad
2053 1193 2297 1236 sanctum
2351 1184 2524 1237 locum
2579 1185 2902 1249 veniamus,
2957 1186 3252 1240 excalceati
3287 1202 3509 1242 sumus:

1939 1290 2058 1328 cum
2089 1285 2264 1328 autem
2293 1279 2701 1342 pervenerimus
2730 1279 2793 1331 ad
2820 1292 2970 1340 eum,
3005 1278 3324 1331 discalceari
3354 1277 3516 1343 jube-

1940 1381 2079 1418 mur.
2115 1365 2206 1419 Sic
2255 1366 2454 1419 dicitur
2485 1369 2552 1420 ad
2601 1369 2782 1423 Mosen
2821 1369 2866 1400 ⁸³
2909 1387 2920 1421 :
2959 1387 2976 1418 ‹
3021 1368 3180 1422 Solve
3216 1369 3512 1437 corrigiam

1938 1456 2287 1512 calceameuti
2323 1459 2418 1511 tui.
2458 1458 2629 1514 Locus
2660 1461 2804 1513 enim
2849 1461 2902 1513 in
2938 1474 3045 1528 quo
3078 1468 3130 1511 tu
3166 1469 3280 1513 stas
3306 1499 3320 1520 ,
3367 1470 3512 1513 terra

1939 1556 2124 1599 saneta
2174 1555 2274 1600 est.
2323 1567 2341 1599 ›
2383 1548 2445 1600 Et
2496 1550 2622 1617 quid
2677 1560 2929 1618 putamus
2974 1551 3115 1620 quod
3170 1551 3222 1604 in
3273 1550 3357 1604 his
3407 1567 3513 1605 non

1940 1635 2144 1702 aliquid
2215 1638 2458 1705 mysterii
2521 1639 2792 1691 obtectum
2869 1640 2978 1703 sit,
3039 1640 3132 1693 sed
3195 1639 3320 1707 quia
3374 1639 3518 1696 Deus

1942 1726 2107 1796 485
2148 1731 2537 1783 exsecrabatur
2581 1731 2947 1785 calceamenta
2995 1733 3124 1787 Mosi
3169 1735 3467 1801 corporalia
3497 1774 3514 1798 ,

1940 1817 2060 1870 ideo
2107 1818 2220 1871 hrec
2263 1819 2629 1885 jubebantur?
2680 1821 2784 1873 Aut
2834 1821 2960 1875 iZlud
2998 1823 3166 1891 magis
3215 1824 3512 1892 putandum

1938 1916 2042 1969 est,
2095 1908 2235 1976 quod
2284 1925 2406 1962 cum
2451 1912 2624 1964 exiret
2665 1914 2730 1966 de
2767 1919 2914 1967 terra
2967 1911 3186 1984 Egypli
3215 1955 3230 1980 ,
3281 1915 3517 1971 habebat

1941 1999 2308 2054 calceamenta
2343 2003 2408 2056 de
2435 2002 2666 2072 pellibus
2693 2005 2940 2070 mortuis,
2975 2015 3028 2058 et
3056 2015 3177 2060 erat
3200 2006 3346 2061 velut
3381 2023 3516 2076 qua-

1953 2091 2073 2147 dam
2087 2091 2406 2146 mortalitate
2419 2091 2765 2145 constrictus:
2785 2106 2905 2144 cum
2928 2107 3051 2146 vero
3068 2093 3232 2161 coepit
3261 2094 3523 2162 proﬁcere

1953 2183 2018 2237 ad
2037 2183 2286 2237 virtutem
2320 2191 2373 2235 et
2403 2181 2692 2236 ascendere
2723 2189 2960 2236 montem
2996 2183 3109 2247 Dei,
3133 2193 3293 2252 atque
3323 2185 3393 2239 ibi
3421 2186 3518 2239 iiii-

1953 2275 2269 2328 mortalibus
2309 2275 2614 2328 ministrare
2642 2275 2928 2344 mysteriis,
2961 2285 3089 2329 tunc
3121 2276 3250 2331 dicit
3287 2279 3353 2332 ad
3397 2294 3520 2333 eum

1957 2373 2015 2418 ut
2061 2365 2255 2420 indicia
2303 2366 2642 2421 mortalitatis
2689 2366 2981 2435 abjicerct,
3036 2382 3154 2436 qum
3209 2367 3262 2420 in
3309 2369 3521 2423 calcea-

1954 2457 2154 2511 mentis
2205 2456 2442 2526 pclliceis
2483 2457 2851 2527 designantur.
2895 2459 3006 2528 Ego
3045 2469 3176 2528 puto
3213 2460 3355 2528 quod
3395 2476 3522 2528 pro-

1953 2555 2136 2616 pterea
2174 2557 2224 2601 et
2268 2547 2525 2617 apostolis
2564 2547 2676 2601 suis
2713 2546 2958 2601 Salvator
2997 2548 3273 2617 praecepit,
3313 2565 3382 2603 ne
3422 2551 3520 2604 lia-

1952 2638 2144 2692 herent
2186 2638 2550 2693 calceaménta
2607 2637 2660 2690 in
2711 2638 2940 2706 pedibus
2996 2638 3135 2703 suis,
3177 2647 3234 2692 ut
3283 2638 3518 2708 ipsorum

1951 2729 2118 2801 pedes
2153 2728 2244 2800 qui
2284 2728 2574 2783 currebant
2611 2728 2676 2781 ad
2710 2727 3139 2781 annuntiandum
3170 2729 3332 2782 vitam
3362 2738 3522 2784 aeter-

1952 2836 2108 2884 nam,
2150 2821 2298 2874 omni
2352 2826 2603 2874 carerent
2654 2819 2996 2873 mortalitatis
3035 2817 3233 2874 indicio
3274 2837 3286 2871 :
3323 2821 3521 2892 quippe

1952 2908 2044 2981 qui
2093 2909 2237 2963 illam
2293 2907 2434 2962 viam
2488 2907 2824 2972 incederent,
2861 2923 2982 2977 quae
3034 2909 3163 2963 dicit
3198 2910 3241 2941 ⁸⁷
3287 2928 3299 2962 :
3345 2929 3363 2960 ‹
3411 2911 3522 2981 Ego

1948 3014 2066 3052 sum
2115 2998 2196 3050 via
2221 3039 2235 3063 ,
2269 2999 2472 3051 veritas
2514 3008 2569 3051 et
2615 2997 2743 3050 vita.
2773 3015 2792 3048 ι
2839 2995 3006 3050 Nemo
3039 2997 3183 3050 enim
3218 2995 3360 3051 viam
3399 2996 3522 3050 vitm

1949 3101 2070 3141 cum
2100 3086 2448 3140 mortalitatis
2476 3085 2675 3139 indicio
2709 3085 2928 3139 incedit.
2948 3085 3092 3140 Talis
3111 3101 3240 3156 ergo
3260 3095 3341 3142 est
3369 3086 3521 3142 locus

1952 3179 2052 3233 iste
2080 3177 2333 3232 similiter
2361 3177 2451 3231 tibi
2488 3187 2570 3230 est
2598 3175 2716 3230 Ileli
2757 3175 2838 3228 vir
2878 3177 3056 3231 minus
3084 3177 3388 3233 laudabilis.
3418 3177 3523 3234 Pro

1951 3276 2176 3337 peccato
2205 3266 2350 3320 enim
2377 3274 2683 3320 retrorsum
2709 3279 2966 3320 corruens
2988 3267 3391 3335 exSpiravit.Et
3417 3284 3524 3323 non

1951 3366 2201 3427 putemus
2227 3358 2368 3425 quod
2408 3356 2511 3409 iste
2542 3357 2685 3410 solus
2720 3363 3015 3410 retrorsum
3042 3370 3304 3412 corruens
3338 3361 3524 3429 exspi-

1951 3448 2174 3512 raverit,
2213 3447 2306 3501 sed
2342 3455 2395 3500 et
2435 3461 2579 3500 nunc
2625 3447 2668 3500 si
2707 3449 2828 3516 quis
2864 3457 3162 3501 retrorsum
3196 3450 3438 3513 corruit,
3477 3453 3524 3507 si

1951 3537 2076 3606 quis
2125 3546 2274 3591 retro
2327 3537 2663 3591 convertitur
2701 3552 2730 3590 a
2783 3537 2889 3592 ﬁde
2921 3545 2976 3591 et
3009 3539 3267 3603 veritate,
3305 3554 3528 3598 necesse

1952 3637 2035 3683 est
2058 3637 2114 3682 ut
2133 3629 2312 3693 cadat,
2343 3637 2397 3682 et
2427 3638 2483 3682 ut
2506 3629 2760 3683 continuo
2783 3630 3066 3684 moriatur.
3097 3629 3202 3684 Sed
3226 3641 3280 3685 et
3306 3631 3358 3685 in
3386 3631 3525 3686 Deu-

1953 3720 2243 3774 teronomio
2269 3720 2617 3775 comminatio
2649 3721 3027 3790 peccatoribus
3051 3721 3368 3787 intentatur,
3399 3738 3524 3779 cum

1954 3810 2152 3864 dicitur
2180 3809 2226 3841 ⁸⁸
2262 3829 2274 3863 :
2305 3828 2324 3861 t
2351 3810 2418 3864 Et
2444 3810 2824 3879 cpisthotonus
2851 3809 3186 3865 insanabilis.
3219 3830 3237 3862 ι
3266 3811 3525 3881 Opislho-

1955 3909 2113 3954 tonus
2139 3909 2318 3954 autem
2355 3901 2486 3968 tergi
2522 3899 2898 3970 aegritudinem
2929 3909 2982 3952 et
3013 3902 3372 3971 posteriorum
3397 3920 3524 3972 par-

1956 3992 2088 4044 tium
2125 3991 2398 4059 signiﬁcat
2423 4031 2437 4053 ,
2473 4002 2527 4046 et
2562 3993 2750 4061 utique
2780 4008 2884 4046 non
2925 3992 3042 4048 sine
3073 4008 3232 4048 causa
3254 4034 3270 4060 ,
3301 4011 3421 4049 cum
3452 4004 3528 4050 tot

1953 4097 2149 4152 genera
2191 4083 2466 4152 languoris
2513 4083 2819 4139 habeantur
2854 4085 3108 4150 humani,
3150 4086 3256 4141 hoc
3309 4087 3528 4153 potiSsi-

1957 4190 2100 4226 mum
2143 4189 2315 4243 genus
2343 4174 2618 4243 languoris
2652 4174 2950 4229 ascribitur
2974 4176 3270 4244 peccatori.
3305 4175 3438 4229 Nam
3471 4187 3528 4230 et

1955 4267 2008 4320 in
2037 4265 2224 4321 Genesi
2257 4283 2392 4321 uxor
2436 4267 2555 4332 Lot,
2593 4281 2712 4337 quae
2760 4276 2905 4320 retro
2939 4281 3197 4321 conversa
3253 4277 3356 4333 (εει,
3384 4268 3527 4321 divi-

1956 4375 2082 4412 num
2109 4359 2308 4412 dicitur
2338 4367 2673 4426 transgressa
2707 4367 3057 4425 praeceptum,
3090 4373 3195 4426 quo
3220 4359 3267 4411 ei
3303 4361 3532 4414 manda-

277 4450 408 4502 dant
445 4462 607 4518 opera
663 4449 1075 4512 conversionis,
1128 4463 1232 4500 non
1285 4461 1560 4500 meremur
1613 4445 1841 4513 gratiam
1877 4464 1921 4518 ι)
1955 4457 2064 4501 tum
2121 4449 2300 4502 fuerat
2349 4462 2414 4500 ne
2463 4456 2758 4499 retrorsum
2808 4448 3131 4516 respiceret,
3175 4463 3308 4504 neve
3357 4461 3531 4504 staret

276 4539 532 4608 spiritus,
565 4554 665 4593 nec
695 4553 761 4593 ex
795 4539 908 4608 ipsa
942 4553 1228 4607 possumus
1257 4538 1456 4592 donum
1501 4537 1728 4605 spiritus
1757 4554 1850 4606 ge-

279 4645 495 4686 iterare.

352 4719 405 4774 6.
439 4718 732 4775 Videamus
761 4729 940 4776 autem
972 4729 1024 4776 et
1053 4719 1117 4774 ad
1152 4735 1310 4789 quem
1353 4720 1528 4776 locum
1557 4719 1850 4776 convenie-

279 4811 372 4864 bat
406 4810 675 4865 Ilelchana
718 4826 837 4866 cum
885 4811 1142 4865 uxoribus
1175 4810 1306 4867 suis.
1344 4828 1362 4860 ‹
1401 4810 1720 4871 lmmolare,
1768 4808 1853 4861 iti-

277 4904 398 4972 quit
419 4904 486 4971 ⁸⁸,
525 4905 754 4960 Domino
783 4907 835 4959 in
864 4903 1000 4959 Sdo.
1033 4905 1200 4958 Erant
1243 4913 1419 4959 autem
1446 4945 1460 4969 ,
1498 4903 1688 4972 inquit,
1735 4900 1849 4954 lleli

276 4995 388 5060 ibi,
417 5004 470 5049 et
504 4997 610 5051 duo
654 4997 746 5051 ﬁlii
781 4998 898 5066 ejus
943 4996 1117 5067 Opimi
1157 5006 1212 5051 et
1252 4997 1502 5058 Phinees,
1541 4994 1854 5049 sacerdotes

279 5087 513 5141 Domini.
557 5108 576 5139 ι
617 5089 729 5143 5ἰΙο
771 5104 961 5145 nomen
1003 5101 1088 5161 est
1131 5091 1276 5154 loci,
1332 5090 1384 5142 in
1431 5103 1536 5158 quo
1580 5085 1850 5142 sacriﬁcia

282 5178 509 5234 Domino
539 5181 906 5237 oﬁerebantur
927 5222 942 5249 ,
979 5182 1297 5253 priusquam
1335 5180 1591 5250 templum
1621 5178 1854 5233 adiﬁca-

346 5335 392 5366 ⁸ο
421 5333 613 5388 Joann.
647 5350 685 5397 t,
743 5336 829 5388 17.
895 5335 936 5366 ⁸⁸
983 5334 1116 5387 Luc.
1171 5351 1226 5392 ι.

277 5419 316 5470 ι,
348 5406 400 5459 5.
479 5405 525 5436 ⁸⁸
555 5405 724 5458 Exod.
753 5420 836 5468 ιιι,
876 5402 928 5458 5.
1005 5404 1049 5435 ⁸⁷
1073 5403 1229 5459 Joan.
1261 5420 1369 5471 siv,
1404 5405 1455 5459 6.

350 5567 463 5639 (98)
497 5567 805 5623 Samuel....
839 5568 928 5637 qui
971 5569 1350 5636 interpretatur
1397 5568 1481 5623 lbi
1519 5569 1627 5638 ipse
1694 5568 1853 5626 Deus.

278 5660 359 5715 Ah
387 5669 539 5730 Dm}
576 5660 702 5722 ibi,»
735 5670 836 5720 mn
879 5681 895 5710 α
939 5663 1076 5730 ipse,
1112 5681 1130 5714 ι
1169 5671 1224 5717 et
1249 5659 1319 5721 δια
1369 5680 1385 5712 t
1430 5660 1588 5716 Deus.
1618 5678 1636 5711 ι

349 5731 460 5800 (99)
489 5729 604 5785 Silo
644 5743 815 5784 attlem
853 5733 1226 5801 interpretatur
1256 5732 1458 5786 arttlst'o
1483 5729 1560 5786 rel
1582 5730 1850 5785 excalcea-

597 5822 868 5884 PATROL.
915 5825 1031 5885 Gn.
1081 5824 1220 5886 XII.

342 5895 368 5911 Χ

1298 5334 1342 5367 ¹²
1393 5333 1534 5388 Psal.
1584 5347 1670 5396 tc,
1700 5331 1752 5386 6.
1827 5333 1875 5364 ⁸³
1903 5331 2102 5387 Jerem.
2136 5347 2226 5391 xv,
2271 5333 2317 5385 1.

1533 5403 1578 5435 ⁸⁸
1605 5403 1760 5457 Deut.
1799 5417 1991 5459 xxviii.

1960 4539 2185 4592 inomni
2235 4539 2475 4607 regione,
2518 4549 2572 4591 et
2617 4537 2736 4592 ideo
2767 4536 2962 4593 eﬁ‘ecta
2992 4547 3072 4595 est
3107 4540 3411 4595 staticulum
3443 4558 3533 4594 sa-

1957 4629 2023 4683 lis
2055 4629 2120 4686 ".
2147 4629 2407 4683 Dominus
2433 4643 2647 4697 quoque
2673 4637 2726 4682 et
2763 4629 3010 4684 Salvator
3042 4642 3224 4686 uosmr
3263 4633 3314 4686 in
3351 4633 3532 4688 Evan-
3587 4683 3591 4702 λ

1958 4722 2100 4792 gelio
2129 4739 2143 4776 τ
2184 4740 2202 4773 ι
2236 4720 2430 4784 Nemo,
2465 4720 2641 4790 inquit
2667 4721 2746 4783 θ’,
2780 4721 2999 4775 mittens
3036 4737 3254 4775 manum
3294 4738 3446 4776 suam
3477 4723 3531 4776 in

1959 4821 2222 4878 aratrum,
2259 4821 2314 4864 et
2347 4819 2491 4865 retro
2527 4811 2823 4881 respiciens
2862 4821 3018 4880 aptus
3057 4822 3140 4865 est
3172 4826 3338 4880 regno
3365 4811 3478 4865 Dei.
3507 4829 3528 4862 ι

1955 4902 2181 4972 Insuper
2221 4917 2437 4971 quoque
2469 4917 2588 4955 cum
2619 4901 2684 4956 de
2707 4902 2950 4969 pluribus
2981 4901 3274 4965 docuisset,
3304 4901 3451 4954 addit
3478 4909 3535 4955 et.

1959 4994 2083 5058 hoc,
2120 4993 2308 5047 dicens
2332 4993 2372 5024 "
2408 5010 2421 5046 :
2455 5010 2472 5042 t
2510 4990 2776 5045 Memores
2801 5001 2977 5045 estote
3006 4992 3194 5044 uxoris
3218 4989 3340 5045 Lot.
3371 5008 3389 5040 ι
3421 4988 3533 5057 Op-

1959 5086 2150 5138 timum
2190 5085 2356 5154 igitur
2397 5090 2482 5136 est
2505 5080 2745 5135 oblivisci
2796 5081 2996 5150 priora,
3035 5081 3279 5135 oblivisci
3311 5091 3532 5150 praeter-

1959 5175 2054 5243 ita,
2079 5177 2154 5230 uti
2195 5190 2260 5230 ne
2287 5174 2714 5244 comprehendat
2745 5187 2841 5226 nos
2879 5172 3284 5242 opisthotonus,
3316 5175 3534 5227 insana-

2401 5331 2445 5363 “
2493 5330 2510 5384 Ι
2541 5328 2789 5384 Corinth.
2829 5344 2920 5383 xiv
2945 5368 2960 5394 ,
2995 5329 3086 5389 94,
3114 5328 3204 5384 23.
3283 5320 3368 5372 ’δι
3397 5315 3533 5384 “ei!-

2085 5401 2130 5432 ”
2163 5401 2298 5456 Gen.
2334 5415 2444 5454 χες.
2520 5401 2566 5432 ⁸ο
2597 5399 2728 5454 Luc.
2761 5414 2836 5464 ix,
2866 5399 2954 5453 62.
3029 5401 3072 5431 ’ί
3102 5399 3234 5453 Luc.
3276 5413 3409 5468 xvu,
3441 5399 3531 5454 52.

1964 5567 2058 5622 tia.
2096 5565 2142 5619 Α
2187 5548 2298 5626 5w:
2342 5581 2361 5615 ι
2399 5565 2624 5632 avulsit,
2651 5565 2906 5630 detraxit,
2925 5561 3301 5630 discalceavit,
3333 5560 3379 5616 si
3407 5560 3537 5633 jun-

1961 5646 2118 5709 gatur
2144 5651 2264 5691 cum
2287 5635 2488 5690 calceo.
2523 5655 2541 5688 υ

3134 5817 3214 5875 3'2
