4058 6244
575 318 714 373 1005

2049 311 2372 366 οιιιαεκιε

3757 323 3930 376 10έὲ

573 438 694 490 bilis
730 435 975 502 languor,
1017 451 1185 504 neque
1219 438 1477 490 cudamus
1509 445 1803 490 retrorsum
1839 432 1975 485 sicut
2001 431 2138 491 llr-li.
2176 433 2218 487 Α
2253 430 2352 482 hoc
2386 432 2636 496 dicimus,
2670 437 2815 502 quod
2864 435 2911 490 is
2960 438 3048 504 qui
3097 438 3208 492 Deo
3257 439 3488 496 olTertur
3524 460 3702 512 puer.
3777 458 3958 499 ante

569 541 622 583 et
653 532 964 584 moriamur.

641 624 692 678 7.
737 621 812 675 ibi
846 632 1026 675 autem
1062 629 1218 674 erant
1251 622 1356 676 duo
1418 619 1508 673 lilii
1547 618 1683 673 Heli.
1721 619 1833 673 lleli
1868 618 1944 688 (l)
1981 620 2143 670 inter-

569 724 812 783 pretatur
854 715 1044 774 Arabs,
1085 714 1200 766 sive
1229 713 1514 767 extrarius.
1573 711 1854 764 lixtrarius
1885 713 2084 778 quippe
2116 729 2142 762 ει

570 809 680 864 Deo
722 819 804 863 est
829 807 921 879 qui
963 824 1065 862 non
1109 816 1254 861 tenet
1291 805 1658 872 disciplinam,
1696 804 1785 871 qui
1819 803 2141 871 delinquen-

571 913 678 954 tem
712 901 876 954 tilium
915 913 1020 952 nou
1053 898 1306 966 castigat,
1345 909 1448 947 non
1489 893 1731 963 corripit,
1765 901 1821 945 ttt
1846 892 2092 947 emendet
2125 909 2137 944 :

568 995 658 1062 qui
714 992 953 1060 indulget
985 989 1149 1051 vitiis,
1179 990 1269 1056 qui
1304 985 1500 1041 delicta
1550 1001 1656 1039 non
1703 986 1886 1054 punit,
1920 984 2061 1038 sicut
2088 994 2140 1036 et

567 1085 856 1154 Apostolus
878 1083 1009 1136 dicit
1031 1083 1076 1114 ’³
1104 1099 1116 1133 :
1144 1099 1161 1128 t
1183 1080 1335 1146 Quod
1362 1079 1405 1133 si
1434 1088 1589 1156 extra
1617 1076 1955 1146 disciplinam
1986 1077 2138 1137 estis,

566 1178 722 1242 cujus
753 1174 1051 1242 participes
1078 1173 1205 1227 lacti
1239 1181 1368 1226 sunt
1397 1186 1610 1236 omnes,
1659 1185 1789 1238 ergo
1820 1169 2138 1233 adulteriui,

565 1275 620 1317 ‹·ι
651 1279 758 1317 non
795 1262 888 1316 lilii
919 1264 1076 1317 estis.
1107 1282 1123 1313 t
1170 1262 1278 1317 lste
1316 1272 1564 1338 estergo
1606 1262 1748 1327 Heli,
1790 1262 1882 1329 qui
1919 1269 2140 1330 propter

564 1359 679 1410 haec
709 1357 930 1423 punitur
961 1369 988 1408 a
1026 1355 1154 1409 Deo.
1207 1352 1499 1408 Videamus
1549 1363 1728 1407 autem
1776 1353 1866 1420 qui
1919 1359 2042 1403 sunt
2085 1357 2140 1402 et

565 1451 659 1504 lilii
709 1449 849 1520 δίης.
897 1447 1098 1517 Opltni,
1135 1450 1334 1519 inquit,
1365 1457 1418 1502 et
1456 1449 1710 1504 Phincos.
1750 1445 2139 1512 Interpretatur

563 1552 745 1597 autem
772 1541 949 1609 Opltni
975 1556 1216 1594 excessus
1245 1539 1595 1593 conversionis
1615 1536 1709 1605 (2).
1742 1536 1814 1590 De
1846 1533 2136 1587 Phenenna

561 1644 740 1687 autem
792 1631 958 1700 paulo
987 1639 1112 1682 ante
1143 1629 1382 1682 diximus
1424 1629 1566 1696 quod
1608 1636 1754 1680 esset
1806 1624 2132 1678 conversio:

2249 521 2432 575 olTerri
2469 541 2572 576 non
2603 529 2792 595 potuit,
2824 545 2985 598 quam
3015 531 3376 600 depelleretur
3401 550 3430 584 a
3458 536 3638 589 lacte.
3669 538 3766 589 lu
3813 557 3957 604 qm

2249 615 2556 668 ostenditur
2578 621 2890 673 consecrari
2922 622 3028 674 Deo
3051 623 3321 676 neminem
3347 641 3511 692 posse
3539 628 3646 694 qui
3683 645 3738 679 ει
3761 631 3962 680 diss—ix:

2251 706 2388 759 iut'le
2419 708 2602 772 alitur,
2633 717 2688 763 et
2723 725 2858 776 puer
2894 720 2978 764 est
3009 713 3278 774 sensibus,
3327 725 3498 783 atque
3529 732 3800 784 expers
3853 731 3964 771 est

2249 800 2518 854 sermonis
2537 797 2790 865 iustitiae,
2817 815 2916 854 nec
2941 803 3296 856 sacerdotalia
3323 815 3500 873 poteSI
3538 823 3770 876 proca
3789 826 3958 861 rat-1:

2247 901 2587 944 sacramenta
2621 892 2720 944 nisi
2769 892 2994 947 desistat
3034 909 3064 947 a
3102 895 3439 962 puerilibus,
3474 907 3531 950 et
3580 900 3641 951 in
3684 901 3864 968 ηδε]
3883 917 3958 955 εει

2249 984 2502 1035 asrendat
2545 983 2614 1034 ab
2666 982 2749 1035 his
2784 984 2982 1052 quibus
3029 984 3318 1053 Apostolus
3369 989 3509 1042 dicit
3547 991 3602 1021 ”
3642 1011 3726 1044 ες
3793 991 3950 1044 La:-

2247 1073 2398 1126 vobis
2438 1083 2621 1142 potum
2649 1075 2794 1141 dedi,
2837 1092 2943 1129 non
2975 1091 3182 1132 escam.
3216 1077 3467 1134 Nondum
3501 1082 3671 1137 enim
3711 1097 3946 1152 post»

2246 1167 2399 1220 ratis.
2434 1186 2452 1217 ι
2500 1165 2752 1235 Alioquin
2806 1167 3100 1222 secundum
3147 1169 3383 1224 litteram
3430 1174 3572 1241 quid
3636 1175 3934 1228 videtur

2242 1273 2420 1324 Operae
2448 1258 2607 1328 pretii
2639 1259 2924 1327 puerulum
2957 1274 3132 1328 nuper
3163 1275 3193 1314 a
3225 1262 3364 1316 lacte
3393 1265 3706 1333 depulsum
3775 1268 3930 1321 Dav

2242 1348 2449 1412 olTerri,
2481 1349 2566 1404 ubi
2600 1365 2704 1403 non
2741 1360 2915 1405 mater
2965 1352 3238 1417 intererit,
3270 1369 3377 1408 non
3404 1357 3674 1410 nutrices
3697 1359 3916 1411 fove-

2241 1441 2396 1504 bunt,
2443 1455 2617 1510 neque
2643 1441 2908 1496 educandi
2937 1444 3093 1512 pueri
3141 1445 3372 1499 aderunt
3403 1446 3519 1500 ulla
3548 1450 3860 1503 subslit:
3881 1452 3914 1504 2

2242 1532 2346 1584 Sed
2381 1532 2502 1585 vide
2539 1534 2664 1601 quia
2691 1532 2996 1604 Scriptura:
3020 1550 3202 1590 sermo
3225 1537 3302 1590 ita
3333 1549 3501 1607 apt-us
3525 1550 3644 1602 est,
3679 1551 3760 1594 ut
3812 1544 3895 1592 Ε-

2240 1623 2500 1692 gnraliter
2543 1626 2736 1678 doceat
2779 1628 2924 1694 quod
2967 1627 3148 1682 omnis
3188 1629 3279 1697 qui
3324 1630 3507 1698 primo
3545 1632 3625 1685 ad
3683 1632 3888 1687 Ida

564 1723 652 1776 hic
681 1731 858 1775 autem
897 1719 988 1787 qui
1029 1716 1264 1780 excedit,
1295 1725 1351 1769 et
1393 1716 1551 1785 longe
1601 1713 1831 1768 eﬂicitur
1855 1713 1922 1765 ab
1947 1726 2133 1764 cmen-
2164 1755 2211 1817 Β
2240 1715 2595 1781 convertitur,
2624 1716 2764 1771 lacte
2791 1727 2845 1772 et
2880 1733 2984 1772 non
3015 1719 3138 1774 cibo
3160 1719 3286 1774 l'orti
3318 1721 3510 1784 alitur,
3536 1721 3614 1776 de
3641 1726 3874 1794 quita.

562 1811 802 1874 datione,
837 1817 943 1862 ‘nec
979 1805 1224 1862 converti
1257 1805 1367 1858 vult
1401 1804 1466 1856 ad
1498 1801 1819 1862 Dominum,
1847 1805 2131 1868 propterea

561 1903 757 1970 impius
785 1908 1095 1970 permanet.
1137 1897 1244 1952 Sed
1275 1904 1327 1951 et
1369 1895 1682 1964 quicunque
1713 1891 1800 1944 ille
1828 1901 1906 1943 est
1928 1930 1940 1950 ,
1971 1902 2130 1957 quem

557 1997 808 2049 videmus
837 2002 956 2064 post
987 2000 1268 2062 peccatum
1302 2003 1406 2041 non
1435 1984 1678 2041 converti
1713 1983 1780 2036 ad
1821 1981 2128 2042 Dominum,

557 2099 613 2145 et
637 2103 810 2158 agere
843 2084 1244 2156 paenitentiam,
1278 2097 1378 2135 uec
1417 2081 1656 2148 recipere
1684 2075 1932 2129 meritum
1969 2073 2128 2126 futuri

551 2180 764 2252 jndicii,
802 2189 856 2232 et
887 2177 1036 2232 verbi
1068 2176 1235 2230 divini
1280 2170 1644 2242 praecipientis
1675 2185 1688 2220 :
1716 2187 1732 2220 t
1759 2165 2006 2236 Nunquid
2038 2164 2127 2232 qui

559 2273 727 2336 cadit,
763 2287 867 2326 non
909 2269 1126 2337 adjiciet
1157 2277 1213 2321 ttt
1243 2265 1536 2334 resurgat?
1571 2265 1675 2316 Aut
1707 2261 1794 2330 qui
1838 2271 2130 2315 conversus

472 2343 474 2348 l
547 2375 662 2438 est,
689 2380 795 2417 non
825 2361 1169 2416 revertetur?
1202 2378 1219 2410 ›
1259 2369 1402 2412 recte
1424 2368 1476 2412 et
1499 2358 1566 2410 de
1599 2356 1711 2422 ipso
1740 2353 1969 2407 dicimus
2001 2349 2127 2419 quia

559 2459 626 2510 sit
661 2455 862 2523 Opimi,
905 2461 959 2507 et
999 2451 1270 2506 excedens
1304 2465 1331 2502 a
1369 2446 1743 2503 conversione.
1774 2445 1877 2498 Sed
1910 2452 1963 2496 ct
1994 2441 2131 2494 alius

560 2545 706 2598 lilitts
740 2542 856 2611 ejus
887 2541 1088 2596 dicitur
1124 2540 1380 2594 Phineus.
1418 2537 1565 2590 Duos
1595 2535 1846 2588 novimus
1883 2533 1934 2586 in
1985 2530 2133 2586 Scri-

558 2634 734 2704 pluris
769 2634 870 2686 hoc
891 2631 1108 2685 nomine
1137 2628 1449 2698 appellatos,
1469 2625 1724 2680 Pliinecm
1747 2625 1891 2678 illtnn
1919 2622 2127 2688 justum

555 2731 736 2780 Aaron
789 2724 981 2788 lilium,
1015 2729 1070 2775 et
1101 2722 1242 2774 hunc
1273 2717 1530 2788 injustuut
1577 2715 1746 2769 lilium
1798 2713 1935 2768 Heli.
1980 2711 2130 2768 Unde

555 2833 610 2874 et
643 2825 1018 2886 competenter
1048 2813 1182 2866 duas
1216 2809 1375 2879 hujus
1395 2808 1628 2864 nominis
1652 2804 2130 2874 interpretationes

556 2909 883 2965 invenimus.
925 2903 1213 2974 Signiﬁcat
1245 2900 1391 2956 enim
1432 2898 1665 2954 Phinees
1703 2897 1755 2950 in
1808 2895 1988 2964 lingua
2027 2907 2126 2948 no-

556 3014 690 3066 stra,
721 3001 826 3055 oris
879 2997 1167 3061 obturatio,
1221 2994 1305 3049 vel
1345 2994 1425 3047 ori
1475 3007 1692 3060 parcens
1726 2987 1822 3058 (ὃ).
1867 2987 2129 3044 Peccator

2237 1809 2289 1861 in
2319 1809 2488 1864 altero
2525 1809 2642 1864 loco
2668 1811 2868 1864 dicitur
2894 1811 2976 1866 ἐξ
3011 1829 3028 1862 ‹
3062 1811 3125 1866 Ει
3155 1812 3334 1868 eli‘ecti
3361 1813 3537 1886 ωδ
3563 1819 3725 1873 estis
3761 1821 3870 1887 τά

2238 1900 2378 1956 laete
2411 1901 2682 1971 indigetis,
2715 1912 2772 1956 et
2827 1918 2932 1956 non
2981 1903 3106 1959 cibo
3148 1903 3294 1959 forti.
3331 1906 3624 1972 Quoniam
3661 1913 3850 1964 oculi

2234 1993 2326 2062 qui
2366 1995 2503 2049 lacte
2537 1994 2726 2060 alitur,
2779 1996 2988 2050 alienos
3042 2006 3125 2051 est
3172 2011 3202 2050 a
3254 2012 3519 2054 sermone
3577 2001 3852 2071 justiti:

2237 2084 2502 2140 Parvulos
2529 2094 2619 2138 est
2641 2087 2812 2141 enim.
2849 2087 3220 2143 Pet-rectorum
3256 2099 3340 2143 est
3375 2090 3547 2144 cibus
3592 2093 3846 2153 solidus.

2232 2175 2325 2244 qui
2363 2190 2461 2244 pro
2506 2176 2867 2244 possibilitate
2919 2179 3164 2237 stupendi
3219 2181 3570 2236 exercitatos
3629 2182 3848 2236 trahat

2233 2281 2428 2321 sensus
2475 2268 2541 2320 ad
2581 2267 2964 2322 discretionem
2991 2269 3124 2322 boni
3162 2284 3226 2324 ae
3257 2269 3448 2324 utalia
3487 2271 3677 2341 Igitur
3708 2276 3837 2342 qn}—

2229 2371 2449 2428 eunque
2471 2375 2497 2410 a
2525 2357 2666 2412 lacte
2691 2360 2925 2414 nondum
2956 2361 3261 2430 depellitur,
3295 2362 3387 2416 sed
3418 2364 3699 2431 parvulus
3723 2377 3828 2430 est,

2234 2464 2339 2502 non
2384 2457 2563 2518 potest
2603 2451 2901 2504 ascendere
2959 2450 3024 2503 ad
3077 2452 3331 2522 templum
3397 2452 3664 2522 Domini,
3715 2473 3834 2509 ω.

2233 2548 2408 2610 potest
2443 2540 2746 2594 ascendere
2769 2541 2834 2594 ad
2856 2541 3161 2595 ministeria
3186 2543 3570 2608 sacerdotum,
3603 2561 3706 2600 nec
3727 2561 3827 2600 n-

2231 2631 2454 2688 eriiiciis
2487 2632 2772 2699 interesse,
2801 2634 2895 2687 sed
2914 2642 3189 2688 ttetmater
3220 2634 3439 2704 quidem
3476 2637 3606 2705 eius
3633 2653 3831 2693 ascra-

2233 2724 2332 2788 dit,
2355 2739 2488 2779 eum
2531 2724 2707 2792 possit
2750 2727 3064 2780 ascendere.
3102 2724 3288 2781 Gratia
3325 2736 3409 2782 est
3448 2731 3605 2784 enim
3645 2743 3827 2786 ater

2231 2816 2349 2882 ejus
2381 2817 2533 2871 Anna
2559 2855 2574 2882 ,
2609 2831 2734 2886 quis
2755 2829 2946 2873 servat
2976 2829 3031 2874 et
3057 2820 3296 2875 custodit
3330 2834 3458 2876 eum
3501 2834 3564 2878 et
3615 2827 3824 2880 enutrit

2230 2924 2378 2976 eum,
2401 2918 2466 2964 ut
2494 2917 2736 2979 tempore
2757 2921 3058 2979 opportuno
3086 2912 3290 2979 pariter
3318 2927 3441 2967 cum
3469 2914 3590 2984 ipso
3619 2933 3814 2973 ascen-

2231 3002 2345 3060 dat.
2382 3001 2512 3070 Qua:
2540 3017 2664 3056 eum
2708 3002 2905 3057 viderit
2936 3003 3035 3073 ipsi
3068 3006 3261 3060 adesse
3298 3014 3532 3076 tempus,
3585 3023 3651 3062 lt
3694 3011 3812 3079 jam

555 3109 686 3164 ergo
725 3102 778 3146 et
813 3091 903 3159 qui
949 3087 1204 3142 duritiam
1257 3099 1363 3138 ηοιι
1417 3083 1622 3146 habet.
1677 3081 1742 3135 ad
1799 3077 2124 3147 loquendum
2150 3085 2196 3148 c
2233 3093 2495 3149 recedens
2525 3107 2554 3148 a
2581 3093 2727 3148 lacte
2777 3093 2964 3148 solidis
2995 3103 3053 3150 et
3085 3093 3316 3150 fortibus
3343 3097 3475 3151 cibis
3501 3077 3710 3164 utam;
3739 3109 3800 3153 ιιι

555 3186 869 3240 obturatum
928 3179 1093 3234 habet
1141 3191 1204 3232 os
1246 3190 1262 3230 :
1301 3175 1480 3245 justus
1514 3187 1642 3228 vero
1677 3171 1850 3241 parcit
1882 3170 1964 3224 ori
1999 3183 2122 3225 suo.

556 3275 835 3342 Hodieque
869 3271 922 3325 in
955 3267 1331 3326 sacerdotibus
1369 3265 1576 3320 Domini
1621 3263 1854 3318 habetur
1897 3269 2127 3329 uterque

552 3365 810 3428 l’hinees,
840 3363 1072 3417 habetur
1103 3369 1159 3414 e-t
1188 3358 1439 3421 Eleazar,
1468 3356 1560 3425 qui
1596 3354 1649 3409 in
1682 3353 1986 3422 Scripturis
2010 3351 2126 3421 .pri-

555 3474 675 3513 tuus
705 3456 994 3526 episcopus
1047 3452 1358 3507 nominatus
1412 3458 1535 3512 est,
1586 3447 1726 3503 sicut
1779 3447 1831 3500 in
1877 3443 2128 3498 Numeris

555 3549 814 3617 scriptum
847 3553 952 3601 est.
991 3544 1131 3597 Sunt
1179 3557 1310 3613 ergo
1350 3541 1623 3609 hodieque
1659 3538 1712 3592 itt
1747 3535 2126 3591 sacerdotibus

554 3641 865 3709 quicunque
897 3645 1132 3708 parcunt
1165 3635 1245 3690 ori
1277 3650 1395 3697 suo.
1427 3643 1480 3688 et
1508 3631 1690 3688 omnis
1743 3643 1922 3685 sermo
1953 3627 2124 3682 malus

557 3744 898 3800 nequaquam
933 3729 1123 3783 detore
1152 3740 1341 3780 eorum
1380 3724 1654 3794 procedit.
1701 3723 1838 3776 Sunt
1874 3719 2126 3776 sacerdo-

555 3835 635 3878 tes
665 3837 727 3876 cx
760 3836 991 3891 quorum
1009 3835 1108 3875 ore
1143 3818 1348 3873 nullum
1373 3816 1714 3882 scandalum,
1747 3813 1952 3870 nullum
1979 3829 2126 3869 men-

552 3913 794 3977 daein-tn,
822 3911 1002 3965 nullus
1039 3910 1214 3974 dolus,
1266 3922 1440 3977 neque
1474 3905 1687 3961 falsitas
1715 3904 1824 3960 ulla
1855 3904 2128 3974 depromi-

555 4013 664 4070 tur,
696 4013 750 4058 et
785 4003 874 4056 isti
913 4001 1108 4056 merito
1145 3999 1378 4054 Phineas
1427 3998 1502 4052 illi
1536 3998 1716 4052 Aaron
1764 3998 1876 4052 tilio
1909 4012 2127 4066 compa-

554 4105 766 4149 rantur.
806 4093 943 4146 Sun-t
973 4101 1154 4144 autem
1187 4089 1354 4157 aliqui
1390 4099 1444 4142 et
1477 4090 1774 4144 secundum
1808 4090 1971 4144 istum
2000 4085 2127 4142 Plii-

557 4198 711 4238 ueetn
747 4182 859 4236 Iteli
901 4180 1067 4232 tilium
1097 4179 1432 4243 sacerdotes,
1473 4181 1566 4249 qui
1596 4181 1905 4236 obturatum
1935 4197 1999 4236 os
2022 4183 2128 4236 ~ha-

553 4276 704 4339 bent,
739 4273 855 4327 sive
889 4269 1175 4340 imperitia:
1206 4270 1360 4335 vitio,
1405 4270 1520 4326 sive
1552 4272 1887 4326 conscientia
1938 4287 2127 4340 pecca-

557 4377 756 4418 torum.
804 4365 911 4419 Sed
944 4366 1043 4418 ltoc
1071 4373 1152 4418 est
1184 4364 1326 4433 quod
1362 4365 1646 4434 deprecor,
1695 4374 1754 4419 tit
1787 4364 1842 4420 si
1882 4366 2006 4434 quis
2039 4375 2127 4420 est

2225 3185 2398 3254 possit
2417 3184 2861 3240 et'saeerdoli'bus
2891 3185 3173 3251 interesse,
3199 3195 3255 3241 et
3306 3187 3376 3242 de
3428 3187 3599 3243 altaris
3626 3188 3789 3245 edere

2227 3275 2534 3340 sacriﬁciis,
2569 3284 2696 3330 tunc
2731 3289 2854 3331 eum
2885 3276 2994 3330 Deo
3041 3286 3347 3332 consecrat.
3379 3277 3513 3333 Vide
3539 3279 3582 3331 si
3604 3279 3658 3332 in
3683 3277 3787 3333 alio

2227 3365 2348 3419 loco
2380 3365 2432 3418 itt
2459 3365 2757 3433 Scripturis
2781 3367 2990 3421 sanctis
3013 3366 3224 3421 invenis
3251 3366 3548 3437 signiﬁcari
3571 3367 3800 3438 aliquem

2229 3469 2258 3508 a
2295 3455 2430 3509 lacte
2464 3454 2763 3524 depulsum.
2789 3454 2900 3522 Ego
2933 3463 3137 3520 tamen,
3163 3465 3422 3524 quantum
3461 3459 3531 3511 ad
3564 3471 3803 3526 pascas

2228 3542 2490 3598 memoria
2529 3543 2794 3613 suggerit,
2828 3542 2976 3598 Isaac
3011 3542 3232 3596 utemini
3262 3559 3276 3594 :
3307 3542 3373 3596 de
3403 3557 3517 3611 quo
3546 3543 3808 3612 scriptura

2227 3645 2309 3691 est
2337 3637 2385 3668 "
2406 3676 2422 3704 ,
2454 3637 2597 3708 quod
2633 3636 2940 3691 convivium
2981 3652 3234 3705 maguum
3276 3635 3405 3690 fecit
3432 3639 3715 3692 Abraham
3745 3653 3806 3692 ea

2227 3728 2314 3782 die
2337 3741 2448 3796 qua
2480 3741 2510 3782 a
2537 3726 2674 3781 laete
2708 3726 2962 3796 depulsus
2994 3735 3074 3780 est
3104 3726 3260 3780 Isaac
3295 3725 3438 3781 titius
3464 3742 3624 3781 suus.
3654 3727 3807 3797 Apud

2227 3816 2478 3870 homines
2515 3815 2732 3882 quidem
2786 3815 2968 3869 saeculi
3009 3814 3168 3883 hujus
3207 3827 3462 3885 parentes
3492 3816 3681 3872 solent
3705 3835 3812 3872 tta-

2227 3904 2386 3960 talem
2409 3902 2550 3958 diem
2573 3902 2857 3957 celebrare
2909 3902 3140 3956 filiorum
3177 3903 3494 3957 :Abrahaut
3533 3920 3669 3960 vero
3709 3923 3812 3962 non

2227 3997 2469 4052 celebrat
2499 3992 2732 4047 natalem
2763 3993 2902 4047 dietn
2935 3992 3082 4048 Isaac
3111 3994 3203 4048 lilii
3230 3994 3334 4058 sui,
3359 3996 3456 4050 sed
3483 3996 3636 4050 illum
3665 3999 3809 4052 diem

2227 4089 2422 4142 festum
2455 4085 2585 4154 agit,
2620 4092 2674 4138 et
2709 4083 2909 4138 laetitia
2953 4084 3196 4152 deputat,
3255 4094 3311 4138 et
3355 4087 3604 4140 convivia
3662 4089 3809 4142 cele-

2228 4179 2368 4240 brat,
2406 4191 2528 4230 cum
2561 4190 2682 4229 eum
2715 4189 2743 4228 a
2774 4175 2912 4228 lacte
2959 4175 3210 4244 depellit,
3237 4185 3297 4230 et
3330 4177 3397 4230 ad
3424 4178 3580 4232 cibos
3635 4176 3814 4234 fouea

2229 4279 2284 4323 et
2307 4267 2506 4322 solidos
2527 4266 2781 4334 applicat,
2797 4267 2948 4334 quasi
2973 4266 3015 4319 si
3038 4281 3132 4334 per
3159 4266 3274 4320 haec
3301 4266 3508 4322 diceret
3538 4268 3697 4323 Isaac
3725 4271 3808 4322 ’σε

2235 4381 2254 4416 t
2291 4364 2423 4420 Cum
2451 4362 2635 4418 lactus
2671 4379 2788 4417 sum
2817 4364 2918 4428 vir,
2953 4364 3174 4431 deposui
3194 4379 3313 4432 qua:
3335 4366 3752 4435 erant-parvuli.
3789 4387 3808 4420 ι

553 4458 645 4525 qui
701 4456 754 4508 in
808 4454 1200 4510 sacerdotalem
1242 4458 1496 4511 ‘ordiuetn
1548 4472 1610 4512 se
1663 4459 1893 4513 ascitum
1937 4459 2117 4523 videt,
2157 4422 2204 4482 υ
2231 4456 2455 4527 Oportet
2501 4470 2632 4526 ergo
2671 4455 2827 4509 talem
2863 4470 2985 4510 esse
3023 4456 3168 4510 hunc
3208 4422 3300 4524 qui
3335 4422 3569 4511 oﬂ‘erttir
3607 4458 3724 4512 Deo
3753 4469 3817 4512 ut

555 4547 816 4612 satisagat
839 4548 1130 4602 eruditioni
1159 4555 1208 4602 et
1228 4549 1601 4603 ιθιιιριιιιειιὶοηί
1633 4564 1856 4618 operam
1886 4551 2037 4615 dare,
2070 4559 2126 4603 et

557 4640 777 4696 testiuet
813 4637 949 4694 emci
998 4639 1064 4692 de
1097 4639 1202 4692 illo
1249 4653 1474 4692 numero
1509 4640 1821 4706 beatorum,
1877 4656 1944 4696 ne
1985 4640 2124 4696 torte

557 4726 865 4785 inveniatur
887 4744 953 4784 ex
983 4727 1102 4784 istis
1127 4727 1501 4785 sacerdotibus
1529 4731 1620 4799 qui
1657 4741 1712 4785 et
1763 4733 2126 4800 roprobantur

553 4832 607 4877 et
635 4822 945 4891 puniuntur
977 4836 1005 4875 a
1038 4817 1171 4876 Deo.

623 4913 677 4968 8.
701 4912 809 4967 Sed
833 4923 1043 4982 tempus
1071 4912 1286 4980 estjatu
1309 4919 1370 4965 et
1400 4913 1466 4967 de
1486 4913 1940 4983 oratione-Annae,
1957 4931 2120 4986 quam

551 5004 796 5077 profudit
831 5004 1066 5061 oﬂ‘erens
1110 5003 1219 5060 Deo
1249 5003 1580 5071 Samuelem,
1605 5020 1766 5076 qoem
1800 5023 1830 5062 a
1862 5009 2004 5064 lacte
2030 5009 2124 5065 de-

555 5098 796 5165 pulerat,
824 5111 1003 5163 pauca
1043 5109 1374 5149 tuteutorare.
1421 5094 1478 5149 ln
1509 5112 1623 5166 qua
1677 5098 1854 5167 primo
1905 5100 2121 5167 quidem

661 5213 707 5243 θ’
745 5209 920 5282 Hebr.
956 5225 1052 5282 xtt,
1079 5210 1132 5266 8.
1209 5211 1254 5242 ’³
1289 5211 1303 5264 1
1340 5213 1467 5267 Cor.
1501 5230 1583 5280 nt,
1615 5213 1669 5268 2.
1747 5216 1791 5246 “
1833 5215 1967 5270 lleb.
2001 5231 2051 5281 ν,
2080 5215 2166 5282 12,
2199 5217 2285 5280 l3,
2322 5215 2407 5269 Η.

550 5281 742 5344 ιι,⁶18.
837 5280 1087 5349 “'l-Reg.
1154 5281 1322 5345 t,1i.

626 5422 700 5491 (Ι)
733 5421 875 5484 Heli,
904 5431 1008 5474 etc.
1041 5418 1305 5475 Hebraice
1346 5421 1602 5475 scribitur
1645 5406 1737 5485 ἰδῃ
1773 5437 1785 5472 :
1820 5423 1959 5476 unde
1987 5436 2124 5491 quo-

552 5495 715 5612 mque
743 5493 859 5545 erui
890 5491 1069 5559 possit
1117 5507 1134 5540 ε
1159 5492 1319 5545 arabs
1343 5509 1359 5542 ι
1393 5493 1507 5546 sive
1563 5512 1579 5544 t
1603 5493 1887 5547 cex-trurios
1917 5533 1931 5557 ,
1961 5507 1989 5544 ‘I
2018 5508 2122 5547 non

559 5572 626 5614 τι(
647 5575 730 5612 80.

629 5617 703 5698 (ἐ)
743 5627 1129 5698 Interpretatur
1169 5639 1342 5684 autem
1390 5629 1559 5695 Ophm'
1614 5647 1853 5684 excessus
1911 5645 2125 5682 conitar-

564 5701 742 5755 siunt's.
771 5699 928 5754 Forte
946 5701 1010 5754 ab
1029 5708 1137 5761 ΕΤ(
1166 5719 1182 5751 t
1209 5701 1378 5766 calor,
1396 5711 1581 5764 cestus,
1601 5715 1873 5765 excessus,
1904 5719 1920 5750 ι
1943 5710 1995 5754 et
2021 5709 2124 5761 nm

2233 4551 2442 4607 habitet
2473 4552 2525 4604 in
2550 4548 2779 4612 sanctis,
2805 4546 2897 4616 qui
2926 4549 3093 4617 possit
3118 4547 3261 4602 vesci
3291 4550 3547 4603 carnibus
3575 4552 3814 4614 sanctis,

2230 4644 2296 4696 de
2320 4639 2518 4710 quibus
2541 4641 2798 4708 scriptum
2827 4649 2915 4694 est
2942 4639 2986 4670 "’
3016 4656 3029 4693 :
3062 4655 3080 4688 t
3113 4637 3543 4694 Sattctilioamini
3571 4645 3632 4694 ut
3654 4651 3815 4695 uian—

2229 4733 2440 4789 ducetis
2463 4749 2530 4788 ea
2542 4746 2683 4787 rues.
2709 4751 2726 4783 ι

2301 4823 2354 4880 9.
2390 4822 2496 4878 Sed
2531 4824 2810 4878 videamus
2851 4822 2995 4892 quali
3032 4835 3166 4876 eum
3201 4833 3372 4892 :prece
3406 4822 3567 4875 Anna
3593 4823 3697 4888 ,‘id
3727 4833 3815 4879 est

2229 4917 2403 4987 gratia
2431 4955 2446 4980 ,
2486 4926 2779 4971 consecrat
2837 4917 2965 4970 Deo.
3021 4914 3230 4969 Novum
3270 4915 3469 4985 quippe
3511 4916 3720 4984 aliquid
3747 4918 3814 4972 zin

2231 5008 2511 5080 principiis
2548 5008 2688 5077 ipsis
2740 5008 3176 5063 observabimus.
3224 5009 3319 5062 Ait
3357 5009 3513 5064 enim
3551 5008 3598 5040 "
3625 5027 3639 5063 :
3671 5029 3705 5060 δ(
3737 5010 3816 5064 ρΕι

2231 5100 2412 5156 oravit
2442 5101 2620 5164 Anna,
2653 5107 2708 5153 et
2738 5099 2897 5153 dixit.
2931 5116 2948 5151 ι
2987 5099 3053 5153 Et
3085 5115 3352 5171 nusquam
3389 5115 3508 5155 eam
3533 5101 3695 5170 quasi
3740 5104 3812 5157 ad

2503 5215 2548 5246 "
2579 5213 2719 5270 Gen.
2760 5230 2874 5270 xxt.
2961 5214 3047 5268 "l
3091 5213 3215 5270 Cor.
3252 5231 3372 5281 xttt,
3405 5215 3490 5271 11.
3565 5216 3610 5247 "
3639 5214 3808 5271 Num.

2237 5440 2255 5472 ε
2298 5422 2554 5490 respexit,
2587 5421 2872 5476 convertit.
2900 5439 2918 5490 t

2297 5488 2694 5561 (ZijSigni/iout
2721 5492 2858 5544 enim
2899 5489 3117 5561 Phinea
3150 5488 3416 5559 inlt'ngua
3439 5498 3622 5543 nostra
3654 5490 3803 5561 (oris

2236 5559 2522 5623 onmno,
2551 5560 2736 5615 reliori
2762 5575 3000 5627 parcens.
3030 5559 3072 5610 A
3102 5566 3178 5618 τω
3217 5575 3236 5609 t
3258 5575 3318 5614 os
3342 5577 3361 5610 ι
3390 5568 3578 5618 etDDi't
3601 5576 3618 5610 t
3641 5559 3802 5612 obtu-

2231 5633 2391 5698 ravit,
2424 5651 2440 5683 i
2476 5630 2555 5686 vel
2583 5635 2684 5689 mn
2716 5649 2732 5680 t
2757 5628 3014 5698 pepercit.
3037 5645 3056 5678 ι

3995 2107 4014 2362 ὲ

3991 2445 4014 2598 i
