4058 6244
614 292 744 345 1007

606 511 687 553 est
720 500 915 567 spiritu
964 502 1260 567 inunumlo,
1311 512 1365 555 et
1396 501 1722 556 exclamavit
1782 502 1850 554 ita
1913 510 1971 554 ut
2024 501 2175 553 lieret

606 594 786 663 populi
828 609 1153 657 concursus,
1208 595 1453 647 dicamus
1500 603 1551 645 et
1597 606 1692 646 nos
1737 607 1857 645 cum
1911 592 2065 643 Anna
2098 591 2178 645 di-

603 698 760 741 cente
789 702 804 740 :
839 705 856 737 ι
880 686 1181 741 Exsultavit
1213 701 1308 740 cor
1340 699 1513 738 meum
1546 686 1594 736 in
1622 684 1867 737 Domino.
1896 703 1912 734 ι
1948 683 2177 737 Contra-

606 780 719 832 rius
762 778 985 846 spiritus
1046 778 1464 831 exsultationem
1528 784 1769 827 nostram
1836 775 1890 827 in
1944 774 2173 829 Domino

604 870 747 921 l'erre
775 884 878 921 non
913 870 1103 937 potuit.
1136 869 1229 922 sed
1262 869 1372 922 vult
1399 884 1517 923 eam
1553 879 1777 928 mutare,
1806 875 1867 920 ut
1906 867 2078 920 ablata
2112 883 2175 920 ea

606 959 919 1014 introducat
979 960 1290 1021 tristitiam,
1337 969 1389 1013 et
1437 958 1719 1027 prohibeat
1781 976 1877 1012 nos
1936 958 2170 1011 dicere:

608 1069 627 1100 ι
654 1051 953 1105 Exsultavit
986 1067 1080 1104 cor
1130 1065 1304 1103 meum
1336 1052 1387 1103 itt
1425 1051 1702 1105 Domino.»
1740 1050 1938 1105 Verum
1977 1068 2042 1104 ne
2081 1067 2178 1103 nos

603 1143 978 1211 impediamur,
1009 1142 1099 1195 sed
1132 1144 1300 1207 magis
1333 1157 1397 1194 ac
1429 1142 1600 1211 magis
1623 1142 1868 1195 dicamus
1896 1160 1909 1196 :
1942 1160 1959 1191 ι
1986 1142 2177 1196 Exsul-

604 1237 737 1286 tavit
772 1249 865 1285 cor
900 1249 1076 1287 memn
1111 1234 1162 1287 in
1192 1233 1416 1288 Domino
1448 1252 1460 1286 :
1498 1253 1514 1284 ι
1543 1243 1595 1286 ει
1627 1248 1723 1301 pro
1755 1234 1859 1287 hoc
1895 1233 2011 1301 ipso
2037 1233 2174 1300 quod

604 1324 851 1377 videmus
884 1324 1191 1377 immundos
1224 1324 1449 1391 spiritus
1477 1321 1761 1393 ﬂagellari,
1801 1323 2128 1387 gaudeamus
2159 1339 2169 1371 :

605 1415 731 1483 quia
765 1424 820 1468 ct
863 1430 959 1485 per
989 1416 1101 1469 hrcc
1135 1416 1289 1469 multi
1330 1424 1723 1469 convertuntur
1764 1415 1829 1467 ad
1868 1414 2171 1473 Dominum,

602 1507 751 1560 multi
785 1508 1158 1571 emendantur,
1198 1506 1348 1559 multi
1384 1505 1449 1557 ad
1483 1504 1637 1557 (idem
1672 1506 1919 1567 veniunt,
1956 1516 2012 1559 et
2044 1503 2172 1556 nihil

598 1611 683 1653 est
734 1600 873 1668 quod
926 1600 1044 1653 sine
1090 1614 1247 1652 causa
1306 1598 1469 1652 faciat
1521 1597 1803 1663 Dominus,
1840 1613 1939 1651 nec
1975 1597 2174 1666 aliquid

601 1690 716 1744 lieri
770 1689 970 1744 frustra
1024 1689 1305 1758 permittit.
1363 1688 1495 1741 Nam
1558 1690 1810 1757 quoniam
1855 1689 2006 1742 multi
2050 1699 2175 1743 sunt

598 1782 691 1851 qui
728 1782 893 1835 verbo
922 1797 1026 1833 non
1065 1781 1307 1847 credunt,
1339 1797 1437 1837 nec
1466 1784 1733 1837 rationem
1768 1780 2029 1835 doctrina:
2052 1796 2171 1834 sus-

597 1877 824 1944 cipiunt,
855 1874 906 1927 in
938 1876 1023 1927 his
1055 1890 1176 1927 cum
1225 1876 1432 1930 dmmon
1465 1876 1735 1939 insilierit,
1781 1886 1908 1930 tunc
1939 1890 2172 1930 conver-

598 1976 812 2030 tuntur,
856 1958 915 2018 ut
957 1966 1048 2019 ubi
1097 1966 1395 2021 abundavit
1434 1967 1714 2031 delictum,
1771 1967 2173 2035 superabundet

594 2056 771 2123 gratia
803 2076 816 2112 :
850 2067 904 2111 et
954 2057 1043 2110 ubi
1076 2057 1309 2126 maligna
1339 2059 1511 2113 virtus
1540 2068 1760 2129 operata
1812 2068 1916 2122 cst,
1954 2058 2023 2111 ibi
2058 2057 2173 2125 plus

596 2152 938 2213 postmodum
974 2148 1188 2203 Domini
1222 2151 1392 2220 gratia
1428 2160 1680 2219 operetur
1714 2167 1726 2202 :
1757 2150 1881 2218 quia
1917 2164 2038 2202 cum
2074 2164 2170 2202 ex-

602 2241 799 2308 pulerit
832 2242 1042 2296 Domini
1073 2242 1246 2312 gratia
1280 2242 1577 2309 malignum
1615 2240 1891 2309 spiritum,
1927 2241 2171 2295 introdu-

592 2332 673 2385 cit
708 2331 969 2401 Spiritum
1003 2341 1250 2386 sanctum
1276 2340 1361 2385 εει
1389 2330 1565 2383 anima
1609 2343 1729 2397 qua:
1767 2329 1968 2397 repleta
2008 2327 2171 2382 fuerit

599 2422 791 2491 Spiritu
822 2424 1123 2486 immundo,
1162 2422 1396 2493 repletur
1424 2421 1765 2490 postmodum
1802 2419 2009 2488 Spiritu
2039 2435 2167 2474 san-

598 2525 707 2567 cto.
756 2512 878 2568 Ideo
920 2530 1017 2583 pro
1067 2516 1152 2570 his
1200 2515 1451 2568 omnibus
1503 2512 1789 2568 dicamus:
1831 2510 2171 2565 «Exsultavit

597 2616 697 2655 cor
724 2616 903 2656 meum
930 2603 981 2656 in
1002 2604 1246 2657 Domino.
1275 2603 1337 2655 Et
1363 2604 1656 2655 exaltatum
1681 2611 1766 2655 est
1790 2615 1956 2654 cornu
1990 2616 2169 2655 meum

599 2694 653 2748 in
684 2693 793 2749 Deo
830 2709 970 2749 meo.
995 2714 1016 2748 ι
1052 2694 1190 2749 Sunt
1215 2695 1459 2763 qua-dam
1502 2710 1704 2749 cornua
1745 2693 2017 2763 justorum
2048 2693 2171 2762 qui-

600 2788 701 2843 bus
731 2795 953 2841 utuntur
982 2788 1064 2841 vel
1094 2795 1317 2857 agentes
1352 2786 1552 2856 aliquid
1584 2786 1665 2841 vel
1703 2786 2007 2856 loquentes,
2031 2785 2177 2844 sicui

601 2895 722 2933 cum
755 2879 942 2933 dicunt
966 2880 1004 2909 ¹¹
1040 2897 1052 2931 :
1085 2897 1102 2929 ι
1132 2878 1186 2931 in
1233 2887 1281 2931 te
1328 2878 1578 2933 inimicos
1630 2888 1851 2938 nostros
1886 2882 2174 2938 ventilabi-

604 2984 720 3024 mus
771 2984 962 3024 cornu.
994 2988 1012 3021 ι
1052 2966 1107 3023 in
1155 2968 1347 3025 Grch
1394 2972 1756 3049 κερατὶσομεν
1794 2971 2169 3043 dicitur,quod

2080 290 2399 345 DRICENIS

607 424 729 463 cum
775 409 887 462 hate
921 408 1193 475 dicuntur,
1233 410 1447 479 quidam
1485 409 1549 461 dc
1597 409 1897 463 astantibus
1952 410 2182 477 repletus
2213 414 2251 467 Α
2288 411 2455 463 unicos
2481 424 2648 466 meos.
2676 410 2768 464 »εἰ
2792 410 2907 465 istis
2932 412 3225 466 confutatis
3244 423 3545 467 occurrant
3574 415 3963 483 philost

2285 502 2609 556 insultantes
2636 506 2969 574 simplicitati
3014 504 3132 558 iidei
3184 518 3405 567 nostrae,
3438 517 3493 559 et
3541 507 3798 560 idiotas
3854 524 3963 561 ea}

2284 592 2670 662 imperitosque
2718 595 3089 655 clamitantes,
3137 604 3193 648 ct
3245 605 3548 648 convertar
3606 598 3831 649 etiam
3900 614 3953 649 ξε

2282 698 2448 751 Ipsos,
2507 693 2558 738 ct
2617 702 2758 740 verae
2795 687 3078 756 sapientia:
3114 688 3321 740 viribus
3354 686 3511 740 lalszn
3566 704 3643 741 ac
3688 688 3975 743 fucat:

2281 778 2562 845 sapientia:
2603 780 2855 834 nebulam
2892 780 3275 842 obturbavero,
3315 789 3369 833 et
3403 796 3518 832 non
3562 780 3783 833 solum
3844 787 3967 833 lm-

2278 871 2366 938 jus
2406 870 2609 935 mundi,
2659 872 2750 924 sed
2788 880 2840 923 cl
2872 869 3179 937 principum
3230 869 3388 936 hujus
3418 872 3624 923 mundi
3674 874 3965 940 εδιιίρξ-εκ

2285 962 2408 1011 tiam
2431 959 2771 1025 destruxero,
2798 971 2925 1011 tunc
2947 957 3157 1025 plenius
3176 957 3462 1011 dilatatum
3488 970 3585 1012 est
3612 975 3682 1014 os
3710 977 3951 1014 me”.

2282 1065 2443 1117 super
2489 1049 2737 1104 inimicos
2790 1065 2957 1104 meos.
3013 1052 3201 1106 Sancti
3242 1063 3325 1106 est
3366 1066 3508 1120 ergo
3544 1067 3663 1105 vox
3704 1054 3855 1105 ista
3898 1068 3959 1104 es

2281 1140 2528 1207 perfecti,
2562 1143 2653 1210 qui
2695 1143 2855 1196 rebus
2893 1143 3027 1210 ipsis
3059 1154 3114 1197 et
3154 1144 3385 1197 veritate
3416 1143 3751 1196 subnixum
3818 1147 3947 1196 hu-

2272 1233 2577 1300 juscemodi
2632 1249 2934 1287 sermonem
2983 1236 3155 1304 possit
3204 1233 3461 1298 proferre
3522 1242 3585 1286 et
3647 1234 3885 1288 dicere
3922 1254 3941 1287 :

2285 1325 2615 1378 tDiIatatum
2662 1334 2744 1379 est
2787 1341 2850 1380 os
2904 1341 3083 1379 memn
3135 1340 3296 1393 super
3352 1325 3631 1378 inimicos
3669 1341 3857 1379 meos
3906 1347 3923 1374 ›

2277 1415 2501 1486 Oportet
2544 1429 2674 1485 ergo
2726 1429 2824 1468 nos
2873 1415 3049 1482 primo
3100 1429 3162 1468 os
3208 1424 3458 1468 nostrum
3508 1414 3807 1473 dilatare,
3866 1429 3925 1464 ω

2278 1507 2500 1575 impleat
2534 1505 2657 1559 illud
2694 1504 2858 1559 Deus.
2891 1504 3173 1571 Quomodo
3204 1513 3384 1558 autem
3412 1519 3485 1557 os
3519 1505 3715 1572 primo
3752 1505 3911 1558 dila-

2280 1597 2492 1651 tamus?
2524 1612 2619 1666 per
2653 1595 3056 1650 meditationem
3094 1596 3245 1650 verbi
3278 1594 3479 1657 divini,
3516 1602 3579 1648 ut
3602 1600 3907 1663 possimgs

2277 1703 2340 1742 eo
2378 1703 2545 1758 usque
2581 1688 2866 1757 prolicere,
2901 1698 2958 1741 ut
3007 1702 3038 1740 a
3089 1687 3413 1741 dilatatione
3446 1688 3576 1740 oris
3609 1690 3796 1741 etiam
3833 1696 3901 1740 δέ

2279 1779 2457 1833 cordis
2488 1779 2860 1832 dilatationem
2894 1778 3194 1841 veniamus,
3224 1787 3277 1831 et
3308 1791 3431 1831 cum
3470 1777 3767 1846 Apostolo
3816 1783 3891 1829 si;

2277 1871 2502 1924 cere”:
2534 1890 2551 1921 ι
2575 1870 2684 1924 Cor
2716 1884 2891 1923 meum
2924 1870 3203 1924 dilatatum
3242 1879 3325 1923 est
3354 1869 3422 1923 ad
3452 1885 3584 1932 vos,
3622 1886 3663 1923 ο
3695 1871 3874 1925 Ceril-

2278 1961 2397 2016 thii.
2422 1979 2440 2011 ›
2477 1960 2553 2015 Ex
2588 1960 2874 2015 latitudine
2904 1960 3047 2014 cnim
3081 1960 3262 2014 cordis
3292 1962 3656 2016 abundantia
3691 1965 3781 2017 ori
3808 1980 3865 2015 sx-

2276 2053 2440 2121 pienti
2472 2053 2833 2114 ministratur.

2347 2143 2433 2197 li.
2463 2161 2479 2193 ι
2506 2142 2638 2208 Quia
2672 2142 2850 2196 lanata
2882 2158 3000 2197 sum
3032 2144 3083 2196 in
3111 2143 3330 2197 salutari
3361 2146 3538 2197 tuo."
3566 2165 3588 2198 ι
3633 2147 3699 2200 Si
3731 2149 3871 2200 lau-

2279 2243 2361 2288 tus
2401 2233 2556 2289 fuero
2607 2235 2658 2288 in
2709 2235 2932 2289 salutari
2983 2236 3100 2302 Dei,
3160 2248 3285 2291 tunc
3328 2238 3632 2292 dilatatam
3690 2254 3776 2293 est
3820 2258 3873 2291 ex.

2275 2341 2453 2379 meum
2495 2342 2660 2396 super
2694 2327 2945 2383 inimicos
2980 2344 3148 2385 meos.
3194 2348 3212 2380 ι
3236 2328 3350 2382 Non
3399 2338 3486 2383 est
3532 2330 3718 2401 488
3744 2349 3867 2385 san-

2274 2427 2394 2473 ctus
2422 2418 2564 2474 sicut
2595 2418 2851 2474 Dominus
2869 2420 2933 2474 ⁸⁸.
2961 2439 2978 2472 ι
3019 2420 3077 2475 Si
3110 2422 3371 2490 scriptmn
3416 2433 3599 2485 esset,
3630 2424 3751 2477 Non
3788 2432 3871 2474 est

2274 2519 2493 2565 sanctus
2519 2510 2620 2564 nisi
2656 2511 2934 2574 Dominus,
2971 2526 3309 2582 consequens
3357 2523 3479 2565 erat
3526 2527 3730 2566 omnes
3770 2528 3865 2566 nos

2275 2603 2593 2655 renuntiare
2630 2602 3033 2671 nobismetipsis
3067 2604 3133 2656 ab
3174 2603 3274 2656 hac
3304 2617 3399 2671 spe
3439 2613 3499 2656 ut
3534 2608 3718 2657 sancti
3746 2603 3863 2657 εει-

2270 2708 2522 2749 ceremur
2554 2714 2567 2749 :
2603 2710 2747 2749 nunc
2790 2706 2970 2748 autem
3010 2696 3315 2749 necessaria
3360 2696 3724 2751 distinctione
3754 2698 3859 2752 uti-

2275 2804 2363 2847 tur
2394 2800 2448 2848 et
2500 2787 2670 2847 dicit:
2705 2786 2860 2847 tNon
2900 2802 2985 2846 est
3030 2802 3254 2846 sanctus
3306 2802 3453 2845 ειευι
3500 2793 3799 2852 Dominus;
3828 2810 3848 2840 ι

2274 2886 2374 2941 hoc
2408 2894 2509 2948 est.
2539 2886 2639 2940 etsi
2672 2886 2781 2938 sint
2829 2884 2981 2937 multi
3021 2885 3217 2951 sancti,
3266 2888 3361 2939 sed
3392 2886 3577 2939 nullus
3610 2888 3683 2939 ita
3716 2898 3851 2940 san-

2273 2989 2392 3035 ctus
2428 2988 2510 3035 est
2566 2986 2625 3033 ut
2671 2976 2946 3032 Dominus.
3000 2973 3237 3030 Possunt
3279 2990 3412 3045 ergo
3466 2978 3619 3030 multi
3671 2979 3846 3032 sancti

600 3069 681 3116 est
708 3077 876 3117 cornu
907 3072 1180 3131 petemus,
1223 3064 1304 3121 vel
1338 3067 1738 3121 ventilabimus.
1787 3065 1891 3120 Sed
1943 3074 1997 3119 et
2044 3064 2171 3121 alibi
2198 3073 2241 3131 α
2279 3071 2418 3136 ﬁeri,
2444 3072 2583 3125 sicut
2605 3078 2661 3123 et
2683 3068 2991 3122 mandatum
3021 3065 3113 3121 Dei
3141 3067 3329 3121 dicit"
3354 3083 3369 3121 ι
3392 3085 3411 3117 ι
3436 3066 3615 3119 Sancti
3637 3077 3844 3131 estote,

601 3151 861 3207 dicitur“
888 3170 901 3209 :
935 3170 954 3209 t
981 3152 1041 3210 Et
1066 3158 1456 3212 exaltabuntur
1491 3173 1693 3213 cornua
1716 3157 1872 3226 justi.
1896 3174 1917 3209 ι
1945 3154 2171 3225 Oportet

597 3258 727 3316 ergo
761 3263 858 3303 nos
887 3248 1084 3302 habere
1126 3251 1227 3303 ista
1270 3263 1499 3315 cornua,
1534 3264 1654 3319 qua:
1690 3250 1854 3321 justis
1892 3247 1956 3302 de
1990 3245 2171 3301 causis

600 3340 843 3405 apicibus
872 3340 1070 3393 Christi
1119 3345 1299 3395 crucis
1337 3346 1711 3407 conferuntur,
1740 3352 1799 3397 ut
1843 3343 1897 3397 in
1937 3342 2022 3396 his
2078 3343 2171 3396 de-

601 3440 879 3485 struamus
901 3441 953 3483 et
975 3429 1296 3499 dejiciamus
1316 3432 1655 3487 adversaries
1675 3434 1899 3486 virtutes
1914 3432 1979 3486 de
1992 3432 2169 3485 anima

602 3532 809 3585 ltOSll'a,
838 3522 1034 3591 quibus
1063 3524 1350 3591 prostratis
1376 3534 1429 3577 et
1460 3524 1698 3592 expulsis
1729 3525 1900 3592 possit
1935 3524 1986 3577 in
2016 3524 2172 3578 nobis

602 3613 832 3681 plantari
863 3614 1038 3680 vinea,
1067 3613 1193 3683 quia
1228 3631 1246 3664 ι
1270 3614 1424 3669 vinea
1460 3614 1603 3669 facta
1635 3623 1720 3669 est
1748 3614 1947 3668 dilecto
1977 3614 2027 3668 in
2053 3630 2172 3669 cor-

601 3720 696 3767 nu,
738 3705 789 3759 in
831 3705 947 3760 loco
979 3706 1241 3760 uberi".i
1273 3706 1575 3760 Exaltatum
1612 3716 1696 3761 est
1737 3719 1865 3774 ergo
1908 3720 2072 3760 cornu
2120 3714 2173 3760 et

602 3794 940 3864 hujusjusta:
976 3799 1188 3868 gratiae,
1224 3810 1277 3853 et
1313 3798 1636 3868 omnisjusti
1667 3797 1720 3852 in
1760 3798 2009 3853 Domino.
2040 3816 2057 3849 ι
2082 3796 2171 3851 Di-

602 3887 827 3941 latatum
851 3898 932 3943 est
953 3905 1016 3944 os
1044 3906 1221 3944 meum
1252 3906 1412 3959 super
1437 3890 1687 3943 inimicos
1729 3888 1987 3945 meos”.i
2020 3889 2169 3943 Scri-

602 3989 752 4049 ptum
780 3980 921 4035 est"
947 3998 961 4035 :
989 3998 1008 4035 ι
1038 3982 1209 4034 Dilata
1257 3996 1319 4036 os
1366 3991 1539 4045 tuum,
1585 3987 1641 4033 et
1657 3978 1964 4049 adimplebo
1985 3976 2169 4042 illud,»

601 4079 656 4125 et
684 4086 824 4124 nunc
849 4070 981 4124 dicit
1012 4072 1125 4124 inec
1144 4069 1291 4137 justa
1325 4090 1336 4123 :
1373 4086 1390 4119 ι
1414 4069 1707 4123 Dilatatum
1733 4076 1817 4121 est
1848 4082 1910 4122 os
1934 4083 2167 4122 meum.»

602 4162 659 4216 Si
695 4162 918 4217 idoneus
956 4171 1009 4215 et
1037 4161 1193 4215 fortis
1222 4159 1377 4214 fuero
1420 4159 1471 4214 in
1504 4159 1668 4213 verbo
1708 4157 1955 4222 eli'ectus,
1985 4166 2039 4213 et
2077 4173 2171 4211 va—

605 4253 742 4308 lidus
774 4254 827 4308 in
856 4253 1143 4324 sapientia,
1176 4254 1247 4307 ita
1272 4260 1331 4307 ut
1357 4267 1462 4306 non
1491 4250 1730 4320 angustis
1755 4248 2168 4313 assertionibus,

604 4345 697 4398 sed
721 4345 957 4401 dilatatis
974 4357 1025 4400 et
1052 4344 1397 4399 aliluentibus
1422 4342 1703 4397 confutare
1730 4340 1934 4412 possim
1959 4355 2171 4395 omnem

2272 3163 2528 3232 quoniam
2560 3170 2613 3217 et
2643 3176 2741 3230 ego
2764 3170 2983 3214 sanctus
3004 3173 3143 3214 sum.
3172 3177 3190 3211 ι
3222 3158 3327 3212 Sed
3359 3167 3837 3227 quantumcunque

2271 3255 2394 3325 quis
2441 3255 2494 3309 in
2528 3254 2816 3307 sanctitate
2849 3251 3119 3320 proﬁciat,
3149 3251 3542 3321 quantumlibet
3580 3250 3830 3318 puritatis

2270 3356 2327 3401 et
2351 3344 2683 3400 sinceritatis
2709 3342 2975 3411 acquirat,
3013 3340 3086 3395 ita
3116 3356 3236 3395 esse
3270 3351 3494 3395 sanctus
3538 3341 3700 3394 homo
3728 3353 3835 3392 non

2273 3445 2447 3507 potest
2480 3435 2619 3489 sicut
2652 3435 2937 3499 Dominus;
2973 3435 3099 3503 quia
3135 3433 3220 3486 ille
3256 3432 3482 3501 largitor
3530 3432 3842 3486 sanctitatis

2272 3536 2378 3592 cst,
2406 3527 2504 3582 iste
2534 3535 2849 3594 susceptor;
2887 3527 2974 3581 ille
2998 3526 3303 3580 sanctitatis
3328 3523 3451 3576 fons
3488 3533 3602 3586 est,
3638 3524 3725 3577 hic
3750 3538 3843 3575 an-

2277 3630 2382 3675 tem
2430 3620 2605 3674 sancti
2643 3619 2808 3672 l'ontis
2851 3628 3095 3687 potator;
3145 3617 3233 3671 ille
3270 3616 3578 3671 sanctitatis
3625 3615 3717 3669 lux
3746 3623 3844 3677 est,

2273 3712 2362 3765 hic
2393 3719 2596 3764 sanctze
2622 3709 2758 3763 lucis
2788 3710 3091 3776 inspector;
3118 3717 3169 3759 et
3194 3706 3311 3760 ideo
3340 3722 3361 3757 ι
3384 3720 3489 3758 non
3521 3716 3608 3757 est
3631 3712 3845 3759 sanctus

2272 3801 2410 3855 sicut
2434 3799 2714 3864 Dominus,
2734 3808 2788 3853 et
2816 3814 2919 3852 non
2950 3807 3036 3852 est
3066 3806 3261 3866 praeter
3286 3805 3355 3850 te.
3380 3814 3398 3847 ι
3424 3795 3564 3861 Quid
3597 3805 3689 3849 cst
3710 3792 3847 3864 quod

2274 3889 2423 3949 dicit,
2467 3903 2611 3942 «non
2664 3899 2747 3943 est
2791 3898 2985 3957 praeter
3036 3896 3149 3951 te,»
3205 3900 3310 3940 non
3356 3888 3518 3955 plane
3559 3888 3746 3953 capio.
3793 3883 3847 3936 Si

2272 3979 2519 4043 dixisset,
2550 3995 2654 4033 non
2681 3989 2762 4034 εει
2796 3980 2939 4034 Deus
2970 3990 3161 4049 praeter
3197 3991 3269 4044 te,
3298 3977 3384 4032 vel
3417 3992 3525 4031 non
3568 3988 3662 4032 est
3701 3991 3847 4033 crea-

2277 4080 2360 4125 tor
2383 4080 2579 4139 praater
2607 4080 2681 4133 te,
2711 4079 2802 4123 aut
2841 4069 2945 4125 tale
2991 4069 3193 4140 aliquid
3223 4069 3539 4130 addidisset,
3587 4069 3728 4122 nihil
3766 4083 3847 4120 rev

2275 4164 2597 4233 quirendum
2628 4163 2932 4225 videbatur,
2965 4176 3105 4216 nunc
3148 4171 3327 4214 autem
3356 4160 3478 4228 quia
3509 4160 3667 4222 dicit,
3704 4178 3725 4210 ι
3748 4171 3849 4212 non

2274 4265 2356 4307 est
2385 4263 2578 4323 praeter
2606 4262 2676 4319 te,
2702 4273 2720 4304 ι
2766 4254 2896 4307 mihi
2933 4256 3033 4307 hoc
3058 4252 3273 4306 videtur
3303 4252 3355 4305 in
3390 4250 3509 4304 loco
3547 4248 3851 4319 designari,

2277 4345 2409 4398 nihil
2440 4360 2626 4399 eorum
2660 4360 2780 4413 qum
2811 4355 2958 4407 sunt,
3012 4346 3112 4397 hoc
3145 4343 3322 4410 ipsum
3355 4342 3496 4411 quod
3532 4352 3665 4396 sunt
3697 4351 3851 4394 natu-

604 4433 885 4488 scicntiam
914 4434 1265 4489 extollentem
1295 4449 1353 4488 se
1379 4433 1666 4487 adversum
1700 4431 1857 4486 iidem
1890 4438 1944 4485 ει
1976 4432 2173 4485 verita-
2209 4416 2250 4469 θ
2279 4435 2464 4490 raliter
2492 4435 2713 4490 habere.
2758 4435 2834 4489 Tn
2883 4436 3030 4490 solus
3078 4449 3159 4501 es,
3201 4436 3284 4488 cui
3326 4434 3469 4503 quod
3512 4449 3594 4497 es,
3647 4450 3678 4486 ι
3709 4431 3851 4487 nullo

608 4535 714 4577 tem
743 4525 945 4578 Christi
975 4543 987 4577 :
1015 4525 1097 4579 vel
1136 4539 1257 4578 cum
1291 4523 1727 4577 incredulitatem
1764 4522 1845 4575 vel
1894 4520 2173 4591 perﬁdiam

607 4630 839 4685 arguens
860 4615 1170 4669 indecorum
1202 4629 1268 4668 ex
1300 4615 1417 4684 lege
1447 4623 1501 4667 et
1525 4629 1590 4668 ex
1622 4613 1899 4682 prophetis
1923 4613 2175 4681 deprom-

608 4720 775 4775 pIam,
812 4708 1103 4763 ostendero
1134 4721 1255 4761 esse
1285 4704 1566 4759 Christum
1600 4705 1807 4770 Jesum,
1837 4706 1967 4758 etin
2000 4704 2177 4758 omni-

611 4802 709 4853 bus
741 4809 931 4868 potero
968 4798 1297 4868 redarguere
1325 4796 1567 4850 veritatis
1606 4795 1857 4849 inimicos
1888 4812 1901 4847 :
1933 4802 2060 4850 tunc
2098 4795 2178 4848 di-

608 4908 712 4961 gne
743 4908 959 4962 possum
1001 4892 1161 4946 etiam
1213 4905 1312 4958 ego
1359 4890 1580 4945 dicere:
1615 4889 1943 4944 «Dilatatum
1988 4898 2073 4943 est
2113 4903 2175 4943 os

612 4998 786 5036 meum
818 4998 983 5052 super
1034 4982 1289 5036 inimicos
1339 4996 1505 5035 meos.
1536 5000 1553 5033 ι
1613 4980 1668 5035 Si
1721 4981 1849 5035 mihi
1901 4989 2173 5035 certamen

611 5083 823 5127 moveat
856 5072 1137 5137 Basilides,
1165 5085 1218 5128 ct
1253 5089 1377 5128 cum
1413 5074 1760 5128 vehementer
1793 5070 2064 5127 obtrivero
2091 5092 2103 5126 :
2132 5072 2175 5126 si

609 5165 875 5220 Valentini
924 5166 1217 5234 discipulus
1248 5174 1506 5221 occurrat
1556 5176 1607 5218 et
1658 5179 1742 5219 me
1784 5164 2176 5234 quaestionibus

607 5256 853 5323 ventilet,
895 5266 950 5311 et
977 5260 1043 5311 de
1088 5258 1189 5312 hoc
1235 5258 1530 5312 certamine
1560 5259 1735 5311 victor
1762 5257 1982 5311 exiero:
2012 5257 2055 5310 si
2090 5257 2174 5309 his

609 5348 910 5416 prostratis,
946 5347 1184 5403 Marcion
1223 5360 1496 5412 occurrat,
1547 5361 1601 5402 et
1645 5350 1958 5404 discesserit
2010 5348 2173 5402 etiam

513 5430 519 5435 ’
608 5441 723 5508 ipse
757 5451 1081 5510 superatus:
1114 5458 1133 5491 ι
1162 5441 1448 5495 Dilatatum
1482 5452 1560 5496 est
1592 5456 1655 5496 os
1680 5457 1856 5495 meum
1888 5456 2050 5509 super
2074 5441 2177 5494 ini-

682 5643 724 5673 “
750 5644 892 5700 Psal.
940 5660 1083 5708 XLIV,
1118 5646 1172 5702 5.
1250 5648 1292 5678 "

615 5725 686 5774 In,
722 5716 804 5771 ll.
883 5718 969 5769 ιτι
1017 5716 1143 5785 Reg.
1180 5734 1238 5781 ll,
1280 5720 1325 5772 l.

1400 5645 1546 5701 'Psal.
1581 5662 1738 5712 μιν,
1778 5646 1863 5699 ιι).

1407 5718 1449 5749 ¹⁸
1474 5720 1601 5771 ibid.
1657 5724 1707 5769 2.

1973 5645 2017 5676 “
2040 5645 2160 5698 lsai.
2210 5661 2262 5709 v,
2304 5647 2355 5702 1.

1791 5717 1831 5747 ¹⁹
1875 5715 2043 5770 chit.
2090 5732 2179 5782 xx,
2210 5717 2301 5771 26.

2278 4524 2460 4581 datum
2495 4536 2599 4581 est.
2638 4526 2745 4581 Nos
2785 4527 2929 4580 enim
2955 4541 3165 4597 omnes,
3210 4526 3263 4578 id
3299 4534 3383 4579 est
3409 4525 3665 4578 universa
3702 4538 3852 4578 creao

2276 4627 2416 4682 tura,
2445 4631 2550 4670 non
2577 4630 2799 4669 eramus
2817 4623 3105 4681 antequam
3131 4628 3461 4673 crearetnur.
3486 4624 3541 4666 et
3566 4613 3693 4666 ideo
3710 4608 3847 4681 quod

2276 4723 2483 4771 sumus,
2509 4708 2757 4762 voluntas
2778 4716 2860 4759 est
2880 4706 3170 4761 Creatoris.
3202 4705 3263 4758 Et
3282 4704 3407 4773 quia
3427 4705 3729 4772 aliquando
3752 4715 3848 4756 non

2278 4801 2499 4866 fuimus,
2527 4816 2632 4854 non
2683 4808 2766 4855 est
2798 4799 3065 4869 integrum
3095 4798 3139 4852 si
3182 4798 3398 4851 dicatur
3439 4800 3504 4851 de
3535 4796 3699 4850 nobis
3727 4796 3847 4863 quia

2281 4905 2488 4954 sumus,
2515 4901 2773 4957 quantum
2798 4891 2864 4943 ad
2896 4890 3020 4944 illud
3047 4897 3259 4957 spectat
3292 4903 3413 4943 cum
3446 4902 3550 4940 non
3582 4901 3847 4940 essemus.

2282 4981 2388 5034 Sed
2425 4978 2572 5033 solus
2601 4990 2685 5035 est
2714 4979 2879 5043 Deus,
2911 4980 3001 5049 qui
3031 4980 3171 5049 quod
3205 4989 3291 5033 est
3320 4993 3531 5045 semper
3556 4977 3774 5039 habuit,
3803 4982 3857 5027 et

2283 5087 2387 5125 non
2420 5072 2635 5142 accepit
2666 5081 2725 5125 ut
2756 5082 2901 5127 esset
2940 5072 3171 5125 initium.
3218 5070 3457 5137 Denique
3488 5068 3705 5138 Moyses
3732 5078 3853 5121 cum

2281 5165 2489 5217 discere
2526 5163 2684 5217 vellet
2729 5178 2757 5215 a
2801 5164 2908 5217 Deo
2934 5164 3075 5231 quod
3120 5162 3166 5216 ei
3213 5176 3407 5215 nomen
3456 5170 3618 5221 esset.
3647 5160 3855 5212 docens

2278 5270 2399 5309 cum
2430 5256 2570 5310 Deus
2596 5255 2798 5308 dixit“
2830 5268 2845 5307 :
2873 5273 2890 5305 ι
2911 5254 3021 5322 Ego
3064 5268 3181 5305 sum
3210 5252 3302 5320 qui
3340 5267 3482 5315 sum,
3508 5259 3560 5301 et
3588 5249 3690 5303 hoc
3721 5242 3851 5299 mibi

2283 5362 2474 5401 nomen
2505 5357 2611 5400 est.
2652 5364 2672 5398 ι
2708 5345 2764 5399 Si
2794 5361 2923 5414 ergo
2961 5344 3107 5397 aliud
3132 5343 3330 5413 aliquid
3374 5343 3426 5396 in
3454 5340 3723 5396 creaturis
3753 5338 3854 5391 hoc

2280 5440 2498 5495 nomine
2532 5440 2618 5494 vel
2660 5439 2763 5494 hac
2793 5438 3158 5507 signiﬁcantia
3192 5435 3449 5505 appellari
3482 5442 3681 5503 posset,
3712 5445 3847 5483 nuu-

2957 5644 2999 5673 "
3028 5639 3169 5694 Psal.
3206 5653 3356 5698 XVIII,
3402 5637 3488 5691 {0.
3567 5633 3675 5689 "il
3720 5632 3842 5689 Cur.

2434 5646 2476 5676 "
2516 5644 2533 5697 1
2565 5643 2698 5713 Reg.
2738 5660 2798 5705 II,
2828 5644 2879 5697 l.
2957 5644 2999 5673 "
3028 5643 3169 5694 Psal.
3206 5653 3356 5698 van,
3402 5661 3404 5667 ι

2453 5714 2473 5767 l
2516 5716 2646 5774 Reg.
2680 5731 2743 5774 II,
2783 5715 2837 5767 2.
2912 5715 2954 5743 ¹¹
2986 5710 3150 5764 Exod.
3184 5722 3259 5770 III,
3302 5706 3404 5774 ιι,

2380 5714 2473 5767 ’⁸1
2516 5716 2646 5783 Reg.
2680 5731 2743 5780 ιι,
2783 5715 2837 5767 2.

3784 295 3955 349 nos;

3988 2226 3991 2281 l

3980 2450 3989 2499 η)

3974 2500 3979 2517 r‘
