4058 6244
558 269 693 323 1015

1999 272 2321 330 URIGENIS

3697 271 3926 327 1015

545 385 598 436 in
667 383 1040 439 sacerdotibus
1091 383 1228 450 ejus,
1269 392 1321 438 et
1378 385 1598 439 Samuel
1646 386 1697 440 in
1754 387 2116 446 invocantibus

2231 393 2553 464 ακούσομαι·
2595 411 2612 443 ›
2648 393 2772 464 περὶ
2810 385 2868 446 οὗ
2899 411 3060 463 φησιν
3112 396 3138 446 ὁ
3179 394 3480 464 Προφήτης
3513 395 3576 446 ἐν
3610 394 3918 465 sparsa,“

543 492 753 532 nomen
787 476 937 546 ejus:
962 478 1287 532 invocabant
1315 479 1622 546 Dominum,
1652 489 1707 535 et
1734 481 1846 549 ipse
1871 483 2128 538 exaudie-

539 573 634 623 bat
671 585 786 633 eos,
815 571 869 623 in
902 571 1152 624 columna
1196 572 1353 626 nubis
1401 571 1726 642 loquebatur
1760 573 1825 626 ad
1863 589 1992 639 eos;
2023 593 2040 624 ι
2076 585 2132 628 et

537 662 646 716 alio
700 661 985 717 locochi
1037 663 1289 716 steterint
1346 662 1556 732 Moyses
1603 670 1655 718 et
1690 662 1932 727 Samuel,
1966 676 2019 718 et
2046 667 2130 720 de-

539 757 756 825 precati
792 754 1016 820 fuerint,
1045 776 1062 808 ι
1113 767 1313 812 etc.....
1369 758 1540 821 Itane,
1583 756 1628 810 si
1669 757 1788 810 talis
1834 773 1896 812 ac
1945 767 2128 814 tantus

536 849 638 901 sub
705 859 850 902 terra
897 859 1036 914 erat,
1073 858 1126 902 et
1174 849 1425 904 evocavit
1470 848 1616 902 illum
1659 848 2017 919 ventriloqua,
2065 852 2117 904 in

535 953 604 992 an
627 941 786 993 imam
836 940 1213 1010 prOpbeticam
1263 939 1472 992 daemon
1546 947 1870 1008 potestatem
1920 940 2126 995 habet?

549 1031 690 1100 Quid
711 1032 989 1086 dicemus?
1013 1031 1296 1100 Scriptane
1323 1031 1436 1085 lure
1462 1032 1624 1085 sunt?
1646 1031 1853 1087 Verane
1877 1048 1937 1087 ea
1967 1045 2086 1088 sunt
2107 1075 2120 1097 ,

547 1140 732 1178 annon
755 1133 878 1177 sunt
904 1123 1070 1176 vera?
1099 1122 1257 1176 Certe
1273 1137 1520 1178 asserere
1538 1139 1599 1178 ea
1624 1141 1748 1179 vera
1773 1141 1878 1180 non
1898 1141 2042 1191 esse,
2068 1129 2120 1180 In

475 1207 478 1214 λ
549 1215 922 1269 intidelitater'n
957 1215 1182 1278 inducit,
1209 1217 1480 1284 cadetque
1511 1231 1672 1285 super
1715 1218 2011 1272 dicentium
2039 1234 2126 1274 ca-

549 1308 678 1374 pita.
721 1305 856 1359 Vera
901 1322 1044 1369 esse,
1105 1308 1545 1377 disquisitionem
1621 1309 2122 1380 dubitationetuque

549 1397 703 1451 nobis
737 1397 981 1452 exhibet.
1016 1398 1233 1454 Scimus
1265 1416 1331 1454 ex
1364 1402 1568 1455 nostris
1593 1401 1856 1458 fratribus
1892 1404 2124 1457 nonnul-

547 1488 626 1540 los
659 1489 978 1544 adversatos
1009 1490 1309 1561 Scripturre
1346 1494 1568 1558 dixisse,
1614 1493 1978 1562 Yentriloqua:
2013 1508 2116 1546 non

545 1580 735 1633 credo.
782 1581 1138 1661 \‘entriloqna
1190 1594 1382 1637 narrat
1427 1600 1487 1640 se
1529 1587 1837 1641 Samueletu
1877 1586 2116 1650 vidisse;

547 1672 834 1736 mentitur;
887 1673 1102 1726 Samuel
1146 1690 1252 1728 non
1291 1685 1375 1729 est
1418 1687 1712 1743 evocatus;
1757 1677 1974 1731 Samuel
2011 1692 2116 1732 non

2237 505 2253 532 ι
2302 484 2503 554 Μωσῆς
2541 484 2634 538 καὶ
2686 483 2893 553 Ἀαρὼν
2928 486 2984 536 ἐν
3025 487 3137 546 τοῖς
3189 483 3428 554 ἱερεῦσιν
3479 485 3687 546 αὑτοῦ,
3777 487 3923 536 καὶ

2230 577 2478 649 Σαμουὴλ
2499 579 2555 630 ἐν
2576 581 2687 641 τοῖς
2719 578 3164 649 ἐπικαλουμένοις
3196 581 3256 632 τὸ
3269 580 3442 649 ὄνομα
3471 577 3679 631 αὐτοῦ·
3725 579 3924 627 ἐτα-

2231 668 2490 722 κ²λ⁰ὖντ⁰
2512 669 2602 722 τδν
2630 669 2853 740 Κύριον,
2887 669 3159 732 καίαὖτδς
3188 671 3478 740 εἰσήκουεν
3522 668 3783 724 αὐτῶν..
3839 669 3922 716 ἐν

2232 760 2406 831 στύλῳ
2435 761 2662 831 νεφέλης
2710 760 2885 814 ἐλάλει
2921 760 3055 830 πρὸς
3088 760 3298 823 αὐτούς·
3336 780 3355 810 ι
3407 760 3512 813 καὶ
3556 758 3920 829 ἀλλακτρί-

2235 872 2251 902 ι
2291 853 2414 905 Ἐὰν
2437 855 2532 922 στῇ
2561 853 2797 923 Μωῦσῆς
2814 852 2908 904 καὶ
2923 852 3190 921 Σαμουὴλ,
3210 853 3297 904 καὶ
3318 851 3750 923 προσεύξωντπ
3771 869 3832 907 ε,
3887 869 3916 896 ι

2227 945 2320 996 καὶ
2355 944 2419 996 τά
2441 944 2636 1014 ἑξῆς...
2676 940 2930 1015 τλέὶρόὗν,
2960 945 3005 995 εί
3027 947 3054 996 ὀ
3085 943 3396 1014 τηλικοῦτος
3420 942 3540 994 ὑπὸ
3569 942 3687 1011 τὴν
3711 941 3912 1008 γῆν,

2228 1038 2320 1090 καὶ
2353 1039 2626 1107 ἀνήγαγεν
2661 1036 2879 1107 αὐτὸνὴ
2913 1035 3363 1106 ἐγγαστρίμυθος,
3405 1034 3690 1098 ἐξουσίαν
3727 1034 3908 1101 E12:

2225 1129 2498 1198 δαιμόνιον
2527 1127 2704 1198 ψυχῆς
2741 1127 3120 1200 προφητικῆς;
3165 1126 3229 1178 Τί
3267 1126 3560 1196 είπωμεν;
3621 1127 3908 1194 [1:179:1-

2227 1237 2356 1273 πται
2381 1218 2587 1285 ταῦτας
2636 1219 2834 1290 Ἀληθῆ
2887 1219 3058 1284 ἐστιν,
3092 1218 3125 1288 ἢ
3159 1220 3258 1270 οὐκ
3298 1217 3446 1270 ἔστιν
3490 1217 3729 1284 ἀληθῆς
3795 1218 3900 1267 ΤΞ

2230 1308 2326 1378 μὲν
2351 1309 2424 1379 μὴ
2457 1303 2595 1363 εἶναι
2629 1310 2800 1381 ἀληθῆ
2839 1310 3039 1378 λέγειν,
3075 1311 3153 1371 είς
3181 1309 3433 1362 ἀπιστίαν
3487 1309 3894 1378 προτρέπει·

2225 1400 2447 1472 χωρήσῃ
2473 1400 2560 1452 ἐπὶ
2584 1400 2820 1469 κεφαλὰς
2839 1401 2946 1452 τῶν
2961 1401 3246 1468 λεγόντων·
3277 1399 3334 1451 τὺ
3358 1400 3414 1452 δὲ
3436 1397 3589 1452 εἶναι
3626 1400 3854 1469 dias-F-
3865 1440 3890 1458 .

2225 1492 2450 1562 ζήτησιν
2484 1493 2576 1544 καὶ
2605 1492 2932 1564 ἐξαπόρησιν
2967 1495 3096 1562 ἡμῖν
3124 1491 3371 1562 παρέχει.
3396 1491 3518 1544 Καὶ
3557 1491 3682 1562 μὴν
3707 1493 3892 1559 γεῐν

2225 1581 2381 1652 ἴσμεν
2413 1580 2564 1644 τινάς
2588 1581 2695 1634 τῶν
2723 1582 2999 1652 ἡμετέρων
3020 1581 3259 1649 ἀδελφῶν
3285 1579 3746 1649 ἀναϐλέψαντας
3781 1584 3876 1646 τῇ

2225 1673 2434 1742 Γραφῇ,
2468 1674 2561 1726 καὶ
2593 1673 2866 1740 λέγοντας,
2897 1673 2970 1726 Ού
3003 1673 3240 1727 πιστεύω
3268 1675 3332 1742 τῇ
3357 1673 3874 1742 ἐγγαπριμύειῳ.

545 1763 809 1831 loquitur.
856 1763 960 1818 Sed
1017 1767 1473 1834 quemadmodum
1527 1739 2116 1839 pseudoprophelarum

2224 1739 2455 1835 Λέγει-⁷η
2490 1765 2924 1836 ἐγγαστρίμυθος
2951 1765 3274 1838 ἑορταμέναι
3418 1763 3517 1816 τὸν

544 1855 712 1924 aliqui
747 1853 985 1909 fatentur
1018 1877 1028 1910 :
1061 1873 1078 1907 ι
1125 1855 1248 1910 ΗΈο
1278 1857 1407 1912 dicit
1443 1857 1722 1922 Dominus,
1757 1877 1774 1909 ι
1807 1869 1884 1912 et:
1915 1858 2123 1912 «Domi-

544 1963 648 2001 nus
667 1963 771 2000 non
796 1947 1004 2001 locutus
1024 1958 1106 2002 est
1126 1965 1139 2011 ;
1163 1969 1181 2001 υ
1206 1951 1283 2003 sic
1299 1959 1351 2002 et
1378 1950 1699 2003 daemonium
1720 1951 1822 2005 hoc
1840 1950 2117 2007 mentitur.

545 2043 669 2094 dum
723 2043 788 2094 ad
829 2041 1007 2094 Saulis
1055 2042 1383 2095 voluntatem
1433 2043 1723 2111 pollicetur
1775 2056 1941 2095 unum
1988 2039 2120 2093 edu-

545 2147 706 2186 cere:
738 2150 755 2182 ι
785 2133 952 2198 Quem
999 2133 1168 2197 enim,
1216 2135 1292 2187 ait
1315 2134 1383 2201 ⁸⁸,
1415 2134 1680 2189 educam?
1707 2132 1927 2189 Samuel
1987 2131 2116 2185 tnihi

542 2233 863 2278 evocetur.»
912 2223 1036 2279 ﬂare
1073 2225 1164 2294 qui
1221 2225 1361 2280 bane
1405 2226 1686 2280 historiam
1734 2225 1897 2280 veluti
1930 2223 2118 2277 falsam

541 2314 876 2386 Oppugnant,
922 2318 1228 2386 producunt
1261 2335 1273 2369 :
1307 2315 1526 2372 Samuel
1573 2317 1713 2388 apud
1755 2316 1996 2371 inferos?
2031 2314 2120 2369 Sa-

541 2409 686 2461 muel
750 2424 778 2460 a
823 2409 1163 2476 ventriloqna
1236 2409 1511 2474 educitur,
1567 2408 1954 2478 prophetarum
2012 2406 2122 2461 exi-

543 2499 721 2563 mius;
774 2499 840 2552 ab
890 2501 1001 2567 ipsa
1031 2499 1314 2552 nativitate
1347 2499 1454 2553 Deo
1507 2510 1856 2553 consecratus
1877 2500 1919 2530 ⁸⁷
1948 2539 1964 2565 ,
1994 2508 2122 2554 ante

543 2590 876 2643 nativitatem
928 2590 982 2642 in
1017 2591 1215 2660 templo
1263 2590 1475 2644 futurus
1533 2589 1918 2654 denuntiatus;
1961 2601 2117 2645 antc-

541 2694 704 2748 qnam
737 2694 766 2733 a
822 2689 996 2734 matre
1037 2681 1406 2734 ablactaretur
1445 2680 1622 2750 ephod
1677 2681 1916 2744 indutus,
1950 2689 2004 2735 et
2037 2681 2118 2734 di-

541 2768 721 2836 ploide
776 2773 1027 2832 amictus,
1081 2779 1134 2823 et
1194 2770 1404 2824 Domini
1467 2770 1726 2824 sacerdos
1793 2768 2114 2834 effectus”;

539 2876 700 2930 quem
747 2875 872 2914 cum
915 2861 1094 2917 adhuc
1145 2863 1198 2916 in
1233 2863 1418 2932 pueris
1453 2872 1597 2917 esset
1630 2862 1770 2918 Deus
1801 2873 1886 2918 est
1917 2864 2117 2918 allocu-

543 2963 630 3008 tus
653 2954 744 3006 "?
794 2953 1011 3008 Samuel
1066 2955 1204 3024 apud
1254 2953 1502 3008 inferos?
1542 2953 1761 3008 Samuel
1811 2955 1864 3008 in
1911 2955 2118 3009 subter-

2221 1855 2490 1926 ψεύδεται·
2539 1857 2789 1928 Σαμουὴλ
2820 1859 2921 1909 οὐκ
2962 1855 3187 1926 ἀνήχθη·
3224 1854 3479 1926 Σαμουὴλ
3519 1856 3590 1907 οὐ
3649 1857 3864 1908 λαλεῖ.

2235 1947 2369 1998 Ἀλλ’
2417 1945 2603 2018 ὥσπερ
2655 1948 2758 2000 εἰσί
2819 1965 2962 2010 τινες
3018 1945 3460 2018 ψευδοπροφῆται
3537 1945 3854 2013 λέγοντες·

2226 2058 2244 2088 ι
2286 2039 2420 2091 Τάδε
2463 2039 2607 2107 λέγει
2649 2039 2872 2111 Κύριος,
2920 2060 2937 2088 ι
2990 2037 3102 2092 καί·
3160 2059 3177 2088 ι
3216 2037 3420 2108 Κύριος
3459 2037 3573 2090 οὐκ
3621 2038 3854 2106 ἐλάλη-

2222 2141 2313 2176 σεν
2357 2125 2453 2194 (6)·
2507 2147 2522 2177 ι
2580 2126 2722 2181 οὕτω
2765 2129 2857 2180 καὶ
2899 2128 2959 2180 τὸ
3010 2126 3284 2195 δαιμόνιον
3331 2126 3490 2178 τοῦτο
3529 2127 3850 2194 ψεύδεται,

2221 2216 2686 2288 ἐπαγγελλόμενον
2730 2217 2952 2285 ἀνάγειν
2985 2216 3076 2268 τὸν
3107 2215 3213 2268 ὑπὸ
3235 2215 3329 2267 τοῦ
3364 2215 3549 2268 Σαοὺλ
3583 2233 3850 2286 1:90:13-

2223 2309 2466 2378 σύμενον.
2497 2329 2514 2359 ‹
2556 2311 2688 2362 Τίνα
2717 2308 2825 2379 γὰρ
2855 2310 3067 2376 ἀνάγω;
3112 2329 3130 2359 ι
3163 2308 3312 2378 φησί.
3345 2328 3361 2357 ι
3395 2307 3670 2378 Σαμουὴλ
3697 2310 3844 2360 ἀνα-

2220 2402 2357 2470 γαγὲ
2409 2419 2518 2472 μοι.
2560 2421 2576 2451 ι
2617 2401 2800 2454 Ταῦτα
2832 2401 3046 2468 λέγεται
3093 2400 3199 2454 ὑπὸ
3223 2400 3326 2452 τῶν
3360 2399 3706 2468 φασκόντων
3735 2403 3842 2468 τὴν

2223 2493 2460 2565 ἱστορίαν
2493 2492 2696 2564 ταύτην
2750 2492 2821 2563 μὴ
2853 2487 2988 2545 εἶναι
3024 2492 3218 2562 ἀληθῆ·
3258 2492 3509 2563 Σαμοὴλ
3557 2493 3623 2545 ὲν
3657 2494 3832 2564 {Ro-4;

2220 2585 2472 2657 Σαμουὴλ
2515 2584 2619 2637 ὑπὸ
2657 2583 3095 2655 ἐγγαστριμύθου
3143 2584 3422 2652 ἀνάγεται,
3459 2586 3504 2654 δ’
3529 2583 3834 2656 ἐξαίρετος

2219 2679 2326 2732 τῶν
2359 2677 2669 2750 προφητῶν·
2703 2679 2730 2730 ὁ
2767 2677 2873 2729 ἀπὸ
2907 2676 3004 2746 τῆς
3038 2676 3303 2744 γενέσεως
3339 2677 3714 2746 ἀνακείμενος

2219 2769 2358 2842 Θεῷ·
2391 2772 2418 2823 ὁ
2458 2771 2562 2840 πρὸ
2587 2769 2852 2838 γενέσεως
2883 2770 2940 2823 ἐν
2972 2767 3050 2838 τῷ
3084 2768 3212 2840 ἱερῷ
3235 2768 3528 2837 λεγόμενος
3565 2768 3820 2820 ἔσεσθαι·

2217 2862 2247 2914 ὁ
2273 2863 2389 2933 ἅμα
2410 2861 2486 2931 τῷ
2525 2859 3056 2931 ἀπογαλακτισθῆναι
3091 2861 3451 2930 ἐνδυσάμενος
3489 2861 3682 2928 ἐφοὺδ,
3723 2863 3819 2913 καὶ

2220 2954 2680 3027 περιϐεϐλημένος
2723 2952 2988 3020 διπλοΐδα,
3037 2955 3129 3006 καὶ
3176 2955 3352 3024 ἱερεὺς
3387 2955 3684 3024 γενόμενος
3716 2953 3815 3005 τοῦ

546 3046 748 3109 laneis,
785 3047 875 3113 qui
904 3045 1038 3111 lleli,
1077 3054 1302 3116 propter
1333 3045 1568 3099 ﬁliorum
1596 3045 1801 3099 scelera
1837 3055 1890 3099 et
1925 3046 2116 3116 impie-

2220 3046 2448 3118 Κυρίου·
2475 3039 2518 3114 ᾧ
2560 3045 2755 3114 παιδίῳ
2783 3045 2858 3098 ἔτι
2885 3044 2998 3098 δντι
3027 3046 3396 3116 ἐχρημάτισεν
3433 3048 3464 3098 δ
3492 3045 3811 3115 Κύρεοςλα-

542 3147 679 3192 tates
711 3156 738 3192 a
767 3139 1113 3194 Providentia
1149 3141 1534 3205 condemnato,
1570 3141 1868 3194 successit?
1899 3139 2117 3194 Samuel

546 3232 690 3299 apud
741 3232 964 3296 inferos,
999 3247 1158 3301 quem
1215 3242 1459 3302 tempore
1511 3235 1704 3288 messis
1752 3232 1921 3286 tritici
1977 3232 2116 3287 Dens

539 3322 834 3386 exaudivit,
881 3323 1246 3392 elargitusque
1296 3331 1401 3387 est,
1439 3332 1496 3377 ut
1530 3324 1706 3376 imber
1746 3322 1810 3376 de
1852 3322 1992 3375 cwle
2024 3337 2116 3374 ca-

541 3413 689 3466 deret
711 3411 793 3465 ‘°?
823 3411 1039 3466 Samuel
1090 3413 1230 3481 apud
1281 3411 1508 3476 inferos,
1553 3413 1644 3481 qui
1691 3411 1802 3466 luce
1840 3413 2018 3465 omnia
2055 3411 2117 3464 li-

541 3503 669 3557 bere
705 3513 868 3573 atque
911 3503 1140 3571 ingenue
1169 3504 1356 3558 dixit“
1389 3520 1402 3556 :
1437 3521 1454 3554 ι
1488 3503 1542 3557 Si
1569 3502 1922 3556 desiderabile
1953 3501 2115 3572 492

541 3595 770 3664 alicujus
817 3596 1080 3663 accepi?»
1120 3595 1238 3650 Non
1279 3596 1490 3663 accepit
1524 3594 1779 3657 vitulum,
1811 3610 1915 3646 non
1956 3610 2115 3648 acce-

541 3685 616 3754 pit
657 3686 871 3750 bovem,
913 3685 1200 3754 judicavit,
1231 3685 1725 3755 condemnavitqne
1763 3687 2038 3754 p0pulum,
2063 3693 2115 3740 et

541 3793 744 3848 panper
791 3779 1035 3833 mansit:
1067 3795 1343 3846 nunquam
1377 3779 1584 3846 aliquid
1633 3792 1662 3831 a
1715 3776 1808 3830 tali
1859 3785 2116 3844 tantoque

541 3869 739 3938 pepulo
777 3869 1104 3924 desideravit
1153 3870 1419 3938 accipere.
1450 3869 1515 3924 Ut
1542 3869 1670 3938 quid
1721 3867 1940 3922 Samuel
1971 3869 2112 3937 apud

541 3960 743 4015 inferos
816 3962 1065 4015 videtur?
1129 3961 1259 4027 Quis
1318 3961 1457 4029 apud
1521 3961 1725 4016 inferos
1804 3960 2110 4015 Samuelem

537 4055 824 4122 sequitur?
846 4053 1062 4106 Samuel
1091 4053 1231 4120 apud
1258 4052 1700 4118 inferos?Qttare
1727 4069 1833 4109 non
1865 4063 1919 4107 et
1943 4053 2113 4106 Abra-

539 4146 684 4207 batn,
735 4155 788 4197 et
839 4145 1006 4207 Isaac,
1038 4154 1090 4196 et
1122 4141 1289 4195 Jacob
1333 4145 1473 4211 apud
1524 4144 1726 4197 inferos
1792 4144 1957 4198 sunt?
2009 4143 2119 4198 Sa-

539 4235 680 4288 mttel
723 4235 864 4304 apud
900 4235 1134 4289 inferos?
1167 4233 1348 4300 Quare
1385 4249 1488 4288 non
1518 4243 1572 4286 et
1610 4233 1844 4305 Moyses,
1882 4235 1974 4303 qui
2005 4251 2110 4288 una

538 4339 662 4377 eum
689 4324 960 4389 Samnelc,
993 4336 1050 4379 nt
1081 4327 1279 4379 dictum
1322 4335 1424 4387 est,
1456 4323 1804 4394 conjungitur
1829 4326 1872 4356 θ’
1901 4343 1915 4380 :
1952 4344 1968 4376 ι
2002 4325 2108 4379 Ne-

2219 3138 2327 3192 λῶν
2343 3155 2356 3203 ;
2388 3137 2643 3208 Σαμουὴλ
2666 3138 2723 3189 ὲν
2741 3137 2897 3208 ᾇδους
2926 3137 3179 3208 Σαμουὴλ
3198 3139 3253 3188 ἐν
3268 3140 3380 3200 τοῖς
3398 3136 3798 3203 καταχθονίοις

2217 3231 2245 3283 ὁ
2268 3228 2646 3300 διαδεξάμενος
2685 3229 2825 3294 Ἠλὶ,
2854 3229 2941 3282 διὰ
2961 3229 3027 3282 τά
3059 3229 3165 3282 τῶν
3195 3230 3400 3284 τέκνων
3430 3231 3791 3300 ἁμαρτήματα

2218 3322 2321 3374 καὶ·
2368 3323 2807 3393 παρανομήματα
2861 3321 3324 3375 καταδικασθέντα
3373 3321 3482 3373 ὑπὸ
3524 3321 3623 3391 τῆς
3661 3322 3804 3392 Προ-

2217 3411 2396 3476 νοίας;
2428 3412 2678 3484 Σαμουὴλ
2701 3415 2758 3465 ἐν
2783 3413 2931 3483 ᾅδου,
2960 3408 3069 3466 οὖὸ
3097 3413 3230 3476 Θεὸς
3257 3414 3566 3481 ἐπήκουσεν
3596 3416 3657 3466 ἐν
3687 3430 3808 3465 και-

2221 3503 2296 3574 ρῷ
2322 3503 2581 3574 θερισμοῦ
2611 3503 2818 3574 πυρῶν,
2845 3505 2940 3558 καὶ
2967 3504 3122 3556 ὑετὸν
3154 3504 3351 3557 ἔδωκεν
3383 3503 3562 3556 ἐλθεῖν
3593 3504 3710 3556 ἀπὸ
3729 3505 3816 3556 οὖ-

2220 3595 2380 3665 ρανοῦ
2401 3611 2415 3659 ;
2444 3593 2695 3665 Σαμουὴλ
2719 3596 2776 3649 ὲν
2796 3595 2942 3666 ᾅδου,
2969 3598 2997 3648 ὁ
3019 3595 3241 3648 τοιαῦτα
3257 3597 3811 3667 παρρησιασάμενος·

2223 3706 2240 3738 ι
2289 3689 2349 3740 ΕΞ
2380 3687 2704 3757 ἐπιθύμημά
2733 3705 2874 3750 τινος
2904 3687 3130 3752 έλαϐον;
3173 3707 3190 3738 ι
3231 3689 3346 3741 Οὐκ
3381 3687 3543 3740 ἔλαϐε
3581 3690 3682 3743 τὸν
3715 3691 3814 3758 μϐ-

2217 3795 2362 3848 σχον,
2388 3779 2488 3831 οὐκ
2509 3777 2665 3831 ἔλαϐε
2696 3778 2785 3831 τὸν
2814 3777 2960 3848 βοῦν,
2995 3778 3199 3850 ἔκρινε,
3238 3779 3333 3831 καὶ
3359 3777 3696 3832 κατεδίκασε
3723 3779 3814 3831 τὸν

2215 3869 2359 3934 λαὸν,
2408 3869 2584 3938 μένων
2618 3867 2802 3940 πένης·
2855 3870 3111 3924 οὐδέποτε
3159 3869 3473 3941 ἐπεθύμησε
3523 3871 3718 3923 λαϐεῖν
3764 3889 3815 3923 τι

2216 3961 2322 4015 ἀπὸ
2349 3961 2667 4033 τηλικούτου
2700 3961 2830 4014 λαοῦ
2850 3963 3233 4016 καὶτοσούτου.
3265 3963 3522 4034 Σαμουὴλ
3555 3964 3644 4016 ἵνα
3670 3965 3726 4016 τί
3757 3967 3815 4016 ἐν

2215 4053 2582 4124 ᾇδουὸρᾶται;
2615 4052 2708 4116 Τίς
2742 4051 3024 4105 ἀκολουθεῖ
3045 4052 3122 4122 τῷ
3143 4053 3396 4124 Σαμουὴλ
3428 4057 3484 4107 ἐν
3513 4053 3643 4123 ᾂδου
3668 4071 3682 4112 ;
3709 4056 3813 4105 Σαο

2217 4143 2385 4214 μουὴλ
2419 4145 2474 4195 ἐν
2498 4143 2653 4212 ᾂδου;
2680 4141 2778 4195 Διά
2803 4143 2855 4196 τί
2878 4145 2997 4213 οὐχ).
3029 4144 3122 4196 καὶ
3158 4144 3427 4214 Ἀϐραὰμ,
3461 4145 3557 4195 καὶ
3596 4146 3710 4197 ἰσα
3723 4145 3810 4204 ὲκ.

2215 4237 2308 4288 καὶ
2344 4233 2534 4288 Ἰακὼϐ
2565 4236 2622 4288 ἐν
2659 4235 2818 4305 ᾃδους
2864 4235 3116 4307 Σαμουὴλ
3151 4237 3208 4290 ὲν
3237 4236 3401 4307 ᾇδους
3453 4238 3554 4290 Διά
3583 4239 3635 4290 τί
3686 4239 3810 4306 ούχὶ

2214 4328 2306 4379 καὶ
2339 4326 2542 4396 Μωσῆς
2599 4325 2627 4376 ὁ
2666 4323 3093 4396 συνεζευγμένος
3136 4326 3214 4396 τῷ
3258 4327 3510 4398 Σαμουὴλ
3548 4329 3695 4381 κατὰ
3749 4330 3807 4381 τὸ

535 4431 639 4484 que
669 4417 710 4470 si
742 4419 953 4472 steterit
985 4417 1196 4490 Moyses
1263 4429 1317 4471 et
1352 4417 1588 4484 Samuel,
1622 4435 1714 4474 eos
1742 4420 2061 4473 exaudiam?
2087 4437 2104 4469 ι

2219 4417 2520 4488 εἰρημένον·
2554 4437 2571 4466 ι
2614 4415 2745 4468 Οὐδὲ
2791 4416 2885 4468 ἐὰν
2911 4419 3008 4486 στῇ
3040 4418 3246 4486 Μωσῆς
3281 4419 3373 4470 καὶ
3403 4419 3686 4488 Σαμουὴλ,
3719 4421 3807 4471 ού-

538 4507 756 4563 Samuel
781 4510 919 4578 apud
955 4511 1196 4564 inferos?
1224 4512 1405 4576 Quare
1447 4529 1550 4565 non
1583 4521 1636 4565 et
1665 4511 1934 4566 Jeretnias
1967 4513 2106 4580 apud

539 4597 866 4654 inferos?ad
911 4616 1074 4670 quem
1125 4602 1331 4655 dictum
1374 4611 1494 4655 est:
1533 4604 1876 4672 «Antequam
1910 4603 2109 4658 forma"-

539 4706 648 4744 tent
673 4702 723 4746 te
759 4691 810 4746 in
844 4704 1020 4755 utero.
1057 4693 1280 4760 cognovi
1313 4704 1386 4758 te,
1417 4707 1469 4749 cl
1499 4707 1788 4765 antequam
1821 4696 2001 4748 exires
2042 4696 2109 4748 de

536 4784 712 4846 vulva,
736 4782 1068 4838 sanctiﬁcavi
1098 4794 1167 4839 te.
1194 4803 1212 4836 ι
1253 4787 1405 4853 Apud
1439 4787 1642 4841 inferos
1674 4796 1728 4842 et
1755 4787 1940 4851 Isaias,
1966 4790 2107 4856 apud

538 4876 738 4932 inferos
755 4887 809 4930 et
829 4877 1116 4943 Jerentias,
1144 4881 1281 4946 apud
1301 4879 1502 4936 inferos
1530 4882 1763 4950 denique
1783 4895 1973 4935 omnes
1991 4896 2110 4950 pru-

538 4968 735 5034 plteta',
753 4971 894 5039 apud
927 4971 1146 5026 inferos.
1172 4971 1319 5025 Talia
1339 4973 1554 5041 quidem
1575 4973 1742 5037 dicet,
1770 4972 1861 5041 qui
1882 4971 2108 5026 Samue-

537 5061 640 5112 lem
673 5077 858 5115 reVera
888 5065 1140 5119 eductum
1172 5080 1292 5120 esse
1339 5067 1661 5134 pertendere
1717 5080 1780 5118 ac
1805 5079 2112 5133 propugna-

539 5169 597 5206 re
643 5171 746 5209 non
792 5157 927 5210 vult.
967 5156 1102 5210 Cum
1151 5167 1330 5213 autem
1376 5167 1629 5228 oporteat
1665 5159 1802 5212 bene
1831 5173 1952 5212 esse
1981 5156 2112 5211 απυ-

533 5254 706 5308 ctum,
734 5247 824 5315 qui
850 5245 1163 5312 Scriptttras
1192 5249 1464 5316 intelligit,
1495 5248 1956 5317 probabiliterque
1975 5248 2108 5301 satis

534 5339 710 5388 oratio
747 5336 1160 5399 ltusdeduxet'it
1210 5347 1264 5391 ttl
1311 5352 1434 5391 vere
1467 5355 1561 5392 nos
1595 5348 1649 5392 et
1679 5353 2025 5394 commovere
2053 5348 2106 5391 et

605 5456 691 5530 "7|
725 5459 854 5530 Reg.
883 5474 1070 5525 xxvttt,
1096 5460 1178 5513 ll.
1257 5458 1344 5510 ⁸⁷1
1378 5458 1505 5528 llrg.
1538 5475 1574 5512 t.
1653 5459 1738 5511 ⁵⁸1
1774 5459 1903 5529 Reg.
1937 5475 1992 5517 tt.
2034 5460 2114 5509 l8.

536 5529 698 5588 “,1.

732 5621 1126 5690 Ἑορταμέναι.
1187 5624 1349 5679 Forte
1397 5624 1764 5685 scribendum,
1793 5624 2116 5693 ἑωρακέναι.

2212 4509 2265 4561 δὲ
2301 4508 2520 4560 ἐκείνων
2549 4506 2971 4576 εἱσακούσομαι;
3027 4526 3045 4556 ι
3092 4509 3348 4579 Σαμουὴλ
3382 4510 3440 4560 ἐν
3480 4509 3645 4579 ᾇδους
3692 4512 3808 4562 Ἰνα

2214 4602 2263 4653 τί
2301 4600 2373 4670 μὴ
2403 4599 2496 4651 καὶ
2532 4599 2801 4669 Ἱερεμίας
2843 4601 2899 4650 ἐν
2923 4598 3084 4669 ᾇδου;
3124 4599 3258 4668 πρὸς
3275 4600 3333 4652 ὃν
3362 4600 3600 4672 εἴρηται·
3636 4622 3651 4652 ε
3692 4603 3806 4673 [If/5

2213 4693 2304 4744 τοῦ
2338 4709 2402 4760 με
2425 4690 2625 4743 πλάσαι
2653 4707 2709 4743 σε
2728 4691 2783 4742 ἐν
2808 4689 3003 4760 κοιλίᾳ,
3032 4691 3330 4761 ἐπίσταμαί
3356 4710 3435 4755 σε,
3464 4694 3557 4747 καὶ
3581 4695 3689 4764 πρὸ
3714 4696 3804 4748 τοῦ

2215 4803 2273 4837 σε
2314 4783 2545 4848 ἐξελθεῖν
2593 4786 2656 4836 ἐκ
2700 4787 2910 4854 μήτρας
2953 4784 3155 4852 ἡγίασά
3208 4801 3288 4836 σε·
3343 4804 3359 4835 ι
3409 4787 3496 4838 Ἑν
3541 4785 3670 4857 ᾅδου
3711 4789 3806 4839 καὶ

2228 4877 2472 4940 Ἡσαΐας,
2511 4876 2569 4927 ἐν
2619 4875 2744 4945 ᾆδου
2776 4875 2868 4927 καὶ
2919 4873 3206 4945 Ἱερεμίας,
3242 4877 3299 4926 ἐν
3332 4874 3462 4945 ᾅδου
3505 4877 3715 4940 πάντες
3757 4880 3803 4929 οἱ

2217 4967 2515 5038 προφῆται,
2541 4967 2598 5020 ὲν
2632 4966 2778 5036 ᾅδου.
2813 4964 2996 5017 Ταῦτα
3045 4965 3142 5034 μὲν
3178 4967 3292 5036 ἐρεῖ
3316 4967 3345 5019 ὁ
3373 4968 3446 5038 μὴ
3474 4967 3804 5036 βουλόμενος

2211 5062 2394 5130 ἀγῶνα
2449 5059 2875 5131 παραδέξασθαι.
2921 5060 3006 5112 ὅτι
3058 5061 3314 5130 Σαμουήλ
3373 5064 3522 5112 ἐστιν
3569 5061 3744 5124 ὅντως
3777 5065 3804 5114 ὁ

2213 5153 2483 5223 ἀναχθείς·
2524 5153 2707 5222 ἐπειδὴ
2757 5153 2837 5204 δεῖ
2877 5150 3196 5222 εὐγνώμονα
3223 5147 3362 5204 εἶναι
3386 5153 3445 5204 ἐν
3471 5151 3550 5223 τῷ
3579 5153 3804 5205 ἀκούειν

2208 5241 2314 5293 τῶν
2343 5239 2588 5311 Γραφῶν,
2628 5239 2866 5302 πιθανῶς
2915 5243 3453 5311 καταπομπήσαντος
3503 5245 3655 5313 ἡμᾶς
3706 5244 3799 5296 τοῦ

2208 5335 2386 5402 λόγου,
2436 5335 2528 5387 καὶ
2571 5333 2782 5402 ἀληθῶς
2812 5332 3110 5403 δυναμένου
3141 5331 3397 5404 ταράξαι,
3426 5335 3518 5387 καὶ
3578 5335 3796 5403 κινῆσαι

2186 5455 2259 5507 "l
2293 5454 2511 5523 Reg.ttt,
2536 5455 2586 5506 4.

2674 5454 2715 5482 ⁶⁰
2748 5452 2761 5505 Ι
2790 5453 2918 5522 Reg.
2949 5467 3046 5517 xu,
3081 5453 3163 5506 Π.
3244 5455 3285 5484 ⁶¹
3315 5454 3448 5508 ibid.
3530 5457 3576 5488 ⁵³
3595 5453 3795 5511 Jerctn.

608 5689 680 5758 αἱ)
710 5693 828 5745 Οὐκ
859 5689 1187 5762 ἐλάλησεν.
1221 5695 1418 5751 Httctio
1461 5694 1684 5750 delenda
1736 5689 1944 5749 videtur
1972 5689 2255 5762 particula,
2286 5689 2416 5745 οὐκ.
