4058 6244
384 328 540 383 1017

1511 331 1578 386 ΙΝ
1621 332 1875 386 LIBRUM
1917 324 2151 388 REGE}!
2195 332 2474 388 llOMlLlA
2516 335 2580 389 ll.

3520 341 3654 398 {MS

379 443 566 512 ἡμᾶς,
605 440 801 511 ἴδωμεν
859 438 1086 510 πότερόν
1126 457 1254 493 ποτε
1300 441 1544 511 νενόηται
1578 443 1611 512 ἡ
1664 441 1704 496 Γ
1709 441 1856 513 ραφὴ
1905 439 1972 510 τᾷ

2087 455 2379 500 concutere
2415 446 2608 510 valeat,
2667 445 2946 502 videamus
2994 459 3172 504 utrum
3219 462 3364 509 recte
3410 452 3655 523 Scriptu-

377 531 556 585 τοῦτο
584 532 660 603 μὴ
700 531 1146 604 παραδεξαμένῳ’
1177 531 1210 602 ἢ
1251 533 1358 585 ἀπὸ
1383 532 1607 599 ἐνδόξων
1646 535 1742 604 μὲν
1775 536 1979 602 ἐπιχει-

388 626 506 696 ρεῖ,
566 623 780 677 ἐναντία
827 624 885 677 δέ
913 623 1060 693 λέγει
1100 627 1210 686 τοῖς
1236 625 1660 696 γεγραμμένοις.
1691 625 1824 679 Τίνα
1871 626 1979 698 γάρ

381 713 517 766 ἐστι
538 713 607 767 τὰ
636 714 1026 785 γεγραμμένας
1059 733 1077 764 t
1118 715 1228 767 Καὶ
1264 709 1416 768 εἶπεν
1447 717 1660 787 ήγυνή·
1697 715 1828 769 Τίνα
1858 718 1980 769 ava-

384 802 557 871 γάγω
580 820 691 867 σοι;
731 823 748 853 »
784 804 942 868 Τίνος
972 806 1260 876 πρόσωπόν
1299 807 1414 859 ἐστι
1444 807 1504 859 τὸ
1533 806 1710 875 λέγον,
1747 828 1765 859 ‹
1810 802 1979 860 Εἶπεν

385 897 426 965 ἠ
451 895 624 966 γυνή;
672 914 692 947 »
735 889 882 968 τΑρα
918 897 979 949 τὸ
1009 898 1296 968 πρόσωπον
1329 897 1488 966 ’ἀγίου
1530 898 1867 969 Πνεῦματος,
1919 899 1979 965 ἐξ

385 983 456 1040 οῦ
487 986 842 1040 πεπίστευται
869 988 1277 1059 ἀναγεγράφθαι
1309 991 1341 1060 ἡ
1381 990 1594 1061 Γραφὴ,
1627 991 1659 1062 ἢ
1690 993 1978 1062 πρόσωπον

387 1078 558 1134 ἄλλου
589 1079 766 1143 τινός;
806 1079 878 1132 Τὸ
900 1079 1007 1150 γὰρ
1036 1081 1426 1153 διηγηματικὸν
1463 1083 1753 1154 ’πρόσωπον
1782 1101 1979 1137 παντα-

389 1171 520 1241 χοῦ,
548 1171 622 1234 ὡς
663 1167 807 1223 ἴσασι
841 1171 934 1222 καὶ
960 1173 1007 1223 οί
1040 1171 1166 1242 περὶ
1199 1171 1567 1235 παντοδαποὺς
1586 1174 1862 1243 γενόμενοι
1890 1174 1978 1229 λό-

389 1278 552 1330 γους,
586 1261 701 1314 ἐστὶ
732 1261 1023 1332 πρόσωπον
1068 1260 1163 1313 τοῦ
1205 1263 1583 1334 συγγραφέως.
1623 1266 1977 1336 Συγγραφεῦς

388 1353 454 1406 δὲ
482 1355 573 1406 ἐπὶ
605 1353 808 1407 τούτων
833 1355 942 1409 τῶν
975 1354 1147 1423 λόγων
1186 1356 1539 1410 πεπίστευται
1577 1354 1714 1412 εἶναι
1751 1360 1851 1412 οὐκ
1882 1359 1977 1412 ἀν-

391 1444 636 1516 θρωπος,
671 1445 806 1500 ἀλλά
854 1447 1202 1519 συγγραφεὺς
1249 1447 1311 1500 τὸ
1343 1449 1566 1519 Πνεῦμα
1603 1450 1664 1502 τὸ
1702 1451 1876 1518 ἅγιον,
1915 1453 1976 1505 τὸ

389 1539 624 1609 κινῆσαν
651 1540 773 1603 τοὺς
803 1538 1139 1610 ἀνθρώπους·
1171 1540 1366 1593 οὐκοῦν
1390 1540 1451 1592 τὸ
1491 1542 1716 1613 Πνεῦμα
1743 1542 1802 1594 τὸ
1824 1543 1974 1611 ἅγιον

390 1629 565 1699 λέγει’
612 1649 630 1680 ι
666 1631 778 1684 Καὶ
824 1626 1026 1701 εἷπενή
1052 1632 1208 1702 γυνή·
1246 1631 1379 1684 Τίνα
1426 1633 1687 1702 ἀναγάγω
1721 1651 1831 1698 σοι;
1879 1635 1974 1686 καὶ

389 1717 539 1774 εἶπε
576 1721 827 1792 Σαμουὴλ
856 1721 1094 1790 ἀνάγαγέ
1130 1739 1237 1790 μοι.
1267 1741 1285 1772 »
1309 1722 1404 1786 Τίς
1440 1722 1606 1790 λέγει’
1646 1741 1663 1772 t
1703 1724 1811 1775 Καὶ
1837 1719 1972 1776 εἶδεν

389 1815 427 1884 ἡ
448 1815 586 1884 γυνὴ
612 1799 702 1866 τδν
727 1814 1002 1884 Σαμουὴλ,
1035 1813 1129 1866 καὶ
1157 1814 1380 1885 ἐϐόησεν
1403 1816 1436 1885 ἡ
1461 1814 1596 1886 γυνὴ
1627 1818 1776 1886 φωνῇ
1809 1815 1978 1886 μεγὰ-

389 1904 462 1978 λῃ
486 1905 750 1974 λέγουσα;
792 1925 809 1956 »
860 1904 1120 1977 Ἐροῦμεν
1161 1906 1296 1976 πρὸς
1336 1908 1542 1961 ἐκεῖνον
1579 1906 1816 1960 τοσαῦτα
1846 1909 1976 1976 ἡμῖν

391 1997 913 2067 καταϐομϐήσαντα,
948 1997 1042 2049 καὶ
1085 1998 1251 2068 μυρία
1292 1999 1571 2070 εἰρηκότα,
1617 2000 1691 2064 ὡς
1722 2000 1830 2070 ἀρα
1871 2002 1975 2053 Σα-

395 2088 568 2158 μουὴλ
597 2089 695 2142 οὐκ
724 2084 791 2161 ἦν
829 2092 885 2143 ἐν
909 2090 1056 2162 ᾅδου.
1095 2112 1113 2144 ι
1155 2090 1309 2147 Εἷδεν
1338 2097 1370 2166 η
1401 2097 1538 2169 γυνὴ
1575 2097 1850 2168 Σαμουὴλ,
1890 2117 1907 2149 »
1942 2099 1974 2166 ἡ

390 2179 765 2250 διηγηματικὴ
789 2181 940 2252 φωνὴ
959 2181 1115 2236 τοῦτο
1139 2183 1330 2254 ἔφησε,
1363 2203 1380 2236 t
1415 2186 1508 2238 καὶ
1533 2184 1754 2255 ἐϐόησεν
1779 2187 1811 2256 ἡ
1839 2186 1974 2255 γυνὴ

392 2271 548 2338 φωνῇ
594 2270 824 2342 μεγάλῃ,
861 2272 953 2325 καὶ
987 2266 1130 2338 εἷπε,
1160 2273 1250 2344 Μὴ
1273 2274 1461 2343 φοϐοῦ,
1497 2275 1628 2345 πρὸς
1662 2276 1852 2330 Σαούλ·
1889 2279 1976 2331 ἵνα

388 2360 444 2412 τί
471 2361 867 2433 παρηνοχλὴσω
897 2381 985 2433 με.
1016 2365 1107 2418 καὶ
1139 2367 1204 2419 σὺ
1225 2362 1276 2418 εί
1303 2366 1501 2430 Σαούλ;
1527 2369 1635 2420 Καὶ
1660 2365 1811 2422 εἶπεν
1833 2371 1971 2442 αὑτῇ

390 2452 421 2504 ὁ
451 2449 717 2520 βασιλεύς·
753 2454 818 2506 Τί
856 2455 963 2526 γάρ
1007 2456 1159 2523 ἐστι,
1195 2457 1284 2528 Μὴ
1343 2457 1542 2527 φοϐοῦ;
1577 2459 1640 2512 Τί
1678 2459 1971 2531 ἐώρακας;

393 2543 500 2595 Καὶ
525 2539 729 2616 εἶπενὴ
764 2546 900 2617 γυνὴ
932 2549 1066 2618 πρὸς
1094 2549 1186 2602 τὸν
1233 2550 1421 2603 Σαούλ·
1465 2551 1631 2615 Θεοῦς
1669 2547 1808 2605 εἶδον
1841 2553 1972 2606 ἀνα-

392 2633 675 2700 ϐαίνοντας
715 2640 779 2690 ἐκ
811 2639 910 2708 τῆς
960 2639 1080 2709 γῆς.
1122 2641 1233 2694 Καὶ
1263 2638 1414 2694 εἶπεν
1447 2641 1602 2712 αὐτῇ·
1637 2643 1702 2696 Τί
1735 2643 1794 2697 τὸ
1834 2639 1973 2706 εἶδος

393 2724 604 2790 αὐτῶν;
639 2728 747 2780 Καὶ
779 2723 930 2782 εἶπεν
954 2728 1121 2800 αὐτῷ’
1169 2730 1333 2801 Ἀνὴρ
1358 2731 1727 2802 πρεσϐύτερος
1748 2733 1973 2786 ἀναϐαί-

393 2834 534 2880 νων,
577 2820 669 2872 καὶ
717 2820 877 2888 aia-0;
931 2821 1394 2892 περιϐεϐλημένος
1438 2821 1677 2876 διπλοΐδα
1714 2824 1895 2892 ἐφούδ.
1945 2844 1962 2876 »

395 2908 556 2976 Λέγει
602 2909 769 2981 αὐτὴν
799 2911 1103 2982 ἑωρακέναι
1138 2912 1230 2964 καὶ
1256 2911 1315 2964 τὸ
1341 2911 1553 2981 ίμάτιον
1580 2911 1638 2965 τὸ
1674 2913 1966 2984 ίερατικόν.

394 2994 525 3052 Οἶδα
553 3000 629 3063 δέ,
655 3002 735 3054 ὅτι
775 3002 1015 3055 ἐναντίον
1049 3003 1114 3056 ἐκ
1157 3002 1250 3055 τοῦ
1279 3003 1439 3071 λόγου
1469 3003 1636 3072 λέγει,
1662 3006 1720 3057 ού
1763 2995 1986 3077 θαῦμα(

2085 549 2170 588 ras
2190 538 2517 605 perceperit,
2554 537 2647 604 qui
2681 537 2733 591 id
2763 554 2867 592 non
2897 537 3156 606 admittit,
3192 543 3275 596 vel
3309 557 3653 613 argumente-

2082 633 2170 679 tnr
2235 627 2304 681 ab
2351 627 2670 692 illustribus,
2737 631 3145 698 pugnantiaque
3191 633 3335 686 dicat
3383 635 3488 690 illis
3535 653 3655 708 quae

2081 719 2282 787 scripta
2336 730 2484 776 sunt.
2535 721 2671 774 Nam
2721 737 2841 791 quae
2866 733 2992 776 sunt
3027 726 3224 793 scripta
3251 726 3334 781 “?
3375 747 3392 780 ι
3423 729 3489 784 Et
3517 731 3655 785 dixit

2081 813 2290 880 mulier,
2315 813 2486 880 Quem
2517 816 2754 869 evocabo
2786 817 2916 871 tibi?
2947 838 2964 867 »
2994 816 3286 885 Cuiusnam
3314 831 3395 876 est
3421 837 3653 890 persona

2083 903 2192 970 illa,
2237 921 2357 974 quae
2411 905 2591 960 dicit:
2628 906 2816 959 «Dixit
2864 909 3129 962 mulier?»
3183 912 3375 966 Annon
3423 931 3652 982 persona

2081 995 2317 1063 Spiritus
2345 997 2544 1062 sancti,
2585 1011 2613 1049 a
2650 1013 2756 1064 quo
2787 999 2998 1053 divinas
3027 1000 3235 1054 litteras
3264 1006 3496 1074 scriptas
3535 1022 3656 1063 esse

2080 1088 2371 1152 credimus,
2400 1087 2484 1143 vel
2521 1089 2748 1145 alterius
2807 1091 3147 1161 cujuspiam?
3181 1093 3389 1164 Quippe
3426 1113 3652 1166 persona

2082 1193 2308 1233 narrans
2358 1179 2577 1248 ubique,
2633 1183 3095 1252 quemadn'todum
3152 1187 3242 1252 qui
3300 1202 3397 1254 per
3464 1205 3655 1245 omnes

2080 1270 2348 1324 orationis
2401 1273 2592 1325 modos
2639 1274 2840 1327 versati
2878 1287 3002 1328 Sunt
3053 1276 3260 1343 optime
3307 1279 3526 1339 callent.
3560 1296 3657 1334 au-

2081 1361 2245 1416 cmris
2276 1377 2500 1430 persona
2533 1365 2722 1418 est.At
2758 1381 3064 1420 sermonum
3086 1367 3276 1420 horum
3312 1380 3522 1436 auctor,
3549 1389 3654 1428 non

2081 1453 2262 1516 homo,
2309 1453 2401 1506 sed
2449 1455 2685 1521 Spiritus
2744 1467 2985 1518 sanctus.
3021 1459 3111 1524 qui
3169 1461 3336 1514 movit
3383 1461 3653 1526 homines,

2081 1553 2201 1595 esse
2242 1544 2500 1596 creditur.
2548 1544 2688 1598 Dicit
2746 1546 2909 1614 igitur
2950 1545 3186 1615 Spiritus
3232 1561 3458 1605 sanctus
3493 1569 3507 1604 :
3543 1571 3560 1604 ι
3588 1551 3656 1606 Et

2081 1631 2217 1686 dixit
2239 1635 2433 1687 mulier
2468 1652 2481 1688 :
2511 1635 2681 1700 Quem
2717 1637 2944 1690 educam
2977 1639 3192 1694 tibi?et
3216 1639 3350 1694 dixit
3381 1661 3393 1696 :
3422 1642 3651 1699 Samue-

2079 1723 2183 1778 lem
2221 1726 2356 1779 educ
2389 1727 2542 1783 mibi.
2577 1746 2594 1778 »
2631 1727 2763 1793 Quis
2791 1731 2964 1784 dicit:
2997 1748 3015 1781 ι
3045 1731 3105 1786 Et
3138 1733 3272 1787 vidit
3326 1735 3523 1788 mulier
3553 1735 3653 1790 Sa-

2082 1815 2336 1881 muelcm,
2380 1827 2433 1872 et
2464 1819 2721 1873 clamavit
2756 1821 2950 1875 mulier
2980 1837 3112 1877 voce
3157 1839 3350 1893 magna
3382 1826 3602 1882 dicens?
3629 1846 3647 1878 »

2078 1906 2319 1962 Dicimus
2361 1910 2425 1962 ad
2468 1909 2638 1975 illum,
2671 1913 2760 1979 qui
2809 1922 3028 1967 nostras
3079 1929 3240 1968 aures
3283 1915 3526 1986 implevit
3561 1934 3652 1971 ru-

2076 2001 2338 2061 moribus.
2373 1999 2774 2071 immodicaqne
2817 2004 3109 2057 verborum
3142 2006 3299 2074 copia
3339 2006 3651 2062 Samuelent

2075 2087 2214 2153 apud
2259 2085 2462 2142 inferos
2499 2105 2604 2143 non
2643 2088 2808 2144 fuisse
2852 2092 3154 2145 contendit.
3207 2113 3224 2143 ‹
3259 2093 3400 2147 Vidit
3454 2095 3650 2150 mulier

2077 2175 2400 2242 Sainnelem,
2434 2199 2452 2230 »
2485 2195 2710 2233 narrans
2733 2196 2835 2234 vox
2866 2181 3085 2244 dixit“,
3113 2201 3131 2234 ‹
3168 2193 3220 2236 et
3241 2183 3500 2237 clamavit
3531 2202 3652 2239 mn-

2075 2267 2175 2321 lier
2208 2283 2337 2323 voce
2372 2285 2593 2338 magna,
2640 2283 2695 2326 et
2724 2273 2860 2327 dixit
2889 2273 2954 2327 ad
2992 2274 3212 2328 Sauli-m
3250 2293 3262 2328 :
3302 2275 3379 2330 Ne
3415 2276 3646 2332 timeas:

2076 2360 2287 2428 utquid
2321 2359 2580 2430 decepisti
2636 2373 2818 2428 me,et
2866 2373 2918 2417 tu
2978 2381 3037 2419 es
3093 2365 3260 2419 Saul?
3301 2365 3368 2419 Et
3419 2366 3556 2420 dixit
3599 2368 3648 2420 ci

2077 2464 2167 2503 rex
2201 2467 2214 2504 :
2247 2449 2386 2517 Quid
2421 2451 2472 2504 id
2498 2461 2613 2516 est,
2646 2448 2721 2508 Ne
2758 2454 3136 2521 timeas?Qnid
3165 2457 3390 2510 vidisti?
3423 2457 3486 2511 Et
3514 2459 3650 2512 dixit

2075 2542 2270 2596 mulier
2306 2543 2371 2596 ad
2411 2542 2538 2596 Sattl
2571 2562 2583 2597 :
2618 2543 2753 2599 Deos
2787 2546 2892 2599 vidi
2928 2547 3284 2602 ascendentes
3310 2564 3340 2603 e
3376 2561 3545 2608 terra.
3584 2552 3649 2606 Et

2074 2632 2210 2687 dixit
2239 2635 2302 2687 ad
2331 2649 2490 2688 eam:
2522 2634 2651 2702 Quae
2671 2647 2756 2691 est
2787 2637 2957 2692 forma
2999 2639 3341 2694 illorum?Et
3369 2641 3505 2695 dixit
3541 2643 3644 2696 illi:

2076 2722 2173 2776 Vir
2201 2724 2382 2778 senior
2419 2727 2743 2801 ascendens,
2782 2737 2837 2781 et
2863 2729 2952 2781 hic
2988 2730 3173 2783 senior
3204 2730 3443 2798 diploide
3468 2733 3648 2801 ephod

2073 2813 2313 2869 indutus.
2344 2835 2360 2867 »
2393 2799 2620 2869 Fatetur
2649 2831 2766 2870 eam
2795 2818 2997 2873 vidisse
3025 2827 3081 2872 et
3108 2831 3308 2874 vestem
3338 2823 3650 2875 sacerdota-

2075 2905 2200 2958 lem.
2229 2904 2365 2960 Novi
2398 2907 2707 2976 oppositum
2742 2910 2944 2971 dicere,
2976 2911 3118 2978 quod
3155 2911 3350 2965 mirum
3398 2928 3501 2966 non
3537 2923 3644 2967 est.

2073 2993 2188 3061 Ipse
2219 2996 2418 3064 quippe
2471 2995 2705 3051 Satanas
2761 2999 3118 3052 transformat
3174 3015 3233 3053 se
3283 3001 3334 3052 in
3395 3001 3645 3072 angelum

398 3090 568 3154 Αὐτὸς
584 3090 692 3161 γάρ
722 3093 750 3144 ό
781 3093 1024 3155 Σατανᾶς
1052 3091 1583 3163 μετασχηματίζεται
1624 3096 1702 3157 εἰς
1742 3095 1971 3162 ἄγγελον

2078 3082 2211 3138 lucis
2230 3085 2294 3134 ⁸⁸.
2333 3083 2513 3150 Quare
2553 3091 2946 3156 magnum'non
3000 3099 3104 3152 est,
3139 3090 3183 3144 si
3218 3098 3274 3144 et
3307 3089 3454 3144 illius
3491 3091 3648 3145 mini-

406 3182 598 3250 φωτός.
626 3183 699 3234 Οὐ
730 3183 870 3253 μέγα
886 3181 978 3236 οῦν
1006 3186 1052 3236 εί
1076 3184 1166 3236 καὶ
1181 3185 1229 3236 οί
1262 3183 1671 3236 διάκονοιαύτοῦ
1702 3201 1975 3256 μετασχη-

402 3270 713 3341 ματίζονται
745 3274 820 3334 ὡς
856 3273 1089 3326 διάκονοι
1119 3272 1482 3342 δικαιοσύνης.
1525 3271 1684 3324 Ἀλλὰ
1718 3273 1767 3324 τί
1804 3275 1970 3335 ἐστιν,

395 3363 531 3434 ὅπερ
559 3358 696 3416 εἶδεν
722 3365 755 3432 ή
785 3363 942 3433 γυνὴ,
983 3362 1075 3415 τοῦ
1108 3363 1387 3434 Σαμουήλς
1437 3362 1595 3415 ⁹Α).λά
1645 3362 1971 3433 γέγραπται,

397 3455 477 3506 ὅτι
531 3455 670 3522 ἔγνω
714 3455 904 3518 Σαοὺλ,
942 3456 1024 3508 ὅτι
1075 3455 1326 3526 Σαμουὴλ
1387 3456 1522 3518 ἐστι,
1577 3474 1594 3505 ι
1629 3456 1736 3508 Καὶ
1783 3454 1973 3507 ἔπεσεν

397 3546 485 3598 ἐπὶ
514 3546 798 3616 πρόσωπον
823 3547 913 3598 ἐπὶ
946 3547 1041 3616 τὴν
1057 3545 1182 3615 γῆν,
1218 3548 1311 3598 καὶ
1342 3545 1766 3617 προσεκύνησεν.
1802 3566 1818 3595 »
1842 3542 1971 3599 Εἶτα

400 3636 560 3690 πάλιν
587 3635 648 3688 τὺ
675 3635 964 3707 πρόσωπον
992 3637 1090 3707 τῆς
1123 3637 1162 3688 Γ
1167 3637 1364 3707 ραφῆςο
1399 3655 1415 3686 t
1447 3637 1554 3688 Καὶ
1581 3631 1699 3688 εἷπε
1722 3637 1972 3707 Σαμουὴλ

400 3728 532 3799 πρὸς
558 3727 749 3780 Σαούλ·
789 3727 902 3780 Ἵνα
943 3728 994 3780 τί
1027 3726 1386 3799 παρώργισάς
1439 3745 1504 3797 με
1540 3728 1632 3780 τοῦ
1671 3729 1970 3796 ἀναγαγεῖν

402 3833 496 3886 με;
519 3838 536 3869 »
571 3812 786 3878 «Eine,»
815 3815 1036 3887 φησὶνη
1087 3817 1298 3888 Γραφὴ,
1327 3818 1432 3871 ἔδει
1473 3818 1762 3880 πιστεύειν,
1796 3839 1813 3870 ‹
1853 3816 1970 3872 εἷπε

399 3907 664 3978 Σαμουὴλ·
700 3908 814 3960 Ἵνα
836 3908 886 3960 τί
921 3907 1277 3979 παρώργισάς
1300 3927 1367 3979 με
1399 3909 1491 3962 τοῦ
1520 3911 1813 3978 ἀναγαγεῖν
1831 3928 1897 3980 με
1921 3927 1966 3974 ;»

400 3995 529 4052 Εἶτα
573 3999 708 4070 πρὸς
733 3999 920 4052 τοῦτον
970 4002 1321 4072 ἀποκρίνεται
1369 4000 1559 4054 Σαούλ·
1603 4019 1619 4051 ι
1669 4001 1878 4072 Σφόδρα
1921 4001 1969 4052 οί

397 4091 678 4161 ἀλλόφυλοι
727 4091 1053 4162 πολεμοῦσιν
1097 4096 1155 4146 ἐν
1190 4093 1334 4164 ἐμοὶ,
1380 4095 1472 4147 καὶ
1517 4095 1544 4145 ὁ
1585 4091 1718 4156 Θεὸς
1759 4093 1967 4164 ἀπέστη

397 4186 486 4237 ἀπ’
511 4183 666 4255 ἐμοῦ,
707 4187 800 4238 καὶ
820 4186 920 4239 οὐκ
946 4185 1216 4256 ἀπεκρίθη
1253 4204 1341 4256 μοι
1373 4186 1476 4245 ἔτι.
1513 4187 1605 4238 καί
1636 4203 1700 4253 γε
1745 4187 1802 4237 ὲν
1829 4188 1971 4258 χειρὶ

397 4275 500 4328 τῶν
539 4277 853 4347 προφητῶν,
886 4278 978 4329 καὶ
1020 4278 1076 4329 ἐν
1110 4279 1224 4339 τοῖς
1273 4276 1541 4338 ἐνυπνίοις
1576 4276 1829 4340 ἐκάλεσα,
1875 4275 1968 4328 τοῦ

398 4360 626 4431 δηλῶσαί
657 4379 742 4432 μοι
769 4363 819 4414 τί
847 4365 1074 4433 ποιήσω.
1110 4383 1128 4414 »
1169 4365 1337 4418 Πάλιν
1379 4367 1411 4435 ἡ
1442 4365 1652 4436 Γραφὴ.
1691 4367 1788 4419 οὐκ
1814 4365 1969 4430 ἄλλος

2081 3176 2179 3230 stri
2225 3177 2275 3229 in
2323 3177 2857 3247 ministrosjustitizc
2898 3191 3322 3234 commutantur.
3368 3181 3472 3235 Sed
3517 3182 3644 3252 quid

2079 3267 2130 3320 id
2160 3275 2261 3330 est,
2293 3268 2433 3335 quod
2484 3269 2754 3323 Samuelis
2797 3286 2917 3325 esse
2973 3271 3168 3326 mulier
3209 3273 3496 3342 cognovit?
3539 3274 3647 3327 Sed

2077 3360 2340 3427 scriptum
2393 3369 2476 3414 est
2524 3361 2744 3416 Sauletn
2782 3365 3106 3430 cognovisse
3150 3363 3302 3416 illum
3335 3364 3501 3418 fuisse
3545 3363 3632 3419 Sa—

2078 3450 2371 3503 muelem“
2399 3469 2412 3503 :
2445 3469 2462 3502 ι
2509 3452 2576 3506 Et
2628 3453 2906 3521 procubuit
2942 3453 3102 3524 493
3161 3453 3213 3506 in
3269 3454 3459 3507 faciem
3492 3470 3644 3508 suam

2075 3554 2240 3609 Super
2282 3549 2502 3608 terram,
2540 3550 2592 3595 et
2623 3544 2889 3596 adoravit.
2919 3563 2936 3594 »
2983 3545 3192 3597 liursns
3229 3543 3358 3597 item
3393 3543 3647 3612 Scriptu-

2078 3646 2149 3683 τω
2185 3640 2410 3684 auctor:
2445 3651 2462 3682 ι
2497 3632 2558 3685 Ει
2595 3633 2731 3686 dixit
2760 3632 2976 3687 Samuel
3003 3633 3068 3685 ad
3117 3631 3336 3685 Saulem
3369 3651 3382 3687 :
3414 3630 3483 3687 Ut
3517 3631 3646 3698 quid

2075 3725 2401 3791 perturbasti
2439 3742 2522 3781 me
2546 3724 2788 3779 faciendo
2813 3724 3160 3779 ascendere?»
3200 3722 3425 3786 «Dixit,»
3474 3723 3647 3792 inquit

2076 3813 2382 3883 Scriptura,
2415 3813 2524 3881 jam
2568 3814 2790 3867 credere
2821 3828 2956 3882 opus
3000 3822 3084 3866 est
3115 3828 3124 3860 :
3166 3831 3184 3862 ι
3209 3811 3353 3866 Dixit
3379 3811 3596 3866 Samuel
3629 3829 3642 3863 :

2076 3903 2143 3958 Ut
2180 3905 2306 3972 quid
2357 3905 2408 3957 in
2445 3905 2586 3958 iram
2621 3906 2869 3959 excitasti
2909 3921 3014 3968 me,
3059 3905 3305 3958 faciendo
3350 3919 3433 3958 me
3461 3919 3650 3957 ascen-

2073 3995 2270 4049 dere?»
2309 3996 2618 4064 Respondet
2651 3997 2844 4050 deinde
2877 3997 3003 4050 Saul
3039 4016 3051 4052 :
3084 4015 3103 4048 ¢
3131 3995 3296 4050 Valde
3331 3996 3649 4064 alienigenze

2071 4099 2314 4156 pugnant
2350 4088 2400 4141 in
2429 4103 2549 4152 me,
2587 4097 2640 4140 et
2673 4088 2816 4142 Dens
2855 4090 3106 4143 discessit
3142 4105 3169 4142 a
3207 4102 3309 4146 me,
3341 4097 3395 4141 et
3427 4103 3528 4142 noa
3563 4104 3648 4140 re-

2072 4181 2291 4247 spondit
2342 4179 2474 4233 milti
2536 4180 2698 4242 ultra,
2741 4179 2867 4234 licet
2918 4180 3092 4248 ipsum
3141 4183 3192 4233 in
3243 4182 3494 4234 manilius
3529 4197 3649 4246 pro-

2072 4272 2379 4340 phetarum,
2431 4281 2482 4325 et
2536 4272 2586 4326 in
2645 4273 2874 4328 somniis
2931 4273 3320 4336 invocaverint,
3358 4274 3424 4325 ad
3461 4271 3641 4324 notill-

2073 4363 2304 4416 cundum
2340 4363 2471 4417 mihi
2504 4364 2631 4431 qttid
2668 4363 2885 4416 faciam.
2915 4384 2932 4414 »
2970 4364 3170 4417 Iterum
3208 4361 3518 4432 Scriptura,
3549 4376 3647 4413 nee

400 4447 568 4513 εἶπεν,
611 4451 726 4505 ἀλλ’
766 4454 847 4506 ὅτι
893 4456 1052 4519 αὐτὸς
1097 4457 1349 4528 Σαμουὴλ
1395 4458 1531 4528 ἔφη’
1571 4476 1588 4509 ι
1621 4435 1732 4512 Καὶ
1784 4460 1870 4512 ἵνα
1918 4461 1968 4512 τί

2076 4453 2212 4508 alius
2256 4453 2416 4516 dixit,
2453 4454 2624 4523 ipsum
2675 4453 2982 4508 Satnnclem
3027 4455 3234 4509 dixisse
3250 4457 3292 4490 ⁸⁷
3325 4471 3338 4507 :
3373 4472 3390 4503 t
3417 4452 3484 4509 Ut
3515 4453 3643 4522 quid

400 4542 750 4614 ἐπεριῦτησάς
789 4563 886 4615 με;
935 4549 1045 4601 Καὶ
1100 4549 1303 4621 Κύριος
1344 4551 1554 4623 ἀπέστη
1589 4552 1695 4605 ἀπὸ
1725 4551 1839 4612 σοῦ,
1877 4553 1970 4605 κα)⁸

402 4631 623 4702 ἐγενήθη
658 4633 796 4686 κατὰ
823 4635 936 4698 σοῦ,
977 4636 1067 4689 καὶ
1102 4640 1354 4707 ἐποίησεν
1381 4639 1538 4692 ἄλλον
1566 4641 1736 4710 αύτῷ,
1767 4641 1826 4693 ὃν
1856 4642 1972 4711 τρό-

403 4739 496 4775 πον
520 4723 776 4796 ἐλάλησεν
804 4728 859 4778 ἐν
890 4729 1032 4798 χειρί
1064 4746 1184 4799 μου.
1218 4732 1327 4783 Καὶ
1365 4731 1649 4803 διαρρήξει
1683 4733 1780 4801 τὴν
1821 4732 1970 4801 βασι-

401 4812 540 4867 λείαν
572 4816 635 4868 ἐκ
683 4817 864 4888 χειρός
921 4834 1034 4872 σου.
1080 4839 1099 4871 »
1152 4821 1261 4874 Καὶ
1308 4821 1582 4892 δαιμόνιον
1632 4825 1964 4894 προφητεύει

401 4904 522 4976 περὶ
558 4906 832 4976 βασιλείας
868 4910 1284 4982 Ἰσραηλιτικῆς.
1335 4911 1398 4963 Τί
1451 4929 1614 4980 φησιν
1658 4917 1686 4966 ὁ
1727 4915 1966 4978 ἐναντίος

400 4997 581 5066 λόγος;
629 5001 822 5072 Ὁρᾶτε
845 5003 969 5066 ὅσος
992 5003 1139 5072 ἀγών
1166 5005 1312 5056 ἐστιν
1342 5006 1399 5057 ἐν
1424 5005 1500 5076 τῷ
1525 5004 1667 5075 λόγῳ
1691 5006 1784 5059 τοῦ
1810 5007 1966 5070 Θεοῦ,

400 5091 578 5162 χρείαν
607 5091 744 5162 ἔχων
777 5095 872 5147 καὶ
902 5095 1183 5166 ἀκροατῶν
1211 5095 1521 5167 δυναμένων
1558 5099 1726 5165 ἁγίων
1749 5099 1965 5153 ἀκούειν

400 5185 562 5252 λόγων
598 5187 867 5256 μεγάλων,
891 5191 984 5241 καὶ
1005 5191 1328 5260 ἀπορρήτων
1359 5190 1468 5242 τῶν
1493 5191 1737 5260 περὶτῆς
1759 5191 1965 5255 ἐξόδου,

401 5276 848 5346 ἐπαπορουμένων
875 5294 933 5329 τε
960 5276 1064 5330 τῶν
1098 5277 1399 5348 προτέρων,
1425 5277 1544 5330 οῦτε
1570 5277 1675 5332 τῶν
1703 5279 1968 5350 δευτέρων

403 5367 579 5436 σαφῶν
633 5367 822 5421 ὅντων.
887 5369 1026 5420 Ἀλλ’
1056 5371 1084 5422 ὁ
1113 5369 1270 5437 λόγος
1309 5370 1388 5423 ἔτι
1449 5370 1778 5436 ἐξετάζεται.
1813 5371 1968 5440 Λέγω

401 5457 470 5520 δέ,
518 5459 599 5511 ὅτι
645 5458 919 5525 ἀναγκαία
968 5462 1058 5512 καὶ
1103 5461 1136 5532 ἡ
1188 5461 1416 5532 ἱστορία,
1461 5462 1621 5532 καὶὴ
1665 5461 1966 5534 ἐξέτασιςή

404 5550 521 5620 περὶ
553 5551 741 5620 αὐτῆς,
782 5551 867 5603 ἵνα
898 5551 1096 5621 ἴδωμεν
1129 5553 1180 5605 τί
1222 5555 1367 5622 ἡμᾶς
1396 5557 1509 5622 ἔχει
1536 5556 1672 5623 μετά
1713 5554 1809 5625 τὴν
1857 5555 1970 5622 ἕξο-

467 5721 512 5754 “
542 5722 560 5778 l
586 5723 716 5795 Reg.
748 5741 938 5795 xxvm,
976 5728 1056 5783 ll.

1135 5730 1176 5760 σι
1208 5731 1358 5796 ibid.,
1393 5731 1472 5797 I2,
1506 5732 1587 5788 ιδ.
1666 5734 1709 5765 οε
1742 5733 1782 5788 ιι
1814 5735 1940 5791 Cor.
1976 5749 2048 5799 χι,
2085 5735 2166 5789 u.

2075 4545 2378 4614 interrogas
2435 4546 2560 4598 tne?
2600 4546 2660 4598 Et
2719 4547 2976 4598 Dominus
3025 4546 3273 4599 discessit
3303 4562 3331 4598 a
3371 4555 3442 4612 te,
3486 4556 3538 4599 et
3577 4546 3647 4598 fa-

2075 4645 2198 4689 ctus
2229 4647 2307 4690 est
2349 4646 2536 4689 contra
2569 4647 2640 4698 te,
2690 4645 2742 4688 et
2790 4635 2922 4690 fecit
2953 4637 3119 4692 alium
3166 4638 3289 4699 sibi,
3325 4637 3465 4691 sicut
3507 4637 3660 4691 locu.

2075 4739 2161 4782 tns
2193 4737 2274 4782 est
2311 4729 2362 4781 in
2401 4744 2559 4782 manu
2599 4744 2736 4784 mea.
2775 4729 2843 4782 Et
2875 4730 3156 4783 abscindet
3183 4744 3404 4797 regnum
3438 4727 3502 4780 de
3529 4743 3650 4779 ma-

2076 4835 2144 4870 uu
2180 4828 2290 4871 tua.
2315 4837 2334 4869 »
2384 4817 2714 4873 Dactnonium
2746 4820 2814 4872 de
2853 4820 3148 4873 Israelitico
3179 4834 3342 4888 regno
3369 4818 3632 4868 vaticina-

2075 4921 2182 4963 tur.
2217 4910 2355 4977 Quid
2388 4913 2455 4966 ad
2496 4912 2631 4978 haec,
2660 4912 2749 4979 qui
2776 4911 3113 4965 contrarium
3153 4908 3448 4963 asserunt?
3487 4909 3646 4962 Vide-

2077 5004 2145 5057 tis
2184 5003 2453 5071 quodnan»
2491 5013 2771 5057 certamen
2826 5002 2894 5054 sit
2942 5001 2995 5054 in
3049 5000 3230 5053 verbis
3262 4997 3492 5062 Domini,
3523 5013 3640 5066 quae

2073 5095 2410 5149 auditoribus
2442 5095 2708 5160 indigent,
2750 5092 2840 5160 qui
2873 5109 3066 5160 magna
3103 5100 3155 5144 et
3199 5087 3488 5143 ineffabilia
3521 5103 3642 5158 pos-

2070 5189 2178 5242 sint
2207 5185 2505 5255 intelligere
2543 5187 2610 5241 de
2638 5186 2785 5240 exitu
2820 5200 2886 5239 ex
2941 5185 3041 5238 hac
3067 5185 3195 5247 vita,
3226 5199 3346 5238 cum
3385 5181 3558 5251 prima
3588 5179 3641 5232 in

2073 5279 2290 5332 dubium
2315 5285 2811 5340 controvertantnr,
2852 5285 2906 5330 et
2934 5275 3172 5329 secunda
3213 5271 3496 5327 tnanil'esla
3535 5285 3641 5324 non

2072 5369 2196 5422 sint.
2233 5367 2338 5421 Sed
2381 5381 2562 5421 sermo
2597 5367 2773 5420 adhuc
2811 5367 2863 5420 in
2907 5365 3160 5419 examine
3215 5373 3319 5417 est.
3356 5363 3486 5416 Dico
3516 5376 3644 5415 vero

2074 5460 2432 5516 necessariam
2462 5475 2582 5513 esse
2613 5470 2667 5513 et
2691 5459 3005 5524 historiam,
3042 5469 3098 5512 et
3133 5458 3276 5512 illius
3305 5471 3554 5518 exatnen,
3586 5462 3643 5507 ut

2076 5549 2204 5622 qttid
2241 5564 2337 5604 nos
2371 5559 2492 5618 post
2538 5550 2660 5605 vita:
2700 5550 2862 5620 hujus
2889 5552 3094 5606 exitum
3125 5558 3423 5619 exspectat,
3456 5547 3640 5602 vidca-

2265 5729 2310 5763 “
2338 5727 2352 5784 Ι
2382 5727 2516 5802 Reg.
2548 5747 2736 5800 nun,
2769 5732 2856 5788 Η.
2933 5732 2975 5762 ⁸⁷
3002 5730 3156 5801 ibid,
3199 5732 3280 5794 lli,
3321 5730 3405 5785 17.
