4126 6234
462 229 601 285 1019

1893 242 2231 301 DRIGENIS.

3569 260 3702 314 10Ξο

457 362 600 401 mus.
644 365 662 398 ι
691 346 927 402 Locutus
956 357 1036 402 est
1073 350 1123 402 in
1159 366 1316 404 manu
1351 367 1491 417 mea,
1529 364 1581 408 et
1610 355 1890 412 abscindet
1920 361 1994 414 Do

2094 360 2234 422 ,δον.
2266 379 2285 412 ι
2327 360 2632 431 Λελάληκεν
2655 363 2710 414 ἐν
2743 361 2885 432 χειρί
2908 380 3026 433 μου·
3059 363 3152 418 καὶ
3180 365 3456 440 διαῤῥὴξει
3501 369 3701 439 Κύριος

457 439 638 492 minus
687 454 910 508 regnum
956 440 1019 494 de
1052 455 1210 494 manu
1268 450 1382 506 tua,
1412 451 1462 497 et
1497 445 1646 499 dabit
1681 449 1807 501 illud
1843 453 2026 516 proxi-

458 543 548 582 m0
601 538 690 582 tuo
727 529 911 581 David.
945 549 963 579 ι
1000 530 1329 586 D:t:monium
1386 549 1516 589 vero
1578 553 1804 605 regnum
1859 541 2022 596 David

457 621 644 686 nequit
696 617 897 672 habere
947 633 1310 690 compertum,
1345 630 1486 692 quod
1533 646 1560 681 a
1599 628 1706 683 Deo
1747 633 2020 687 decretura

453 719 593 763 erat.
630 709 871 775 Quidni?
915 711 1106 767 Nonne
1155 731 1340 770 vocem
1406 719 1616 773 Domini
1674 722 2025 780 intellexisti?

461 819 478 850 ι
509 799 622 853 Νοη
655 801 779 854 fecit
834 803 1257 872 indignationem
1298 809 1392 862 ira:
1421 827 1548 875 sum,
1585 812 1634 865 in
1661 813 1880 870 Amalec
1901 817 1966 871 ⁸⁸.
1995 839 2013 871 ι

453 889 643 946 Nonne
703 893 815 946 haec
848 906 977 948 snnt
1006 899 1168 950 verba
1206 900 1458 954 Domini?
1489 917 1664 958 nonne
1696 920 1818 958 vera
1861 908 2020 962 sunt?

452 979 592 1036 Vere
647 985 868 1051 quidem
913 987 1244 1042 voluntatem
1301 992 1514 1046 Domini
1551 994 1679 1049 Sanl
1729 1012 2016 1056 exsecutus

451 1089 556 1126 non
583 1084 664 1128 est
695 1093 708 1128 :
739 1076 833 1129 sed
867 1093 1046 1147 regem
1077 1081 1299 1137 Amalec
1351 1085 1534 1140 vivum
1575 1093 2012 1157 conservabat”,

451 1173 668 1233 propter
702 1180 860 1233 quem
912 1176 967 1221 et
1017 1181 1307 1238 antequam
1344 1176 1662 1244 quiesceret,
1693 1189 1747 1234 et
1781 1182 1832 1235 in
1868 1185 2013 1240 exitu

450 1253 568 1322 ipso
584 1254 797 1308 Samuel
820 1256 967 1310 Sauli
999 1262 1346 1327 exprobravit
1367 1283 1380 1317 :
1405 1284 1422 1315 ι
1450 1266 1512 1320 Ει
1533 1280 1753 1338 propter
1773 1272 1872 1326 hoc
1897 1289 2015 1327 ver-

447 1339 572 1394 bum
601 1342 702 1395 hoc
719 1344 846 1400 fecit
873 1346 1130 1403 Dominus
1149 1350 1202 1403 in
1227 1351 1315 1406 die
1338 1354 1532 1409 hac.Et
1559 1357 1729 1412 tradet
1759 1360 2014 1418 Dominus

447 1433 622 1501 ipsum
656 1435 820 1491 Israel
852 1440 904 1493 in
940 1456 1098 1498 manu
1141 1446 1588 1515 alienigenarum.
1622 1471 1640 1504 ›
1667 1454 1737 1508 De
1762 1456 2014 1513 universo

445 1524 540 1578 Dei
591 1529 784 1596 populo
822 1531 1147 1590 dmtnouium
1205 1549 1377 1606 pou-st
1417 1542 1700 1598 Vaticinari
1726 1546 2013 1604 Dominum

446 1620 771 1675 traditurum
825 1624 1030 1680 Israel?
1059 1647 1077 1678 ι
1105 1629 1167 1682 Ει
1201 1633 1603 1692 tabernaculum
1636 1643 1806 1708 ipsum
1841 1640 2006 1696 lsrael

2131 451 2229 520 τὴν
2259 451 2534 520 βασιλείαν
2580 456 2642 506 ἐκ
2694 454 2875 524 χειρός
2927 471 3040 518 σου,
3083 457 3175 508 καὶ
3208 456 3369 510 δώσει
3417 459 3584 530 αὐτὴν
3621 463 3698 531 τῷ

2133 541 2356 613 πλησίον
2381 560 2473 596 σου
2504 543 2579 613 τῷ
2608 543 2792 596 Δαυτδ.
2822 563 2842 595 ι
2879 546 3162 615 Δαιμόνιον
3196 546 3253 598 δὲ
3286 549 3345 599 ού
3375 547 3595 603 δύναται
3623 555 3700 603 εἱ-

2130 634 2276 687 δέναι
2303 637 2400 707 τὴν
2435 635 2712 705 βασιλείαν
2741 636 2922 694 Δαυῒδ.
2957 638 3052 708 τὴν
3081 639 3184 691 ὑπὸ
3209 639 3302 692 τοῦ
3344 641 3548 714 Κυρίου
3584 661 3698 714 χει-

2130 727 2525 798 φτονηθείσαν.
2563 728 2799 791 Καθότι;
2847 730 2958 782 Οὐκ
2993 730 3227 798 ἤκουσας
3255 730 3352 802 τὴν
3390 733 3573 804 φωνὴν
3601 734 3696 788 τοῦ

2128 819 2330 888 Κυρίου
2359 836 2372 884 ;
2409 839 2427 870 ι
2467 821 2579 873 Ούκ
2615 821 2868 890 ἐποίησεν
2909 821 3076 891 ὀργὴν
3111 821 3281 894 θυμοῦ
3315 824 3475 881 αὐτοῦ
3511 826 3568 877 ἐν
3610 827 3684 878 ’Δ-

2131 909 2330 981 μαλήκ.
2354 930 2370 961 ι
2390 910 2572 964 Ταῦτα
2593 912 2691 965 οὐκ
2710 911 2822 969 ἔστι
2847 913 3062 982 ῥήματα
3089 913 3220 966 Θεοῦ
3246 914 3375 977 ;ούκ
3403 915 3546 969 ἔστιν
3572 917 3697 986 ἀλη-

2125 997 2224 1068 θῆς
2291 999 2529 1070 Ἀληθῶς
2571 999 2679 1071 γὰρ
2713 1002 2812 1054 οὐκ
2857 1002 3081 1073 ἐποίησε
3129 1003 3188 1056 τὸ
3235 1003 3444 1074 θέλημα
3487 1005 3690 1075 Κυρίου

2124 1091 2312 1143 Σαούλ’
2340 1091 2474 1144 ἀλλὰ
2512 1093 2762 1163 περιέπει
2804 1093 2894 1146 τὸν
2942 1095 3163 1164 βασιλέα
3205 1096 3452 1168 Ἀμαλὴκ,
3490 1095 3686 1160 ζῶντα,

2122 1182 2206 1250 ἐφ’
2235 1175 2278 1248 ᾧ
2319 1184 2410 1235 καὶ
2459 1183 2564 1251 πρὸ
2598 1184 2695 1252 τῆς
2741 1185 3050 1254 κοιμήσεως
3098 1185 3283 1249 αὐτοῦ,
3332 1187 3423 1239 καὶ
3462 1188 3554 1240 ἐπὶ
3591 1189 3690 1258 τῆς

2121 1272 2300 1337 ἐξόδου
2334 1273 2578 1326 ὠνείδισε
2612 1274 2862 1345 Σαμουὴλ
2892 1275 2970 1345 τῷ
2999 1275 3188 1329 Σαούλ·
3229 1294 3247 1326 ι
3289 1277 3397 1328 Kal
3418 1276 3506 1329 διὰ
3531 1277 3691 1330 τοῦτο

2119 1361 2180 1414 c6
2213 1361 2365 1431 ῥῆμα
2414 1363 2570 1414 τοῦτο
2617 1364 2836 1434 ἐποίησε
2871 1366 3074 1436 Κύριος
3105 1368 3162 1419 ἐν
3189 1369 3253 1436 τῇ
3291 1365 3471 1436 ἡμέρᾳ
3494 1367 3684 1439 ταύτῃ.

2121 1451 2230 1504 Καὶ
2255 1451 2414 1506 δώσει
2444 1453 2647 1523 Κύριος
2674 1455 2766 1514 καί
2794 1473 2856 1524 γε
2896 1456 2985 1509 τὸν
3024 1457 3238 1528 Ἰσραὴλ
3276 1460 3332 1510 ἐν
3364 1459 3508 1529 χειρὶ
3531 1458 3687 1512 ἀλλο-

2120 1544 2319 1612 φύλων.
2377 1565 2395 1597 ι
2442 1547 2573 1618 Περὶ
2615 1548 2736 1601 ὅλου
2776 1549 2905 1603 λαοῦ
2961 1549 3094 1602 Θεοῦ
3149 1549 3370 1603 δύναται
3413 1551 3686 1622 δαιμόνιον

2120 1634 2613 1703 προφητεῦσαι,’δτι
2647 1637 2846 1709 Κύριος
2875 1639 3052 1709 μέλλει
3083 1639 3425 1711 παραδιδόναι
3453 1641 3542 1694 τὸν
3582 1643 3686 1695 Ἱσ-

446 1709 622 1762 tradet
652 1711 914 1768 Dominus
942 1715 993 1769 in
1024 1732 1182 1772 manu
1203 1721 1650 1793 alienigenarum.
1673 1731 1734 1784 Et
1763 1741 1840 1795 tu,
1859 1732 1997 1797 Sanl,

2116 1723 2286 1793 ραήλ;
2319 1742 2337 1774 ι
2378 1726 2488 1778 Καί
2515 1742 2578 1794 γε
2605 1727 2704 1798 τὴν
2738 1727 3084 1798 παρεμϐολὴν
3129 1709 3342 1800 Ἰσραὴλ
3371 1729 3684 1801 παραδώσει

444 1814 566 1854 cras
591 1802 854 1868 accelera,
883 1816 957 1870 tu,
979 1817 1031 1862 et
1054 1809 1197 1866 ﬁlius
1222 1821 1342 1868 tuus
1377 1832 1588 1872 tnecnm
1619 1821 1688 1874 ⁷ο.
1728 1841 1746 1873 ι
1797 1824 1856 1878 Et
1880 1825 2008 1880 illud

441 1889 767 1947 dzemouium
799 1897 940 1951 scire
987 1910 1184 1967 potest,
1233 1920 1410 1975 regem
1452 1909 1660 1966 scilicet
1711 1915 2010 1973 chrismate

441 1977 753 2046 prophetico
784 1984 1134 2056 declaratum,
1159 1989 1374 2047 Saulem
1407 2011 1530 2052 cras
1556 2015 1584 2053 e
1612 2001 1714 2055 vita
1746 2005 2006 2074 migratu-

442 2082 584 2133 rum,
634 2082 688 2125 et
721 2073 859 2128 filios
893 2076 1038 2132 illius
1073 2097 1179 2135 una
1213 2099 1334 2138 eum
1361 2088 1470 2142 eo?
1502 2109 1518 2141 ι
1541 2091 1676 2146 Cras
1715 2102 1794 2157 tu,
1826 2073 1880 2152 et
1914 2100 2005 2154 lilii

441 2159 515 2211 tui
551 2175 778 2216 mecum.
803 2185 821 2216 ι
846 2165 938 2221 llis
967 2173 1214 2240 superius
1235 2176 1433 2244 scripta
1458 2180 1848 2239 confirmantur
1878 2203 2002 2242 vera

436 2262 581 2314 esse,
609 2263 664 2306 et
693 2254 745 2308 in
780 2256 946 2311 vitam
985 2275 1268 2320 evocatum
1303 2267 1468 2323 fuisse
1505 2271 1834 2331 επιπιυοιοιιι.
1865 2278 2003 2346 Quid

440 2340 604 2410 igitur
629 2345 716 2399 hic
767 2351 1107 2422 Ventriloqua
1141 2361 1439 2424 Operatur?
1463 2361 1599 2428 Quid
1635 2366 1686 2419 in
1715 2340 2004 2430 educti‘one

436 2431 776 2504 animaajusti
812 2443 1146 2513 ventriloqna
1177 2448 1324 2516 agit?
1355 2451 1457 2518 Qui
1490 2457 1682 2522 prima:
1712 2463 2002 2518 sententia:

435 2533 541 2589 est,
592 2526 818 2582 evitavit
853 2547 921 2586 ne
967 2549 1078 2603 pra:
1123 2549 1198 2592 tot
1236 2540 1356 2595 aliis
1385 2553 1439 2597 et
1495 2562 1692 2602 novum
1725 2559 1998 2610 certamen

435 2609 574 2665 inire
612 2627 940 2686 cogeretur:
975 2623 1116 2678 circa
1153 2631 1503 2696 qna‘stionem
1537 2634 1695 2705 hujus
1747 2639 1850 2696 loci
1908 2659 1994 2699 re-

432 2705 694 2770 spondet:
729 2707 844 2762 Non
891 2723 974 2767 est
1005 2713 1243 2776 Samuel.
1275 2719 1440 2794 494
1469 2723 1674 2782 daemon
1719 2733 1994 2800 mentitur,

431 2808 554 2848 cum
592 2797 705 2868 ipsa
736 2798 1021 2870 Scriptura
1073 2809 1286 2865 mentiri
1319 2829 1422 2867 non
1449 2819 1637 2884 possit.
1667 2821 1841 2878 Verba
1868 2797 1996 2882 vero

433 2885 730 2958 Scriptura:
772 2906 897 2950 sunt
931 2915 943 2951 :
971 2914 1074 2954 non
1104 2916 1132 2954 a
1170 2903 1434 2973 daemone,
1467 2911 1558 2964 sed
1611 2913 1679 2967 ab
1723 2914 1863 2971 illius
1897 2936 1994 2974 au-

429 2988 582 3034 ctore
626 2993 756 3039 sunt
786 2988 992 3056 prolata
1028 3007 1042 3042 :
1071 3011 1088 3043 ι
1118 2992 1180 3047 Ει
1221 2995 1348 3052 vidit
1381 3000 1576 3056 mulier
1607 3005 1937 3064 Samuelem.
1968 3028 1986 3061 ι
2020 3036 2061 3095 C

432 3069 574 3095 “iu-2|
632 3073 759 3095 0---!
819 3092 842 3095 μ
973 3080 987 3095 I
1104 3091 1112 3095 Α
1244 3083 1265 3095 Α
1464 3088 1493 3095 _
1666 3093 1674 3095 ι
1767 3094 1770 3095 ,

432 3069 579 3126 Dixit
632 3073 760 3128 Sanl
811 3092 929 3146 qua:
973 3080 1191 3138 locutus
1239 3083 1418 3144 fuerat
1461 3088 1699 3149 Samuel.
1747 3094 1990 3162 Quanam

430 3159 600 3230 igitur
629 3167 856 3233 ratione,
891 3185 1012 3239 qua:
1041 3173 1092 3227 in
1121 3176 1221 3229 hoc
1259 3177 1376 3232 loco
1411 3181 1475 3233 de
1501 3186 1837 3259 ventriloqua
1889 3191 1990 3246 dn-

427 3251 693 3321 bitantnr,
737 3260 1057 3318 solventur?
1097 3267 1289 3333 Qum-0
1322 3286 1348 3323 a
1380 3271 1568 3340 prima:
1607 3277 1748 3332 illius
1777 3291 1993 3338 senten-

429 3346 519 3400 tia:
550 3360 812 3408 auctore:
857 3353 1077 3412 Samuel
1121 3363 1261 3430 apud
1311 3365 1558 3422 inferos?
1597 3379 1702 3427 etc.
1745 3370 1988 3443 Respon-

426 3435 550 3490 deat
577 3440 642 3492 ad
678 3442 1004 3517 interrogata
1039 3465 1052 3502 :
1082 3454 1200 3519 quis
1247 3457 1435 3521 major,
1471 3457 1712 3526 Samuel,
1747 3465 1990 3522 auJesus

424 3525 712 3584 Christus?
734 3530 868 3598 Quis
901 3538 1088 3605 major,
1119 3545 1416 3609 prophetae,
1439 3562 1503 3598 an
1533 3546 1688 3603 .lesns
1717 3551 1990 3608 Christus?

423 3620 547 3686 quis
578 3624 771 3690 major,
803 3627 1100 3694 Abraham,
1127 3648 1192 3687 an
1219 3632 1380 3689 Jesus
1408 3636 1698 3694 Christus?
1727 3639 1869 3696 Sane
1903 3644 1988 3698 hic

423 3724 583 3764 nemo
624 3728 836 3778 eorum,
861 3719 950 3784 qui
990 3721 1072 3774 vel
1116 3738 1218 3778 una
1260 3725 1376 3779 vice
1410 3736 1616 3781 tantum
1644 3730 1784 3784 scire
1813 3734 1986 3800 potuit

419 3796 602 3854 Jesum
649 3802 922 3860 Christum
972 3826 1112 3875 esse,
1140 3813 1232 3880 qui
1269 3830 1296 3867 a
1333 3819 1612 3884 prophetis
1657 3823 1987 3887 praenuntia-

420 3900 509 3945 tus
540 3905 646 3959 est,
685 3898 902 3952 audebit
931 3901 1110 3956 dicere
1133 3905 1404 3958 Christum
1441 3923 1546 3961 non
1573 3924 1696 3962 esse
1728 3911 1981 3979 majorem

418 3987 714 4052 prophetis.
739 3987 869 4043 Cum
894 3991 1075 4060 itaque
1103 3992 1374 4048 Christum
1412 3999 1668 4067 majorem
1699 4000 1978 4066 fateberis,

416 4074 738 4133 Christusne
790 4082 929 4148 apud
981 4084 1219 4138 inferos?
1273 4087 1460 4140 Nonne
1521 4089 1645 4142 illuc
1705 4095 1986 4159 pervenit?

415 4163 606 4219 Nonne
660 4183 845 4222 verum
903 4182 987 4226 est
1035 4175 1175 4241 quod
1221 4177 1273 4230 in
1320 4176 1547 4232 Psalmis
1579 4181 1797 4244 dicitur,
1840 4194 1893 4236 et
1917 4185 1983 4239 ab

417 4255 681 4319 apostolis
717 4258 768 4310 in
797 4258 1015 4315 Actibus
1051 4263 1516 4334 interpretatur“,
1544 4270 1880 4325 Salvatorem
1915 4275 1979 4326 ad

2111 1811 2312 1881 Κύριος
2333 1814 2499 1884 αὐτὴν
2527 1817 2583 1867 ἐν
2601 1816 2746 1887 χειρὶ
2767 1816 3094 1886 ἀλλοφύλων.
3115 1819 3353 1888 Τάχυνον
3377 1817 3455 1883 δὲ,
3484 1818 3679 1881 Σαοὺλ,

2109 1900 2317 1970 αὔριον·
2366 1906 2461 1958 καὶ
2525 1907 2610 1971 σὺ,
2653 1910 2746 1961 καὶ
2784 1911 2812 1962 6
2862 1909 2974 1972 υίός
3011 1925 3102 1961 σου
3160 1909 3273 1978 μετ’
3309 1907 3466 1980 ἐμοῦ.
3507 1927 3526 1961 ι
3570 1909 3684 1962 Καὶ

2107 1991 2263 2046 τοῦτο
2307 1993 2527 2049 δύναται
2558 1997 2752 2050 εἰδέναι
2788 1998 3083 2069 δαιμόνιον,
3129 1998 3344 2068 βασιλέα
3373 2016 3682 2071 χειροτονη-

2108 2080 2268 2134 θέντα
2300 2085 2439 2154 μετὰ
2466 2084 2763 2156 χρίσματος
2799 2087 3158 2158 πωφητικοῦ,
3189 2089 3270 2141 ὅτι
3307 2088 3495 2159 αὔριον
3519 2089 3681 2159 ἐμελ-

2106 2172 2194 2226 λεν
2236 2174 2510 2238 ἐξελέσθαι
2557 2177 2585 2228 6
2637 2178 2808 2232 Σαοὺλ
2845 2179 2935 2232 τὸν
2984 2179 3118 2249 βίον,
3155 2180 3246 2233 καὶ
3287 2182 3337 2234 οἱ
3380 2182 3483 2234 υίοὶ
3509 2180 3680 2235 αὐτοῦ

2107 2267 2224 2334 μετ’
2259 2267 2455 2332 αὺτοῢ;
2496 2285 2515 2318 ι
2553 2267 2751 2339 Αὔριον
2779 2271 2869 2334 σὺ,
2900 2272 2994 2324 καὶ
3039 2271 3144 2324 υίοί
3184 2289 3275 2324 σου
3311 2274 3426 2343 μετ’
3453 2274 3607 2344 ἐμοῦ.
3649 2295 3668 2326 ι

2103 2356 2287 2409 Ταῦτα
2334 2357 2434 2426 μὲν
2475 2353 2589 2423 οὖν,
2618 2361 2699 2413 ὅτι
2733 2362 2833 2414 οὐκ
2861 2362 2974 2414 ἐστι
3008 2362 3084 2432 (7)
3131 2361 3298 2434 ψευδῆ
3333 2364 3400 2417 τὰ
3431 2365 3544 2418 ἄνω
3581 2382 3674 2432 γε-

2101 2447 2413 2516 γραμμένα,
2450 2450 2544 2502 καὶ
2569 2451 2652 2502 ὅτι
2690 2452 2942 2523 Σαμουήλ
2971 2455 3114 2506 ἐστιν
3144 2456 3172 2507 6
3204 2453 3570 2524 ἀναϐεϐηκώς.
3606 2457 3671 2508 Τί

2099 2532 2192 2590 οὖν
2217 2542 2361 2591 ποιεῖ
2387 2539 2819 2612 ἐγγαστρίμυθος
2850 2542 3067 2608 ὲνθάδε;
3100 2543 3164 2596 Τί
3201 2548 3345 2598 ποιεῖ
3379 2545 3671 2616 ἐγγαστρί-

2102 2628 2270 2699 μυθος
2322 2633 2451 2702 περὶ
2500 2633 2600 2703 τὴν
2629 2633 2916 2704 ἀναγωγὴν
2949 2636 3046 2708 τῆς
3085 2635 3262 2706 ψυχῆς
3292 2637 3385 2690 τοῦ
3415 2637 3668 2703 δικαίου;

2111 2719 2347 2784 Ἐκεῖνος
2372 2720 2570 2791 ἔφυγεν
2603 2724 2631 2775 6
2661 2723 2751 2777 τὸν
2777 2725 2990 2796 πρῶτον
3028 2725 3117 2779 τὸν
3146 2727 3301 2795 λόγον
3342 2727 3509 2782 εἰπών
3527 2744 3539 2759 ’
3577 2729 3666 2782 ἵνα

2096 2815 2205 2888 γὰρ
2257 2816 2332 2886 (8)
2389 2816 2462 2888 μὴ
2500 2818 2684 2886 ἀγῶνα
2716 2819 2858 2889 ἐχειν
2891 2820 3018 2892 δοκῇ
3053 2821 3192 2875 κατὰ
3233 2821 3467 2875 τοσαῦτα
3506 2822 3666 2891 ἄλλα,

2096 2907 2237 2960 κατὰ
2266 2906 2357 2960 τὸν
2380 2908 2540 2961 τόπον
2565 2906 2892 2980 ζητούμενα,
2923 2913 3015 2964 καὶ
3065 2911 3229 2980 λέγει·
3261 2913 3372 2965 υύκ
3409 2913 3520 2966 ἐστι
3559 2913 3664 2965 Σα-

2099 2997 2289 3068 μουὴλ,
2317 2997 2568 3068 ψεύδεται
2597 2999 2657 3052 τὸ
2689 3000 2981 3070 δαιμόνιον,
3023 3003 3146 3055 ἐπεὶ
3177 3003 3236 3055 ού
3277 3002 3496 3057 δύναται
3536 3003 3667 3072 ψεύ-

2095 3087 2277 3141 δεσθαι
2315 3092 2347 3160 ἡ
2379 3089 2588 3161 Γραφή.
2620 3089 2700 3143 Τὰ
2731 3090 2786 3143 δὲ
2826 3093 3042 3163 ῥήματα
3085 3094 3184 3164 τῆς
3224 3094 3445 3164 Γραφῆς
3480 3096 3661 3146 ἐστιν·

2094 3179 2194 3232 οὐκ
2213 3179 2356 3232 ἐστιν
2379 3180 2442 3231 ἐκ
2469 3179 2758 3252 προσώπου
2788 3182 2881 3234 τοῦ
2927 3182 3198 3252 δαιμονίου
3229 3185 3413 3248 αὑτοῦ,
3455 3186 3566 3239 ἀλλ’
3595 3189 3665 3240 ἐκ

2096 3269 2387 3340 προσώπου
2411 3271 2601 3341 αὐτῆςο
2630 3292 2648 3323 ι
2691 3273 2799 3325 Καὶ
2825 3269 2961 3327 εἶδεν
2998 3278 3031 3346 ὴ
3066 3276 3200 3346 γυνὴ
3225 3277 3316 3330 τὸν
3353 3278 3620 3349 Σαμουήλ.
3638 3297 3658 3330 δ

2093 3359 2226 3415 Εἷπε
2249 3362 2418 3415 Σαοὺλ
2436 3361 2505 3414 τὰ
2535 3363 2725 3436 λελαλη
2735 3365 2870 3435 μένα
2896 3365 3002 3418 ἀπὸ
3034 3365 3125 3418 τοῦ
3155 3367 3406 3438 Σαμουήλ
3429 3367 3526 3439 (9)⁶
3546 3369 3664 3432 πῶς

2091 3452 2182 3509 οὖν
2218 3454 2450 3526 λυόμενα
2477 3455 2545 3508 τὰ
2575 3456 2673 3526 τῆς
2700 3457 3132 3529 ἐγγαστριμύθου
3171 3461 3416 3527 φανεῖται
3437 3460 3503 3513 τὰ
3523 3460 3665 3514 κατά

2089 3545 2180 3598 τὸν
2204 3547 2397 3610 τόπον;
2422 3547 2762 3617 Πυνθάνομαι
2787 3548 2878 3601 τοῦ
2906 3550 3289 3620 προειρηκότος
3314 3551 3382 3604 τὰ
3399 3550 3658 3622 πρότερα,

2091 3637 2340 3709 Σαμουὴλ
2384 3640 2441 3691 ἐν
2480 3639 2641 3710 ᾇδου;
2687 3640 2780 3694 καὶ
2827 3638 2897 3693 τὰ
2937 3640 3081 3711 ἑξῆς.
3123 3641 3232 3695 Kal.
3275 3641 3661 3712 ἁποκρινάσθω

2091 3729 2227 3799 πρὸς
2284 3731 2344 3783 τὸ
2402 3733 2845 3803 ἐπηρωτημένον.
2905 3734 3000 3794 Τίς
3045 3732 3264 3804 μείζων,
3315 3733 3590 3804 Σαμουὴλ,
3621 3733 3656 3804 ἢ

2101 3821 2306 3889 Ἰησοῦς
2330 3824 2358 3874 6
2383 3824 2646 3893 Χριστός;
2677 3823 2757 3886 τίς
2789 3823 3006 3894 μείζων,
3043 3825 3091 3876 οἱ
3139 3824 3436 3895 προφῆται,
3476 3823 3509 3894 ἢ
3555 3824 3659 3894 ’1η-

2090 3911 2214 3974 σοῦς
2241 3914 2269 3963 6
2302 3911 2562 3984 Χριστὸς;
2609 3914 2692 3976 τίς
2742 3912 2961 3982 μείζων,
3009 3913 3277 3984 Ἀϐραὰμ,
3314 3915 3346 3983 ἢ
3397 3912 3602 3982 Ἰησοῦς
3628 3915 3659 3965 6

2086 4002 2358 4073 Χριστός;
2409 4002 2623 4056 Ἐνθὰδε
2663 4004 2723 4055 ού
2779 4002 3034 4074 τολμήσοι
3071 4021 3152 4066 τις
3191 4003 3296 4056 τῶν
3331 4001 3476 4066 ἅπαξ
3523 4002 3657 4070 φθα-

2087 4092 2293 4145 σάντων
2329 4093 2419 4145 τὸν
2454 4093 2656 4163 Κύριον
2694 4093 2889 4146 εἰδέναι
2930 4092 3133 4164 Ἰησοῦν
3174 4095 3405 4165 Χριστὸν
3427 4094 3517 4146 τὸν
3551 4094 3656 4147 ὑπὸ

2082 4182 2189 4234 τῶν
2215 4181 2503 4253 προφητῶν
2538 4183 2978 4253 προκηρυχθέντα
3010 4181 3167 4246 εἶναι,
3200 4185 3390 4245 εἰπεῖν,
3419 4185 3502 4236 ὅτι
3537 4183 3657 4254 μεί-

2084 4272 2189 4336 ζων
2219 4273 2317 4324 οὐκ
2346 4272 2489 4324 ἐστιν
2521 4273 2548 4324 6
2594 4275 2824 4344 Χριστὸς
2859 4275 2964 4327 τῶν
3013 4275 3322 4346 προφητῶν.
3359 4275 3527 4328 Ὀταν
3559 4271 3656 4328 οὖν

415 4342 620 4399 inferos
649 4347 1028 4407 descendisse?
1051 4355 1201 4420 Quod
1234 4360 1285 4412 in
1322 4359 1531 4428 psalmo
1554 4361 1765 4416 decimo
1787 4365 1977 4431 quinto

2094 4363 2436 4434 5μολογήσῃς,
2467 4365 2548 4417 ὅτι
2599 4342 2806 4434 Ἰησοῦς
2832 4342 3068 4437 Χριστὸς
3093 4342 3292 4436 μείζων
3320 4366 3488 4428 ἐστὶν,
3516 4367 3652 4436 Χρι-

405 4434 632 4504 legitur,
669 4443 735 4495 ad
788 4442 960 4511 ipsum
1027 4448 1216 4504 referri
1280 4455 1545 4524 scriptum
1582 4457 1727 4509 est“
1765 4475 1778 4511 :
1813 4477 1830 4507 ι
1861 4458 1974 4513 Non

2081 4451 2203 4515 στὸς
2229 4454 2285 4504 ἐν
2313 4452 2471 4523 ᾇδου;
2514 4455 2584 4506 Ἢ
2614 4455 2674 4506 ού
2704 4455 2924 4523 γέγονεν
2955 4458 3102 4520 ἐκεῖ;
3144 4457 3257 4508 υὺκ
3284 4456 3430 4508 ἐστιν
3455 4455 3654 4526 ἀληθὲς

413 4528 766 4600 derelinques
798 4536 1038 4591 animam
1098 4557 1268 4595 meam
1316 4545 1367 4598 in
1428 4546 1659 4606 inferno.
1691 4563 1788 4603 nec
1825 4551 1978 4610 dahis

2094 4543 2136 4595 :6
2166 4545 2448 4614 εἰρημένον
2473 4548 2528 4598 ἐν
2578 4547 2862 4616 Ψαλμοῖς,
2889 4548 3218 4620 ἐρμηνευθὲν
3245 4548 3347 4601 ὑπὸ
3393 4548 3499 4602 τῶν
3531 4551 3658 4600 ἁπο-

405 4617 612 4686 justum
645 4632 792 4676 tuum
855 4627 1039 4684 videre
1085 4637 1505 4704 corruptionem.
1536 4658 1554 4690 ι
1611 4639 1664 4693 Si
1722 4641 1975 4710 deinceps

413 4715 776 4780 respondebit,
814 4718 937 4784 quia
983 4720 1230 4779 Christus
1279 4729 1345 4780 ad
1407 4727 1610 4783 inferos
1645 4730 1974 4785 descendit:

410 4804 538 4870 quid
590 4810 843 4862 acturus?
879 4811 1209 4879 victurnsne,
1244 4831 1311 4870 an
1359 4832 1388 4870 a
1429 4829 1602 4872 Innrte
1650 4820 1979 4874 vincendos?

411 4893 702 4954 Descendit
731 4903 796 4954 ad
824 4901 908 4956 illa
945 4903 1080 4970 loca,
1138 4922 1239 4959 non
1276 4919 1528 4978 tanquam
1567 4925 1755 4964 servus
1784 4927 1969 4966 eorum

410 4986 498 5054 qui
538 4987 607 5042 ibi
661 5002 837 5056 erant,
861 4994 955 5048 sed
986 5003 1244 5067 tanquam
1279 4999 1540 5054 Dominus
1571 5001 1974 5072 decertaturus,

409 5087 466 5132 ut
496 5082 644 5147 prius
690 5083 1023 5154 dicebamus,
1058 5089 1184 5142 dum
1210 5091 1476 5160 psalmum
1510 5095 1822 5162 vigesimum
1859 5098 1972 5165 pri-

410 5187 553 5224 mum
581 5174 972 5242 explicaremus
994 5178 1527 5236 :«Circumdederunt
1547 5201 1631 5240 me
1659 5187 1809 5240 vituli
1836 5187 1974 5241 und-

410 5254 472 5320 ti,
501 5260 639 5312 tauri
673 5261 897 5330 pingues
926 5265 1254 5322 obsederunt
1286 5286 1391 5324 me.
1425 5273 1768 5342 Aperuerunt
1809 5290 1975 5345 super

480 5370 524 5401 ⁸⁸
551 5372 567 5426 Ι
590 5372 720 5444 Reg.
744 5393 935 5446 xan,
969 5381 1054 5436 18.
1131 5384 1174 5417 ⁸³
1205 5383 1221 5438 1
1251 5385 1382 5456 Reg.
1411 5403 1507 5453 xv,
1531 5389 1623 5445 28.

482 5483 558 5571 It'll
585 5487 705 5571 ’Ὀζι
735 5494 847 5571 οὐξι
867 5494 1033 5571 κᾶστι.
1067 5497 1159 5571 Vel
1185 5499 1368 5571 scribe
1391 5501 1561 5571 δηλοῖ,
1591 5504 1672 5557 ὅτι
1705 5505 1805 5559 οὐκ
1833 5504 1966 5570 ἔστι,

411 5558 711 5635 vellnsnpple
739 5562 907 5635 δηλοῖ,
951 5577 1043 5635 aut
1069 5568 1196 5635 quid
1223 5569 1418 5622 simile.

484 5626 800 5692 (8)Εἱπώνο’
832 5634 930 5685 ἵνα
976 5626 1102 5702 γάρ,
1141 5649 1240 5692 etc.
1279 5637 1469 5695 lluetio
1509 5641 1783 5712 legendum
1818 5645 1961 5699 vide-

2081 4635 2279 4688 στόλων
2303 4639 2359 4689 ἐν
2387 4640 2506 4700 ταῖς
2569 4638 2866 4705 Πράξεσιν
2907 4639 3084 4692 αὐτῶν
3119 4640 3248 4710 περὶ
3274 4637 3366 4693 τοῦ
3405 4639 3496 4693 τὸν
3543 4640 3655 4692 Σω-

2082 4727 2222 4798 τῆρα
2266 4730 2322 4780 ἐν
2357 4729 2481 4800 ᾅδου
2533 4730 2994 4802 καταϐεϐηκέναι;
3055 4733 3388 4805 Γέγραπται,
3431 4735 3512 4786 ὅτι
3565 4735 3652 4786 ἐπ’

2081 4819 2243 4872 αὐτὸν
2272 4820 2492 4891 φέρεται
2526 4823 2586 4874 τὸ
2613 4823 2670 4873 ἐν
2706 4825 2864 4876 πέντε
2904 4825 2999 4877 καὶ
3044 4823 3256 4894 δεκάτῳ
3288 4825 3514 4895 ψαλμῷ·
3567 4825 3650 4877 δτι

2087 4929 2104 4960 ι
2143 4913 2254 4964 Ούκ
2289 4913 2702 4984 ἐγκαταλείψεις
2748 4913 2844 4984 τὴν
2872 4915 3049 4986 ψυχήν
3091 4933 3189 4987 μου
3231 4917 3309 4980 είς
3343 4915 3488 4986 ᾅδου,
3529 4915 3650 4968 οὐδὲ

2079 5001 2269 5065 δώσεις
2305 5002 2397 5054 τὸν
2444 5004 2587 5056 ὅσιόν
2631 5021 2722 5056 σου
2782 5005 2906 5058 ίδεϊν
2957 5007 3270 5079 διαφθοράν.
3304 5027 3321 5059 ι
3358 5003 3490 5060 Εἶτα
3515 5007 3648 5076 μετὰ

2079 5091 2235 5145 τοῦτο
2272 5093 2366 5146 ἐὰν
2398 5095 2777 5166 ἀποκρίνηται,
2825 5097 2904 5150 ὄτι
2943 5099 3173 5169 Χριστὸς
3217 5101 3274 5151 ἐν
3317 5098 3442 5169 ᾅδου
3476 5115 3648 5151 κατα-

2081 5184 2299 5255 ϐέϐηκε,
2332 5186 2384 5237 τί
2425 5189 2631 5251 ποιεῖς;
2681 5189 2936 5259 νικήσων,
2989 5190 3021 5260 ἧ
3073 5190 3496 5262 νικηθησόμενος
3543 5190 3650 5242 ὑπὸ

2077 5275 2167 5328 τοῦ
2200 5277 2425 5330 θανάτου
2451 5294 2465 5342 ;
2493 5280 2601 5331 Kal.
2623 5279 2979 5350 κατελήλυθεν
3017 5284 3095 5345 εἰς
3127 5282 3194 5335 τὰ
3232 5285 3406 5354 χωρία
3440 5285 3646 5342 ἐκεῖνα,

1723 5390 1813 5446 "’l
1851 5390 1980 5462 Reg.
2014 5407 2202 5458 xxvnt,
2239 5394 2322 5448 19.
2397 5394 2440 5424 ⁷⁸
2471 5395 2586 5448 Act.
2627 5411 2686 5462 tt,
2721 5397 2808 5450 51.
2887 5398 2932 5429 "
2970 5397 3112 5452 Psal.
3141 5417 3226 5461 xv,
3263 5402 3346 5456 10.

2082 5516 2188 5579 tur,
2215 5506 2404 5579 εἰπὼν,
2441 5508 2527 5562 ἵνα
2557 5510 2629 5579 μὴ
2665 5510 2869 5578 ἀγῶνα,
2899 5523 3005 5566 etc.

2147 5577 2221 5651 (9)
2273 5578 2402 5631 Ἀπὸ
2437 5577 2872 5648 mamma:
2923 5582 3082 5651 Lege.
3115 5583 3219 5636 ὑπὸ
3249 5582 3338 5639 τοῦ
3366 5583 3638 5655 Σαμουὴλ.
