4058 6244
391 263 556 319 1091
1514 257 1579 312 1N
1620 251 1879 310 LIBRUM
1920 251 2154 307 REGUM
2197 251 2482 308 llOMlLlA
2522 253 2588 308 ll.
3545 251 3685 308 1022

385 383 516 452 οὐχ
549 381 625 444 ὡς
647 379 835 443 δοῦλος
863 378 971 432 τῶν
992 379 1128 445 ἐκεῖ,
1157 378 1270 431 ἀλλ’
1311 379 1387 442 ὡς
1413 379 1680 451 δεσπότης
1704 378 1986 432 παλαίσων

2114 393 2200 430 me
2227 393 2290 433 os
2319 390 2502 441 suum,
2531 373 2674 428 sicut
2705 369 2790 425 leo
2818 368 3035 438 rapiens
3061 375 3118 424 et
3151 367 3388 441 rugiens.
3429 367 3676 438 Dispersa

385 472 495 534 ὡς
539 471 732 542 πρώην
785 469 1043 541 ἐλέγομεν
1073 469 1427 540 ἐξηγούμενοι
1481 469 1572 524 τὸν
1620 470 1834 541 ψαλμὸν
1885 476 1969 522 κα¹

2110 479 2238 524 sunt
2267 470 2450 524 omnia
2493 480 2619 521 ossa
2663 477 2781 517 mea
2804 461 2870 514 ⁷³.
2900 479 2920 512 ι
2967 461 3112 516 Sane
3157 464 3512 516 recordamur
3552 461 3683 513 divi-

400 580 428 614 ι
497 560 951 633 Περιεκύκλωσάν
991 578 1060 631 με
1103 561 1292 630 μόσχοι
1334 559 1537 622 πολλοὶ,
1587 559 1778 632 ταῦροι
1825 560 1989 620 πίονες

2110 575 2301 615 narum
2350 559 2680 622 litterarum,
2711 569 2952 627 namque
2986 553 3102 608 haec
3145 553 3200 606 in
3243 552 3453 621 psalmo
3482 550 3678 619 vigesi-

395 653 711 724 περιέσχον
745 669 834 722 με.
868 650 1125 716 Ἦνοιξαν
1153 652 1242 704 ἐπ’
1272 652 1370 722 ἐμὲ
1405 652 1465 704 τὸ
1500 651 1672 722 στόμα
1698 649 1898 713 αὐτῶν,
1933 650 2009 712 ὡς

392 743 556 796 λέων
586 742 847 815 ἁρπάζων
874 742 966 796 καὶ
994 743 1327 814 ὠρυόμενος.
1349 743 1746 814 Διεσκορπίσθη
1777 741 1847 795 τὰ
1875 743 2010 795 ὁστᾶ

399 851 544 905 μου.
575 853 592 885 ι
615 833 974 904 Μεμνήμεθα,
989 832 1041 886 εἴ
1055 850 1119 902 γε
1139 834 1482 904 μεμνήμεθα,
1509 834 1622 887 τῶν
1652 832 1808 904 ἱερῶν
1823 849 2012 904 γραμ-

400 924 627 996 μάτων·
673 925 955 996 μέμνημαι
985 925 1096 996 γὰρ
1131 925 1308 979 αὐτῶν
1348 927 1650 997 εἰρημένων
1685 929 1764 990 είς
1798 927 1889 980 τὸν
1919 931 2005 980 κε’

396 1017 652 1088 ψαλμόν.
683 1015 894 1069 οὐκοῦν
926 1019 954 1069 ὁ
990 1016 1180 1088 Σωτὴρ
1218 1017 1548 1088 κατελήλυθε
1583 1017 1802 1071 σώσων·
1847 1035 2007 1071 κατε-

399 1108 652 1180 λήλυθεν
702 1109 818 1160 ἐκεῖ
863 1107 1264 1178 προκηρυχθεὶς
1302 1109 1407 1162 ὑπὸ
1452 1109 1562 1163 τῶν
1604 1110 1917 1180 προφητῶν,
1968 1111 2002 1181 ἢ

399 1200 514 1265 οὓς
561 1199 699 1252 Ἀλλ’
731 1197 918 1252 ἐνθάδε
959 1199 1056 1268 μὲν
1089 1199 1475 1270 προεκηρύχθη
1503 1200 1610 1253 ὑπὸ
1646 1200 1755 1253 τῶν
1793 1218 2006 1273 προφη-

400 1286 547 1339 τῶν·
584 1285 816 1356 ἀλλαχοῦ
846 1287 903 1340 δὲ
937 1287 1258 1356 κατέρχεται
1286 1287 1346 1339 ού
1395 1287 1483 1340 διὰ
1527 1288 1851 1359 προφητῶν;
1898 1291 2006 1343 Καὶ

400 1377 624 1446 Μωσῆς
657 1377 820 1430 αὑτὸν
857 1376 1124 1447 κηρύσσει
1164 1377 1570 1447 ὲπιδημήσοντα
1593 1377 1668 1447 τῷ
1703 1379 1852 1445 γένει
1897 1377 2004 1433 τῶν

395 1468 738 1541 ἀνθρώπιον·
775 1469 916 1522 ὥστε
962 1468 1215 1537 λέγεσθαι
1264 1468 1444 1530 καλῶς
1487 1468 1594 1521 ὑπὸ
1660 1469 1756 1523 τοῦ
1795 1471 2002 1542 Κυρίου

400 1561 510 1612 καὶ
545 1560 797 1630 Σωτῆρος
820 1559 995 1630 ἡμῶν·
1029 1578 1046 1610 ι
1070 1561 1132 1612 El
1159 1557 1474 1612 ἐπιστεύετε
1500 1560 1694 1630 Μωσῇ,
1721 1561 2001 1614 ἐπιστεύε-

400 1669 470 1706 τε
507 1652 576 1706 ἂν
614 1652 768 1722 ὲμοί·
801 1651 927 1722 περὶ
964 1651 1072 1719 γὰρ
1110 1650 1245 1720 ἐμοῦ
1289 1653 1496 1714 ἐκεῖνος
1542 1650 1800 1722 ἔγραψεν.
1839 1654 1901 1705 El
1941 1654 1999 1706 δὲ

2110 669 2198 706 mo
2223 653 2399 722 primo
2445 652 2651 719 scripta
2678 665 2800 705 esse
2845 647 3087 704 memini.
3113 644 3282 713 Igitur
3311 643 3561 698 Salvator
3585 642 3680 695 de-

2105 743 2342 808 scendit,
2373 751 2431 795 ttt
2476 741 2756 800 liberaret.
2788 738 3143 795 descenditne
3188 734 3318 788 illuc
3351 732 3679 802 praenuntia-

2108 842 2242 887 tusa
2275 831 2578 900 prophetis,
2616 830 2841 883 annon?
2866 830 2938 885 At
2970 828 3058 881 hic
3085 825 3306 894 quidem
3339 838 3367 876 a
3397 822 3678 891 prophetis

2106 922 2498 994 praenuntiatus
2528 929 2646 986 est;
2683 920 2792 974 alio
2828 934 2956 974 vero
2990 919 3268 974 descendit
3294 929 3396 968 non
3425 927 3521 982 per
3553 928 3679 981 pro-

2117 1015 2352 1087 phetas?
2379 1013 2592 1083 Moyses
2624 1014 2752 1067 item
2791 1012 2965 1081 ipsum
2994 1011 3314 1081 praenuntiat
3343 1022 3441 1077 pro
3481 1020 3679 1074 genere

2106 1109 2346 1164 humano
2374 1107 2759 1170 adventurttm,
2790 1105 2864 1158 ita
2901 1115 2957 1158 ut
2989 1113 3133 1158 recte
3165 1118 3191 1154 a
3222 1099 3451 1154 Domino
3467 1107 3516 1152 et
3553 1096 3678 1152 Sal—

2109 1210 2292 1254 vatore
2321 1208 2507 1254 nostro
2535 1196 2810 1253 dicatur”
2833 1210 2847 1248 :
2873 1212 2891 1246 t
2921 1195 2976 1250 Si
2995 1190 3291 1249 crederetis
3324 1189 3521 1260 Moysi,
3554 1202 3679 1244 cre-

2107 1291 2309 1348 tleretis
2344 1302 2396 1345 et
2432 1290 2564 1344 mihi
2596 1306 2612 1343 :
2645 1290 2712 1342 de
2741 1303 2828 1341 me
2866 1287 3012 1341 enim
3063 1283 3153 1338 ille
3181 1281 3423 1350 scripsit.
3459 1279 3514 1332 Si
3541 1278 3680 1333 scri-

2107 1385 2212 1452 ptis
2243 1383 2388 1437 illius
2435 1396 2542 1436 non
2585 1379 2834 1442 creditis,
2879 1377 3152 1446 quomodo
3187 1372 3370 1428 verbis
3406 1374 3541 1426 meis
3571 1385 3683 1424 creo

2108 1473 2318 1528 detis?t
2353 1471 2581 1524 Etveuit
2612 1470 2665 1523 iu
2695 1469 2836 1522 hanc
2856 1469 3024 1520 vitam
3051 1465 3326 1528 Christus,
3346 1474 3400 1518 et
3430 1477 3684 1531 prmuttu-

2110 1563 2271 1618 tiatur
2295 1562 2553 1617 Christus
2576 1561 2629 1613 in
2653 1560 2794 1615 hanc
2834 1561 3002 1614 vitam
3033 1556 3350 1611 adveniens.
3383 1554 3436 1607 Si
3472 1553 3682 1622 Moyses

2109 1655 2174 1708 de
2207 1654 2302 1707 illo
2348 1654 2435 1708 hic
2465 1651 2837 1721 praenuntiat,
2869 1665 2977 1705 non
3016 1649 3096 1704 vis
3139 1658 3193 1704 et
3231 1649 3402 1717 ipsum
3442 1646 3567 1699 illuc
3596 1647 3685 1699 de-

402 1746 531 1806 τοῖς
555 1743 763 1796 ἐκείνου
785 1742 1104 1812 γράμμασιν
1135 1743 1195 1796 ού
1223 1743 1526 1807 πιστεύετε,
1559 1743 1682 1807 πῶς
1723 1748 1834 1808 τοῖς
1853 1746 1989 1815 ἐμοῖς

2109 1747 2407 1808 scendisse,
2439 1755 2496 1797 ut
2528 1743 2805 1798 Christum
2843 1741 3162 1812 praediceret
3193 1755 3257 1794 eo
3285 1736 3682 1807 migraturum?

409 1836 628 1906 ῥήμασι
656 1834 1003 1898 πιστεύσετες
1029 1853 1048 1885 ι
1082 1835 1188 1887 Καὶ
1221 1835 1585 1906 ἐπιδεδήμηκε
1607 1836 1782 1906 τούτῳ
1799 1837 1876 1906 τῶ
1899 1837 1996 1908 βίῳ

405 1925 674 1995 Χριστὸς,
706 1926 798 1979 καὶ
820 1941 995 1996 προκη
1005 1923 1260 1995 ρύσσεται
1277 1926 1507 1996 Χριστὸς
1529 1926 1810 1997 ἐπιδημῶν
1825 1927 1998 1998 τούτῳ

403 2016 491 2084 τῷ
523 2016 641 2088 βίῳ.
670 2019 731 2070 Εἰ
772 2017 827 2071 δὲ
867 2017 1072 2088 Μωσῆς
1113 2017 1449 2088 προφητεύει
1485 2018 1646 2073 αὑτὸν
1679 2017 1888 2084 ἐνθάδε,
1934 2021 1994 2072 ού

407 2107 591 2171 θέλεις
635 2109 796 2162 αὐτὸν
831 2109 990 2161 κάκεῖ
1035 2108 1492 2178 καταϐεϐηκέναι,
1523 2109 1609 2163 ἵνα
1643 2109 1996 2181 προφητεύσῃ

406 2198 652 2269 Χριστὸν
680 2198 1028 2263 ὲλεύσεσθαις
1077 2199 1143 2251 ἰἷί
1170 2199 1262 2264 δέ;
1299 2200 1508 2270 Μωσῆς
1543 2201 1660 2272 μὲν,
1689 2204 1738 2256 oi
1769 2203 1826 2256 δὲ
1869 2202 1996 2274 ἑξῆς

404 2291 690 2361 προφῆται
723 2291 878 2362 οὐχί;
933 2291 1182 2362 Σαμουὴλ
1212 2292 1270 2344 δὲ
1309 2293 1460 2362 οὐχί;
1517 2293 1582 2345 Τί
1633 2294 1832 2348 ἄτοπόν
1878 2296 1992 2347 ἐστι

403 2383 537 2445 τοὺς
572 2384 786 2454 ίατροὺς
816 2383 1166 2436 καταϐαίνειν
1202 2384 1338 2453 πρὸς
1375 2386 1500 2448 τοὺς
1542 2385 1726 2449 κακῶς
1748 2385 1990 2456 ἔχοντας;

405 2471 475 2524 Τί
509 2471 564 2524 δὲ
587 2472 784 2525 ἄτοπόν
812 2474 960 2525 ἐστιν
983 2472 1069 2525 ἴνα
1103 2472 1196 2525 καὶ
1223 2473 1253 2524 ὀ
1278 2473 1574 2546 ἀρχίατρος
1608 2474 1820 2545 καταϐῇ
1856 2476 1992 2546 πρὸς

401 2563 534 2626 τοὺς
563 2561 747 2626 κακῶς
767 2563 1024 2633 ἔχοντας;
1079 2565 1305 2618 Ἐκεῖνοι
1343 2566 1514 2636 ἰατροὶ
1551 2565 1651 2635 μὲν
1675 2560 1814 2636 ἦσαν
1859 2567 1990 2620 πολ-

405 2652 513 2715 λοὶ,
547 2654 575 2705 ὁ
600 2652 656 2705 δὲ
695 2652 896 2724 Κύριός
925 2670 1026 2724 μου
1050 2654 1142 2707 καὶ
1179 2652 1369 2725 Σωτὴρ
1396 2653 1688 2726 ἀρχίατρός
1717 2656 1850 2707 ἐστι·
1897 2655 1991 2707 καὶ

405 2743 519 2813 γὰρ
540 2742 640 2814 τὴν
664 2742 812 2797 ἔνδον
844 2744 1160 2815 ἐπιθυμίαν,
1193 2745 1226 2814 ἢ
1251 2747 1310 2798 οὐ
1337 2745 1557 2800 δύναται
1582 2745 1686 2798 ὑπὸ
1702 2745 1875 2799 ἄλλων
1903 2745 1990 2799 05-

408 2833 766 2905 ραπευθῆναι,
804 2835 966 2898 αὐτὸς
997 2836 1316 2907 θεραπεύει·
1349 2837 1470 2908 ἥτις
1515 2838 1616 2892 οὐκ
1647 2837 1863 2908 ἴσχυσεν
1897 2839 1989 2892 ὑπ’

406 2927 623 2990 οὐδενὸς
673 2926 1076 2998 θεραπευθῆναι
1116 2927 1227 2982 τῶν
1258 2929 1480 3000 ἰατρῶν,
1509 2929 1744 3001 Χριστὸς
1786 2931 1990 3002 Ἰησοῦς

405 3014 576 3086 αὐτὴν
603 3013 912 3086 θεραπεύει.
937 3015 1027 3086 Μὴ
1051 3015 1238 3084 φοὸοῦ.
1270 3016 1360 3087 Μὴ
1395 3016 1628 3086 θαμϐοῦ.
1654 3006 1873 3089 Ἰησοῦς
1908 3023 1989 3083 είς

2105 1837 2244 1904 Quid
2277 1823 2474 1905 porro?
2512 1834 2724 1904 Moyses
2747 1833 2797 1885 id
2834 1833 2944 1902 egit
2977 1849 2990 1885 :
3021 1832 3215 1900 reliqui
3260 1831 3538 1899 prophetae
3572 1843 3678 1880 non

2105 1928 2272 1982 item?
2295 1927 2482 1980 Nonne
2524 1925 2788 1980 Samuel?
2826 1924 3095 1991 Quidnam
3120 1921 3344 1976 absurdi
3379 1929 3481 1985 est,
3510 1919 3680 1972 medi-

2102 2034 2198 2073 eos
2230 2019 2295 2071 ad
2324 2017 2460 2070 male
2501 2032 2560 2071 se
2593 2015 2860 2069 habentes
2890 2013 3266 2068 descendere?
3295 2011 3432 2078 Quid
3457 2010 3677 2064 ahsurdi

2101 2120 2185 2163 est
2231 2107 2525 2176 principem
2585 2105 2917 2160 medicorum
2965 2106 3032 2158 ad
3073 2113 3405 2171 a'grotantes
3449 2105 3678 2155 descen-

2103 2202 2269 2256 dere?
2314 2200 2392 2254 llli
2431 2200 2628 2254 medici
2686 2197 2907 2268 quidem
2955 2208 3132 2264 erant,
3185 2206 3241 2252 et
3287 2211 3420 2249 sane
3483 2195 3675 2249 tnttlti:

2101 2303 2159 2347 at
2214 2293 2473 2348 Dominus
2541 2306 2694 2346 meus
2757 2301 2813 2346 et
2851 2289 3104 2346 Salvator
3174 2291 3428 2359 princeps
3485 2303 3676 2342 eorum

2099 2395 2201 2442 est.
2268 2384 2477 2439 Etenim
2549 2386 2820 2441 internum
2895 2385 3267 2447 desiderium,
3324 2380 3488 2453 495
3537 2384 3678 2449 quod

2099 2494 2206 2531 non
2269 2485 2445 2548 potest
2487 2476 2554 2529 ab
2605 2475 2730 2530 aliis
2794 2475 3007 2540 curari,
3053 2483 3212 2529 curat
3260 2475 3376 2544 ipse
3413 2491 3428 2529 :
3461 2475 3603 2544 quod
3646 2490 3676 2529 a

2100 2567 2317 2622 nemine
2370 2567 2543 2635 potuit
2589 2565 2923 2619 medicorum
2977 2566 3181 2628 sanari,
3212 2574 3434 2618 sanatur
3462 2580 3492 2618 a
3517 2563 3678 2620 Ωιιιί-

2098 2667 2184 2711 sto
2229 2655 2378 2710 Jesu.
2421 2653 2498 2709 Ne
2546 2655 2756 2710 timeas.
2807 2654 2885 2708 Ne
2915 2656 3150 2709 mireris.
3195 2654 3442 2709 Christus
3493 2654 3546 2708 in
3589 2655 3675 2708 in-

2099 2747 2314 2801 fernum
2365 2747 2686 2810 descendit,
2740 2755 2796 2802 et
2845 2757 2971 2800 ante
3033 2761 3155 2800 eum
3213 2746 3527 2817 pr0pltette,
3581 2746 3675 2814 qui

2097 2837 2214 2902 ejus
2255 2839 2544 2892 adventum
2588 2837 2980 2908 praedicabant.
3031 2837 3242 2893 Addam
3310 2847 3572 2906 praeterea
3618 2847 3676 2892 et

2097 2925 2246 2980 aliud
2291 2927 2478 2982 nescio
2497 2928 2626 2995 quid
2653 2943 2719 2982 ex
2746 2929 2861 2996 ipsa
2892 2927 3198 2996 Scriptura.
3233 2925 3452 2981 Samuel
3482 2941 3676 2982 ascen-

2098 3016 2214 3082 dit;
2265 3026 2318 3069 et
2354 3031 2482 3071 ecce
2523 3017 2653 3072 Saul
2697 3018 2830 3072 dicit
2880 3031 2941 3072 se
2993 3018 3194 3072 vidisse
3237 3016 3477 3070 animam
3515 3036 3528 3071 :
3569 3032 3673 3071 non

405 3106 534 3178 ᾅδου
561 3107 772 3175 γέγονε,
807 3108 902 3160 καὶ
932 3109 978 3159 οί
1009 3109 1287 3178 προφῆται
1319 3108 1424 3178 πρὸ
1443 3108 1634 3173 αὐτοῦ,
1662 3110 1756 3163 καὶ
1784 3127 1989 3182 προκη-

2095 3106 2221 3160 dicit
2259 3107 2532 3163 hominem
2580 3123 2638 3162 se
2680 3108 2907 3163 vidisse.
2957 3106 3163 3161 Timuit
3208 3121 3370 3176 quem
3402 3107 3540 3162 vidit.
3573 3122 3586 3159 :
3618 3116 3675 3160 at

411 3196 668 3267 ρύσσουσι
697 3195 791 3248 τοῦ
824 3197 1057 3267 Χριστοῦ
1081 3197 1180 3266 τὴν
1203 3196 1516 3267 ἐπιδημίαν.
1547 3193 1680 3250 Εἶτα
1724 3198 1820 3252 καὶ¹
1865 3199 1992 3252 ἄλλο

406 3303 460 3339 τι
497 3287 634 3340 θέλω
663 3289 837 3340 εἰπεῖν
864 3289 956 3341 ἀπ’
982 3287 1154 3357 αὐτῆς
1179 3289 1276 3360 τῆς
1299 3289 1541 3361 Γραφῆς.
1571 3290 1826 3361 Σαμουὴλ
1862 3291 1992 3344 ἀνα-

411 3378 604 3440 ϐαίνει,
636 3379 729 3431 καὶ
779 3379 886 3432 ίδοὺ
919 3380 1092 3434 Σαοὺλ
1133 3381 1278 3448 λέγει
1323 3381 1626 3452 ἑωρακέναι
1657 3382 1834 3452 ψυχήν
1860 3400 1873 3413 ·
1927 3383 1988 3435 οὐ

409 3469 556 3538 λέγει
582 3471 884 3541 ἑωρακέναι
911 3471 1217 3544 ἄνθρωπον.
1249 3473 1489 3542 Ἔπτηξε
1526 3474 1713 3528 τοῦτον
1751 3474 1811 3529 ὃν
1849 3470 1985 3528 εἶδε·

408 3561 528 3614 τίνα
553 3562 653 3632 ὁρᾷ
675 3577 689 3624 ;
711 3580 729 3613 ι
763 3563 948 3629 Θεοῦς,
981 3566 1164 3634 φησιν,
1201 3564 1312 3634 ἐγὼ
1325 3562 1482 3629 εἶδον,
1501 3566 1655 3629 θεοὺς
1672 3567 1987 3620 ἀναδαίνον-

409 3669 502 3716 τας
534 3653 642 3706 ἀπὸ
670 3654 770 3724 τῆς
792 3654 912 3726 γῆς.
945 3675 962 3707 ι
993 3656 1102 3710 Καὶ
1131 3657 1271 3727 τάχα
1293 3657 1542 3728 Σαμουὴλ
1565 3658 1627 3710 ού
1666 3658 1821 3728 μόνος
1857 3661 1987 3713 ἁνα-

410 3741 607 3812 6έ6ηκε
639 3746 730 3798 καὶ
757 3745 878 3798 τότε
908 3745 1302 3817 προφητεύσων
1328 3745 1405 3815 τῷ
1433 3747 1632 3798 Σαούλ·
1666 3746 1779 3799 ἀλλ’
1817 3748 1983 3812 εἰκὸς,

411 3833 594 3904 ὥσπερ
641 3835 892 3889 ἐνταῦθα·
929 3853 948 3886 ι
985 3836 1140 3890 Μετὰ
1179 3836 1326 3890 ὁσίου
1369 3836 1664 3912 ὁσιωθήσῃ,
1709 3839 1803 3891 καὶ
1849 3839 1986 3910 μετὰ

409 3925 596 3997 ἀνδρὸς
617 3926 794 3981 ὰθὼου
829 3927 1002 3990 ἀθῶος
1045 3928 1164 3998 ἔστι,
1195 3930 1290 3982 καὶ
1330 3929 1468 3999 μετὰ
1513 3929 1770 3984 ὲκλεκτοῦ
1834 3932 1986 3984 ὲκλε-

409 4016 530 4078 κτὸς
558 4017 676 4089 ἔσῃ·
703 4035 718 4068 t
747 4019 840 4070 καὶ
877 4019 1013 4070 εἰσὶν
1047 4019 1278 4072 ἐνταῦθα
1310 4019 1582 4090 διατριϐαὶ
1626 4021 1798 4088 ἁγίων
1847 4023 1983 4093 μετὰ

407 4105 590 4172 ἁγίων·
629 4106 748 4176 οὐχὶ
781 4106 836 4158 δὲ
860 4107 1030 4174 ἁγίων
1059 4108 1197 4177 μετὰ
1227 4108 1562 4180 ἁμαρτωλῶν
1583 4127 1595 4139 ·
1645 4111 1738 4164 καὶ
1777 4113 1826 4165 εί
1875 4112 1983 4184 ἄρα

410 4195 531 4248 ποτέ
551 4195 666 4248 ἐστι
694 4195 805 4249 τῶν
831 4197 1002 4265 ἁγίων
1029 4197 1278 4270 διατριϐὴ
1305 4199 1445 4269 μετὰ
1472 4198 1580 4252 τῶν
1617 4201 1979 4272 ἁμαρτωλῶν,

413 4286 540 4357 ὑπὲρ
560 4287 654 4339 τοῦ
681 4289 772 4340 καὶ
800 4289 923 4352 τοὺς
951 4291 1307 4360 ἁμαρτωλοὺς
1340 4290 1531 4345 σῶσαι.
1555 4291 1708 4345 Οὕτω
1720 4293 1859 4365 τάχα
1889 4294 1981 4346 καὶ

2092 3213 2252 3267 quem
2282 3198 2460 3252 vidit?
2494 3215 2513 3249 ι
2554 3197 2716 3260 Deos,
2742 3199 2920 3268 inquit
2945 3198 3014 3264 ",
3036 3213 3135 3267 ego
3166 3198 3295 3262 vidi,
3325 3198 3455 3252 deos
3479 3211 3672 3250 ascen-

2095 3287 2286 3340 dentes
2311 3302 2341 3341 e
2375 3298 2540 3342 terra.
2577 3309 2593 3340 ι
2630 3288 2695 3341 Ει
2723 3287 2957 3342 fortasse
3005 3296 3132 3341 tunc
3161 3301 3266 3342 non
3307 3287 3456 3340 solus
3487 3299 3672 3340 ascen-

2093 3378 2170 3430 dit
2204 3377 2426 3432 Satnucl
2459 3379 2608 3432 Sauli
2641 3379 3056 3434 vaticinaturus.
3106 3378 3212 3433 Sed
3240 3386 3667 3432 consentaneum

2091 3479 2196 3534 est,
2245 3469 2700 3539 quemadmodum
2734 3469 2822 3524 hic
2846 3470 2892 3502 "
2925 3489 2940 3524 :
2980 3489 3000 3522 ι
3039 3470 3176 3525 Cum
3219 3479 3410 3524 sancto
3440 3480 3664 3526 sanctus

2090 3562 2224 3625 eris,
2269 3570 2322 3616 et
2365 3577 2492 3615 cum
2539 3562 2760 3616 homine
2803 3562 3094 3618 innocente
3143 3563 3401 3617 innocens
3432 3565 3576 3630 eris;
3611 3574 3667 3620 et

2089 3668 2211 3707 cum
2239 3653 2413 3708 electo
2451 3655 2656 3707 electus
2698 3654 2843 3718 eris;
2889 3673 2906 3705 ι
2962 3662 3194 3722 suntque
3226 3654 3314 3710 hic
3345 3667 3664 3709 sanctorum

2089 3758 2212 3797 cum
2245 3743 2451 3798 sanctis
2485 3743 2941 3810 consuetudines;
2977 3756 3024 3798 at
3057 3760 3160 3799 non
3185 3756 3501 3800 sanctorum
3534 3762 3658 3800 cum

2088 3833 2633 3903 ptmvaricatorihus:
2675 3835 2802 3890 etsi
2856 3838 3177 3907 quandoque
3208 3837 3322 3890 ﬁeri
3353 3837 3544 3907 possit,
3595 3845 3654 3892 ut

2086 3935 2402 3980 sanctorum
2452 3940 2554 3978 una
2593 3939 2714 3978 cum
2754 3928 3134 3994 peccatoribus
3179 3929 3515 3983 consuetudo
3562 3929 3654 3992 sit,

2087 4027 2145 4072 ut
2181 4027 2498 4086 peccatores
2534 4016 2830 4072 salventur.
2871 4018 3130 4073 Fortasse
3172 4020 3273 4074 hac
3309 4021 3520 4074 ratione
3555 4036 3658 4074 una

2085 4123 2209 4162 cum
2236 4107 2488 4162 Samuele
2511 4109 2837 4163 ascendente
2860 4111 3222 4164 ascenderunt
3241 4112 3402 4164 etiam
3429 4111 3659 4164 aliorum

2083 4204 2468 4272 prOphetarum
2527 4204 2723 4256 aninue
2775 4211 3004 4256 sauctze.
3054 4203 3256 4257 Forsan
3305 4219 3549 4272 quaeres,
3586 4218 3654 4258 an

2085 4293 2280 4346 fuerint
2310 4291 2486 4361 angeli
2507 4308 2668 4361 super
2705 4294 2988 4363 spiritibus
3033 4311 3242 4350 eorum.
3275 4293 3543 4363 Pr0plteta
3575 4295 3659 4348 di-

409 4376 742 4431 ἀναϐαίνοντι
765 4379 842 4449 τῷ
872 4380 1123 4453 Σαμουὴλ
1164 4381 1666 4453 συναναΰεὸήκασιν
1685 4385 1803 4455 ἦτοι
1829 4386 1980 4454 άγιαι

2095 4388 2222 4440 rit"
2251 4405 2265 4442 :
2297 4405 2316 4439 t
2353 4389 2590 4459 Angelus
2618 4389 2708 4458 qui
2750 4393 2988 4457 loquitur
3026 4390 3078 4444 itt
3131 4404 3236 4443 me.
3282 4409 3300 4443 ι
3337 4390 3432 4444 Vel
3481 4390 3657 4460 angeli

409 4465 566 4536 ψυχαὶ
594 4467 766 4521 ἄλλων
811 4472 1122 4540 προφητῶν.
1166 4474 1320 4544 Τάχα
1361 4475 1636 4548 ζητήσεις,
1673 4481 1720 4532 οἱ
1760 4481 1979 4549 ἄγγελοι

2095 4488 2264 4544 erant,
2297 4480 2389 4548 qui
2417 4495 2525 4533 una
2553 4496 2675 4534 cum
2723 4481 3011 4549 spiritibus
3036 4482 3422 4542 ascenderunt.
3447 4482 3656 4536 omnia-

410 4552 538 4627 ἦσαν
571 4557 659 4609 ἐπὶ
704 4558 812 4610 τῶν
854 4561 1178 4631 πνευμάτων
1216 4564 1430 4632 αύτῶν;
1473 4568 1532 4620 '0
1565 4571 1855 4641 Προφήτης
1887 4571 1978 4626 λέ-

410 4661 516 4713 γει·
554 4665 572 4696 ι
607 4647 869 4716 Ἀγγελος
900 4652 928 4703 ό
974 4651 1149 4706 λαλῶν
1179 4657 1235 4707 ὲν
1268 4656 1444 4726 ἐμοί.»
1490 4658 1556 4712 Ἦ
1584 4661 1804 4728 ἄγγελοι
1837 4658 1978 4734 ἦσαν

414 4737 538 4827 μετὰ
572 4739 894 4809 πνευμάτων
927 4745 1444 4818 συναναϐεϐηκότες,
1489 4753 1583 4806 καὶ
1629 4752 1808 4808 πάντα
1840 4755 1977 4827 πλη-

413 4822 583 4894 ροῦται
611 4827 722 4898 (10)
754 4828 859 4881 τῶν
905 4830 1174 4903 δεομένων
1219 4837 1526 4907 σωτηρίας·
1562 4856 1582 4890 ι
1625 4841 1733 4892 Καὶ
1771 4822 1973 4906 πάντες

409 4913 503 4966 εἰσὶ
532 4913 874 4990 λειτουργικὰ
903 4924 1186 4994 πνεύματα
1216 4928 1295 4988 είς
1330 4927 1605 4984 διακονίαν
1644 4933 1971 4987 ἀποστελλό-

411 5019 534 5072 μενα
566 5006 654 5060 διὰ
675 5012 800 5075 τοὺς
832 5013 1120 5082 μέλλοντας
1145 5016 1497 5088 κληρονομεῖν
1530 5023 1819 5094 σωτηρίαν.
1859 5045 1877 5076 ι
1907 5026 1972 5078 Τί

409 5095 530 5168 φοϐῇ
566 5101 757 5165 εἰπεῖν,
789 5104 870 5156 ὅτι
904 5107 1010 5168 πᾶς
1035 5106 1200 5170 τόπος
1244 5107 1436 5178 χρῄζει
1477 5111 1650 5180 Ἰησοῦ
1694 5114 1968 5182 Χριστοῦ;

410 5187 529 5274 Οὐδὲ
559 5190 668 5262 γὰρ
689 5193 923 5262 Χριστοῦ
952 5196 1048 5266 μὲν
1083 5198 1276 5267 χρῄζει
1310 5198 1416 5253 τῶν
1446 5201 1740 5271 προφητῶν
1771 5205 1798 5255 ὀ
1838 5204 1971 5274 χρῄ-

409 5273 504 5338 ζων
531 5278 624 5331 τοῦ
658 5282 916 5350 Χριστοῦ.
949 5283 1081 5336 esse
1103 5285 1209 5356 γάρ
1242 5288 1477 5358 Χριστοῦ
1503 5290 1599 5358 μὲν
1626 5290 1836 5361 χρῄζει,
1862 5273 1970 5346 τῶν

407 5364 893 5440 δὲεύτρεπιζόντων
929 5375 1168 5444 Χριστοῦ
1213 5377 1511 5447 παρουσίαν
1543 5380 1636 5431 καὶ
1677 5381 1968 5453 ἐπιδημίαν

2085 4583 2192 4636 que
2224 4569 2291 4622 ad
2326 4570 2598 4636 egentium
2635 4569 2868 4624 salutem
2915 4572 3194 4642 complent
3232 4590 3246 4626 :
3295 4589 3314 4623 ι
3370 4573 3432 4626 Et
3467 4585 3658 4624 omnes

2083 4668 2210 4713 sunt
2256 4659 2482 4727 spiritus
2547 4661 2966 4726 ministrantes,
3041 4664 3132 4731 qui
3190 4664 3241 4717 in
3299 4663 3656 4716 ministerium

2084 4759 2300 4819 propter
2326 4749 2534 4804 futuros
2558 4749 2798 4803 Ita'redes
2823 4749 3011 4804 Salutis
3051 4753 3343 4805 mittuntur
3372 4752 3440 4806 ⁷⁸.
3467 4769 3485 4800 ι
3515 4749 3654 4815 Quid

2085 4840 2241 4894 times
2272 4841 2475 4907 dicere,
2501 4855 2716 4893 omnem
2747 4839 2923 4893 locum
2951 4838 3079 4893 Jesu
3120 4841 3340 4894 Christo
3373 4837 3658 4906 indigere?

2079 4928 2264 4999 Neque
2295 4944 2445 4993 vero,
2477 4930 2566 4998 qui
2601 4928 2820 4982 Christo
2868 4927 3088 4994 indiget,
3138 4927 3442 4997 prophetis,
3477 4928 3654 4997 iisque

2079 5021 2168 5089 qui
2196 5021 2396 5076 Christi
2427 5022 2766 5088 prtescntiam
2795 5028 2850 5072 et
2878 5019 3168 5072 adventum
3198 5029 3650 5088 prteparan-t,nou

2081 5111 2345 5180 indigent.
2377 5112 2440 5165 Et
2473 5111 2712 5166 Joannes
2753 5127 2886 5167 sane
2909 5151 2923 5176 ,
2961 5128 3067 5180 quo
3105 5112 3278 5178 major
3323 5114 3465 5166 inter
3497 5121 3655 5166 natos

2079 5203 2386 5268 mulierum,
2432 5207 2651 5260 Christo
2697 5208 2813 5275 ipso
2851 5218 3006 5272 tes:e,
3043 5224 3200 5260 nemo
3245 5207 3388 5261 l'ttit-z
3425 5224 3445 5257 ι
3483 5205 3652 5273 Major

2078 5298 2219 5350 inter
2242 5307 2393 5349 natos
2420 5297 2702 5352 mulierum
2725 5298 2931 5353 Joanne
2961 5299 3198 5366 Baptista
3230 5299 3406 5352 nullus
3427 5297 3522 5352 fuit
3547 5298 3644 5362 ⁷⁹;»

2080 5399 2252 5452 neque
2302 5385 2494 5440 timeas
2552 5386 2601 5440 id
2643 5387 2912 5444 allirmare
2958 5405 2970 5441 :
3020 5391 3298 5444 descendit
3334 5391 3398 5442 ad
3446 5388 3649 5442 it-fct-os

467 5479 686 5570 'n'lPsztl:
719 5484 1131 5570 3355314432}
1209 5487 1428 5543 “Joau.
1457 5507 1507 5557 ν,
1541 5491 1627 5546 46.
1707 5494 1752 5526 ⁷⁸
1789 5494 1803 5548 l
1837 5493 1966 5565 Reg.

2095 5513 2186 5566 ιιι,
2223 5500 2304 5553 15.
2383 5501 2426 5531 ⁷⁸
2457 5501 2495 5555 l'
2531 5501 2598 5555 al.
2631 5519 2766 5569 χιιι,
2789 5503 2878 5558 ‘26.
2955 5504 2997 5536 ⁷⁷
3023 5503 3188 5560 Zach.
3218 5519 3279 5570 ll,
3305 5505 3358 5560 5.
3435 5502 3481 5537 ⁷⁸
3509 5503 3644 5560 lleb.

413 5561 445 5612 Ι,
486 5548 566 5602 Η.
639 5551 686 5582 τ’
716 5551 902 5608 Μ;ιιιΙι.
942 5548 1029 5618 χι,
1059 5548 1135 5610 llr.

477 5661 580 5734 (l0)
615 5666 966 5734 Πληροῦται.
1003 5668 1186 5735 l’ot'tc,
1220 5670 1567 5741 πληροῦντες.
