4058 6244
491 265 626 320 1023
1998 256 2317 317 ORICENIS

489 474 720 528 diceret.
767 470 1084 538 Propterea,
1126 471 1253 522 dum
1300 469 1352 522 in
1381 470 1624 524 custodia
1672 480 1838 535 esset,
1867 486 1929 524 ac
1959 470 2062 524 sibi

488 563 694 619 exitum
731 561 1116 628 interitmnque
1156 559 1442 613 imminere
1484 560 1846 629 conspiceret,
1885 562 2065 616 missis

489 653 700 707 duobus
729 651 1029 719 discipulis,
1063 651 1358 718 quaerebat,
1394 665 1534 704 non:
1572 669 1588 700 ι
1627 650 1705 704 Tu
1736 667 1794 705 es
1823 653 1912 720 qui
1943 668 2065 706 ven-

491 755 644 800 turus
683 743 794 798 es?
833 762 852 794 ι
891 743 1109 797 Sciebat
1143 743 1287 795 enim
1316 758 1330 807 ;
1362 741 1495 795 sed:
1534 761 1552 792 ι
1596 741 1675 794 Tu
1714 758 1772 796 es
1817 749 1907 813 qui
1941 760 2065 797 vcn-

493 850 648 903 turus
673 853 752 901 es,
785 853 852 890 an
883 837 1049 889 alium
1081 843 1433 904 expectamus
1449 834 1494 864 ⁸ο
1528 833 1552 886 ?
1590 854 1607 884 ι
1645 834 1884 890 Gloriam
1923 837 2064 890 illius

490 938 828 998 compertam
857 929 1046 982 habuit
1067 943 1079 991 ;
1099 927 1166 979 de
1203 925 1336 979 mira
1367 926 1483 993 ejus
1515 925 1564 978 vi
1594 927 1820 994 plurima
1856 928 2064 984 locutus

492 1019 616 1082 fuit,
642 1021 960 1089 primusque
993 1020 1065 1073 illi
1103 1017 1470 1071 testimonium
1499 1018 1747 1073 exhibuit
1777 1019 1818 1051 ⁸¹
1856 1038 1868 1073 :
1903 1038 1922 1070 ι
1962 1020 2063 1086 Qui

489 1119 611 1178 post
661 1126 746 1164 me
803 1111 968 1172 venit,
1009 1118 1136 1163 ante
1176 1123 1260 1162 me
1295 1107 1468 1162 factus
1523 1120 1630 1166 est.
1687 1129 1706 1162 ι
1748 1109 1891 1166 Vidit
1921 1113 2066 1166 illius

487 1201 738 1272 gloriam,
775 1219 794 1252 ι
842 1200 1068 1270 gloriam
1117 1198 1270 1268 quasi
1319 1197 1588 1269 Unigeniti
1622 1217 1650 1253 a
1691 1201 1885 1264 Patre,
1923 1202 2063 1272 pleni

488 1293 676 1362 gratia:
708 1302 762 1344 et
806 1291 1131 1344 veritatis".
1174 1309 1191 1342 ι
1225 1289 1348 1344 llaec
1397 1305 1517 1344 cum
1543 1294 1608 1346 de
1647 1292 1862 1346 Christo
1895 1293 2065 1347 vidis-

488 1394 590 1448 set,
626 1383 776 1453 piget
812 1383 1065 1445 credere,
1099 1383 1294 1437 dubius
1324 1384 1518 1448 lueret,
1554 1398 1654 1439 nec
1688 1383 1931 1438 fatetur:
1977 1385 2066 1440 Di-

488 1476 596 1529 cite
624 1475 746 1544 ipsi,
782 1474 861 1526 Tu
896 1489 954 1528 es
992 1472 1263 1528 Christus.
1313 1475 1442 1541 Qua:
1473 1488 1593 1528 cum
1631 1492 1734 1529 non
1769 1477 2066 1532 intellexis-

489 1575 608 1620 sent
644 1565 903 1627 nonnnlli,
935 1575 1326 1621 asseverarunt
1351 1564 1613 1620 Joannem
1645 1576 1850 1620 tantum
1882 1584 1944 1622 ac
1984 1578 2066 1622 ta-

490 1656 615 1718 lem,
655 1653 931 1709 Christum
979 1671 1085 1709 non
1137 1655 1370 1713 novisse.
1409 1657 1503 1708 sed
1540 1657 1608 1710 ab
1644 1672 1709 1711 eo
1745 1658 2064 1714 discessisse

489 1847 810 1890 nasceretur
836 1836 1209 1890 testimonium
1239 1836 1608 1904 perhibuit,et
1638 1853 1735 1906 pro
1771 1854 1876 1908 quo
1899 1843 2064 1894 salta-

486 1929 583 1996 vit,
619 1928 747 1981 dum
773 1930 838 1982 ad
868 1929 1040 1998 ipsum
1067 1926 1234 1982 Maria
1273 1930 1577 1995 accederet,
1612 1943 1669 1984 ut
1696 1932 1762 1985 de
1793 1933 1883 1987 illo
1915 1938 2064 1990 testi-

488 2021 726 2072 monium
753 2019 1060 2090 fecitﬁ96
1086 2032 1258 2073 mater
1291 2021 1407 2088 ejus
1439 2020 1539 2074 illis
1575 2023 1820 2077 verbis"
1841 2042 1854 2076 :
1875 2043 1892 2074 ‹
1925 2024 2063 2080 Ecce

485 2112 629 2164 enim
658 2123 713 2164 ut
746 2112 888 2166 facta
927 2125 1009 2168 est
1041 2129 1138 2166 vox
1177 2112 1518 2167 salutationis
1550 2113 1601 2166 iu
1647 2117 1873 2172 auribus
1907 2119 2060 2180 meis,

485 2199 722 2254 exsilivit
757 2201 808 2254 in
850 2205 1046 2271 gaudio
1077 2203 1254 2258 infans
1283 2203 1334 2255 in
1376 2210 1532 2258 utero
1558 2221 1699 2262 meo.
1723 2225 1741 2258 ι
1768 2207 2064 2279 llicitaqne

485 2289 742 2359 Joannes,
768 2294 858 2361 qui
891 2305 1017 2348 ante
1045 2295 1380 2348 nativitatem
1405 2295 1642 2350 exsilivit
1669 2315 1682 2363 ;
1710 2299 1800 2366 qui
1824 2300 2060 2353 dixit“:

493 2401 511 2432 ο
559 2382 657 2436 Hic
679 2393 762 2438 est
793 2385 858 2438 de
884 2401 988 2452 quo
1011 2402 1109 2454 ego
1141 2389 1248 2440 dixi
1283 2405 1296 2440 :
1339 2389 1440 2454 Qui
1473 2400 1588 2457 post
1623 2405 1708 2443 me
1739 2392 1906 2456 venit,
1939 2402 2065 2447 ante

486 2487 574 2526 me
625 2474 800 2529 factus
839 2484 921 2528 est
961 2493 975 2539 ;
1027 2496 1043 2528 ι
1083 2488 1135 2530 et
1174 2478 1220 2510 ⁸³
1263 2494 1278 2531 :
1319 2497 1337 2530 ι
1390 2478 1490 2543 Qui
1546 2481 1694 2533 misit
1747 2495 1830 2534 me
1859 2521 1873 2544 ,
1927 2481 2066 2535 dixit

488 2564 619 2619 mihi
651 2582 667 2620 :
703 2566 878 2634 Super
926 2584 1084 2637 quem
1117 2570 1318 2624 videris
1360 2569 1620 2640 Spiritum
1651 2574 2064 2628 descendentem

488 2663 540 2707 et
575 2664 902 2720 manentem,
946 2660 1060 2725 ipse
1104 2669 1184 2711 est
1214 2657 1384 2712 Filius
1412 2659 1544 2726 Dei;
1585 2679 1603 2711 ι
1647 2661 1753 2726 hic,
1793 2663 2064 2730 inquiunt,

489 2745 724 2798 :ioudum
750 2747 1266 2803 uoveratChristum
1301 2750 1350 2802 iu
1379 2761 1590 2806 ventre.
1612 2752 1846 2808 Noverat
1869 2756 2067 2824 quippe

489 2835 634 2888 illum
655 2854 669 2903 ;
695 2837 785 2890 sed
811 2838 984 2892 simile
1000 2840 1125 2906 quid
1150 2840 1309 2897 Petro
1326 2857 1516 2911 passus
1534 2854 1616 2899 est
1644 2855 1864 2915 propter
1881 2845 2066 2916 gloria:

487 2929 952 2997 exsuperantiam.
996 2931 1278 2997 Quodnam
1327 2935 1454 2990 illud
1504 2937 1622 2994 est?
1661 2937 1758 2991 liic
1812 2952 2063 3008 maguum

486 3021 614 3086 quid
645 3021 710 3072 de
737 3021 954 3076 Christo
983 3025 1204 3080 sciebat.
1237 3027 1370 3094 Quis
1407 3046 1528 3086 sum
1555 3031 1578 3085 ?
1619 3048 1636 3080 σ
1676 3031 1842 3095 Quem
1875 3046 1959 3084 me
1986 3032 2066 3085 di-
2092 3060 2135 3116 ο

489 3119 618 3163 cunt
675 3110 766 3164 filii
807 3113 1082 3168 hominum
1125 3120 1360 3173 esse“?
1395 3140 1411 3171 ι
1461 3120 1574 3183 llic,
1628 3122 1726 3184 ait,
1778 3123 1908 3176 dicit
1941 3123 2061 3177 hoc.

488 3198 566 3252 Tu
598 3205 873 3272 veroquid
906 3205 971 3257 ?r
1008 3205 1086 3259 Tu
1123 3223 1180 3263 es
1225 3208 1476 3266 Christus
1516 3211 1686 3266 Filius
1733 3213 1824 3266 Dci
1869 3214 1996 3267 vivi.
2041 3235 2059 3268 ι

487 3289 777 3358 Propterea
827 3295 1014 3351 beatus
1062 3302 1411 3368 enuntiatur,
1459 3304 1712 3371 quoniam
1749 3322 1766 3354 ι
1842 3319 1970 3362 caro
2013 3317 2067 3360 et

490 3383 708 3451 sanguis
734 3399 835 3437 non
865 3387 1127 3442 revelavit
1167 3411 1186 3444 ι
1215 3391 1311 3456 illi,
1354 3413 1372 3445 ι
1403 3393 1496 3447 sed
1527 3393 1685 3448 Pater
1706 3395 1795 3465 qui
1825 3395 1876 3448 in
1912 3396 2067 3450 caelis

487 3482 590 3525 est.
637 3489 656 3522 ι
703 3474 835 3528 Cum
876 3476 1043 3546 igitur
1089 3481 1312 3549 grandia
1353 3481 1420 3535 de
1462 3481 1678 3538 Christo
1723 3486 1984 3549 audisset,
2015 3497 2068 3541 et

490 3565 710 3631 grandia
754 3569 1110 3634 concepisset,
1154 3569 1409 3625 auxilium
1447 3572 1498 3625 in
1534 3582 1708 3626 semet
1745 3589 1848 3628 non
1881 3574 2058 3628 admi-

488 3653 558 3706 sit
587 3671 599 3706 ε
635 3671 653 3703 ι
687 3656 823 3710 Ecce
855 3661 1198 3716 ascendimus
1231 3663 1280 3715 in
1322 3661 1646 3731 Jerusalem,
1680 3675 1734 3720 et
1777 3667 2065 3736 perlicien-

492 3753 580 3796 tur
604 3745 669 3796 ⁸⁷.
712 3764 729 3795 ι
763 3746 826 3800 Ει
862 3766 874 3801 :
911 3768 929 3800 ι
964 3749 1189 3815 Oportet
1217 3753 1410 3807 Filium
1448 3755 1683 3810 hominis
1724 3757 1886 3810 multa
1920 3759 2053 3827 pati,

488 3844 542 3888 et
574 3837 848 3904 reprobari
880 3856 908 3892 a
936 3841 1270 3911 principibus
1293 3849 1652 3911 sacerdotum,
1686 3857 1740 3901 et
1767 3849 2058 3904 sacerdoti-

489 3925 611 3990 Ιηιεν
643 3935 695 3980 ει
727 3930 922 3996 Occidi,
953 3943 1006 3987 et
1032 3935 1186 3989 tertio
1205 3936 1289 3991 die
1311 3939 1696 4008 resurgere“.i
1729 3956 1747 3989 ι
1769 3939 2066 4009 Propitius,

492 4018 742 4088 inquit”,
773 4022 846 4074 sis
885 4023 976 4076 tibi
998 4062 1013 4085 ,
1045 4025 1289 4078 Domine.
1323 4046 1341 4078 ι
1367 4030 1595 4083 Maxima
1630 4031 1694 4084 de
1722 4031 1941 4088 Christo
1973 4052 2070 4089 no-

491 4116 640 4162 verat
669 4126 684 4174 ;
718 4114 860 4179 quod
903 4115 1162 4169 humilius
1194 4126 1312 4168 erat
1345 4119 1410 4170 dc
1447 4132 1510 4172 eo
1558 4122 1730 4176 uoluit
1764 4125 2070 4179 admittere.

491 4195 737 4252 Similem
771 4203 896 4254 mihi
929 4205 1114 4258 anin'io
1151 4208 1310 4275 pinge
1337 4206 1628 4274 Joannem,
1657 4212 1781 4265 dum
1807 4214 1861 4266 iu
1891 4227 2072 4269 custo-

490 4289 575 4340 dia
609 4299 723 4342 erat
758 4307 770 4342 :
804 4295 1025 4362 grandia
1059 4295 1124 4350 de
1153 4295 1374 4354 Christo
1419 4303 1852 4370 apprehenderat
1883 4321 1897 4365 ;
1940 4306 2072 4360 vidit

2165 1121 2306 1166 νετο,
2331 1104 2469 1172 οὐχί·
2511 1121 2529 1153 ι
2561 1105 2633 1157 Σὺ
2670 1100 2720 1156 εἶ
2751 1105 2780 1155 6
2823 1103 3186 1176 ἐρχόμενος
3221 1119 3238 1166 ;

2164 1837 2366 1890 Εἴπατε
2401 1836 2570 1906 αὐτῷ·
2609 1839 2679 1890 Σὺ
2715 1833 2767 1890 εἴ
2816 1839 2844 1888 6
2891 1839 3204 1907 Χριστὸς,

2167 2479 2458 2550 ἀσπασμοῦ
2492 2495 2585 2530 σου
2621 2479 2700 2541 είς
2725 2476 2794 2530 τὰ
2825 2470 2938 2530 ὦτά
2974 2493 3126 2546 μου,
3169 2477 3542 2546 ἐσκίρτησεν
3580 2476 3637 2525 ἐν
3667 2470 3805 2539 6711-

2166 2571 2339 2625 λιάσει
2386 2571 2448 2624 τὸ
2493 2569 2685 2640 βρέφος
2732 2570 2790 2620 ἐν
2821 2571 2885 2638 τῇ
2933 2567 3140 2638 κοιλίᾳ.
3184 2584 3332 2638 μου.
3375 2587 3397 2618 ι
3449 2558 3624 2626 Οὗτος
3664 2559 3800 2615 οὖνὸ

2169 2664 2466 2734 σκιρτήσας
2492 2661 2598 2732 πρὸ
2629 2660 2914 2729 γενέσεως,
2953 2659 3254 2730 Ἰωάννης
3289 2661 3324 2712 6
3357 2656 3560 2712 εἰπών·
3601 2675 3620 2706 ι
3654 2649 3791 2715 οὗτός

2168 2755 2282 2806 ἐστι
2308 2753 2437 2825 περὶ
2467 2749 2528 2807 οὗ
2559 2751 2668 2820 ἐγὼ
2691 2747 2861 2804 εἶπον·
2907 2750 2963 2803 '0
2991 2749 3206 2804 ὀπίσω
3247 2767 3365 2820 μου
3393 2748 3687 2822 ἐρχόμενος
3710 2742 3788 2811 ἔμ-

2170 2842 2402 2914 προσθέν
2434 2859 2534 2912 μου
2567 2840 2776 2908 γέγονε·
2810 2859 2828 2889 ι
2855 2837 3001 2891 καί·‹
3031 2840 3101 2891 ὐ
3124 2839 3384 2910 πέμψας
3411 2833 3537 2890 εἶπέ
3572 2829 3776 2904 μοι-Ἐφ’

2167 2933 2225 2987 ὃν
2257 2933 2322 2987 ἂν
2357 2934 2471 3005 ἴδῃς
2504 2934 2564 2986 τὸ
2612 2932 2834 3003 Πνεῦμα
2873 2931 3263 2994 καταϐαῖνον,
3341 2930 3445 2983 καὶ
3498 2927 3664 2998 μένον,
3706 2914 3773 2974 οὗ·

2169 3024 2259 3087 τός
2305 3026 2452 3076 ἐστιν
2484 3024 2512 3074 6
2548 3023 2674 3086 Υἱὸς
2715 3023 2806 3076 τοῦ
2841 3021 2997 3074 Θεοῦ·
3044 3042 3067 3074 ι
3130 3018 3332 3086 οὗτος,
3398 3021 3585 3090 φασὶν,
3619 3013 3758 3066 οὐκέτι

2167 3115 2284 3184 ᾔδει
2310 3115 2513 3186 Ἰησοῦν
2544 3115 2775 3186 Χριστὸν
2803 3115 2859 3166 ἐν
2881 3113 3087 3184 κοιλίᾳ.
3111 3115 3290 3186 ’ᾙδει
3320 3113 3441 3182 γὰρ
3473 3101 3750 3165 αὑτόνοὰλλὲ

2168 3207 2234 3260 δι’
2271 3205 2570 3276 ὑπερϐολὴν
2608 3204 2765 3274 δόξης
2796 3205 2978 3274 ὅμοιόν
3023 3221 3084 3258 τι
3129 3203 3221 3274 τῷ
3260 3205 3472 3274 Πέτρῳ
3519 3196 3732 3262 πεποίηκε-

2170 3299 2234 3351 Τί
2255 3299 2471 3368 ὃμοιον;
2510 3293 2677 3360 uino;
2700 3297 2839 3367 μέγα
2857 3314 2908 3348 τι
2938 3296 3053 3367 ᾔδει
3099 3297 3250 3364 περὶ
3283 3295 3387 3348 τοῦ
3419 3289 3654 3364 Χριστοῦ.
3675 3284 3743 3343 Τίς

2170 3392 2318 3460 είμι;
2362 3408 2380 3439 ι
2423 3388 2555 3441 Τίνα
2611 3405 2676 3458 με
2723 3387 2972 3456 λέγουσιν
3015 3388 3066 3440 οἱ
3111 3387 3418 3458 ἄνθρωποι
3461 3381 3617 3444 εἷναις

2169 3479 2244 3540 δὲ,
2277 3477 2413 3530 τόδε.
2450 3477 2522 3530 ΣΞ)
2547 3477 2602 3529 δὲ
2635 3477 2717 3541 τί;
2755 3497 2774 3527 ‹
2809 3477 2879 3530 Σὺ
2915 3473 2964 3528 εἷ
2987 3479 3016 3530 6
3044 3476 3316 3549 Χριστὸς
3338 3479 3369 3528 6
3393 3476 3520 3536 Υἱὸς
3543 3470 3624 3525 τοῦ
3645 3466 3748 3518 Θεοῦ

2171 3567 2263 3622 τοῦ
2299 3568 2516 3631 ζῶντος·
2559 3587 2575 3619 ι
2611 3570 2668 3621 ἐν
2698 3562 2742 3635 ᾧ
2770 3569 2863 3622 καὶ¹
2891 3571 3307 3640 μακαρίζεται,
3341 3571 3426 3621 ὅτι
3467 3585 3486 3616 r
3523 3559 3644 3632 σὰρξ
3672 3556 3740 3608 καὶ

2171 3655 2307 3730 αἷμα
2345 3662 2444 3713 οὐκ
2485 3660 2833 3728 ἀπεκάλυψεν
2867 3679 2885 3712 ι
2916 3660 3086 3731 αὐτῷ,
3143 3681 3162 3712 ι
3211 3661 3338 3714 ἀλλ’
3371 3663 3400 3712 6
3448 3653 3620 3722 Πατὴρ
3649 3651 3673 3700 6
3701 3647 3743 3696 ἒν

2171 3754 2283 3814 τοῖς
2313 3751 2579 3823 οὐρανοῖς.
2624 3771 2641 3803 ι
2692 3753 2841 3805 Ἐπεὶ
2869 3749 2961 3805 οὖν
2990 3754 3221 3823 μεγάλα
3265 3754 3472 3822 ἤκουσε
3499 3743 3612 3815 περὶ
3633 3741 3737 3806 Χρισ

2175 3841 2322 3906 στοῦ,
2358 3843 2450 3896 καὶ
2501 3844 2711 3914 μεγάλα
2754 3843 3138 3912 ἀπελάμϐανε,
3181 3847 3283 3897 καὶ¹
3331 3845 3396 3897 οὐ
3453 3831 3736 3909 παρεδέξατο

2173 3935 2269 4004 τὴν
2292 3933 2541 4006 βοήθειαν
2567 3935 2662 4006 τὴν
2692 3935 2828 4006 πρὸς
2853 3937 3034 3991 αὐτόν·
3063 3955 3078 3987 ι
3130 3939 3274 3991 Ἰδοὺ
3312 3931 3652 3997 ἀναϐαίνομεν
3667 3921 3726 3979 εἰς

2188 4025 2561 4096 Ἰερουσαλὴμ,
2587 4027 2680 4078 καὶ
2697 4025 3138 4099 τελειωθήσεται·
3171 4048 3189 4079 ι
3225 4027 3345 4082 καί·
3373 4045 3391 4076 ‹
3424 4024 3512 4076 Δεῖ
3529 4020 3607 4071 τὸν
3620 4012 3726 4086 TW

2173 4114 2266 4167 τοῦ
2311 4115 2596 4186 ἀνθρώπου
2641 4113 2812 4167 πολλὰ
2855 4115 3064 4178 παθεῖν,
3115 4119 3222 4169 καὶ
3264 4102 3722 4178 ἀποδοκιμασθην²⁶

2175 4205 2281 4257 ἀπὸ
2301 4204 2409 4257 τῶν
2437 4205 2739 4276 ἀρχιερέων
2778 4205 2872 4258 καὶ
2905 4206 3328 4278 πρεσϐυτέρων,
3370 4202 3464 4255 καὶ
3494 4200 3718 4286 ducatur

2177 4294 2354 4364 θῆναι·
2372 4295 2464 4346 καὶ
2477 4297 2542 4364 τῇ
2566 4293 2725 4366 τρίτῃ
2743 4295 2924 4366 ἡμέρᾳ
2945 4295 3275 4366 ἀναστῆναι.
3305 4315 3322 4346 ι
3349 4281 3717 4362 ΦησίνοιἿλείὺς

491 4377 658 4431 caelos
696 4391 953 4449 apertos;
995 4385 1125 4439 vidit
1169 4386 1434 4456 Spiritum
1473 4402 1722 4446 sanctum
1752 4408 1913 4463 super
1940 4395 2063 4449 Sal-

2171 4402 2273 4448 σοι,
2313 4385 2502 4455 Κύριε.
2529 4404 2545 4435 ι
2572 4385 2794 4452 Μεγάλα
2815 4386 2928 4456 ᾔδει
2957 4386 3084 4458 περὶ
3112 4381 3494 4458 Χριστοῦ,οὺκ
3520 4371 3710 4463 ἠθέξηξε

490 4477 730 4520 vatorem
767 4471 1213 4542 descendentem,
1257 4493 1672 4552 tuauentetnqne
1721 4501 1887 4554 super
1916 4501 2058 4540 eum.

493 4558 736 4616 Similem
773 4564 998 4632 gloriam
1032 4570 1156 4622 dum
1177 4572 1343 4638 videt,
1382 4575 1551 4628 lueret
1581 4576 1800 4643 dubius,
1833 4579 2063 4635 fortasse

490 4651 653 4705 etiam
706 4667 812 4707 non
866 4658 1142 4722 credebat,
1195 4676 1262 4713 an
1292 4662 1372 4717 sic
1415 4664 1750 4733 glorificatus
1798 4685 1967 4738 usque
1997 4673 2062 4725 ad

493 4741 721 4808 inferos,
770 4751 825 4798 et
865 4745 1118 4817 abyssum
1173 4749 1348 4816 ipsum
1404 4752 1778 4818 descenderet,
1833 4773 2064 4826 quapro-

489 4843 606 4903 pter
651 4839 860 4893 dicebat
887 4842 932 4872 ⁹⁰
965 4861 976 4894 :
1015 4861 1032 4893 ι
1067 4841 1146 4897 Tu
1183 4858 1241 4898 es
1267 4845 1358 4913 qui
1399 4855 1657 4902 venturus
1696 4864 1774 4913 es,
1802 4864 1868 4900 an
1900 4850 2060 4902 alium

488 4933 916 4997 exspectamus?
943 4954 962 4988 ι
991 4935 1105 4990 Νοη
1143 4952 1392 5006 egressus
1426 4954 1543 4993 sum
1577 4954 1605 4992 a
1643 4942 1937 5010 proposito,
1971 4957 2064 4995 ne-

487 5036 594 5090 que
646 5026 915 5090 materiae,
957 5043 1078 5096 quae
1129 5030 1261 5083 mihi
1299 5047 1407 5100 pra:
1448 5033 1699 5087 manibus
1735 5042 1837 5100 est,
1864 5035 2064 5089 oblitus

489 5128 628 5167 sum.
678 5113 806 5171 Illud
839 5119 1069 5186 probare
1117 5121 1356 5175 nobisin
1403 5129 1585 5176 anlmo
1629 5134 1743 5187 εει,
1777 5124 1820 5178 si
1852 5139 2060 5190 omnes,

490 5207 582 5276 qui
625 5218 748 5263 ante
772 5208 1049 5265 Christum
1094 5213 1146 5266 in
1179 5213 1446 5268 infernum
1479 5216 1902 5282 descenderunt,
1935 5233 2063 5284 prze-

490 5313 741 5354 cursores
782 5301 1014 5364 Christi,
1047 5315 1208 5372 atque
1259 5307 1532 5375 propheta:
1570 5306 1755 5371 fuere;
1805 5309 1918 5375 pari
1974 5325 2060 5362 ta-

495 5391 641 5446 tione
690 5401 742 5445 et
767 5392 1072 5449 Samuelcne
1107 5411 1173 5450 eo
1195 5397 1563 5464 descendisse,
1585 5414 1690 5453 non
1722 5398 2055 5470 simpliciter,

2168 4476 2566 4544 παραδέξασθαι
2624 4477 2683 4528 τὸ
2713 4477 3089 4546 ταπεινότερον
3120 4477 3253 4548 περὶ
3285 4472 3469 4528 αὐτοῦ.
3504 4469 3709 4520 Tanaum

2163 4568 2285 4620 τινα
2323 4586 2412 4638 μοι
2443 4569 2551 4620 νόει
2587 4568 2680 4622 καὶ
2724 4569 2814 4621 τὸν
2847 4569 3100 4640 Ἰωάννην
3138 4572 3196 4622 ἐν
3238 4567 3484 4636 φυλακῇ·
3528 4554 3587 4626 ἦν
3631 4564 3701 4619 με’

2164 4660 2303 4726 γάλα
2323 4660 2477 4723 εἰδὼς
2506 4663 2631 4732 περὶ
2653 4660 2886 4733 Χριστοῦ
2909 4678 2922 4690 ·
2953 4659 3088 4714 εἶδεν
3115 4660 3380 4735 οὐρανοὺς
3403 4648 3699 4735 ἀνεῳγόταξ’

2164 4747 2271 4804 εἶδε
2307 4752 2531 4822 Πνεῦμα
2560 4755 2713 4820 ἆγιον
2753 4753 2812 4818 ἐξ
2837 4752 3067 4824 οὐρανοῦ
3103 4752 3490 4824 κατερχόμενον
3521 4737 3599 4793 ἐπὶ

3625 4731 3695 4782 τὸν

2171 4845 2416 4916 Σωτῆρα,
2454 4846 2546 4899 καὶ
2575 4845 2734 4916 μένον
2785 4848 2872 4897 ἐπ’
2908 4846 3088 4898 αὐτόν·
3133 4845 3254 4898 ἰδὼν
3287 4845 3383 4911 τὴν
3414 4825 3696 4916 τηλικαύτην

2169 4913 2690 5009 δόξανάμφέὸαλλε,
2716 4939 2808 4991 καὶ
2846 4937 2984 5007 τάχα
3019 4939 3272 5008 ἠπίστει·
3315 4934 3391 4987 διὸ
3417 4925 3553 4984 οὗτος
3575 4913 3685 5015 ἐγδζν

2173 5027 2258 5093 ξος
2287 5032 2379 5085 καὶ
2405 5008 2596 5101 μέχρις
2625 5031 2771 5101 ᾅδου,
2801 5031 2895 5084 καὶ
2921 5031 3191 5101 μέχριτῆς
3224 5026 3449 5083 ἀϐύσσου
3478 5008 3685 5101 κατελεύ-

2171 5139 2341 5174 σεται.
2372 5095 2647 5175 Δ-ιὰϋτοῦτο
2679 5122 2846 5189 ἐλεγε-
2887 5142 2904 5171 ι
2922 5095 3101 5174 -Σῦνεῖ
3181 5119 3470 5191 ἐρχόμενθςν
3500 5095 3677 5191 {iam

2173 5211 2598 5283 προσδοκῶμεν;
2650 5231 2667 5264 ι
2707 5213 2782 5264 Οὐ
2838 5211 3166 5282 παρεξέϐην,
3211 5189 3332 5263 οὐδὲ
3389 5189 3676 5283 ἐπελαθόμην

2169 5301 2262 5354 τοῦ
2301 5301 2677 5372 προκειμένου,
2704 5301 2838 5354 ἀλλὰ
2866 5301 3023 5354 τοῦτο
3060 5301 3277 5370 θέλομεν
3310 5278 3666 5383 nam???"

2166 5398 2268 5461 ὅτι,
2298 5397 2344 5448 εἰ
2375 5396 2573 5458 πάντες
2611 5397 2689 5458 εἰς
2884 5394 3285 5465 καταῦεῦήκασι
3327 5383 3421 5458 πρὸ
3456 5393 3535 5430 του
3560 5371 3668 5435 λρν

569 5586 615 5619 ³⁸
643 5587 826 5643 Matth.
868 5593 1023 5650 xt.3.
1099 5593 1324 5648 ’"Joau.
1371 5611 1407 5657 t,
1468 5596 1551 5649 lii.
1631 5597 1674 5627 ⁸¹
1706 5597 1835 5652 ibid.
1895 5599 1976 5654 Η.
2057 5600 2065 5628 ³

2169 5612 2265 5651 .uc.
2307 5613 2344 5658 t,
2395 5597 2482 5649 Μ.
2558 5595 2757 5651 “Joau.
2804 5612 2840 5658 l,
2887 5597 2975 5650 5|.
3051 5598 3094 5629 ⁸⁵
3130 5597 3252 5653 ibid,
3300 5591 3378 5646 35,
3443 5578 3480 5613 5°
3510 5563 3658 5628 Matth.

501 5673 619 5723 xu,
676 5659 754 5712 15.
833 5663 873 5691 ³⁷
926 5663 1054 5717 Luc.
1096 5680 1250 5729 xvtn,
1285 5667 1371 5719 51.
1451 5667 1494 5698 ⁸⁸
1527 5667 1655 5721 Luc.
1692 5683 1765 5732 ix,
1799 5669 1890 5724 “3‘2.

1967 5670 2010 5704 “’
2038 5668 2223 5722 Matth.
2261 5684 2365 5732 xu,
2390 5669 2474 5721 2⁸3.

2559 5668 2606 5699 ³ο
2635 5667 2824 5724 Matth.
2849 5683 2921 5732 XI,
2959 5667 3010 5721 5.

3789 254 3898 312 ιοει

489 380 863 453 ρι’ωιιιιηιίαηε
903 379 1215 443 Dominum,
1245 387 1301 432 ut
1324 377 1471 432 illum
1505 377 1895 433 descensurum
1927 394 2065 448 pra:-

2169 378 2225 430 οὑ
2281 375 2506 448 χρῄζει·
2556 375 2650 428 καὶ
2693 371 3006 443 Ἰωάννης,
3065 363 3154 424 οὗ
3217 368 3474 440 μείζων
3519 369 3586 420 ἐν
3647 377 3898 440 γεννητώ

2166 467 2445 535 γυναικῶν
2476 465 2651 528 οὐδεὶς
2700 460 2790 535 ἦν,
2825 463 3002 526 κατὰ
3060 462 3198 532 τὴν
3252 460 3374 513 τοῦ
3439 460 3725 530 Σωτῆρος
3771 464 3896 530 ἡμῶν

2167 557 2474 629 μαρτυρίαν
2496 556 2764 624 λέγοντος·
2800 574 2818 606 ι
2851 555 3145 619 Μείζων
3180 555 3258 606 ὲν
3287 554 3624 623 γεννητοῖς
3652 558 3897 620 γυναικῶν

2177 648 2422 701 Ἰωάννου
2454 647 2548 700 τοῦ
2595 645 2899 699 Βαπτιστοῦ
2973 644 3214 706 οὐδείς
3281 645 3507 704 ἐστιν,
3553 662 3575 693 ι
3622 643 3702 713 μὴ
3758 646 3894 713 φοερὶ

2166 738 2366 805 λέγειν,
2411 739 2491 790 ὅτι
2536 738 2616 801 εἰς
2650 737 2778 809 ᾅδου
2833 733 3282 804 καταϐέϐηκε
3342 732 3792 804 προκηρύσσων
3819 737 3892 787 τὸν

2166 829 2388 900 Κύριον,
2415 832 2500 884 ἵνα
2518 829 2754 902 προείπῃ
2774 828 2947 882 αὑτὸν
2982 825 3599 894 κατελευσόμενον·
3630 826 3721 878 διὰ
3739 826 3888 890 τοῦτο,

2166 920 2253 973 ὅτε
2281 916 2348 990 ἦν
2378 923 2435 973 ἐν
2463 924 2530 992 τῇ
2561 919 2797 990 φυλακῇ,
2840 921 2939 972 καὶ
2981 917 3139 987 ᾔδει
3193 916 3320 988 τὴν
3379 915 3594 983 ἔξοδον
3638 919 3742 989 τὴν
3790 921 3885 972 ἐτι-

2167 1014 2424 1084 κειμένην
2474 1012 2644 1083 αὑτῷ,
2689 1012 2909 1082 πέμψας
2955 1011 3085 1064 δύο
3142 1010 3290 1063 τῶν
3329 1009 3643 1080 μαθητῶν
3677 1012 3883 1067 ἐπυνθά-

3283 1120 3308 1153 ι
3346 1102 3488 1174 ⁴ᾔδει
3528 1103 3681 1173 γάρ·
3735 1105 3875 1157 dna-

2172 1215 2190 1247 ι
2223 1196 2294 1248 Σὺ
2327 1190 2376 1248 εἴ
2408 1196 2436 1247 6
2463 1196 2779 1266 ἐρχόμενος,
2816 1196 2849 1266 ἢ
2884 1196 3084 1249 ἄλλον
3129 1194 3653 1264 προσδοκῶμεν;
3702 1214 3721 1244 ι
3750 1193 3879 1249 Εἷδεν

2167 1285 2331 1339 αὑτοῦ
2362 1285 2458 1357 τὴν
2478 1285 2655 1352 δόξαν,
2691 1287 2917 1356 ἐλάλησε
2956 1287 3189 1339 πολλὰ
3236 1285 3397 1356 περὶ
3437 1285 3557 1355 τῆς
3595 1285 3871 1356 θαυμασιό-

2166 1395 2328 1449 τητος
2359 1378 2523 1430 αὑτοῦ
2543 1395 2556 1408 ·
2590 1379 2985 1450 ἐμαρτύρησεν
3007 1378 3210 1449 αὐτῷ
3250 1377 3542 1448 πρῶτος·
3573 1395 3594 1427 ι
3643 1377 3703 1430 Ὀ
3724 1380 3870 1431 ὀπίσω

2171 1488 2271 1540 μου
2311 1470 2603 1542 ἐρχόμενος
2649 1469 2958 1539 ἔμπροσθέν
3004 1487 3140 1539 μου
3181 1469 3482 1536 γέγονεν.
3539 1487 3562 1519 ι
3599 1463 3752 1522 Εἷδεν
3779 1471 3860 1522 αὑ-

2166 1561 2262 1615 τοῦ
2292 1563 2388 1633 τὴν
2407 1561 2584 1628 δόξαν,
2622 1581 2639 1613 ι
2675 1561 2831 1626 δόξαν
2855 1563 2930 1627 ὡς
2965 1563 3404 1631 Μονογενοῦς
3452 1561 3626 1632 παρὰ
3651 1562 3858 1631 Πατρός,

2169 1655 2384 1725 πλήρης
2410 1655 2632 1726 χάριτος
2665 1655 2758 1708 καὶ
2784 1654 3095 1725 ἀληθείας.
3142 1674 3167 1706 ι
3200 1653 3576 1724 Τηλικαῦτα
3602 1653 3728 1706 ίδὼν
3752 1652 3851 1722 περὶ

490 1747 752 1816 Spiritum
787 1757 1054 1802 sanctum.
1083 1747 1189 1800 Sed
1219 1748 1425 1800 sciebat
1461 1747 1632 1813 illum,
1655 1749 1739 1802 cui
1771 1760 2061 1818 antequam

2169 1746 2422 1816 Χριστοῦ,
2457 1746 2605 1799 ὀκνεῖ
2632 1746 2940 1809 πιστεῦσαι,
2969 1745 3417 1816 ἀμφιϐάλλει,
3453 1747 3564 1798 καὶ
3590 1746 3656 1797 οὐ
3690 1745 3848 1809 λέγει·

3258 1837 3399 1892 νῦν·
3444 1838 3532 1908 μὴ
3578 1840 3844 1907 νοήσαντες

2164 1930 2272 1999 γάρ
2303 1945 2446 1992 τινες
2472 1930 2538 1982 τὰ
2565 1931 2827 2000 εἰρημένα
2849 1930 3166 1997 λέγουσιν·
3225 1931 3529 2000 Ἰωάννης
3565 1932 3595 1981 ὀ
3617 1929 3841 1998 τηλικοῦ-

2163 2039 2252 2085 τος
2303 2022 2404 2074 οὐκ
2457 2021 2572 2091 ᾔδει
2624 2021 2876 2091 Χριστὸν,
2921 2020 3057 2072 ἀλλ’
3102 2021 3368 2089 ἀπέστη
3427 2018 3537 2073 ἀπ’
3588 2016 3750 2070 αὐτοῦ
3788 2015 3835 2067 τὸ

2165 2115 2392 2186 Πνεῦμα
2445 2114 2505 2166 τὸ
2549 2112 2721 2181 ἅγιον.
2766 2111 2874 2162 Καὶ
2917 2109 3048 2180 ᾔδει
3087 2109 3346 2174 τοῦτον,
3497 2105 3830 2178 ἐμαρτύρησε

2165 2209 2270 2278 πρὸ
2303 2206 2592 2274 γενέσεως,
2616 2204 2708 2257 καὶ
2736 2203 2820 2270 ἐφ’
2855 2197 2898 2270 ᾧ
2935 2201 3358 2272 ἐσκίρτησεν,
3393 2200 3574 2272 ἡνίκα
3602 2195 3726 2269 ἦλθε
3751 2199 3821 2249 καί

2166 2300 2199 2366 ή
2227 2297 2414 2367 Μαρία
2451 2295 2586 2365 πρὸς
2615 2294 2796 2359 αὑτὸν,
2826 2293 2901 2356 ὡς
2921 2291 3380 2364 ἐμαρτύρησεν
3413 2291 3576 2360 αὐτῷ
3607 2292 3640 2359 ἡ
3666 2291 3817 2359 μήτηρ

2167 2387 2330 2442 αὐτοῦ
2377 2387 2627 2454 λέγουσα·
2671 2405 2688 2435 ι
2733 2385 2864 2437 Ἰδοὺ
2907 2386 3022 2455 γὰρ
3074 2385 3170 2448 ὡς
3213 2384 3467 2452 ἐγένετο
3497 2385 3531 2453 ἡ
3568 2381 3709 2450 φωνὴ
3737 2379 3810 2431 τοῦ

3971 2301 3975 2361 ἰ

3981 1425 3984 1540 i

3981 1607 3984 1676 ι

3981 1705 3984 1789 i

3981 1425 3984 1540 ξ

3980 1607 3984 1692 i

3981 1705 3984 1789 ἶ

3981 1920 3983 1959 |
