4058 6244
338 328 520 381 £093
1477 326 1545 381 l.\'
1586 322 1840 379 LIBRVM
1885 324 1961 379 RF

2064 323 2119 376 ’Μ
2164 318 2443 375 ιιῡιιιιλει
2489 317 2552 370 11.
3513 320 3647 375 me“

339 442 525 503 στοῦ,
551 440 843 511 πρόδρομοι
870 438 1104 511 Χριστοῦ
1137 439 1184 490 οἱ
1220 437 1498 509 προφῆται
1531 437 1766 508 Χριστοῦ
1788 454 1799 465 ·
1826 434 1961 489 οῦτω

2074 432 2165 486 sed
2189 442 2244 485 ut
2275 440 2560 493 sam-tum;
2599 428 2686 482 ubi
2723 428 2765 481 si
2792 438 2873 482 est
2902 440 3147 493 sanctus,
3181 443 3401 489 sanctus
3430 435 3652 488 omnino

340 532 467 584 καὶ
500 530 755 601 Σαμουὴλ
799 531 916 582 ἐκεῖ
945 527 1323 597 καταϐέϐηκεν
1342 545 1354 556 ·
1384 529 1445 580 οὑ
1482 528 1589 597 γὰρ
1622 527 1827 590 ἁπλῶς,
1857 527 1955 579 άλλ

2076 534 2176 578 est.
2220 522 2406 575 Nonne
2435 522 2484 575 id
2520 520 2685 575 etiam
2720 520 2785 573 de
2813 520 3026 575 Christo
3051 523 3379 579 alllrinamus
3405 528 3428 580 ?
3458 526 3649 581 Annon

345 623 448 686 ὡς
485 624 659 690 ἅγιος·
696 623 830 673 ὃπου
878 620 974 673 ἐὰν
1077 622 1105 671 6
1133 621 1309 687 ἅγιος,
1355 619 1501 671 ἔστιν
1536 620 1563 669 6
1612 618 1784 685 ἅγιος.
1827 619 1961 687 Μήτι

2075 613 2328 668 Christus
2366 621 2508 676 erat,
2552 611 2676 665 licet
2707 609 2994 679 aliquando
3037 613 3178 680 apud
3213 614 3410 669 inferos
3446 614 3653 670 fuerit?

354 714 618 787 Χριστὸς
657 715 756 767 οὐκ
794 713 872 766 ἔτι
926 712 1163 783 Χριστός
1212 714 1381 773 ἐστιν,
1423 712 1546 763 ἐπεὶ
1574 713 1631 762 ἐν
1674 709 1799 779 ᾅδου
1847 710 1961 762 ποτέ

2074 704 2269 758 Annon
2320 704 2419 756 fuit
2452 702 2621 756 Filius
2656 703 2784 766 Dei,
2821 702 2948 755 licet
2998 704 3049 755 in
3089 704 3455 759 subterraneis
3494 709 3626 777 degi-

350 801 480 876 ἧνς
512 807 627 858 Οὐκ
664 805 745 858 ἔτι
785 801 853 875 ἦν
884 804 1013 866 Υἱὸς
1043 802 1201 864 θεοῦ,
1253 802 1374 854 ἐπεὶ
1410 805 1467 855 ἐν
1503 802 1580 871 τῷ
1632 802 1973 871 καταχθονίῳ

352 900 670 967 γεγένηται
712 898 880 965 τόπῳ,
927 914 944 945 ι
978 896 1066 948 ἵνα
1112 896 1220 947 πᾶν
1250 894 1378 961 γόνυ
1422 893 1614 963 κάμψῃ
1655 894 1714 946 ὲν
1751 892 1827 962 τῷ
1858 893 1973 944 ὀνό-

361 1003 514 1051 ματι
556 985 731 1057 Ἰησοῦ
766 984 1025 1055 Χριστοῦ,
1052 982 1414 1053 ἐπουρανίων,
1442 983 1535 1035 καὶ
1566 983 1848 1049 ἐπιγείων,
1878 983 1971 1034 καὶ

358 1077 747 1150 καταχθονίων
773 1094 787 1141 ;
823 1097 839 1126 ι
875 1076 1060 1138 Οὕτως
1097 1074 1331 1145 Χριστὸς
1346 1070 1434 1145 ἦν,
1462 1074 1557 1128 καὶ
1581 1074 1730 1128 κάτω
1760 1072 1855 1139 ὢν,
1887 1075 1971 1126 ἵνα

358 1167 555 1232 οὕτως
592 1168 750 1231 εἴπω,
785 1168 842 1219 ὲν
869 1165 948 1235 τῷ
995 1165 1145 1218 κάτω
1190 1165 1340 1234 τόπῳ
1388 1163 1483 1228 ὢν,
1515 1164 1830 1235 προαιρέσει
1858 1163 1971 1215 ἄνω

359 1257 443 1331 ἦν
479 1279 493 1291 ·
527 1259 670 1313 οὕτω
700 1260 793 1313 καὶ
819 1259 869 1311 οἱ
912 1258 1213 1329 προφῆται,
1245 1258 1338 1310 καὶ
1365 1256 1637 1326 Σαμουὴλ,
1666 1256 1767 1308 κᾶν
1802 1272 1970 1307 κατα-

364 1352 550 1404 ϐῶσιν
587 1350 719 1403 ὅπου
751 1352 806 1403 αἱ
837 1350 1007 1421 ψυχαὶ
1042 1352 1098 1402 αἱ
1135 1349 1305 1403 κάτω.
1336 1348 1484 1401 κάτω
1528 1348 1780 1401 δύνανται
1827 1342 1968 1400 εἶναι

364 1437 551 1507 τόπῳ,
577 1438 636 1490 οὺ
664 1437 816 1490 κάτω
840 1438 895 1490 δέ
923 1439 1028 1490 είσι
1051 1440 1115 1508 τῇ
1151 1438 1485 1509 προαιρέσει.
1516 1436 1861 1507 Πυνθάνομαι
1889 1437 1965 1498 δὲ,

368 1530 798 1599 προεφήτευσαν
821 1529 890 1581 τὰ
919 1530 1321 1600 ὑπερουράνιας
1380 1528 1519 1596 Ἐγὼ
1557 1528 1613 1581 δὲ
1643 1528 1703 1580 οὐ
1734 1527 1967 1597 δύναμαι

368 1618 581 1672 διδόναι
603 1620 865 1689 δαιμονίῳ
887 1619 1218 1689 τηλικαύτην
1243 1618 1489 1689 δύναμιν,
1516 1620 1596 1672 ὅτι
1637 1619 1964 1689 προφητεύει

372 1710 513 1781 περὶ
541 1711 712 1764 Σαοὺλ
738 1710 1008 1781 Σαμουὴλ,
1038 1711 1129 1762 καὶ
1153 1710 1244 1762 τοῦ
1275 1710 1406 1762 λαοῦ
1434 1710 1525 1763 τοῦ
1544 1710 1697 1773 Θεοῦ,
1725 1712 1816 1764 καὶ
1834 1726 1966 1781 προ-

2077 806 2156 849 Γι·ι
2214 796 2378 858 locis,
2421 812 2438 845 ι
2491 806 2550 848 ιιι
2587 807 2747 847 onme
2803 809 2939 861 genu
2990 793 3293 848 ﬂeeteretur
3339 796 3390 849 in
3440 800 3651 851 nomine

2072 886 2219 949 Jesu,
2269 887 2594 948 t‘telestium,
2658 887 2997 939 terrestrium
3040 894 3094 939 et
3144 885 3474 939 inl'eruorum
3504 889 3598 939 "'I
3638 903 3655 935 ι

2074 977 2189 1029 Non
2227 977 2384 1029 aliter
2407 976 2658 1030 Christus
2695 984 2833 1037 erat,
2884 976 3005 1030 licet
3034 976 3260 1031 inferius
3295 989 3459 1044 esset,
3492 989 3546 1031 ut
3576 981 3653 1034 sic

2072 1069 2274 1133 dicam,
2310 1078 2362 1121 cl
2396 1068 2438 1121 si
2486 1070 2536 1120 in
2577 1067 2821 1121 inferiori
2859 1068 2975 1121 loco
3011 1078 3217 1137 ageret.
3254 1068 3533 1123 voluntate
3569 1086 3657 1123 su-

2074 1163 2253 1227 perius
2308 1171 2445 1214 erat.
2483 1160 2680 1213 Eodem
2718 1171 2874 1229 parto
2902 1169 2954 1213 et
3001 1162 3301 1228 prophetae.
3326 1169 3378 1213 et
3408 1158 3655 1225 Samuel,

2073 1251 2319 1319 quamvis
2346 1266 2411 1304 eo
2449 1251 2798 1315 descendant,
2833 1250 2918 1302 ubi
2963 1261 3088 1304 sunt
3125 1250 3321 1304 anima:
3345 1265 3463 1319 quae
3494 1252 3543 1303 in
3576 1252 3658 1305 in-

2074 1344 2267 1407 fernis,
2307 1345 2429 1399 loco
2478 1344 2695 1412 quidem
2729 1341 2954 1397 inferius
2983 1357 3141 1409 sunt;
3178 1356 3233 1399 at
3279 1360 3384 1399 non
3432 1344 3659 1399 inferius

2071 1445 2195 1488 sunt
2229 1437 2529 1488 voluntate.
2562 1434 2624 1487 Et
2659 1449 2845 1504 quer
2879 1450 2946 1487 an
2977 1436 3386 1503 supercmlestia
3423 1437 3656 1504 prophe-

2070 1527 2251 1580 tarint.
2287 1528 2355 1580 At
2379 1540 2479 1593 ego
2511 1540 2774 1592 nusquam
2824 1525 3056 1578 dminoni
3093 1526 3322 1581 similem
3360 1527 3657 1594 potentiam

2069 1615 2384 1670 concedam.
2425 1614 2557 1668 Nam
2605 1612 2827 1668 Samuel
2885 1614 2952 1667 de
2994 1614 3187 1678 Saule,
3217 1626 3270 1669 et
3307 1616 3501 1686 populo
3537 1617 3652 1681 Dei,

2067 1716 2121 1761 et
2157 1723 2322 1777 regno
2353 1707 2545 1769 David,
2573 1707 2738 1762 David
2775 1707 2988 1761 scilicet
3013 1718 3361 1777 regnaturum
3394 1711 3655 1764 vaticina-

375 1801 608 1872 φητεύει
635 1803 761 1873 περὶ
798 1802 1073 1871 βασιλείας
1110 1801 1291 1865 Δαυῒδ,
1321 1803 1401 1855 ὅτι
1432 1800 1613 1871 μέλλει
1638 1802 1959 1871 βασιλεύειν.

2074 1802 2179 1847 tur.
2217 1795 2319 1860 Qui
2351 1796 2683 1850 contrarium
2718 1798 2982 1859 sentiunt,
3017 1799 3466 1870 veritatem,qu:e
3493 1800 3543 1854 in
3586 1816 3653 1854 eo

374 1893 635 1946 Εἴσονται
654 1894 702 1944 οἱ
729 1892 900 1945 ταῦτα
934 1892 1181 1960 λέγοντες
1210 1893 1395 1962 τὰτῆς
1425 1893 1680 1962 ἀληθείας
1704 1894 1803 1960 τῆς
1822 1895 1965 1947 κατά

373 1982 475 2035 τὸν
485 1982 668 2045 τόπον,
692 1981 789 2052 οὐχ
806 1983 1095 2053 εὑρήσουσι
1120 1983 1466 2053 παραστῆσαι
1486 1983 1601 2046 πῶς
1618 1983 1681 2036 ἂν
1703 1984 1795 2037 καὶ
1812 1984 1965 2053 ἆγιος

375 2071 596 2139 γένοιτο
630 2071 769 2142 ὑπὲρ
796 2072 1068 2141 σωτηρίας
1090 2072 1195 2124 τῶν
1232 2074 1417 2136 κακῶς
1457 2075 1709 2144 ἐχόντων.
1749 2077 1843 2138 Εἰς
1873 2076 1965 2128 τὸν

376 2160 545 2214 τόπον
588 2160 695 2214 τῶν
740 2162 924 2225 κακῶς
967 2162 1199 2231 ἐχόντων
1257 2165 1430 2235 ἰατροὶ
1480 2166 1839 2233 γενέσθωσαν,
1886 2169 1965 2232 εἰς

377 2253 507 2315 τοὺς
533 2252 727 2314 τόπους
749 2253 856 2305 τῶν
885 2254 1196 2322 καμνόντων
1233 2255 1596 2324 στρατιωτῶν,
1628 2257 1719 2310 καὶ
1758 2257 1966 2311 είσίτω-

379 2360 482 2395 σαν
508 2344 641 2395 ὅπου
681 2346 735 2396 αἱ
763 2344 1013 2397 δυσωδίαι
1040 2347 1147 2399 τῶν
1184 2348 1511 2418 τραυμάτων
1546 2349 1743 2402 αὐτῶν.
1793 2348 1965 2403 Τοῦτο

378 2434 675 2487 ὑποϐάλλει
708 2437 739 2505 ἡ
778 2436 993 2506 ἰατρικὴ
1035 2438 1431 2510 φιλανθρωπία.
1477 2438 1632 2492 Οὕτω
1656 2439 1814 2493 τοῦτο
1837 2442 1965 2493 ὐπο-

380 2528 617 2599 ϐέϐληκε
653 2529 729 2599 τῷ
757 2530 969 2601 Σωτῆρι
995 2532 1022 2582 6
1050 2529 1207 2597 λόγος
1236 2529 1434 2597 κατάμ
1452 2528 1499 2599 1)
1517 2531 1629 2592 τοῖς
1657 2532 1964 2601 προφήταις

379 2621 475 2672 καὶ
500 2620 688 2674 ἐνθάδε
723 2620 920 2683 ἐλθεῖν,
946 2623 1040 2675 καὶ
1064 2624 1143 2684 εἰς
1171 2621 1296 2691 ᾅδου
1322 2620 1646 2688 καταϐῆναι.
1673 2622 1782 2674 Καὶ
1808 2622 1964 2674 τοῦτο

378 2712 438 2763 δὲ
465 2712 789 2783 προσθετέον
828 2713 905 2783 τῷ
938 2712 1082 2781 λόγῳ
1102 2728 1117 2743 ·
1150 2714 1231 2765 ὄτι
1280 2712 1529 2782 Σαμουὴλ
1558 2713 1840 2782 προφήτης
1870 2707 1958 2782 ἦν,

381 2803 477 2855 καὶ
502 2800 825 2866 ἐξελθόντος,
862 2802 1071 2872 ἀπέστη
1118 2802 1212 2854 ἀπ’
1239 2799 1403 2853 αὑτοῦ
1428 2803 1459 2870 ή
1488 2800 1818 2870 προφητεία·
1864 2801 1962 2852 οὐκ

382 2887 492 2964 ἆρα
516 2891 766 2963 ἀληθεύει
799 2893 828 2945 6
873 2892 1043 2959 λέγων
1084 2890 1438 2954 ’Λπόστολος·
1486 2908 1504 2940 ι
1550 2891 1708 2960 Ἀρτι
1752 2906 1962 2961 προφη-

380 2984 524 3038 τεύω
551 2987 615 3038 ὲκ
659 2986 879 3058 μέρους,
924 2985 1016 3037 καὶ
1062 2985 1125 3037 ἐκ
1171 2983 1371 3055 μέρους
1412 2980 1701 3051 γινώσκω·
1747 2983 1875 3036 ὅταν
1902 2982 1959 3035 δὲ

382 3075 508 3147 ιλθῃ
528 3076 588 3129 τὸ
614 3076 837 3137 τέλειον,
862 3075 956 3128 καὶ
982 3074 1102 3127 τότε
1131 3075 1192 3126 τὸ
1228 3075 1294 3127 ὲκ
1325 3073 1525 3144 μέρους
1554 3072 1964 3144 καταργηθήσεο

2073 1884 2192 1939 loco
2218 1897 2322 1951 est,
2373 1888 2702 1943 conﬁrmare
2738 1905 2796 1943 se
2832 1906 2939 1944 non
2990 1906 3147 1959 posse
3199 1893 3649 1945 animadvertent.

2073 1975 2176 2030 Sed
2204 1992 2435 2044 quanam
2466 1980 2675 2033 ratione
2706 1993 2924 2035 sanctus
2963 1998 3060 2050 pro
3098 1982 3272 2035 salute
3304 1982 3444 2036 male
3466 1997 3523 2035 se
3551 1983 3651 2035 ha-

2074 2064 2335 2129 bentium,
2390 2067 2441 2119 in
2489 2066 2664 2120 locum
2723 2070 2811 2122 ubi
2876 2081 3191 2137 permanent
3258 2071 3556 2125 deveniet?
3594 2072 3648 2127 lu

2070 2155 2233 2227 497
2259 2157 2372 2210 loca
2399 2159 2629 2213 militum
2658 2162 3035 2230 mgrotantium
3068 2163 3263 2217 medici
3299 2179 3544 2230 gressum
3569 2166 3652 2219 di-

2074 2248 2256 2316 rigant
2292 2264 2306 2302 ε
2343 2248 2618 2304 introeant
2654 2252 2739 2305 ubi
2795 2250 2957 2305 l'oetor
3006 2253 3246 2307 ulcerum
3281 2270 3470 2309 eorum
3513 2258 3652 2311 male

2071 2337 2199 2391 olet.
2227 2336 2337 2392 Hoc
2366 2340 2607 2408 suggerit
2638 2342 2971 2395 medicorum
3004 2344 3054 2396 in
3089 2345 3334 2400 homines
3360 2362 3532 2401 amor.
3560 2350 3651 2403 Sic

2072 2436 2125 2480 et
2156 2429 2508 2495 propheticus
2530 2446 2709 2484 sermo
2733 2429 3004 2485 Salvatori
3036 2436 3228 2499 suasit,
3253 2447 3307 2489 ut
3336 2451 3400 2491 eo
3420 2441 3649 2504 veniret,

2071 2517 2531 2589 descenderetque
2562 2522 2613 2575 in
2648 2522 2938 2576 infernum.
2973 2524 3105 2578 Illud
3135 2527 3260 2580 item
3293 2529 3523 2583 orationi
3552 2533 3649 2585 ad-

2071 2608 2302 2662 dendum
2337 2626 2350 2662 :
2383 2610 2601 2666 Samuel
2630 2616 2887 2684 propheta
2921 2616 3043 2679 fuit,
3078 2631 3252 2686 eoque
3277 2629 3488 2674 mortuo
3520 2635 3654 2690 pro-

2072 2700 2252 2767 phetia
2282 2702 2349 2755 ab
2379 2702 2469 2757 illo
2525 2705 2802 2762 discessit.
2832 2708 3025 2762 Annon
3078 2724 3203 2763 vera
3247 2711 3378 2764 dicit
3418 2712 3652 2780 Aposto-

2070 2790 2154 2845 lus
2180 2792 2226 2823 "
2256 2810 2270 2845 :
2302 2811 2322 2845 ι
2367 2791 2485 2848 Jam
2533 2798 2795 2865 propheto
2828 2814 2894 2853 ex
2937 2809 3107 2868 parte,
3156 2810 3211 2855 et
3253 2816 3315 2855 ex
3372 2813 3522 2871 parte
3566 2818 3652 2857 co-

2069 2897 2272 2951 gnosco
2301 2903 2314 2938 :
2347 2900 2467 2939 cum
2505 2902 2633 2941 vero
2667 2892 3070 2944 consummatio
3094 2894 3318 2959 venerit,
3353 2904 3479 2948 tunc
3506 2897 3647 2964 quod

2068 2987 2134 3029 ex
2162 2986 2315 3045 parte
2344 2987 2445 3043 est,
2468 2980 2632 3033 etiam
2664 2983 3093 3038 evacuabitur?»
3123 2984 3527 3041 Consummatio
3549 2988 3649 3044 ita-

2068 3082 2173 3136 que
2208 3076 2328 3137 post
2374 3070 2536 3140 hujus
2566 3076 2690 3125 vim
2733 3072 2892 3127 linem
2938 3084 3040 3130 est.
3083 3075 3149 3130 Et
3182 3078 3444 3147 quidquid
3478 3080 3645 3134 Isaias

382 3181 501 3231 ταις
535 3186 552 3218 ι
604 3165 811 3219 Οὐκοῦν
843 3166 904 3218 τὸ
936 3165 1138 3219 τέλειον
1164 3165 1301 3236 μετὰ
1333 3166 1423 3216 τὸν
1475 3165 1586 3234 βίον
1629 3166 1795 3231 ἐστίν.
1848 3166 1959 3217 Καὶ

2066 3161 2428 3229 prophetavit,
2450 3176 2515 3215 ex
2544 3171 2695 3229 parte
2717 3179 2839 3216 cum
2866 3166 3011 3218 omni
3045 3165 3297 3221 libertate
3321 3170 3645 3224 vaticinatus

384 3258 439 3311 εἴ
459 3274 511 3309 τι
546 3259 947 3328 προεφήτευσεν
981 3258 1228 3319 Ἡσαΐας,
1254 3258 1317 3309 ὲκ
1352 3256 1550 3328 μέρους
1591 3258 1960 3327 προεφήτευσε

389 3348 523 3419 μετὰ
550 3348 729 3417 πάσης
758 3348 1099 3418 παρρησίας·
1133 3346 1550 3418 μεμαρτύρηται
1583 3346 1639 3399 δὲ
1679 3346 1746 3399 τά
1774 3346 1961 3398 ἐνθάδε

386 3441 411 3490 ὁ
439 3437 599 3492 Δαυῒδ
633 3439 759 3509 περὶ
782 3438 842 3489 τὸ
868 3436 1073 3488 τέλειον
1108 3437 1205 3506 τῆς
1233 3436 1571 3507 προφητείας
1589 3452 1601 3465 ·
1629 3436 1729 3488 οὐκ
1756 3436 1963 3489 ἀπέλα-

387 3524 476 3575 ϐεν
497 3520 589 3576 οῦν
611 3524 707 3595 τὴν
752 3525 914 3594 χάριν
957 3523 1054 3594 τὴν
1095 3525 1440 3594 προφητικὴν
1490 3524 1763 3594 Σαμουὴλ.
1800 3525 1856 3577 Ὀ
1905 3525 1960 3577 δὲ

386 3614 504 3677 νοῦς
534 3631 634 3684 μου
676 3614 923 3686 ἄκαρπός
966 3618 1109 3667 ἐστι·
1144 3615 1235 3667 καὶ
1277 3616 1358 3667 ὄτι
1409 3613 1731 3685 Ἐκκλησίαν
1761 3616 1963 3669 οἰκοδο-

389 3704 764 3777 μῖὸγλὼσσῃ
798 3704 992 3758 λαλῶν.
1044 3707 1153 3759 Καὶ
1196 3705 1305 3775 γάρ
1349 3705 1495 3773 λέγει
1544 3708 1571 3757 6
1613 3706 1842 3769 Παῦλος,
1877 3709 1959 3761 ὅτι

397 3794 718 3865 Ἐκκλησίαν
765 3796 1039 3866 οἰκοδομεί
1080 3797 1109 3847 6
1152 3795 1529 3866 προφητεύων,
1560 3796 1752 3858 αὑταῖς
1783 3794 1958 3861 λέξεσι

384 3887 569 3956 λέγων.
606 3889 668 3939 El
690 3887 743 3939 δὲ
765 3886 1120 3958 προφητεύων
1162 3885 1486 3956 Ἐκκλησίαν
1513 3886 1801 3955 οἰκοδομεῖ,
1844 3881 1957 3954 εἶχε

386 3981 539 4051 χάριν
588 3981 967 4050 προφητικήν·
1023 3980 1084 4031 οὐ
1134 3978 1242 4047 γάρ
1292 3978 1629 4031 ἀπολωλέκει
1672 3977 1841 4048 αὐτὴν
1884 3979 1957 4049 μὴ

385 4070 732 4141 ἀφθαρτήσας
758 4069 888 4139 (12)·
933 4068 1091 4139 μόνος
1123 4069 1231 4139 γὰρ
1270 4068 1529 4121 ἀπόλλυσι
1561 4069 1719 4139 χάριν
1751 4082 1959 4139 προφη-

356 4160 551 4239 ξτικὴν,
575 4160 633 4221 ὃς
662 4158 799 4229 μετὰ
825 4158 886 4210 τὸ
909 4157 1283 4228 προφητεῦσαι
1318 4157 1618 4226 πεποίηκεν
1644 4156 1835 4221 ἀνάξια
1862 4155 1954 4209 τοῦ

357 4244 361 4251 ’
386 4252 692 4321 Πνεύματος
717 4249 811 4302 τοῦ
840 4251 1017 4318 ἁγίου,
1046 4249 1174 4302 ὥστ’
1216 4248 1602 4317 ἐγκαταλιπεῖν
1648 4248 1830 4313 αὑτὸν,
1863 4248 1956 4301 καὶ

386 4344 567 4409 φυγεῖν
598 4340 706 4393 ἀπὸ
759 4339 852 4394 τοῦ
897 4339 1225 4410 ἡγεμονικοῦ
1272 4336 1466 4391 αὐτοῦ·
1526 4338 1663 4408 ὅπερ
1710 4336 1955 4405 ἐφοϐεῖτο

386 4434 496 4486 τότε
534 4433 626 4484 κα)¹
675 4432 809 4501 μετὰ
862 4431 961 4500 τὴν
996 4431 1266 4502 ἁμαρτίαν
1312 4432 1340 4482 6
1387 4427 1568 4490 Δαυῒδ,
1614 4427 1710 4481 καὶ
1765 4427 1949 4495 ἔλεγε·

394 4541 410 4572 ι
447 4524 554 4575 Καὶ
602 4523 662 4574 τὸ
710 4522 930 4592 Πνεῦμα
954 4521 1014 4574 τὸ
1054 4522 1206 4590 διγιόν
1249 4538 1343 4574 σου
1388 4522 1461 4591 μὴ
1508 4520 1806 4591 ἀντανέλῃς
1855 4521 1949 4573 ἀπ’

389 4613 534 4682 ἐμοῦ.
579 4633 596 4665 ι
631 4612 892 4667 Είτοίνυν
922 4614 981 4666 τὸ
1021 4613 1243 4683 Πνεῦμα
1276 4612 1336 4664 τὸ
1388 4612 1540 4679 ἆγιον
1589 4612 1948 4682 προφητεύει·

387 4706 517 4771 τίνι;
566 4707 868 4775 Ἀγγέλοις·
928 4725 946 4758 ι
1004 4701 1084 4771 οἷς
1129 4708 1202 4778 μὴ
1253 4706 1441 4776 χρείαν
1486 4704 1597 4776 (15)
1642 4704 1856 4774 ἔχουσιν
1902 4708 1950 4759 oi

391 4795 651 4865 ισχύοντες
682 4796 899 4867 ἰατρῶν,
934 4795 1047 4848 ἀλλ’
1069 4796 1119 4849 oi
1149 4795 1333 4858 κακῶς
1362 4794 1594 4864 ἔχοντες.
1642 4813 1659 4844 ι
1696 4793 1949 4864 Δέχονται

386 4886 517 4951 τίνες
544 4887 641 4957 τῆς
666 4887 999 4957 προφητείας
1031 4886 1140 4957 (ll)
1171 4884 1335 4939 αὐτοῦ
1362 4902 1375 4950 ;
1420 4886 1492 4937 υύ
1528 4885 1636 4956 γὰρ
1666 4886 1825 4955 ἀργεῖ
1852 4887 1950 4956 χά-

388 4994 461 5048 ρις
482 4980 788 5049 προφητική
810 4997 822 5009 ·
844 4979 995 5032 οὐδὲν
1026 4977 1269 5049 χάρισμα
1290 4978 1448 5048 ἀργεῖ
1464 4977 1571 5030 τῶν
1602 4979 1659 5029 ὲν
1681 4976 1757 5047 τῷ
1782 4976 1941 5046 ἁγίῳ.

386 5070 485 5141 Τῆς
514 5067 606 5125 οὖν
641 5072 861 5142 χάριτος
892 5073 990 5143 τῆς
1018 5072 1356 5143 προφητικῆς
1407 5073 1463 5125 αἱ
1506 5071 1675 5140 ψυχαὶ
1695 5071 1800 5124 τῶν
1832 5089 1944 5124 κοι-

389 5163 659 5232 μωμένων,
689 5162 943 5233 τολμήσω
972 5163 1065 5216 καὶ
1108 5162 1267 5225 εἴπω,
1300 5162 1527 5215 ἐδέοντο.
1574 5161 1711 5214 Ἀλλ’
1756 5161 1941 5215 ἐνθάδε

387 5255 472 5324 μὲν
490 5256 676 5326 χρείαν
709 5255 888 5326 ἔχεται
920 5255 1033 5325 (15)
1053 5254 1145 5307 τοῦ
1178 5256 1459 5327 προφήτου
1500 5254 1745 5328 Ἰσραήλ·
1792 5257 1884 5309 καὶ
1914 5257 1942 5308 6

442 5394 481 5427 "
512 5395 742 5464 Philipp.
777 5412 837 5461 ιι,
868 5396 954 5451 10.
1029 5397 1075 5429 ⁸⁸
1107 5396 1123 5449 l
1153 5396 1276 5451 Cor.
1303 5413 1422 5464 xui,
1447 5397 1502 5452 9.
1577 5398 1622 5429 ”
1651 5396 1817 5455 lCor.
1850 5413 1959 5461 xw,
1993 5397 2077 5451 ll.

568 5532 747 5608 Ιςατά.
787 5535 967 5608 Forte,
1001 5537 1170 5608 παρά.

444 5603 549 5679 (12)
572 5602 1015 5679 ᾋερθέιρτήᾳαςζ
1051 5602 1281 5679 Omnino
1322 5606 1605 5679 legendum
1636 5607 1937 5679 :ﬁpaptﬁ-

383 5691 485 5737 σας.
522 5670 662 5725 Infra
696 5675 858 5745 τόπερ
886 5676 1128 5744 ἐφοϐεῖτο
1157 5677 1296 5743 τότε,
1335 5670 1427 5729 κάξ
1460 5676 1595 5746 μετὰ
1626 5670 1735 5745 τῆν’
1756 5670 1936 5749 ἁμαρ-

383 5744 485 5797 τίαν
511 5744 538 5795 6
574 5743 753 5797 Δαυῖδ.

2065 3259 2169 3312 est,
2203 3259 2534 3319 testatusque
2574 3262 2656 3307 est
2695 3254 2807 3308 haec
2841 3258 3023 3309 omnia
3056 3257 3121 3309 de
3166 3260 3465 3326 prophetiae
3513 3276 3644 3315 con-

2065 3339 2430 3392 summatione
2458 3340 2661 3395 David:
2697 3358 2801 3396 non
2839 3345 3042 3412 recepit
3066 3344 3231 3413 igitur
3264 3349 3490 3415 gratiam
3514 3365 3642 3420 pro-

2064 3428 2339 3495 pheticam
2379 3431 2617 3487 Samuel.
2654 3433 2725 3486 At
2776 3433 3087 3489 intellectus
3128 3450 3278 3490 meus
3305 3439 3424 3493 sine
3466 3441 3641 3496 fructu

2063 3518 2201 3569 est”
2224 3533 2237 3570 :
2264 3529 2317 3573 et
2347 3522 2489 3588 quod
2522 3522 2819 3577 Eeclesiam
2851 3523 3103 3590 aedificat,
3128 3527 3217 3594 qui
3250 3527 3429 3597 lingua
3468 3530 3643 3600 loqui-

2064 3606 2231 3660 tur“.
2275 3607 2339 3661 Et
2367 3609 2565 3666 Paulus
2602 3613 2715 3680 ipse
2755 3613 2987 3667 aﬂlrmat
3018 3616 3425 3684 prophrtantem
3455 3620 3641 3676 Eccle-

2063 3698 2198 3750 siam
2238 3698 2509 3756 aediﬁcare
2538 3703 2623 3757 his
2673 3705 2862 3761 iisdem
2907 3704 3107 3757 verbis.
3146 3707 3315 3763 Porro
3342 3711 3384 3763 si
3413 3711 3637 3779 prophe-

2064 3796 2183 3841 tans
2213 3788 2506 3845 Eeclesiam
2533 3795 2783 3863 aediﬁcat,
2805 3799 2990 3867 utique
3010 3801 3240 3869 gratiam
3266 3803 3636 3871 propheticam

2062 3876 2244 3945 habet,
2292 3897 2468 3952 neque
2500 3887 2644 3940 enim
2702 3888 2868 3957 ipsam
2908 3892 3119 3957 amisit,
3152 3892 3253 3947 nisi
3307 3894 3635 3962 peccaverit.

2060 3969 2217 4025 Solus
2242 3975 2438 4044 quippe
2460 3978 2690 4046 gratiam
2713 3981 3080 4049 propheticam
3100 3984 3321 4047 amittit.
3341 3986 3455 4054 qui,
3485 3995 3632 4051 post-

2058 4070 2221 4124 quam
2261 4065 2624 4133 prophetarit,
2659 4068 2875 4135 indigna
2906 4070 3109 4139 Spiritu
3128 4083 3319 4126 sancto
3345 4086 3633 4143 operatur;

2057 4149 2129 4203 ita
2149 4159 2207 4205 ut
2227 4152 2399 4223 ipsum
2424 4158 2686 4227 Spiritum
2710 4162 2945 4226 deserat,
2964 4163 3241 4234 fugiatque
3266 4164 3333 4219 ab
3350 4166 3464 4231 ejus
3487 4169 3639 4238 prin-

2055 4247 2175 4322 cipe
2201 4252 2395 4307 anima:
2429 4253 2704 4312 facultate.
2737 4257 2889 4324 Quod
2940 4259 3162 4314 timebat
3192 4270 3319 4315 tunc
3356 4272 3474 4330 post
3511 4278 3634 4333 pec-

2054 4354 2235 4396 catum
2269 4344 2460 4409 David,
2491 4347 2816 4416 dicebatque
2840 4348 2916 4402 ’δι
2951 4367 2968 4401 ι
2998 4350 3062 4403 Ει
3089 4350 3351 4419 Spiritum
3387 4362 3631 4405 sanetmn

2058 4445 2208 4488 tuum
2235 4448 2300 4488 ne
2330 4437 2547 4491 auferas
2583 4453 2610 4490 ιι
2639 4454 2743 4493 me.
2780 4458 2798 4490 ι
2835 4441 3025 4509 Itaque
3068 4442 3112 4496 si
3151 4440 3387 4510 Spiritus
3413 4453 3633 4497 sanctus

2057 4528 2343 4597 prophetat
2382 4546 2397 4582 :
2426 4529 2641 4582 cuinam
2665 4528 2689 4581 ?
2712 4529 2931 4599 Angelis
2958 4532 2982 4585 ?
3010 4532 3076 4585 At
3110 4546 3123 4583 :
3172 4550 3190 4583 ι
3231 4530 3345 4586 Νυη
3374 4549 3513 4602 Opus
3550 4544 3634 4588 est

2056 4618 2297 4672 medicus
2339 4617 2498 4684 bene,
2554 4621 2649 4673 sed
2704 4622 2842 4675 male
2896 4623 3218 4678 habentibus
3236 4625 3301 4678 “.
3344 4642 3363 4676 ι
3399 4625 3629 4691 Quinam

2052 4708 2172 4776 ejus
2206 4709 2542 4778 prophetiam
2578 4713 2889 4782 excipiunt?
2917 4713 3099 4784 Neque
3131 4715 3276 4769 enim
3313 4714 3512 4768 frustra
3548 4725 3633 4769 est

2052 4800 2221 4869 gratia
2279 4802 2591 4870 prophetica
2622 4845 2636 4869 ,
2689 4819 2861 4872 neque
2907 4804 3072 4857 ullum
3119 4804 3391 4857 charisma
3438 4816 3627 4856 eorum

2050 4904 2169 4957 qua:
2204 4891 2255 4943 in
2287 4902 2474 4944 sancto
2510 4903 2637 4945 sunt
2666 4892 2866 4946 frustra
2909 4901 3011 4947 est.
3045 4892 3227 4945 Gratia
3280 4893 3462 4960 itaque
3501 4906 3631 4958 pro-

2054 4982 2266 5048 phetica
2294 4992 2628 5037 mortuorum
2659 4983 2873 5046 animm,
2905 4982 3165 5036 audacter
3195 4984 3391 5046 dicam,
3418 4981 3627 5051 indige-

2051 5072 2204 5126 bant.
2257 5074 2361 5128 Sed
2421 5074 2510 5127 hic
2556 5072 2772 5141 quidem
2824 5073 3163 5127 necessarius
3225 5083 3310 5129 est
3360 5073 3625 5143 propheta

2050 5162 2236 5229 Israel,
2260 5175 2316 5219 et
2344 5166 2435 5234 qui
2478 5165 2696 5227 dormit,
2733 5163 3095 5233 discessitque
3138 5181 3205 5219 ex
3237 5166 3339 5220 hac
3376 5164 3507 5226 vita,
3538 5165 3624 5218 in-

2049 5256 2268 5326 digebat
2315 5256 2610 5326 prophetis,
2656 5264 2713 5309 ut
2760 5257 2864 5310 alia
2906 5258 3117 5312 ratione
3160 5258 3257 5327 ipsi
3288 5256 3496 5313 Christi
3529 5260 3629 5312 ad-

2186 5397 2231 5429 “
2261 5398 2391 5452 ibid.
2421 5399 2474 5452 4.
2554 5399 2599 5431 ³⁸
2636 5398 2777 5454 Psal.
2809 5415 2863 5465 ι,
2892 5416 3013 5455 xm.
3087 5402 3134 5434 ”
3150 5401 3346 5455 Matth.
3382 5416 3463 5476 lx,
3492 5402 3586 5463 19».

2121 5536 2231 5607 (15)
2274 5536 2575 5607 Ἀγγέλοις
2590 5556 2603 5569 ·
2645 5534 2736 5606 οἷς

2047 5608 2203 5689 λοιςὶ
2227 5608 2537 5689 μὴχρείαν,
2569 5620 2673 5664 etc.

2264 5677 2383 5775 Ξῇῤ
2427 5677 3061 5775 προξηζρίας.ἕ8ενίὶ)ρι
3098 5682 3197 5748 τὰς
3226 5700 3413 5775 προιῷ

2119 5730 2165 5819 (ί
2178 5730 2231 5820 53
2264 5730 2525 5820 ;E'iera't.
2803 5730 3024 5821 ξιξεί“.’”’
3047 5730 3061 5736 ’
3110 5730 3193 5748 ψ’
3232 5730 3297 5754 ”⁶”
3316 5730 3336 5740 ⁷
3356 5730 3477 5775 ιδγ

2784 5539 2872 5609 μὴ
2926 5540 3154 5609 χρείαν.
3188 5540 3389 5604 Scribe
3420 5571 3444 5617 ι
3494 5541 3676 5641 ωηε-

3480 5698 3727 5831 Φυρκώῖ
