4058 6244
504 192 529 248 1
541 197 636 247 Im

1938 358 2027 369 ν-υ.

1929 202 2016 254 EX
2058 202 2355 259 ORICENE

3681 203 3867 255 “132’.

1233 509 2173 643 ΩΡΙΓΕΝΟΥΣ
2273 515 3018 649 ΕΚΛΟΓΑΙ

1922 747 2093 832 ΕΙΣ
2157 748 2361 833 ΙΩΒ.

1053 1056 1278 1167 EX
1389 1056 2225 1175 ORIGENE
2357 1063 3197 1179 SELECTA

1900 1284 2020 1369 IN
2107 1282 2364 1375 JOB.

1173 1602 1324 1657 CAP.
1364 1602 1403 1659 1.

574 1698 738 1751 Vens.
771 1697 852 1749 17.
895 1694 1105 1763 Equites
1135 1694 1365 1760 fecerunt
1403 1696 1546 1749 nobis
1572 1699 1744 1763 capita
1778 1700 1877 1751 tria
1900 1710 1943 1751 et
1970 1701 2075 1752 cir-

503 1790 880 1843 cumdederunt
919 1786 1167 1838 camelos.
1215 1784 1466 1839 Camelos
1520 1787 1685 1856 igitur
1740 1791 1793 1843 in
1832 1793 2077 1858 equitnm

504 1890 825 1951 potestatem
860 1879 1095 1947 redegit;
1124 1878 1303 1931 asinos
1326 1894 1385 1931 ac
1411 1878 1535 1949 juga
1565 1880 1730 1934 boum
1768 1882 1835 1937 iis
1864 1885 1951 1951 qui
1980 1884 2079 1938 ab-

503 1972 796 2035 duxerunt,
837 1968 1079 2031 addixit;
1114 1983 1243 2022 oves
1298 1966 1664 2024 inﬂammatus
1718 1973 1868 2035 odio,
1895 1975 2078 2027 incen-

503 2062 590 2114 dio
626 2062 941 2121 interemit;
976 2059 1102 2113 filiis
1134 2074 1369 2127 quoque,
1413 2075 1534 2113 cum
1589 2074 1930 2130 compararet
1956 2066 2078 2119 insi-

504 2152 644 2214 dias,
682 2152 956 2219 patranda:
999 2151 1147 2204 necis
1210 2153 1666 2216 opportunitatem
1724 2156 2073 2209 observabat.

506 2245 561 2297 Si
590 2242 901 2297 offendisset
942 2258 1035 2296 eos
1070 2241 1333 2310 legentes,
1371 2244 1587 2297 domum
1645 2260 1753 2297 non
1790 2247 2078 2314 attigisset,

503 2344 557 2388 et
587 2333 651 2386 ad
685 2332 1121 2386 interficiendum
1159 2334 1311 2387 locus
1356 2333 1646 2398 defuisset;
1698 2336 1742 2387 si
1794 2349 2080 2403 precantes

507 2424 819 2487 invenisset,
850 2424 981 2475 nihil
1016 2434 1207 2477 contra
1243 2424 1364 2477 illos
1394 2423 1607 2477 edicere
1652 2426 1915 2491 potuisset
1945 2448 1955 2480 :
1987 2429 2080 2481 sed

506 2530 626 2568 cum
656 2516 1106 2583 Opportunilatem
1134 2527 1325 2570 nactus
1358 2516 1574 2579 fuisset,
1606 2515 1906 2583 prmvaluit.
1937 2517 2079 2583 Qua-

508 2606 575 2661 lis
606 2618 789 2660 autem
820 2607 1044 2661 occasio
1076 2616 1131 2661 et
1180 2609 1557 2678 opportunitas
1589 2606 1729 2659 fuit?
1751 2618 1907 2677 potus
1938 2622 2078 2677 erat,

505 2698 811 2751 convivium
838 2707 974 2752 erat.
1002 2697 1077 2751 Eo
1101 2713 1229 2753 vero
1254 2698 1395 2766 quod
1418 2708 1651 2767 quatuor
1686 2696 1880 2752 domus
1907 2714 2078 2768 angn-

509 2788 827 2869 los_ventus
880 2790 1190 2860 contigerit,
1227 2790 1373 2845 disce
1416 2790 1468 2843 in
1519 2788 1730 2857 angulis
1776 2790 2077 2859 platearum

509 2882 818 2954 hypocritas
870 2882 935 2935 ad
971 2882 1234 2937 orandum
1287 2881 1629 2935 consistere:
1667 2881 1759 2934 sed
1805 2889 1860 2935 et
1911 2897 2080 2935 unus-

509 2972 756 3041 quisque,
801 2972 889 3041 qui
917 2972 1054 3025 haud
1089 2980 1231 3025 recta
1269 2970 1475 3025 incedit
1506 2971 1612 3036 via,
1638 2970 1846 3040 angulis
1876 2971 2075 3024 utitur:

510 3060 697 3131 platea:
724 3077 850 3117 vero
879 3062 1112 3133 angulus
1131 3072 1235 3128 est,
1271 3064 1561 3117 vehemens
1585 3072 1750 3131 atque
1781 3060 1947 3116 effusa
1978 3063 2079 3117 im-

508 3155 770 3224 probitas.

1108 3260 1259 3316 CAP.
1299 3260 1443 3316 XIX.

583 3398 739 3455 Vsus.
771 3400 821 3453 1.
849 3397 1127 3468 Usquequo
1156 3396 1448 3450 molestiam
1469 3396 1673 3465 facietis
1702 3400 1892 3451 anima:
1916 3398 2081 3452 mete?

509 3489 972 3554 Quemadmodum
1001 3501 1168 3541 onera
1220 3488 1404 3555 gravia
1444 3487 1775 3542 animalibus
1802 3488 2079 3557 imposita,

511 3580 881 3633 lassitudinem
912 3576 1253 3648 gestantibus
1282 3576 1535 3641 afferunt,
1558 3578 1627 3630 ita
1645 3592 1837 3644 graves
1860 3578 2080 3645 quidam

510 3673 563 3714 et
602 3661 809 3715 molesti
846 3674 1127 3714 sermones
1163 3670 1311 3724 sunt,
1338 3675 1475 3729 quos
1493 3660 1583 3729 qui
1607 3660 1775 3723 audit,
1809 3661 1856 3713 vi
1893 3659 2085 3713 verbo-

514 3768 633 3805 rmn
661 3767 779 3820 qua:
801 3766 924 3805 eum
960 3750 1206 3805 convicio
1238 3761 1290 3804 et
1320 3753 1616 3805 acerbitate
1643 3751 1709 3804 ad
1742 3750 2086 3805 calumnian-

514 3842 639 3893 dum
692 3841 898 3908 prolata
933 3848 1080 3905 sunt,
1114 3850 1367 3907 tanquam
1402 3854 1568 3893 onere
1607 3840 1791 3907 aliquo
1830 3848 2083 3907 gravatus

512 3930 759 3985 lassescit
806 3944 817 3979 :
871 3938 1031 3999 prout
1087 3927 1256 3983 Jobus
1318 3929 1846 3997 impraesentiarum,
1905 3929 1973 3982 ob
2018 3941 2082 3981 ea

512 4038 633 4089 quin
661 4036 690 4073 a
725 4020 960 4075 Baldado
1000 4020 1357 4079 dicebantur,
1394 4020 1545 4085 quasi
1587 4034 1724 4074 onus
1756 4033 1920 4089 grave
1959 4033 2084 4073 sen-

516 4113 676 4173 tiens,
710 4110 866 4178 501
906 4122 960 4164 et
994 4109 1159 4161 animi
1186 4108 1392 4161 viribus
1420 4107 1642 4172 fractus,
1674 4110 1847 4176 inquit
1876 4133 1886 4163 :
1924 4128 1941 4160 ι
1986 4109 2084 4164 Us-

514 4215 728 4269 quequo
771 4200 1067 4252 ntolestiam
1114 4199 1325 4252 facietis
1366 4200 1559 4252 anima:
1602 4214 1753 4261 mete,
1799 4217 1817 4250 ι
1866 4208 1920 4252 et
1966 4210 2085 4254 tan-

2108 1614 2155 1670 Α

2835 1612 2991 1663 ΚΕΦ.
3030 1617 3106 1665 Δ’.

2246 1705 2309 1755 Οἱ
2336 1700 2534 1767 ἱππεῖς
2585 1701 2883 1769 ἐποίησαν
2941 1703 3084 1771 ἡμῖν
3136 1704 3400 1772 κεφαλὰς
3452 1706 3635 1773 τρεῖς
3692 1712 3797 1764 καὶ

2179 1792 2536 1846 ἐκύκλωσαν
2559 1791 2662 1856 τὰς
2689 1790 3017 1859 καμήλους.
3063 1792 3171 1855 Τὰς
3204 1792 3298 1861 μὲν
3355 1790 3447 1846 οὖν
3482 1797 3800 1865 καμήλους

2180 1884 2445 1952 πεποίηκε
2476 1882 2725 1951 γενέσθαι
2758 1882 2861 1933 ὑπὸ
2888 1884 3011 1945 τοὺς
3038 1883 3237 1945 ἱππεῖς
3266 1884 3364 1943 τὰς
3391 1885 3553 1948 ὅνους
3588 1888 3665 1938 δὲ
3698 1890 3795 1939 καὶ

2179 1972 2247 2024 τὰ
2276 1970 2443 2042 ζεύγη
2485 1972 2592 2023 τῶν
2629 1971 2765 2041 βοῶν
2802 1972 2907 2023 ὑπὸ
2935 1974 3059 2035 τοὺς
3114 1974 3658 2044 αίχμαλωτίζοντας·
3723 1984 3789 2033 τὰ

2181 2062 2425 2131 πρόϐατα
2449 2061 2503 2113 δὲ
2533 2062 2730 2131 ἐμίσει·
2763 2061 2849 2115 διὰ
2874 2062 3031 2115 τοῦτο
3062 2063 3172 2134 πῦρ
3199 2066 3283 2117 ἐπ’
3322 2067 3459 2119 αὐτὰ
3522 2073 3786 2139 κατ-ᾗτε-

2179 2171 2291 2221 γεν·
2334 2152 2467 2206 ἀλλὰ
2517 2155 2607 2205 καὶ
2652 2156 2762 2217 τοῖς
2812 2156 2944 2217 υἱοῖς
2989 2154 3345 2218 ὲπεὸούλευε,
3416 2159 3515 2211 καὶ
3579 2163 3784 2231 semper

2178 2244 2359 2317 ἐζήτει
2393 2245 2484 2298 τοῦ
2520 2246 2715 2308 αὐτοὺς
2773 2245 3052 2298 ἀπολέσαι.
3105 2247 3167 2298 Εί
3201 2249 3423 2319 εὑρήκει
3483 2252 3777 2319 ἀναγινὼο

2182 2350 2427 2397 σκοντας,
2463 2335 2561 2386 οὐκ
2601 2335 2664 2387 ἂν
2702 2334 2877 2403 ἥψατο
2904 2335 3002 2404 τῆς
3028 2337 3224 2401 οἰκίας,
3261 2339 3379 2392 οὐδὲ
3425 2340 3597 2394 τόπον
3655 2338 3773 2413 εἶχε

2179 2424 2273 2476 τοῦ
2301 2425 2497 2487 αὐτοὺς
2527 2426 2865 2478 ἀποκτεῖναιο
2904 2427 2951 2477 εί
2992 2428 3216 2497 εὑρήκει
3261 2432 3770 2501 προσευχομένους.

2179 2514 2330 2567 οὐδὲν
2366 2513 2584 2566 ἐδύνατο
2628 2513 2848 2583 ποιῆσαι
2891 2515 3011 2565 κατ’
3061 2514 3259 2567 αὐτῶν·
3309 2515 3422 2567 ἀλλ’
3462 2518 3557 2569 ὅτε
3608 2514 3771 2588 εὗρεν

2181 2603 2483 2675 εὐκαιρίαν,
2520 2604 2724 2671 ἴσχυσε.
2758 2602 2912 2664 ῐιοῖος
2936 2596 3003 2671 ἧν
3038 2602 3065 2653 6
3088 2604 3277 2674 καιρός
3303 2620 3316 2665 ;
3348 2604 3485 2674 μέθη
3510 2601 3605 2675 ἦν,
3636 2623 3769 2674 συμ-

2183 2694 2369 2746 πόσιον
2390 2690 2477 2764 ἦν.
2518 2693 2607 2763 Τῷ
2638 2692 2694 2746 δὲ
2721 2692 2830 2745 τῶν
2858 2692 3071 2761 γωνιῶν
3125 2692 3363 2762 ἅψασθαι
3389 2694 3449 2745 τὸ
3502 2695 3729 2764 πνεῦμα
3747 2737 3762 2755 .

2181 2786 2491 2856 ἐπίστησον,
2515 2786 2595 2838 ὅτι
2616 2788 2673 2838 ὲν
2702 2789 2821 2849 ταῖς
2852 2785 2957 2837 τῶν
2996 2785 3205 2853 γωνιῶν
3236 2785 3516 2849 πλατείαις
3543 2786 3679 2857 (l6')
3707 2791 3757 2839 οί

2182 2879 2473 2951 ὑποκριταὶ
2490 2878 2719 2941 ἑστῶτες
2739 2878 3148 2949 προσεύχονται·
3166 2880 3274 2941 πᾶς
3293 2877 3350 2930 δὲ
3366 2880 3393 2930 6
3409 2878 3485 2949 μὴ
3501 2879 3755 2950 ὲπιὸεεη-

2181 2971 2290 3035 κὼς
2313 2971 2522 3035 εὐθείας
2543 2971 2662 3025 ὁδοῦ
2689 2974 2807 3034 ταῖς
2846 2969 3073 3041 γωνίαις
3100 2970 3384 3042 κέχρηται’
3424 2971 3637 3033 πλατεῖα
3681 2971 3743 3022 δὲ

2179 3062 2349 3131 γωνία
2381 3062 2527 3115 ἐστὶν
2555 3064 2587 3133 ἡ
2616 3061 2785 3131 πολλὴ
2809 3062 2902 3114 καὶ
2929 3060 3185 3130 ἀνειμένη
3209 3061 3400 3113 κακία.

2813 3278 2971 3332 ΚΕΦ.
3002 3278 3102 3332 ΙΘ’.

2254 3372 2400 3435 Ἕως
2430 3371 2593 3436 τινος
2621 3370 2882 3439 ἔγκατον
2907 3368 3188 3435 ποιήσετε
3215 3365 3424 3435 ψυχήν
3442 3381 3591 3432 μου;
3618 3364 3742 3415 Ὠτ-

2182 3479 2286 3533 περ
2325 3460 2551 3531 σώματα
2594 3461 2767 3532 βαρέα
2816 3460 3168 3528 ἐπιτιθέμενα
3222 3456 3375 3522 ζώων
3406 3455 3615 3525 σώμασι
3651 3456 3745 3507 κᾶν

2186 3569 2336 3622 μνειν
2370 3554 2512 3603 ποιεῖ
2544 3550 2612 3603 τὰ
2668 3549 3019 3619 βαστάζονταο
3052 3546 3223 3609 οὕτως
3267 3545 3370 3598 εἰσί
3410 3561 3550 3606 τινες
3604 3543 3742 3610 λόγοι

2184 3639 2388 3709 βαρεῖς,
2414 3638 2507 3702 οὒς
2527 3638 2767 3700 ἀκούσας
2798 3654 2906 3700 τις,
2946 3637 3144 3706 κάμνει
3183 3636 3257 3698 ὡς
3281 3635 3384 3687 ὑπὸ
3415 3633 3609 3703 βάρους
3632 3649 3743 3685 :2;-

2182 3725 2407 3797 ξάμενος
2437 3728 2533 3797 τῆς
2562 3728 2841 3797 δυνάμεως
2872 3726 2979 3777 τῶν
3008 3725 3199 3792 λόγων,
3241 3724 3348 3777 τῶν
3389 3722 3741 3783 ὀνειδιπικιῦς

2183 3820 2279 3872 καὶ
2304 3819 2575 3890 χαλεπῶς,
2612 3819 2644 3889 ἢ
2688 3819 2780 3871 ἐπὶ
2835 3817 3118 3888 λοιδορίαις
3169 3816 3492 3886 εἰρημένων·
3536 3813 3606 3875 ὼς
3651 3814 3737 3864 καὶ

2183 3910 2276 3965 νῦν
2302 3909 2409 3961 τῶν
2445 3910 2548 3962 ὑπὸ
2584 3909 2788 3962 saxeae
2813 3908 3135 3983 εἰρημένων,
3176 3906 3336 3958 οἱονεὶ
3394 3905 3605 3973 φορτίου
3656 3904 3733 3955 αξ-

2185 3999 2433 4061 σθανθεὶς
2478 3998 2670 4070 βαρέος
2731 3998 2760 4049 6
2815 3996 2933 4049 ’1ὼὸ
2961 4036 2975 4059 ,
3021 3993 3211 4065 καμὼν
3258 3996 3321 4063 τῇ
3374 3992 3516 4063 ψυχῇ
3561 4009 3724 4064 φησιν·

2191 4093 2369 4155 ι”Εως
2393 4090 2536 4153 τίνος
2562 4089 2793 4157 ἕγκοπον
2817 4089 3065 4158 ποιήσετε
3094 4086 3189 4156 τὴν
3225 4086 3403 4154 ψυχήν
3432 4101 3560 4155 μου,
3598 4103 3615 4135 ι
3646 4085 3728 4137 καὶ

2184 4181 2315 4233 ὡσεὶ
2342 4180 2560 4249 φορτίον
2586 4178 2722 4249 βαρὺ
2752 4178 3035 4248 βαρυνεῖτε
3070 4178 3186 4228 κατ’
3214 4174 3349 4244 ἐμοῦ
3376 4173 3500 4236 τοὺς
3526 4173 3723 4241 λόγουςς

514 4306 673 4359 quam
718 4292 865 4359 gravi
927 4291 1143 4344 sarcina
1197 4290 1375 4343 verbis
1416 4303 1500 4342 me
1542 4290 1882 4345 onerabitis?
1921 4290 2078 4346 Vides

2197 4274 2378 4343 Ὁρᾷς,
2405 4273 2485 4323 ὅτι
2506 4268 2813 4340 τυραννικοὶ
2846 4271 2980 4320 εἰσιν
3021 4269 3068 4320 oi
3100 4265 3192 4318 τοῦ
3246 4264 3525 4334 Σαυχαίων
3553 4263 3724 4331 τυρὰνι

516 4390 572 4433 ut
607 4378 993 4433 Sauchatorum
1035 4380 1247 4447 tyranni
1279 4394 1559 4433 sermones
1592 4381 1926 4451 tyrannidem
1968 4382 2079 4450 spi-

518 4479 636 4525 rent
663 4487 677 4535 ;
709 4469 903 4537 quibus
925 4470 1149 4535 auditis,
1175 4470 1341 4525 Jobus
1372 4473 1537 4524 verba
1565 4487 1685 4539 qum
1724 4487 1883 4539 supra
1917 4472 2078 4526 allata

514 4571 662 4627 sunt,
694 4560 945 4630 protulit.
984 4561 1124 4614 Nihil
1168 4564 1311 4616 enim
1356 4564 1490 4617 adeo
1527 4576 1697 4629 usque
1738 4562 1804 4615 ad
1850 4563 2082 4615 hominis

515 4655 750 4708 animam
786 4661 1059 4720 penetrat,
1092 4667 1156 4706 ac
1182 4652 1391 4722 pungit,
1436 4660 1493 4705 ut
1525 4666 1705 4706 sermo
1738 4652 1938 4715 durus;
1977 4670 2081 4707 sa:-

516 4760 814 4816 penumero
868 4746 1013 4799 enim
1064 4744 1157 4813 qui
1192 4743 1435 4811 corporis
1480 4742 1755 4795 cruciatus
1804 4744 2080 4808 sustinuit,

516 4838 680 4892 verba
719 4853 821 4891 non
877 4836 1018 4891 tulit.
1063 4834 1352 4890 Perfectus
1382 4843 1560 4887 autem
1612 4832 1831 4895 athleta,
1879 4833 2082 4887 fractus

516 4929 639 4983 licet
666 4940 719 4983 et
746 4928 1021 4997 fatigatus,
1066 4928 1227 4981 verba
1280 4925 1557 4995 asperiora
1609 4925 1880 4993 patienter
1928 4923 2077 4989 fert;

516 5020 901 5074 contumeliam
945 5034 1074 5073 vero
1127 5019 1359 5072 tolerare
1412 5015 1587 5085 magni
1644 5025 1728 5069 cst
1772 5016 1912 5080 viri;
1942 5016 2080 5068 unde

515 5108 805 5177 Apostolus
834 5107 1052 5177 egregia
1107 5123 1203 5161 sua
1255 5106 1499 5160 facinora
1534 5120 1970 5159 commemorans
2000 5105 2081 5157 in-

516 5200 631 5267 quit
673 5200 693 5231 '
734 5218 745 5252 :
783 5198 1100 5254 «Ctmviciis
1152 5196 1331 5251 affecti
1392 5195 1780 5257 benedicimus,
1835 5192 2079 5246 infamati

517 5306 819 5360 precamur.
858 5310 876 5342 ι
906 5289 1057 5343 Nunc
1093 5304 1220 5342 vero
1246 5287 1411 5341 Johns
1436 5286 1529 5355 qui
1585 5286 1697 5340 hate
1725 5284 1878 5348 dicit,
1910 5280 2082 5337 athle-

624 5456 644 5486 '
675 5458 692 5513 Ι
723 5458 847 5515 Cor.
880 5477 954 5527 tv,
986 5461 1071 5527 l2,
1105 5461 1188 5514 15.

2183 4382 2273 4418 νου
2300 4363 2466 4430 λόγοι,
2498 4361 2591 4423 οὒς
2615 4359 2854 4421 ἀκούσας
2880 4359 2908 4410 6
2944 4356 3081 4416 Ἰὼϐ,
3113 4356 3258 4424 λέγει
3281 4356 3354 4408 τὰ
3394 4354 3720 4424 προκείμενα.

2182 4456 2294 4524 Οὐχ
2319 4453 2489 4515 οὓτως
2510 4452 2619 4521 γὰρ
2644 4450 2977 4504 καθικνεῖται
3003 4448 3178 4517 ᾁυχῆς
3202 4446 3490 4517 ἀνθρώπου
3522 4446 3634 4498 ἄλλο
3659 4462 3720 4498 τι.

2180 4548 2255 4609 ὡς
2279 4546 2435 4613 λόγος
2463 4544 2712 4614 σκληρός·
2743 4541 2997 4602 πολλάκις
3019 4541 3124 4610 γάρ
3153 4557 3236 4601 τις
3262 4539 3555 4609 ὑπομείνας
3578 4538 3723 4607 βασά-

2182 4656 2303 4701 νους
2330 4636 2541 4705 σώματι
2565 4633 3031 4706 προσφερομένας,
3071 4632 3263 4699 λόγους
3286 4631 3385 4700 οὐχ
3439 4630 3719 4698 ὑπέμεινεν.

2192 4732 2252 4782 Ὀ
2283 4730 2526 4799 μέντοιγε
2582 4727 2786 4789 τέλειος
2835 4725 3089 4792 ἀθλητὴς,
3141 4725 3187 4775 εἰ
3218 4724 3311 4774 καὶ
3364 4722 3596 4791 κάμνων,

2182 4824 2441 4893 ὑπομένει
2467 4822 2593 4881 τοὺς
2627 4819 2895 4889 χαλεποὺς
2919 4816 3130 4882 λόγους*
3186 4814 3339 4885 ὓϐριν
3397 4812 3504 4883 γὰρ
3541 4809 3719 4881 ὑπομέ-

2181 4931 2313 4977 νειν,
2345 4910 2581 4983 μεγάλου
2609 4908 2803 4980 ἀνδρός
2835 4909 2965 4960 ἐστι·
2992 4905 3179 4972 διόπερ
3223 4904 3281 4955 ὲν
3333 4906 3444 4964 τοῖς
3483 4901 3715 4972 ἀνδραγαο

2185 5006 2421 5074 θήμασιν
2449 4999 2640 5056 ἑαυτοῦ
2670 5002 2698 5053 6
2742 4996 3057 5059 Ἀπόστολος
3081 4995 3259 5063 λέγει’
3293 5014 3310 5044 ι
3344 4993 3715 5065 Λοιδορούμενοι

2184 5094 2529 5164 εὐλογοῦμενθ
2566 5090 3040 5162 βλασφημούμενοι
3090 5085 3526 5157 παρακαλοῦμεν.
3563 5104 3578 5137 ι
3625 5083 3714 5135 Καὶ

2185 5188 2279 5240 νῦν
2310 5187 2365 5239 δὲ
2400 5188 2428 5238 6
2467 5184 2587 5238 ’1ώὸ
2630 5184 2798 5247 ἐστιν,
2828 5183 2857 5234 6
2885 5180 2992 5233 τῶν
3016 5178 3261 5249 ἀθλητῶν
3284 5175 3654 5243 γενναιότατος.
3688 5172 3713 5223 ό

2184 5280 2355 5335 ταῦτα
2380 5279 2569 5346 λέγων·
2606 5272 2666 5329 οὗ
2691 5276 2782 5329 καὶ
2813 5274 2873 5327 τὸ
2897 5272 3094 5343 βιϐλίον
3121 5270 3273 5323 οὐδὲν
3297 5268 3423 5323 ἄλλο
3463 5264 3712 5337 ἐξαιρέτως

591 5594 723 5665 (10⁸)
756 5594 993 5649 Γωνιῶν
1024 5596 1349 5659 πλατείαις.
1393 5594 1542 5663 Legit
1572 5587 2079 5665 interpresywviqtq

2184 5583 2410 5665 .acstﬂtx,
2441 5596 2561 5635 mox
2601 5580 2860 5642 πλατείας
2881 5577 3083 5645 γωνία·
3115 5574 3269 5634 initio
3294 5573 3457 5629 etiam
3478 5585 3583 5645 cap.
3612 5587 3704 5644 seq.

520 5652 643 5737 legit
678 5652 890 5735 φόρτία,
931 5667 1046 5720 loco
1083 5652 1337 5734 σώματί·
1383 5652 1566 5733 sicque
1601 5652 1820 5718 omnino
1848 5652 2071 5728 lrgt'ndtt

2184 5658 2319 5711 itur.
2349 5652 2588 5707 PATPOL.
