4058 6244
247 355 280 409 i
294 358 443 417 853

1690 355 2000 413 SELECTA
2034 355 2099 411 IN
2135 354 2274 413 JOB.

3457 360 3590 415 ωτι

246 478 586 549 περιέχει
620 479 656 550 ἢ
678 480 775 551 τὴν
804 478 1052 549 ἀνδρείαν
1073 475 1240 531 αὑτοῦ
1263 478 1354 530 καὶ
1370 478 1468 547 τὴν
1487 477 1784 549 ὑπομονήν
1808 478 1913 532 ἀλλ’

2031 486 2209 529 larum
2258 476 2690 537 strenuissimus.
2739 486 2796 531 et
2847 474 2997 543 cujus
3043 475 3178 529 liber
3224 476 3591 532 fortitudinem

253 567 457 637 ὅμως
489 568 839 624 αἰσθάνεται
871 569 977 623 τῶν
1002 569 1262 637 καμάτων
1285 562 1359 620 ὧν
1384 568 1654 638 κεκμήκει
1693 567 1798 619 ἀπὸ
1828 567 1920 621 τοῦ

254 659 470 728 λόγου
515 663 637 716 τοῦ
669 661 902 732 σκληροῦ
925 660 1034 713 τῶν
1061 659 1393 729 ἐληλυθότων
1416 658 1576 711 αὑτὸν
1627 659 1922 728 ἐπισκοπῆ-

265 768 416 806 catt.
461 755 605 807 Καὶ
656 752 843 823 ἐπειδὴ
905 754 939 817 ἡ
986 751 1080 804 τοῦ
1131 751 1287 817 λόγου
1331 749 1587 820 βαρύτης,
1637 748 1824 820 ὥσπερ
1870 766 1922 801 τι

267 846 557 916 φορτίον
595 845 969 914 ἐπιτιθέμενον
1000 845 1066 912 τῇ
1089 842 1256 912 ψυχῇ,
1282 841 1510 911 κάμνειν
1539 840 1706 911 αὐτὴν
1748 857 1924 912 παρα-

275 939 630 1003 σκευάζει,
655 939 744 992 διά
780 937 936 990 τοῦτό
968 954 1151 1008 φησιν*
1193 935 1332 989 Ἀνο’
1357 936 1501 996 ὅτου,
1527 928 1570 985 ὧ
1600 933 1772 1001 φίλοι,
1801 935 1923 996 ταῖς

271 1027 396 1080 τοῦ
433 1029 725 1098 σώματος
753 1027 1006 1098 ἀλγηδόσι
1031 1027 1346 1096 προστίθετε
1367 1025 1458 1077 τὸν
1485 1024 1585 1093 τῆς
1617 1023 1793 1093 ψυχῆς
1822 1024 1922 1075 πό-

278 1135 422 1182 νον,
461 1119 693 1191 μᾶλλον
718 1119 1030 1182 κεντοῦντες
1050 1121 1161 1181 τοῖς
1194 1120 1431 1188 ῥήμασιν
1462 1116 1493 1185 ἢ
1547 1114 1616 1165 τὰ
1669 1114 1813 1185 πάθη
1862 1114 1923 1167 τὸ

279 1224 384 1259 σω
393 1225 490 1278 μα
521 1226 541 1274 ;

377 1390 821 1445 Καταλαλεῖτέ
848 1409 988 1461 μου.
1038 1389 1305 1452 Πολλάκις
1351 1387 1639 1443 καταλαλεῖ
1691 1404 1774 1450 τις
1823 1404 1922 1440 κα-

281 1478 425 1542 κῶς
446 1483 663 1536 ποιῶνο
695 1485 822 1537 ὅταν
849 1483 906 1536 δέ
940 1482 1336 1554 ἀπερυθριάσῃ,
1356 1483 1436 1543 είς
1456 1480 1744 1551 πρόσωπον
1773 1479 1920 1547 λέγει

286 1573 554 1628 ἐκείνου
587 1615 603 1638 ,
663 1575 763 1628 οὐκ
812 1575 1071 1644 ἐλέγχων,
1115 1575 1243 1628 οὑδέ
1295 1573 1498 1644 τάληθῆ
1550 1572 1743 1641 λέγων,
1801 1572 1917 1627 ἀλλ’

281 1664 623 1728 ὀνειδίζων
655 1666 753 1718 καὶ
777 1664 1032 1736 ὑϐρίζων.

2027 567 2144 634 ejus
2175 581 2237 620 ac
2270 567 2587 636 patientiam
2618 568 2892 636 praecipue
2925 568 3332 637 complectitur,
3380 568 3594 624 labores

2029 657 2380 711 nihilominus
2410 665 2463 709 et
2499 657 2777 712 molestias
2813 660 3095 726 persentit,
3128 675 3263 728 quas
3287 676 3349 713 ex
3375 661 3594 716 duriore

2024 760 2276 802 sermone
2326 761 2512 799 eorum
2539 748 2635 816 qui
2669 749 2936 803 inviseudi
2976 766 3136 804 causa
3177 751 3243 804 ad
3297 752 3470 819 ipsum
3501 766 3596 804 ac--

2024 847 2330 899 cesserunt,
2372 837 2614 904 pertulit.
2655 837 2720 891 Et
2753 839 3008 906 quoniam
3052 840 3324 895 sermonis
3363 844 3592 909 pondus,

2027 938 2284 996 tanquam
2336 928 2484 995 gravi
2537 943 2706 983 onere
2769 931 3050 999 imposito,
3094 932 3336 986 animam
3383 933 3593 1000 fatigat,

2024 1017 2230 1072 idcirco
2256 1018 2383 1072 dicit
2414 1036 2427 1070 :
2454 1017 2845 1084 Quamobrem,
2872 1035 2906 1074 ο
2936 1021 3121 1084 amici,
3157 1024 3341 1077 acrius
3362 1038 3448 1076 me
3471 1037 3596 1077 ver-

2028 1105 2112 1161 bis
2137 1108 2334 1162 vntris
2381 1119 2682 1178 pungeutes
2709 1125 2869 1178 quam
2917 1111 3130 1166 dolores
3165 1127 3361 1182 corpus
3400 1114 3596 1167 stimu-

2024 1197 2157 1264 lant,
2198 1200 2364 1254 animi
2418 1215 2680 1270 angorem
2719 1203 2972 1271 corporis
3011 1202 3290 1258 doloribus
3333 1206 3598 1274 superad-

2023 1290 2150 1344 ditis
2177 1291 2202 1342 ?

2095 1379 2258 1435 Vens.
2289 1382 2344 1436 5.
2389 1381 2686 1452 Loquimini
2732 1393 2915 1438 contra
2948 1400 3047 1438 me.
3091 1383 3475 1452 Saepenumero
3501 1386 3592 1454 qui

2023 1472 2166 1526 mala
2215 1484 2528 1543 perpetrat,
2582 1475 2736 1529 alteri
2785 1475 3048 1539 detrahit;
3100 1484 3312 1529 etcum
3356 1473 3590 1529 frontem

2020 1563 2188 1618 semel
2235 1567 2598 1633 perfricuerit,
2643 1581 2747 1619 non
2785 1565 3080 1634 arguendo,
3124 1579 3300 1632 neque
3345 1579 3471 1618 vera
3507 1565 3592 1617 di-

2015 1654 2213 1718 cendo,
2257 1656 2351 1710 sed
2393 1655 2751 1710 conviciando
2792 1667 2845 1708 et
2890 1654 3274 1710 calumniando
3315 1655 3368 1708 in
3413 1669 3476 1708 os
3504 1654 3587 1708 lo-

2016 1745 2225 1813 quitur.

380 1846 807 1916 Κεκράξομαι,
836 1845 930 1899 καί
952 1846 1216 1915 οὐδαμοῦ
1248 1845 1442 1915 κρῖμα.
1467 1846 1578 1900 Νῦν
1598 1845 1692 1900 ἐὰν
1714 1844 1913 1918 κράξω,

2095 1835 2256 1889 Vens.
2307 1837 2360 1890 7.
2408 1835 2662 1891 Clamabo
2697 1846 2745 1891 el
2787 1852 3044 1906 nusquam
3091 1837 3386 1905 judicium.
3440 1836 3593 1890 Nunc

302 1937 591 2008 οὐδαμοῦ
629 1938 690 1990 τὸ
749 1939 921 2009 κρίμά
979 1953 1078 2007 μου
1129 1938 1368 2008 ἔρχεται·
1421 1937 1504 1990 ἔτι
1545 1936 1711 1991 ἀθλῶ.
1775 1938 1918 1990 Ὠσεὶ

309 2027 556 2093 ἔλεγεν·
596 2029 692 2090 Ὦς
728 2045 813 2090 τις
870 2026 1106 2098 ἀθλητὴς
1145 2029 1203 2080 ἐν
1244 2028 1440 2098 σταδίῳ
1491 2029 1736 2099 κέκραγα
1763 2067 1778 2092 ,
1825 2030 1918 2082 καὶ

311 2119 589 2188 οὐδαμοῦ
615 2119 675 2171 τὸ
710 2119 884 2189 κρίμά
915 2136 1015 2188 μου
1043 2118 1415 2171 ἐπανίσταταιο
1440 2119 1518 2170 ἐτι
1547 2117 1652 2190 γὰρ
1683 2118 1912 2173 παλαίω.

322 2211 474 2263 Ἐἀν
509 2212 595 2282 μὴ
624 2211 824 2265 τελέσω
850 2211 911 2264 τὸ
945 2212 1244 2280 πάλαισμα,
1270 2212 1366 2265 οὐκ
1397 2213 1614 2284 ἔρχεται
1639 2213 1702 2266 τὸ
1745 2217 1916 2285 κρῖμα

311 2300 424 2352 τοῦ
458 2301 759 2369 στεφάνου.
792 2303 898 2356 Καὶ
918 2302 1089 2355 ταῦτά
1118 2319 1316 2372 φαμεν,
1357 2304 1443 2356 ἵνα
1472 2303 1544 2374 μὴ
1598 2305 1916 2376 κατηγορῶ-

315 2409 434 2462 μεν
464 2392 572 2446 τοῦ
597 2394 756 2456 Θεοῦ,
781 2396 864 2448 ὅτι
891 2395 1125 2447 τοσαῦτα
1153 2395 1350 2464 πάσχει
1384 2395 1420 2446 ’ὁ
1461 2394 1583 2448 Ἰὼϐ
1609 2435 1624 2457 ,
1671 2397 1764 2449 καὶ
1821 2397 1914 2450 οὐ·

310 2481 510 2551 δαμοῦ
543 2482 610 2535 τὸ
643 2487 837 2554 κρῖμα,
868 2485 1143 2538 τουτέστιν
1177 2485 1209 2553 ή
1263 2485 1536 2554 ἀπόφασις
1567 2481 1667 2555 τῆς
1703 2484 1916 2540 ἐλευθε-

309 2573 472 2643 ρίας,
511 2575 621 2628 καὶ
639 2574 739 2646 τῆς
755 2575 873 2628 ,τῶν
900 2574 1088 2628 δεινῶν
1113 2575 1450 2645 ἀπαλλαγῆς.

1003 2739 1159 2792 ΚΕΦ.
1195 2739 1280 2792 Κ’.

395 2827 569 2882 Ἐὰν
586 2827 780 2896 ἀναϐῇ
810 2832 898 2894 εις
927 2828 1188 2896 οὐρανὸν
1206 2828 1392 2884 αὑτοῦ
1430 2829 1502 2882 τὰ
1537 2829 1716 2899 δῶρα.
1746 2831 1856 2885 Καὶ
1887 2833 1915 2885 ὁ

302 2922 624 2994 alga-nuo;
638 2923 767 2976 ὃταν
797 2922 1041 2995 εὔξηται,
1074 2924 1203 2980 ὅταν
1235 2927 1270 2996 ἡ
1305 2923 1464 2978 θυσία
1515 2923 1680 2980 αὐτοῦ
1739 2925 1912 2997 ἀναϐῇ

312 3017 386 3083 τῇ
421 3013 740 3084 ὑψηγορίᾳ,
785 3014 914 3068 ὅταν
964 3013 1094 3086 δοκῇ
1163 3015 1609 3086 κατεστηρίχθαι,
1658 3015 1779 3069 τότε
1834 3017 1915 3080 είς

322 3103 483 3169 τέλος
515 3105 826 3159 ἀπολεῖται·
859 3108 893 3176 ἡ
922 3105 1030 3178 γὰρ
1063 3106 1196 3178 εὐχὴ
1249 3107 1411 3160 αὐτοῦ
1462 3106 1734 3175 λογίζεται
1767 3106 1915 3178 αὐτῷ

2027 1924 2153 1980 licet
2191 1926 2519 1992 elamavero,
2570 1943 2833 1996 nusquam
2885 1937 3063 1982 tamen
3103 1926 3369 1995 judicium
3411 1942 3587 1982 meum

2027 2016 2192 2079 venit,
2223 2016 2399 2071 adhuc
2421 2028 2608 2084 certo;
2632 2033 2697 2071 ac
2727 2017 2770 2070 si
2798 2018 3058 2072 dixisset:
3083 2017 3363 2087 Tanquam
3385 2018 3590 2072 athleta

2027 2107 2080 2162 in
2122 2109 2302 2162 stadio
2333 2109 2586 2169 clamavi.
2615 2110 2880 2179 judicium
2929 2120 3104 2164 tamen
3158 2125 3338 2162 meum
3385 2124 3591 2178 nequa-

2026 2213 2193 2269 quam
2242 2200 2431 2264 instat,
2462 2200 2640 2256 adhuc
2681 2201 2823 2255 enim
2864 2201 3056 2256 luctor.
3111 2201 3170 2256 Si
3207 2211 3388 2256 autem
3433 2202 3592 2256 lucta:

2025 2290 2194 2346 finem
2217 2307 2324 2347 non
2343 2293 2675 2363 imposuere,
2693 2308 2901 2348 corona
2929 2293 3060 2348 mihi
3089 2309 3197 2348 non
3231 2293 3587 2362 adjudicatur.

2025 2381 2151 2437 lisse
2206 2399 2337 2439 vero
2390 2384 2640 2450 dicimus,
2696 2400 2764 2440 ne
2815 2384 2981 2439 Deum
3038 2399 3388 2451 accusemus,
3444 2386 3589 2454 quod

2021 2471 2190 2528 Jobus
2237 2485 2345 2528 tam
2384 2476 2570 2545 gravia
2622 2485 2916 2545 pateretur,
2974 2485 3031 2530 et
3085 2490 3352 2544 nusquam
3402 2485 3586 2530 tamen

2018 2563 2284 2634 judicium
2314 2576 2481 2630 esset,
2528 2568 2582 2622 id
2625 2578 2709 2622 est
2746 2569 3013 2624 libertatis
3053 2578 3108 2623 et
3153 2567 3491 2624 liberationis
3523 2567 3591 2623 ab

2022 2657 2282 2711 :erumnis
2307 2658 2604 2713 sententia.

2640 2747 2789 2803 CAP.
2831 2741 2950 2801 XX.

2093 2835 2256 2890 Vens.
2292 2838 2346 2892 6.
2390 2837 2452 2893 Si
2485 2839 2826 2892 ascenderint
2863 2840 2918 2892 in
2944 2838 3130 2892 (“mlum
3160 2839 3299 2892 dona
3344 2841 3480 2910 ejus.
3522 2840 3588 2897 Et

2023 2927 2307 2982 luereticus
2337 2944 2462 2984 cum
2487 2944 2675 2998 preces
2701 2932 2767 2982 ad
2803 2930 2970 2984 Deum
2999 2929 3221 2995 fuderit,
3255 2945 3378 2984 cum
3416 2931 3588 2986 sacri.

2022 3018 2200 3072 ficium
2246 3019 2363 3089 ejus
2405 3035 2528 3074 cum
2573 3017 2716 3074 fastu
2769 3029 2826 3074 et
2881 3020 3381 3090 superbiloquentia
3427 3021 3590 3077 altius

2020 3109 2350 3177 ascenderit,
2386 3125 2511 3166 eum
2557 3127 2642 3166 res
2683 3127 2795 3166 sua:
2826 3110 3003 3166 stabili
3033 3113 3085 3165 in
3121 3112 3241 3167 loco
3277 3125 3396 3166 esse
3434 3114 3588 3168 vide-

331 3198 415 3260 είς
444 3197 754 3268 ἁμαρτίαν.
788 3199 849 3250 Οἱ
905 3197 962 3250 δὲ
1018 3198 1216 3260 εἰδότες
1269 3197 1435 3252 αὐτοῦ
1493 3197 1564 3251 τὰ
1623 3198 1913 3270 σφάλματα

2017 3198 2238 3266 buntur,
2285 3211 2414 3256 tunc
2465 3200 2706 3255 funditus
2745 3201 3023 3264 interibit;
3051 3201 3169 3269 ejus
3198 3201 3344 3255 enim
3391 3217 3585 3269 preces

335 3289 788 3349 ἓκκλησιαστικοὶ
829 3287 1076 3360 ἐροῦμεν·
1113 3289 1225 3343 Ποῦ
1252 3291 1388 3344 εἰσιν
1425 3293 1474 3344 oi
1518 3289 1748 3344 τοιοῦτοι
1833 3293 1922 3346 ἐν-

327 3377 834 3444 υπνιαζόμενοικαὶ
849 3377 1278 3442 ἀναπλάττοντες
1323 3381 1538 3444 ἑαυτοῖς
1584 3380 1912 3452 σφάλματας

343 3469 422 3520 Οὐ
461 3470 528 3538 τῇ
559 3468 784 3541 ἀληθείᾳ
829 3469 928 3540 τὴν
1004 3469 1242 3526 διάνοιαν
1292 3472 1628 3541 ἐπερείδουσι
1687 3471 1916 3542 σφαλλό-

343 3571 526 3627 μενοι·
567 3556 663 3608 καὶ
695 3555 932 3622 γίνονται
962 3555 1151 3628 ὥσπερ
1200 3557 1446 3611 ἐνύπνιον
1501 3559 1853 3623 ἐκπετασθὲν,
1886 3561 1916 3614 ὃ

335 3648 402 3700 οὺ
438 3648 516 3718 μὴ
551 3647 771 3720 εὑρεθῇ.
808 3647 1055 3701 Τοιοῦτόν
1085 3665 1138 3700 τι
1164 3649 1256 3701 καὶ
1282 3649 1668 3718 Δαυῖδψάλλειο
1708 3669 1726 3701 t
1767 3653 1828 3705 Οἱ
1859 3653 1916 3706 δὲ

337 3740 531 3811 ἐχθροὶ
567 3738 663 3792 τοῦ
716 3741 922 3812 Κυρίου
970 3740 1234 3804 ἐξέλιπον.
1281 3741 1430 3810 Ἅμα
1482 3742 1542 3796 τὸ
1593 3741 1915 3814 δοξασθῆναι

336 3833 542 3895 αὐτοὺς
574 3832 670 3885 καὶ
693 3831 968 3902 ὑψωθῆναι
1000 3832 1341 3895 ἐκλείποντες
1370 3833 1501 3886 ὡσεὶ
1546 3834 1751 3898 καπνὸς
1801 3835 1916 3902 ἐξέ-

340 3921 521 3978 λιπον·
559 3942 579 3977 ι
628 3925 724 3982 καὶΙ
783 3923 970 3977 πάλινο
1018 3942 1038 3976 ι
1082 3923 1227 3976 Ὠσεὶ
1276 3926 1527 3979 ἐνύπνιον
1569 3925 1914 3999 ἐξεγειρομέ-

339 4031 467 4070 νων.
508 4034 531 4070 ι

412 4288 680 4355 Πλοῦτος
724 4289 944 4356 ἀδίκως
1001 4294 1413 4362 συναγόμενος
1465 4293 1908 4363 ὲξεμεθιξσεται.

339 4373 471 4432 υἴδα
488 4380 581 4431 καὶ
609 4378 764 4432 ἀλλον
793 4380 1020 4436 πλοῦτον
1051 4383 1249 4446 ἀδίκως
1282 4384 1649 4455 συναγόμενον
1668 4424 1684 4446 ,
1733 4384 1823 4437 τὸν
1851 4385 1910 4436 ἐν

341 4469 452 4530 τοῖς
481 4467 660 4536 λόγοις
682 4469 791 4522 τῶν
848 4471 1156 4542 αίρετικῶν,
1179 4471 1228 4525 οἳ
1275 4472 1455 4543 έχουσι
1499 4472 1791 4544 μαθήματα
1823 4474 1911 4526 ἐν-

2020 3288 2095 3344 illi
2136 3305 2236 3359 pro
2269 3300 2489 3359 peccato
2532 3291 2960 3361 imputabuntur.
3009 3289 3118 3346 Nos
3154 3305 3285 3344 vero
3325 3291 3586 3345 ecclesia-

2017 3379 2162 3446 stici,
2189 3381 2389 3448 quibus
2405 3381 2522 3450 ejus
2546 3396 2760 3436 errores
2786 3381 2986 3449 cogniti
3009 3392 3157 3445 sunt,
3181 3382 3426 3436 dicemus
3451 3401 3466 3438 :
3488 3383 3586 3438 Ubi

2017 3479 2146 3524 sunt
2191 3470 2279 3525 isti
2326 3473 2716 3538 somniatores,
2762 3473 2855 3542 qui
2889 3488 3100 3530 errores
3126 3473 3226 3528 sibi
3259 3473 3394 3544 ipsis
3433 3490 3584 3530 com-

2020 3561 2434 3616 miniscuntur?
2467 3563 2683 3632 Decepti
2723 3573 2955 3617 mentem
2992 3564 3226 3619 veritate
3272 3581 3378 3619 non
3418 3565 3586 3620 stabi-

2018 3647 2173 3713 liuut,
2205 3664 2268 3704 ac
2299 3660 2552 3719 tanquam
2587 3652 2881 3720 somnium,
2911 3655 3052 3722 quod
3080 3652 3318 3707 avolavit
3349 3663 3405 3708 et
3456 3669 3583 3708 nus--

2015 3747 2178 3802 quam
2227 3737 2557 3803 invenietur,
2608 3741 2864 3794 evadunt.
2901 3740 3040 3795 lluic
3089 3742 3267 3796 simile
3319 3742 3484 3796 David
3527 3744 3580 3798 itt

2015 3823 2242 3880 Psalmis
2274 3829 2420 3882 canit
2461 3830 2521 3882 δε
2559 3846 2578 3879 ι
2610 3828 2828 3902 inimici
2878 3841 3058 3884 autctn
3112 3833 3322 3887 Domini
3361 3835 3575 3888 defece-

2016 3926 2162 3971 runt.
2200 3937 2218 3972 ι
2258 3919 2324 3973 Et
2356 3936 2546 3976 rursus
2577 3922 2639 3975 τε
2679 3937 2698 3971 ι
2738 3920 2859 3974 Mox
2903 3931 2963 3977 ttt
3007 3924 3347 3978 bonoriﬁcati
3379 3926 3582 3982 fuerint

2012 4017 2067 4061 et
2109 4010 2362 4076 exaltati,
2412 4012 2724 4069 deficientes
2756 4015 2899 4068 sicut
2937 4013 3118 4070 fumus
3153 4014 3514 4080 defecerunt;
3555 4039 3574 4072 ι

2008 4113 2067 4160 et
2114 4105 2173 4158 8:
2215 4123 2233 4156 ι
2267 4101 2554 4175 Tanquam
2609 4107 2879 4162 somnium
2933 4121 3123 4162 eorum
3175 4107 3267 4178 qui
3325 4113 3580 4182 expergi-

2009 4204 2261 4252 scnntur.
2298 4215 2318 4248 ι

2081 4287 2247 4343 Vsus.
2286 4287 2372 4346 15.
2397 4287 2557 4358 502
2601 4287 2812 4342 Diuitim
2860 4289 3041 4360 inique
3087 4302 3414 4361 congregata:
3456 4308 3578 4348 ero-

2009 4389 2248 4435 mentur.
2280 4377 2410 4434 Novi
2443 4379 2608 4433 etiam
2634 4389 2689 4433 et
2716 4379 2860 4433 aliud
2891 4381 3091 4449 injuste
3135 4391 3578 4453 comparatarum

2010 4461 2327 4522 divitiarum
2349 4482 2540 4538 genus,
2561 4468 2704 4538 quod
2736 4468 2789 4522 in
2812 4469 3192 4525 haereticorum
3230 4473 3577 4527 sermonibus

341 4559 496 4612 αντία
523 4531 883 4630 τοῖςδὸγμασι
1046 4531 1336 4633 ἀλήθείας,⁸
1355 4531 1662 4634 ἐγγάστριά
1701 4562 1900 4616 αὐτῶνο

2017 4567 2265 4625 apparet,
2313 4563 2404 4628 qut
2453 4559 2729 4613 doctrinas
2761 4561 3009 4615 veritatis
3056 4563 3405 4631 dogmatibus
3445 4579 3577 4617 cou-

343 4651 378 4704 ἀ
407 4651 502 4702 οὐκ
527 4649 641 4704 ἐστι
675 4651 895 4720 γλυκέα,
927 4653 1061 4706 ἀλλά
1096 4671 1116 4706 ι
1147 4653 1278 4725 χολὴ
1309 4654 1534 4717 ἀσπίδος
1559 4694 1574 4714 ,
1609 4673 1627 4706 ι
1662 4654 1904 4707 τουτέστι

343 4741 568 4813 πονηράο
593 4742 669 4806 ὡς
695 4743 908 4815 εἴρηται
941 4747 998 4798 ἐν
1027 4746 1430 4817 Δευτερονομίῳ
1462 4749 1520 4799 ἐν
1563 4746 1672 4817 ᾠδῇ
1737 4746 1905 4800 Μωῦ-

343 4832 474 4897 σέως
509 4834 637 4905 περὶ
658 4834 752 4886 τοῦ
797 4836 938 4889 οἴνου
970 4837 1070 4908 τῆς
1113 4837 1462 4901 διδασκαλίας
1500 4836 1702 4890 αὐτῶν·
1743 4856 1761 4888 ι
1809 4838 1902 4891 Ἐκ

337 4927 443 5000 γὰρ
470 4929 714 5001 ἀμπέλου
759 4929 1004 5001 Σοδόμων
1033 4933 1067 5001 ἡ
1116 4931 1356 5002 ἄμπελος
1407 4930 1608 4985 αὐτῶν.
1645 4951 1664 4983 ι
1713 4931 1849 4986 Ἀλλ’
1871 4932 1902 4984 ὁ

339 5017 537 5086 ἀγαθὸς
563 5018 694 5082 Θεὸς
723 5020 824 5072 οὐκ
855 5021 1005 5074 ἐάσει
1038 5019 1234 5085 αὐτοὺς
1256 5019 1486 5073 πλοῦτον
1507 5021 1708 5084 ἀδίκως
1738 5038 1901 5074 συνα-

338 5112 552 5183 γόμενον
581 5110 726 5182 ἔχειν
755 5111 842 5163 ἀεὶ
872 5113 932 5164 ἐν
974 5112 1214 5175 ἑαυτοῖς,
1257 5111 1392 5164 ἀλλά
1447 5114 1658 5184 ποιήσει
1703 5115 1902 5179 αὐτοὺς

337 5203 604 5274 ἐξεμέσαι.
642 5202 907 5272 Ἀγγελος
935 5205 1043 5276 γὰρ
1077 5206 1198 5257 κατ’
1229 5205 1548 5276 εὐεργεσίαν
1583 5205 1718 5260 Θεοῦ
1751 5204 1900 5272 ἐξελ-

337 5293 482 5348 κύσει
522 5295 719 5356 αὐτοὺς
754 5295 839 5346 ἐπ’
871 5295 1041 5365 αὐτῆς
1076 5295 1177 5364 τῆς
1214 5295 1401 5359 κακῶς
1456 5295 1900 5367 οίκοδομηθείσης

334 5385 519 5449 οίκίας’
552 5385 674 5456 ἦτις
702 5386 850 5440 ἐστὶν
881 5387 914 5456 ἡ
952 5385 1214 5456 ἐκκλησία
1247 5386 1713 5458 πονηρευομένων.
1733 5388 1898 5442 Ἐπά-

335 5492 410 5544 γει
444 5477 598 5547 γοῦνο
630 5495 650 5529 ι
702 5477 790 5542 Ἐξ
816 5478 994 5542 οἰκίας
1022 5477 1211 5544 αὑτοῦ,
1243 5498 1262 5533 ι
1298 5479 1394 5534 καὶ
1411 5478 1481 5532 τά
1512 5479 1660 5550 ἑξῆς.

2014 4646 2211 4700 trarias
2239 4647 2292 4701 in
2319 4657 2509 4702 ventre
2538 4664 2601 4704 ac
2642 4649 2943 4704 visceribus
2976 4652 3197 4716 habent,
3230 4667 3349 4722 qua:
3385 4656 3572 4724 gustui

2011 4733 2198 4789 dulces
2227 4749 2332 4790 non
2367 4747 2514 4805 sunt,
2551 4738 2642 4793 sed
2677 4737 2796 4795 t'fel
2829 4740 3058 4809 aspidis,
3100 4760 3116 4790 ι
3159 4741 3208 4794 id
3240 4751 3344 4806 est,
3373 4741 3575 4794 vitiata:

2007 4834 2062 4879 et
2095 4837 2406 4896 corrupttn;
2459 4833 2912 4901 quemadmodum
2961 4834 3012 4887 in
3063 4832 3479 4886 Deuterouomio
3522 4839 3573 4883 et

2007 4916 2223 4970 cantico
2269 4917 2469 4988 Moysis
2521 4920 2588 4975 de
2642 4922 2902 4976 doctrina:
2955 4937 3144 4977 eorum
3192 4921 3319 4974 vino
3367 4922 3572 4976 dictum

2003 5017 2088 5062 est
2113 5007 2135 5038 ⁹
2170 5026 2185 5064 :
2227 5026 2247 5060 ι
2290 5008 2505 5064 Etenim
2533 5024 2600 5064 ex
2633 5011 2742 5064 vite
2766 5011 3124 5065 Sodomorum
3155 5011 3282 5064 vitis
3303 5025 3511 5065 eorum.
3544 5027 3571 5068 θ

2005 5097 2207 5154 Verum
2237 5101 2507 5168 benignus
2538 5101 2677 5155 Deus
2727 5117 2834 5154 non
2879 5116 3095 5172 semper
3135 5101 3370 5171 patietur
3401 5111 3458 5155 ttt
3491 5102 3572 5156 di-

2003 5191 2166 5246 vitias
2211 5207 2306 5261 per
2346 5194 2600 5262 injuriam
2651 5202 2834 5263 partas
2882 5194 3027 5249 intus
3073 5193 3425 5265 possideant,
3475 5194 3570 5247 sed

2001 5297 2257 5338 evomere
2285 5282 2406 5338 illas
2438 5283 2620 5339 faciet.
2661 5283 2902 5354 Angelus
2952 5287 3098 5341 enim
3143 5286 3322 5340 divina
3363 5283 3569 5339 benefi-

2003 5373 2180 5427 centia
2231 5388 2262 5427 ο
2300 5373 2462 5429 domo
2498 5374 2638 5430 male
2688 5383 2990 5445 exstructa,
3038 5391 3158 5447 quae
3194 5385 3280 5431 est
3325 5374 3573 5446 improbe

2003 5463 2308 5533 degentium
2338 5474 2532 5531 cintus,
2565 5465 2685 5521 illos
2721 5468 2996 5522 extrahet.
3038 5468 3218 5534 Quare
3242 5465 3520 5536 sttbjungit
3549 5480 3566 5523 :

2005 5573 2026 5607 ι
2051 5558 2125 5611 De
2153 5557 2317 5611 domo
2342 5557 2461 5625 ejus
2491 5559 2742 5614 extrahet
2767 5574 2914 5627 eum,
2951 5579 2968 5612 ι
3001 5570 3106 5615 etc.

396 5771 580 5829 'Psal.
619 5787 694 5836 Ix,
722 5773 771 5824 7.
849 5775 869 5805 "
901 5772 1040 5828 Psal.
1075 5789 1262 5837 πηνα,
1297 5773 1386 5827 20.
1463 5774 1485 5805 ⁸
1511 5769 1655 5826 Psal.
1692 5784 1863 5836 Lxxtt,
1903 5768 1913 5822 ε

2066 5767 2087 5798 ³
2134 5769 2290 5826 Deut.
2326 5786 2493 5838 χχχιι,
2529 5769 2618 5825 52.
3208 5793 3286 5854 33

639 5865 908 5926 Panos.
951 5865 1069 5928 Gn.
1120 5866 1263 5928 ΧΙΙ.

2711 5977 3192 6244 ι
