4058 6244
400 367 428 420 1
442 367 547 421 031
1757 355 2069 413 SELECTA
2106 355 2171 411 ΙΝ
2202 356 2339 414 JOB.
3527 362 3669 418 1058

391 488 625 542 δύναται
654 483 792 541 εἶναι
821 486 1136 554 ἄνθρωπος·
1173 507 1189 535 ι
1216 487 1243 538 6
1267 484 1530 538 διδάσκων
1563 484 1670 553 γάρ
1700 480 1950 553 ἄνθρωπε

2056 524 2061 541 ,
2096 494 2200 533 non
2232 493 2356 533 esse
2398 478 2607 548 possit;
2643 479 2731 547 qui
2767 479 2910 532 enim
2950 499 2965 530 ι
3003 481 3157 534 ducet
3183 481 3456 535 hominem
3492 484 3665 537 scien-

390 580 627 648 γνῶσιν,
667 599 686 631 ι
724 580 821 634 καλ.
841 580 901 632 ἐν
915 578 1159 648 Ψαλμοῖς
1185 577 1619 650 ἀναγέγραπται,
1651 576 1735 628 ὅτι
1760 575 1860 628 οὒκ
1888 573 1950 628 ἄλ

2094 572 2222 625 tiam
2258 571 2328 635 ιθ,
2366 586 2383 621 ι
2438 569 2580 623 utin
2617 569 2851 624 Psalmis
2900 573 3162 640 scriptum
3224 585 3330 639 est,
3377 590 3481 629 non
3527 575 3671 629 alius

391 671 494 735 λος
526 673 674 724 ἐστὶν
700 669 816 724 ἀλλ’
855 669 889 741 ἢ
923 668 1075 733 Θεός.
1122 668 1371 722 Διδάσκει
1404 668 1462 721 δὲ
1494 668 1628 731 Θεὸς
1650 707 1665 729 ,
1696 667 1950 738 ὲλλάμπω

2070 666 2177 716 ‘est
2222 670 2419 731 praster
2463 662 2654 715 Deum.
2699 660 2868 717 Docet
2912 675 3091 716 autem
3124 665 3267 718 Deus
3298 665 3546 735 discipuli
3582 668 3665 720 sui

389 765 466 833 τῇ
494 762 642 833 ψυχῇ
660 762 755 816 τοῦ
789 761 1153 834 μανθάνοντος
1174 761 1267 814 ὑπ’
1296 759 1484 825 αὑτοῦ,
1510 760 1604 813 καὶ
1626 759 1727 830 τὴν
1750 759 1950 814 διάνοια

2090 755 2329 806 animam
2361 751 2709 817 illustrando,
2748 765 2803 808 et
2833 769 2965 809 vero
2994 755 3218 820 lumine,
3254 758 3418 810 verbo
3452 758 3667 813 scilicet

391 854 653 922 φωτίζων
682 854 761 926 τῷ
792 854 932 923 φωτὶ
953 853 1031 925 τῷ
1053 853 1291 926 ἀληθινῷ
1314 855 1391 926 τῷ
1423 858 1617 910 ἑαυτοῦ
1649 855 1812 925 λόγῳ.
1842 853 1950 906 Οὐκ

2090 859 2210 906 suo,
2243 853 2479 898 mentem
2514 842 2890 900 illuminando.
2923 846 2988 901 Et
3013 847 3237 917 quidem
3266 847 3391 903 licet
3417 848 3668 903 homines

388 939 527 1002 οῦν,
562 939 666 994 κᾶν
703 940 897 1010 ἄνδρες
934 939 1131 994 δίκαιοι
1157 944 1308 1013 ἡμᾶς
1339 942 1652 1005 διδάσκωσι,
1684 940 1950 995 διδασκαλη

2082 933 2240 1002 justi,
2293 934 2521 990 docendi
2575 939 2812 1006 gratiam
2858 940 3160 1005 consecuti,
3218 956 3317 995 nos
3370 940 3664 1005 erudiam;

391 1030 503 1104 κὴν
530 1032 810 1103 εἰληφότες
856 1032 1015 1107 χάριν
1034 1072 1049 1096 ,
1084 1032 1246 1087 πάλιν
1271 1035 1300 1087 6
1326 1034 1530 1106 Κύριός
1558 1036 1706 1089 ἐστιν
1734 1037 1762 1089 ὀ
1789 1034 1857 1088 δι’
1890 1036 1950 1088 αὖ

2088 1026 2231 1083 Deus
2282 1037 2466 1083 tamen
2514 1040 2597 1083 est
2662 1029 2755 1102 qui
2800 1045 2899 1100 per
2953 1045 3051 1085 eos
3096 1047 3195 1087 uos
3236 1033 3514 1088 instituit:
3558 1033 3668 1088 imo

385 1122 509 1174 τῶν
536 1121 803 1175 διδάσκων
818 1123 968 1193 ἡμᾶς
984 1138 996 1151 ·
1025 1122 1118 1176 καὶ
1148 1122 1282 1178 αὐτὸ
1305 1122 1362 1177 δὲ
1391 1123 1452 1177 τὸ
1476 1124 1710 1177 συνιέναι
1729 1122 1825 1176 καὶ
1840 1122 1950 1176 διαν

2086 1131 2138 1174 el
2178 1119 2308 1175 illud
2339 1121 2518 1176 divina
2551 1121 2724 1192 gratia
2759 1122 2841 1187 ιιι,
2871 1130 2928 1176 ιιι
2965 1122 3351 1192 intelligamus,
3379 1136 3434 1179 et
3466 1128 3535 1179 ad
3575 1126 3663 1180 di-

385 1212 646 1282 οιχθῆναι
695 1212 797 1275 τὰς
856 1212 1086 1283 καρδίας
1153 1213 1312 1285 ἡμῶν
1368 1215 1449 1278 εἰς
1502 1214 1602 1286 τὴν
1657 1213 1766 1267 τῶν
1824 1213 1950 1267 θείω

2087 1211 2336 1267 vinarum
2357 1212 2734 1270 doctrinarum
2752 1214 3117 1283 receptionem
3136 1217 3299 1270 corda
3322 1217 3658 1285 aperiamus.

390 1303 741 1375 μαθημάτων
818 1305 1157 1380 παραδοχὴν,
1196 1305 1337 1361 κατὰ
1396 1307 1497 1380 τὴν
1556 1306 1709 1361 θείαν
1773 1307 1982 1376 γίνεται
3634 1314 3637 1317 ’

430 1401 579 1455 άοιν.

385 1418 559 1547 χαῩΗν
587 1493 776 1564 λόγον
808 1508 925 1547 σου
970 1491 1326 1562 ποιούμενος
1372 1492 1605 1563 ἐλέγξει
1656 1511 1731 1548 σε
1755 1509 1776 1559 ἶ
1836 1493 1949 1566 Πρὸ

2157 1487 2323 1542 Vens.
2362 1487 2418 1544 4.
2462 1490 2567 1541 Aut
2605 1488 2863 1542 rationem
2890 1490 2971 1541 tui
2996 1491 3193 1543 habens
3228 1498 3411 1559 urguet
3444 1497 3493 1542 te
3520 1492 3544 1540 Σ)
3580 1490 3661 1545 Ad

377 1585 552 1639 τοῦτο
615 1588 863 1657 εἴποιμεν
927 1586 1035 1649 ἂν,
1119 1586 1199 1639 ὅτι
1269 1586 1330 1639 οὐ
1408 1586 1707 1660 φροντίζων
1765 1589 1796 1641 6
1847 1587 1950 1641 Θεδ

2083 1580 2187 1634 hoc
2216 1580 2549 1650 respondere
2579 1596 2898 1653 possumus,
2929 1581 3201 1636 hominem
3237 1582 3462 1650 impium
3487 1599 3516 1634 ιι
3552 1583 3660 1635 Deo

384 1678 605 1749 μήποτε
640 1677 803 1740 αὐτός
853 1694 906 1729 τι
956 1676 1124 1748 βλαϐῇ
1147 1715 1162 1739 ,
1213 1676 1424 1748 ἐλέγχει
1467 1677 1559 1731 τὸν
1597 1678 1798 1750 ἀσεϐῆο
1841 1678 1950 1733 ἀλλι

2082 1672 2264 1742 argui,
2296 1686 2404 1725 non
2437 1673 2582 1741 quod
2625 1672 2903 1727 sollicitus
2931 1673 3002 1729 sit
3033 1686 3100 1727 ne
3126 1674 3383 1727 damnum
3439 1675 3657 1745 aliquod

378 1767 548 1836 λόγον
590 1768 909 1833 ποιούμενος
954 1767 1050 1822 τοῦ
1092 1769 1489 1840 προνοουμένου
1529 1771 1621 1825 καὶ
1670 1770 1950 1843 εὐεργετῶ*

2077 1764 2128 1818 ei
2158 1762 2378 1826 inferat,
2425 1763 2520 1818 sed
2568 1763 2697 1832 quia
2744 1778 2909 1833 quem
2946 1766 3292 1836 providentia
3324 1781 3421 1821 sua
3466 1767 3658 1837 digna-

380 1857 574 1914 αὐτόν.
2004 1845 2049 1901 Β
2080 1863 2189 1917 tur,
2233 1870 2423 1910 curam
2475 1855 2592 1924 ejus
2645 1868 2822 1929 gerat,
2860 1866 2916 1912 et
2950 1857 3308 1915 beneﬁcentia
3358 1874 3459 1915 sua
3503 1874 3654 1914 com-

482 2034 867 2110 Ἦνεχύράζες
929 2041 1072 2108 τοὺς
1132 2043 1434 2113 ἀδελφούς
1486 2061 1605 2101 σου
1679 2047 1969 2117 διακενῆς.

388 2130 801 2204 Ὗπολαμϐάνει
852 2133 910 2187 δὲ
964 2133 1121 2188 τι.ιῦτο
1174 2138 1304 2207 περὶ
1362 2136 1458 2190 τοῦ
1505 2136 1625 2191 Ἰὼϐ
1690 2139 1970 2207 ἐντεῦθεν,

377 2226 468 2280 ὅτι
521 2226 637 2295 ᾔδει
684 2224 847 2277 αὐτὸν
896 2223 1189 2291 πλούσιον,
1228 2229 1322 2281 καὶ
1364 2228 1683 2283 ὑπώπτευεν
1727 2230 1835 2284 ἀπὸ
1862 2249 1974 2287 τοι·

376 2318 556 2368 ούτων
582 2315 741 2369 τινῶν
767 2315 948 2385 πόρων
970 2316 1216 2370 πλουτεῖν
1243 2319 1406 2373 αὐτόν
1425 2336 1439 2349 θ
1472 2320 1553 2375 διό
1578 2339 1742 2393 φησιν
1760 2325 1970 2379 ἰἩνε-

375 2406 620 2477 χύραζες
730 2405 1020 2476 διακενῆς⁸
1059 2425 1078 2459 ι
1121 2409 1371 2463 τουτέστι
1414 2411 1580 2482 μηδὲν
1616 2413 1971 2487 ἐποφειλόμε-

375 2514 490 2560 νος.
525 2497 960 2567 Προσεπιτείνων
998 2498 1056 2554 δὲ
1101 2499 1263 2555 πάλιν
1297 2501 1465 2576 ἄλλην
1495 2503 1659 2558 αὐτοῦ
1690 2506 1969 2579 ἁμαρτίαν

378 2588 569 2661 φησίν.
585 2590 591 2597 ’

461 2771 783 2843 Ἀμφίασιν
820 2772 890 2827 δὲ
929 2774 1170 2844 γιζμνῶκι⁸
1215 2775 1491 2845 ἀφείλου.
1531 2777 1689 2831 Ἔστι
1717 2778 1847 2832 ποτὲ
1871 2778 1967 2835 λα-

374 2862 494 2917 ϐεῖν
526 2863 912 2935 ἀμφιάσματα,
944 2866 1005 2919 οὐ
1034 2867 1263 2938 γυμνοῦ,
1286 2867 1421 2922 ἀλλά
1451 2867 1727 2935 πλουσίου,
1750 2869 1966 2941 ἔχοντος

374 2957 714 3030 ἀποκείμενα
749 2959 1022 3030 ἐνδύματα
1057 2960 1247 3019 πολλά.
1294 2962 1420 3016 Ἐάν
1473 2962 1723 3035 μέντοιγε
1760 2963 1965 3035 χιτῶνα

373 3047 474 3122 ἔχῃ
512 3068 595 3115 τις
633 3051 760 3116 ἕνα,
804 3052 897 3105 καὶ
940 3051 1130 3107 τοῦτον
1174 3053 1269 3108 τὸν
1312 3054 1513 3125 χιτῶνα
1559 3055 1831 3129 προφάσει
1868 3054 1963 3113 τοῦ

372 3145 627 3198 ἀπαιτεῖν
659 3145 721 3197 τὸ
752 3145 884 3216 ἐμὸν
927 3146 1137 3200 ὲκδύσω
1163 3188 1177 3211 ,
1214 3146 1293 3219 μὴ
1330 3147 1560 3217 ἐλεήσας
1603 3149 1807 3201 ἐκεῖνον
1867 3148 1959 3201 τὸν

371 3236 581 3307 γυμνὸν
594 3276 615 3301 Α,
657 3237 924 3307 ἀμφίασιν
960 3236 1055 3291 τοῦ
1087 3238 1296 3313 γυμνοῦ
1326 3238 1647 3309 ἀφειλόμην.
1691 3238 1869 3292 Πολλὰ
1900 3239 1956 3292 δὲ

371 3324 599 3379 τοιαῦτα
620 3327 678 3380 ὲν
705 3327 835 3398 ἡμῖν
869 3327 1097 3396 γίνεται,
1115 3329 1244 3383 ὅταν
1264 3328 1617 3401 δανείζωμεν,
1640 3330 1767 3385 ὅταν
1790 3347 1957 3402 προσ-

372 3417 654 3485 οφειλέτας
702 3419 933 3489 ἔχωμεν.
987 3421 1257 3485 Πολλάκις
1290 3424 1318 3475 6
1353 3421 1638 3497 ὀφειλέτης
1675 3422 1834 3495 ἡμῶν
1874 3423 1954 3485 είς

373 3507 677 3581 ὑπερϐολὴν
725 3509 979 3576 πένεται,
1027 3513 1102 3586 μὴ
1145 3512 1439 3585 δυνάμενος
1487 3515 1807 3571 ἀποδοῦναι’
1862 3513 1954 3569 καὶ

372 3601 569 3673 ἡμεῖς,
605 3602 674 3656 τὰ
719 3585 1003 3676 σπλάγχνα
1060 3585 1217 3678 ἡμῶν
1258 3607 1703 3675 ἀποκλείσαντες,
1736 3607 1830 3662 καὶ⁹
1876 3608 1951 3682 μὴ

372 3689 680 3760 βλέποντες,
711 3694 793 3747 ὅτι
822 3698 1056 3763 γυναῖκα
1080 3696 1293 3770 τρέφει,
1320 3698 1413 3750 καὶ
1442 3698 1609 3773 τέκνα
1629 3737 1646 3767 ,
1674 3698 1768 3752 καὶ
1801 3698 1951 3771 μόλις

369 3785 625 3856 τρέφεται
658 3786 765 3839 ἀπὸ
796 3786 906 3840 τῶν
933 3788 1303 3861 ποριζομένων
1332 3789 1480 3867 αὐτῴ
1507 3790 1700 3862 ὀλίγων
1722 3789 1948 3856 ὀϐολῶν,

370 3876 706 3948 ἀπαιτοῦμεν
748 3878 996 3951 πικρῶς,
1027 3880 1138 3934 ἔσθ’
1172 3882 1263 3935 ὅτε
1314 3883 1411 3936 καί¹
1456 3881 1693 3954 περισσά
1735 3881 1949 3953 ἔχοντες

371 3972 498 4042 παρ’
546 3971 775 4034 ἑαυτοῖς.
823 3972 1007 4026 Ταῦτα
1057 3969 1148 4026 οὖν
1194 3972 1340 4043 λέγει
1387 3974 1632 4043 ἐγκαλῶν
1678 3973 1757 4044 τῷ
1801 3973 1944 4037 Ἰὼϐ,

370 4063 477 4122 ὅτι.
520 4083 541 4114 ι
586 4064 877 4134 ’Ᾱμφίασιν
905 4066 1127 4135 γυμνῶν
1163 4066 1407 4136 ἀφείλου.
1461 4086 1478 4117 ι
1530 4068 1691 4129 Ἴσως
1738 4065 1796 4119 δὲ
1855 4066 1947 4119 καὶ

370 4153 429 4207 τὸ
472 4154 547 4225 μὴ
589 4155 771 4209 δοῦναι
814 4154 893 4225 τῷ
942 4155 1133 4227 γυμνῷ
1165 4157 1379 4229 ἱμάτιον
1423 4156 1713 4228 ἀφαίρεσιν
1745 4155 1945 4227 ὀνομά-

370 4245 482 4309 ζει’
532 4245 911 4317 ἀποστερητὴς
951 4246 1060 4318 γάρ
1094 4248 1218 4301 ,ἐστι
1266 4247 1359 4302 καὶ
1406 4247 1734 4318 πλεονέκτης
1780 4247 1873 4299 καὶ
1916 4250 1945 4302 6

373 4335 445 4408 μὴ
478 4334 678 4389 ὲνδύων
706 4336 799 4388 τὸν
823 4336 1028 4405 γυμνὸν
1054 4377 1068 4401 ,
1102 4338 1193 4391 καὶ
1231 4337 1257 4391 6
1292 4338 1374 4410 μὴ
1405 4338 1619 4411 τρέφων
1653 4336 1742 4391 τὸν
1776 4337 1942 4410 ἄρτου

369 4424 638 4501 δεόμενον.

332 4659 344 4693 ξ’
447 4695 818 4765 Ἑθαύμασας
843 4695 909 4749 δέ
941 4712 1118 4750 τινων
1144 4698 1453 4765 πρόσωπα.
1500 4698 1662 4751 ’Λλλο
1693 4699 1785 4753 καὶ
1810 4698 1935 4752 τοῦ-

368 4806 426 4845 το
448 4790 766 4862 ἁμάρτημα·
792 4789 1092 4862 ἁμάρτημα
1108 4790 1216 4863 γὰρ
1241 4792 1335 4845 καὶ
1357 4792 1417 4844 τὸ
1440 4791 1739 4863 θαυμάζειν
1770 4791 1938 4864 πρόσ-

368 4900 526 4937 ωπον.
572 4884 627 4937 Ὀ
669 4883 836 4948 δεῖνα,
875 4884 955 4936 ὅτι
1002 4882 1255 4950 πλούσιός
1285 4886 1423 4949 ἐστι,
1471 4885 1734 4955 θαυμάζω
1764 4883 1930 4937 αὐτοῦ

2074 1944 2367 2015 plectatur.

2153 2036 2315 2092 Vens.
2351 2037 2406 2092 6.
2450 2036 2513 2092 In
2536 2039 2725 2109 pignus
2748 2049 2924 2093 autem
2952 2040 3201 2109 accepisti
3225 2041 3421 2110 fratres
3449 2051 3569 2096 tuo:
3595 2042 3653 2094 in

2076 2145 2289 2183 canum.
2326 2129 2439 2185 iloc
2468 2142 2651 2185 autem
2688 2132 2756 2186 de
2783 2129 2921 2186 Jobo
2953 2146 3019 2185 ex
3051 2147 3117 2187 eo
3152 2134 3490 2202 suspicatur,
3526 2134 3652 2203 quia

2074 2220 2297 2273 divitem
2322 2235 2445 2273 eum
2477 2218 2647 2275 fuisse
2673 2232 3022 2290 cognoverat,
3052 2230 3106 2276 et
3138 2221 3405 2289 ejusmodi
3453 2223 3652 2292 aliqui-

2074 2308 2176 2365 bus
2212 2310 2515 2366 rationibus
2557 2312 2884 2383 locupletem
2936 2313 3178 2368 evasisse
3222 2314 3649 2383 suspicabatur:

2070 2405 2299 2468 idcirco,
2336 2424 2355 2458 ι
2388 2407 2612 2478 Pignus,
2646 2406 2839 2476 inquit,
2885 2407 2943 2462 in
2985 2424 3186 2463 vanum
3222 2412 3504 2479 accepisti,
3543 2430 3564 2464 ι
3596 2412 3651 2466 id

2069 2507 2154 2552 est
2206 2498 2437 2553 fructum
2481 2498 2687 2553 nullum
2721 2499 2851 2553 inde
2875 2500 3204 2571 percipiens.
3244 2502 3649 2572 hnprobitatem

2071 2598 2253 2644 autem
2295 2589 2416 2663 ejus
2458 2604 2819 2660 exaggerans,
2870 2592 3014 2646 aliud
3057 2603 3321 2663 praeterea
3359 2604 3643 2664 peccatum

2068 2681 2184 2752 eius
2212 2680 2378 2737 addit.

2142 2772 2211 2826 Et
2249 2774 2500 2826 amictum
2533 2773 2797 2826 nudorum
2830 2773 3119 2829 abstulisti.
3149 2774 3234 2830 Fit
3266 2776 3547 2833 interdum
3590 2787 3649 2832 ut

2068 2864 2442 2919 indumentum
2471 2864 2739 2932 capiatur,
2772 2879 2875 2917 non
2918 2877 3095 2920 autem
3132 2867 3288 2936 nudi,
3318 2870 3413 2924 sed
3443 2869 3649 2936 divitis,

2067 2956 2159 3025 qui
2218 2956 2385 3010 multa
2439 2958 2773 3015 vestimenta
2824 2960 3105 3014 recondita
3153 2961 3317 3025 habet
3361 2980 3375 3017 :
3425 2963 3468 3017 si
3518 2978 3648 3016 vero

2069 3047 2190 3116 quis
2217 3049 2453 3103 tunicam
2502 3051 2717 3105 unicam
2763 3060 2974 3105 tantmn
3026 3053 3248 3118 habeat,
3285 3064 3340 3108 et
3370 3054 3511 3111 hanc
3543 3057 3646 3111 sub

2074 3150 2339 3211 praalextu
2392 3146 2667 3212 repetendi
2714 3146 2858 3214 quod
2916 3161 3093 3199 meum
3147 3153 3249 3213 est,
3303 3147 3449 3202 nulla
3509 3151 3637 3204 nudi

2065 3231 2209 3287 illius
2258 3233 2611 3289 miseratione
2652 3247 2848 3302 tactus,
2896 3238 3224 3302 detraxero,
3282 3240 3409 3293 nudi
3472 3241 3634 3295 indu-

2069 3331 2311 3376 mentum
2344 3324 2563 3379 abstuli.
2592 3325 2748 3379 Talia
2780 3335 2961 3379 autem
2996 3328 3165 3380 multa
3197 3326 3342 3382 inter
3378 3344 3477 3385 nos
3509 3344 3634 3386 eve-

2065 3415 2244 3480 niunt,
2273 3430 2394 3471 cum
2439 3416 2607 3473 fenori
2640 3418 2897 3487 pecunias
2941 3421 3283 3489 exponimus,
3309 3432 3363 3478 et
3392 3438 3513 3478 cum
3541 3424 3633 3479 de-

2068 3504 2335 3561 bitoribus
2365 3508 2577 3578 negotia
2614 3509 2899 3568 habemus.
2934 3512 3322 3582 Saepenumero
3354 3514 3446 3585 qui
3480 3516 3642 3571 nobis

2064 3595 2247 3651 debito
2277 3598 2659 3669 obstringitur,
2696 3604 2747 3656 in
2778 3620 2989 3658 summa
3032 3613 3116 3660 est
3163 3613 3425 3673 egestate,
3472 3606 3545 3660 ita
3578 3615 3640 3660 ut

2063 3688 2325 3746 solvendo
2356 3692 2589 3749 omnino
2640 3711 2747 3751 non
2798 3700 2922 3765 sit;
2967 3713 3064 3751 nos
3116 3712 3246 3751 vero
3296 3712 3639 3769 nequaquam

2057 3784 2467 3842 considerantes
2518 3794 2661 3858 quod
2703 3793 2988 3863 coniugem
3042 3800 3095 3848 et
3150 3791 3351 3849 liberos
3411 3796 3637 3854 alendos

2058 3876 2276 3941 habeat,
2307 3889 2361 3935 et
2394 3882 2583 3951 paucis
2611 3881 2774 3955 504
2798 3884 2973 3941 obolis
3007 3885 3095 3952 qui
3149 3885 3224 3939 illi
3271 3886 3630 3953 exhibentur,

2056 3965 2352 4025 diﬂicnlter
2395 3972 2562 4026 vitam
2612 3979 2908 4041 sustineat,
2953 3975 3191 4031 occlusis
3243 3977 3630 4034 misericordiae

2056 4058 2404 4125 visceribus,
2468 4078 2592 4117 cum
2648 4067 2952 4121 acerbitate
3013 4066 3253 4120 debitum
3319 4068 3629 4136 exigimus,

2064 4146 2222 4217 idque
2251 4148 2525 4202 interdum
2555 4167 2678 4207 cum
2716 4154 2814 4224 ipsi
2839 4156 3281 4210 rerumomnium
3304 4157 3631 4213 abundantia

2058 4236 2518 4295 circumﬂuamus.
2552 4242 2679 4299 Haec
2705 4247 2867 4317 igitur
2897 4246 3090 4301 Jobum
3125 4248 3439 4318 vituperans
3464 4251 3628 4308 dicit:

2056 4347 2075 4381 ι
2108 4330 2379 4386 Amictum
2404 4335 2671 4390 nudorum
2696 4339 2990 4397 abstulisti.
3026 4360 3043 4392 ι
3094 4339 3347 4396 Fortasse
3377 4344 3544 4399 etiam
3578 4356 3634 4402 et

2052 4423 2435 4480 vestimentum
2468 4430 2612 4482 nudo
2650 4446 2756 4482 non
2790 4434 3047 4499 praebere,
3079 4432 3413 4490 ablationem
3446 4450 3623 4493 vocat.

1974 4542 2019 4597 υ
2050 4511 2153 4578 Qui
2209 4517 2357 4571 enim
2413 4520 2614 4574 nudum
2671 4537 2778 4575 non
2826 4520 3024 4589 induit,
3062 4534 3119 4577 et
3163 4538 3442 4584 carentem
3488 4548 3630 4601 pane

2055 4619 2161 4659 non
2192 4606 2311 4673 alit,
2348 4606 2626 4665 fraudator
2651 4620 2821 4667 estet
2857 4612 3020 4668 alieni
3054 4615 3266 4672 avidus.

2123 4697 2286 4753 Vens.
2317 4700 2375 4754 8.
2417 4699 2483 4752 Et
2520 4702 2816 4758 admiratus
2846 4721 2900 4759 es
2934 4708 3285 4776 quorumdam
3319 4723 3621 4775 personam.

2045 4787 2161 4867 Hoc
2215 4798 2474 4859 prteterea
2527 4792 2672 4847 aliud
2729 4784 2934 4848 crimen
2991 4805 3096 4849 est.
3167 4796 3413 4849 Hominis
3474 4798 3620 4849 enim

2041 4895 2329 4950 personam
2387 4884 2436 4936 in
2504 4886 2863 4939 admiratione
2926 4886 3152 4952 habere,
3214 4896 3440 4955 peccato
3514 4903 3622 4941 non

368 4974 423 5028 τὸ
447 4973 762 5045 πρόσωπονο
804 4974 895 5028 τὸν
930 4975 988 5028 δὲ
1028 4976 1238 5047 πένητα
1269 4976 1599 5041 καταπατῶ,
1633 4977 1931 5048 ἐπειδήπερ

2056 4983 2234 5027 :aret:
2273 4975 2434 5044 hujus
2472 4991 2785 5044 personam,
2836 4977 2960 5045 quia
3016 4976 3173 5030 dives
3226 4989 3333 5041 est,
3388 4994 3620 5033 veneror

367 5066 571 5139 ἀξίωμα
596 5069 696 5122 οὐκ
721 5068 853 5138 ἔχει.

432 5257 641 5309 Ἔσται
672 5253 786 5307 οὗν
823 5268 925 5307 σοι
954 5256 986 5306 ό
1020 5250 1443 5321 παντοκράτωρ
1470 5249 1715 5318 βοηθός.
1754 5248 1938 5316 ’Υγιὲς

368 5346 542 5401 ἐνθάδε
587 5344 762 5415 δόγμα
789 5346 819 5397 6
855 5343 1079 5413 Ἐλιφάζ
1113 5342 1263 5413 λέγει
1290 5360 1301 5371 ·
1339 5343 1510 5395 οἴεται
1550 5341 1659 5413 γὰρ
1690 5341 1782 5394 τὸν
1820 5339 1939 5393 Ἰὼϐ

365 5435 441 5489 διὰ
466 5435 534 5488 τὰ
556 5435 928 5506 ἁμαρτήματα
960 5434 1189 5505 πάσχειν
1209 5473 1224 5496 ,
1254 5433 1346 5487 καὶ¹
1390 5435 1470 5487 ὅτι
1509 5431 1808 5503 ὑπομείνας
1838 5448 1937 5485 κα-

368 5528 599 5599 θαίρεται
629 5527 694 5581 δι’
724 5526 891 5581 αὐτοῦ
936 5526 1029 5581 τοῦ
1083 5527 1312 5597 πάσχειν
1338 5543 1350 5555 ·
1384 5526 1478 5579 καὶ
1509 5524 1930 5597 καθαιρόμενος,

369 5620 538 5692 ὥσπερ
573 5621 772 5691 χρυσὸς
800 5622 857 5673 ὲν
883 5620 1255 5691 χωνευτηρίῳ,
1285 5620 1505 5691 δόκιμος
1544 5619 1928 5687 ἀποφαίνεται,

369 5715 458 5766 πᾶν
500 5712 561 5765 τὸ
610 5712 889 5783 ἀλλότριον
940 5711 1307 5783 ἀποθέμενος,
1358 5712 1451 5765 καὶ
1497 5710 1677 5780 πάσης
1730 5708 1929 5773 κακίας

427 5831 467 5863 ¹⁰
513 5828 651 5883 Psal.
698 5845 867 5896 xcm,
922 5828 1009 5884 10.

2036 5075 2093 5120 et
2133 5065 2411 5135 admiror;
2447 5083 2735 5137 pauperem
2790 5084 2943 5133 vero,
2990 5071 3113 5139 q'tia
3163 5069 3306 5124 nulla
3357 5071 3617 5140 dignitate

2041 5160 2304 5229 praeditus
2329 5170 2433 5223 est,
2465 5162 2564 5215 sub
2592 5162 2819 5230 pedibus
2855 5163 3139 5217 conculco.

2119 5250 2284 5306 Vsus.
2331 5252 2423 5308 25.
2470 5252 2587 5306 Erit
2628 5253 2792 5322 igitur
2843 5265 2963 5309 tuus
3013 5256 3346 5320 omnipotens
3380 5257 3616 5325 adjutor.

2044 5344 2334 5414 Eliphazus
2374 5345 2475 5400 hoc
2511 5344 2630 5400 loco
2662 5362 2857 5402 sanum
2889 5347 3088 5417 dogma
3138 5348 3385 5418 profert;
3421 5346 3615 5402 Jobum

2041 5435 2186 5490 enim
2241 5446 2463 5507 propter
2508 5444 2730 5509 peccata
2782 5438 2893 5508 pati
2938 5439 3167 5492 adversa
3211 5438 3530 5501 arbitratur,
3561 5447 3617 5493 et

2041 5525 2185 5593 quod
2253 5525 2366 5594 ipsa
2416 5525 2681 5580 malorum
2741 5527 3065 5582 toleratione
3106 5527 3426 5583 sustinendo
3483 5542 3615 5597 pur-

2040 5626 2217 5685 getur,
2271 5627 2325 5672 et
2371 5630 2652 5689 purgatus,
2706 5619 2920 5688 aiijCClO
2968 5620 3115 5674 omni
3160 5620 3362 5685 alieno,
3395 5628 3451 5674 et
3474 5618 3615 5675 liber

2026 5708 2106 5762 ab
2153 5708 2256 5764 ulla
2302 5710 2668 5780 improbitatis
2710 5712 2960 5768 mistura.
3013 5720 3265 5781 tanquam
3314 5727 3506 5767 aurum
3559 5712 3613 5766 in
