4058 6244
339 344 473 400 {Ml

1686 345 1993 405 SELECTA
2027 347 2093 404 ΙΝ
2128 348 2263 406 JOB.

3441 355 3578 412 illi?
3607 369 3611 374 '

339 462 564 530 ροὺντες
596 463 671 531 τῷ
703 463 894 533 δικαίῳ
922 462 1220 533 τοῦλόγου,
1271 463 1423 516 αὐτοὶ
1452 463 1617 516 αὑτοῦ
1651 465 1907 536 παρόντος

2021 475 2346 535 potestatem
2403 464 2656 535 loquendi
2695 465 2851 531 justo
2880 464 3272 527 concedentes,
3320 472 3582 532 prasente

336 554 562 623 ισξγων.

415 644 724 698 Δάκτυλον
758 645 1059 710 ἐπιθέντες
1094 644 1191 697 ἐπὶ
1227 643 1306 709 τῷ
1331 647 1598 712 στόματι.
1634 645 1780 710 Δόξει
1814 646 1910 715 μὲν

337 731 435 787 οὖν
467 736 560 788 καὶ
591 739 811 806 σημεῖον
837 731 976 788 εἶναι
1009 736 1219 804 σιωπῆς
1245 735 1326 799 τὸ,
1366 736 1624 790 δάκτυλον
1650 736 1910 789 ἐπιθεῖναι

337 825 435 877 ἐπὶ
473 825 549 896 τῷ
581 827 806 898 στόματι
827 845 840 857 ο
872 829 1014 896 τάχα
1047 827 1102 879 δέ
1128 867 1141 888 ,
1173 828 1296 879 ἐπεὶ
1338 828 1372 897 ἡ
1418 827 1544 898 χεὶρ
1574 827 1694 881 ἀντὶ
1736 828 1912 900 ἔργων

335 914 696 984 λαμϐάνεται,
724 916 893 988 δηλοῖ,
921 917 1002 969 ὄτι
1030 915 1088 967 τὸ
1116 914 1274 986 ἔργον
1298 914 1476 968 αὑτῶν
1506 915 1702 986 ἐφίμου
1732 916 1914 971 αὑτοῖς

334 1006 410 1059 τά
443 1007 616 1079 χείλη.
642 1008 735 1061 καὶ
767 1010 928 1061 οἱονεὶ
952 1007 1146 1078 δεσμός
1167 1024 1249 1069 τις
1271 1005 1348 1076 τῷ
1375 1005 1600 1077 στόματι
1625 1006 1872 1059 ἐπέκειτο
1894 1022 1908 1036 ⁸

337 1099 553 1169 ᾐσθήθη
563 1114 658 1152 σαν
681 1099 805 1170 γάρ,
825 1101 903 1152 ὅτι
927 1101 1027 1153 οὑκ
1060 1099 1197 1152 εἰσὶν
1222 1097 1357 1162 ἄξιοι
1377 1097 1470 1150 τοὺ
1497 1097 1698 1162 λαλεῖν,
1722 1097 1914 1168 παρόν-

339 1204 432 1252 τος
457 1189 550 1241 τοῦ
582 1189 723 1254 Ἱὼὸ,
759 1189 980 1260 μείζονα
1008 1189 1145 1263 ἔργα
1178 1189 1553 1258 πεποιηκότος,
1579 1189 1732 1242 αὑτοὶ
1758 1189 1912 1257 όλίγα

342 1282 686 1352 πεπραχότες
711 1299 724 1312 ·
749 1285 776 1334 ὁ
799 1283 904 1354 γὰρ
933 1282 1192 1345 δάκτυλος
1214 1281 1312 1352 τὴν
1337 1280 1624 1352 ἐλαχίστην
1658 1281 1926 1352 σημαίνει-

339 1369 538 1437 πρᾶξιν
565 1371 658 1423 καὶ
692 1371 989 1442 ἐνέργειαν.

411 1461 813 1528 Δικαιοσύνην
846 1461 914 1514 δὲ
939 1461 1298 1516 ἐνδεδύκεηι.
1327 1462 1501 1515 Καλὸν
1530 1463 1733 1533 χιτῶνα
1771 1463 1912 1532 ὑφα-

337 1569 430 1607 νεν
465 1551 642 1622 ἐαυτῷ
692 1555 722 1604 ό
766 1553 914 1619 Ἰὼϐ,
962 1553 1048 1606 ἵνα
1086 1553 1371 1623 ἐνδύσηται
1423 1554 1520 1624 τὴν
1565 1554 1911 1625 δικαιοσύνην

339 1644 466 1696 ἀντὶ
493 1642 734 1713 χιτῶνος.
772 1643 876 1696 Ἴδε
907 1644 1070 1696 αὑτοῦ
1097 1645 1189 1696 καὶ
1214 1644 1274 1696 τὸ
1317 1645 1527 1715 ἱμάτιον
1551 1661 1564 1674 ·
1599 1644 1910 1717 δικαιοσύνη

338 1736 368 1786 ό
394 1732 557 1803 χιτών
575 1750 587 1763 ·
616 1736 788 1804 κρῖμα
813 1736 845 1804 ἡ
881 1733 1104 1797 διπλοῖς.

961 1826 1093 1877 ΚΕΦ
1117 1865 1130 1878 .
1166 1826 1287 1880 AB'.

428 1915 710 1982 Φοϐηθεὶς
753 1915 858 1969 τοῦ
901 1916 1044 1984 ὑμῖν
1089 1918 1433 1987 ἀναγγεῖλαι
1485 1919 1598 1988 τὴν
1652 1919 1912 1989 ἐμαυτοῦ

337 2003 700 2074 ἐπιστήμην.
763 2007 1188 2075 Ἐπαγγέλλεται
1244 2009 1425 2080 μέντοι
1469 2030 1487 2062 ι
1534 2013 1842 2083 ἐπιστήμην
1888 2031 1907 2063 ι

340 2094 487 2164 ἔχειν
510 2133 525 2158 ,
570 2095 603 2167 ἢ
627 2134 643 2160 ,
673 2096 813 2150 κατὰ
839 2099 963 2160 τοὺς
992 2099 1212 2162 λοιποὺς
1238 2139 1252 2162 ,
1287 2119 1304 2151 ι
1345 2101 1543 2170 γνῶσιν
1564 2142 1579 2165 ,
1622 2122 1640 2153 ›
1679 2103 1794 2166 πῶς
1822 2103 1914 2157 άν-

339 2184 550 2256 θρωποι
602 2187 898 2258 πάσχουσιν
957 2191 1014 2241 ἐν
1077 2190 1154 2260 τῷ
1205 2191 1333 2262 βίῳ·
1387 2193 1505 2257 πῶς
1553 2211 1698 2258 τινες
1741 2195 1914 2250 ἄδικοι

341 2275 673 2346 εὐτυχοῦσιν.
739 2275 894 2330 Εἶδον
961 2278 1279 2344 ἀδικοῦντας
1339 2283 1434 2334 καὶ
1512 2284 1911 2354 παρανομοῦν-

347 2387 477 2432 τας,
544 2370 936 2450 εὑθηνοῦντας,
1009 2375 1102 2426 καὶ
1160 2372 1294 2444 ἐμοῦ
1369 2377 1717 2448 παραμικρδν
1777 2379 1904 2431 ἐσα-

337 2460 604 2532 λεύθησαν
651 2463 700 2514 oi
769 2461 956 2527 πόδες,
1004 2463 1099 2516 ἐὰν
1156 2467 1214 2518 ἐν
1255 2463 1333 2536 τῷ
1395 2465 1493 2536 βίῳ
1543 2474 1716 2537 τούτῳ
1767 2467 1912 2540 μόνῳ

341 2551 527 2604 ἐνίδω·
558 2551 653 2606 ἐὰν
685 2551 741 2605 δὲ
775 2552 834 2604 τὸ
878 2553 1068 2623 μέλλον
1105 2557 1343 2627 ἐννοήσω
1367 2596 1382 2622 ,
1415 2557 1648 2621 ἐστῶτές
1681 2560 1818 2612 εἰσιν
1863 2562 1912 2613 οἱ

342 2642 501 2705 πόδες
533 2660 654 2712 μου.

418 2731 514 2786 Διό
562 2731 732 2788 εἶπα·
785 2737 1108 2792 ’Λκοὺσατέ
1165 2757 1306 2808 μου.
1352 2741 1553 2812 Ἕτερα
1603 2742 1912 2816 ἀντίγραφα

344 2824 482 2896 μετὰ
509 2827 568 2879 τὸ
598 2845 617 2877 ι
659 2828 797 2898 Ἐρῶ
825 2829 930 2902 γὰρ
954 2829 1104 2900 ὑμῶν
1138 2831 1461 2895 ἀκουόντων,
1498 2852 1514 2883 ι
1539 2833 1648 2903 ἔχει
1671 2835 1762 2888 καὶ
1789 2834 1912 2888 τοὺ-

341 2933 464 2980 τους
514 2917 762 2988 στίχους·
815 2937 834 2970 ι
901 2920 1030 2974 Ἰδοὺ
1079 2922 1287 2992 ηκουσα
1326 2923 1452 2987 τοὺς
1499 2923 1688 2992 λόγους
1733 2925 1908 2996 ὑμῶν,

342 3008 690 3078 ηνωτισάμην
719 3009 843 3079 ἄχρι
871 3012 1139 3076 συνέσεως
1171 3013 1342 3082 ὑμῶν.
1383 3033 1401 3065 ι
1434 3015 1496 3067 υἱ
1523 3015 1579 3066 δὲ
1613 3015 1786 3088 ἕτεροι
1820 3018 1912 3088 ἐρ-

342 3101 604 3169 μηνευτώ⁸
640 3099 814 3165 οὑτως
854 3103 1212 3158 ἐκδεδιὶικασιν
1238 3121 1252 3134 ·
1306 3125 1324 3155 ι
1376 3105 1539 3170 Ἰδοὺ,
1579 3108 1908 3180 ἐξεδεξάμην

2020 558 2154 627 ipso,
2191 556 2462 612 silentium
2491 556 2744 627 agebant.

2095 646 2329 717 Digitum
2366 647 2688 713 impatientes
2721 659 2878 710 super
2905 659 2984 698 os.
3035 643 3204 697 Porro
3232 653 3412 697 autem
3448 641 3586 711 digi-

2021 751 2106 792 tus
2148 737 2231 790 ori
2287 737 2606 806 impositus,
2653 735 2854 790 silentii
2911 735 3126 805 signum
3170 733 3338 789 viduli
3389 743 3582 802 potest.

2013 827 2182 882 Forte
2251 829 2414 882 etiam
2469 827 2947 898 (quandoquidem
3015 840 3209 880 manus
3273 839 3372 893 pro
3419 837 3587 892 opere

2018 919 2283 988 sumitur)
2311 933 2474 988 Opera
2511 934 2702 973 eorum
2745 921 2886 975 labia
2919 918 2985 973 iis
3017 917 3322 979 obturasse,
3354 925 3408 970 et
3430 913 3583 983 quasi

2019 1008 2292 1062 vinculum
2347 1009 2429 1061 ori
2488 1009 2762 1077 injecisse,
2819 1008 3086 1072 ostendit;
3136 1021 3195 1062 se
3245 1006 3388 1062 enim
3443 1005 3584 1074 quod

2017 1099 2209 1167 exigua
2252 1099 2652 1168 praestitissent,
2705 1099 2957 1169 indignos
3007 1113 3131 1152 esse
3185 1096 3594 1152 animadverte--

2019 1199 2165 1254 runt,
2189 1190 2279 1257 qui
2299 1205 2494 1244 coram
2513 1189 2650 1246 Jobo
2678 1207 2742 1246 os
2773 1192 3070 1262 aperirent,
3095 1190 3185 1259 qui
3213 1189 3418 1259 majora
3451 1187 3585 1245 iaci-

2018 1296 2151 1336 nora
2204 1281 2505 1346 edidisset;
2568 1283 2782 1352 digitus
2811 1283 2954 1338 enim
3001 1283 3270 1338 actionem
3299 1289 3356 1334 et
3387 1294 3585 1347 opera-

2022 1371 2219 1424 tionem
2244 1371 2520 1425 minimam
2556 1372 2844 1441 significat.

2090 1457 2253 1513 Vens.
2297 1459 2382 1512 l4.
2424 1458 2697 1514 Justitiam
2723 1477 2839 1515 vero
2863 1461 3078 1516 indutus
3100 1477 3238 1515 sunt.
3261 1459 3584 1517 Praeclaram

2019 1550 2256 1603 tunicam
2315 1547 2484 1604 Jobus
2527 1550 2629 1604 sibi
2687 1553 3007 1616 contexuit,
3060 1559 3121 1606 ut
3163 1551 3430 1620 justitiam
3479 1565 3586 1620 pro

2020 1640 2199 1696 tunica
2234 1641 2501 1695 indueret.
2547 1642 2680 1697 Vide
2707 1644 2867 1697 etiam
2899 1643 3016 1714 ejus
3063 1643 3302 1714 pallium.
3345 1641 3594 1706 Justitia,

2020 1731 2199 1785 tunica
2225 1728 2548 1798 ;judicium,
2592 1731 2804 1800 diplois.

2593 1822 2748 1876 CAP.
2790 1822 3004 1878 XXXII.

2087 1909 2252 1964 Vens.
2289 1911 2341 1966 6.
2386 1911 2595 1966 Timens
2629 1914 2683 1966 in
2716 1913 2856 1966 vobis
2879 1925 3200 1967 annunttare
3227 1929 3393 1968 meam
3417 1913 3584 1982 ipsius

2013 2004 2302 2056 scientiam.
2353 2001 2648 2057 Prolitetur
2709 2001 2926 2070 quidem
2989 2003 3398 2065 sscienuam,»
3460 2005 3582 2069 vel,

2009 2093 2160 2162 juxta
2185 2094 2343 2157 alios,
2375 2111 2394 2144 ι
2419 2093 2664 2146 notitiam
2690 2111 2709 2146 ι
2742 2108 2802 2148 se
2839 2094 3040 2148 habere
3061 2133 3084 2156 τ
3107 2095 3376 2162 quomodo
3411 2094 3584 2147 homi-

2015 2200 2111 2239 nes
2144 2186 2195 2238 in
2223 2186 2327 2238 vita
2358 2185 2659 2254 patiantur,
2688 2193 2741 2238 et
2765 2201 2870 2254 qna
2904 2186 3112 2238 ratione
3131 2185 3369 2238 nonnulli
3397 2184 3580 2253 injusti

2015 2293 2269 2348 prospera
2303 2277 2518 2330 fortuna
2544 2285 2783 2330 utantur.
2827 2276 2944 2330 Vidi
2974 2275 3202 2344 injustos
3225 2287 3280 2330 et
3309 2276 3586 2346 improbos

2016 2370 2272 2424 felicitate
2304 2369 2566 2432 fruentes,
2598 2378 2652 2423 et
2674 2368 2836 2438 pedes
2856 2369 3130 2438 meipene
3150 2370 3404 2423 commoti
3432 2379 3582 2434 sunt,

2013 2465 2058 2517 si
2120 2463 2281 2516 vitam
2325 2463 2464 2516 lianc
2497 2470 2815 2529 praesentem
2849 2470 3058 2514 tantum
3108 2461 3484 2528 contempler;
3532 2462 3578 2515 si

2013 2569 2143 2608 vero
2169 2555 2312 2623 quod
2345 2553 2585 2607 l'utnrnnt
2621 2562 2701 2608 est
2729 2563 2909 2608 mente
2935 2552 3266 2622 cogitavero,
3293 2554 3456 2623 pech
3475 2552 3581 2607 mei

2014 2645 2104 2700 [ixi
2140 2654 2310 2698 stant.

2084 2736 2246 2794 Vens.
2287 2737 2371 2791 l0.
2416 2735 2592 2802 Quare
2623 2736 2736 2791 dixi
2755 2751 2769 2787 :
2808 2735 2996 2789 Audite
3023 2751 3123 2789 me.
3157 2735 3272 2789 Alia
3303 2734 3579 2800 exetupla-

2012 2828 2113 2893 ria,
2150 2837 2268 2898 post
2317 2827 2469 2893 illud,
2524 2826 2751 2881 (Dicam
2798 2826 2951 2879 vobis
2994 2825 3359 2888 audientibus,
3395 2843 3412 2874 ι
3472 2824 3575 2878 bo;

2012 2933 2202 2974 versus
2243 2918 2444 2974 habent
2477 2936 2490 2972 :
2525 2935 2544 2970 ι
2570 2917 2710 2972 Ecce
2747 2918 2930 2972 audivi
2991 2930 3273 2972 sermones
3323 2926 3533 2969 vestros
3560 2952 3578 2976 ,

2010 3008 2309 3064 auscultavi
2360 3023 2529 3076 usque
2566 3008 2632 3060 ad
2662 3007 3074 3076 intelligentiam
3112 3018 3368 3062 vestram.
3395 3025 3415 3058 ι
3458 3005 3577 3062 ϐαι-

2015 3101 2113 3152 teri
2144 3114 2272 3153 vero
2297 3099 2622 3167 inteipretes
2650 3099 2730 3153 sic
2762 3098 3144 3152 reddiderunt:
3182 3116 3202 3151 ι
3227 3097 3370 3153 Ecce
3391 3096 3580 3165 excepi

335 3188 462 3250 τοὺς
506 3187 692 3256 λόγους
732 3190 904 3260 ὑμῶν’
942 3194 1298 3263 ἠκροασάμην
1336 3196 1421 3263 ἐφ’
1450 3197 1572 3249 ὅσον
1611 3199 1906 3270 ἐφρονεῖτε,

2012 3205 2293 3243 sermones
2315 3198 2549 3249 vestros,
2576 3187 2876 3242 auscultavi
2906 3185 3080 3242 donec
3101 3187 3384 3255 saperetis,
3407 3187 3578 3242 donec

342 3276 423 3346 ἐφ’
457 3280 578 3332 ὅσον
611 3280 895 3350 ἐξητάζετε
925 3283 1113 3352 λόγους
1135 3323 1149 3346 ,
1181 3287 1275 3340 καὶ
1308 3288 1466 3359 μέχρι
1497 3290 1590 3343 τοῦ
1622 3292 1908 3360 ἐφικέσθαι

339 3369 512 3438 ὑμῶν,
543 3370 802 3425 ἐνενόουν.
844 3392 861 3424 ι
901 3375 1056 3429 Κατὰ
1090 3377 1188 3447 μὲν
1217 3374 1308 3430 οὖν
1338 3379 1540 3451 ταύτην
1570 3386 1668 3453 τήν
1696 3383 1909 3439 ἔκδοσιν

341 3460 434 3512 καί¹
461 3459 529 3512 τὰ
554 3461 718 3531 ἔτερα
747 3463 853 3516 τῶν
886 3465 1231 3538 ἀντιγράφων
1255 3507 1271 3531 ,
1303 3471 1512 3542 ’Ὥσπερ
1531 3512 1545 3536 ,
1579 3473 1762 3543 φησὶν,
1798 3475 1909 3544 ἐγὼ

343 3550 458 3619 μεθ’
481 3553 710 3622 ἡσυχίας
733 3554 937 3624 ἤκουσα
965 3557 1179 3611 πάντων
1202 3554 1276 3612 ὧν
1302 3561 1508 3624 εἴπατε,
1532 3567 1625 3618 καὶ
1650 3566 1910 3636 ἀνέμεινα

341 3641 501 3713 μέχρι
531 3647 990 3717 συμπεράσματος
1016 3648 1123 3701 τῶν
1152 3650 1429 3722 ὑμετέρων
1455 3653 1628 3723 λόγων
1653 3673 1668 3686 ⁵
1692 3659 1784 3709 καὶ
1805 3658 1910 3722 ἕως

335 3732 422 3784 ὅτε
457 3735 636 3788 πᾶσαν
663 3737 867 3790 ἑαυτῶν
894 3739 994 3810 τὴν
1016 3739 1274 3809 φρόνησιν
1299 3741 1572 3814 κενώσητε
1595 3761 1608 3775 ⁸
1637 3746 1728 3798 καὶ⁵
1753 3747 1908 3816 ὑμεῖς

339 3821 446 3874 τῶν
480 3823 628 3892 ἐμῶν
655 3825 918 3879 ἀκούσατε
961 3827 1153 3896 λόγων.
1202 3831 1355 3884 Κατὰ
1399 3831 1455 3885 δὲ
1497 3833 1565 3886 τὰ
1611 3838 1739 3906 παρ’
1775 3838 1908 3906 ἡμῖν

341 3912 640 3983 ἀντίγραφα
667 3918 695 3969 ό
721 3916 844 3980 νοῦς
875 3913 1027 3982 οὗτος
1049 3936 1063 3948 ο
1111 3920 1402 3976 Ἀκούσατέ
1425 3941 1545 3994 μου,
1571 3927 1732 3997 φησίν
1755 3945 1768 3958 ·
1798 3928 1908 4000 ἐρῶ

338 4005 443 4075 γὰρ
486 4005 637 4057 οὐδὲν
686 4007 990 4079 ὑτέρογκον
1015 4047 1030 4071 ,
1070 4009 1185 4063 ἀλλ’
1226 4011 1262 4064 δι
1323 4012 1550 4066 δύνασθε
1591 4015 1904 4087 δοκιμάσαι.

340 4112 361 4142 ς
398 4094 508 4147 Καὶ⁵
538 4095 728 4167 μέχρις
761 4097 914 4168 ὑμῶν
943 4100 1178 4170 συνήσω,
1223 4120 1240 4151 ι
1272 4102 1391 4155 ἀντὶ
1414 4103 1531 4165 τοῦ,
1564 4107 1639 4159 υὺ
1669 4123 1907 4177 κενοφω-

333 4185 473 4268 aut;
503 4187 774 4257 χρήσομαι
797 4226 812 4251 ,
863 4188 987 4242 ἀλλ’·
1020 4189 1096 4253 ὡς
1139 4189 1368 4246 δύνασθε
1402 4193 1636 4247 συνιέναι
1668 4195 1902 4268 λαλήσω.

337 4266 407 4325 Ἢ
435 4275 609 4328 ἐκεῖνό
638 4293 821 4347 φησιν,
851 4279 956 4343 ὅτι,
991 4281 1065 4334 Οὑ
1101 4283 1362 4354 πρότερον
1400 4285 1505 4339 παύ
1519 4303 1678 4356 τομαι
1707 4266 1902 4354 λαλῶν,

343 4361 463 4430 πρὶν
492 4360 525 4430 ἢ
551 4363 644 4414 καὶ
677 4363 834 4432 ὑμεῖς
861 4367 985 4428 τοὺς
1012 4369 1175 4436 ἐμοὺς
1208 4369 1540 4442 δοκιμάσητε
1587 4371 1776 4441 λόγους
1794 4413 1810 4437 ,
1855 4377 1904 4428 εί

341 4445 442 4516 ἄρα
467 4447 621 4516 κάγὼ
642 4451 874 4506 συνιέναι
902 4452 1136 4524 δύναμαι
1173 4477 1190 4507 ι
1225 4458 1418 4528 μέχρι-ς
1452 4461 1607 4532 ὑμῶν
1633 4501 1647 4523 ,
1691 4481 1709 4513 ι
1745 4481 1902 4518 τουτ-

342 4536 448 4589 έστι
471 4577 485 4601 ,
529 4539 718 4610 μέχρις
749 4534 808 4594 οὗ
841 4543 934 4596 καὶ
967 4544 1124 4614 ὑμεῖς
1167 4548 1454 4621 ἐννοήσητε
1477 4592 1490 4618 ,
1527 4551 1560 4622 ἢ
1601 4554 1694 4606 καὶ
1733 4554 1901 4626 ὑπερ-

338 4627 513 4682 ίάλλω
544 4629 642 4702 τὴν
672 4632 944 4704 ὑμετέραν
977 4634 1210 4690 σύνεσιν.

401 4901 644 4969 Πλιὶρης
664 4904 773 4973 γάρ
792 4908 905 4976 εἰμι
919 4908 1216 4978 ῥημάτων,
1242 4912 1436 4977 Καλῶς
1463 4909 1585 4967 εἷπε
1610 4914 1691 4980 τὸ,
1711 4932 1731 4967 ι
1762 4914 1898 4988 πλή-

337 5005 432 5059 ρης
457 4993 572 5061 εἰμί
593 5009 608 5024 ⁸
649 5014 666 5044 ³
703 4997 731 5048 ὁ
768 4996 875 5068 γὰρ
906 4999 978 5069 μὴ
1007 5001 1222 5072 πλήρης
1253 5001 1328 5055 ὢν
1365 5005 1644 5075 ῥημάτων,
1690 5006 1783 5060 καὶ
1809 5009 1898 5077 ἐρ-

331 5079 554 5149 χόμενος
585 5085 677 5136 ἐπὶ
719 5085 778 5137 τὸ
806 5087 1006 5152 λαλεῖν,
1034 5092 1165 5144 κενά
1189 5094 1412 5164 λαλήσει
1449 5093 1523 5158 ὡς
1555 5097 1728 5161 κενὸς,
1757 5098 1899 5152 κατά

332 5166 388 5218 τὸ
427 5170 742 5259 εἰρημένον·
776 5193 794 5224 ι
838 5175 895 5228 '0
921 5175 1026 5246 γὰρ
1059 5179 1238 5248 μωρὸς
1273 5182 1431 5254 μωρὰ
1471 5183 1713 5257 λαλήσει,
1745 5188 1896 5259 καὶὴ

332 5258 522 5329 καρδία
550 5262 714 5316 αὑτοῦ
751 5265 954 5334 μάταια
975 5269 1175 5338 νοήσει.
1208 5289 1226 5322 ι

403 5348 626 5403 ὐλέκει
648 5353 758 5421 γάρ
780 5373 857 5423 με
881 5357 947 5411 τὸ
981 5359 1216 5429 πνεῦμα
1245 5361 1356 5430 τῆς
1377 5367 1652 5434 γαστρός.
1686 5369 1894 5441 ’Ὠσπερ

329 5458 408 5504 τις
453 5442 645 5507 ἔγκυος
683 5447 918 5513 γίνεται,
956 5452 1047 5504 καὶ
1086 5454 1461 5526 μορφωθέντος
1487 5457 1582 5511 τοῦ
1613 5461 1892 5531 γεννωμέ-

329 5548 415 5589 νου
450 5535 508 5589 ἐν
535 5536 672 5610 αὑτῇ
704 5538 796 5592 ἐπὶ
828 5539 1027 5609 ὠδῖνας
1063 5543 1301 5618 ἔρχεται,
1331 5547 1523 5622 μέχρις
1557 5545 1618 5606 οὑ
1660 5553 1894 5623 ἀπογεν-

306 5704 318 5773 ί
417 5711 438 5742 ³
475 5711 596 5769 lsai.
640 5730 811 5782 unt,
859 5719 914 5776 (ὁ.

2010 3281 2371 3348 evqnireretis
2391 3279 2552 3349 506
2571 3295 2877 3342 sermones,
2895 3289 2950 3334 et
2974 3281 3319 3349 quoadusque
3341 3293 3435 3332 vos
3455 3293 3582 3347 pcr-

2010 3372 2288 3432 veniretis,
2321 3370 2789 3424 considerabam.»
2822 3368 2980 3424 Juxta
3009 3372 3147 3425 hanc
3179 3370 3343 3439 igitur
3366 3369 3577 3424 versiov

2012 3479 2134 3516 nem
2185 3473 2240 3515 et
2295 3461 2502 3529 reliqua
2554 3461 2922 3529 exetnplaria,
2957 3461 3417 3524 Quemadmodum
3456 3475 3578 3530 ego,

2011 3555 2206 3624 inquit,
2229 3554 2409 3608 omnia
2443 3568 2563 3622 qnze
2582 3551 2798 3605 dixiSIis
2821 3553 3023 3613 audivi,
3047 3563 3100 3604 et
3127 3556 3193 3604 ad
3224 3553 3384 3606 linem
3412 3569 3580 3622 usque

2011 3657 2312 3701 vestrorum
2361 3659 2698 3708 sermonum,
2746 3658 2811 3697 ac
2864 3647 3043 3713 quoad
3084 3658 3298 3698 onmem
3342 3653 3577 3699 vestram

2011 3739 2328 3808 sapientiam
2390 3736 2796 3802 exuam-iretis,
2854 3735 3015 3790 tacite
3062 3736 3414 3805 exapcctavi;
3481 3751 3578 3791 vos

2008 3831 2170 3884 etiam
2209 3828 2460 3884 similiter
2500 3827 2637 3882 meis
2686 3828 3037 3882 sermonibus
3086 3843 3272 3882 aurem
3317 3828 3575 3897 praebete.

2007 3920 2170 3976 Juxta
2201 3931 2382 3974 autem
2413 3917 2749 3985 exemplaria
2782 3919 2979 3987 quibus
3014 3933 3110 3972 nos
3139 3920 3362 3984 utimur,
3383 3933 3590 3976 sensus

2009 4013 2096 4067 hic
2137 4021 2221 4067 est
2243 4027 2258 4064 :
2284 4011 2602 4066 Auscultate
2637 4011 2766 4065 milii
2789 4051 2804 4074 ,
2847 4011 3040 4082 inquit,
3071 4010 3206 4066 nihil
3239 4012 3395 4066 enim
3417 4009 3581 4065 tumi-

2007 4105 2133 4157 dum
2167 4112 2221 4158 et
2247 4103 2481 4166 elatum,
2534 4103 2777 4170 sedqute
2817 4118 2910 4158 vos
2959 4103 3059 4169 ipsi
3108 4102 3392 4171 esplorare
3425 4113 3577 4170 pow-

2010 4196 2165 4258 ritis,
2223 4193 2278 4248 in
2342 4195 2572 4250 medium
2629 4193 2939 4264 proferam:
2977 4213 2996 4247 ι
3033 4193 3099 4248 Ει
3148 4209 3314 4263 usque
3367 4194 3434 4249 ad
3483 4209 3578 4250 vos

2009 4282 2325 4352 intelligam,
2352 4303 2372 4338 ι
2413 4283 2465 4338 id
2505 4292 2624 4350 est,
2675 4283 2818 4337 nulla
2865 4283 3270 4354 vaniloquentia
3302 4293 3444 4350 utar,
3479 4284 3574 4340 sed

2006 4389 2124 4444 qme
2170 4375 2384 4446 assequi
2433 4375 2624 4430 valetis
2680 4375 2895 4446 loquar.
2957 4374 3056 4431 Vel
3103 4377 3206 4433 ltoc
3252 4376 3384 4431 dicit
3423 4376 3573 4433 :Non

1933 4503 1980 4576 b
2007 4465 2157 4535 prius
2187 4465 2440 4536 loquendi
2469 4465 2631 4569 linem
2678 4466 2894 4570 faciam,
2925 4482 3084 4570 quam
3124 4481 3220 4522 vos
3245 4467 3433 4576 etiam:
3455 4482 3575 4522 ser-

2008 4571 2194 4610 mones
2251 4571 2401 4618 meos
2449 4557 2921 4622 cxaminaveritis,
2970 4558 3013 4612 si
3067 4568 3121 4611 et
3160 4573 3262 4628 ego
3314 4575 3334 4610 ι
3365 4557 3433 4612 ad
3477 4572 3574 4612 vos

2005 4661 2173 4716 usque
2208 4665 2227 4698 ι
2261 4646 2563 4718 intelligere
2593 4663 2834 4718 possum,
2871 4649 2921 4706 id
2947 4659 3048 4716 est,
3083 4651 3256 4704 donec
3281 4663 3378 4704 vos
3405 4648 3572 4703 etiam

2003 4737 2433 4814 intellexeritis,
2484 4741 2569 4796 vel
2625 4749 2863 4797 vestram
2931 4742 3098 4797 etiam
3159 4739 3571 4808 intelligentiam

2000 4831 2278 4885 excedam.
3664 4821 3666 4823 ’

2073 4921 2238 4978 Vens.
2280 4922 2368 4979 18.
2429 4920 2624 4979 Plenus
2682 4926 2819 4980 enim
2874 4939 2988 4978 sum
3051 4924 3344 4978 ret-borum.
3406 4923 3588 4979 [lecte-

2001 5013 2158 5077 dixit,
2189 5031 2208 5065 ι
2234 5013 2426 5083 plenus
2451 5029 2606 5082 sum;
2644 5037 2664 5068 ο
2719 5015 2810 5084 qni
2857 5015 2998 5069 enim
3027 5015 3316 5069 verborum
3349 5014 3574 5069 minimo

2001 5104 2192 5173 plenus
2227 5105 2294 5159 ad
2327 5104 2650 5174 loquendum
2699 5105 3027 5170 accesserit,
3080 5115 3355 5176 tanquam.
3391 5105 3575 5163 inanis.

2003 5194 2180 5248 inania
2201 5194 2472 5264 loquetur,
2496 5195 2648 5264 juxta
2676 5194 2808 5250 illud
2839 5195 2883 5227 “
2915 5214 2928 5249 :
2967 5213 2991 5248 ι
3020 5194 3396 5256 Fatuusenim
3423 5195 3570 5254 fatua

1999 5283 2270 5354 loquetur,
2302 5295 2356 5339 et
2386 5300 2479 5339 cor
2507 5287 2624 5353 ejus
2657 5301 2792 5341 vana
2826 5286 3107 5356 intelliget.
3137 5305 3174 5342 ι.

2077 5374 2256 5430 Perdit
2297 5377 2438 5431 enim
2467 5393 2546 5430 me
2570 5377 2787 5446 spiritus
2834 5378 3052 5436 sentitis.
3102 5377 3568 5448 Quemadmodum

2001 5464 2197 5520 mulier
2217 5465 2437 5537 gravida
2463 5467 2696 5538 primunt
2733 5467 2812 5535 tit,
2851 5475 2906 5522 et
2945 5466 3178 5524 formato
3216 5467 3365 5538 fetu,
3399 5469 3570 5524 donec

2001 5566 2326 5631 conceptum
2355 5561 2502 5632 edat,
2536 5568 2726 5632 partus
2746 5558 2958 5618 dolores
2979 5561 3145 5617 sentit
3168 5576 3188 5630 ;
3219 5560 3362 5618 idem
3385 5562 3568 5616 animo
