  <div class='ocr_page' id='page_1' title='image "/cluster/home/n/w/nwhite01/storage/ocr_20150623/12/hvd.32044052796216/527.png"; bbox 0 0 4058 6244; ppageno 0'>
   <div class='ocr_carea' id='block_1_1' title="bbox 452 315 595 374">
    <p class='ocr_par' dir='ltr' id='par_1_1' title="bbox 452 315 595 374">
     <span class='ocr_line' id='line_1_1' title="bbox 452 315 595 374; baseline 0 0"><span class='ocrx_word' id='word_1_1' title='bbox 452 315 595 374; x_wconf 68' lang='grc'><strong>1045</strong></span> 
     </span>
    </p>
   </div>
   <div class='ocr_carea' id='block_1_2' title="bbox 451 420 2100 501">
    <p class='ocr_par' dir='ltr' id='par_1_2' title="bbox 451 420 2100 501">
     <span class='ocr_line' id='line_1_2' title="bbox 451 420 2100 501; baseline -0.012 -12"><span class='ocrx_word' id='word_1_2' title='bbox 451 433 697 489; x_wconf 80' lang='lat' dir='ltr'><strong>discendi</strong></span> <span class='ocrx_word' id='word_1_3' title='bbox 723 433 920 501; x_wconf 84' lang='lat' dir='ltr'><strong>cupido</strong></span> <span class='ocrx_word' id='word_1_4' title='bbox 947 429 1147 485; x_wconf 83' lang='lat' dir='ltr'><strong>accidit</strong></span> <span class='ocrx_word' id='word_1_5' title='bbox 1180 442 1530 483; x_wconf 85' lang='lat' dir='ltr'><strong>:senuonem</strong></span> <span class='ocrx_word' id='word_1_6' title='bbox 1577 424 1724 481; x_wconf 81' lang='lat' dir='ltr'><strong>enim</strong></span> <span class='ocrx_word' id='word_1_7' title='bbox 1766 420 2022 490; x_wconf 75' lang='lat' dir='ltr'><strong>concipit,</strong></span> <span class='ocrx_word' id='word_1_8' title='bbox 2056 423 2100 478; x_wconf 80' lang='grc' dir='ltr'>Α</span> 
     </span>
    </p>
   </div>
   <div class='ocr_carea' id='block_1_3' title="bbox 447 517 2029 591">
    <p class='ocr_par' dir='ltr' id='par_1_3' title="bbox 447 517 2029 591">
     <span class='ocr_line' id='line_1_3' title="bbox 447 517 2029 591; baseline -0.011 -10"><span class='ocrx_word' id='word_1_9' title='bbox 447 535 506 581; x_wconf 86' lang='lat' dir='ltr'><strong>et</strong></span> <span class='ocrx_word' id='word_1_10' title='bbox 534 525 875 581; x_wconf 77' lang='lat' dir='ltr'><strong>enuntiatum</strong></span> <span class='ocrx_word' id='word_1_11' title='bbox 913 524 1087 591; x_wconf 83' lang='lat' dir='ltr'><strong>lingit,</strong></span> <span class='ocrx_word' id='word_1_12' title='bbox 1115 530 1169 575; x_wconf 93' lang='lat' dir='ltr'><strong>et</strong></span> <span class='ocrx_word' id='word_1_13' title='bbox 1202 520 1397 574; x_wconf 82' lang='lat' dir='ltr'><strong>ordine</strong></span> <span class='ocrx_word' id='word_1_14' title='bbox 1419 518 1622 573; x_wconf 81' lang='lat' dir='ltr'><strong>decoro</strong></span> <span class='ocrx_word' id='word_1_15' title='bbox 1646 517 1862 577; x_wconf 81' lang='lat' dir='ltr'><strong>l&#39;ortnat;</strong></span> <span class='ocrx_word' id='word_1_16' title='bbox 1899 523 2029 565; x_wconf 89' lang='lat' dir='ltr'><strong>tunc</strong></span> 
     </span>
    </p>
   </div>
   <div class='ocr_carea' id='block_1_4' title="bbox 445 596 2029 688">
    <p class='ocr_par' dir='ltr' id='par_1_4' title="bbox 445 596 2029 688">
     <span class='ocr_line' id='line_1_4' title="bbox 445 596 2029 688; baseline -0.009 -15"><span class='ocrx_word' id='word_1_17' title='bbox 445 596 632 674; x_wconf 87' lang='lat' dir='ltr'><strong>autem</strong></span> <span class='ocrx_word' id='word_1_18' title='bbox 665 622 805 687; x_wconf 84' lang='lat' dir='ltr'><strong>parit</strong></span> <span class='ocrx_word' id='word_1_19' title='bbox 831 618 849 688; x_wconf 97' lang='lat'><strong>(</strong></span> <span class='ocrx_word' id='word_1_20' title='bbox 872 628 927 672; x_wconf 89' lang='lat' dir='ltr'><strong>et</strong></span> <span class='ocrx_word' id='word_1_21' title='bbox 950 618 1126 670; x_wconf 89' lang='lat' dir='ltr'><strong>donec</strong></span> <span class='ocrx_word' id='word_1_22' title='bbox 1158 613 1357 683; x_wconf 88' lang='lat' dir='ltr'><strong>pariat,</strong></span> <span class='ocrx_word' id='word_1_23' title='bbox 1383 612 1701 684; x_wconf 81' lang='lat' dir='ltr'><strong>gravidatnr</strong></span> <span class='ocrx_word' id='word_1_24' title='bbox 1730 618 1785 663; x_wconf 88' lang='lat' dir='ltr'><strong>et</strong></span> <span class='ocrx_word' id='word_1_25' title='bbox 1807 606 2029 662; x_wconf 82' lang='lat' dir='ltr'><strong>dolores</strong></span> 
     </span>
    </p>
   </div>
   <div class='ocr_carea' id='block_1_5' title="bbox 448 698 2025 781">
    <p class='ocr_par' dir='ltr' id='par_1_5' title="bbox 448 698 2025 781">
     <span class='ocr_line' id='line_1_5' title="bbox 448 698 2025 781; baseline -0.009 -16"><span class='ocrx_word' id='word_1_26' title='bbox 448 710 688 781; x_wconf 82' lang='lat' dir='ltr'><strong>patitur)</strong></span> <span class='ocrx_word' id='word_1_27' title='bbox 733 725 856 765; x_wconf 90' lang='lat' dir='ltr'><strong>cum</strong></span> <span class='ocrx_word' id='word_1_28' title='bbox 912 710 1098 766; x_wconf 90' lang='lat' dir='ltr'><strong>iietum</strong></span> <span class='ocrx_word' id='word_1_29' title='bbox 1149 715 1207 762; x_wconf 86' lang='lat' dir='ltr'><strong>et</strong></span> <span class='ocrx_word' id='word_1_30' title='bbox 1255 706 1585 768; x_wconf 79' lang='lat' dir='ltr'><strong>lormattnn,</strong></span> <span class='ocrx_word' id='word_1_31' title='bbox 1628 699 1932 772; x_wconf 76' lang='lat' dir='ltr'><strong>perfectum</strong></span> <span class='ocrx_word' id='word_1_32' title='bbox 1971 698 2025 752; x_wconf 89' lang='lat' dir='ltr'><strong>in</strong></span> 
     </span>
    </p>
   </div>
   <div class='ocr_carea' id='block_1_6' title="bbox 444 801 896 858">
    <p class='ocr_par' dir='ltr' id='par_1_6' title="bbox 444 801 896 858">
     <span class='ocr_line' id='line_1_6' title="bbox 444 801 896 858; baseline -0.007 -1"><span class='ocrx_word' id='word_1_33' title='bbox 444 801 622 858; x_wconf 86' lang='lat' dir='ltr'><strong>lucem</strong></span> <span class='ocrx_word' id='word_1_34' title='bbox 645 801 896 857; x_wconf 86' lang='lat' dir='ltr'><strong>ediderit.</strong></span> 
     </span>
    </p>
   </div>
   <div class='ocr_carea' id='block_1_7' title="bbox 516 971 2025 1052">
    <p class='ocr_par' dir='ltr' id='par_1_7' title="bbox 516 971 2025 1052">
     <span class='ocr_line' id='line_1_7' title="bbox 516 971 2025 1052; baseline -0.007 -17"><span class='ocrx_word' id='word_1_35' title='bbox 516 981 683 1038; x_wconf 73' lang='lat' dir='ltr'><strong>Vsus.</strong></span> <span class='ocrx_word' id='word_1_36' title='bbox 721 982 814 1039; x_wconf 71' lang='lat'><strong>20.</strong></span> <span class='ocrx_word' id='word_1_37' title='bbox 857 981 1070 1052; x_wconf 81' lang='lat' dir='ltr'><strong>Loquar</strong></span> <span class='ocrx_word' id='word_1_38' title='bbox 1117 989 1175 1035; x_wconf 81' lang='lat' dir='ltr'><strong>tu</strong></span> <span class='ocrx_word' id='word_1_39' title='bbox 1230 978 1560 1049; x_wconf 76' lang='lat' dir='ltr'><strong>requiescam</strong></span> <span class='ocrx_word' id='word_1_40' title='bbox 1590 974 1831 1045; x_wconf 70' lang='lat' dir='ltr'><strong>aperiens</strong></span> <span class='ocrx_word' id='word_1_41' title='bbox 1858 971 2025 1026; x_wconf 76' lang='lat' dir='ltr'><strong>labia.</strong></span> 
     </span>
    </p>
   </div>
   <div class='ocr_carea' id='block_1_8' title="bbox 445 1064 2029 1143">
    <p class='ocr_par' dir='ltr' id='par_1_8' title="bbox 445 1064 2029 1143">
     <span class='ocr_line' id='line_1_8' title="bbox 445 1064 2029 1143; baseline -0.009 -13"><span class='ocrx_word' id='word_1_42' title='bbox 445 1075 549 1143; x_wconf 81' lang='lat' dir='ltr'><strong>Qui</strong></span> <span class='ocrx_word' id='word_1_43' title='bbox 602 1074 782 1131; x_wconf 78' lang='lat' dir='ltr'><strong>verbis</strong></span> <span class='ocrx_word' id='word_1_44' title='bbox 841 1073 1123 1136; x_wconf 79' lang='lat' dir='ltr'><strong>abundat,</strong></span> <span class='ocrx_word' id='word_1_45' title='bbox 1174 1080 1235 1126; x_wconf 85' lang='lat' dir='ltr'><strong>et</strong></span> <span class='ocrx_word' id='word_1_46' title='bbox 1279 1069 1671 1139; x_wconf 87' lang='lat' dir='ltr'><strong>intelligentem</strong></span> <span class='ocrx_word' id='word_1_47' title='bbox 1720 1064 2029 1120; x_wconf 76' lang='lat' dir='ltr'><strong>auditorem</strong></span> 
     </span>
    </p>
   </div>
   <div class='ocr_carea' id='block_1_9' title="bbox 445 1153 2026 1235">
    <p class='ocr_par' dir='ltr' id='par_1_9' title="bbox 445 1153 2026 1235">
     <span class='ocr_line' id='line_1_9' title="bbox 445 1153 2026 1235; baseline -0.008 -13"><span class='ocrx_word' id='word_1_48' title='bbox 445 1172 637 1222; x_wconf 85' lang='lat' dir='ltr'><strong>nactus</strong></span> <span class='ocrx_word' id='word_1_49' title='bbox 669 1166 854 1233; x_wconf 83' lang='lat' dir='ltr'><strong>fuerit,</strong></span> <span class='ocrx_word' id='word_1_50' title='bbox 881 1165 1158 1235; x_wconf 81' lang='lat' dir='ltr'><strong>loquendo</strong></span> <span class='ocrx_word' id='word_1_51' title='bbox 1177 1196 1194 1230; x_wconf 82' lang='lat'><strong>,</strong></span> <span class='ocrx_word' id='word_1_52' title='bbox 1220 1160 1657 1233; x_wconf 78' lang='lat' dir='ltr'><strong>superﬂuitatem</strong></span> <span class='ocrx_word' id='word_1_53' title='bbox 1686 1157 1839 1214; x_wconf 82' lang='lat' dir='ltr'><strong>illam</strong></span> <span class='ocrx_word' id='word_1_54' title='bbox 1868 1153 2026 1227; x_wconf 84' lang='lat' dir='ltr'><strong>quasi</strong></span> 
     </span>
    </p>
   </div>
   <div class='ocr_carea' id='block_1_10' title="bbox 442 1252 1495 1326">
    <p class='ocr_par' dir='ltr' id='par_1_10' title="bbox 442 1252 1495 1326">
     <span class='ocr_line' id='line_1_10' title="bbox 442 1252 1495 1326; baseline -0.006 -12"><span class='ocrx_word' id='word_1_55' title='bbox 442 1258 765 1314; x_wconf 71' lang='lat' dir='ltr'><strong>exinauiens</strong></span> <span class='ocrx_word' id='word_1_56' title='bbox 794 1265 850 1313; x_wconf 87' lang='lat' dir='ltr'><strong>et</strong></span> <span class='ocrx_word' id='word_1_57' title='bbox 875 1258 1148 1326; x_wconf 81' lang='lat' dir='ltr'><strong>rejiciens,</strong></span> <span class='ocrx_word' id='word_1_58' title='bbox 1182 1252 1495 1324; x_wconf 87' lang='lat' dir='ltr'><strong>requiescit.</strong></span> 
     </span>
    </p>
   </div>
   <div class='ocr_carea' id='block_1_11' title="bbox 1021 1430 1437 1488">
    <p class='ocr_par' dir='ltr' id='par_1_11' title="bbox 1021 1430 1437 1488">
     <span class='ocr_line' id='line_1_11' title="bbox 1021 1430 1437 1488; baseline -0.002 0"><span class='ocrx_word' id='word_1_59' title='bbox 1021 1430 1174 1488; x_wconf 68' lang='lat' dir='ltr'><strong>CAP.</strong></span> <span class='ocrx_word' id='word_1_60' title='bbox 1219 1430 1437 1487; x_wconf 73' lang='lat' dir='ltr'><strong>XXXV.</strong></span> 
     </span>
    </p>
   </div>
   <div class='ocr_carea' id='block_1_12' title="bbox 521 1520 2025 1593">
    <p class='ocr_par' dir='ltr' id='par_1_12' title="bbox 521 1520 2025 1593">
     <span class='ocr_line' id='line_1_12' title="bbox 521 1520 2025 1593; baseline -0.001 -15"><span class='ocrx_word' id='word_1_61' title='bbox 521 1524 682 1579; x_wconf 70' lang='lat' dir='ltr'><strong>Vsus.</strong></span> <span class='ocrx_word' id='word_1_62' title='bbox 723 1526 776 1579; x_wconf 80' lang='grc'><strong>5.</strong></span> <span class='ocrx_word' id='word_1_63' title='bbox 822 1526 1009 1593; x_wconf 81' lang='lat' dir='ltr'><strong>Aspice</strong></span> <span class='ocrx_word' id='word_1_64' title='bbox 1050 1526 1104 1578; x_wconf 83' lang='lat' dir='ltr'><strong>iu</strong></span> <span class='ocrx_word' id='word_1_65' title='bbox 1155 1525 1365 1578; x_wconf 69' lang='lat' dir='ltr'><strong>mlum.</strong></span> <span class='ocrx_word' id='word_1_66' title='bbox 1420 1525 1474 1579; x_wconf 92' lang='lat' dir='ltr'><strong>In</strong></span> <span class='ocrx_word' id='word_1_67' title='bbox 1530 1524 1735 1580; x_wconf 76' lang='lat' dir='ltr'><strong>coelum</strong></span> <span class='ocrx_word' id='word_1_68' title='bbox 1775 1520 2025 1592; x_wconf 77' lang='lat' dir='ltr'><strong>suspicit,</strong></span> 
     </span>
    </p>
   </div>
   <div class='ocr_carea' id='block_1_13' title="bbox 444 1615 2028 1685">
    <p class='ocr_par' dir='ltr' id='par_1_13' title="bbox 444 1615 2028 1685">
     <span class='ocr_line' id='line_1_13' title="bbox 444 1615 2028 1685; baseline 0.001 -16"><span class='ocrx_word' id='word_1_69' title='bbox 444 1631 552 1670; x_wconf 89' lang='lat' dir='ltr'><strong>non</strong></span> <span class='ocrx_word' id='word_1_70' title='bbox 584 1616 678 1685; x_wconf 84' lang='lat' dir='ltr'><strong>qui</strong></span> <span class='ocrx_word' id='word_1_71' title='bbox 709 1617 900 1671; x_wconf 83' lang='lat' dir='ltr'><strong>oeulos</strong></span> <span class='ocrx_word' id='word_1_72' title='bbox 943 1626 1236 1684; x_wconf 83' lang='lat' dir='ltr'><strong>cerporeos</strong></span> <span class='ocrx_word' id='word_1_73' title='bbox 1269 1615 1466 1670; x_wconf 83' lang='lat' dir='ltr'><strong>attollit</strong></span> <span class='ocrx_word' id='word_1_74' title='bbox 1519 1629 1577 1671; x_wconf 88' lang='lat' dir='ltr'><strong>et</strong></span> <span class='ocrx_word' id='word_1_75' title='bbox 1610 1617 1811 1673; x_wconf 73' lang='lat' dir='ltr'><strong>cmlum</strong></span> <span class='ocrx_word' id='word_1_76' title='bbox 1850 1618 2028 1671; x_wconf 88' lang='lat' dir='ltr'><strong>intue-</strong></span> 
     </span>
    </p>
   </div>
   <div class='ocr_carea' id='block_1_14' title="bbox 443 1709 2024 1777">
    <p class='ocr_par' dir='ltr' id='par_1_14' title="bbox 443 1709 2024 1777">
     <span class='ocr_line' id='line_1_14' title="bbox 443 1709 2024 1777; baseline 0 -14"><span class='ocrx_word' id='word_1_77' title='bbox 443 1719 572 1775; x_wconf 87' lang='lat' dir='ltr'><strong>tur;</strong></span> <span class='ocrx_word' id='word_1_78' title='bbox 621 1709 723 1764; x_wconf 86' lang='lat' dir='ltr'><strong>ltac</strong></span> <span class='ocrx_word' id='word_1_79' title='bbox 770 1709 915 1764; x_wconf 90' lang='lat' dir='ltr'><strong>enim</strong></span> <span class='ocrx_word' id='word_1_80' title='bbox 974 1709 1185 1763; x_wconf 88' lang='lat' dir='ltr'><strong>ratione</strong></span> <span class='ocrx_word' id='word_1_81' title='bbox 1232 1723 1398 1764; x_wconf 81' lang='lat' dir='ltr'><strong>canes</strong></span> <span class='ocrx_word' id='word_1_82' title='bbox 1440 1716 1494 1764; x_wconf 87' lang='lat' dir='ltr'><strong>et</strong></span> <span class='ocrx_word' id='word_1_83' title='bbox 1524 1709 1665 1763; x_wconf 81' lang='lat' dir='ltr'><strong>asini</strong></span> <span class='ocrx_word' id='word_1_84' title='bbox 1698 1709 2024 1777; x_wconf 86' lang='lat' dir='ltr'><strong>suspiciunt.</strong></span> 
     </span>
    </p>
   </div>
   <div class='ocr_carea' id='block_1_15' title="bbox 441 1773 2102 1871">
    <p class='ocr_par' dir='ltr' id='par_1_15' title="bbox 441 1773 2102 1871">
     <span class='ocr_line' id='line_1_15' title="bbox 441 1773 2102 1871; baseline 0.001 -16"><span class='ocrx_word' id='word_1_85' title='bbox 441 1800 611 1857; x_wconf 80' lang='lat' dir='ltr'><strong>Nemo</strong></span> <span class='ocrx_word' id='word_1_86' title='bbox 637 1801 731 1870; x_wconf 93' lang='lat' dir='ltr'><strong>qui</strong></span> <span class='ocrx_word' id='word_1_87' title='bbox 772 1801 1031 1855; x_wconf 88' lang='lat' dir='ltr'><strong>mundum</strong></span> <span class='ocrx_word' id='word_1_88' title='bbox 1068 1792 1262 1871; x_wconf 76' lang='lat' dir='ltr'><strong>diligit,</strong></span> <span class='ocrx_word' id='word_1_89' title='bbox 1306 1801 1360 1855; x_wconf 93' lang='lat' dir='ltr'><strong>in</strong></span> <span class='ocrx_word' id='word_1_90' title='bbox 1390 1800 1587 1854; x_wconf 65' lang='lat' dir='ltr'><strong>euelqu</strong></span> <span class='ocrx_word' id='word_1_91' title='bbox 1619 1800 1852 1870; x_wconf 80' lang='lat' dir='ltr'><strong>suspicit</strong></span> <span class='ocrx_word' id='word_1_92' title='bbox 1874 1840 1892 1866; x_wconf 90' lang='lat'><strong>,</strong></span> <span class='ocrx_word' id='word_1_93' title='bbox 1931 1803 2026 1856; x_wconf 83' lang='lat' dir='ltr'><strong>sed</strong></span> <span class='ocrx_word' id='word_1_94' title='bbox 2060 1773 2102 1831; x_wconf 71' lang='grc' dir='ltr'><strong><em>Β</em></strong></span> 
     </span>
    </p>
   </div>
   <div class='ocr_carea' id='block_1_16' title="bbox 438 1892 2026 1966">
    <p class='ocr_par' dir='ltr' id='par_1_16' title="bbox 438 1892 2026 1966">
     <span class='ocr_line' id='line_1_16' title="bbox 438 1892 2026 1966; baseline -0.002 -17"><span class='ocrx_word' id='word_1_95' title='bbox 438 1895 533 1966; x_wconf 85' lang='lat' dir='ltr'><strong>qui</strong></span> <span class='ocrx_word' id='word_1_96' title='bbox 565 1909 666 1949; x_wconf 88' lang='lat' dir='ltr'><strong>nec</strong></span> <span class='ocrx_word' id='word_1_97' title='bbox 688 1894 975 1958; x_wconf 87' lang='lat' dir='ltr'><strong>mundum,</strong></span> <span class='ocrx_word' id='word_1_98' title='bbox 1000 1906 1101 1947; x_wconf 87' lang='lat' dir='ltr'><strong>nec</strong></span> <span class='ocrx_word' id='word_1_99' title='bbox 1130 1906 1192 1949; x_wconf 84' lang='lat' dir='ltr'><strong>ea</strong></span> <span class='ocrx_word' id='word_1_100' title='bbox 1221 1908 1343 1962; x_wconf 65' lang='lat' dir='ltr'><strong>quae</strong></span> <span class='ocrx_word' id='word_1_101' title='bbox 1364 1892 1417 1945; x_wconf 84' lang='lat' dir='ltr'><strong>in</strong></span> <span class='ocrx_word' id='word_1_102' title='bbox 1451 1892 1654 1947; x_wconf 89' lang='lat' dir='ltr'><strong>mundo</strong></span> <span class='ocrx_word' id='word_1_103' title='bbox 1676 1900 1825 1957; x_wconf 82' lang='lat' dir='ltr'><strong>sunt,</strong></span> <span class='ocrx_word' id='word_1_104' title='bbox 1856 1902 2026 1946; x_wconf 80' lang='lat' dir='ltr'><strong>amat.</strong></span> 
     </span>
    </p>
   </div>
   <div class='ocr_carea' id='block_1_17' title="bbox 445 1981 2028 2041">
    <p class='ocr_par' dir='ltr' id='par_1_17' title="bbox 445 1981 2028 2041">
     <span class='ocr_line' id='line_1_17' title="bbox 445 1981 2028 2041; baseline -0.003 0"><span class='ocrx_word' id='word_1_105' title='bbox 445 1986 657 2041; x_wconf 79' lang='lat' dir='ltr'><strong>Rursus</strong></span> <span class='ocrx_word' id='word_1_106' title='bbox 698 1986 870 2039; x_wconf 87' lang='lat' dir='ltr'><strong>nubes</strong></span> <span class='ocrx_word' id='word_1_107' title='bbox 906 1998 1013 2038; x_wconf 91' lang='lat' dir='ltr'><strong>non</strong></span> <span class='ocrx_word' id='word_1_108' title='bbox 1051 1986 1188 2038; x_wconf 82' lang='lat' dir='ltr'><strong>adeo</strong></span> <span class='ocrx_word' id='word_1_109' title='bbox 1218 1982 1483 2037; x_wconf 83' lang='lat' dir='ltr'><strong>sublimes</strong></span> <span class='ocrx_word' id='word_1_110' title='bbox 1530 1990 1662 2037; x_wconf 89' lang='lat' dir='ltr'><strong>sunt</strong></span> <span class='ocrx_word' id='word_1_111' title='bbox 1704 1991 1761 2037; x_wconf 92' lang='lat' dir='ltr'><strong>et</strong></span> <span class='ocrx_word' id='word_1_112' title='bbox 1804 1994 1833 2037; x_wconf 73' lang='grc' dir='ltr'><strong>ο</strong></span> <span class='ocrx_word' id='word_1_113' title='bbox 1873 1981 2028 2037; x_wconf 86' lang='lat' dir='ltr'><strong>nobis</strong></span> 
     </span>
    </p>
   </div>
   <div class='ocr_carea' id='block_1_18' title="bbox 443 2072 2026 2144">
    <p class='ocr_par' dir='ltr' id='par_1_18' title="bbox 443 2072 2026 2144">
     <span class='ocr_line' id='line_1_18' title="bbox 443 2072 2026 2144; baseline -0.002 -13"><span class='ocrx_word' id='word_1_114' title='bbox 443 2086 687 2139; x_wconf 74' lang='lat' dir='ltr'><strong>remoue,</strong></span> <span class='ocrx_word' id='word_1_115' title='bbox 734 2074 891 2143; x_wconf 84' lang='lat' dir='ltr'><strong>quin,</strong></span> <span class='ocrx_word' id='word_1_116' title='bbox 941 2072 987 2128; x_wconf 89' lang='lat' dir='ltr'><strong>si</strong></span> <span class='ocrx_word' id='word_1_117' title='bbox 1039 2072 1239 2144; x_wconf 81' lang='lat' dir='ltr'><strong>Moysis</strong></span> <span class='ocrx_word' id='word_1_118' title='bbox 1264 2074 1430 2128; x_wconf 75' lang='lat' dir='ltr'><strong>vitam</strong></span> <span class='ocrx_word' id='word_1_119' title='bbox 1464 2084 1519 2129; x_wconf 91' lang='lat' dir='ltr'><strong>et</strong></span> <span class='ocrx_word' id='word_1_120' title='bbox 1553 2074 2026 2129; x_wconf 76' lang='lat' dir='ltr'><strong>conversationem</strong></span> 
     </span>
    </p>
   </div>
   <div class='ocr_carea' id='block_1_19' title="bbox 442 2165 2025 2237">
    <p class='ocr_par' dir='ltr' id='par_1_19' title="bbox 442 2165 2025 2237">
     <span class='ocr_line' id='line_1_19' title="bbox 442 2165 2025 2237; baseline -0.001 -16"><span class='ocrx_word' id='word_1_121' title='bbox 442 2184 547 2237; x_wconf 88' lang='lat' dir='ltr'><strong>qua</strong></span> <span class='ocrx_word' id='word_1_122' title='bbox 584 2165 694 2221; x_wconf 80' lang='lat' dir='ltr'><strong>Deo</strong></span> <span class='ocrx_word' id='word_1_123' title='bbox 720 2166 944 2237; x_wconf 82' lang='lat' dir='ltr'><strong>placuit,</strong></span> <span class='ocrx_word' id='word_1_124' title='bbox 979 2180 1268 2236; x_wconf 84' lang='lat' dir='ltr'><strong>meamque</strong></span> <span class='ocrx_word' id='word_1_125' title='bbox 1301 2167 1621 2222; x_wconf 83' lang='lat' dir='ltr'><strong>tenuitatem</strong></span> <span class='ocrx_word' id='word_1_126' title='bbox 1660 2173 1715 2221; x_wconf 87' lang='lat' dir='ltr'><strong>et</strong></span> <span class='ocrx_word' id='word_1_127' title='bbox 1749 2167 2025 2221; x_wconf 83' lang='lat' dir='ltr'><strong>humilita-</strong></span> 
     </span>
    </p>
   </div>
   <div class='ocr_carea' id='block_1_20' title="bbox 443 2256 2025 2327">
    <p class='ocr_par' dir='ltr' id='par_1_20' title="bbox 443 2256 2025 2327">
     <span class='ocr_line' id='line_1_20' title="bbox 443 2256 2025 2327; baseline -0.001 -15"><span class='ocrx_word' id='word_1_128' title='bbox 443 2270 551 2315; x_wconf 91' lang='lat' dir='ltr'><strong>tem</strong></span> <span class='ocrx_word' id='word_1_129' title='bbox 582 2259 983 2327; x_wconf 84' lang='lat' dir='ltr'><strong>contemplatus</strong></span> <span class='ocrx_word' id='word_1_130' title='bbox 1017 2257 1193 2322; x_wconf 80' lang='lat' dir='ltr'><strong>iuero,</strong></span> <span class='ocrx_word' id='word_1_131' title='bbox 1229 2260 1426 2314; x_wconf 85' lang='lat' dir='ltr'><strong>nubem</strong></span> <span class='ocrx_word' id='word_1_132' title='bbox 1470 2256 1615 2312; x_wconf 84' lang='lat' dir='ltr'><strong>Itane</strong></span> <span class='ocrx_word' id='word_1_133' title='bbox 1648 2257 2025 2313; x_wconf 81' lang='lat' dir='ltr'><strong>sublimiorem</strong></span> 
     </span>
    </p>
   </div>
   <div class='ocr_carea' id='block_1_21' title="bbox 439 2346 2025 2405">
    <p class='ocr_par' dir='ltr' id='par_1_21' title="bbox 439 2346 2025 2405">
     <span class='ocr_line' id='line_1_21' title="bbox 439 2346 2025 2405; baseline 0 -2"><span class='ocrx_word' id='word_1_134' title='bbox 439 2358 495 2403; x_wconf 83' lang='lat' dir='ltr'><strong>et</strong></span> <span class='ocrx_word' id='word_1_135' title='bbox 534 2348 879 2403; x_wconf 86' lang='lat' dir='ltr'><strong>remotiorem</strong></span> <span class='ocrx_word' id='word_1_136' title='bbox 925 2362 955 2402; x_wconf 86' lang='lat' dir='ltr'><strong>a</strong></span> <span class='ocrx_word' id='word_1_137' title='bbox 1011 2364 1096 2404; x_wconf 89' lang='lat' dir='ltr'><strong>tne</strong></span> <span class='ocrx_word' id='word_1_138' title='bbox 1155 2349 1373 2405; x_wconf 86' lang='lat' dir='ltr'><strong>visurus</strong></span> <span class='ocrx_word' id='word_1_139' title='bbox 1428 2349 1532 2404; x_wconf 88' lang='lat' dir='ltr'><strong>situ</strong></span> <span class='ocrx_word' id='word_1_140' title='bbox 1578 2364 1593 2402; x_wconf 90' lang='lat'><strong>:</strong></span> <span class='ocrx_word' id='word_1_141' title='bbox 1639 2349 1685 2404; x_wconf 90' lang='lat' dir='ltr'><strong>si</strong></span> <span class='ocrx_word' id='word_1_142' title='bbox 1722 2349 1789 2402; x_wconf 83' lang='lat' dir='ltr'><strong>ad</strong></span> <span class='ocrx_word' id='word_1_143' title='bbox 1839 2346 2025 2404; x_wconf 86' lang='lat' dir='ltr'><strong>Jesum</strong></span> 
     </span>
    </p>
   </div>
   <div class='ocr_carea' id='block_1_22' title="bbox 446 2440 2024 2512">
    <p class='ocr_par' dir='ltr' id='par_1_22' title="bbox 446 2440 2024 2512">
     <span class='ocr_line' id='line_1_22' title="bbox 446 2440 2024 2512; baseline 0 -19"><span class='ocrx_word' id='word_1_144' title='bbox 446 2442 617 2494; x_wconf 86' lang='lat' dir='ltr'><strong>lilium</strong></span> <span class='ocrx_word' id='word_1_145' title='bbox 662 2440 831 2505; x_wconf 84' lang='lat' dir='ltr'><strong>Nave,</strong></span> <span class='ocrx_word' id='word_1_146' title='bbox 870 2450 928 2496; x_wconf 91' lang='lat' dir='ltr'><strong>et</strong></span> <span class='ocrx_word' id='word_1_147' title='bbox 977 2442 1044 2495; x_wconf 89' lang='lat' dir='ltr'><strong>ad</strong></span> <span class='ocrx_word' id='word_1_148' title='bbox 1094 2444 1486 2512; x_wconf 86' lang='lat' dir='ltr'><strong>prophetarum</strong></span> <span class='ocrx_word' id='word_1_149' title='bbox 1534 2442 1675 2495; x_wconf 87' lang='lat' dir='ltr'><strong>vitas</strong></span> <span class='ocrx_word' id='word_1_150' title='bbox 1726 2442 2024 2506; x_wconf 82' lang='lat' dir='ltr'><strong>devenero,</strong></span> 
     </span>
    </p>
   </div>
   <div class='ocr_carea' id='block_1_23' title="bbox 441 2529 2026 2601">
    <p class='ocr_par' dir='ltr' id='par_1_23' title="bbox 441 2529 2026 2601">
     <span class='ocr_line' id='line_1_23' title="bbox 441 2529 2026 2601; baseline 0 -16"><span class='ocrx_word' id='word_1_151' title='bbox 441 2529 768 2598; x_wconf 82' lang='lat' dir='ltr'><strong>illorumth</strong></span> <span class='ocrx_word' id='word_1_152' title='bbox 801 2546 889 2587; x_wconf 89' lang='lat' dir='ltr'><strong>res</strong></span> <span class='ocrx_word' id='word_1_153' title='bbox 923 2542 1103 2601; x_wconf 78' lang='lat' dir='ltr'><strong>gestas</strong></span> <span class='ocrx_word' id='word_1_154' title='bbox 1125 2533 1413 2601; x_wconf 82' lang='lat' dir='ltr'><strong>diligenter</strong></span> <span class='ocrx_word' id='word_1_155' title='bbox 1442 2532 1850 2595; x_wconf 74' lang='lat' dir='ltr'><strong>examinavero,</strong></span> <span class='ocrx_word' id='word_1_156' title='bbox 1882 2532 2026 2600; x_wconf 85' lang='lat' dir='ltr'><strong>quod</strong></span> 
     </span>
    </p>
   </div>
   <div class='ocr_carea' id='block_1_24' title="bbox 442 2623 2026 2693">
    <p class='ocr_par' dir='ltr' id='par_1_24' title="bbox 442 2623 2026 2693">
     <span class='ocr_line' id='line_1_24' title="bbox 442 2623 2026 2693; baseline 0.001 -18"><span class='ocrx_word' id='word_1_157' title='bbox 442 2623 706 2691; x_wconf 75' lang='lat' dir='ltr'><strong>scriptum</strong></span> <span class='ocrx_word' id='word_1_158' title='bbox 743 2633 830 2678; x_wconf 92' lang='lat' dir='ltr'><strong>est</strong></span> <span class='ocrx_word' id='word_1_159' title='bbox 858 2630 988 2677; x_wconf 86' lang='lat' dir='ltr'><strong>tunc</strong></span> <span class='ocrx_word' id='word_1_160' title='bbox 1022 2623 1332 2693; x_wconf 89' lang='lat' dir='ltr'><strong>adimplebo</strong></span> <span class='ocrx_word' id='word_1_161' title='bbox 1355 2668 1369 2689; x_wconf 92' lang='lat'><strong>,</strong></span> <span class='ocrx_word' id='word_1_162' title='bbox 1418 2632 1475 2679; x_wconf 90' lang='lat' dir='ltr'><strong>et</strong></span> <span class='ocrx_word' id='word_1_163' title='bbox 1508 2623 1679 2679; x_wconf 90' lang='lat' dir='ltr'><strong>nubes</strong></span> <span class='ocrx_word' id='word_1_164' title='bbox 1706 2631 1912 2692; x_wconf 86' lang='lat' dir='ltr'><strong>quanto</strong></span> <span class='ocrx_word' id='word_1_165' title='bbox 1941 2637 2026 2677; x_wconf 90' lang='lat' dir='ltr'><strong>me</strong></span> 
     </span>
    </p>
   </div>
   <div class='ocr_carea' id='block_1_25' title="bbox 444 2712 1301 2778">
    <p class='ocr_par' dir='ltr' id='par_1_25' title="bbox 444 2712 1301 2778">
     <span class='ocr_line' id='line_1_25' title="bbox 444 2712 1301 2778; baseline 0 -10"><span class='ocrx_word' id='word_1_166' title='bbox 444 2712 795 2768; x_wconf 89' lang='lat' dir='ltr'><strong>sublimiores</strong></span> <span class='ocrx_word' id='word_1_167' title='bbox 822 2714 929 2769; x_wconf 88' lang='lat' dir='ltr'><strong>sint</strong></span> <span class='ocrx_word' id='word_1_168' title='bbox 950 2753 966 2778; x_wconf 92' lang='lat'><strong>,</strong></span> <span class='ocrx_word' id='word_1_169' title='bbox 998 2712 1301 2768; x_wconf 88' lang='lat' dir='ltr'><strong>addiscam.</strong></span> 
     </span>
    </p>
   </div>
   <div class='ocr_carea' id='block_1_26' title="bbox 516 2804 2027 2876">
    <p class='ocr_par' dir='ltr' id='par_1_26' title="bbox 516 2804 2027 2876">
     <span class='ocr_line' id='line_1_26' title="bbox 516 2804 2027 2876; baseline -0.001 -15"><span class='ocrx_word' id='word_1_170' title='bbox 516 2806 685 2865; x_wconf 54' lang='lat' dir='ltr'><strong>Vsus.</strong></span> <span class='ocrx_word' id='word_1_171' title='bbox 719 2807 770 2863; x_wconf 87' lang='lat'><strong>6.</strong></span> <span class='ocrx_word' id='word_1_172' title='bbox 803 2804 864 2862; x_wconf 80' lang='lat' dir='ltr'><strong>Si</strong></span> <span class='ocrx_word' id='word_1_173' title='bbox 885 2804 1133 2875; x_wconf 76' lang='lat' dir='ltr'><strong>peccasti,</strong></span> <span class='ocrx_word' id='word_1_174' title='bbox 1166 2805 1292 2874; x_wconf 88' lang='lat' dir='ltr'><strong>quid</strong></span> <span class='ocrx_word' id='word_1_175' title='bbox 1327 2819 1449 2875; x_wconf 81' lang='lat' dir='ltr'><strong>ages</strong></span> <span class='ocrx_word' id='word_1_176' title='bbox 1474 2805 1500 2858; x_wconf 85' lang='lat'><strong><em>?</em></strong></span> <span class='ocrx_word' id='word_1_177' title='bbox 1528 2804 1608 2859; x_wconf 79' lang='lat' dir='ltr'><strong>Au</strong></span> <span class='ocrx_word' id='word_1_178' title='bbox 1637 2806 1801 2871; x_wconf 86' lang='lat' dir='ltr'><strong>nosti,</strong></span> <span class='ocrx_word' id='word_1_179' title='bbox 1830 2805 2027 2876; x_wconf 88' lang='lat' dir='ltr'><strong>inquit,</strong></span> 
     </span>
    </p>
   </div>
   <div class='ocr_carea' id='block_1_27' title="bbox 444 2895 2027 2967">
    <p class='ocr_par' dir='ltr' id='par_1_27' title="bbox 444 2895 2027 2967">
     <span class='ocr_line' id='line_1_27' title="bbox 444 2895 2027 2967; baseline 0 -16"><span class='ocrx_word' id='word_1_180' title='bbox 444 2898 489 2951; x_wconf 90' lang='lat' dir='ltr'><strong>si</strong></span> <span class='ocrx_word' id='word_1_181' title='bbox 525 2898 837 2965; x_wconf 78' lang='lat' dir='ltr'><strong>peccaveris</strong></span> <span class='ocrx_word' id='word_1_182' title='bbox 866 2896 997 2966; x_wconf 90' lang='lat' dir='ltr'><strong>quid</strong></span> <span class='ocrx_word' id='word_1_183' title='bbox 1036 2895 1134 2950; x_wconf 83' lang='lat' dir='ltr'><strong>tibi</strong></span> <span class='ocrx_word' id='word_1_184' title='bbox 1169 2895 1478 2951; x_wconf 77' lang='lat' dir='ltr'><strong>faciendum</strong></span> <span class='ocrx_word' id='word_1_185' title='bbox 1518 2897 1623 2962; x_wconf 90' lang='lat' dir='ltr'><strong>sit,</strong></span> <span class='ocrx_word' id='word_1_186' title='bbox 1657 2908 1716 2951; x_wconf 81' lang='grc' dir='ltr'><strong>ιιι</strong></span> <span class='ocrx_word' id='word_1_187' title='bbox 1742 2907 2027 2967; x_wconf 73' lang='lat' dir='ltr'><strong>peccatum</strong></span> 
     </span>
    </p>
   </div>
   <div class='ocr_carea' id='block_1_28' title="bbox 444 2987 2026 3057">
    <p class='ocr_par' dir='ltr' id='par_1_28' title="bbox 444 2987 2026 3057">
     <span class='ocr_line' id='line_1_28' title="bbox 444 2987 2026 3057; baseline 0.002 -14"><span class='ocrx_word' id='word_1_188' title='bbox 444 2989 732 3044; x_wconf 78' lang='lat' dir='ltr'><strong>diluatur?</strong></span> <span class='ocrx_word' id='word_1_189' title='bbox 770 2990 826 3043; x_wconf 86' lang='lat' dir='ltr'><strong>Si</strong></span> <span class='ocrx_word' id='word_1_190' title='bbox 872 2988 1052 3042; x_wconf 85' lang='lat' dir='ltr'><strong>verbis</strong></span> <span class='ocrx_word' id='word_1_191' title='bbox 1094 2987 1408 3057; x_wconf 83' lang='lat' dir='ltr'><strong>deliquisti,</strong></span> <span class='ocrx_word' id='word_1_192' title='bbox 1463 2989 1650 3045; x_wconf 81' lang='lat' dir='ltr'><strong>verbis</strong></span> <span class='ocrx_word' id='word_1_193' title='bbox 1692 2988 2026 3057; x_wconf 75' lang='lat' dir='ltr'><strong>sanioribus,</strong></span> 
     </span>
    </p>
   </div>
   <div class='ocr_carea' id='block_1_29' title="bbox 447 3072 2099 3165">
    <p class='ocr_par' dir='ltr' id='par_1_29' title="bbox 447 3072 2099 3165">
     <span class='ocr_line' id='line_1_29' title="bbox 447 3072 2099 3165; baseline 0.002 -32"><span class='ocrx_word' id='word_1_194' title='bbox 447 3076 607 3148; x_wconf 78' lang='lat'><strong>507</strong></span> <span class='ocrx_word' id='word_1_195' title='bbox 626 3080 742 3134; x_wconf 88' lang='lat' dir='ltr'><strong>etsi</strong></span> <span class='ocrx_word' id='word_1_196' title='bbox 766 3078 1021 3148; x_wconf 77' lang='lat' dir='ltr'><strong>cperibus</strong></span> <span class='ocrx_word' id='word_1_197' title='bbox 1042 3072 1339 3141; x_wconf 76' lang='lat' dir='ltr'><strong>oli‘emlisti,</strong></span> <span class='ocrx_word' id='word_1_198' title='bbox 1366 3076 1526 3134; x_wconf 81' lang='lat' dir='ltr'><strong>laetis</strong></span> <span class='ocrx_word' id='word_1_199' title='bbox 1540 3080 1774 3150; x_wconf 77' lang='lat' dir='ltr'><strong>egregiis</strong></span> <span class='ocrx_word' id='word_1_200' title='bbox 1792 3080 2025 3151; x_wconf 87' lang='lat' dir='ltr'><strong>teipsum</strong></span> <span class='ocrx_word' id='word_1_201' title='bbox 2056 3105 2099 3165; x_wconf 69' lang='grc' dir='ltr'>ο</span> 
     </span>
    </p>
   </div>
   <div class='ocr_carea' id='block_1_30' title="bbox 444 3168 2032 3239">
    <p class='ocr_par' dir='ltr' id='par_1_30' title="bbox 444 3168 2032 3239">
     <span class='ocr_line' id='line_1_30' title="bbox 444 3168 2032 3239; baseline 0.002 -16"><span class='ocrx_word' id='word_1_202' title='bbox 444 3179 669 3236; x_wconf 87' lang='lat' dir='ltr'><strong>curans,</strong></span> <span class='ocrx_word' id='word_1_203' title='bbox 715 3169 808 3224; x_wconf 87' lang='lat' dir='ltr'><strong>tibi</strong></span> <span class='ocrx_word' id='word_1_204' title='bbox 851 3169 1113 3233; x_wconf 86' lang='lat' dir='ltr'><strong>medere;</strong></span> <span class='ocrx_word' id='word_1_205' title='bbox 1147 3169 1192 3223; x_wconf 84' lang='lat' dir='ltr'><strong>si</strong></span> <span class='ocrx_word' id='word_1_206' title='bbox 1229 3183 1359 3223; x_wconf 88' lang='lat' dir='ltr'><strong>vero</strong></span> <span class='ocrx_word' id='word_1_207' title='bbox 1404 3168 1721 3239; x_wconf 88' lang='lat' dir='ltr'><strong>iniquitates</strong></span> <span class='ocrx_word' id='word_1_208' title='bbox 1754 3171 1937 3226; x_wconf 64' lang='lat' dir='ltr'><strong>multm</strong></span> <span class='ocrx_word' id='word_1_209' title='bbox 1976 3182 2032 3227; x_wconf 88' lang='lat' dir='ltr'><strong>et</strong></span> 
     </span>
    </p>
   </div>
   <div class='ocr_carea' id='block_1_31' title="bbox 448 3258 2027 3331">
    <p class='ocr_par' dir='ltr' id='par_1_31' title="bbox 448 3258 2027 3331">
     <span class='ocr_line' id='line_1_31' title="bbox 448 3258 2027 3331; baseline 0.003 -17"><span class='ocrx_word' id='word_1_210' title='bbox 448 3258 779 3317; x_wconf 89' lang='lat' dir='ltr'><strong>incurabiles</strong></span> <span class='ocrx_word' id='word_1_211' title='bbox 809 3258 1014 3317; x_wconf 79' lang='lat' dir='ltr'><strong>fuerint</strong></span> <span class='ocrx_word' id='word_1_212' title='bbox 1038 3303 1055 3327; x_wconf 92' lang='lat'><strong>,</strong></span> <span class='ocrx_word' id='word_1_213' title='bbox 1091 3266 1313 3331; x_wconf 79' lang='lat' dir='ltr'><strong>propter</strong></span> <span class='ocrx_word' id='word_1_214' title='bbox 1340 3260 1540 3316; x_wconf 84' lang='lat' dir='ltr'><strong>delicta</strong></span> <span class='ocrx_word' id='word_1_215' title='bbox 1568 3258 1993 3319; x_wconf 81' lang='lat' dir='ltr'><strong>immedicabilis</strong></span> <span class='ocrx_word' id='word_1_216' title='bbox 2012 3304 2027 3328; x_wconf 89' lang='lat'><strong>,</strong></span> 
     </span>
    </p>
   </div>
   <div class='ocr_carea' id='block_1_32' title="bbox 446 3351 2033 3421">
    <p class='ocr_par' dir='ltr' id='par_1_32' title="bbox 446 3351 2033 3421">
     <span class='ocr_line' id='line_1_32' title="bbox 446 3351 2033 3421; baseline 0.004 -18"><span class='ocrx_word' id='word_1_217' title='bbox 446 3363 568 3416; x_wconf 74' lang='lat' dir='ltr'><strong>qua:</strong></span> <span class='ocrx_word' id='word_1_218' title='bbox 598 3351 698 3420; x_wconf 86' lang='lat' dir='ltr'><strong>ipsi</strong></span> <span class='ocrx_word' id='word_1_219' title='bbox 738 3367 933 3409; x_wconf 88' lang='lat' dir='ltr'><strong>curare</strong></span> <span class='ocrx_word' id='word_1_220' title='bbox 963 3366 1069 3408; x_wconf 92' lang='lat' dir='ltr'><strong>non</strong></span> <span class='ocrx_word' id='word_1_221' title='bbox 1107 3365 1428 3421; x_wconf 84' lang='lat' dir='ltr'><strong>possumus,</strong></span> <span class='ocrx_word' id='word_1_222' title='bbox 1456 3352 1525 3407; x_wconf 87' lang='lat' dir='ltr'><strong>de</strong></span> <span class='ocrx_word' id='word_1_223' title='bbox 1558 3351 1714 3408; x_wconf 68' lang='lat' dir='ltr'><strong>caelis</strong></span> <span class='ocrx_word' id='word_1_224' title='bbox 1753 3354 2033 3410; x_wconf 85' lang='lat' dir='ltr'><strong>descendit</strong></span> 
     </span>
    </p>
   </div>
   <div class='ocr_carea' id='block_1_33' title="bbox 443 3438 2034 3514">
    <p class='ocr_par' dir='ltr' id='par_1_33' title="bbox 443 3438 2034 3514">
     <span class='ocr_line' id='line_1_33' title="bbox 443 3438 2034 3514; baseline 0.003 -18"><span class='ocrx_word' id='word_1_225' title='bbox 443 3438 607 3497; x_wconf 80' lang='lat' dir='ltr'><strong>Jesus</strong></span> <span class='ocrx_word' id='word_1_226' title='bbox 650 3441 902 3499; x_wconf 89' lang='lat' dir='ltr'><strong>Christus</strong></span> <span class='ocrx_word' id='word_1_227' title='bbox 948 3453 1008 3498; x_wconf 89' lang='lat' dir='ltr'><strong>ut</strong></span> <span class='ocrx_word' id='word_1_228' title='bbox 1043 3442 1370 3497; x_wconf 80' lang='lat' dir='ltr'><strong>insanabilia</strong></span> <span class='ocrx_word' id='word_1_229' title='bbox 1402 3453 1756 3508; x_wconf 79' lang='lat' dir='ltr'><strong>sanarentur.</strong></span> <span class='ocrx_word' id='word_1_230' title='bbox 1794 3444 2034 3514; x_wconf 87' lang='lat' dir='ltr'><strong>illudque</strong></span> 
     </span>
    </p>
   </div>
   <div class='ocr_carea' id='block_1_34' title="bbox 445 3530 2035 3603">
    <p class='ocr_par' dir='ltr' id='par_1_34' title="bbox 445 3530 2035 3603">
     <span class='ocr_line' id='line_1_34' title="bbox 445 3530 2035 3603; baseline 0.003 -17"><span class='ocrx_word' id='word_1_231' title='bbox 445 3530 702 3587; x_wconf 80' lang='lat' dir='ltr'><strong>eil‘ectum</strong></span> <span class='ocrx_word' id='word_1_232' title='bbox 739 3534 1033 3590; x_wconf 87' lang='lat' dir='ltr'><strong>sortiretur</strong></span> <span class='ocrx_word' id='word_1_233' title='bbox 1069 3552 1084 3587; x_wconf 91' lang='lat'><strong>:</strong></span> <span class='ocrx_word' id='word_1_234' title='bbox 1130 3552 1150 3587; x_wconf 79' lang='grc' dir='ltr'><strong>ι</strong></span> <span class='ocrx_word' id='word_1_235' title='bbox 1180 3534 1330 3590; x_wconf 85' lang='lat' dir='ltr'><strong>Beati</strong></span> <span class='ocrx_word' id='word_1_236' title='bbox 1366 3542 1597 3603; x_wconf 86' lang='lat' dir='ltr'><strong>quorum</strong></span> <span class='ocrx_word' id='word_1_237' title='bbox 1631 3535 1874 3588; x_wconf 83' lang='lat' dir='ltr'><strong>remissae</strong></span> <span class='ocrx_word' id='word_1_238' title='bbox 1903 3546 2035 3590; x_wconf 86' lang='lat' dir='ltr'><strong>sunt</strong></span> 
     </span>
    </p>
   </div>
   <div class='ocr_carea' id='block_1_35' title="bbox 447 3621 1277 3691">
    <p class='ocr_par' dir='ltr' id='par_1_35' title="bbox 447 3621 1277 3691">
     <span class='ocr_line' id='line_1_35' title="bbox 447 3621 1277 3691; baseline 0.01 -14"><span class='ocrx_word' id='word_1_239' title='bbox 447 3621 767 3691; x_wconf 80' lang='lat' dir='ltr'><strong>iniquitates</strong></span> <span class='ocrx_word' id='word_1_240' title='bbox 803 3625 866 3679; x_wconf 74' lang='lat'><strong>“.</strong></span> <span class='ocrx_word' id='word_1_241' title='bbox 894 3644 912 3678; x_wconf 78' lang='grc' dir='ltr'><strong>ι</strong></span> <span class='ocrx_word' id='word_1_242' title='bbox 1274 3680 1277 3685; x_wconf 94' lang='grc'>.</span> 
     </span>
    </p>
   </div>
   <div class='ocr_carea' id='block_1_36' title="bbox 480 3711 2032 3783">
    <p class='ocr_par' dir='ltr' id='par_1_36' title="bbox 480 3711 2032 3783">
     <span class='ocr_line' id='line_1_36' title="bbox 480 3711 2032 3783; baseline 0.004 -16"><span class='ocrx_word' id='word_1_243' title='bbox 480 3711 690 3773; x_wconf 54' lang='lat' dir='ltr'><strong>‘Vsns.</strong></span> <span class='ocrx_word' id='word_1_244' title='bbox 741 3719 831 3774; x_wconf 81' lang='lat' dir='ltr'><strong>ill.</strong></span> <span class='ocrx_word' id='word_1_245' title='bbox 894 3718 998 3783; x_wconf 84' lang='lat' dir='ltr'><strong>Qui</strong></span> <span class='ocrx_word' id='word_1_246' title='bbox 1057 3716 1329 3774; x_wconf 63' lang='lat' dir='ltr'><strong>distribuit</strong></span> <span class='ocrx_word' id='word_1_247' title='bbox 1393 3719 1665 3773; x_wconf 74' lang='lat' dir='ltr'><strong>custodias</strong></span> <span class='ocrx_word' id='word_1_248' title='bbox 1721 3729 2032 3773; x_wconf 75' lang='lat' dir='ltr'><strong>nocturnas.</strong></span> 
     </span>
    </p>
   </div>
   <div class='ocr_carea' id='block_1_37' title="bbox 448 3808 2032 3883">
    <p class='ocr_par' dir='ltr' id='par_1_37' title="bbox 448 3808 2032 3883">
     <span class='ocr_line' id='line_1_37' title="bbox 448 3808 2032 3883; baseline -0.001 -16"><span class='ocrx_word' id='word_1_249' title='bbox 448 3808 588 3869; x_wconf 78' lang='lat' dir='ltr'><strong>Vide</strong></span> <span class='ocrx_word' id='word_1_250' title='bbox 630 3810 782 3867; x_wconf 84' lang='lat' dir='ltr'><strong>Elius</strong></span> <span class='ocrx_word' id='word_1_251' title='bbox 815 3811 1003 3867; x_wconf 83' lang='lat' dir='ltr'><strong>laudes</strong></span> <span class='ocrx_word' id='word_1_252' title='bbox 1050 3812 1140 3867; x_wconf 87' lang='lat' dir='ltr'><strong>Dei</strong></span> <span class='ocrx_word' id='word_1_253' title='bbox 1173 3824 1227 3867; x_wconf 89' lang='lat' dir='ltr'><strong>et</strong></span> <span class='ocrx_word' id='word_1_254' title='bbox 1263 3813 1534 3883; x_wconf 79' lang='lat' dir='ltr'><strong>praeconia</strong></span> <span class='ocrx_word' id='word_1_255' title='bbox 1587 3812 1878 3883; x_wconf 85' lang='lat' dir='ltr'><strong>persequi,</strong></span> <span class='ocrx_word' id='word_1_256' title='bbox 1910 3828 2032 3866; x_wconf 89' lang='lat' dir='ltr'><strong>cum</strong></span> 
     </span>
    </p>
   </div>
   <div class='ocr_carea' id='block_1_38' title="bbox 451 3900 2028 3972">
    <p class='ocr_par' dir='ltr' id='par_1_38' title="bbox 451 3900 2028 3972">
     <span class='ocr_line' id='line_1_38' title="bbox 451 3900 2028 3972; baseline 0.001 -17"><span class='ocrx_word' id='word_1_257' title='bbox 451 3900 522 3957; x_wconf 91' lang='lat' dir='ltr'><strong>de</strong></span> <span class='ocrx_word' id='word_1_258' title='bbox 550 3910 615 3957; x_wconf 86' lang='lat' dir='ltr'><strong>eo</strong></span> <span class='ocrx_word' id='word_1_259' title='bbox 646 3902 797 3958; x_wconf 88' lang='lat' dir='ltr'><strong>dicat</strong></span> <span class='ocrx_word' id='word_1_260' title='bbox 832 3922 844 3957; x_wconf 92' lang='lat'><strong>:</strong></span> <span class='ocrx_word' id='word_1_261' title='bbox 878 3921 896 3955; x_wconf 75' lang='grc' dir='ltr'><strong>ι</strong></span> <span class='ocrx_word' id='word_1_262' title='bbox 921 3904 1026 3972; x_wconf 86' lang='lat' dir='ltr'><strong>Qui</strong></span> <span class='ocrx_word' id='word_1_263' title='bbox 1056 3904 1336 3959; x_wconf 80' lang='lat' dir='ltr'><strong>distribuit</strong></span> <span class='ocrx_word' id='word_1_264' title='bbox 1363 3906 1645 3962; x_wconf 80' lang='lat' dir='ltr'><strong>custodias</strong></span> <span class='ocrx_word' id='word_1_265' title='bbox 1674 3913 2028 3960; x_wconf 58' lang='lat' dir='ltr'><strong>nocturnas:</strong></span> 
     </span>
    </p>
   </div>
   <div class='ocr_carea' id='block_1_39' title="bbox 451 3992 2035 4065">
    <p class='ocr_par' dir='ltr' id='par_1_39' title="bbox 451 3992 2035 4065">
     <span class='ocr_line' id='line_1_39' title="bbox 451 3992 2035 4065; baseline 0.004 -17"><span class='ocrx_word' id='word_1_266' title='bbox 451 3992 547 4049; x_wconf 78' lang='lat' dir='ltr'><strong>Vis</strong></span> <span class='ocrx_word' id='word_1_267' title='bbox 573 4004 755 4049; x_wconf 87' lang='lat' dir='ltr'><strong>autem</strong></span> <span class='ocrx_word' id='word_1_268' title='bbox 790 3996 980 4050; x_wconf 91' lang='lat' dir='ltr'><strong>videre</strong></span> <span class='ocrx_word' id='word_1_269' title='bbox 1008 3997 1285 4065; x_wconf 87' lang='lat' dir='ltr'><strong>quomodo</strong></span> <span class='ocrx_word' id='word_1_270' title='bbox 1320 3998 1460 4053; x_wconf 83' lang='lat' dir='ltr'><strong>Deus</strong></span> <span class='ocrx_word' id='word_1_271' title='bbox 1494 4008 1797 4054; x_wconf 87' lang='lat' dir='ltr'><strong>nocturnas</strong></span> <span class='ocrx_word' id='word_1_272' title='bbox 1820 3996 2035 4065; x_wconf 72' lang='lat' dir='ltr'><strong>vigilias</strong></span> 
     </span>
    </p>
   </div>
   <div class='ocr_carea' id='block_1_40' title="bbox 452 4084 2038 4157">
    <p class='ocr_par' dir='ltr' id='par_1_40' title="bbox 452 4084 2038 4157">
     <span class='ocr_line' id='line_1_40' title="bbox 452 4084 2038 4157; baseline 0.004 -17"><span class='ocrx_word' id='word_1_273' title='bbox 452 4086 783 4140; x_wconf 80' lang='lat' dir='ltr'><strong>distribuat?</strong></span> <span class='ocrx_word' id='word_1_274' title='bbox 832 4084 1030 4140; x_wconf 84' lang='lat' dir='ltr'><strong>Totum</strong></span> <span class='ocrx_word' id='word_1_275' title='bbox 1081 4086 1240 4154; x_wconf 87' lang='lat' dir='ltr'><strong>hujus</strong></span> <span class='ocrx_word' id='word_1_276' title='bbox 1289 4087 1414 4141; x_wconf 43' lang='lat' dir='ltr'><strong>vita;</strong></span> <span class='ocrx_word' id='word_1_277' title='bbox 1453 4092 1665 4157; x_wconf 85' lang='lat' dir='ltr'><strong>tempus</strong></span> <span class='ocrx_word' id='word_1_278' title='bbox 1711 4106 1816 4145; x_wconf 82' lang='lat' dir='ltr'><strong>nox</strong></span> <span class='ocrx_word' id='word_1_279' title='bbox 1859 4100 1943 4146; x_wconf 86' lang='lat' dir='ltr'><strong>est</strong></span> <span class='ocrx_word' id='word_1_280' title='bbox 1981 4100 2038 4147; x_wconf 88' lang='lat' dir='ltr'><strong>et</strong></span> 
     </span>
    </p>
   </div>
   <div class='ocr_carea' id='block_1_41' title="bbox 453 4174 2029 4246">
    <p class='ocr_par' dir='ltr' id='par_1_41' title="bbox 453 4174 2029 4246">
     <span class='ocr_line' id='line_1_41' title="bbox 453 4174 2029 4246; baseline 0.007 -18"><span class='ocrx_word' id='word_1_281' title='bbox 453 4176 713 4243; x_wconf 62' lang='lat' dir='ltr'><strong>tenebrae,</strong></span> <span class='ocrx_word' id='word_1_282' title='bbox 767 4174 855 4229; x_wconf 70' lang='lat' dir='ltr'><strong>lux</strong></span> <span class='ocrx_word' id='word_1_283' title='bbox 900 4177 951 4230; x_wconf 93' lang='lat' dir='ltr'><strong>in</strong></span> <span class='ocrx_word' id='word_1_284' title='bbox 1002 4186 1279 4246; x_wconf 88' lang='lat' dir='ltr'><strong>posterum</strong></span> <span class='ocrx_word' id='word_1_285' title='bbox 1329 4179 1424 4233; x_wconf 92' lang='lat' dir='ltr'><strong>tibi</strong></span> <span class='ocrx_word' id='word_1_286' title='bbox 1474 4191 1828 4246; x_wconf 87' lang='lat' dir='ltr'><strong>reservatur;</strong></span> <span class='ocrx_word' id='word_1_287' title='bbox 1883 4199 2029 4239; x_wconf 88' lang='lat' dir='ltr'><strong>nunc</strong></span> 
     </span>
    </p>
   </div>
   <div class='ocr_carea' id='block_1_42' title="bbox 451 4265 2037 4343">
    <p class='ocr_par' dir='ltr' id='par_1_42' title="bbox 451 4265 2037 4343">
     <span class='ocr_line' id='line_1_42' title="bbox 451 4265 2037 4343; baseline 0.006 -22"><span class='ocrx_word' id='word_1_288' title='bbox 451 4265 598 4321; x_wconf 87' lang='lat' dir='ltr'><strong>enim</strong></span> <span class='ocrx_word' id='word_1_289' title='bbox 646 4267 701 4322; x_wconf 90' lang='lat' dir='ltr'><strong>in</strong></span> <span class='ocrx_word' id='word_1_290' title='bbox 740 4266 958 4336; x_wconf 89' lang='lat' dir='ltr'><strong>speculo</strong></span> <span class='ocrx_word' id='word_1_291' title='bbox 995 4268 1143 4323; x_wconf 81' lang='lat' dir='ltr'><strong>vides</strong></span> <span class='ocrx_word' id='word_1_292' title='bbox 1176 4269 1249 4329; x_wconf 72' lang='grc'><strong>,¹⁸.</strong></span> <span class='ocrx_word' id='word_1_293' title='bbox 1298 4268 1471 4325; x_wconf 86' lang='lat' dir='ltr'><strong>lucem</strong></span> <span class='ocrx_word' id='word_1_294' title='bbox 1509 4274 1690 4327; x_wconf 82' lang='lat' dir='ltr'><strong>autem</strong></span> <span class='ocrx_word' id='word_1_295' title='bbox 1739 4273 2037 4343; x_wconf 86' lang='lat' dir='ltr'><strong>aliquando</strong></span> 
     </span>
    </p>
   </div>
   <div class='ocr_carea' id='block_1_43' title="bbox 450 4357 2034 4434">
    <p class='ocr_par' dir='ltr' id='par_1_43' title="bbox 450 4357 2034 4434">
     <span class='ocr_line' id='line_1_43' title="bbox 450 4357 2034 4434; baseline 0.008 -27"><span class='ocrx_word' id='word_1_296' title='bbox 450 4357 670 4413; x_wconf 77' lang='lat' dir='ltr'><strong>visurus</strong></span> <span class='ocrx_word' id='word_1_297' title='bbox 708 4372 788 4413; x_wconf 89' lang='lat' dir='ltr'><strong>es.</strong></span> <span class='ocrx_word' id='word_1_298' title='bbox 826 4358 937 4413; x_wconf 69' lang='lat' dir='ltr'><strong>Nox</strong></span> <span class='ocrx_word' id='word_1_299' title='bbox 967 4359 1245 4416; x_wconf 87' lang='lat' dir='ltr'><strong>enimvero</strong></span> <span class='ocrx_word' id='word_1_300' title='bbox 1268 4361 1371 4417; x_wconf 86' lang='lat' dir='ltr'><strong>hoc</strong></span> <span class='ocrx_word' id='word_1_301' title='bbox 1397 4362 1654 4417; x_wconf 68' lang='lat' dir='ltr'><strong>steeulum</strong></span> <span class='ocrx_word' id='word_1_302' title='bbox 1688 4374 1793 4429; x_wconf 90' lang='lat' dir='ltr'><strong>est,</strong></span> <span class='ocrx_word' id='word_1_303' title='bbox 1818 4374 1871 4420; x_wconf 92' lang='lat' dir='ltr'><strong>et</strong></span> <span class='ocrx_word' id='word_1_304' title='bbox 1895 4363 2034 4434; x_wconf 83' lang='lat' dir='ltr'><strong>vigi-</strong></span> 
     </span>
    </p>
   </div>
   <div class='ocr_carea' id='block_1_44' title="bbox 1843 297 2281 357">
    <p class='ocr_par' dir='ltr' id='par_1_44' title="bbox 1843 297 2281 357">
     <span class='ocr_line' id='line_1_44' title="bbox 1843 297 2281 357; baseline -0.011 -1"><span class='ocrx_word' id='word_1_305' title='bbox 1843 300 1933 357; x_wconf 69' lang='grc' dir='ltr'><strong>ΕΣ</strong></span> <span class='ocrx_word' id='word_1_306' title='bbox 1974 297 2281 355; x_wconf 71' lang='lat' dir='ltr'><strong>ORIGENE</strong></span> 
     </span>
    </p>
   </div>
   <div class='ocr_carea' id='block_1_45' title="bbox 3606 282 3775 341">
    <p class='ocr_par' dir='ltr' id='par_1_45' title="bbox 3606 282 3775 341">
     <span class='ocr_line' id='line_1_45' title="bbox 3606 282 3775 341; baseline 0.012 -2"><span class='ocrx_word' id='word_1_307' title='bbox 3606 282 3775 341; x_wconf 60' lang='grc' dir='ltr'><strong>Η)ιῇ</strong></span> 
     </span>
    </p>
   </div>
   <div class='ocr_carea' id='block_1_46' title="bbox 2130 402 3764 489">
    <p class='ocr_par' dir='ltr' id='par_1_46' title="bbox 2130 402 3764 489">
     <span class='ocr_line' id='line_1_46' title="bbox 2130 402 3764 489; baseline -0.011 -20"><span class='ocrx_word' id='word_1_308' title='bbox 2130 418 2269 489; x_wconf 75' lang='grc' dir='ltr'>νήτῃ</span> <span class='ocrx_word' id='word_1_309' title='bbox 2293 415 2353 468; x_wconf 77' lang='grc' dir='ltr'><strong>τὸ</strong></span> <span class='ocrx_word' id='word_1_310' title='bbox 2381 411 2680 484; x_wconf 73' lang='grc' dir='ltr'>ουλληφθέν</span> <span class='ocrx_word' id='word_1_311' title='bbox 2694 431 2705 441; x_wconf 88' lang='grc'><strong>·</strong></span> <span class='ocrx_word' id='word_1_312' title='bbox 2736 408 2875 465; x_wconf 82' lang='grc' dir='ltr'>κατὰ</span> <span class='ocrx_word' id='word_1_313' title='bbox 2896 406 3067 462; x_wconf 78' lang='grc' dir='ltr'>ταῦτα</span> <span class='ocrx_word' id='word_1_314' title='bbox 3088 404 3142 461; x_wconf 73' lang='grc' dir='ltr'>δὲ</span> <span class='ocrx_word' id='word_1_315' title='bbox 3158 402 3355 459; x_wconf 71' lang='grc' dir='ltr'>καιὲπὶ</span> <span class='ocrx_word' id='word_1_316' title='bbox 3369 405 3470 474; x_wconf 79' lang='grc' dir='ltr'>τῆς</span> <span class='ocrx_word' id='word_1_317' title='bbox 3489 402 3764 471; x_wconf 65' lang='grc' dir='ltr'>ςιλομ</span> 
     </span>
    </p>
   </div>
   <div class='ocr_carea' id='block_1_47' title="bbox 2130 489 3775 575">
    <p class='ocr_par' dir='ltr' id='par_1_47' title="bbox 2130 489 3775 575">
     <span class='ocr_line' id='line_1_47' title="bbox 2130 489 3775 575; baseline -0.012 -16"><span class='ocrx_word' id='word_1_318' title='bbox 2130 506 2254 569; x_wconf 83' lang='grc' dir='ltr'>Θοῦς</span> <span class='ocrx_word' id='word_1_319' title='bbox 2287 505 2462 575; x_wconf 69' lang='grc' dir='ltr'>ψυχῆς</span> <span class='ocrx_word' id='word_1_320' title='bbox 2506 503 2715 572; x_wconf 84' lang='grc' dir='ltr'>γίνεται</span> <span class='ocrx_word' id='word_1_321' title='bbox 2738 518 2751 529; x_wconf 79' lang='grc'><em>’</em></span> <span class='ocrx_word' id='word_1_322' title='bbox 2786 496 3152 567; x_wconf 79' lang='grc' dir='ltr'>συλλαμϐάνει</span> <span class='ocrx_word' id='word_1_323' title='bbox 3185 495 3293 567; x_wconf 72' lang='grc' dir='ltr'><strong>γὰρ</strong></span> <span class='ocrx_word' id='word_1_324' title='bbox 3325 494 3417 546; x_wconf 83' lang='grc' dir='ltr'>τὸν</span> <span class='ocrx_word' id='word_1_325' title='bbox 3448 492 3668 559; x_wconf 76' lang='grc' dir='ltr'>λόγον.</span> <span class='ocrx_word' id='word_1_326' title='bbox 3703 489 3775 540; x_wconf 76' lang='grc' dir='ltr'>ὃν</span> 
     </span>
    </p>
   </div>
   <div class='ocr_carea' id='block_1_48' title="bbox 2128 580 3768 665">
    <p class='ocr_par' dir='ltr' id='par_1_48' title="bbox 2128 580 3768 665">
     <span class='ocr_line' id='line_1_48' title="bbox 2128 580 3768 665; baseline -0.013 -14"><span class='ocrx_word' id='word_1_327' title='bbox 2128 595 2604 665; x_wconf 76' lang='grc' dir='ltr'><strong>ἀπαγγελλόμενον</strong></span> <span class='ocrx_word' id='word_1_328' title='bbox 2636 592 2832 663; x_wconf 54' lang='grc' dir='ltr'>μορςοῖ</span> <span class='ocrx_word' id='word_1_329' title='bbox 2852 630 2867 653; x_wconf 91' lang='grc'><strong>,</strong></span> <span class='ocrx_word' id='word_1_330' title='bbox 2895 588 2990 642; x_wconf 83' lang='grc' dir='ltr'><strong>καὶ</strong></span> <span class='ocrx_word' id='word_1_331' title='bbox 3019 587 3177 639; x_wconf 86' lang='grc' dir='ltr'><strong>τυποί</strong></span> <span class='ocrx_word' id='word_1_332' title='bbox 3204 585 3365 638; x_wconf 69' lang='grc' dir='ltr'>αὐτὸν</span> <span class='ocrx_word' id='word_1_333' title='bbox 3410 585 3487 652; x_wconf 75' lang='grc' dir='ltr'>τῇ</span> <span class='ocrx_word' id='word_1_334' title='bbox 3526 580 3725 645; x_wconf 76' lang='grc' dir='ltr'>τάξει</span> <span class='ocrx_word' id='word_1_335' title='bbox 3748 594 3768 607; x_wconf 85' lang='grc'><strong>·</strong></span> 
     </span>
    </p>
   </div>
   <div class='ocr_carea' id='block_1_49' title="bbox 2127 670 3779 757">
    <p class='ocr_par' dir='ltr' id='par_1_49' title="bbox 2127 670 3779 757">
     <span class='ocr_line' id='line_1_49' title="bbox 2127 670 3779 757; baseline -0.012 -15"><span class='ocrx_word' id='word_1_336' title='bbox 2127 689 2254 741; x_wconf 84' lang='grc' dir='ltr'>ὅταν</span> <span class='ocrx_word' id='word_1_337' title='bbox 2284 687 2342 740; x_wconf 73' lang='grc' dir='ltr'>δὲ</span> <span class='ocrx_word' id='word_1_338' title='bbox 2367 684 2508 757; x_wconf 83' lang='grc' dir='ltr'><strong>μετά</strong></span> <span class='ocrx_word' id='word_1_339' title='bbox 2544 683 2605 736; x_wconf 82' lang='grc' dir='ltr'>τὸ</span> <span class='ocrx_word' id='word_1_340' title='bbox 2635 679 2884 735; x_wconf 84' lang='grc' dir='ltr'>τυπῶσαι</span> <span class='ocrx_word' id='word_1_341' title='bbox 2911 677 3006 731; x_wconf 71' lang='grc' dir='ltr'><strong>καὶ</strong></span> <span class='ocrx_word' id='word_1_342' title='bbox 3034 676 3336 748; x_wconf 84' lang='grc' dir='ltr'>μορφῶσαι,</span> <span class='ocrx_word' id='word_1_343' title='bbox 3369 670 3779 739; x_wconf 72' lang='grc' dir='ltr'>τετελειωμέ-</span> 
     </span>
    </p>
   </div>
   <div class='ocr_carea' id='block_1_50' title="bbox 2129 765 3781 849">
    <p class='ocr_par' dir='ltr' id='par_1_50' title="bbox 2129 765 3781 849">
     <span class='ocr_line' id='line_1_50' title="bbox 2129 765 3781 849; baseline -0.01 -15"><span class='ocrx_word' id='word_1_344' title='bbox 2129 799 2220 835; x_wconf 86' lang='grc' dir='ltr'>νον</span> <span class='ocrx_word' id='word_1_345' title='bbox 2248 781 2410 833; x_wconf 84' lang='grc' dir='ltr'>αὺτὸν</span> <span class='ocrx_word' id='word_1_346' title='bbox 2441 775 2688 849; x_wconf 83' lang='grc' dir='ltr'>παραδῷ,</span> <span class='ocrx_word' id='word_1_347' title='bbox 2714 777 2837 830; x_wconf 84' lang='grc' dir='ltr'>τότε</span> <span class='ocrx_word' id='word_1_348' title='bbox 2865 775 3071 828; x_wconf 85' lang='grc' dir='ltr'>τίκτει·</span> <span class='ocrx_word' id='word_1_349' title='bbox 3105 772 3201 826; x_wconf 76' lang='grc' dir='ltr'>καὶ</span> <span class='ocrx_word' id='word_1_350' title='bbox 3240 771 3433 842; x_wconf 77' lang='grc' dir='ltr'>μέχρις</span> <span class='ocrx_word' id='word_1_351' title='bbox 3468 768 3545 822; x_wconf 81' lang='grc' dir='ltr'>ἂν</span> <span class='ocrx_word' id='word_1_352' title='bbox 3574 765 3781 836; x_wconf 74' lang='grc' dir='ltr'>τέκῃ,</span> 
     </span>
    </p>
   </div>
   <div class='ocr_carea' id='block_1_51' title="bbox 2132 867 2715 943">
    <p class='ocr_par' dir='ltr' id='par_1_51' title="bbox 2132 867 2715 943">
     <span class='ocr_line' id='line_1_51' title="bbox 2132 867 2715 943; baseline -0.005 -19"><span class='ocrx_word' id='word_1_353' title='bbox 2132 870 2426 943; x_wconf 78' lang='grc' dir='ltr'><strong>βαρύνεται</strong></span> <span class='ocrx_word' id='word_1_354' title='bbox 2457 871 2515 922; x_wconf 80' lang='grc' dir='ltr'>ὲν</span> <span class='ocrx_word' id='word_1_355' title='bbox 2542 867 2715 921; x_wconf 81' lang='grc' dir='ltr'>ὠδῖνι.</span> 
     </span>
    </p>
   </div>
   <div class='ocr_carea' id='block_1_52' title="bbox 2202 948 3773 1027">
    <p class='ocr_par' dir='ltr' id='par_1_52' title="bbox 2202 948 3773 1027">
     <span class='ocr_line' id='line_1_52' title="bbox 2202 948 3773 1027; baseline -0.01 -14"><span class='ocrx_word' id='word_1_356' title='bbox 2202 957 2485 1027; x_wconf 74' lang='grc' dir='ltr'>Δαλήσω,</span> <span class='ocrx_word' id='word_1_357' title='bbox 2527 956 2632 1011; x_wconf 78' lang='grc' dir='ltr'><strong>ἵνα</strong></span> <span class='ocrx_word' id='word_1_358' title='bbox 2660 955 3099 1023; x_wconf 76' lang='grc' dir='ltr'>ἀναπαύσωμαι</span> <span class='ocrx_word' id='word_1_359' title='bbox 3132 949 3381 1017; x_wconf 81' lang='grc' dir='ltr'><strong>ἀνοίξας</strong></span> <span class='ocrx_word' id='word_1_360' title='bbox 3404 950 3485 1002; x_wconf 81' lang='grc' dir='ltr'>τὰ</span> <span class='ocrx_word' id='word_1_361' title='bbox 3529 948 3773 1015; x_wconf 59' lang='grc' dir='ltr'><strong>χείλη.</strong></span> 
     </span>
    </p>
   </div>
   <div class='ocr_carea' id='block_1_53' title="bbox 2143 1037 3767 1120">
    <p class='ocr_par' dir='ltr' id='par_1_53' title="bbox 2143 1037 3767 1120">
     <span class='ocr_line' id='line_1_53' title="bbox 2143 1037 3767 1120; baseline -0.01 -15"><span class='ocrx_word' id='word_1_362' title='bbox 2143 1052 2200 1106; x_wconf 89' lang='lat'><strong>&#39;0</strong></span> <span class='ocrx_word' id='word_1_363' title='bbox 2233 1049 2516 1120; x_wconf 80' lang='grc' dir='ltr'><strong>τυγχάνων</strong></span> <span class='ocrx_word' id='word_1_364' title='bbox 2546 1043 2769 1102; x_wconf 78' lang='grc' dir='ltr'><strong>συνετοῦ</strong></span> <span class='ocrx_word' id='word_1_365' title='bbox 2802 1045 3073 1117; x_wconf 78' lang='grc' dir='ltr'><strong>ἀκροατοῦ</strong></span> <span class='ocrx_word' id='word_1_366' title='bbox 3093 1080 3109 1108; x_wconf 89' lang='grc'><strong>,</strong></span> <span class='ocrx_word' id='word_1_367' title='bbox 3138 1046 3235 1097; x_wconf 66' lang='grc' dir='ltr'>καὶ</span> <span class='ocrx_word' id='word_1_368' title='bbox 3258 1042 3332 1096; x_wconf 80' lang='grc' dir='ltr'><strong>ῶν</strong></span> <span class='ocrx_word' id='word_1_369' title='bbox 3375 1040 3619 1111; x_wconf 80' lang='grc' dir='ltr'>πλήρης</span> <span class='ocrx_word' id='word_1_370' title='bbox 3672 1037 3767 1091; x_wconf 74' lang='grc' dir='ltr'><strong>λό-</strong></span> 
     </span>
    </p>
   </div>
   <div class='ocr_carea' id='block_1_54' title="bbox 2130 1127 3757 1211">
    <p class='ocr_par' dir='ltr' id='par_1_54' title="bbox 2130 1127 3757 1211">
     <span class='ocr_line' id='line_1_54' title="bbox 2130 1127 3757 1211; baseline -0.009 -15"><span class='ocrx_word' id='word_1_371' title='bbox 2130 1160 2262 1211; x_wconf 89' lang='grc' dir='ltr'>γων,</span> <span class='ocrx_word' id='word_1_372' title='bbox 2298 1141 2476 1194; x_wconf 88' lang='grc' dir='ltr'>λαλῶν</span> <span class='ocrx_word' id='word_1_373' title='bbox 2505 1139 2869 1205; x_wconf 90' lang='grc' dir='ltr'>ἀναπαύεται,</span> <span class='ocrx_word' id='word_1_374' title='bbox 2895 1138 2993 1210; x_wconf 80' lang='grc' dir='ltr'>τὴν</span> <span class='ocrx_word' id='word_1_375' title='bbox 3012 1136 3380 1209; x_wconf 65' lang='grc' dir='ltr'>περισσότητα</span> <span class='ocrx_word' id='word_1_376' title='bbox 3409 1127 3535 1187; x_wconf 74' lang='grc' dir='ltr'>οἷον</span> <span class='ocrx_word' id='word_1_377' title='bbox 3566 1129 3757 1184; x_wconf 69' lang='grc' dir='ltr'>κενέ)</span> 
     </span>
    </p>
   </div>
   <div class='ocr_carea' id='block_1_55' title="bbox 2132 1233 2698 1299">
    <p class='ocr_par' dir='ltr' id='par_1_55' title="bbox 2132 1233 2698 1299">
     <span class='ocr_line' id='line_1_55' title="bbox 2132 1233 2698 1299; baseline -0.002 -12"><span class='ocrx_word' id='word_1_378' title='bbox 2132 1252 2236 1299; x_wconf 85' lang='grc' dir='ltr'><strong>σας</strong></span> <span class='ocrx_word' id='word_1_379' title='bbox 2266 1234 2360 1288; x_wconf 71' lang='grc' dir='ltr'><strong>καὶ</strong></span> <span class='ocrx_word' id='word_1_380' title='bbox 2387 1233 2698 1288; x_wconf 76' lang='grc' dir='ltr'>ἀποϐαλών.</span> 
     </span>
    </p>
   </div>
   <div class='ocr_carea' id='block_1_56' title="bbox 2754 1433 3091 1487">
    <p class='ocr_par' dir='ltr' id='par_1_56' title="bbox 2754 1433 3091 1487">
     <span class='ocr_line' id='line_1_56' title="bbox 2754 1433 3091 1487; baseline -0.009 0"><span class='ocrx_word' id='word_1_381' title='bbox 2754 1434 2892 1487; x_wconf 73' lang='grc' dir='ltr'><strong>ΚΕΦ</strong></span> <span class='ocrx_word' id='word_1_382' title='bbox 2911 1471 2927 1485; x_wconf 90' lang='grc'><strong>.</strong></span> <span class='ocrx_word' id='word_1_383' title='bbox 2968 1433 3091 1485; x_wconf 82' lang='grc' dir='ltr'><strong>ΔΕ’.</strong></span> 
     </span>
    </p>
   </div>
   <div class='ocr_carea' id='block_1_57' title="bbox 2212 1515 3780 1597">
    <p class='ocr_par' dir='ltr' id='par_1_57' title="bbox 2212 1515 3780 1597">
     <span class='ocr_line' id='line_1_57' title="bbox 2212 1515 3780 1597; baseline -0.008 -13"><span class='ocrx_word' id='word_1_384' title='bbox 2212 1527 2584 1597; x_wconf 70' lang='grc' dir='ltr'>Ἀνάϐλεψον</span> <span class='ocrx_word' id='word_1_385' title='bbox 2603 1529 2691 1594; x_wconf 76' lang='grc' dir='ltr'>εἰς</span> <span class='ocrx_word' id='word_1_386' title='bbox 2714 1527 2820 1581; x_wconf 72' lang='grc' dir='ltr'><strong>τὸν</strong></span> <span class='ocrx_word' id='word_1_387' title='bbox 2842 1526 3123 1595; x_wconf 82' lang='grc' dir='ltr'><strong>οὐρανόν.</strong></span> <span class='ocrx_word' id='word_1_388' title='bbox 3167 1520 3483 1578; x_wconf 78' lang='grc' dir='ltr'>’Δναϐλέπει</span> <span class='ocrx_word' id='word_1_389' title='bbox 3526 1521 3625 1585; x_wconf 74' lang='grc' dir='ltr'>εἰς</span> <span class='ocrx_word' id='word_1_390' title='bbox 3660 1515 3780 1573; x_wconf 65' lang='grc' dir='ltr'><strong>τὸν</strong></span> 
     </span>
    </p>
   </div>
   <div class='ocr_carea' id='block_1_58' title="bbox 2132 1614 3771 1692">
    <p class='ocr_par' dir='ltr' id='par_1_58' title="bbox 2132 1614 3771 1692">
     <span class='ocr_line' id='line_1_58' title="bbox 2132 1614 3771 1692; baseline -0.005 -18"><span class='ocrx_word' id='word_1_391' title='bbox 2132 1620 2359 1692; x_wconf 83' lang='grc' dir='ltr'>οὐρανὸν</span> <span class='ocrx_word' id='word_1_392' title='bbox 2397 1620 2497 1689; x_wconf 77' lang='grc' dir='ltr'><strong>οὐχ</strong></span> <span class='ocrx_word' id='word_1_393' title='bbox 2542 1618 2573 1671; x_wconf 81' lang='grc' dir='ltr'>ὁ</span> <span class='ocrx_word' id='word_1_394' title='bbox 2600 1620 2728 1682; x_wconf 81' lang='grc' dir='ltr'>τοὺς</span> <span class='ocrx_word' id='word_1_395' title='bbox 2760 1617 3107 1689; x_wconf 82' lang='grc' dir='ltr'>σωματικοὺς</span> <span class='ocrx_word' id='word_1_396' title='bbox 3142 1614 3452 1685; x_wconf 74' lang='grc' dir='ltr'>ὀφθαλμοὺς</span> <span class='ocrx_word' id='word_1_397' title='bbox 3478 1614 3771 1685; x_wconf 65' lang='grc' dir='ltr'>ἐπάρας,</span> 
     </span>
    </p>
   </div>
   <div class='ocr_carea' id='block_1_59' title="bbox 2132 1705 3771 1780">
    <p class='ocr_par' dir='ltr' id='par_1_59' title="bbox 2132 1705 3771 1780">
     <span class='ocr_line' id='line_1_59' title="bbox 2132 1705 3771 1780; baseline -0.005 -15"><span class='ocrx_word' id='word_1_398' title='bbox 2132 1712 2227 1765; x_wconf 81' lang='grc' dir='ltr'>καὶ</span> <span class='ocrx_word' id='word_1_399' title='bbox 2251 1709 2375 1764; x_wconf 78' lang='grc' dir='ltr'>ἰδὼν</span> <span class='ocrx_word' id='word_1_400' title='bbox 2397 1709 2488 1763; x_wconf 87' lang='grc' dir='ltr'>τὸν</span> <span class='ocrx_word' id='word_1_401' title='bbox 2508 1708 2735 1779; x_wconf 81' lang='grc' dir='ltr'>οὐρανόν</span> <span class='ocrx_word' id='word_1_402' title='bbox 2754 1725 2769 1739; x_wconf 78' lang='grc'><em>’</em></span> <span class='ocrx_word' id='word_1_403' title='bbox 2799 1708 2961 1761; x_wconf 87' lang='grc' dir='ltr'>τοῦτο</span> <span class='ocrx_word' id='word_1_404' title='bbox 2981 1708 3089 1780; x_wconf 87' lang='grc' dir='ltr'><strong>γάρ</strong></span> <span class='ocrx_word' id='word_1_405' title='bbox 3106 1707 3168 1761; x_wconf 80' lang='grc' dir='ltr'>τὸ</span> <span class='ocrx_word' id='word_1_406' title='bbox 3186 1705 3515 1761; x_wconf 74' lang='grc' dir='ltr'>ἀναὸλιπειν</span> <span class='ocrx_word' id='word_1_407' title='bbox 3546 1706 3771 1774; x_wconf 76' lang='grc' dir='ltr'>ἔχουσι</span> 
     </span>
    </p>
   </div>
   <div class='ocr_carea' id='block_1_60' title="bbox 2132 1795 3767 1867">
    <p class='ocr_par' dir='ltr' id='par_1_60' title="bbox 2132 1795 3767 1867">
     <span class='ocr_line' id='line_1_60' title="bbox 2132 1795 3767 1867; baseline -0.006 -10"><span class='ocrx_word' id='word_1_408' title='bbox 2132 1803 2226 1857; x_wconf 79' lang='grc' dir='ltr'>καὶ</span> <span class='ocrx_word' id='word_1_409' title='bbox 2255 1800 2492 1866; x_wconf 78' lang='grc' dir='ltr'>οῖ’κύνες</span> <span class='ocrx_word' id='word_1_410' title='bbox 2522 1802 2618 1855; x_wconf 77' lang='grc' dir='ltr'>καὶ</span> <span class='ocrx_word' id='word_1_411' title='bbox 2664 1802 2713 1854; x_wconf 83' lang='grc' dir='ltr'>οἱ</span> <span class='ocrx_word' id='word_1_412' title='bbox 2744 1801 2877 1854; x_wconf 78' lang='grc' dir='ltr'>ὄνοι.</span> <span class='ocrx_word' id='word_1_413' title='bbox 2914 1800 3103 1862; x_wconf 74' lang='grc' dir='ltr'>Οὐδεὶς</span> <span class='ocrx_word' id='word_1_414' title='bbox 3140 1798 3464 1867; x_wconf 85' lang='grc' dir='ltr'>φιλόκοσμος</span> <span class='ocrx_word' id='word_1_415' title='bbox 3490 1795 3767 1849; x_wconf 73' lang='grc' dir='ltr'>ἀναϐλέ-</span> 
     </span>
    </p>
   </div>
   <div class='ocr_carea' id='block_1_61' title="bbox 2132 1888 3766 1963">
    <p class='ocr_par' dir='ltr' id='par_1_61' title="bbox 2132 1888 3766 1963">
     <span class='ocr_line' id='line_1_61' title="bbox 2132 1888 3766 1963; baseline -0.001 -16"><span class='ocrx_word' id='word_1_416' title='bbox 2132 1912 2223 1948; x_wconf 87' lang='grc' dir='ltr'>πει</span> <span class='ocrx_word' id='word_1_417' title='bbox 2248 1896 2329 1958; x_wconf 88' lang='grc' dir='ltr'><strong>είς</strong></span> <span class='ocrx_word' id='word_1_418' title='bbox 2356 1894 2447 1948; x_wconf 85' lang='grc' dir='ltr'>τὸν</span> <span class='ocrx_word' id='word_1_419' title='bbox 2483 1892 2713 1963; x_wconf 79' lang='grc' dir='ltr'>οὐρανὸν</span> <span class='ocrx_word' id='word_1_420' title='bbox 2731 1931 2747 1957; x_wconf 97' lang='grc'><strong>,</strong></span> <span class='ocrx_word' id='word_1_421' title='bbox 2777 1892 2893 1946; x_wconf 84' lang='grc' dir='ltr'>ἀλλ’</span> <span class='ocrx_word' id='word_1_422' title='bbox 2933 1894 2962 1946; x_wconf 80' lang='grc' dir='ltr'><strong>ὀ</strong></span> <span class='ocrx_word' id='word_1_423' title='bbox 2995 1893 3070 1963; x_wconf 74' lang='grc' dir='ltr'>μὴ</span> <span class='ocrx_word' id='word_1_424' title='bbox 3103 1890 3333 1959; x_wconf 80' lang='grc' dir='ltr'>ἀγαπῶν</span> <span class='ocrx_word' id='word_1_425' title='bbox 3362 1888 3456 1942; x_wconf 77' lang='grc' dir='ltr'><strong>τὸν</strong></span> <span class='ocrx_word' id='word_1_426' title='bbox 3486 1890 3766 1960; x_wconf 73' lang='grc' dir='ltr'>κόσμον.</span> 
     </span>
    </p>
   </div>
   <div class='ocr_carea' id='block_1_62' title="bbox 2133 1980 3769 2058">
    <p class='ocr_par' dir='ltr' id='par_1_62' title="bbox 2133 1980 3769 2058">
     <span class='ocr_line' id='line_1_62' title="bbox 2133 1980 3769 2058; baseline -0.002 -18"><span class='ocrx_word' id='word_1_427' title='bbox 2133 1986 2269 2058; x_wconf 82' lang='grc' dir='ltr'>μηδὲ</span> <span class='ocrx_word' id='word_1_428' title='bbox 2323 1985 2391 2039; x_wconf 79' lang='grc' dir='ltr'><strong>τὰ</strong></span> <span class='ocrx_word' id='word_1_429' title='bbox 2450 1987 2510 2039; x_wconf 83' lang='grc' dir='ltr'>ὲν</span> <span class='ocrx_word' id='word_1_430' title='bbox 2562 1986 2642 2057; x_wconf 85' lang='grc' dir='ltr'>τῷ</span> <span class='ocrx_word' id='word_1_431' title='bbox 2688 1985 2901 2056; x_wconf 82' lang='grc' dir='ltr'>κόσμῳ.</span> <span class='ocrx_word' id='word_1_432' title='bbox 2961 1984 3129 2039; x_wconf 80' lang='grc' dir='ltr'>Πάλιν</span> <span class='ocrx_word' id='word_1_433' title='bbox 3176 1983 3233 2037; x_wconf 80' lang='grc' dir='ltr'>δὲ</span> <span class='ocrx_word' id='word_1_434' title='bbox 3296 1982 3393 2052; x_wconf 81' lang='grc' dir='ltr'><strong>οὐχ</strong></span> <span class='ocrx_word' id='word_1_435' title='bbox 3448 1980 3615 2035; x_wconf 75' lang='grc' dir='ltr'>οὕτω</span> <span class='ocrx_word' id='word_1_436' title='bbox 3683 1981 3769 2036; x_wconf 70' lang='grc' dir='ltr'>τὰ</span> 
     </span>
    </p>
   </div>
   <div class='ocr_carea' id='block_1_63' title="bbox 2089 2073 3764 2149">
    <p class='ocr_par' dir='ltr' id='par_1_63' title="bbox 2089 2073 3764 2149">
     <span class='ocr_line' id='line_1_63' title="bbox 2089 2073 3764 2149; baseline -0.002 -18"><span class='ocrx_word' id='word_1_437' title='bbox 2089 2111 2098 2119; x_wconf 88' lang='grc'><strong><em>-</em></strong></span> <span class='ocrx_word' id='word_1_438' title='bbox 2130 2078 2267 2149; x_wconf 80' lang='grc' dir='ltr'>νέφη</span> <span class='ocrx_word' id='word_1_439' title='bbox 2314 2077 2497 2149; x_wconf 73' lang='grc' dir='ltr'>ὑψηλά</span> <span class='ocrx_word' id='word_1_440' title='bbox 2538 2078 2633 2147; x_wconf 82' lang='grc' dir='ltr'>ἀφ’</span> <span class='ocrx_word' id='word_1_441' title='bbox 2664 2077 2823 2149; x_wconf 63' lang='grc' dir='ltr'><strong>⁴ἡμῶν</strong></span> <span class='ocrx_word' id='word_1_442' title='bbox 2869 2079 3038 2139; x_wconf 77' lang='grc' dir='ltr'>ἐστιν,</span> <span class='ocrx_word' id='word_1_443' title='bbox 3072 2076 3149 2137; x_wconf 86' lang='grc' dir='ltr'>ὠς</span> <span class='ocrx_word' id='word_1_444' title='bbox 3184 2075 3279 2129; x_wconf 80' lang='grc' dir='ltr'><strong>ὲάν</strong></span> <span class='ocrx_word' id='word_1_445' title='bbox 3339 2074 3433 2128; x_wconf 73' lang='grc' dir='ltr'><strong>ἴδω</strong></span> <span class='ocrx_word' id='word_1_446' title='bbox 3468 2073 3572 2128; x_wconf 78' lang='grc' dir='ltr'>τὸν</span> <span class='ocrx_word' id='word_1_447' title='bbox 3609 2076 3764 2128; x_wconf 75' lang='grc' dir='ltr'><strong>Μω-</strong></span> 
     </span>
    </p>
   </div>
   <div class='ocr_carea' id='block_1_64' title="bbox 2132 2166 3763 2241">
    <p class='ocr_par' dir='ltr' id='par_1_64' title="bbox 2132 2166 3763 2241">
     <span class='ocr_line' id='line_1_64' title="bbox 2132 2166 3763 2241; baseline -0.002 -19"><span class='ocrx_word' id='word_1_448' title='bbox 2132 2168 2269 2234; x_wconf 85' lang='grc' dir='ltr'>σέως</span> <span class='ocrx_word' id='word_1_449' title='bbox 2300 2169 2436 2240; x_wconf 86' lang='grc' dir='ltr'>βίον,</span> <span class='ocrx_word' id='word_1_450' title='bbox 2458 2170 2554 2223; x_wconf 75' lang='grc' dir='ltr'>καὶ</span> <span class='ocrx_word' id='word_1_451' title='bbox 2584 2170 2683 2241; x_wconf 83' lang='grc' dir='ltr'><strong>τὴν</strong></span> <span class='ocrx_word' id='word_1_452' title='bbox 2706 2168 2917 2222; x_wconf 78' lang='grc' dir='ltr'>ἐκείνου</span> <span class='ocrx_word' id='word_1_453' title='bbox 2941 2169 3077 2238; x_wconf 72' lang='grc' dir='ltr'>πρὸς</span> <span class='ocrx_word' id='word_1_454' title='bbox 3108 2167 3243 2221; x_wconf 82' lang='grc' dir='ltr'>Θεὸν</span> <span class='ocrx_word' id='word_1_455' title='bbox 3277 2166 3608 2238; x_wconf 77' lang='grc' dir='ltr'>ἀρέσκειαν,</span> <span class='ocrx_word' id='word_1_456' title='bbox 3644 2166 3763 2219; x_wconf 70' lang='grc' dir='ltr'>καὶ</span> 
     </span>
    </p>
   </div>
   <div class='ocr_carea' id='block_1_65' title="bbox 2128 2256 3759 2333">
    <p class='ocr_par' dir='ltr' id='par_1_65' title="bbox 2128 2256 3759 2333">
     <span class='ocr_line' id='line_1_65' title="bbox 2128 2256 3759 2333; baseline -0.001 -20"><span class='ocrx_word' id='word_1_457' title='bbox 2128 2261 2227 2332; x_wconf 81' lang='grc' dir='ltr'>τὴν</span> <span class='ocrx_word' id='word_1_458' title='bbox 2249 2261 2489 2331; x_wconf 72' lang='grc' dir='ltr'>ἐμαυτοῦ</span> <span class='ocrx_word' id='word_1_459' title='bbox 2520 2260 2862 2333; x_wconf 79' lang='grc' dir='ltr'>σμικρότητα</span> <span class='ocrx_word' id='word_1_460' title='bbox 2889 2261 2987 2313; x_wconf 76' lang='grc' dir='ltr'>καὶ</span> <span class='ocrx_word' id='word_1_461' title='bbox 3014 2258 3399 2327; x_wconf 78' lang='grc' dir='ltr'>ταπεινότητα,</span> <span class='ocrx_word' id='word_1_462' title='bbox 3432 2256 3589 2312; x_wconf 79' lang='grc' dir='ltr'>οὕτω</span> <span class='ocrx_word' id='word_1_463' title='bbox 3617 2257 3759 2328; x_wconf 61' lang='lat' dir='ltr'><strong>BU-</strong></span> 
     </span>
    </p>
   </div>
   <div class='ocr_carea' id='block_1_66' title="bbox 2130 2349 3754 2422">
    <p class='ocr_par' dir='ltr' id='par_1_66' title="bbox 2130 2349 3754 2422">
     <span class='ocr_line' id='line_1_66' title="bbox 2130 2349 3754 2422; baseline -0.001 -18"><span class='ocrx_word' id='word_1_464' title='bbox 2130 2368 2218 2405; x_wconf 87' lang='grc' dir='ltr'>πω</span> <span class='ocrx_word' id='word_1_465' title='bbox 2239 2351 2301 2404; x_wconf 80' lang='grc' dir='ltr'>τὸ</span> <span class='ocrx_word' id='word_1_466' title='bbox 2322 2351 2483 2421; x_wconf 80' lang='grc' dir='ltr'>νέφος</span> <span class='ocrx_word' id='word_1_467' title='bbox 2517 2350 2720 2422; x_wconf 73' lang='grc' dir='ltr'>ὑψηλὸν</span> <span class='ocrx_word' id='word_1_468' title='bbox 2750 2351 2845 2404; x_wconf 82' lang='grc' dir='ltr'><strong>ἀπ’</strong></span> <span class='ocrx_word' id='word_1_469' title='bbox 2878 2350 3015 2422; x_wconf 72' lang='grc' dir='ltr'>ἐμοῦ</span> <span class='ocrx_word' id='word_1_470' title='bbox 3040 2367 3054 2382; x_wconf 74' lang='grc' dir='ltr'><strong>ο</strong></span> <span class='ocrx_word' id='word_1_471' title='bbox 3082 2351 3182 2404; x_wconf 85' lang='grc' dir='ltr'><strong>ὲάν</strong></span> <span class='ocrx_word' id='word_1_472' title='bbox 3210 2350 3349 2403; x_wconf 75' lang='grc' dir='ltr'><strong>ἔλθω</strong></span> <span class='ocrx_word' id='word_1_473' title='bbox 3376 2350 3472 2403; x_wconf 75' lang='grc' dir='ltr'><strong>ἐπὶ</strong></span> <span class='ocrx_word' id='word_1_474' title='bbox 3510 2349 3754 2421; x_wconf 76' lang='grc' dir='ltr'>Ἰησοῦν</span> 
     </span>
    </p>
   </div>
   <div class='ocr_carea' id='block_1_67' title="bbox 2128 2440 3748 2514">
    <p class='ocr_par' dir='ltr' id='par_1_67' title="bbox 2128 2440 3748 2514">
     <span class='ocr_line' id='line_1_67' title="bbox 2128 2440 3748 2514; baseline -0.001 -20"><span class='ocrx_word' id='word_1_475' title='bbox 2128 2442 2219 2495; x_wconf 71' lang='grc' dir='ltr'><strong>τὸν</strong></span> <span class='ocrx_word' id='word_1_476' title='bbox 2242 2442 2335 2496; x_wconf 87' lang='grc' dir='ltr'><strong>τοῦ</strong></span> <span class='ocrx_word' id='word_1_477' title='bbox 2364 2442 2543 2513; x_wconf 82' lang='grc' dir='ltr'>Ναυῆ,</span> <span class='ocrx_word' id='word_1_478' title='bbox 2564 2442 2658 2495; x_wconf 65' lang='grc' dir='ltr'><strong>ἐπὶ</strong></span> <span class='ocrx_word' id='word_1_479' title='bbox 2684 2442 2810 2505; x_wconf 76' lang='grc' dir='ltr'>τοὺς</span> <span class='ocrx_word' id='word_1_480' title='bbox 2838 2441 2986 2512; x_wconf 84' lang='grc' dir='ltr'>βίους</span> <span class='ocrx_word' id='word_1_481' title='bbox 3011 2442 3119 2495; x_wconf 87' lang='grc' dir='ltr'><strong>τῶν</strong></span> <span class='ocrx_word' id='word_1_482' title='bbox 3146 2440 3466 2514; x_wconf 78' lang='grc' dir='ltr'>προφητῶν,</span> <span class='ocrx_word' id='word_1_483' title='bbox 3498 2440 3603 2493; x_wconf 68' lang='grc' dir='ltr'><strong>ἐὰν</strong></span> <span class='ocrx_word' id='word_1_484' title='bbox 3646 2442 3748 2508; x_wconf 76' lang='grc' dir='ltr'><strong>ἑξ-</strong></span> 
     </span>
    </p>
   </div>
   <div class='ocr_carea' id='block_1_68' title="bbox 2130 2532 3743 2606">
    <p class='ocr_par' dir='ltr' id='par_1_68' title="bbox 2130 2532 3743 2606">
     <span class='ocr_line' id='line_1_68' title="bbox 2130 2532 3743 2606; baseline -0.001 -19"><span class='ocrx_word' id='word_1_485' title='bbox 2130 2535 2309 2600; x_wconf 78' lang='grc' dir='ltr'>ετάζω</span> <span class='ocrx_word' id='word_1_486' title='bbox 2337 2534 2517 2589; x_wconf 81' lang='grc' dir='ltr'>αὐτῶν</span> <span class='ocrx_word' id='word_1_487' title='bbox 2537 2534 2640 2598; x_wconf 76' lang='grc' dir='ltr'><strong>τὰς</strong></span> <span class='ocrx_word' id='word_1_488' title='bbox 2672 2534 2921 2606; x_wconf 81' lang='grc' dir='ltr'>πράξεις,</span> <span class='ocrx_word' id='word_1_489' title='bbox 2954 2535 3078 2587; x_wconf 85' lang='grc' dir='ltr'>τότε</span> <span class='ocrx_word' id='word_1_490' title='bbox 3120 2532 3257 2587; x_wconf 79' lang='grc' dir='ltr'>ποιῶ</span> <span class='ocrx_word' id='word_1_491' title='bbox 3292 2534 3355 2586; x_wconf 81' lang='grc' dir='ltr'>τὸ</span> <span class='ocrx_word' id='word_1_492' title='bbox 3395 2534 3743 2604; x_wconf 69' lang='grc' dir='ltr'>γεγραμμέο</span> 
     </span>
    </p>
   </div>
   <div class='ocr_carea' id='block_1_69' title="bbox 2129 2625 3735 2699">
    <p class='ocr_par' dir='ltr' id='par_1_69' title="bbox 2129 2625 3735 2699">
     <span class='ocr_line' id='line_1_69' title="bbox 2129 2625 3735 2699; baseline -0.002 -18"><span class='ocrx_word' id='word_1_493' title='bbox 2129 2645 2239 2692; x_wconf 87' lang='grc' dir='ltr'>νον,</span> <span class='ocrx_word' id='word_1_494' title='bbox 2294 2629 2389 2682; x_wconf 76' lang='grc' dir='ltr'>καὶ</span> <span class='ocrx_word' id='word_1_495' title='bbox 2425 2626 2828 2699; x_wconf 81' lang='grc' dir='ltr'>καταμανθάνω</span> <span class='ocrx_word' id='word_1_496' title='bbox 2873 2628 3038 2682; x_wconf 81' lang='grc' dir='ltr'>πόσον</span> <span class='ocrx_word' id='word_1_497' title='bbox 3084 2627 3200 2680; x_wconf 70' lang='grc' dir='ltr'>ἐστὶ</span> <span class='ocrx_word' id='word_1_498' title='bbox 3252 2625 3324 2680; x_wconf 74' lang='grc' dir='ltr'><strong>τὰ</strong></span> <span class='ocrx_word' id='word_1_499' title='bbox 3360 2625 3498 2695; x_wconf 80' lang='grc' dir='ltr'>νέφη</span> <span class='ocrx_word' id='word_1_500' title='bbox 3538 2626 3735 2697; x_wconf 62' lang='grc' dir='ltr'>ὑψηλὰ</span> 
     </span>
    </p>
   </div>
   <div class='ocr_carea' id='block_1_70' title="bbox 2130 2718 2407 2789">
    <p class='ocr_par' dir='ltr' id='par_1_70' title="bbox 2130 2718 2407 2789">
     <span class='ocr_line' id='line_1_70' title="bbox 2130 2718 2407 2789; baseline 0.004 -17"><span class='ocrx_word' id='word_1_501' title='bbox 2130 2719 2225 2772; x_wconf 79' lang='grc' dir='ltr'><strong>ἀπ’</strong></span> <span class='ocrx_word' id='word_1_502' title='bbox 2251 2718 2407 2789; x_wconf 80' lang='grc' dir='ltr'>ἐμοῦ.</span> 
     </span>
    </p>
   </div>
   <div class='ocr_carea' id='block_1_71' title="bbox 2205 2799 3726 2877">
    <p class='ocr_par' dir='ltr' id='par_1_71' title="bbox 2205 2799 3726 2877">
     <span class='ocr_line' id='line_1_71' title="bbox 2205 2799 3726 2877; baseline -0.002 -17"><span class='ocrx_word' id='word_1_503' title='bbox 2205 2809 2272 2860; x_wconf 75' lang='grc' dir='ltr'><strong>ΕΙ</strong></span> <span class='ocrx_word' id='word_1_504' title='bbox 2302 2807 2580 2877; x_wconf 80' lang='grc' dir='ltr'>ἥμαρτες,</span> <span class='ocrx_word' id='word_1_505' title='bbox 2615 2806 2673 2860; x_wconf 79' lang='grc' dir='ltr'><strong>τί</strong></span> <span class='ocrx_word' id='word_1_506' title='bbox 2700 2804 2982 2875; x_wconf 56' lang='grc' dir='ltr'>πράξεως</span> <span class='ocrx_word' id='word_1_507' title='bbox 3010 2802 3157 2876; x_wconf 67' lang='grc' dir='ltr'><strong>τΑρα</strong></span> <span class='ocrx_word' id='word_1_508' title='bbox 3188 2799 3305 2868; x_wconf 84' lang='grc' dir='ltr'>οῦν,</span> <span class='ocrx_word' id='word_1_509' title='bbox 3339 2806 3528 2877; x_wconf 73' lang='grc' dir='ltr'>φησιν,</span> <span class='ocrx_word' id='word_1_510' title='bbox 3553 2800 3726 2868; x_wconf 77' lang='grc' dir='ltr'>οἶδας,</span> 
     </span>
    </p>
   </div>
   <div class='ocr_carea' id='block_1_72' title="bbox 2131 2894 3726 2969">
    <p class='ocr_par' dir='ltr' id='par_1_72' title="bbox 2131 2894 3726 2969">
     <span class='ocr_line' id='line_1_72' title="bbox 2131 2894 3726 2969; baseline -0.001 -21"><span class='ocrx_word' id='word_1_511' title='bbox 2131 2898 2181 2949; x_wconf 77' lang='grc' dir='ltr'>εἰ</span> <span class='ocrx_word' id='word_1_512' title='bbox 2206 2897 2473 2968; x_wconf 80' lang='grc' dir='ltr'>ἥμαρτες,</span> <span class='ocrx_word' id='word_1_513' title='bbox 2495 2895 2548 2949; x_wconf 90' lang='grc' dir='ltr'><strong>τί</strong></span> <span class='ocrx_word' id='word_1_514' title='bbox 2573 2895 2800 2969; x_wconf 81' lang='grc' dir='ltr'>πράξεις</span> <span class='ocrx_word' id='word_1_515' title='bbox 2822 2897 2916 2950; x_wconf 74' lang='grc' dir='ltr'><strong>ἐπὶ</strong></span> <span class='ocrx_word' id='word_1_516' title='bbox 2941 2896 3001 2950; x_wconf 84' lang='grc' dir='ltr'>τὸ</span> <span class='ocrx_word' id='word_1_517' title='bbox 3023 2896 3184 2950; x_wconf 85' lang='grc' dir='ltr'>λῦσαι</span> <span class='ocrx_word' id='word_1_518' title='bbox 3207 2897 3269 2949; x_wconf 78' lang='grc' dir='ltr'>τὸ</span> <span class='ocrx_word' id='word_1_519' title='bbox 3294 2894 3687 2967; x_wconf 79' lang='grc' dir='ltr'>ἡμαρτημένον</span> <span class='ocrx_word' id='word_1_520' title='bbox 3707 2911 3726 2958; x_wconf 86' lang='grc'><strong>;</strong></span> 
     </span>
    </p>
   </div>
   <div class='ocr_carea' id='block_1_73' title="bbox 2131 2984 3723 3059">
    <p class='ocr_par' dir='ltr' id='par_1_73' title="bbox 2131 2984 3723 3059">
     <span class='ocr_line' id='line_1_73' title="bbox 2131 2984 3723 3059; baseline -0.003 -19"><span class='ocrx_word' id='word_1_521' title='bbox 2131 2988 2195 3040; x_wconf 86' lang='grc' dir='ltr'>Εί</span> <span class='ocrx_word' id='word_1_522' title='bbox 2214 2989 2461 3059; x_wconf 71' lang='grc' dir='ltr'>ἥμαρτες</span> <span class='ocrx_word' id='word_1_523' title='bbox 2483 2987 2682 3056; x_wconf 85' lang='grc' dir='ltr'>λόγοις,</span> <span class='ocrx_word' id='word_1_524' title='bbox 2706 2987 2886 3055; x_wconf 88' lang='grc' dir='ltr'>λόγοις</span> <span class='ocrx_word' id='word_1_525' title='bbox 2917 2987 3226 3058; x_wconf 84' lang='grc' dir='ltr'>κρείττοσιν</span> <span class='ocrx_word' id='word_1_526' title='bbox 3246 2987 3400 3041; x_wconf 85' lang='grc' dir='ltr'>ῐασαι</span> <span class='ocrx_word' id='word_1_527' title='bbox 3419 3001 3433 3015; x_wconf 76' lang='grc' dir='ltr'><strong>ο</strong></span> <span class='ocrx_word' id='word_1_528' title='bbox 3462 2986 3510 3037; x_wconf 84' lang='grc' dir='ltr'><strong>εί</strong></span> <span class='ocrx_word' id='word_1_529' title='bbox 3535 2984 3723 3053; x_wconf 71' lang='grc' dir='ltr'>ἦμαρ-</span> 
     </span>
    </p>
   </div>
   <div class='ocr_carea' id='block_1_74' title="bbox 2130 3073 3713 3152">
    <p class='ocr_par' dir='ltr' id='par_1_74' title="bbox 2130 3073 3713 3152">
     <span class='ocr_line' id='line_1_74' title="bbox 2130 3073 3713 3152; baseline -0.004 -19"><span class='ocrx_word' id='word_1_530' title='bbox 2130 3097 2222 3143; x_wconf 86' lang='grc' dir='ltr'><strong>τες</strong></span> <span class='ocrx_word' id='word_1_531' title='bbox 2262 3082 2320 3134; x_wconf 80' lang='grc' dir='ltr'>ἐν</span> <span class='ocrx_word' id='word_1_532' title='bbox 2357 3080 2569 3151; x_wconf 74' lang='grc' dir='ltr'>ἔργοις,</span> <span class='ocrx_word' id='word_1_533' title='bbox 2604 3079 2785 3151; x_wconf 75' lang='grc' dir='ltr'>ἔργοις</span> <span class='ocrx_word' id='word_1_534' title='bbox 2825 3079 3172 3152; x_wconf 79' lang='grc' dir='ltr'>διαφέρουσιν</span> <span class='ocrx_word' id='word_1_535' title='bbox 3212 3080 3372 3143; x_wconf 74' lang='grc' dir='ltr'>αὐτὸς</span> <span class='ocrx_word' id='word_1_536' title='bbox 3404 3076 3586 3129; x_wconf 82' lang='grc' dir='ltr'>ἑαυτὸν</span> <span class='ocrx_word' id='word_1_537' title='bbox 3615 3073 3713 3127; x_wconf 63' lang='lat' dir='ltr'><strong>i6-</strong></span> 
     </span>
    </p>
   </div>
   <div class='ocr_carea' id='block_1_75' title="bbox 2138 3165 3708 3242">
    <p class='ocr_par' dir='ltr' id='par_1_75' title="bbox 2138 3165 3708 3242">
     <span class='ocr_line' id='line_1_75' title="bbox 2138 3165 3708 3242; baseline -0.003 -19"><span class='ocrx_word' id='word_1_538' title='bbox 2138 3187 2299 3241; x_wconf 84' lang='grc' dir='ltr'>μενος</span> <span class='ocrx_word' id='word_1_539' title='bbox 2316 3188 2331 3200; x_wconf 90' lang='grc'><strong>·</strong></span> <span class='ocrx_word' id='word_1_540' title='bbox 2358 3172 2408 3224; x_wconf 87' lang='grc' dir='ltr'>εἰ</span> <span class='ocrx_word' id='word_1_541' title='bbox 2439 3171 2497 3224; x_wconf 76' lang='grc' dir='ltr'>δὲ</span> <span class='ocrx_word' id='word_1_542' title='bbox 2525 3170 2718 3225; x_wconf 52' lang='lat' dir='ltr'><strong>mihi.</strong></span> <span class='ocrx_word' id='word_1_543' title='bbox 2742 3172 2835 3225; x_wconf 77' lang='grc' dir='ltr'>καὶ</span> <span class='ocrx_word' id='word_1_544' title='bbox 2868 3171 3076 3225; x_wconf 80' lang='grc' dir='ltr'>ἀνίατοι</span> <span class='ocrx_word' id='word_1_545' title='bbox 3098 3172 3156 3224; x_wconf 78' lang='grc' dir='ltr'>αἱ</span> <span class='ocrx_word' id='word_1_546' title='bbox 3187 3171 3427 3242; x_wconf 83' lang='grc' dir='ltr'>ἀνομίαι,</span> <span class='ocrx_word' id='word_1_547' title='bbox 3448 3166 3530 3221; x_wconf 69' lang='grc' dir='ltr'>διὰ.</span> <span class='ocrx_word' id='word_1_548' title='bbox 3546 3165 3708 3219; x_wconf 74' lang='grc' dir='ltr'>τοῦτο</span> 
     </span>
    </p>
   </div>
   <div class='ocr_carea' id='block_1_76' title="bbox 2136 3256 3709 3329">
    <p class='ocr_par' dir='ltr' id='par_1_76' title="bbox 2136 3256 3709 3329">
     <span class='ocr_line' id='line_1_76' title="bbox 2136 3256 3709 3329; baseline -0.004 -12"><span class='ocrx_word' id='word_1_549' title='bbox 2136 3264 2229 3317; x_wconf 70' lang='grc' dir='ltr'><strong>ἐπὶ</strong></span> <span class='ocrx_word' id='word_1_550' title='bbox 2258 3265 2371 3326; x_wconf 83' lang='grc' dir='ltr'>τοῖς</span> <span class='ocrx_word' id='word_1_551' title='bbox 2401 3262 2660 3328; x_wconf 79' lang='grc' dir='ltr'>ἀνιάτοις,</span> <span class='ocrx_word' id='word_1_552' title='bbox 2681 3258 2762 3327; x_wconf 76' lang='grc' dir='ltr'>οἷς</span> <span class='ocrx_word' id='word_1_553' title='bbox 2792 3264 3017 3327; x_wconf 77' lang='grc' dir='ltr'>ἑαυτοὺς</span> <span class='ocrx_word' id='word_1_554' title='bbox 3046 3261 3303 3316; x_wconf 75' lang='grc' dir='ltr'>ἰάσασθαι</span> <span class='ocrx_word' id='word_1_555' title='bbox 3330 3263 3390 3315; x_wconf 80' lang='grc' dir='ltr'>οὐ</span> <span class='ocrx_word' id='word_1_556' title='bbox 3421 3256 3709 3329; x_wconf 67' lang='grc' dir='ltr'>δυνάμεθα,</span> 
     </span>
    </p>
   </div>
   <div class='ocr_carea' id='block_1_77' title="bbox 2133 3350 3720 3428">
    <p class='ocr_par' dir='ltr' id='par_1_77' title="bbox 2133 3350 3720 3428">
     <span class='ocr_line' id='line_1_77' title="bbox 2133 3350 3720 3428; baseline -0.014 -1"><span class='ocrx_word' id='word_1_557' title='bbox 2133 3350 2295 3426; x_wconf 64' lang='grc' dir='ltr'>ἦλθεν</span> <span class='ocrx_word' id='word_1_558' title='bbox 2330 3356 2538 3427; x_wconf 75' lang='grc' dir='ltr'>Ἰησοῦς</span> <span class='ocrx_word' id='word_1_559' title='bbox 2568 3357 2800 3428; x_wconf 78' lang='grc' dir='ltr'>Χριστὸς</span> <span class='ocrx_word' id='word_1_560' title='bbox 2830 3356 2891 3422; x_wconf 79' lang='grc' dir='ltr'>ἐξ</span> <span class='ocrx_word' id='word_1_561' title='bbox 2913 3356 3182 3428; x_wconf 76' lang='grc' dir='ltr'>οὐρανῶν,</span> <span class='ocrx_word' id='word_1_562' title='bbox 3200 3356 3288 3410; x_wconf 81' lang='grc' dir='ltr'>ἵνα</span> <span class='ocrx_word' id='word_1_563' title='bbox 3314 3356 3385 3409; x_wconf 82' lang='grc' dir='ltr'><strong>τά</strong></span> <span class='ocrx_word' id='word_1_564' title='bbox 3414 3353 3609 3408; x_wconf 83' lang='grc' dir='ltr'>ἀνίατα</span> <span class='ocrx_word' id='word_1_565' title='bbox 3638 3352 3720 3405; x_wconf 70' lang='grc' dir='ltr'>ιά-</span> 
     </span>
    </p>
   </div>
   <div class='ocr_carea' id='block_1_78' title="bbox 2139 3442 3729 3520">
    <p class='ocr_par' dir='ltr' id='par_1_78' title="bbox 2139 3442 3729 3520">
     <span class='ocr_line' id='line_1_78' title="bbox 2139 3442 3729 3520; baseline -0.003 -19"><span class='ocrx_word' id='word_1_566' title='bbox 2139 3466 2321 3519; x_wconf 86' lang='grc' dir='ltr'>σηται,</span> <span class='ocrx_word' id='word_1_567' title='bbox 2360 3450 2451 3502; x_wconf 78' lang='grc' dir='ltr'>καὶ</span> <span class='ocrx_word' id='word_1_568' title='bbox 2473 3448 2695 3520; x_wconf 81' lang='grc' dir='ltr'>γένηται</span> <span class='ocrx_word' id='word_1_569' title='bbox 2763 3449 2850 3505; x_wconf 80' lang='grc' dir='ltr'><strong>τὸ.</strong></span> <span class='ocrx_word' id='word_1_570' title='bbox 2874 3466 2893 3501; x_wconf 75' lang='grc' dir='ltr'><strong>ι</strong></span> <span class='ocrx_word' id='word_1_571' title='bbox 2932 3449 3214 3520; x_wconf 69' lang='grc' dir='ltr'>Μακάριοι</span> <span class='ocrx_word' id='word_1_572' title='bbox 3242 3442 3317 3503; x_wconf 78' lang='grc' dir='ltr'>ὧν</span> <span class='ocrx_word' id='word_1_573' title='bbox 3345 3447 3626 3517; x_wconf 76' lang='grc' dir='ltr'>ἀφέθησαν</span> <span class='ocrx_word' id='word_1_574' title='bbox 3666 3445 3729 3497; x_wconf 85' lang='grc' dir='ltr'>αἱ</span> 
     </span>
    </p>
   </div>
   <div class='ocr_carea' id='block_1_79' title="bbox 2136 3540 2486 3613">
    <p class='ocr_par' dir='ltr' id='par_1_79' title="bbox 2136 3540 2486 3613">
     <span class='ocr_line' id='line_1_79' title="bbox 2136 3540 2486 3613; baseline -0.003 -21"><span class='ocrx_word' id='word_1_575' title='bbox 2136 3540 2172 3592; x_wconf 88' lang='grc' dir='ltr'><strong>ἀ</strong></span> <span class='ocrx_word' id='word_1_576' title='bbox 2181 3541 2422 3613; x_wconf 83' lang='grc' dir='ltr'>μαρτίαι.</span> <span class='ocrx_word' id='word_1_577' title='bbox 2469 3560 2486 3591; x_wconf 77' lang='grc' dir='ltr'><strong>ι</strong></span> 
     </span>
    </p>
   </div>
   <div class='ocr_carea' id='block_1_80' title="bbox 2219 3714 3733 3788">
    <p class='ocr_par' dir='ltr' id='par_1_80' title="bbox 2219 3714 3733 3788">
     <span class='ocr_line' id='line_1_80' title="bbox 2219 3714 3733 3788; baseline -0.004 -15"><span class='ocrx_word' id='word_1_578' title='bbox 2219 3721 2274 3772; x_wconf 86' lang='lat'><strong>&#39;0</strong></span> <span class='ocrx_word' id='word_1_579' title='bbox 2303 3720 2700 3773; x_wconf 77' lang='grc' dir='ltr'>κατατιὶσσων</span> <span class='ocrx_word' id='word_1_580' title='bbox 2718 3719 2995 3788; x_wconf 74' lang='grc' dir='ltr'>φυλακὰς</span> <span class='ocrx_word' id='word_1_581' title='bbox 3035 3715 3407 3784; x_wconf 73' lang='grc' dir='ltr'>νυκτερινός.</span> <span class='ocrx_word' id='word_1_582' title='bbox 3470 3716 3614 3786; x_wconf 85' lang='grc' dir='ltr'>Ὅρα</span> <span class='ocrx_word' id='word_1_583' title='bbox 3645 3714 3733 3768; x_wconf 81' lang='grc' dir='ltr'>ὅτι</span> 
     </span>
    </p>
   </div>
   <div class='ocr_carea' id='block_1_81' title="bbox 2137 3807 3731 3884">
    <p class='ocr_par' dir='ltr' id='par_1_81' title="bbox 2137 3807 3731 3884">
     <span class='ocr_line' id='line_1_81' title="bbox 2137 3807 3731 3884; baseline -0.004 -17"><span class='ocrx_word' id='word_1_584' title='bbox 2137 3812 2387 3884; x_wconf 71' lang='grc' dir='ltr'>ἐγκώμια</span> <span class='ocrx_word' id='word_1_585' title='bbox 2414 3812 2508 3867; x_wconf 92' lang='grc' dir='ltr'><strong>τοῦ</strong></span> <span class='ocrx_word' id='word_1_586' title='bbox 2536 3812 2671 3866; x_wconf 88' lang='grc' dir='ltr'>Θεοῦ</span> <span class='ocrx_word' id='word_1_587' title='bbox 2701 3813 2794 3866; x_wconf 71' lang='grc' dir='ltr'>καὶ</span> <span class='ocrx_word' id='word_1_588' title='bbox 2823 3812 3025 3884; x_wconf 79' lang='grc' dir='ltr'>ὕμνους</span> <span class='ocrx_word' id='word_1_589' title='bbox 3052 3811 3386 3883; x_wconf 82' lang='grc' dir='ltr'>διεξέρχεται</span> <span class='ocrx_word' id='word_1_590' title='bbox 3412 3811 3440 3864; x_wconf 82' lang='grc' dir='ltr'>ὁ</span> <span class='ocrx_word' id='word_1_591' title='bbox 3493 3807 3731 3873; x_wconf 76' lang='grc' dir='ltr'>Ἑλωῦς,</span> 
     </span>
    </p>
   </div>
   <div class='ocr_carea' id='block_1_82' title="bbox 2136 3900 3729 3977">
    <p class='ocr_par' dir='ltr' id='par_1_82' title="bbox 2136 3900 3729 3977">
     <span class='ocr_line' id='line_1_82' title="bbox 2136 3900 3729 3977; baseline -0.004 -18"><span class='ocrx_word' id='word_1_592' title='bbox 2136 3906 2310 3975; x_wconf 82' lang='grc' dir='ltr'>λέγων</span> <span class='ocrx_word' id='word_1_593' title='bbox 2340 3907 2471 3977; x_wconf 74' lang='grc' dir='ltr'>περὶ</span> <span class='ocrx_word' id='word_1_594' title='bbox 2493 3904 2681 3968; x_wconf 79' lang='grc' dir='ltr'>αὐτοῦ,</span> <span class='ocrx_word' id='word_1_595' title='bbox 2711 3923 2730 3957; x_wconf 79' lang='grc' dir='ltr'><strong>ι</strong></span> <span class='ocrx_word' id='word_1_596' title='bbox 2769 3904 2830 3958; x_wconf 84' lang='lat'><strong>&#39;0</strong></span> <span class='ocrx_word' id='word_1_597' title='bbox 2855 3902 3215 3958; x_wconf 84' lang='grc' dir='ltr'>κατατάσσων</span> <span class='ocrx_word' id='word_1_598' title='bbox 3247 3900 3497 3971; x_wconf 73' lang='grc' dir='ltr'>φυλακὰς</span> <span class='ocrx_word' id='word_1_599' title='bbox 3526 3916 3729 3954; x_wconf 59' lang='lat' dir='ltr'><strong>vum-</strong></span> 
     </span>
    </p>
   </div>
   <div class='ocr_carea' id='block_1_83' title="bbox 2139 3991 3733 4069">
    <p class='ocr_par' dir='ltr' id='par_1_83' title="bbox 2139 3991 3733 4069">
     <span class='ocr_line' id='line_1_83' title="bbox 2139 3991 3733 4069; baseline -0.003 -19"><span class='ocrx_word' id='word_1_600' title='bbox 2139 3997 2311 4069; x_wconf 82' lang='grc' dir='ltr'>ρινάς.</span> <span class='ocrx_word' id='word_1_601' title='bbox 2356 4014 2376 4050; x_wconf 79' lang='grc' dir='ltr'><strong>ι</strong></span> <span class='ocrx_word' id='word_1_602' title='bbox 2407 3997 2594 4059; x_wconf 83' lang='grc' dir='ltr'>Θέλεις</span> <span class='ocrx_word' id='word_1_603' title='bbox 2628 3993 2753 4049; x_wconf 75' lang='grc' dir='ltr'>ἰδεῖν</span> <span class='ocrx_word' id='word_1_604' title='bbox 2788 3994 2904 4058; x_wconf 86' lang='grc' dir='ltr'><strong>πῶς</strong></span> <span class='ocrx_word' id='word_1_605' title='bbox 2955 3995 3287 4049; x_wconf 85' lang='grc' dir='ltr'>κατατάσσει</span> <span class='ocrx_word' id='word_1_606' title='bbox 3332 3991 3579 4063; x_wconf 72' lang='grc' dir='ltr'>φυλακὰς</span> <span class='ocrx_word' id='word_1_607' title='bbox 3635 4008 3733 4045; x_wconf 84' lang='grc' dir='ltr'>νυ-</span> 
     </span>
    </p>
   </div>
   <div class='ocr_carea' id='block_1_84' title="bbox 2138 4079 3733 4161">
    <p class='ocr_par' dir='ltr' id='par_1_84' title="bbox 2138 4079 3733 4161">
     <span class='ocr_line' id='line_1_84' title="bbox 2138 4079 3733 4161; baseline -0.005 -17"><span class='ocrx_word' id='word_1_608' title='bbox 2138 4088 2391 4161; x_wconf 81' lang='grc' dir='ltr'>κτερινὰς</span> <span class='ocrx_word' id='word_1_609' title='bbox 2427 4085 2458 4137; x_wconf 80' lang='grc' dir='ltr'><strong>ὁ</strong></span> <span class='ocrx_word' id='word_1_610' title='bbox 2479 4087 2646 4153; x_wconf 83' lang='grc' dir='ltr'>Θεός;</span> <span class='ocrx_word' id='word_1_611' title='bbox 2681 4084 2840 4149; x_wconf 87' lang='grc' dir='ltr'>Ὄλος</span> <span class='ocrx_word' id='word_1_612' title='bbox 2864 4088 2894 4140; x_wconf 83' lang='grc' dir='ltr'><strong>ὁ</strong></span> <span class='ocrx_word' id='word_1_613' title='bbox 2920 4085 3054 4140; x_wconf 77' lang='grc' dir='ltr'>αἰὼν</span> <span class='ocrx_word' id='word_1_614' title='bbox 3096 4079 3251 4149; x_wconf 69' lang='grc' dir='ltr'>οὗτος</span> <span class='ocrx_word' id='word_1_615' title='bbox 3281 4084 3381 4149; x_wconf 79' lang='grc' dir='ltr'>νύξ</span> <span class='ocrx_word' id='word_1_616' title='bbox 3409 4086 3549 4147; x_wconf 76' lang='grc' dir='ltr'>ἐστι,</span> <span class='ocrx_word' id='word_1_617' title='bbox 3601 4082 3733 4136; x_wconf 74' lang='lat' dir='ltr'><strong>cat6-</strong></span> 
     </span>
    </p>
   </div>
   <div class='ocr_carea' id='block_1_85' title="bbox 2136 4174 3732 4251">
    <p class='ocr_par' dir='ltr' id='par_1_85' title="bbox 2136 4174 3732 4251">
     <span class='ocr_line' id='line_1_85' title="bbox 2136 4174 3732 4251; baseline -0.004 -16"><span class='ocrx_word' id='word_1_618' title='bbox 2136 4200 2228 4247; x_wconf 84' lang='grc' dir='ltr'><strong>τος</strong></span> <span class='ocrx_word' id='word_1_619' title='bbox 2252 4181 2387 4235; x_wconf 74' lang='grc' dir='ltr'>ἐστί.</span> <span class='ocrx_word' id='word_1_620' title='bbox 2424 4181 2498 4233; x_wconf 79' lang='grc' dir='ltr'><strong>Τὸ</strong></span> <span class='ocrx_word' id='word_1_621' title='bbox 2531 4179 2646 4247; x_wconf 84' lang='grc' dir='ltr'>φῶς</span> <span class='ocrx_word' id='word_1_622' title='bbox 2674 4180 2923 4251; x_wconf 76' lang='grc' dir='ltr'>τηρεῖται</span> <span class='ocrx_word' id='word_1_623' title='bbox 2954 4196 3066 4233; x_wconf 90' lang='grc' dir='ltr'>σοι·</span> <span class='ocrx_word' id='word_1_624' title='bbox 3101 4174 3198 4233; x_wconf 89' lang='grc' dir='ltr'><strong>νῦν</strong></span> <span class='ocrx_word' id='word_1_625' title='bbox 3225 4178 3334 4249; x_wconf 83' lang='grc' dir='ltr'><strong>γὰρ</strong></span> <span class='ocrx_word' id='word_1_626' title='bbox 3360 4178 3429 4230; x_wconf 81' lang='grc' dir='ltr'>δι’</span> <span class='ocrx_word' id='word_1_627' title='bbox 3457 4177 3732 4244; x_wconf 58' lang='lat' dir='ltr'><strong>cedrum</strong></span> 
     </span>
    </p>
   </div>
   <div class='ocr_carea' id='block_1_86' title="bbox 2139 4265 3732 4344">
    <p class='ocr_par' dir='ltr' id='par_1_86' title="bbox 2139 4265 3732 4344">
     <span class='ocr_line' id='line_1_86' title="bbox 2139 4265 3732 4344; baseline -0.005 -17"><span class='ocrx_word' id='word_1_628' title='bbox 2139 4274 2375 4344; x_wconf 81' lang='grc' dir='ltr'>βλέπεις,</span> <span class='ocrx_word' id='word_1_629' title='bbox 2406 4271 2619 4343; x_wconf 78' lang='grc' dir='ltr'>μέλλεις</span> <span class='ocrx_word' id='word_1_630' title='bbox 2651 4272 2709 4325; x_wconf 88' lang='grc' dir='ltr'>δέ</span> <span class='ocrx_word' id='word_1_631' title='bbox 2733 4287 2861 4325; x_wconf 80' lang='grc' dir='ltr'>ποτε</span> <span class='ocrx_word' id='word_1_632' title='bbox 2888 4271 3103 4341; x_wconf 83' lang='grc' dir='ltr'>βλέπειν</span> <span class='ocrx_word' id='word_1_633' title='bbox 3138 4268 3198 4323; x_wconf 88' lang='grc' dir='ltr'><strong>τδ</strong></span> <span class='ocrx_word' id='word_1_634' title='bbox 3222 4269 3357 4340; x_wconf 83' lang='grc' dir='ltr'>φῶς.</span> <span class='ocrx_word' id='word_1_635' title='bbox 3391 4267 3602 4322; x_wconf 77' lang='grc' dir='ltr'>Οὐκοῦν</span> <span class='ocrx_word' id='word_1_636' title='bbox 3631 4265 3732 4332; x_wconf 75' lang='grc' dir='ltr'>νύξ</span> 
     </span>
    </p>
   </div>
   <div class='ocr_carea' id='block_1_87' title="bbox 2139 4360 3731 4434">
    <p class='ocr_par' dir='ltr' id='par_1_87' title="bbox 2139 4360 3731 4434">
     <span class='ocr_line' id='line_1_87' title="bbox 2139 4360 3731 4434; baseline -0.005 -15"><span class='ocrx_word' id='word_1_637' title='bbox 2139 4364 2256 4419; x_wconf 72' lang='grc' dir='ltr'>ἐστι</span> <span class='ocrx_word' id='word_1_638' title='bbox 2280 4366 2388 4428; x_wconf 82' lang='grc' dir='ltr'><strong>πᾶς</strong></span> <span class='ocrx_word' id='word_1_639' title='bbox 2417 4366 2446 4419; x_wconf 83' lang='grc' dir='ltr'><strong>ὁ</strong></span> <span class='ocrx_word' id='word_1_640' title='bbox 2470 4363 2626 4427; x_wconf 84' lang='grc' dir='ltr'>αίὼν,</span> <span class='ocrx_word' id='word_1_641' title='bbox 2659 4363 2755 4417; x_wconf 70' lang='grc' dir='ltr'>καὶ</span> <span class='ocrx_word' id='word_1_642' title='bbox 2786 4362 2947 4434; x_wconf 86' lang='grc' dir='ltr'>χρεία</span> <span class='ocrx_word' id='word_1_643' title='bbox 2974 4362 3228 4432; x_wconf 76' lang='grc' dir='ltr'>φυλάκων</span> <span class='ocrx_word' id='word_1_644' title='bbox 3268 4360 3617 4431; x_wconf 72' lang='grc' dir='ltr'>τεταγμένων</span> <span class='ocrx_word' id='word_1_645' title='bbox 3649 4360 3731 4421; x_wconf 78' lang='grc' dir='ltr'><strong>εις</strong></span> 
     </span>
    </p>
   </div>
   <div class='ocr_carea' id='block_1_88' title="bbox 452 4446 2036 4525">
    <p class='ocr_par' dir='ltr' id='par_1_88' title="bbox 452 4446 2035 4524">
     <span class='ocr_line' id='line_1_88' title="bbox 452 4446 2035 4524; baseline 0.004 -18"><span class='ocrx_word' id='word_1_646' title='bbox 452 4446 875 4520; x_wconf 81' lang='lat' dir='ltr'><strong>liis-dispositis</strong></span> <span class='ocrx_word' id='word_1_647' title='bbox 919 4451 974 4505; x_wconf 94' lang='lat' dir='ltr'><strong>in</strong></span> <span class='ocrx_word' id='word_1_648' title='bbox 1032 4462 1192 4507; x_wconf 88' lang='lat' dir='ltr'><strong>nocte</strong></span> <span class='ocrx_word' id='word_1_649' title='bbox 1241 4454 1343 4508; x_wconf 86' lang='lat' dir='ltr'><strong>hac</strong></span> <span class='ocrx_word' id='word_1_650' title='bbox 1388 4466 1524 4524; x_wconf 91' lang='lat' dir='ltr'><strong>opus</strong></span> <span class='ocrx_word' id='word_1_651' title='bbox 1568 4465 1674 4518; x_wconf 88' lang='lat' dir='ltr'><strong>est,</strong></span> <span class='ocrx_word' id='word_1_652' title='bbox 1738 4464 1795 4509; x_wconf 89' lang='lat' dir='ltr'><strong>ut</strong></span> <span class='ocrx_word' id='word_1_653' title='bbox 1845 4455 2035 4524; x_wconf 75' lang='lat' dir='ltr'><strong>vigiles</strong></span> 
     </span>
    </p>
   </div>
   <div class='ocr_carea' id='block_1_89' title="bbox 2139 4446 3733 4525">
    <p class='ocr_par' dir='ltr' id='par_1_89' title="bbox 2139 4450 3733 4525">
     <span class='ocr_line' id='line_1_89' title="bbox 2139 4450 3733 4525; baseline -0.005 -16"><span class='ocrx_word' id='word_1_654' title='bbox 2139 4453 2310 4509; x_wconf 80' lang='grc' dir='ltr'>νύκτα</span> <span class='ocrx_word' id='word_1_655' title='bbox 2331 4454 2647 4525; x_wconf 81' lang='grc' dir='ltr'>ταύτην,ἴνα</span> <span class='ocrx_word' id='word_1_656' title='bbox 2671 4453 2721 4505; x_wconf 89' lang='grc' dir='ltr'><strong>οί</strong></span> <span class='ocrx_word' id='word_1_657' title='bbox 2744 4452 3055 4522; x_wconf 79' lang='grc' dir='ltr'>φύλακες,οί</span> <span class='ocrx_word' id='word_1_658' title='bbox 3076 4451 3170 4504; x_wconf 70' lang='grc' dir='ltr'><strong>ἐπὶ</strong></span> <span class='ocrx_word' id='word_1_659' title='bbox 3190 4450 3299 4505; x_wconf 86' lang='grc' dir='ltr'><strong>τῶν</strong></span> <span class='ocrx_word' id='word_1_660' title='bbox 3326 4450 3733 4519; x_wconf 70' lang='grc' dir='ltr'>νυκτῶν,φρου‹</span> 
     </span>
    </p>
   </div>
   <div class='ocr_carea' id='block_1_90' title="bbox 454 4544 2040 4613">
    <p class='ocr_par' dir='ltr' id='par_1_90' title="bbox 454 4544 2040 4613">
     <span class='ocr_line' id='line_1_90' title="bbox 454 4544 2040 4613; baseline 0.003 -15"><span class='ocrx_word' id='word_1_661' title='bbox 454 4544 707 4600; x_wconf 87' lang='lat' dir='ltr'><strong>noctibus</strong></span> <span class='ocrx_word' id='word_1_662' title='bbox 750 4544 1017 4612; x_wconf 87' lang='lat' dir='ltr'><strong>deputati,</strong></span> <span class='ocrx_word' id='word_1_663' title='bbox 1077 4560 1107 4598; x_wconf 90' lang='lat' dir='ltr'><strong>a</strong></span> <span class='ocrx_word' id='word_1_664' title='bbox 1154 4544 1474 4613; x_wconf 86' lang='lat' dir='ltr'><strong>latronibus,</strong></span> <span class='ocrx_word' id='word_1_665' title='bbox 1512 4562 1541 4600; x_wconf 91' lang='lat' dir='ltr'><strong>a</strong></span> <span class='ocrx_word' id='word_1_666' title='bbox 1583 4546 1718 4603; x_wconf 82' lang='lat' dir='ltr'><strong>leris</strong></span> <span class='ocrx_word' id='word_1_667' title='bbox 1778 4556 1833 4602; x_wconf 89' lang='lat' dir='ltr'><strong>et</strong></span> <span class='ocrx_word' id='word_1_668' title='bbox 1865 4547 2040 4603; x_wconf 75' lang='lat' dir='ltr'><strong>hosti-</strong></span> 
     </span>
    </p>
   </div>
   <div class='ocr_carea' id='block_1_91' title="bbox 456 4634 2039 4706">
    <p class='ocr_par' dir='ltr' id='par_1_91' title="bbox 456 4634 2039 4706">
     <span class='ocr_line' id='line_1_91' title="bbox 456 4634 2039 4706; baseline 0.002 -15"><span class='ocrx_word' id='word_1_669' title='bbox 456 4639 575 4697; x_wconf 73' lang='lat' dir='ltr'><strong>lius.</strong></span> <span class='ocrx_word' id='word_1_670' title='bbox 610 4648 704 4691; x_wconf 85' lang='lat' dir='ltr'><strong>eos</strong></span> <span class='ocrx_word' id='word_1_671' title='bbox 730 4636 821 4706; x_wconf 91' lang='lat' dir='ltr'><strong>qui</strong></span> <span class='ocrx_word' id='word_1_672' title='bbox 848 4636 900 4690; x_wconf 91' lang='lat' dir='ltr'><strong>in</strong></span> <span class='ocrx_word' id='word_1_673' title='bbox 928 4645 1087 4690; x_wconf 90' lang='lat' dir='ltr'><strong>nocte</strong></span> <span class='ocrx_word' id='word_1_674' title='bbox 1111 4645 1256 4701; x_wconf 84' lang='lat' dir='ltr'><strong>sunt,</strong></span> <span class='ocrx_word' id='word_1_675' title='bbox 1284 4636 1614 4693; x_wconf 86' lang='lat' dir='ltr'><strong>custodiant.</strong></span> <span class='ocrx_word' id='word_1_676' title='bbox 1644 4634 1875 4703; x_wconf 85' lang='lat' dir='ltr'><strong>Quinam</strong></span> <span class='ocrx_word' id='word_1_677' title='bbox 1908 4648 2039 4694; x_wconf 82' lang='lat' dir='ltr'><strong>vero</strong></span> 
     </span>
    </p>
   </div>
   <div class='ocr_carea' id='block_1_92' title="bbox 455 4726 2043 4805">
    <p class='ocr_par' dir='ltr' id='par_1_92' title="bbox 455 4726 2043 4805">
     <span class='ocr_line' id='line_1_92' title="bbox 455 4726 2043 4805; baseline 0.001 -20"><span class='ocrx_word' id='word_1_678' title='bbox 455 4741 584 4785; x_wconf 84' lang='lat' dir='ltr'><strong>sunt</strong></span> <span class='ocrx_word' id='word_1_679' title='bbox 617 4732 913 4787; x_wconf 81' lang='lat' dir='ltr'><strong>custodes?</strong></span> <span class='ocrx_word' id='word_1_680' title='bbox 938 4731 1130 4805; x_wconf 81' lang='lat' dir='ltr'><strong>Angeli</strong></span> <span class='ocrx_word' id='word_1_681' title='bbox 1162 4726 1253 4802; x_wconf 88' lang='lat' dir='ltr'><strong>qui</strong></span> <span class='ocrx_word' id='word_1_682' title='bbox 1278 4730 1426 4788; x_wconf 88' lang='lat' dir='ltr'><strong>circa</strong></span> <span class='ocrx_word' id='word_1_683' title='bbox 1455 4742 1553 4787; x_wconf 83' lang='lat' dir='ltr'><strong>nos</strong></span> <span class='ocrx_word' id='word_1_684' title='bbox 1601 4732 1831 4788; x_wconf 87' lang='lat' dir='ltr'><strong>tentoria</strong></span> <span class='ocrx_word' id='word_1_685' title='bbox 1871 4732 2043 4803; x_wconf 81' lang='lat' dir='ltr'><strong>ligant</strong></span> 
     </span>
    </p>
   </div>
   <div class='ocr_carea' id='block_1_93' title="bbox 453 4834 1398 4897">
    <p class='ocr_par' dir='ltr' id='par_1_93' title="bbox 453 4834 1398 4897">
     <span class='ocr_line' id='line_1_93' title="bbox 453 4834 1398 4897; baseline 0.004 -19"><span class='ocrx_word' id='word_1_686' title='bbox 453 4835 509 4879; x_wconf 88' lang='lat' dir='ltr'><strong>et</strong></span> <span class='ocrx_word' id='word_1_687' title='bbox 540 4834 1023 4881; x_wconf 86' lang='lat' dir='ltr'><strong>castrametantur.</strong></span> <span class='ocrx_word' id='word_1_688' title='bbox 1392 4891 1398 4897; x_wconf 86' lang='lat'><em>_</em></span> 
     </span>
    </p>
   </div>
   <div class='ocr_carea' id='block_1_94' title="bbox 532 4912 2038 4987">
    <p class='ocr_par' dir='ltr' id='par_1_94' title="bbox 532 4912 2038 4987">
     <span class='ocr_line' id='line_1_94' title="bbox 532 4912 2038 4987; baseline 0 -18"><span class='ocrx_word' id='word_1_689' title='bbox 532 4914 695 4971; x_wconf 66' lang='lat' dir='ltr'><strong>Vens.</strong></span> <span class='ocrx_word' id='word_1_690' title='bbox 739 4914 827 4971; x_wconf 81' lang='lat' dir='ltr'><strong>ll.</strong></span> <span class='ocrx_word' id='word_1_691' title='bbox 858 4916 961 4982; x_wconf 80' lang='lat' dir='ltr'><strong>Qui</strong></span> <span class='ocrx_word' id='word_1_692' title='bbox 993 4926 1204 4987; x_wconf 81' lang='lat' dir='ltr'><strong>separat</strong></span> <span class='ocrx_word' id='word_1_693' title='bbox 1234 4931 1315 4971; x_wconf 87' lang='lat' dir='ltr'><strong>me</strong></span> <span class='ocrx_word' id='word_1_694' title='bbox 1341 4923 1372 4969; x_wconf 79' lang='lat' dir='ltr'><strong>tt</strong></span> <span class='ocrx_word' id='word_1_695' title='bbox 1404 4912 1834 4985; x_wconf 75' lang='lat' dir='ltr'><strong>quadrupedibus</strong></span> <span class='ocrx_word' id='word_1_696' title='bbox 1862 4923 2038 4970; x_wconf 64' lang='lat' dir='ltr'><strong>terrae.</strong></span> 
     </span>
    </p>
   </div>
   <div class='ocr_carea' id='block_1_95' title="bbox 458 5004 2043 5081">
    <p class='ocr_par' dir='ltr' id='par_1_95' title="bbox 458 5004 2043 5081">
     <span class='ocr_line' id='line_1_95' title="bbox 458 5004 2043 5081; baseline 0 -18"><span class='ocrx_word' id='word_1_697' title='bbox 458 5004 771 5063; x_wconf 87' lang='lat' dir='ltr'><strong>Secundum</strong></span> <span class='ocrx_word' id='word_1_698' title='bbox 826 5009 1065 5081; x_wconf 77' lang='lat' dir='ltr'><strong>reliquos</strong></span> <span class='ocrx_word' id='word_1_699' title='bbox 1120 5018 1269 5071; x_wconf 89' lang='lat' dir='ltr'><strong>vero,</strong></span> <span class='ocrx_word' id='word_1_700' title='bbox 1332 5009 1463 5077; x_wconf 69' lang='lat' dir='ltr'><strong>«Qui</strong></span> <span class='ocrx_word' id='word_1_701' title='bbox 1519 5007 1683 5063; x_wconf 87' lang='lat' dir='ltr'><strong>docet</strong></span> <span class='ocrx_word' id='word_1_702' title='bbox 1723 5021 1820 5063; x_wconf 84' lang='lat' dir='ltr'><strong>nos</strong></span> <span class='ocrx_word' id='word_1_703' title='bbox 1876 5020 2043 5079; x_wconf 85' lang='lat' dir='ltr'><strong>super</strong></span> 
     </span>
    </p>
   </div>
   <div class='ocr_carea' id='block_1_96' title="bbox 453 5086 2040 5172">
    <p class='ocr_par' dir='ltr' id='par_1_96' title="bbox 453 5086 2040 5172">
     <span class='ocr_line' id='line_1_96' title="bbox 453 5086 2040 5172; baseline 0 -18"><span class='ocrx_word' id='word_1_704' title='bbox 453 5086 702 5170; x_wconf 67' lang='lat' dir='ltr'><strong>iumenta</strong></span> <span class='ocrx_word' id='word_1_705' title='bbox 733 5104 928 5165; x_wconf 73' lang='lat' dir='ltr'><strong>tet-rat,</strong></span> <span class='ocrx_word' id='word_1_706' title='bbox 964 5110 1019 5157; x_wconf 91' lang='lat' dir='ltr'><strong>et</strong></span> <span class='ocrx_word' id='word_1_707' title='bbox 1044 5100 1321 5172; x_wconf 85' lang='lat' dir='ltr'><strong>sapientes</strong></span> <span class='ocrx_word' id='word_1_708' title='bbox 1344 5113 1443 5154; x_wconf 91' lang='lat' dir='ltr'><strong>nos</strong></span> <span class='ocrx_word' id='word_1_709' title='bbox 1485 5096 1662 5154; x_wconf 86' lang='lat' dir='ltr'><strong>reddit</strong></span> <span class='ocrx_word' id='word_1_710' title='bbox 1691 5110 1859 5169; x_wconf 85' lang='lat' dir='ltr'><strong>super</strong></span> <span class='ocrx_word' id='word_1_711' title='bbox 1886 5099 2040 5154; x_wconf 46' lang='lat' dir='ltr'><strong>vola.</strong></span> 
     </span>
    </p>
   </div>
   <div class='ocr_carea' id='block_1_97' title="bbox 461 5186 2042 5264">
    <p class='ocr_par' dir='ltr' id='par_1_97' title="bbox 461 5186 2042 5264">
     <span class='ocr_line' id='line_1_97' title="bbox 461 5186 2042 5264; baseline 0.001 -20"><span class='ocrx_word' id='word_1_712' title='bbox 461 5191 577 5247; x_wconf 85' lang='lat' dir='ltr'><strong>tilia</strong></span> <span class='ocrx_word' id='word_1_713' title='bbox 606 5202 728 5264; x_wconf 65' lang='lat' dir='ltr'><strong>qua:</strong></span> <span class='ocrx_word' id='word_1_714' title='bbox 771 5200 867 5262; x_wconf 88' lang='lat' dir='ltr'><strong>per</strong></span> <span class='ocrx_word' id='word_1_715' title='bbox 910 5204 1090 5248; x_wconf 89' lang='lat' dir='ltr'><strong>aerem</strong></span> <span class='ocrx_word' id='word_1_716' title='bbox 1134 5192 1451 5254; x_wconf 51' lang='lat' dir='ltr'><strong>volitant“</strong></span> <span class='ocrx_word' id='word_1_717' title='bbox 1491 5191 1638 5246; x_wconf 86' lang='lat' dir='ltr'><strong>solus</strong></span> <span class='ocrx_word' id='word_1_718' title='bbox 1675 5186 1821 5245; x_wconf 88' lang='lat' dir='ltr'><strong>enim</strong></span> <span class='ocrx_word' id='word_1_719' title='bbox 1879 5192 2042 5247; x_wconf 85' lang='lat' dir='ltr'><strong>homo</strong></span> 
     </span>
    </p>
   </div>
   <div class='ocr_carea' id='block_1_98' title="bbox 459 5278 2041 5353">
    <p class='ocr_par' dir='ltr' id='par_1_98' title="bbox 459 5278 2041 5353">
     <span class='ocr_line' id='line_1_98' title="bbox 459 5278 2041 5353; baseline -0.001 -14"><span class='ocrx_word' id='word_1_720' title='bbox 459 5284 672 5339; x_wconf 81' lang='lat' dir='ltr'><strong>ratione</strong></span> <span class='ocrx_word' id='word_1_721' title='bbox 714 5292 945 5341; x_wconf 90' lang='lat' dir='ltr'><strong>ornatus</strong></span> <span class='ocrx_word' id='word_1_722' title='bbox 983 5293 1086 5339; x_wconf 87' lang='lat' dir='ltr'><strong>est.</strong></span> <span class='ocrx_word' id='word_1_723' title='bbox 1117 5282 1424 5339; x_wconf 82' lang='lat' dir='ltr'><strong>Creationis</strong></span> <span class='ocrx_word' id='word_1_724' title='bbox 1464 5278 1628 5353; x_wconf 89' lang='lat' dir='ltr'><strong>igitur</strong></span> <span class='ocrx_word' id='word_1_725' title='bbox 1668 5278 1935 5337; x_wconf 79' lang='lat' dir='ltr'><strong>beneﬂcio</strong></span> <span class='ocrx_word' id='word_1_726' title='bbox 1971 5283 2041 5338; x_wconf 85' lang='lat' dir='ltr'><strong>al)</strong></span> 
     </span>
    </p>
   </div>
   <div class='ocr_carea' id='block_1_99' title="bbox 454 5373 2040 5442">
    <p class='ocr_par' dir='ltr' id='par_1_99' title="bbox 454 5373 2040 5442">
     <span class='ocr_line' id='line_1_99' title="bbox 454 5373 2040 5442; baseline -0.001 -9"><span class='ocrx_word' id='word_1_727' title='bbox 454 5375 713 5434; x_wconf 80' lang='lat' dir='ltr'><strong>omnibus</strong></span> <span class='ocrx_word' id='word_1_728' title='bbox 774 5378 1099 5433; x_wconf 87' lang='lat' dir='ltr'><strong>animalibus</strong></span> <span class='ocrx_word' id='word_1_729' title='bbox 1157 5375 1399 5432; x_wconf 88' lang='lat' dir='ltr'><strong>distincti</strong></span> <span class='ocrx_word' id='word_1_730' title='bbox 1454 5386 1701 5442; x_wconf 88' lang='lat' dir='ltr'><strong>sumus;</strong></span> <span class='ocrx_word' id='word_1_731' title='bbox 1751 5373 1796 5439; x_wconf 88' lang='lat' dir='ltr'><strong>si</strong></span> <span class='ocrx_word' id='word_1_732' title='bbox 1858 5386 2040 5431; x_wconf 89' lang='lat' dir='ltr'><strong>autem</strong></span> 
     </span>
    </p>
   </div>
   <div class='ocr_carea' id='block_1_100' title="bbox 458 5458 2040 5535">
    <p class='ocr_par' dir='ltr' id='par_1_100' title="bbox 458 5458 2040 5535">
     <span class='ocr_line' id='line_1_100' title="bbox 458 5458 2040 5535; baseline -0.001 -15"><span class='ocrx_word' id='word_1_733' title='bbox 458 5478 719 5535; x_wconf 83' lang='lat' dir='ltr'><strong>peccator</strong></span> <span class='ocrx_word' id='word_1_734' title='bbox 748 5470 806 5524; x_wconf 81' lang='lat' dir='ltr'><strong>el</strong></span> <span class='ocrx_word' id='word_1_735' title='bbox 860 5467 1073 5522; x_wconf 83' lang='lat' dir='ltr'><strong>adulter</strong></span> <span class='ocrx_word' id='word_1_736' title='bbox 1102 5466 1378 5528; x_wconf 86' lang='lat' dir='ltr'><strong>evaseris,</strong></span> <span class='ocrx_word' id='word_1_737' title='bbox 1424 5473 1481 5520; x_wconf 89' lang='lat' dir='ltr'><strong>et</strong></span> <span class='ocrx_word' id='word_1_738' title='bbox 1528 5480 1699 5534; x_wconf 86' lang='lat' dir='ltr'><strong>prono</strong></span> <span class='ocrx_word' id='word_1_739' title='bbox 1742 5458 1935 5521; x_wconf 76' lang='lat' dir='ltr'><strong>affectu</strong></span> <span class='ocrx_word' id='word_1_740' title='bbox 1972 5460 2040 5520; x_wconf 87' lang='lat' dir='ltr'><strong>ad</strong></span> 
     </span>
    </p>
   </div>
   <div class='ocr_carea' id='block_1_101' title="bbox 462 5555 2038 5629">
    <p class='ocr_par' dir='ltr' id='par_1_101' title="bbox 462 5555 2038 5629">
     <span class='ocr_line' id='line_1_101' title="bbox 462 5555 2038 5629; baseline 0.002 -18"><span class='ocrx_word' id='word_1_741' title='bbox 462 5564 666 5612; x_wconf 87' lang='lat' dir='ltr'><strong>terram</strong></span> <span class='ocrx_word' id='word_1_742' title='bbox 698 5559 1074 5629; x_wconf 86' lang='lat' dir='ltr'><strong>propenderls,</strong></span> <span class='ocrx_word' id='word_1_743' title='bbox 1114 5574 1142 5612; x_wconf 76' lang='grc' dir='ltr'><strong>ιι</strong></span> <span class='ocrx_word' id='word_1_744' title='bbox 1175 5555 1621 5629; x_wconf 85' lang='lat' dir='ltr'><strong>quadrupedibus</strong></span> <span class='ocrx_word' id='word_1_745' title='bbox 1659 5566 1818 5613; x_wconf 68' lang='lat' dir='ltr'><strong>terrm</strong></span> <span class='ocrx_word' id='word_1_746' title='bbox 1849 5571 2038 5614; x_wconf 74' lang='lat' dir='ltr'><strong>secre-</strong></span> 
     </span>
    </p>
   </div>
   <div class='ocr_carea' id='block_1_102' title="bbox 544 5733 1653 5800">
    <p class='ocr_par' dir='ltr' id='par_1_102' title="bbox 544 5733 1653 5800">
     <span class='ocr_line' id='line_1_102' title="bbox 544 5733 1653 5800; baseline -0.001 -11"><span class='ocrx_word' id='word_1_747' title='bbox 544 5734 587 5769; x_wconf 79' lang='lat'>&quot;</span> <span class='ocrx_word' id='word_1_748' title='bbox 620 5733 921 5799; x_wconf 73' lang='lat' dir='ltr'><strong>l’sal.xxst,</strong></span> <span class='ocrx_word' id='word_1_749' title='bbox 968 5738 1014 5792; x_wconf 93' lang='lat' dir='ltr'><strong>l.</strong></span> <span class='ocrx_word' id='word_1_750' title='bbox 1099 5738 1138 5769; x_wconf 83' lang='lat'><strong>”‘</strong></span> <span class='ocrx_word' id='word_1_751' title='bbox 1181 5737 1199 5792; x_wconf 92' lang='lat' dir='ltr'><strong>l</strong></span> <span class='ocrx_word' id='word_1_752' title='bbox 1235 5736 1358 5790; x_wconf 89' lang='lat' dir='ltr'><strong>Cor.</strong></span> <span class='ocrx_word' id='word_1_753' title='bbox 1407 5749 1527 5800; x_wconf 73' lang='lat' dir='ltr'><strong>aut,</strong></span> <span class='ocrx_word' id='word_1_754' title='bbox 1572 5733 1653 5789; x_wconf 77' lang='lat' dir='ltr'><strong>l2.</strong></span> 
     </span>
    </p>
   </div>
   <div class='ocr_carea' id='block_1_103' title="bbox 2148 4540 3731 4617">
    <p class='ocr_par' dir='ltr' id='par_1_103' title="bbox 2148 4540 3731 4617">
     <span class='ocr_line' id='line_1_103' title="bbox 2148 4540 3731 4617; baseline -0.008 -15"><span class='ocrx_word' id='word_1_755' title='bbox 2148 4547 2284 4617; x_wconf 81' lang='grc' dir='ltr'>ρῶσι</span> <span class='ocrx_word' id='word_1_756' title='bbox 2312 4549 2437 4612; x_wconf 78' lang='grc' dir='ltr'>τοὺς</span> <span class='ocrx_word' id='word_1_757' title='bbox 2468 4549 2524 4601; x_wconf 76' lang='grc' dir='ltr'>ἐν</span> <span class='ocrx_word' id='word_1_758' title='bbox 2546 4546 2697 4613; x_wconf 79' lang='grc' dir='ltr'>νυξίν</span> <span class='ocrx_word' id='word_1_759' title='bbox 2718 4545 2826 4600; x_wconf 81' lang='grc' dir='ltr'>ἀπὸ</span> <span class='ocrx_word' id='word_1_760' title='bbox 2850 4544 2959 4598; x_wconf 87' lang='grc' dir='ltr'><strong>τῶν</strong></span> <span class='ocrx_word' id='word_1_761' title='bbox 2980 4543 3213 4617; x_wconf 79' lang='grc' dir='ltr'>λῃστῶν,</span> <span class='ocrx_word' id='word_1_762' title='bbox 3234 4543 3342 4597; x_wconf 84' lang='grc' dir='ltr'>ἀπὸ</span> <span class='ocrx_word' id='word_1_763' title='bbox 3369 4542 3477 4595; x_wconf 85' lang='grc' dir='ltr'><strong>τῶν</strong></span> <span class='ocrx_word' id='word_1_764' title='bbox 3498 4540 3731 4613; x_wconf 78' lang='grc' dir='ltr'>θηρίων,</span> 
     </span>
    </p>
   </div>
   <div class='ocr_carea' id='block_1_104' title="bbox 2144 4631 3731 4709">
    <p class='ocr_par' dir='ltr' id='par_1_104' title="bbox 2144 4631 3731 4709">
     <span class='ocr_line' id='line_1_104' title="bbox 2144 4631 3731 4709; baseline -0.004 -18"><span class='ocrx_word' id='word_1_765' title='bbox 2144 4638 2253 4691; x_wconf 84' lang='grc' dir='ltr'>ἀπὸ</span> <span class='ocrx_word' id='word_1_766' title='bbox 2284 4638 2393 4691; x_wconf 86' lang='grc' dir='ltr'><strong>τῶν</strong></span> <span class='ocrx_word' id='word_1_767' title='bbox 2422 4638 2715 4709; x_wconf 88' lang='grc' dir='ltr'>πολεμίων.</span> <span class='ocrx_word' id='word_1_768' title='bbox 2749 4637 2905 4701; x_wconf 84' lang='grc' dir='ltr'>Τίνες</span> <span class='ocrx_word' id='word_1_769' title='bbox 2936 4638 2984 4690; x_wconf 79' lang='grc' dir='ltr'>οἱ</span> <span class='ocrx_word' id='word_1_770' title='bbox 3014 4635 3291 4705; x_wconf 75' lang='grc' dir='ltr'>φύλακεςς</span> <span class='ocrx_word' id='word_1_771' title='bbox 3321 4635 3386 4688; x_wconf 87' lang='grc' dir='ltr'><strong>Οἱ</strong></span> <span class='ocrx_word' id='word_1_772' title='bbox 3408 4631 3731 4705; x_wconf 70' lang='grc' dir='ltr'>παρεμϐάλ-</span> 
     </span>
    </p>
   </div>
   <div class='ocr_carea' id='block_1_105' title="bbox 2144 4728 2597 4801">
    <p class='ocr_par' dir='ltr' id='par_1_105' title="bbox 2144 4728 2597 4801">
     <span class='ocr_line' id='line_1_105' title="bbox 2144 4728 2597 4801; baseline 0.011 -20"><span class='ocrx_word' id='word_1_773' title='bbox 2144 4728 2326 4795; x_wconf 88' lang='grc' dir='ltr'>λοντες</span> <span class='ocrx_word' id='word_1_774' title='bbox 2356 4730 2597 4801; x_wconf 76' lang='grc' dir='ltr'>ἄγγελοι.</span> 
     </span>
    </p>
   </div>
   <div class='ocr_carea' id='block_1_106' title="bbox 2226 4908 3735 4985">
    <p class='ocr_par' dir='ltr' id='par_1_106' title="bbox 2226 4908 3735 4985">
     <span class='ocr_line' id='line_1_106' title="bbox 2226 4908 3735 4985; baseline -0.003 -18"><span class='ocrx_word' id='word_1_775' title='bbox 2226 4914 2279 4967; x_wconf 90' lang='lat'><strong>&#39;0</strong></span> <span class='ocrx_word' id='word_1_776' title='bbox 2307 4912 2573 4984; x_wconf 73' lang='grc' dir='ltr'>διορίζων</span> <span class='ocrx_word' id='word_1_777' title='bbox 2602 4930 2681 4985; x_wconf 76' lang='grc' dir='ltr'><strong>με</strong></span> <span class='ocrx_word' id='word_1_778' title='bbox 2734 4912 2852 4970; x_wconf 80' lang='grc' dir='ltr'>ἀπὸ</span> <span class='ocrx_word' id='word_1_779' title='bbox 2891 4912 3269 4982; x_wconf 77' lang='grc' dir='ltr'>τετραπόδων</span> <span class='ocrx_word' id='word_1_780' title='bbox 3297 4910 3431 4982; x_wconf 77' lang='grc' dir='ltr'>γῆς.</span> <span class='ocrx_word' id='word_1_781' title='bbox 3476 4908 3633 4965; x_wconf 79' lang='grc' dir='ltr'>Κατά</span> <span class='ocrx_word' id='word_1_782' title='bbox 3670 4908 3735 4963; x_wconf 76' lang='grc' dir='ltr'>δὲ</span> 
     </span>
    </p>
   </div>
   <div class='ocr_carea' id='block_1_107' title="bbox 2144 4999 3733 5077">
    <p class='ocr_par' dir='ltr' id='par_1_107' title="bbox 2144 4999 3733 5077">
     <span class='ocr_line' id='line_1_107' title="bbox 2144 4999 3733 5077; baseline -0.003 -17"><span class='ocrx_word' id='word_1_783' title='bbox 2144 5006 2269 5071; x_wconf 79' lang='grc' dir='ltr'>τοὺς</span> <span class='ocrx_word' id='word_1_784' title='bbox 2292 5002 2532 5070; x_wconf 77' lang='grc' dir='ltr'>λοιποὺς,</span> <span class='ocrx_word' id='word_1_785' title='bbox 2573 5022 2593 5057; x_wconf 77' lang='grc' dir='ltr'><strong>ι</strong></span> <span class='ocrx_word' id='word_1_786' title='bbox 2627 5004 2895 5060; x_wconf 81' lang='grc' dir='ltr'>διδάσκων</span> <span class='ocrx_word' id='word_1_787' title='bbox 2928 5005 3076 5076; x_wconf 78' lang='grc' dir='ltr'>ἡμᾶς</span> <span class='ocrx_word' id='word_1_788' title='bbox 3142 5002 3282 5077; x_wconf 78' lang='grc' dir='ltr'>ὑπὲρ</span> <span class='ocrx_word' id='word_1_789' title='bbox 3326 5003 3398 5057; x_wconf 85' lang='grc' dir='ltr'><strong>τά</strong></span> <span class='ocrx_word' id='word_1_790' title='bbox 3430 5002 3600 5073; x_wconf 75' lang='grc' dir='ltr'>κτήνη</span> <span class='ocrx_word' id='word_1_791' title='bbox 3626 4999 3733 5071; x_wconf 79' lang='grc' dir='ltr'><strong>τῆς</strong></span> 
     </span>
    </p>
   </div>
   <div class='ocr_carea' id='block_1_108' title="bbox 2143 5092 3731 5171">
    <p class='ocr_par' dir='ltr' id='par_1_108' title="bbox 2143 5092 3731 5171">
     <span class='ocr_line' id='line_1_108' title="bbox 2143 5092 3731 5171; baseline -0.006 -17"><span class='ocrx_word' id='word_1_792' title='bbox 2143 5096 2267 5170; x_wconf 79' lang='grc' dir='ltr'>γῆς,</span> <span class='ocrx_word' id='word_1_793' title='bbox 2296 5096 2390 5152; x_wconf 76' lang='grc' dir='ltr'>καὶ</span> <span class='ocrx_word' id='word_1_794' title='bbox 2420 5098 2657 5167; x_wconf 78' lang='grc' dir='ltr'>σοφίζων</span> <span class='ocrx_word' id='word_1_795' title='bbox 2687 5096 2825 5171; x_wconf 73' lang='grc' dir='ltr'>ὑπὲρ</span> <span class='ocrx_word' id='word_1_796' title='bbox 2850 5097 2917 5151; x_wconf 84' lang='grc' dir='ltr'><strong>τά</strong></span> <span class='ocrx_word' id='word_1_797' title='bbox 2950 5096 3090 5151; x_wconf 87' lang='grc' dir='ltr'><strong>κατά</strong></span> <span class='ocrx_word' id='word_1_798' title='bbox 3110 5096 3202 5150; x_wconf 75' lang='grc' dir='ltr'>τὸν</span> <span class='ocrx_word' id='word_1_799' title='bbox 3231 5096 3369 5169; x_wconf 83' lang='grc' dir='ltr'>ἀέρα</span> <span class='ocrx_word' id='word_1_800' title='bbox 3404 5092 3731 5162; x_wconf 80' lang='grc' dir='ltr'>διιπτάμενα</span> 
     </span>
    </p>
   </div>
   <div class='ocr_carea' id='block_1_109' title="bbox 2146 5186 3729 5262">
    <p class='ocr_par' dir='ltr' id='par_1_109' title="bbox 2146 5186 3729 5262">
     <span class='ocr_line' id='line_1_109' title="bbox 2146 5186 3729 5262; baseline -0.004 -16"><span class='ocrx_word' id='word_1_801' title='bbox 2146 5193 2398 5247; x_wconf 82' lang='grc' dir='ltr'>πετεινά⁶</span> <span class='ocrx_word' id='word_1_802' title='bbox 2439 5210 2459 5244; x_wconf 74' lang='grc' dir='ltr'><strong>ι</strong></span> <span class='ocrx_word' id='word_1_803' title='bbox 2493 5188 2654 5262; x_wconf 85' lang='grc' dir='ltr'>μόνος</span> <span class='ocrx_word' id='word_1_804' title='bbox 2688 5187 2796 5261; x_wconf 74' lang='grc' dir='ltr'>γὰρ</span> <span class='ocrx_word' id='word_1_805' title='bbox 2818 5190 2847 5243; x_wconf 81' lang='grc' dir='ltr'><strong>ὁ</strong></span> <span class='ocrx_word' id='word_1_806' title='bbox 2895 5186 3178 5261; x_wconf 78' lang='grc' dir='ltr'>ἄνθρωπος</span> <span class='ocrx_word' id='word_1_807' title='bbox 3222 5189 3364 5260; x_wconf 78' lang='grc' dir='ltr'>λόγῳ</span> <span class='ocrx_word' id='word_1_808' title='bbox 3419 5186 3729 5259; x_wconf 80' lang='grc' dir='ltr'>τετίμηται.</span> 
     </span>
    </p>
   </div>
   <div class='ocr_carea' id='block_1_110' title="bbox 2152 5274 3734 5352">
    <p class='ocr_par' dir='ltr' id='par_1_110' title="bbox 2152 5274 3734 5352">
     <span class='ocr_line' id='line_1_110' title="bbox 2152 5274 3734 5352; baseline -0.004 -18"><span class='ocrx_word' id='word_1_809' title='bbox 2152 5282 2305 5336; x_wconf 78' lang='grc' dir='ltr'>Κατά</span> <span class='ocrx_word' id='word_1_810' title='bbox 2335 5281 2434 5352; x_wconf 86' lang='grc' dir='ltr'>μὲν</span> <span class='ocrx_word' id='word_1_811' title='bbox 2466 5278 2557 5335; x_wconf 76' lang='grc' dir='ltr'>οὖν</span> <span class='ocrx_word' id='word_1_812' title='bbox 2584 5280 2673 5335; x_wconf 80' lang='grc' dir='ltr'>τὸν</span> <span class='ocrx_word' id='word_1_813' title='bbox 2700 5280 2856 5349; x_wconf 80' lang='grc' dir='ltr'>λόγον</span> <span class='ocrx_word' id='word_1_814' title='bbox 2884 5280 2982 5351; x_wconf 81' lang='grc' dir='ltr'>τῆς</span> <span class='ocrx_word' id='word_1_815' title='bbox 3013 5276 3371 5351; x_wconf 75' lang='grc' dir='ltr'>δημιουργίας</span> <span class='ocrx_word' id='word_1_816' title='bbox 3400 5274 3734 5348; x_wconf 80' lang='grc' dir='ltr'>διωρίσμεθα</span> 
     </span>
    </p>
   </div>
   <div class='ocr_carea' id='block_1_111' title="bbox 2150 5364 3735 5445">
    <p class='ocr_par' dir='ltr' id='par_1_111' title="bbox 2150 5364 3735 5445">
     <span class='ocr_line' id='line_1_111' title="bbox 2150 5364 3735 5445; baseline -0.006 -15"><span class='ocrx_word' id='word_1_817' title='bbox 2150 5376 2257 5430; x_wconf 75' lang='grc' dir='ltr'>ἀπὸ</span> <span class='ocrx_word' id='word_1_818' title='bbox 2284 5376 2501 5429; x_wconf 81' lang='grc' dir='ltr'>πάντων</span> <span class='ocrx_word' id='word_1_819' title='bbox 2527 5370 2636 5429; x_wconf 86' lang='grc' dir='ltr'><strong>τῶν</strong></span> <span class='ocrx_word' id='word_1_820' title='bbox 2670 5371 2823 5439; x_wconf 77' lang='grc' dir='ltr'><strong>ζώων</strong></span> <span class='ocrx_word' id='word_1_821' title='bbox 2844 5387 2859 5404; x_wconf 74' lang='grc'>⁸</span> <span class='ocrx_word' id='word_1_822' title='bbox 2895 5373 2991 5427; x_wconf 78' lang='grc' dir='ltr'><strong>ἐὰν</strong></span> <span class='ocrx_word' id='word_1_823' title='bbox 3030 5369 3085 5426; x_wconf 80' lang='grc' dir='ltr'>δὲ</span> <span class='ocrx_word' id='word_1_824' title='bbox 3115 5364 3180 5445; x_wconf 75' lang='grc' dir='ltr'>ἦς</span> <span class='ocrx_word' id='word_1_825' title='bbox 3212 5369 3553 5444; x_wconf 82' lang='grc' dir='ltr'>ἁμαρτωλὸς,</span> 
     </span>
    </p>
   </div>
   <div class='ocr_carea' id='block_1_112' title="bbox 2150 5461 3732 5541">
    <p class='ocr_par' dir='ltr' id='par_1_112' title="bbox 2150 5461 3732 5541">
     <span class='ocr_line' id='line_1_112' title="bbox 2150 5461 3732 5541; baseline -0.004 -18"><span class='ocrx_word' id='word_1_826' title='bbox 2150 5486 2258 5533; x_wconf 79' lang='grc' dir='ltr'>νος,</span> <span class='ocrx_word' id='word_1_827' title='bbox 2284 5468 2627 5541; x_wconf 75' lang='grc' dir='ltr'>κατωφερὴς,</span> <span class='ocrx_word' id='word_1_828' title='bbox 2668 5466 2728 5522; x_wconf 82' lang='grc' dir='ltr'><strong>ού</strong></span> <span class='ocrx_word' id='word_1_829' title='bbox 2755 5462 3043 5541; x_wconf 50' lang='lat' dir='ltr'><strong>meum;</strong></span> <span class='ocrx_word' id='word_1_830' title='bbox 3075 5466 3184 5521; x_wconf 73' lang='grc' dir='ltr'>ἀπὸ</span> <span class='ocrx_word' id='word_1_831' title='bbox 3220 5463 3567 5539; x_wconf 84' lang='grc' dir='ltr'>τετραπόδων</span> <span class='ocrx_word' id='word_1_832' title='bbox 3604 5461 3732 5533; x_wconf 78' lang='grc' dir='ltr'>γῆς,</span> 
     </span>
    </p>
   </div>
   <div class='ocr_carea' id='block_1_113' title="bbox 2150 5553 3735 5634">
    <p class='ocr_par' dir='ltr' id='par_1_113' title="bbox 2150 5553 3735 5634">
     <span class='ocr_line' id='line_1_113' title="bbox 2150 5553 3735 5634; baseline -0.003 -20"><span class='ocrx_word' id='word_1_833' title='bbox 2150 5559 2286 5628; x_wconf 75' lang='grc' dir='ltr'><strong>ἀλλά</strong></span> <span class='ocrx_word' id='word_1_834' title='bbox 2346 5560 2831 5634; x_wconf 73' lang='grc' dir='ltr'>παρασυνεῦλήοης</span> <span class='ocrx_word' id='word_1_835' title='bbox 2892 5561 3005 5625; x_wconf 79' lang='grc' dir='ltr'>τοῖς</span> <span class='ocrx_word' id='word_1_836' title='bbox 3035 5556 3276 5633; x_wconf 78' lang='grc' dir='ltr'>κτήνεσι,</span> <span class='ocrx_word' id='word_1_837' title='bbox 3319 5558 3415 5613; x_wconf 71' lang='grc' dir='ltr'>καὶ</span> <span class='ocrx_word' id='word_1_838' title='bbox 3437 5556 3626 5627; x_wconf 74' lang='grc' dir='ltr'>ἐγένου</span> <span class='ocrx_word' id='word_1_839' title='bbox 3656 5553 3735 5617; x_wconf 75' lang='grc' dir='ltr'>ὥς</span> 
     </span>
    </p>
   </div>
  </div>
