4058 6244
366 296 506 350 1οηίὲ

1726 298 2034 354 SELECTA
2069 297 2139 352 IN
2165 296 2304 353 JOB.

3430 286 3597 351 Troes

365 410 536 471 ἵππος
566 408 660 462 καὶ
695 408 915 477 ἡμίονος
936 448 948 471 ,
976 404 1057 471 οἷς
1085 409 1185 461 οὑκ
1228 408 1343 463 ἔστι
1381 408 1596 473 σύνεσις
1614 450 1627 475 ,
1658 410 1749 464 καὶ
1774 411 1919 470 ἵπποι

2052 425 2135 470 lus
2157 429 2261 467 non
2292 426 2352 468 es
2375 454 2388 477 ,
2429 411 2521 465 sed
2549 419 2894 481 comparatus
2919 426 2979 467 es
3003 410 3284 479 iumentis,
3313 414 3595 478 tactusque

359 498 705 570 θηλυμανής.

1004 779 1138 831 ΚΕΦ
1162 815 1179 831 .
1205 770 1295 830 Μ’.

422 871 540 940 Μὴ,
574 871 735 927 ἀλλὰ
769 867 945 931 ζῶσαι
968 866 1172 939 ὥσπερ
1198 865 1353 933 ἀνὴρ
1376 865 1494 933 τὴν
1552 866 1754 934 ὀσφύν
1783 880 1923 919 σου.

336 961 431 1016 Τά
468 962 566 1033 μὲν
595 960 772 1014 τέλεια
796 957 905 1012 τῶν
960 957 1353 1027 ἀγωνισμάτων
1384 958 1497 1020 τοῖς
1548 955 1727 1019 καλῶς
1758 955 1926 1025 ἀθλή-

338 1067 476 1106 σασι
509 1050 645 1122 μετά
673 1050 764 1103 τὸν
800 1048 911 1120 βίον
934 1048 1221 1102 ἀπόκειται
1253 1046 1463 1100 τοῦτονι
1494 1046 1649 1100 οὐδὲν
1675 1046 1733 1102 δὲ
1764 1042 1925 1118 ἦττον

341 1146 444 1197 καὶ
472 1142 571 1214 ἠδη
601 1146 633 1212 ἡ
670 1141 828 1213 χάρις
855 1138 947 1193 τοῦ
983 1137 1119 1193 Θεοῦ
1147 1137 1577 1210 ἀῤῥαόωνίξεται
1607 1138 1733 1201 τοὺς
1764 1134 1929 1207 ἀθλη-

342 1233 465 1296 τάς.
512 1231 596 1285 na
629 1232 807 1293 τοῦτο,
842 1231 930 1283 ὅτε
982 1228 1291 1299 ἠγωνίσατο
1316 1228 1383 1280 τά
1420 1228 1651 1298 μέγιστα
1696 1228 1725 1279 6
1769 1227 1923 1283 Ἰώσν

342 1321 459 1383 ὅτε,
489 1318 778 1373 ἀποϐαλὼν
810 1319 877 1372 τά
911 1320 1244 1389 ὑπάρχοντα,
1272 1318 1488 1384 ὲδόξασε
1515 1317 1605 1370 τὸν
1635 1317 1925 1370 δεδωκόταο

341 1411 457 1473 ὅτε,
480 1409 816 1477 ἀποθέμενος
839 1407 907 1461 τὰ
938 1406 1122 1472 τέκνα,
1154 1408 1512 1477 εύχαρίστησε
1534 1405 1612 1476 τῷ
1666 1406 1928 1477 παρειλη-

331 1491 488 1570 ’φότισ
519 1500 629 1565 ὅτε,
662 1500 899 1570 νοσήσας
927 1499 1003 1562 ὡς
1053 1496 1339 1567 σκώληκας
1383 1497 1674 1568 ἀνομδρεϊν
1698 1496 1807 1552 ἀπὸ
1832 1494 1926 1550 τοῦ

340 1590 621 1663 σώματος,
674 1592 736 1648 οὐ
773 1591 1049 1659 νενίκηται
1104 1588 1212 1642 ἀπὸ
1261 1588 1369 1642 τῶν
1402 1588 1611 1643 πόνωψ
1666 1589 1930 1659 προοίμια

340 1684 442 1735 καὶ
467 1680 758 1753 ἀρραϐῶνα
783 1681 889 1733 τῶν
917 1679 1092 1734 ἄθλων
1121 1679 1334 1733 δίδωσιν
1364 1680 1512 1751 αὑτῷ
1539 1681 1567 1733 6
1614 1680 1767 1744 Θεὸς,
1794 1699 1930 1754 χρηι-

2026 528 2087 568 es
2128 508 2277 564 sicut
2316 520 2492 573 equus
2511 514 2566 555 et
2600 503 2797 567 mulus,
2841 504 2895 556 in
2925 503 3120 570 quibus
3154 517 3260 556 non
3306 510 3391 556 est
3435 502 3595 555 intel-

2024 602 2203 656 lectus
2238 597 2303 664 ",
2366 606 2423 651 et
2471 609 2647 665 equus
2693 594 2915 663 quidem
2966 601 3138 648 astro
3185 592 3423 647 libidinis
3467 609 3598 662 pss—

2025 692 2163 748 citus
2197 688 2261 746 ’⁷.

2658 773 2812 829 CAP.
2846 772 2961 828 XL.

2099 870 2265 925 Vsus.
2325 869 2379 925 7.
2452 866 2839 936 Nequaquam.
2898 868 2991 919 sed
3036 865 3306 932 accingere
3341 865 3476 919 sicut
3514 864 3601 918 uir

2024 963 2255 1017 lumbum
2290 968 2461 1014 tuum.
2503 957 2572 1011 lis
2619 958 2836 1025 quidem
2865 956 2957 1025 qui
2991 971 3048 1010 se
3076 965 3329 1009 strenuos
3363 954 3595 1008 athletas

2024 1052 2429 1123 praestiterunt,
2498 1047 2718 1114 przcmia
2774 1045 3215 1115 praestantissima
3282 1053 3401 1114 post
3455 1045 3597 1100 hanc

2025 1143 2194 1199 vitam
2230 1138 2507 1195 recondita
2559 1147 2721 1201 sunt;
2772 1137 3121 1191 nihilominus
3159 1152 3299 1193 nunc
3344 1137 3595 1191 etiamin

2026 1229 2281 1303 praesenti
2310 1226 2532 1287 saaculo.
2565 1226 2672 1280 illis
2700 1226 2877 1295 gratia
2913 1225 3005 1279 Dei
3032 1240 3132 1295 pro
3155 1224 3461 1280 arrhabone
3488 1236 3594 1280 est.

2027 1320 2233 1376 Idcirco
2278 1317 2448 1374 Jobus
2492 1331 2617 1369 cum
2678 1330 2949 1369 summum
3010 1314 3303 1368 discrimen
3351 1316 3596 1379 adiisset,

2026 1426 2150 1467 cum
2188 1400 2344 1464 bonis
2381 1409 2641 1469 nudatus,
2689 1406 2934 1475 largitori
2987 1405 3214 1475 gloriam
3272 1406 3595 1474 detulisset;

2025 1513 2150 1553 cum
2180 1496 2362 1551 liberis
2390 1505 2646 1557 ornatus,
2676 1493 2878 1563 gratias
2904 1493 3171 1550 auferenti
3196 1496 3439 1566 egisset;
3475 1512 3597 1552 cum

2026 1586 2348 1664 mgritudine
2402 1586 2740 1649 laborasset,
2796 1584 2870 1639 ita
2922 1594 2981 1639 ut
3036 1598 3251 1641 vermes
3302 1600 3336 1640 ο
3371 1600 3601 1653 corpore

2030 1681 2206 1734 instar
2247 1677 2439 1732 imbris
2497 1675 2873 1746 produxerim,
2928 1676 3190 1731 molestiis
3233 1687 3289 1731 et
3341 1678 3600 1733 aerumnis

343 1772 579 1843 ματίσας
611 1771 759 1843 αὑτῷ
785 1771 872 1825 διά
900 1770 1096 1840 νέφους
1119 1771 1213 1824 καὶ
1242 1770 1523 1835 λαίλαπος.
1551 1772 1811 1836 ’Δκούσας
1830 1769 1919 1826 οῦν

2026 1779 2311 1839 superatus
2339 1784 2451 1825 non
2479 1778 2602 1834 est;
2644 1782 2834 1823 verum
2880 1768 3022 1825 Deus
3047 1783 3080 1822 e
3128 1777 3272 1824 nube
3301 1779 3356 1824 et
3387 1771 3600 1826 turbine

343 1863 456 1915 τῶν
490 1861 771 1933 προτέρων
803 1861 997 1929 λόγων,
1030 1861 1148 1916 δέον
1175 1862 1571 1934 ἀποκρίνασθαι
1600 1862 1737 1934 πρὸς
1764 1863 1919 1928 Θεὸν,

344 1955 547 2024 σιωπᾷ,
583 1952 659 2017 ὡς
687 1954 787 2006 οὑκ
820 1953 958 2023 ἔχων
990 1954 1299 2024 παρρησίαν
1320 1970 1334 1984 ⁸
1385 1953 1538 2007 οῠπω
1563 1954 1671 2027 γάρ
1696 1955 1810 2026 ᾔδει
1840 1956 1919 2019 τὸ,

348 2059 369 2091 ι
414 2042 618 2113 Μωσῆς
642 2042 839 2106 ἐλάλει,
875 2045 902 2096 6
927 2043 985 2096 δὲ
1013 2042 1146 2105 Θεὸς
1169 2043 1501 2114 ἀπεκρίνατο
1529 2046 1677 2115 αὑτῷ
1698 2049 1868 2117 φωνῇ.
1895 2063 1915 2099 s

356 2132 417 2185 Ὀ
450 2133 632 2204 μέντοι
683 2133 814 2196 Θεὸς
843 2134 1057 2188 δίδωσιν
1089 2136 1237 2206 αὑτῷ
1269 2137 1579 2209 παρρησίαν
1605 2136 1696 2189 τοῦ
1718 2136 1918 2204 λέγειν’

347 2226 439 2277 καὶ
494 2224 728 2294 τοσαύτη
756 2226 901 2278 ἐστὶν
934 2226 1097 2279 αὑτοῦ
1129 2229 1161 2297 ἡ
1189 2227 1513 2298 χρηστότης,
1543 2226 1681 2280 ὥστε
1724 2227 1923 2280 ἀναλα-

342 2314 459 2368 ϐεῖν
492 2315 652 2370 αὑτὸν
684 2317 969 2387 πρόσωπον
997 2318 1057 2370 οὑ
1090 2319 1386 2390 κρίνοντος,
1422 2318 1554 2372 ἀλλά
1604 2318 1920 2390 κρινομένου

345 2403 486 2473 μετά
517 2404 611 2457 τοῦ
642 2404 949 2476 ἀνθρώπου.
980 2406 1092 2459 Καὶ
1119 2407 1275 2460 ἄλλαι
1307 2406 1465 2460 τοῦτο
1502 2407 1748 2473 ἐδίδαξαν
1781 2408 1921 2479 Γρα-

342 2492 472 2564 φαίο
504 2492 582 2558 ὡς
610 2493 692 2556 τὸ,
714 2513 733 2546 ι
763 2495 945 2560 Δεῦτε,
981 2497 1074 2549 καὶ
1104 2496 1498 2569 διαλεχθῶμεν
1542 2517 1561 2550 ι
1592 2499 1707 2559 καὶ,
1736 2518 1753 2550 ι
1781 2500 1921 2563 Λαός

345 2599 469 2653 μου,
498 2584 551 2637 τί
605 2585 834 2656 ἐποίησά
865 2604 980 2654 σοι;
1016 2607 1034 2640 ι
1074 2589 1210 2660 Ἤδη
1244 2585 1405 2642 ἆθλον
1456 2589 1669 2643 δίδωσιν
1701 2590 1850 2661 αὑτῷ
1893 2593 1922 2642 6

342 2671 497 2737 Θεὸς,
531 2672 613 2727 δτι
665 2674 948 2748 ἄνθρωπον
976 2678 1177 2748 ἐρωτᾷ,
1235 2679 1316 2731 ὅτι
1359 2678 1685 2734 πυνθάνεται
1734 2678 1919 2744 αὑτοῦ,

344 2761 426 2814 ὅτι
452 2762 663 2817 δίδωσιν
687 2764 933 2831 ἐξουσίαν
957 2767 1053 2837 τῆς
1083 2767 1444 2838 ἀποκρίσεως.
1485 2769 1546 2821 Ei
1590 2769 1664 2840 μὴ
1699 2764 1766 2839 ἦν
1785 2785 1924 2821 νενι-

344 2852 550 2923 κηκὼς,
575 2855 675 2909 ούκ
714 2856 1049 2927 ἐλάμϐανεν⁸
1085 2859 1133 2911 εί
1168 2858 1240 2928 μὴ
1270 2854 1337 2929 ἦν
1385 2859 1704 2930 ὑπομείνας,
1730 2861 1831 2913 οὑκ
1854 2859 1920 2913 ἂν

343 2943 571 3012 ἢκουσε*
607 2961 626 2994 ι
660 2943 838 2997 Ζῶσαι
894 2944 1081 3017 ὥσπερ
1133 2947 1270 3019 ἀνὴρ
1298 2948 1397 3019 τὴν
1425 2948 1595 3017 ὀσφύν
1620 2966 1735 3013 σου,
1779 2967 1798 3002 ι
1828 2949 1921 3003 καὶ

346 3033 421 3105 μὴ
455 3033 669 3089 σιώπαθ
703 3034 817 3089 ἀλλ’
846 3035 1094 3107 ἀνδρίξου
1130 3039 1265 3108 πρὸς
1294 3039 1392 3102 τὰς
1444 3040 1770 3110 ὲρωτήσεις’
1811 3039 1921 3111 ὅσῳ

2027 1876 2150 1916 eum
2176 1860 2464 1927 allocutus,
2490 1859 2840 1929 praemiorum
2868 1860 3225 1928 primordium
3256 1871 3312 1915 et
3337 1862 3599 1917 arrhabow

2029 1970 2151 2009 nem
2204 1954 2253 2007 ei
2320 1952 2587 2007 concedit.
2655 1952 3101 2020 Quandoquidem
3156 1962 3339 2008 autem
3400 1954 3600 2015 auditis

2028 2044 2396 2112 superioribus
2444 2043 2534 2097 Dei
2588 2042 2967 2106 sermonibus,
3026 2057 3150 2096 cum
3195 2044 3344 2098 vices
3377 2058 3598 2114 respon.

2026 2134 2188 2189 dendi
2230 2133 2303 2187 illi
2336 2132 2729 2195 incubuissent,
2772 2132 2970 2191 fiducia
3003 2131 3256 2199 loquendi
3281 2134 3597 2202 destitutus,

2028 2226 2302 2281 silentium
2366 2224 2572 2295 egisset
2620 2222 2879 2294 (nendum
2931 2222 3078 2276 enim
3130 2224 3257 2278 illud
3309 2225 3597 2287 didicerat.

2034 2333 2053 2366 ι
2083 2315 2259 2373 Moses
2284 2313 2626 2383 loquebatur,
2652 2312 2790 2365 Deus
2819 2318 2996 2366 autem
3027 2327 3159 2368 voce
3179 2313 3228 2364 ei
3246 2306 3603 2381 respondit»),

2030 2412 2171 2464 Deus
2211 2406 2463 2476 loquendi
2502 2405 2761 2461 tiduciam
2783 2404 2834 2459 ei
2871 2405 3148 2475 impertit;
3189 2414 3445 2474 tantaque
3482 2408 3599 2476 ejus

2029 2495 2338 2566 benignitas
2386 2502 2491 2561 est,
2536 2502 2596 2547 ut
2640 2509 2743 2548 non
2792 2495 3021 2565 judicis,
3068 2496 3163 2549 sed
3210 2511 3333 2550 cum
3376 2496 3598 2551 homine

2029 2587 2373 2642 decernentis
2428 2600 2716 2655 personam
2765 2586 3237 2655 suscipiatzquod
3290 2586 3410 2641 aliis
3446 2587 3599 2642 Scri-

2028 2688 2199 2747 ptura:
2224 2675 2357 2729 locis
2371 2673 2699 2740 ostenditur;
2719 2683 2797 2737 ut,
2826 2675 3069 2740 «Venite,
3088 2687 3141 2729 et
3166 2690 3455 2746 arguamus
3484 2676 3526 2713 ⁸⁸
3545 2695 3594 2741 ςο

2028 2779 2127 2823 et:
2172 2767 2453 2837 «Populus
2501 2781 2687 2829 meus,
2733 2767 2862 2835 quid
2916 2768 3021 2823 feci
3085 2768 3181 2822 tibi
3247 2768 3384 2823 “is
3443 2769 3595 2836 Quod

2028 2860 2304 2915 hominem
2360 2859 2683 2927 interroget,
2739 2860 2882 2927 quod
2938 2860 3245 2929 loquentem
3291 2862 3494 2928 audiat,
3544 2870 3598 2917 et

2028 2953 2174 3023 quod
2218 2950 2578 3021 respondendi
2639 2949 2916 3011 licentiam
2973 2953 3272 3018 concedat,
3336 2953 3611 3008 hactenus

2028 3043 2250 3116 praemio
2278 3058 2401 3099 eum
2430 3044 2572 3098 Deus
2592 3041 2794 3097 aﬂ‘ecit.
2828 3041 2887 3097 Si
2921 3042 3098 3100 victor
3125 3057 3231 3096 non
3258 3042 3555 3097 exstitisset
3579 3082 3606 3107 μ

344 3127 453 3199 γὰρ
479 3128 649 3197 ὀσφύς
673 3147 816 3192 τινος
840 3132 940 3183 οὑκ
969 3129 1218 3195 ἕζωσται,
1253 3132 1371 3185 οὑδὲ
1401 3132 1804 3201 συνέσφιγκται,
1827 3133 1919 3186 ἀλ-

2027 3111 2192 3201 508
2218 3131 2497 3201 praemium
2529 3148 2635 3186 non
2666 3139 3031 3199 reportasset;
3064 3130 3107 3185 si
3149 3131 3317 3189 animi
3342 3141 3601 3191 constan-

342 3216 411 3270 λά
436 3217 733 3282 λέλυται,οὑ
758 3220 978 3274 δύναται
1007 3222 1240 3289 εὐλόγως
1268 3224 1664 3291 ἀποκρίνασθαι
1684 3225 1763 3295 τῷ
1778 3225 1915 3296 Θεῷ.

344 3308 436 3380 Μὴ
469 3309 736 3380 πρότερον
768 3308 859 3364 οῦν
903 3312 1289 3383 ἀποκρινάσθω
1314 3330 1397 3377 τις
1428 3309 1504 3383 τῷ
1530 3315 1670 3385 Θεῷ,
1717 3317 1812 3370 ἐὰν
1845 3318 1920 3388 μὴ

345 3400 483 3471 ἀνὴρ
515 3399 735 3470 γένηται
762 3403 963 3466 τέλειος
1013 3404 1112 3474 τὴν
1141 3405 1513 3475 πνευματικὴν
1559 3406 1772 3476 ἡλικίαν
1828 3409 1922 3461 καὶ

344 3489 440 3561 τὴν
468 3491 637 3559 ὀσφὺν
666 3491 923 3564 ζώσηται.

2028 3226 2157 3280 tiam
2193 3239 2303 3279 non
2336 3225 2685 3288 ostemlisset,
2733 3224 2861 3277 illud
2902 3228 3086 3293 utique
3136 3240 3242 3277 non
3279 3223 3608 3288 audivisset,

2030 3334 2051 3370 ι
2074 3317 2306 3386 Accinge
2333 3317 2475 3371 sicut
2504 3316 2586 3369 vir
2619 3315 2861 3369 lumbum
2900 3325 3072 3374 tuum.
3109 3336 3129 3367 ι
3174 3314 3282 3368 noli
3317 3314 3599 3370 silentium

2027 3419 2213 3475 agere,
2235 3405 2328 3459 sed
2352 3405 2419 3459 ad
2445 3403 2877 3473 respondendum
2907 3406 3144 3459 animum
3171 3404 3377 3458 virilem
3411 3405 3593 3459 indue:

2026 3504 2294 3567 quatenus
2336 3496 2479 3551 enim
2517 3496 2683 3551 lumbi
2733 3496 2961 3564 alicujus
3000 3496 3222 3551 minime
3262 3496 3490 3551 accincti
3541 3506 3609 3551 et.

347 3587 647 3653 constricti,
680 3592 771 3643 sed
829 3591 988 3644 soluti
1026 3602 1172 3659 sunt,
1224 3593 1268 3648 is
1320 3595 1454 3660 Deo,
1493 3602 1654 3663 prout
1690 3604 2112 3648 consentaneum
2152 3602 2259 3657 est,
2298 3593 2630 3660 respondere
2670 3608 2773 3647 non
2824 3601 3019 3663 potest.
3058 3593 3166 3647 Deo
3227 3593 3390 3662 igitur
3416 3583 3601 3648 nemo

347 3683 495 3741 prius
526 3678 870 3744 respondeat,
918 3697 1076 3749 quam
1114 3682 1381 3752 spirituali
1420 3693 1623 3739 statura
1672 3685 1756 3737 vir
1785 3693 2194 3738 consummatus
2213 3684 2471 3747 evaserit,
2497 3694 2551 3737 et
2573 3684 2785 3739 lumbos
2808 3684 3130 3739 accinmrit.

411 3771 507 3840 Μὴ
534 3773 828 3827 ἀποποιοῦ
851 3792 970 3843 μου
996 3776 1057 3829 τὸ
1088 3777 1285 3846 κρῖμα.
1314 3779 1405 3850 Μὴ
1435 3779 1548 3832 οἵου
1581 3779 1790 3849 ἀλόγως
1823 3796 1917 3833 κε-

344 3862 563 3934 κρίσθαι
611 3881 699 3934 μοι
742 3864 912 3917 ταῦτα
942 3866 1082 3939 ἆπερ
1114 3866 1431 3937 ὑπέμεινας,
1492 3870 1625 3939 μηδὲ
1654 3868 1919 3923 ἀποποιοῦ

348 3971 446 4025 μου
474 3954 533 4007 τὸ
554 3957 745 4027 κρίμα.
776 3956 979 4009 Τούτου
1006 3956 1099 4010 τοῦ
1140 3958 1325 4029 ῥητοῦ,
1350 3960 1424 4023 ὠς
1463 3961 1734 4031 χρησίμου
1780 3979 1920 4033 μνη-

346 4045 675 4116 μονεύωμεν,
703 4048 828 4100 ὃταν
848 4048 876 4099 6
896 4049 1027 4113 Θεὸς
1061 4049 1253 4104 παθεῖν
1281 4069 1333 4103 τι
1365 4053 1512 4121 ἡμᾶς
1535 4054 1716 4125 κρίνῃ,
1733 4053 1920 4107 τέκνον

343 4135 654 4195 ἀποϐαλεῖν,
695 4138 866 4209 ἀρχὴν
891 4139 1173 4202 ἀπολέσαι,
1230 4142 1453 4211 νοσῆσαι
1487 4142 1628 4195 κατά
1648 4143 1709 4196 τὸ
1736 4144 1918 4214 σῶμα.

343 4226 370 4280 6
391 4242 443 4279 τι
470 4227 666 4297 δήποτε
688 4229 890 4282 τούτων
922 4231 1219 4301 ὑποστῆναι
1242 4249 1255 4261 ο
1305 4232 1457 4285 οὐδὲν
1494 4234 1698 4286 τούτων
1723 4228 1833 4286 οἶόν
1862 4252 1922 4287 τε

345 4315 535 4369 παθεῖν
559 4319 725 4387 ἡμᾶς,
762 4318 835 4389 μὴ
866 4320 1139 4390 κρίνοντος
1160 4322 1251 4375 τοῦ
1282 4322 1441 4379 Θεοῦ.
1484 4323 1635 4376 Ἐπεὶ
1656 4321 1749 4378 οῦν
1772 4325 1922 4378 οὐδὲν

344 4403 543 4458 τούτων
591 4406 796 4474 γίνεται
831 4408 996 4479 χωρὶς
1042 4411 1310 4482 κρίματος
1361 4412 1456 4465 τοῦ
1509 4413 1666 4477 Θεοῦ,
1707 4414 1921 4483 λέγεται

346 4495 478 4567 πρὸς
504 4497 595 4549 τὸν
631 4497 866 4550 παθόντα
891 4516 903 4528 ·
937 4518 955 4550 ι
987 4501 1078 4571 Μὴ
1122 4502 1386 4556 ἀποποιοῦ
1428 4523 1529 4575 μου
1575 4504 1637 4558 τὸ
1666 4507 1860 4576 κρῖμα⁶
1896 4526 1914 4557 s

2100 3778 2260 3832 Vsus.
2303 3779 2358 3833 8.
2404 3777 2485 3831 Ne
2509 3778 3011 3847 repellasjudicitmt
3038 3793 3228 3833 meum.
3258 3777 3377 3833 Noli
3403 3781 3593 3836 existi-

2026 3885 2175 3926 mare
2219 3884 2304 3923 me
2356 3882 2639 3939 perperam
2665 3877 2718 3921 et
2745 3870 2861 3922 sine
2894 3868 3122 3932 ratione,
3162 3883 3225 3922 ea
3254 3883 3375 3937 qua:
3401 3884 3594 3938 passus

2023 3977 2078 4016 es
2099 3961 2392 4031 indicasse,
2429 3974 2602 4027 neque
2641 3959 2906 4029 judicium
2942 3974 3120 4013 meum
3150 3959 3409 4029 defugito.
3451 3960 3591 4019 Dicti

2025 4052 2183 4119 hujus
2206 4050 2493 4105 utilitatem
2522 4049 2782 4103 memoria
2810 4049 3143 4113 recolamns,
3171 4065 3293 4104 cum
3323 4050 3462 4106 Dens
3484 4052 3593 4120 pati

2026 4160 2124 4199 nos
2178 4142 2387 4211 aliquid
2439 4141 2771 4204 decreverit,
2820 4140 2867 4195 si
2918 4139 3210 4195 liberorum
3254 4142 3543 4198 orbitatem
3573 4185 3592 4213 ,

2022 4236 2329 4290 dominatus
2365 4232 2735 4296 amissionem,
2776 4233 3024 4302 corporis
3058 4235 3434 4303 aegritudinem
3457 4276 3473 4302 ,
3506 4238 3597 4293 vel

2019 4327 2222 4397 aliquid
2260 4326 2564 4395 hnjusmodi
2600 4324 2788 4380 subire
2813 4334 3066 4395 oporteat
3095 4345 3111 4381 :
3147 4328 3278 4381 ﬁeri
3302 4329 3444 4384 enim
3483 4346 3591 4386 non

2019 4425 2217 4486 potest,
2245 4426 2303 4470 ut
2333 4416 2451 4469 sine
2491 4414 2583 4469 Dei
2606 4414 2813 4483 judicio
2859 4416 3153 4485 quidquam
3194 4419 3381 4472 horum
3414 4421 3589 4488 patia-

2022 4523 2163 4561 mur.
2186 4507 2316 4561 Gnm
2352 4506 2533 4574 itaque
2561 4505 2767 4575 absque
2796 4506 3201 4575 divinojudicio
3232 4510 3364 4564 nihil
3398 4512 3609 4566 hornmv

345 4587 602 4651 τουτέστι,
634 4587 725 4658 Μὴ
772 4588 1016 4659 ἁπαρνοῦ
1068 4592 1205 4663 ὅπερ
1234 4593 1425 4665 ἔκρινα
1468 4596 1595 4666 περὶ
1650 4594 1773 4648 σοῦ·
1824 4596 1919 4649 τὸν

2024 4590 2257 4661 eveniat,
2310 4598 2537 4651 adversa
2592 4597 2841 4652 toleranti
2899 4598 3115 4663 dicitur,
3180 4601 3294 4655 «Ne
3360 4603 3592 4671 repellas

346 4674 585 4745 παρόντα
607 4675 751 4745 λέγει
771 4694 872 4748 χρη
882 4680 1170 4749 ματισμόν.

411 4951 531 5005 οἴει
572 4952 639 5006 δέ
662 4970 740 5022 με
778 4952 980 5023 ἄλλως
1012 4971 1112 5011 σοι
1155 4961 1682 5029 κεχρηματικέναι,
1722 4964 1760 5037 ἢ
1808 4966 1917 5021 ἵνα

341 5041 646 5111 ἀναφανῇς
671 5044 934 5114 δίκαιος;
993 5048 1384 5121 Ἀπολογοῦμαί
1414 5068 1523 5103 σοι·
1587 5053 1789 5118 δίκαιος
1816 5052 1905 5127 ἦς,

342 5131 447 5184 ἀλλ’
499 5133 599 5186 οὑκ
648 5130 717 5205 ἧς
765 5137 1021 5207 φανερός’
1092 5140 1369 5211 ὑπομονὴν
1427 5138 1610 5213 εἶχεςο
1678 5145 1782 5198 ἔδει
1840 5164 1908 5216 με

339 5222 585 5310 άξρορμὴν
627 5230 926 5298 παρασχεῖν
958 5230 1049 5282 τοῦ
1074 5230 1279 5301 λάμψαι
1320 5251 1413 5287 σου
1444 5235 1543 5303 τὴν
1590 5237 1863 5310 ὑπομονήν
1891 5256 1905 5269 ⁸

342 5306 478 5382 εἶχες
502 5315 750 5387 ἀνδρείαν
770 5334 784 5347 ·
841 5318 955 5370 ἀλλ’
986 5320 1284 5392 ἐκρύπτετο
1308 5325 1365 5376 ὲν
1395 5324 1506 5377 σοί’
1547 5326 1594 5377 οί
1632 5306 1907 5399 συμὸεθη-

345 5407 489 5466 κότες
521 5405 670 5457 πόνοι
707 5406 1040 5470 ἔδειξάνσου
1072 5412 1169 5481 τὴν
1215 5413 1482 5484 ἀνδρείαν.
1531 5416 1744 5469 Τούτων
1772 5436 1907 5489 μνη-

344 5492 645 5565 μονεύωμεν
664 5496 722 5549 ὲν
746 5499 856 5557 τοῖς
877 5499 983 5551 τῶν
1005 5501 1373 5570 περιστάσεων
1394 5511 1618 5577 καιροῖς,
1639 5510 1731 5561 καί⁵
1748 5508 1910 5574 δόξω-

2012 4690 2277 4756 ],ιιιίίοὶιιιιι
2313 4704 2512 4751 meum,
2543 4708 2571 4742 ι
2609 4689 2663 4743 id
2699 4702 2804 4754 est,
2833 4691 2975 4759 quod
3010 4689 3077 4744 de
3106 4700 3157 4746 te
3182 4690 3389 4758 judicio
3422 4694 3589 4747 smtni

2017 4782 2283 4851 (praesens
2332 4781 2545 4835 scilicet
2606 4795 2924 4852 responsum
2982 4784 3192 4852 meum)
3246 4783 3350 4836 noli
3402 4784 3599 4838 deﬂe--

2013 4883 2185 4928 stare.

2085 4963 2256 5019 Putas
2285 4975 2459 5020 autem
2503 4981 2585 5019 me
2627 4967 2785 5020 aliter
2814 4968 2910 5022 tibi
2944 4967 3271 5034 respondisse
3296 5008 3310 5035 ,
3336 4984 3499 5033 quam
3529 4978 3595 5022 ut:

2014 5067 2273 5120 apparens
2298 5051 2527 5120 justus?
2569 5051 2757 5109 Justus
2789 5069 2942 5119 eras,
2989 5054 3179 5119 fateor,
3235 5072 3425 5112 verum
3464 5059 3586 5114 aliis

2016 5144 2231 5213 ignotus
2254 5158 2270 5205 ;
2295 5142 2555 5211 patientia
2587 5143 2967 5209 instrueharis,
2994 5147 3089 5201 sed
3114 5149 3456 5217 ut'patieutia
3491 5158 3578 5203 tua

2013 5236 2263 5299 eniteret,
2300 5234 2644 5292 occasionem
2691 5251 2777 5290 me
2816 5238 3057 5306 praebere
3079 5240 3358 5307 oportuit;
3398 5241 3582 5297 animo

2016 5324 2138 5378 forti
2166 5340 2307 5386 eras,
2340 5324 2433 5378 sed
2467 5324 2721 5380 latentem
2753 5327 2805 5382 in
2835 5336 2888 5383 te
2920 5327 3292 5387 fortitudinem
3323 5349 3581 5389 aerumna)

2015 5428 2069 5470 et
2103 5416 2362 5469 molestiae
2384 5430 2503 5485 qua:
2528 5416 2621 5471 tibi
2652 5420 3015 5488 contigerunt,
3042 5422 3375 5493 perspicuam
3401 5425 3583 5481 reddi-

2019 5509 2230 5561 derunt.
2288 5505 2490 5561 Horum
2542 5513 2907 5577 recordemur,
2959 5526 3080 5567 cum
3111 5514 3450 5574 calamitates
3482 5531 3582 5576 nos

411 5675 452 5705 ιδ
493 5674 610 5730 Psnl
678 5692 872 5746 XLVIII,
920 5678 1006 5746 l3,
1037 5681 1127 5749 2|,
1172 5700 1320 5749 usi,
1383 5687 1434 5739 9.
1510 5687 1551 5717 ⁸⁷
1607 5687 1804 5745 .lercm.
1848 5707 1901 5757 ιι,

2084 5690 2124 5721 ¹⁸
2165 5688 2289 5743 lsai.
2321 5689 2474 5755 1,18.
2555 5692 2596 5724 ⁸⁸
2639 5694 2797 5750 Mich.
2842 5713 2916 5767 νι,
2956 5698 3011 5754 5.
