4058 6244
375 346 507 402 1061

1652 332 1963 392 SELECTA
1999 331 2067 388 IN
2101 331 2441 391 PSALMOS.

3504 340 3643 397 ιοιι

373 463 454 532 τῷ
486 461 659 531 δγδόῳ
679 458 884 532 ψαλμῷ
936 456 1112 513 οὕτω·
1162 477 1182 511 ι
1220 456 1417 530 Κύριε,
1462 457 1492 510 6
1553 453 1758 529 Κύριος
1804 453 1961 528 ἡμῶν

2065 472 2173 528 quc
2201 458 2252 511 in
2285 465 2484 512 octavo
2515 456 2726 526 psalmo
2763 456 2966 511 dictum
2993 465 3116 512 est:
3150 475 3172 511 ι
3199 457 3430 516 Domine
3463 461 3646 518 Domi-

371 551 514 623 (25),
546 552 625 615 ὡς
659 548 970 621 θαυμαστὸν
1017 548 1079 601 τὸ
1097 547 1272 618 ὄνομά
1300 561 1395 600 σου
1417 549 1474 600 ἐν
1501 547 1653 621 πάσῃ
1680 550 1748 618 τῇ
1787 549 1895 618 γῆξ
1934 565 1956 600 ι

370 646 574 714 Σαφῶς
590 645 696 714 γὰρ
734 640 1048 712 παρέστησε
1077 638 1175 703 τάς
1204 638 1308 692 ἀνὰ
1345 641 1526 692 πᾶσαν
1572 639 1672 710 τὴν
1709 639 1964 711 οἰκουμέ-

378 751 479 804 νην
505 732 697 802 ληνοὺς
723 731 817 785 τοῦ
838 729 996 784 Θεοῦ.
1022 731 1131 784 Καὶ
1154 731 1184 782 6
1214 729 1569 801 ὀγδοηκοστὸς
1599 729 1678 794 δὲ,
1709 731 1810 784 καὶ
1866 732 1964 785 αύ-

377 824 472 888 τδς
505 824 782 896 ἐπιλήνιος
809 822 923 893 (Ml
945 821 1044 884 ῶν,
1085 825 1198 886 τοῖς
1223 821 1399 874 ἔθνεσι
1427 822 1561 874 πᾶσι
1591 821 1966 891 παρακελεύε-

354 913 567 985 .ταιτῷ
599 913 720 985 Θεῷ
753 912 863 966 τῶν
910 912 1206 984 προφητῶν
1258 911 1568 965 ἀποδιδόναι
1621 912 1716 965 τὸν
1755 910 1960 984 ῦμνον·

373 1008 528 1077 λέγει
558 1007 616 1061 δὲ
644 1003 768 1062 οῦν⁸
794 1025 813 1058 ι
836 1006 1188 1075 ’Δγαλλιᾶσθε
1215 1006 1292 1078 τῷ
1323 1006 1444 1077 Θεῴ
1471 1007 1549 1078 τῷ
1575 1006 1753 1080 βοηθῷ
1781 1008 1960 1080 ἡμῶν

371 1099 684 1164 ἀλαλάξατε
730 1098 808 1168 τῷ
835 1096 956 1169 Θεῷ
1001 1096 1215 1151 Ἰακώϐ.
1262 1116 1280 1148 ι
1335 1095 1469 1153 Εἶτα
1516 1099 1646 1170 ἑξῆς
1681 1101 1963 1154 ὖποκατα-

369 1193 504 1258 ϐὰς,
526 1193 623 1264 τὴν
651 1190 920 1262 ἀποϐολὴν
939 1190 1033 1244 τοῦ
1058 1190 1323 1262 προτέρου
1353 1191 1484 1244 λαοῦ
1527 1192 1814 1264 σημαίνει,
1868 1190 1961 1246 λέ-

371 1299 496 1351 γων
520 1299 534 1312 ·
570 1283 713 1337 «Καὶ
743 1285 842 1337 οὐκ
866 1285 1099 1355 ἤκουσεν
1124 1285 1156 1336 6
1185 1283 1314 1346 λαός
1339 1300 1438 1353 μου
1471 1283 1574 1353 τῆς
1611 1285 1794 1355 φωνῆς
1835 1301 1961 1355 μου,

380 1377 476 1430 καὶ
510 1375 725 1448 Ἰσραὴλ
746 1377 807 1429 οὐ
836 1377 1108 1448 προσέσχε
1155 1393 1266 1447 μοι.
1318 1376 1428 1428 Καὶ
1463 1375 1820 1439 ἐξαπέστειλα
1867 1377 1966 1430 αύ-

2066 564 2168 604 nus
2204 560 2408 613 noster,
2442 565 2604 619 quam
2652 549 2978 604 admirabile
3026 560 3110 604 est
3168 567 3364 606 nomen
3397 562 3550 608 tuum
3584 553 3640 608 in
3675 566 3682 580 '

2066 641 2317 694 universa
2339 648 2484 694 terra
2505 640 2549 672 ⁸⁷
2572 641 2620 694 ί»
2653 639 2812 694 Clare
2823 641 3026 709 quippe
3045 640 3320 708 signiﬁcat
3339 642 3641 698 toreularia

2067 731 2158 787 Dei
2184 748 2280 801 per
2315 743 2486 788 totum
2533 733 2722 787 orbem
2757 733 3076 786 constituta.
3106 733 3482 803 Octogesimus
3505 751 3646 803 quo-

2063 839 2170 894 que
2204 824 2472 893 psalmus,
2511 840 2633 879 cum
2665 825 2734 880 de
2763 824 3134 879 torcularibus
3162 833 3306 893 agat,
3345 822 3498 892 jubet
3515 839 3644 879 om-

2060 932 2162 970 nes
2186 924 2376 986 gcntes
2418 916 2812 986 prophetarum
2844 916 2953 970 Deo
2985 915 3250 985 hymnum
3293 916 3534 971 referre:
3564 919 3645 972 sic

2065 1017 2246 1060 autem
2307 1005 2936 1060 habet“:tExsultate
2987 1003 3097 1057 Deo
3143 1004 3381 1073 adjutori
3431 1012 3641 1069 nostro,

2065 1097 2305 1167 jttbilate
2353 1099 2462 1151 Deo
2489 1096 2678 1152 Iacob.
2707 1114 2724 1148 ι
2769 1095 3031 1164 Deinceps
3087 1093 3342 1161 inferius,
3371 1097 3636 1166 reproba-

2065 1189 2272 1242 tionem
2309 1189 2508 1257 prioris
2559 1189 2742 1257 populi
2789 1186 3086 1253 signiﬁcat,
3122 1186 3352 1241 dicens:
3385 1203 3405 1238 ι
3428 1187 3493 1241 Et
3538 1201 3642 1240 non

2055 1280 2273 1333 audivit
2309 1280 2541 1349 populus
2597 1275 2748 1333 uicus
2793 1295 2980 1334 vocem
3012 1293 3214 1344 meam,
3248 1288 3302 1332 ct
3339 1279 3501 1335 Israel
3537 1295 3646 1337 non

2065 1369 2298 1423 intendit
2342 1370 2496 1422 mihi.
2534 1369 2613 1430 Et
2659 1370 2841 1423 dimisi
2895 1383 2990 1423 eos
3037 1369 3338 1422 secundum
3379 1368 3646 1450 desideria

374 1467 506 1529 τοὺς
535 1467 677 1520 κατὰ
709 1466 778 1520 τὰ
809 1466 1218 1539 ἐπιτηδεύματα
1252 1466 1360 1519 τῶν
1401 1465 1638 1538 καρδιῶν
1691 1466 1894 1520 αὖτῶν.
1935 1485 1957 1520 ι

2060 1461 2246 1515 cordis
2274 1475 2467 1515 ent-nm
2495 1460 2564 1514 ⁸³.
2602 1480 2624 1512 ι
2665 1459 3042 1531 Octogesituus
3092 1459 3222 1514 item
3282 1460 3498 1523 tertius,
3551 1460 3648 1530 qui

377 1554 492 1608 Καὶ
515 1555 544 1608 ὀ
574 1556 932 1626 ὀγδοηκοστὸς
960 1556 1144 1628 τρίτος
1169 1558 1267 1628 τὴν
1324 1557 1495 1626 αὐτὴν
1539 1557 1679 1628 ἔχων
1722 1575 1964 1630 προγρα-

374 1645 508 1716 φὴν,
536 1647 620 1700 ὄτι
643 1647 744 1699 οὐκ
774 1649 920 1699 ἐστιν
955 1646 1012 1700 ἓν
1048 1649 1336 1718 σκήνωμα,
1380 1648 1501 1702 οὐδὲ
1564 1649 1622 1701 ἓν
1669 1649 1963 1722 θυσιαστη-

378 1751 498 1807 ριον
523 1736 581 1787 ἐν
621 1733 1037 1808 Ἱεροσολύμοις,
1087 1738 1222 1791 ἀλλά
1264 1738 1437 1792 πολλὰ
1485 1738 1818 1811 σκηνώματα
1869 1743 1962 1796 καὶ

2059 1554 2310 1608 eamdem
2359 1554 2522 1607 habet
2581 1552 3017 1622 inscriptionem,
3074 1567 3180 1604 non
3217 1567 3384 1605 unum
3437 1551 3649 1606 habita-

2059 1646 2269 1710 culum,
2303 1661 2481 1714 neqne
2533 1660 2706 1698 unum
2740 1644 2913 1697 altare
2939 1642 3320 1714 Jcrosolymis.
3351 1643 3447 1698 sed
3474 1644 3645 1698 multa

2064 1751 2184 1790 esse
2235 1733 2571 1801 habitacula,
2616 1734 2783 1787 multa
2830 1734 3020 1787 altaria
3082 1734 3351 1788 declarat.
3377 1734 3642 1802 Quamob-

372 1824 552 1879 πολλὰ
573 1826 936 1899 θυσιαστήρια
965 1830 1283 1901 παρίστησι.
1335 1831 1425 1884 Διὸ
1484 1833 1579 1884 καὶ
1631 1831 1707 1896 ὡς
1749 1833 1962 1888 πολλῶν

2077 1842 2221 1892 rem,
2269 1841 2335 1881 ac
2385 1827 2435 1880 si
2494 1826 2610 1878 haec
2660 1823 2968 1877 habitacula
3020 1834 3186 1892 atque
3235 1823 3446 1887 altaria,
3482 1827 3648 1880 mula

375 1917 557 1972 οὐσῶν
581 1917 780 1989 ληνῶν,
812 1919 1019 1974 τούτων
1059 1921 1239 1974 αὐτῶν
1278 1921 1386 1974 τῶν
1440 1924 1816 1993 σκηνωμάτων
1866 1923 1962 1976 καὶ

371 2007 488 2061 τῶν
521 2007 952 2081 θυσιαστηρίων,
983 2012 1126 2084 ὑπὲρ
1153 2013 1262 2066 τῶν
1293 2013 1470 2085 ληνῶν
1509 2013 1924 2085 προγέγραπται
1943 2029 1956 2044 ο

379 2099 527 2170 λέγει
562 2101 619 2153 δὲ
645 2094 737 2152 οὖν
757 2114 771 2131 ⁶
800 2119 819 2153 ι
851 2101 940 2166 Ὠς
974 2103 1230 2174 ἀγαπητά
1253 2104 1322 2157 τὰ
1349 2105 1682 2176 σκηνῶματά
1710 2121 1822 2169 σου,
1853 2107 1964 2160 Κύ-

373 2210 466 2264 ριε
496 2195 602 2249 τῶν
643 2196 953 2268 δυνάμεωνί
1002 2194 1284 2248 Ἐπιποθεῖ
1324 2197 1418 2249 καὶ
1459 2195 1699 2250 ἐκλείπει
1745 2199 1778 2267 ή
1816 2198 1960 2270 ψυχή

371 2303 484 2355 μου
515 2288 594 2352 είς
628 2289 726 2352 τὰς
755 2286 923 2351 αὖλάς
949 2286 1047 2340 τοῦ
1074 2287 1310 2359 Κυρίουο
1349 2307 1366 2339 ι
1398 2286 1492 2342 καὶ
1517 2289 1766 2362 ἐπιφέρει
1787 2303 1800 2319 ³
1833 2310 1851 2340 ι
1883 2290 1964 2342 Τὰ

378 2375 744 2449 θυσιαστήριά
769 2396 884 2440 σου,
917 2377 1087 2451 Κύριε
1115 2375 1226 2430 τῶν
1265 2377 1576 2450 δυνάμεων·
1620 2396 1639 2432 ι
1677 2381 1772 2434 καὶ
1802 2379 1964 2434 πάλιν

379 2467 758 2539 πληθυντικῶς
782 2470 1058 2539 -ὲπιλέγειο
1098 2487 1116 2520 ι
1156 2469 1568 2542 Ὑπερασπιστὰ
1600 2470 1776 2542 ἡμῶν,
1815 2471 1889 2524 ἴδε
1938 2471 1967 2524 6

372 2556 536 2622 Θεὸς,
581 2560 675 2613 καὶ
720 2558 1008 2631 ἐπίϐλεψον
1047 2562 1127 2625 είς
1169 2561 1229 2615 τὺ
1270 2562 1560 2633 πρόσωπον
1589 2561 1685 2616 τοῦ
1729 2560 1963 2634 Χριστοῦ

377 2664 474 2702 σου
495 2669 510 2682 ο
535 2650 618 2703 ὅτι
646 2651 917 2724 κρείσσων
938 2653 1122 2725 ἡμέρα
1145 2652 1241 2724 μία
1268 2655 1323 2707 ἐν
1343 2657 1464 2718 ταῖς
1490 2654 1680 2719 αὐλαῖς
1710 2670 1801 2707 σου
1825 2655 1965 2727 ὑπὲρ

374 2739 643 2810 χιλιάδας.
681 2762 698 2793 ι
730 2743 899 2796 Ἔνθα
921 2746 1202 2816 τηρήσεις,
1227 2743 1300 2810 ὡς
1325 2747 1416 2799 καὶ
1450 2747 1709 2817 ὀνομαστὶ
1729 2745 1964 2818 Χριστοῦ

379 2832 675 2906 μέμνηται.
700 2833 837 2899 Τοὺς
856 2834 1367 2908 ἐπιγεγραμμένους
1393 2855 1412 2888 ι
1437 2838 1576 2910 ὑπὲρ
1600 2837 1698 2909 τῆς
1719 2837 1910 2909 ὀγδόης
1941 2857 1960 2890 ι

372 2925 472 2979 δύο
500 2926 747 2997 ψαλμοὺς
786 2924 1021 2999 ἡγοῦμαι
1051 2929 1148 3000 τὴν
1182 2931 1447 3001 σωτήριον
1475 2929 1574 3000 τῆς
1616 2929 1968 2995 ἀναστάσεως

378 3017 592 3090 ἡμέραν
633 3017 725 3072 τοῦ
772 3020 976 3091 Κυρίου
1010 3020 1359 3075 αἰνίττεσθαι.
1395 3021 1506 3092 τὴν
1551 3018 1688 3092 πρὸς
1737 3021 1965 3075 θάνατον

370 3108 509 3178 γοῦν
545 3110 816 3182 ἁμαρτίαν
848 3111 1222 3182 ἐργασάμενος
1265 3113 1292 3164 6
1323 3111 1507 3176 Δαυῒδ,
1555 3111 1787 3165 ἱκετεύει
1825 3110 1966 3166 κατά

380 3195 476 3250 τὸν
502 3200 679 3264 ἓκτον,
714 3199 803 3271 μὴ»
825 3201 918 3253 τοῦ
949 3200 1144 3272 Θυμοῦ,
1193 3201 1329 3273 μηδὲ
1360 3202 1459 3274 τῆς
1489 3201 1662 3272 ὀργῆς
1703 3201 1796 3255 τοῦ
1827 3200 1964 3255 Θεοῦ

371 3289 764 3360 πειρασθῆναι,
796 3291 974 3356 ἐλέους
1010 3288 1073 3348 δὲ
1099 3292 1194 3345 καὶ
1234 3293 1426 3356 ἰάσεως
1459 3293 1556 3364 τὴν
1595 3293 1772 3365 ψυχὴν
1799 3291 1963 3346 αὑτοῦ

375 3382 596 3450 τυχεῖν·
647 3380 803 3434 τοῦτο
850 3381 907 3435 δέ
956 3382 1172 3435 ἔσεσθαι
1211 3382 1454 3448 θεσπίζει
1497 3383 1698 3453 λέγων·
1740 3403 1758 3435 ι
1818 3385 1967 3438 Ἐπί-

375 3469 633 3542 στρεψον,
670 3471 862 3543 Κύριε,
900 3472 1059 3544 ῥῦσαι
1120 3473 1216 3545 τὴν
1268 3475 1446 3546 ψυχήν
1493 3491 1616 3546 μου,
1667 3473 1840 3528 σῶσόν
1894 3491 1965 3545 με

373 3558 565 3613 ἕνεκεν
595 3559 688 3612 τοῦ
718 3559 900 3624 ἐλέους
935 3577 1057 3614 σου·
1095 3562 1180 3616 δτι
1227 3565 1331 3617 ούκ
1371 3563 1517 3617 ἐστιν
1549 3565 1608 3618 ἐν
1641 3563 1722 3634 τῷ
1749 3563 1964 3634 Θανάτῳ

371 3652 408 3706 6
444 3653 793 3724 μνημονεύων
819 3669 935 3718 σου,
960 3653 1018 3708 ἐν
1045 3655 1102 3709 δὲ
1138 3654 1219 3726 τῷ
1257 3657 1359 3728 ᾄδῃ
1396 3655 1480 3719 τίς
1508 3655 1963 3729 ἐξομολογήσεται

377 3759 498 3810 om;
527 3759 551 3795 δ
586 3746 870 3817 μονονουχὶ
902 3747 992 3800 τὸν
1021 3747 1225 3820 Κύριον
1250 3748 1412 3801 αὑτὸν
1449 3749 1513 3801 ἐκ
1533 3747 1764 3802 θανάτου
1795 3747 1962 3819 ῥύσα-

379 3835 502 3890 σθαι
540 3836 706 3890 αὐτοῦ
743 3837 840 3910 τὴν
883 3839 1059 3910 ψυχὴν
1079 3837 1361 3893 ἱκετεύων.
1410 3841 1631 3912 Προϊὼν
1649 3840 1706 3894 δὲ
1738 3841 1846 3894 τῶν
1873 3839 1963 3893 εύ-

369 3928 487 3998 χῶν
531 3929 889 3999 τετυχηκέναι
935 3930 1086 4002 δηλοῖ
1123 3931 1192 3984 δι’
1240 3924 1315 3986 ὧν
1348 3947 1540 4003 φησιν’
1592 3952 1609 3984 ι
1660 3934 1960 4005 Είσῆκουσε

377 4017 579 4090 Κύριος
603 4020 702 4090 τῆς
733 4021 917 4091 φωνῆς
943 4021 1037 4075 τοῦ
1067 4023 1346 4094 κλαυθμοῦ
1373 4041 1504 4095 μουο
1536 4026 1822 4096 είσήκουσε
1848 4022 1961 4076 Κύ-

376 4129 490 4182 ριος
530 4113 628 4184 τῆς
665 4113 900 4187 δεήσεως
945 4132 1083 4188 μου,
1129 4119 1334 4191 Κύριος
1365 4119 1462 4192 τὴν
1501 4121 1807 4192 προσευχήν
1856 4137 1956 4191 μου

370 4203 750 4274 προσεδέξατο.
788 4223 805 4255 ι
830 4204 941 4276 Τὴν
972 4205 1081 4276 γὰρ
1123 4208 1419 4263 ἀναϐίωσιν
1453 4209 1617 4263 αὐτοῦ
1642 4208 1748 4282 τὴν,
1771 4212 1834 4263 ἐκ
1862 4208 1956 4262 τοῦ

371 4293 603 4348 θανάτου
628 4293 764 4364 μετά
791 4294 889 4365 τῆς
910 4296 1004 4348 τοῦ
1029 4298 1266 4368 Χριστοῦ
1292 4301 1639 4362 ἀναστάσεως
1659 4299 1957 4370 γενομένην

373 4383 459 4437 διὰ
503 4382 704 4436 τούτων
748 4385 982 4456 ᾐνίξατο.
1017 4388 1297 4454 Ὠσαύτως
1337 4389 1396 4445 δὲ
1451 4392 1546 4444 καὶ
1592 4393 1620 4445 6
1673 4390 1956 4454 ἑνδέκατος

2067 1919 2177 1976 sint
2201 1919 2520 1982 toreularia,
2563 1936 2582 1969 ι
2615 1932 2714 1988 pro
2749 1917 3116 1971 torcularibus
3137 1936 3156 1969 ι
3195 1917 3534 1972 inscribitur.
3560 1919 3648 1972 Ait

2064 2009 2230 2081 517
2269 2011 2453 2080 itaque
2491 2010 2541 2042 “
2580 2026 2594 2064 :
2632 2027 2656 2060 ι
2701 2009 2871 2074 Quam
2911 2009 3105 2062 dilecta
3141 2009 3488 2063 tabernacula
3520 2019 3648 2073 tua,

2063 2099 2292 2155 Domine
2327 2102 2614 2155 virtutum!
2645 2100 3000 2168 Coucupiscit
3028 2110 3085 2153 et
3119 2099 3302 2154 deﬁcit
3322 2100 3501 2154 anima
3523 2115 3648 2154 mea

2061 2193 2121 2248 in
2147 2195 2287 2247 atria
2323 2193 2570 2249 Domini:
2602 2209 2620 2243 ι
2652 2201 2817 2260 atque
2849 2190 3098 2256 infert",
3127 2210 3146 2243 ι
3172 2190 3369 2244 Altaria
3398 2201 3510 2259 tua,
3546 2189 3649 2245 Do-

2064 2285 2213 2340 mine
2246 2285 2530 2341 virtutum.
2572 2301 2592 2335 ο
2634 2281 2981 2352 Rursumque
3025 2284 3308 2353 pluraliter
3339 2283 3525 2350 adjicit
3556 2283 3603 2316 ⁸⁸
3633 2301 3646 2337 :

2072 2380 2091 2431 ι
2123 2378 2405 2434 Protector
2443 2387 2653 2441 noster,
2691 2378 2902 2446 aspice,
2946 2376 3119 2442 Deus,
3154 2387 3209 2431 et
3239 2377 3447 2446 rcSpice
3475 2375 3529 2430 in
3569 2375 3648 2430 fa-

2066 2471 2206 2526 ciem
2227 2468 2439 2526 Christi
2468 2465 2550 2522 tui
2588 2485 2604 2522 :
2634 2467 2763 2538 quia
2793 2469 2988 2522 melior
3017 2476 3102 2522 est
3134 2468 3252 2522 dies
3280 2483 3382 2521 una
3417 2468 3469 2522 in
3497 2467 3650 2524 atriis

2066 2562 2177 2616 tuis
2215 2575 2379 2631 super
2408 2559 2602 2614 millia.
2653 2580 2674 2614 ι
2731 2559 2831 2615 Ubi
2868 2562 3124 2616 observes
3154 2561 3302 2615 illum
3333 2559 3674 2624 nominatim.

2069 2654 2135 2707 de
2160 2652 2376 2707 Christo
2401 2654 2731 2707 mentionem
2759 2650 2979 2709 fecisse.
3004 2651 3151 2708 Duos
3176 2663 3356 2710 autem
3380 2653 3648 2718 Psalmos,

2073 2759 2092 2796 ι
2119 2759 2220 2813 pro
2244 2756 2454 2809 octava,
2486 2760 2507 2795 ι
2539 2744 2849 2815 inscriptos,
2879 2745 3116 2800 arbitror
3144 2746 3435 2801 salutarem
3466 2760 3644 2800 resur-

2067 2835 2326 2890 recti-onis
2360 2835 2567 2890 Domini
2602 2837 2744 2891 diem
2790 2837 3136 2895 adumbrare.
3171 2837 3303 2892 Cum
3333 2837 3516 2907 itaque
3545 2837 3647 2892 Da-‘

2067 2928 2156 2982 vid
2184 2937 2487 2997 peccatum,
2516 2931 2661 2996 quod
2699 2931 2765 2984 ad
2798 2943 3029 2986 mortem
3057 2941 3175 2986 erat
3198 2971 3212 2995 ,
3256 2939 3648 2999 perpetrasset,

2069 3017 2392 3088 deprecatur
2423 3019 2476 3072 in
2505 3031 2659 3074 sexto
2686 3020 2916 3089 psalmo,
2948 3036 3014 3075 ne
3043 3019 3280 3075 furorem
3309 3028 3364 3075 et
3395 3022 3529 3075 iram
3555 3019 3647 3074 Dei

2068 3111 2423 3178 experiatur;
2471 3114 2566 3165 sed
2601 3121 2752 3174 rogat
2787 3121 2846 3166 ut
2873 3111 3050 3165 anima
3085 3126 3184 3165 sua
3220 3111 3646 3167 misericordiam

1994 3179 2036 3242 (ἶ
2069 3211 2123 3254 et
2153 3200 2416 3255 medelam
2453 3212 2844 3269 consequatur.
2873 3201 3002 3255 Illud
3038 3210 3216 3255 autem
3258 3201 3494 3255 futurum
3524 3216 3646 3256 esse

2068 3292 2394 3346 vaticinatur
2425 3293 2508 3346 bis
2550 3293 2730 3346 verbis
2775 3291 2820 3323 ’⁸
2860 3311 2872 3346 :
2918 3312 2936 3343 ι
2974 3291 3339 3358 Convertere,
3389 3293 3645 3359 Domine,

2066 3383 2213 3452 eripe
2243 3384 2479 3437 animam
2511 3400 2712 3449 meam,
2743 3383 2951 3438 salvum
2987 3399 3071 3438 me
3114 3383 3199 3438 fac
3235 3395 3454 3454 propter
3489 3386 3644 3441 mise-

2067 3473 2357 3528 ricordiam
2406 3487 2553 3528 tuam
2601 3491 2615 3529 :
2663 3477 2917 3544 quoniam
2965 3490 3067 3529 non
3119 3486 3202 3528 est
3250 3475 3301 3528 iu
3333 3485 3514 3530 morte
3554 3479 3644 3546 qui

2066 3579 2274 3620 memor
2305 3563 2379 3620 sit
2415 3565 2496 3619 tui
2520 3605 2536 3629 ,
2569 3565 2629 3620 in
2680 3566 2895 3620 inferno
2936 3577 3114 3619 autem
3152 3565 3273 3634 quis
3302 3567 3643 3622 conﬁtebitur

2067 3657 2202 3712 tibi?
2235 3677 2255 3711 ι
2285 3673 2347 3713 ac
2372 3658 2416 3713 si
2452 3657 2680 3713 Domino
2703 3657 2804 3729 ipsi
2826 3659 3125 3730 supplicet,
3149 3668 3206 3712 ut
3229 3657 3464 3712 animam
3492 3673 3644 3714 suam

2062 3757 2218 3804 eruat
2250 3764 2279 3802 a
2314 3758 2510 3804 morte.
2540 3749 2595 3804 In
2636 3752 2990 3820 sequentibus
3020 3765 3150 3805 vero
3175 3790 3190 3814 ,
3218 3764 3277 3804 se
3304 3758 3424 3805 vota
3452 3765 3644 3805 conse-

2062 3850 2244 3898 cutqu
2271 3857 2391 3898 esse
2417 3841 2662 3898 declarat
2696 3841 2784 3897 bis
2821 3843 3004 3897 verbis
3029 3843 3077 3875 "
3111 3860 3125 3897 :
3167 3859 3187 3893 ι
3224 3841 3506 3896 Exaudivit
3536 3840 3644 3896 Do-

2063 3935 2242 3990 minus
2270 3949 2456 3989 vocem
2481 3935 2642 3989 ﬂetus
2671 3935 2825 3999 mei:
2850 3933 3129 3988 exaudivit
3157 3933 3419 3989 Dominus
3453 3933 3660 4003 depre-‘

2061 4025 2328 4080 cationem
2367 4040 2542 4080 meam
2565 4067 2581 4090 ,
2622 4025 2882 4081 Dominus
2916 4025 3219 4079 orationem
3254 4039 3432 4079 meam
3461 4041 3640 4080 sust-c-

2060 4117 2159 4188 pit.
2209 4134 2229 4170 ι
2269 4116 2441 4173 Suum
2475 4119 2621 4174 enim
2652 4132 2719 4173 ex
2756 4125 2931 4172 morte
2958 4115 3023 4170 ad
3055 4115 3219 4170 vitam
3259 4117 3521 4182 reditum,
3551 4117 3642 4188 qui

2061 4218 2182 4280 post
2211 4209 2669 4265 resurrectionem
2710 4207 2912 4263 Christi
2956 4207 3218 4278 contigit,
3270 4207 3354 4263 his
3396 4209 3641 4264 subindi-

2060 4304 2227 4360 cavit.
2248 4301 2615 4372 Similiterque
2631 4300 2953 4356 undecimus
2971 4299 3260 4369 psalmus“
3275 4314 3374 4368 pro
3389 4309 3579 4355 octava
3591 4345 3603 4363 .
3615 4317 3639 4355 ι

2061 4395 2353 4465 inscriptus
2408 4403 2529 4454 est.
2585 4407 2887 4464 paremque
2944 4391 3164 4446 Davidis
3204 4389 3640 4460 deprecationem

372 4490 399 4524 4
435 4473 563 4543 περὶ
614 4473 713 4544 τῆς
755 4474 949 4545 ὀγδόης
985 4497 1003 4528 ι
1037 4479 1461 4552 ἐπιγέγραπται,
1499 4479 1592 4532 τοῦ
1641 4479 1805 4534 Δαυῒδ
1856 4478 1954 4550 τὴν

371 4565 564 4636 ὁμοίαν
591 4565 795 4618 ἱκεσίαν
826 4569 1092 4640 περιέχων
1119 4570 1420 4639 φάσκοντος
1439 4586 1452 4600 ⁸
1478 4591 1496 4622 ι
1526 4571 1705 4626 Σῶσόν
1731 4589 1821 4643 με,
1841 4572 1955 4624 Κύ-

371 4672 480 4727 ριε,
514 4656 596 4709 ὅτι
625 4657 933 4712 ἐκλέλοιπεν
964 4659 1128 4725 ὅσιος.
1173 4681 1191 4713 ι
1226 4659 1358 4716 Εἶτα
1388 4663 1448 4716 τὸ
1478 4662 1604 4734 ἑξῆς
1634 4663 1735 4718 οὐκ
1771 4665 1957 4716 ἐπικε-

2061 4667 2154 4722 sed
2194 4665 2340 4720 clare
2387 4678 2452 4720 ac
2500 4663 2731 4738 dilucide
2757 4661 3042 4724 subiufert.
3074 4660 3265 4716 dicens
3291 4661 3338 4693 "
3375 4681 3391 4716 :
3431 4680 3451 4713 ι
3487 4661 3640 4716 Nunc

370 4747 756 4820 καλυμμένως,
795 4749 930 4805 ἀλλά
965 4751 1252 4824 τηλαυγῶς
1277 4753 1529 4826 ἐπιφέρει
1552 4753 1755 4823 λέγων’
1789 4773 1806 4806 ι
1840 4753 1956 4808 Νῦν

2062 4771 2363 4828 resurgam,
2411 4755 2544 4810 dicit
2603 4754 2864 4810 Dominus
2915 4769 2931 4808 :
2992 4767 3189 4820 ponam
3231 4753 3282 4805 in
3323 4748 3570 4807 salutari.
3609 4769 3628 4801 ι

370 4841 768 4912 ἀναστήσομαι,
801 4841 948 4912 λέγει
993 4843 1226 4916 Κύριος·
1257 4843 1489 4917 θήσομαι
1517 4845 1575 4898 ὲν
1610 4846 1883 4918 σωτηρίῳ.
1926 4865 1945 4899 ι

2060 4846 2286 4919 Propter
2312 4860 2474 4917 quam
2500 4845 2714 4901 Domini
2746 4843 3215 4906 resurrectionem,
3239 4855 3358 4910 qua:
3382 4839 3468 4893 die
3497 4838 3637 4895 Sab-

364 4933 447 4986 Δι’
478 4935 545 5006 ἣν
577 4933 872 4988 ἀνάστασιν
915 4935 1010 4990 τοῦ
1050 4936 1258 5012 Κύριου
1292 4939 1358 5009 τῇ
1405 4935 1544 5008 μετά
1571 4935 1631 4989 τὸ
1671 4937 1950 4992 Σάϐὁατον

2060 4937 2240 4993 batum
2289 4939 2676 5008 subsequente,
2728 4935 2782 4989 id
2823 4941 2945 4997 est,
2993 4940 3216 4995 octava,
3266 4930 3531 4999 contigit,
3579 4930 3631 4986 in

367 5025 570 5096 ἡμέρᾳ,
618 5026 739 5096 ῆτις
769 5021 835 5098 ἦν
881 5027 1064 5099 ὀγδόη,
1099 5026 1418 5100 γενομένην,
1451 5029 1530 5090 εἰς
1559 5028 1729 5081 τύπον
1759 5031 1952 5100 καινῆς

2060 5043 2212 5084 novze
2241 5029 2368 5084 vitae
2398 5037 2584 5099 typum
2629 5022 2933 5094 lmjusmodi
2967 5019 3324 5090 inscriptione
3355 5021 3631 5100 dignatum

367 5113 531 5186 ζωῆς,
566 5117 822 5188 τοιαύτης
855 5113 1007 5186 οἶμαι
1055 5099 1376 5190 προγραφῆς
1413 5119 1500 5171 τὸν
1541 5117 1754 5188 ψαλμὸν
1783 5099 1946 5188 ἠξιῶ-

2060 5132 2180 5175 esse
2211 5120 2480 5189 psalmum
2514 5115 2788 5172 existimo.
2827 5113 2965 5167 Sunt
2998 5127 3162 5182 porro
3190 5127 3379 5168 oumes
3405 5099 3630 5182 psalmi,

369 5205 510 5259 σθαι.
536 5207 656 5260 Εἰσὶ
686 5209 784 5278 μὲν
810 5209 1010 5271 πάντες
1032 5209 1082 5261 οἱ
1113 5209 1581 5280 ἐπιγεγραμμένοι
1617 5225 1634 5259 ι
1664 5207 1802 5277 ὑπὲρ
1840 5207 1947 5261 τῶν

2061 5231 2079 5262 ι
2106 5227 2203 5281 pro
2231 5212 2297 5264 iis
2321 5215 2410 5280 qut
2443 5208 2899 5267 immntabuntur,
2922 5221 2940 5255 ι
2960 5203 3226 5274 inscripti,
3245 5217 3473 5258 numero
3496 5218 3632 5278 qua-

366 5294 874 5369 ἀλ>.οιωθησομένων
905 5319 923 5350 ι
951 5299 1040 5352 τὸν
1073 5298 1303 5370 ἀριθμὸν
1337 5299 1625 5368 τέσσαρες.
1669 5297 1884 5352 Τούτων
1919 5302 1948 5353 6

2060 5312 2213 5368 tuor._
2245 5300 2325 5355 Ex
2381 5298 2468 5355 bis
2515 5299 2998 5370 quinquagesimus
3039 5311 3214 5352 nonus
3247 5297 3463 5351 videtur
3498 5297 3626 5350 mihi

369 5387 467 5458 μὲν
514 5392 877 5462 πεντηκοστὸς
914 5391 1134 5454 έννατος
1174 5391 1322 5444 δοκεῖ
1363 5408 1452 5462 μοι
1497 5390 1596 5462 τὴν
1625 5391 1736 5444 τῶν
1777 5391 1946 5446 ἐθνῶν

2060 5392 2485 5447 immutationem
2537 5391 2778 5446 indicare
2819 5406 2984 5462 quam
3031 5403 3208 5460 passa:
3264 5399 3389 5444 sunt
3437 5398 3624 5458 gentes
3665 5447 3667 5449 _

432 5524 479 5558 ⁸⁷
517 5523 653 5578 Ρεςιι.
686 5541 802 5586 VIII.
840 5526 894 5579 2.
971 5527 1017 5558 ⁸⁸
1048 5526 1186 5578 Psal.
1216 5540 1382 5594 Lux,
1405 5525 1460 5578 ἓ.
1556 5523 1602 5556 ⁴⁹
1627 5524 1780 5585 ibid..
1830 5525 1914 5584 l2.
1948 5525 1962 5578 l

2111 5526 2157 5557 ⁵⁸
2190 5523 2275 5581 Ps.
2307 5540 2540 5592 Lxxxnt,
2568 5523 2632 5594 2,
2661 5523 2716 5580 5.
2792 5524 2836 5556 ⁸¹
2871 5523 3002 5580 ibid.
3034 5520 3088 5577 4.
3165 5521 3212 5554 ³³
3235 5519 3383 5578 ibid.
3417 5519 3505 5584 10.
3535 5517 3619 5579 ﬂ.

365 5594 413 5628 ⁸⁸
444 5595 529 5649 Ps.
565 5609 638 5660 Vt,
671 5594 724 5658 5,
751 5599 803 5650 6.
877 5595 928 5628 ⁸⁴
966 5596 1096 5652 ibid.
1130 5598 1214 5654 10.
1291 5595 1337 5628 ⁵³
1369 5593 1460 5651 Ps.
1490 5610 1565 5661 XI,
1593 5595 1649 5653 '2.
1723 5594 1770 5625 "
1793 5595 1924 5650 ibid.
1951 5599 2002 5650 6.

2061 4487 2308 4542 continet
2358 4485 2588 4541 dicentis
2627 4483 2677 4516 ⁵⁵
2717 4501 2732 4538 :
2778 4499 2802 4536 ι
2840 4481 3063 4538 Salvqu
3101 4497 3186 4538 me
3217 4483 3333 4546 fac,
3375 4483 3640 4549 Domine,

1987 4537 2030 4591 Β
2062 4575 2316 4648 quoniam
2360 4573 2560 4628 defecit
2592 4581 2836 4629 sanctus.
2878 4591 2896 4625 ι
2947 4573 3207 4642 Deinceps
3243 4589 3349 4627 non
3378 4573 3638 4638 obscure,

437 5735 551 5809 (25)
593 5737 662 5809 :0
697 5739 912 5806 Κύριος
958 5739 1145 5808 ἡμῶν.
1204 5737 1648 5796 Moulcfalconius
1671 5777 1684 5802 ,
1738 5737 1766 5790 6
1794 5734 2002 5809 Κύριός
2033 5753 2158 5803 μου.

435 5807 546 5880 (ξε)
581 5806 834 5876 Grabius,
871 5806 1182 5885 umIqutog.
