4058 6244
224 287 407 351 me;
1472 269 1782 338 SELECTA
1815 280 1881 334 IN
1923 271 2262 341 PS.\l.IthS.
3299 344 3304 348 _
3393 281 3528 339 meo

230 409 530 487 ρακοστὸς
571 408 817 480 πέμπτος
855 399 1246 476 παραπλησίως
1299 416 1362 451 πε
1374 399 1426 469 pi.
1463 399 1572 452 τῶν
1611 396 1854 470 κρυφίων

1959 397 2143 467 scripti
2164 406 2287 452 sunt
2311 416 2329 447 ι
2356 399 2406 452 in
2430 397 2565 452 tituli
2595 398 3022 468 inscriptionem,
3048 415 3068 454 ι
3091 401 3156 454 de
3185 400 3445 454 modestia
3476 407 3530 453 et

228 503 552 577 εἰρημένος
575 500 664 554 τὸν
686 499 916 570 ἀόρατον
947 493 1040 548 καὶ
1072 492 1260 562 νοητὸν
1291 490 1526 560 πόλεμον
1556 489 1852 560 παρίστησι

1958 496 2261 552 humilitate
2303 497 2618 567 loquuntur.
2652 499 2993 570 Quapropter
3044 501 3256 568 Aquila,
3293 515 3389 569 pro
3421 518 3438 550 ι
3473 500 3526 551 in

232 593 441 664 λέγων
459 611 475 626 ·
507 613 525 644 ι
557 589 965 663 Ἐταράχθησαν
987 585 1138 656 ἔθνη,
1163 582 1381 637 ἔκλιναν
1407 581 1692 651 βασιλεῖαι,
1722 598 1739 631 ι
1762 578 1853 631 καλ¹

236 690 320 742 τὰ
354 687 508 758 ἐξῆς.
526 681 659 739 Εἶτα
680 683 755 746 ὼς
777 681 943 736 πάλαι
971 674 1422 738 καταπατοῦντας
1440 673 1548 727 τῶν
1572 671 1738 726 ἐθνῶν
1759 671 1855 741 ἀρ-

240 796 459 851 χοντας
491 775 754 839 καθελὼν,
798 775 887 843 ὑφ’
913 771 1106 828 ἐαυτόν
1127 788 1186 824 τε
1213 757 1579 838 πεποιημένος
1617 764 1688 819 τά
1728 764 1855 834 ἐθνη
1935 793 1940 798 -

240 871 392 942 ἐξῆς
412 871 578 939 λέγει·
593 889 610 920 ι
633 865 1022 938 ’Υψωθήσομαι
1042 861 1101 915 ἐν
1119 862 1230 924 τοῖς
1253 859 1484 920 ἔθνεσιν,
1501 855 1855 928 ύψωθήσομαι

242 965 311 1016 ἐν
333 965 408 1033 τῇ
435 964 526 1032 γῇ.
554 979 573 1012 ›
594 960 658 1012 Οἱ
679 953 1144 1027 ἐπιγεγραμμένοι
1170 970 1188 1004 ι
1208 953 1289 1014 είς
1311 947 1712 1021 στηλογραφίαν
1732 965 1751 998 ι
1772 945 1858 998 λό-

245 1072 399 1124 γους
445 1052 758 1125 περιέχουσι
807 1047 1157 1120 μετριότητος
1203 1043 1297 1098 καὶ
1334 1037 1852 1111 ταπεινοφροσύνης.

245 1145 469 1215 Διόπερ
489 1145 517 1197 ὁ
543 1143 639 1214 μὲν
669 1139 912 1202 Ἀκύλας,
945 1136 1064 1190 ἀντὶ
1090 1132 1686 1204 τοῦ,στηλοτ;οαςοίαν,
1719 1148 1737 1181 ι
1765 1147 1859 1182 τα-

248 1232 456 1289 πεινοῦ
499 1232 704 1285 τελείου
744 1248 762 1280 ι
794 1228 1136 1300 ήρμήνευσεν
1156 1243 1170 1256 ·
1208 1225 1238 1276 6
1261 1222 1317 1276 δὲ
1344 1221 1670 1293 Σύμμαχος,
1708 1237 1728 1270 ι
1759 1231 1856 1272 τα-

251 1321 617 1394 πεινόφρονπ
641 1313 1006 1388 καὶάμώμου.
1028 1334 1047 1369 ι
1072 1315 1199 1368 Ehe
1223 1311 1332 1381 γὰρ
1361 1313 1390 1364 6
1416 1301 1579 1364 Δαυῒδ
1607 1307 1858 1380 βασιλεὺς

247 1412 334 1467 ὢν
383 1412 476 1467 καὶ
522 1413 704 1484 ἄρχων
748 1406 946 1472 παντὸς
980 1405 1218 1478 Ἰσραὴλ,
1261 1403 1459 1474 μέτρια
1498 1401 1592 1454 καὶ
1632 1397 1860 1453 ταπεινὰ

251 1501 480 1574 φρονῶν
519 1499 774 1562 τοιαύτας
817 1498 1096 1569 προήκατο
1122 1492 1324 1562 φωνὰς,
1374 1491 1482 1545 εἴτε
1520 1489 1616 1544 καὶ
1664 1490 1692 1542 6
1729 1490 1860 1559 Χρι-

254 1591 390 1655 στὸς
456 1591 548 1644 τοῦ
601 1589 735 1643 Θεοῦ
787 1586 1012 1641 τοιαῦτα
1071 1583 1322 1649 ἐθέσπιζε
1377 1579 1857 1652 ταπεινοφρονῶν,

252 1679 547 1752 ὡσπεροῦν
583 1679 821 1733 διδάσκει
853 1675 942 1729 διά
972 1673 1097 1727 τοῦ·
1141 1694 1159 1724 ι
1185 1673 1401 1728 Μάθετε
1435 1674 1528 1726 ἀπ’
1566 1669 1700 1742 ἐμοῦ
1723 1708 1737 1732 ,
1772 1670 1854 1722 ὃτι

1957 600 2100 652 tituli
2121 600 2580 669 inscriptionem,»
2600 601 2759 656 vertit
2783 619 2800 652 ι
2823 602 3040 656 lmmilis
3061 602 3303 670 perfecti;
3331 621 3347 652 ι
3372 601 3530 673 Sym-

1957 698 2176 752 machus
2205 713 2355 762 vero,
2390 719 2408 751 ι
2443 701 2665 755 humilis
2691 711 2744 755 et
2784 702 3060 765 inculpati.
3096 721 3114 752 ι
3143 702 3274 755 Nam
3292 702 3404 754 sive
3425 701 3524 753 Da-

1957 800 2043 852 vid
2075 815 2168 853 rex
2206 809 2260 852 et
2306 801 2556 870 princeps
2590 802 2754 855 totius
2789 801 2975 866 Israel,
3029 816 3137 870 pra:
3183 801 3440 856 modestia
3475 809 3532 854 et

1958 900 2282 963 humilitate,
2302 899 2562 966 ejusmodi
2600 898 2808 955 miserit
2831 917 3025 966 voces;
3058 900 3172 954 sive
3206 916 3298 953 eas
3337 909 3529 967 prolu-

1960 997 2080 1051 lerit
2113 996 2363 1052 Christus
2405 997 2684 1051 humiliter
2729 999 3008 1060 sentiens,
3041 971 3103 1051 ut
3137 1014 3258 1052 cum
3308 999 3467 1052 docet
3511 1012 3525 1047 :

1959 1096 2161 1166 519i
2199 1097 2400 1151 Discite
2436 1113 2464 1149 a
2523 1113 2606 1150 me
2651 1098 2774 1166 quia
2832 1098 2976 1150 mitis
3033 1112 3150 1150 sum
3205 1107 3256 1150 et
3315 1096 3530 1152 humilis

1957 1200 2125 1252 corde
2151 1199 2224 1264 ‘3;
2254 1215 2273 1249 ι
2308 1208 2456 1252 certe
2492 1197 2640 1267 digni
2673 1207 2798 1251 suut
2825 1197 2874 1250 hi
2908 1211 3188 1251 sermones
3230 1197 3318 1265 qui
3356 1214 3405 1250 In
3435 1213 3527 1252 co-

1963 1297 2142 1350 lnmua
2187 1297 2503 1365 sculpantur
2536 1306 2588 1352 et
2636 1296 2909 1352 memoria:
2940 1303 3157 1351 aeternae
3183 1299 3525 1350 mandentur.

1959 1397 2110 1463 Quod
2139 1397 2353 1464 quidem
2382 1411 2512 1464 pert
2539 1395 2679 1449 tituli
2710 1396 3114 1466 inscriptionem
3144 1396 3526 1466 rsigniﬁcatur,

1963 1497 2018 1539 ut
2053 1486 2358 1556 intelligere
2382 1486 2506 1540 licet
2536 1501 2601 1540 ex
2633 1486 3082 1555 quinquagesimo
3106 1487 3292 1556 quinto
3323 1485 3531 1556 psalmo

1962 1578 2052 1640 qui
2093 1577 2387 1646 inscriptus
2417 1587 2534 1639 est,
2573 1594 2590 1626 ι
2623 1577 2674 1629 in
2717 1577 2858 1630 tituli
2916 1578 3356 1645 inscriptionem,
3390 1596 3408 1629 ο
3445 1575 3529 1629 vel

1967 1688 1983 1716 ι
2017 1667 2234 1721 humilis
2261 1666 2507 1735 perfecti,
2539 1685 2554 1716 ι
2588 1665 2670 1720 vel
2703 1683 2720 1716 ι
2750 1667 2968 1721 humilis
2997 1677 3050 1722 et
3084 1668 3339 1737 inculpati
3380 1686 3430 1718 ς»
3473 1669 3527 1720 ἰιι

255 1743 442 1844 πρᾶός
475 1772 589 1840 εἰμι
636 1770 732 1823 καὶ
771 1765 1027 1830 ταπεινὸς
1064 1769 1130 1837 τῇ
1175 1764 1405 1835 καρδίαι
1441 1783 1458 1815 ι
1492 1762 1692 1834 στήλης
1714 1759 1852 1825 ἄξιοι

1959 1777 2065 1828 quo
2097 1760 2300 1814 dictum
2326 1769 2411 1812 est
2437 1759 2479 1790 θ’
2514 1768 2528 1810 :‘
2572 1777 2588 1807 ι
2622 1757 2877 1812 Miserere
2906 1760 3032 1823 mei,
3066 1759 3239 1824 Dens,
3273 1761 3526 1826 quoniam

257 1859 378 1916 εἷεν
427 1861 493 1914 ἂν
539 1861 587 1912 oi
621 1860 803 1930 λόγοι,
851 1860 945 1912 καὶ
978 1858 1075 1928 τῆς
1108 1859 1188 1921 είς
1220 1855 1308 1909 τὸν
1345 1856 1632 1926 σύμπαντα
1681 1851 1854 1906 αἰῶνα

259 1952 516 2023 μνήμηςο
549 1952 686 2022 ὅπερ
714 1949 800 2004 διά
830 1949 930 2019 τῆς
959 1967 978 2000 ι
1010 1946 1410 2019 στηλογραφίας
1447 1965 1464 1998 ι
1503 1943 1849 2017 παρίσταται.

259 2044 504 2116 Νοήσεις
533 2043 590 2097 δέ
617 2043 676 2096 τὸ
709 2041 996 2114 εἰρημένον
1037 2037 1148 2094 ἀπὸ
1174 2039 1268 2092 τοῦ
1300 2034 1668 2109 πεντηκοστοῦ
1714 2035 1856 2106 πέμ-

263 2153 431 2199 πτου,
465 2135 523 2199 ὃς
551 2135 954 2205 ἐπιγέγραπται
977 2152 996 2185 ι
1029 2131 1486 2204 στηλογραιρίας,›
1505 2131 1538 2202 ἢ
1558 2149 1576 2181 ι
1600 2127 1854 2184 ταπεινοῦ

263 2227 500 2288 τελείου,
531 2246 548 2277 ι
572 2224 604 2297 ἣ
630 2245 646 2276 ι
672 2225 1092 2295 ταπεινόφρονος
1117 2222 1210 2276 καὶ
1229 2220 1482 2292 ἀμώμου,
1511 2239 1530 2271 ι
1553 2222 1610 2273 ἐν
1635 2213 1680 2287 ᾧ
1702 2217 1854 2289 εἴρη-

266 2338 393 2374 ται*
434 2339 454 2372 ι
498 2319 750 2389 Ἐλέησόν
780 2335 868 2388 με,
914 2317 942 2369 6
981 2315 1133 2380 Θεὸς,
1173 2315 1256 2367 ὅτι
1285 2311 1629 2382 κατεπάτησέ
1665 2326 1732 2382 με
1763 2309 1857 2363 ἄν·

266 2410 648 2483 θρωπος·ὃλην
675 2409 774 2480 τὴν
806 2408 1040 2479 ἡμέραν,
1069 2426 1087 2458 ι
1127 2407 1220 2460 καὶ
1253 2404 1320 2457 τά
1348 2403 1495 2476 ἐξῆς.
1525 2403 1635 2456 Καὶ
1668 2403 1696 2454 6
1729 2417 1856 2455 πεν-

268 2503 533 2573 τηκοστὸς
559 2502 737 2565 ἕκτος,
765 2500 864 2570 τὴν
887 2499 1006 2568 ἴσην
1029 2497 1166 2568 ἔχων
1200 2495 1530 2568 ἐπιγραφὴν,
1559 2493 1718 2548 πάλιν
1747 2491 1856 2545 τῶν

269 2593 730 2650 καταπατούντων
777 2592 939 2645 αὑτὸν
986 2590 1256 2661 μέμνηται
1298 2589 1506 2657 λέγων’
1570 2606 1589 2639 ι
1617 2585 1856 2639 Ἔδωκεν

269 2691 351 2754 εἰς
388 2688 589 2751 ὄνειδος
622 2686 750 2750 τοὺς
793 2683 1241 2747 καταπατοῦντας
1285 2699 1372 2753 με·
1399 2699 1419 2732 ι
1458 2678 1553 2733 καὶ
1595 2679 1719 2741 τοὺς
1747 2677 1856 2729 λοι-

270 2781 408 2842 ποὺς
429 2779 487 2833 δέ
512 2776 618 2832 τῶν
639 2776 812 2839 οὕτως
836 2773 1326 2845 ἐπιγεγραμμένων
1343 2768 1584 2834 διελθὼν,
1609 2766 1710 2836 τῆς
1734 2765 1856 2835 ἴσης

272 2869 564 2941 ἐχομένους
590 2868 843 2939 εὑρήσεις
871 2865 1128 2928 διανοίας.
1157 2865 1218 2918 Oi
1244 2859 1712 2933 ἐπιγεγραμμένοι
1734 2876 1752 2909 ι
1777 2859 1857 2920 εἰς

274 2958 578 3030 ἀνάμνησιν
603 2956 698 3010 τοῦ
721 2955 884 3010 Δαυῒδ
913 2975 930 3006 ι
965 2955 1398 3026 ὑπομιμνήσκειν
1423 2950 1585 3005 αὐτὸν
1618 2948 1857 3002 ἐοίκασιν

275 3050 366 3105 ἐπὶ
395 3050 494 3120 τῆς
521 3047 614 3102 τοῦ
643 3047 842 3120 Οὐρίου
867 3048 1162 3120 ἁμαρτίας.
1194 3044 1252 3099 '0
1279 3045 1337 3098 δὲ
1360 3033 1682 3115 τριακοστὸς
1709 3037 1856 3092 ἐϐδο-

278 3158 396 3212 μος,
417 3141 590 3204 οὕτως
613 3140 1106 3212 ἐπιγεγραμμένος,
1135 3136 1404 3212 ἐπιλέγει·
1431 3156 1447 3186 ι
1473 3134 1585 3188 Ούκ
1610 3132 1755 3185 ἐστιν
1782 3132 1857 3182 εί-

278 3235 414 3305 ρήνη
432 3237 489 3288 ἐν
513 3237 626 3296 τοῖς
649 3232 857 3295 ὀστέοις
877 3249 977 3302 μου
1001 3231 1109 3284 ἀπὸ
1133 3228 1424 3302 προσώπου
1450 3226 1556 3280 τῶν
1573 3222 1855 3296 ἁμαρτιῶν

282 3340 413 3393 μου,
446 3342 464 3374 ι
501 3323 594 3375 καὶ
626 3322 696 3375 τὰ
723 3322 870 3391 ἐξῆς³
920 3321 1015 3375 καὶ
1053 3321 1120 3374 δι’
1147 3321 1269 3374 ὅλου
1299 3319 1355 3373 δέ
1385 3319 1478 3370 τοῦ
1515 3313 1730 3386 ψαλμοῦ
1757 3313 1855 3384 τὴν

283 3415 375 3466 ἐπὶ
430 3416 494 3484 τῇ
542 3413 848 3486 πραχθείσῃ
901 3413 1144 3484 ἁμαρτίᾳ
1190 3412 1521 3464 κατάστασιν
1574 3405 1853 3477 σημαίνει.

294 3503 560 3566 Ὡσαύτως
582 3503 638 3556 δέ
662 3504 755 3556 καὶ
781 3504 810 3556 ό
834 3499 1124 3573 ἑξηκοστὸς
1150 3502 1421 3572 πέμπτος,
1457 3517 1475 3548 ι
1500 3498 1580 3560 εἰς
1611 3495 1857 3566 ἀνάμνηι

283 3611 363 3648 σιν
376 3616 393 3647 ι
411 3594 904 3666 ἐπιγεγραμμένος,
926 3591 1157 3645 ἱκετεύει
1172 3590 1266 3644 τοῦ
1283 3587 1418 3643 Θεοῦ
1437 3589 1615 3659 τυχεῖν
1638 3584 1854 3657 βοηθοῦ.

283 3688 345 3740 Oi
367 3685 834 3758 ἐπιγεγραμμένοι
861 3684 1186 3756 «προσευχὴ,
1203 3703 1219 3731 ι
1241 3683 1448 3753 μήποτε
1473 3680 1573 3733 ούκ
1598 3678 1702 3732 εἰσὶ
1721 3676 1858 3747 ψαλ-

286 3779 396 3851 μοι,
430 3779 551 3832 ούδέ
594 3777 730 3848 ᾠδαὶ
754 3819 768 3841 ,
823 3776 945 3830 ούδέ
983 3775 1164 3845 ῦμνοι,
1205 3775 1318 3828 ἀλλ’
1353 3772 1484 3826 αὐτὸ
1514 3770 1672 3825 τοῦτο
1703 3766 1857 3838 ψιλαὶ

286 3870 579 3940 προσευχαὶ
619 3871 684 3939 τῇ
721 3867 828 3920 τῶν
871 3867 1185 3938 εὐξαμένων
1213 3867 1576 3938 ἀρμόττουσαι
1597 3863 1854 3924 διαθέσει,

285 3964 348 4032 τῇ
382 3977 439 4014 τε
473 3961 602 4032 περὶ
625 3961 822 4023 αὐτοὺς
859 3959 1192 4014 καταστάσει
1222 3958 1316 4013 καὶ
1357 3959 1489 4012 πᾶσι
1517 3961 1629 4020 τοῖς
1665 3957 1722 4009 ἐν
1766 3956 1856 4026 ίσῃ

287 4051 518 4104 διαθέσει
550 4052 661 4114 τοῖς
694 4049 1008 4121 εἰρημένοις
1034 4049 1410 4120 τυγχάνουσιν.
1435 4050 1497 4102 Οἱ
1517 4050 1854 4118 ἐπιγεγραμ-

292 4141 432 4212 μένοι
458 4142 664 4213 ψαλμοὶ
683 4182 699 4202 ,
738 4160 756 4191 ι
783 4141 876 4212 Μὴ
908 4141 1225 4214 διαφθείρῃς
1243 4181 1258 4205 ,
1284 4139 1379 4193 τοῦ
1407 4138 1621 4203 Δαυΐδῃ
1656 4137 1855 4207 ἐφεξῆς

288 4235 386 4286 εἰσι
414 4236 579 4304 τρεῖςο
615 4227 689 4286 ὧν
733 4235 761 4285 6
809 4232 1170 4302 πεντηκοστὸς
1219 4232 1375 4294 ἐκτος
1411 4231 1624 4302 εἴρηται
1673 4231 1732 4282 ἐν
1777 4227 1856 4298 τῷ

288 4324 440 4378 αὐτὸν
489 4323 903 4395 ἀποδιδράσκειν
963 4323 1078 4376 ἀπὸ
1115 4323 1406 4395 προσώπου
1459 4321 1629 4374 Σαοὺλ
1677 4323 1755 4383 είς
1793 4319 1856 4374 τὸ

1957 1850 2297 1904 conculcavit
2325 1865 2413 1904 me
2451 1852 2615 1905 homo
2648 1861 2756 1905 tota
2792 1852 2910 1913 die,
2951 1871 2969 1903 ι
3007 1860 3062 1906 et
3095 1863 3312 1906 ca'tcra.
3360 1852 3529 1919 Quin;

1957 1943 2304 2012 quagesimns
2337 1943 2504 1996 etiam
2532 1953 2718 1996 sextus
2741 1943 2830 2012 qui
2866 1959 3054 2012 parem
3088 1945 3250 1998 habet
3287 1943 3524 1998 titulum.

1959 2048 2145 2088 rursus
2176 2047 2360 2086 corum
2403 2033 2495 2100 qui
2530 2031 2709 2102 ipsum
2757 2032 3106 2096 conculcant,
3163 2033 3410 2086 meminit
3442 2034 3526 2084 (ἰί-

1956 2141 2087 2180 cens
2111 2124 2156 2156 το
2192 2143 2204 2178 :
2239 2141 2259 2176 ι
2290 2123 2445 2178 Dedit
2477 2123 2530 2177 in
2565 2122 2914 2191 opprobrium
2952 2123 3336 2178 conculcantes
3368 2134 3521 2188 pne,»

1957 2227 2010 2270 et
2036 2219 2078 2270 si
2114 2217 2351 2285 reliquos
2375 2217 2466 2285 qui
2501 2215 2754 2270 similiter
2779 2217 3024 2288 inscripti
3047 2227 3198 2282 sunt,
3244 2232 3528 2287 percurre-

1958 2307 2059 2370 τίς,
2091 2308 2336 2360 eumdem
2379 2306 2586 2361 videbis
2622 2319 2718 2360 eos
2761 2307 2963 2362 habere
3003 2321 3241 2362 sensum.
3281 2309 3380 2374 Qui
3435 2309 3527 2362 ine

1961 2399 2147 2467 scripti
2175 2406 2300 2450 sunt
2335 2417 2353 2448 ι
2393 2398 2988 2473 ἰιιλτθιηειιιοιιιιῑοιιοιιι
3042 2398 3227 2462 David,
3271 2417 3288 2450 ι
3318 2414 3440 2450 cum
3473 2399 3524 2452 in

1959 2491 2163 2560 peccati
2190 2487 2334 2546 Uria:
2379 2491 2702 2545 memoriam
2745 2491 2994 2544 videntur
3021 2492 3301 2544 reducere.
3339 2491 3528 2545 Tricca

1959 2587 2129 2640 simus
2185 2585 2467 2656 septimus,
2497 2585 2588 2653 qui
2639 2585 2784 2640 hunc
2819 2584 2981 2640 habet
3029 2567 3279 2649 titulum,
3325 2586 3468 2638 ait"
3512 2604 3524 2638 ι

1964 2694 1982 2728 ι
2024 2676 2139 2730 Non
2171 2685 2254 2732 est
2288 2691 2391 2746 pax
2427 2676 2480 2730 in
2512 2675 2727 2732 ossibus
2773 2675 2908 2731 meis
2938 2692 2967 2730 a
3004 2676 3143 2731 facie
3171 2688 3525 2746 peccatorum

1961 2785 2225 2833 meorum,
2282 2788 2301 2820 ι
2355 2779 2409 2823 et
2468 2779 2688 2825 czetera.
2742 2769 2822 2825 Ac
2878 2785 2975 2838 per
3032 2779 3202 2826 totum
3263 2771 3526 2841 psalmum

1956 2862 2196 2916 ostendit
2225 2863 2354 2931 quid
2379 2863 2448 2916 ob
2495 2871 2778 2932 peccatum
2817 2878 2845 2916 a
2883 2877 2944 2918 se
2972 2864 3323 2918 commissum
3361 2878 3528 2933 expe-

1962 2954 2182 3009 riretur.
2215 2952 2306 3006 Sic
2340 2961 2392 3006 et
2434 2954 2805 3023 sexagesimus
2835 2955 3081 3024 quintus,
3116 2974 3134 3006 ι
3177 2956 3227 3008 in
3264 2971 3529 3011 remorun-

1883 3075 1926 3130 ο
1962 3048 2220 3103 rationem
2247 3065 2264 3098 ι
2300 3047 2611 3116 inscriptus,
2643 3048 2902 3103 auxilium
2939 3048 3034 3104 Dei
3057 3049 3290 3105 invocat.
3325 3050 3527 3117 Qniin-

1960 3136 2146 3205 scripti
2175 3146 2301 3190 sunt
2337 3155 2355 3188 ι
2397 3138 2592 3204 oratio,
2641 3156 2658 3189 ι
2699 3137 2842 3192 forte
2874 3143 2972 3194 n‘ec
3005 3141 3225 3208 psalmi,
3258 3157 3355 3197 nec
3396 3160 3527 3197 can-

1963 3229 2089 3292 tica,
2119 3242 2217 3283 nec
2249 3229 2433 3300 hymni
2468 3239 2617 3294 sunt,
2652 3231 2745 3284 sed
2775 3229 2929 3283 nuda:
2957 3231 3231 3287 orationes
3254 3235 3524 3287 orantium

1959 3320 2346 3375 convenientes
2369 3318 2586 3374 aﬂ‘ectui
2605 3329 2660 3374 et
2687 3320 3010 3383 habitudini,
3044 3335 3254 3377 necnon
3279 3325 3528 3378 omnibus

1959 3411 2050 3479 qui
2101 3411 2152 3463 in
2186 3411 2376 3464 eodem
2413 3427 2476 3464 ac
2510 3412 2541 3463 ii
2596 3413 2662 3466 de
2712 3413 2909 3480 quibus
2955 3413 3159 3467 dictum
3207 3422 3290 3468 est
3333 3416 3528 3469 mentis

1961 3501 2154 3554 affectu
2205 3512 2351 3554 sunt.
2393 3499 2492 3567 Qui
2548 3501 2797 3570 inscripti
2843 3511 2992 3568 sunt,
3032 3520 3051 3554 ι
3097 3503 3176 3558 Ne
3209 3505 3524 3570 disperdas.

1959 3588 2198 3654 Davidis,
2243 3611 2262 3644 ι
2302 3594 2554 3646 continua
2585 3595 2727 3648 serie
2781 3605 2888 3648 tres
2925 3605 3068 3658 sunt,
3107 3611 3337 3666 quorum
3370 3600 3528 3668 quin.

1961 3686 2311 3754 quagesimns
2356 3695 2544 3739 sextus
2599 3686 2775 3740 dictus
2800 3696 2902 3749 est,
2940 3702 3062 3742 eum
3097 3687 3302 3758 fugeret
3332 3705 3359 3744 a
3390 3691 3527 3746 facie.

1960 3775 2089 3829 Saul
2121 3776 2174 3830 in
2209 3776 2544 3843 speluncam.
2598 3776 2664 3830 Et
2698 3778 2958 3846 quoniam
3011 3779 3214 3834 latente
3261 3781 3428 3834 David
3472 3784 3524 3835 iu

1959 3867 2213 3936 spelunca
2256 3867 2532 3936 ingressus
2587 3876 2668 3922 est
2709 3869 2838 3922 Saul
2890 3871 3149 3938 ignorans
3181 3872 3356 3940 ipsum
3406 3888 3528 3927 esse.

1959 3957 2121 4023 intro,
2158 3967 2214 4010 et
2246 3972 2369 4012 eum
2393 3957 2554 4010 amici
2589 3955 2755 4011 David
2789 3958 2985 4013 vellent
3017 3975 3140 4014 eum
3172 3961 3482 4015 interficere
3511 4004 3524 4020 .

1959 4046 2094 4099 dixit
2150 4043 2317 4100 David
2349 4045 2417 4101 ad
2448 4046 2674 4100 Abisath
2705 4060 2719 4098 :
2757 4065 2775 4096 ι
2814 4045 2891 4101 Ne
2931 4049 3234 4115 disperdas,
3283 4069 3300 4101 ι
3337 4068 3528 4119 ncinpo

1960 4135 2093 4190 Saul
2124 4137 2330 4192 idcirco
2358 4136 2593 4192 fortasse
2637 4134 2903 4206 ejusmodi
2931 4141 3084 4193 vocis
3115 4155 3235 4208 qua:
3258 4155 3524 4196 summam

1959 4229 2424 4287 mansuetudinem
2450 4229 2792 4294 ostendebat,
2819 4241 2866 4284 el
2893 4247 3011 4301 quae
3045 4232 3150 4287 Deo
3184 4234 3339 4289 valde
3367 4251 3529 4290 acce-

1965 4335 2051 4394 pta
2075 4333 2215 4390 erat,
2241 4323 2503 4379 memoria
2532 4324 2632 4378 hac
2656 4322 2994 4380 Psalmorum
3021 4325 3377 4396 inscriptione
3396 4344 3526 4382 con-

293 4415 567 4486 σπήλαιον.
603 4414 714 4467 Καὶ
750 4415 958 4484 μήποτε
1011 4413 1327 4485 ἐπειδήπερ,
1386 4414 1442 4466 ἐν
1494 4411 1571 4482 τῷ
1605 4411 1854 4483 σπηλαίῳ

1958 4423 2168 4471 secrata
2209 4423 2315 4471 est.
2363 4415 2848 4487 Quinquagesimus
2893 4425 3116 4473 octavus
3155 4419 3246 4488 qui
3310 4420 3526 4475 titulum

292 4504 729 4579 κρυπταζομένου
761 4502 856 4558 τοῦ
886 4503 1077 4568 Δαυῒδ,
1117 4502 1405 4575 ἐπεισῆλθε
1437 4503 1609 4556 Σαοὺλ
1643 4503 1852 4570 ἀγνοῶν

291 4598 428 4652 ἔνδον
456 4597 619 4651 αὐτοῦ
644 4597 818 4660 ὅντος,
841 4598 937 4650 καὶ
969 4596 1078 4650 τῶν
1102 4597 1331 4668 ἑταίρων
1357 4594 1452 4650 τοῦ
1481 4593 1643 4650 Δαυῒδ
1670 4595 1852 4666 βουλο-

297 4690 464 4759 μένων
489 4689 696 4744 ἀνελεῖν
716 4687 897 4752 αύτὸν,
917 4683 1068 4741 εἶπεν
1096 4691 1125 4740 6
1146 4688 1310 4742 Δαυῒδ
1335 4687 1471 4759 πρὸς
1493 4688 1583 4742 τὸν
1608 4687 1850 4753 ’Δϐισάθ,

299 4780 425 4852 «Μὴ
463 4779 780 4852 διαφθείρῃς
811 4799 831 4832 ›
879 4779 1074 4832 αὐτόν’
1116 4779 1273 4851 δῆλον
1320 4780 1364 4832 δ’
1385 4781 1466 4833 ὃτι
1523 4781 1612 4834 τὸν
1659 4774 1849 4834 Σαούλ’

294 4871 469 4926 τούτου
509 4870 668 4942 χάριν
698 4871 774 4932 ὡς
801 4869 1200 4940 ἀποδεξαμένου
1227 4869 1322 4924 τοῦ
1354 4869 1488 4924 Θεοῦ
1516 4869 1614 4941 τὴν
1651 4868 1850 4940 φωνὴν,

297 4963 558 5035 ἀκρότητα
613 4961 961 5026 ἀνεξικακίας
1001 4962 1393 5034 περιέχουσαν,
1431 4964 1488 5014 ἐν
1526 4963 1712 5033 μνήμῃ
1748 4962 1856 5014 τῶν

296 5053 454 5118 οὕτως
483 5053 978 5125 ἐπιγεγραμμένων
1014 5052 1248 5125 ψαλμῶν
1303 5053 1650 5124 παρελήφθη.
1700 5054 1756 5107 Ὀ
1798 5053 1855 5105 δὲ

299 5145 643 5216 πεντηκοστὸς
689 5144 876 5213 ὄγδοος
923 5145 1190 5217 περιέχων
1229 5144 1310 5207 τὸ,
1335 5163 1356 5196 ι
1383 5145 1474 5215 Μὴ
1498 5144 1810 5216 διαφθείρῃς
1837 5181 1853 5207 ,

295 5236 443 5290 ὁπότε
497 5234 780 5289 ἀπέστειλε
803 5233 998 5298 Σαοὺλ,
1024 5237 1117 5289 καὶ
1150 5234 1377 5304 ἐφύλαξε
1409 5233 1500 5290 τὸν
1521 5232 1665 5290 οἷκον
1691 5236 1856 5292 αὐτοῦ

297 5325 380 5380 τοῦ
409 5324 716 5380 θανατῶσαι
749 5324 913 5378 αὐτὸν
937 5363 952 5388 ,
989 5343 1007 5376 ι
1039 5325 1183 5380 ἔοικε
1219 5327 1547 5398 πρόσταγμα
1581 5328 1855 5400 περιέχειν

296 5415 378 5471 τοῦ
401 5415 536 5469 Θεοῦ
565 5413 660 5468 τοῦ
705 5413 778 5485 μὴ
826 5414 1236 5487 συγχωροῦντος
1276 5415 1387 5480 τοῖς
1430 5416 1858 5488 ἀπεσταλμένοις

301 5508 422 5578 ὑπὲρ
447 5505 542 5560 τοῦ
569 5505 873 5575 διαφθεῖραι
909 5505 1001 5559 τὸν
1033 5504 1195 5561 Δαυῒδ
1215 5506 1320 5560 ὑπὸ
1350 5505 1445 5561 τοῦ
1480 5506 1671 5560 Σαούλ.
1708 5507 1860 5577 Τάχα

298 5598 337 5651 δ’
366 5597 425 5652 ἂν
463 5597 561 5670 τὴν
590 5596 757 5657 αὐτὴν
779 5597 890 5668 ἔχει
911 5597 1153 5653 διάνοιαν
1179 5599 1272 5654 καὶ
1297 5602 1326 5655 6
1354 5599 1742 5671 ἑϐδομηκοστὸς
1768 5602 1858 5654 τέ·-

1960 4511 2126 4563 habet
2155 4510 2202 4540 "
2239 4525 2254 4563 :
2290 4527 2310 4560 ι
2347 4507 2429 4563 Ne
2475 4509 2779 4578 disperdas,
2813 4508 3030 4580 quando
3086 4511 3232 4564 misit
3291 4509 3420 4566 Saul
3473 4524 3529 4567 et

1959 4599 2254 4654 custodivit
2279 4599 2499 4654 domum
2533 4601 2653 4670 ejus
2676 4611 2733 4654 ut
2759 4615 2882 4656 eum
2920 4601 3276 4669 interficeret,
3316 4621 3333 4654 ι
3374 4604 3525 4658 vide.-

1960 4699 2048 4744 tur
2074 4690 2358 4746 continere
2380 4699 2708 4760 praeceptum
2743 4691 2833 4746 Dei
2879 4693 2968 4760 qui
3021 4708 3125 4747 non
3175 4695 3420 4762 permisit
3469 4705 3530 4746 ιιι

1960 4784 2051 4850 qui
2080 4799 2108 4835 a
2130 4781 2257 4836 Saul
2284 4782 2435 4838 missi
2459 4792 2637 4846 erant,
2663 4782 3034 4837 interﬁcerent
3059 4785 3244 4839 David.
3266 4784 3525 4838 Eumdem

1965 4875 2103 4929 forte
2135 4889 2354 4929 sensum
2405 4875 2565 4930 habet
2601 4885 2654 4931 et
2704 4878 3130 4946 septuagesinius
3161 4885 3388 4942 quartus
3434 4879 3528 4944 qui

1963 4967 2125 5020 simili
2172 4969 2331 5021 modo
2361 4985 2380 5017 ι
2413 4967 2594 5036 Asaph
2627 4985 2646 5019 ι
2680 4967 2970 5034 inscriptus
3003 4976 3106 5019 est.
3136 4965 3529 5035 Nonagesimum

1960 5058 2170 5129 primus
2205 5058 2296 5126 qui
2324 5076 2344 5110 ι
2372 5055 2591 5111 Sahhati
2633 5076 2651 5110 ι
2678 5057 2968 5126 inscriptus
2993 5065 3096 5121 est,
3122 5057 3442 5112 exhortatur
3463 5061 3528 5109 ad

1957 5159 2262 5205 conventus
2292 5150 2538 5203 studiose
2577 5147 3002 5218 l'requentamlos
3031 5149 3119 5203 ubi
3157 5147 3436 5202 meditatio
3473 5147 3531 5200 fit

1959 5243 2266 5298 divinorum
2289 5241 2653 5310 eloquiornm,
2685 5249 2740 5296 et
2772 5252 2956 5311 postea
2993 5240 3093 5296 Dei
3139 5242 3324 5295 laudes
3353 5240 3530 5294 conti-

1959 5345 2066 5390 net.
2099 5335 2188 5388 Ait
2215 5334 2395 5402 itaque
2426 5333 2470 5364 ⁷³
2496 5349 2510 5384 :
2541 5351 2558 5383 ι
2600 5332 2681 5389 Ad
2714 5333 3142 5388 annuntiandum
3173 5347 3334 5386 mane
3357 5333 3526 5386 mise-

1964 5427 2251 5480 ricordiam
2299 5435 2478 5489 tuam,
2512 5435 2567 5480 et
2594 5427 2876 5482 veritatem
2921 5437 3068 5479 tuam
3096 5440 3192 5496 per
3224 5436 3454 5478 noctem.
3497 5442 3524 5474 ο

1964 5517 2026 5570 Et
2056 5533 2244 5571 rursus
2274 5517 2319 5548 ἰ
2359 5534 2372 5571 :
2414 5536 2433 5569 ι
2471 5517 2706 5572 Plantati
2737 5519 2791 5572 in
2827 5519 2987 5573 domo
3020 5516 3254 5580 Domini,
3281 5515 3332 5572 in
3369 5513 3528 5568 atriis

1965 5607 2054 5661 Dei
2095 5609 2262 5662 nostri
2319 5607 2586 5664 ﬂorebunt
2639 5609 2821 5681 520.
2854 5629 2872 5661 ι
2915 5608 3310 5679 Nonagesimus
3355 5622 3530 5662 nonus
3613 5647 3618 5651 .

363 5708 402 5739 “
429 5707 614 5761 Matth.
637 5723 717 5771 ιι,
741 5707 856 5782 29.⁸
911 5707 954 5741 ⁸³
974 5708 1060 5762 Ps.
1097 5726 1182 5776 LV,
1208 5709 1260 5764 Ξ.
1323 5713 1367 5745 το
1387 5711 1471 5766 Ps.
1493 5727 1600 5778 Lvi,
1625 5713 1678 5765 4.
1755 5715 1797 5744 τί
1825 5714 1855 5768 [⁷

1958 5728 2151 5777 nxvn,
2178 5712 2227 5766 4.
2292 5714 2336 5744 "'
2359 5711 2448 5767 Ps.
2478 5730 2630 5784 mu,
2655 5717 2702 5771 l.
2769 5716 2816 5747 "
2832 5715 2922 5771 Ps.
2953 5732 3064 5777 xci,
3091 5715 3146 5770 3.
3208 5715 3256 5748 "
3274 5717 3404 5772 ibid.
3446 5717 3530 5770 M.

490 5798 759 5862 PATROL.
796 5775 885 5860 Gn
957 5802 1104 5866 ΧΠ.

3186 5806 3265 5867 Βνι
