4058 6244
530 284 662 339 1067

1920 273 2009 328 EX
2045 271 2346 327 ORIGENE

3657 280 3844 334 ξεττ

530 405 618 471 qui
681 399 1044 456 inscribitur:
1087 397 1140 450 in
1191 395 1622 460 confessionem,
1657 413 1676 447 ι
1727 407 1846 448 cum
1898 391 2082 445 ait":

2189 403 2384 458 ταρτος
2427 385 2518 439 τὸν
2553 385 2735 456 ὅμοιον
2783 386 2984 460 τρόπον
3021 405 3044 439 ε
3079 389 3156 461 τῷ
3185 391 3353 460 Ἀσὰς
3382 410 3397 442 ι
3433 393 3842 464 infirm;-

532 514 552 548 ι
588 496 702 565 Ipse
735 492 859 547 fecit
891 507 985 546 nos
1015 502 1068 544 et
1103 505 1205 542 non
1239 489 1337 560 ipsi
1379 504 1499 554 nos,
1541 507 1559 540 ι
1594 489 1847 541 virtutem
1878 483 2092 540 confes-

526 588 692 642 sionis
710 585 1072 641 commendat.
1101 583 1241 651 quod
1270 581 1398 636 nihil
1419 595 1516 634 nos
1535 595 1563 633 ιι
1589 579 1744 634 nobis
1773 579 2089 640 habeamus,

524 680 617 734 sed
645 675 904 748 quidquid
924 677 972 729 in
994 675 1241 729 nohiscst
1267 674 1415 739 boni,
1441 672 1491 725 id
1523 672 1636 740 ipse
1675 669 1884 724 fecerit.
1904 669 2093 724 Tricc-

524 773 695 826 simus
713 771 900 824 tertius
919 767 1158 836 psalmus
1173 766 1262 834 qui
1286 764 1573 832 inscriptus
1588 773 1685 823 est,
1702 779 1720 812 ι
1744 761 1950 826 Davidi,
1969 776 2090 814 cum

525 861 834 917 immutavit
861 860 1070 912 vultum
1102 873 1256 911 suum
1292 870 1476 910 coram
1505 851 1819 907 Abimeleeh
1843 853 1913 916 ⁷⁸,
1959 870 1976 902 ι
2008 851 2090 902 vi-

523 957 681 1011 detur
704 969 828 1007 eum
859 952 948 1021 qni
997 952 1048 1002 in
1093 948 1266 1016 primo
1298 946 1435 1000 libro
1465 945 1668 1010 Regum
1707 942 1906 996 dicitur
1938 941 2093 996 Achi-

522 1045 752 1107 melech,
816 1057 1011 1097 vocare
1069 1037 1406 1101 Ahimelech,
1465 1035 1755 1089 elementis
1817 1031 2091 1087 hebraicis

521 1138 668 1207 Capit
697 1147 745 1191 ct
781 1135 911 1189 Bcth
940 1131 1160 1185 multam
1190 1129 1331 1181 inter
1353 1143 1409 1183 se
1435 1127 1840 1182 similitudinem
1864 1139 2088 1178 servan-

525 1231 689 1291 tihus,
725 1237 783 1278 ut
830 1223 964 1279 nihil
1013 1238 1040 1276 a
1096 1238 1154 1274 se
1195 1222 1427 1275 invicem
1459 1218 1734 1285 diﬂcrant,
1794 1219 1894 1271 nisi
1933 1213 2085 1270 brevi

524 1322 811 1376 admodum
851 1317 1044 1373 calami
1078 1318 1263 1369 ductu.
1303 1313 1535 1368 Historia
1569 1313 1646 1366 sic
1670 1311 1884 1365 habet"
1918 1327 1931 1362 :
1966 1327 1984 1358 ι
2027 1309 2091 1361 Et

522 1416 667 1470 venit
717 1413 883 1467 David
932 1412 988 1466 in
1029 1409 1290 1463 Nomman
1343 1409 1407 1461 ad
1446 1404 1792 1460 Athimelech
1829 1401 2088 1456 sacerdo-

523 1519 652 1569 tem,
678 1516 729 1560 et
756 1503 1038 1574 obstupuit
1069 1499 1415 1556 Achintelech
1455 1499 1520 1550 ad
1549 1497 1837 1549 adventum
1874 1493 2010 1561 ejus.
2035 1500 2088 1545 et

521 1600 658 1652 dixit
687 1597 734 1652 ei
769 1613 781 1650 :
813 1595 990 1662 Quare
1040 1603 1092 1645 tu
1131 1593 1304 1653 solus,
1341 1600 1392 1644 et
1431 1589 1607 1642 nullus
1651 1597 1734 1640 est
1776 1585 1988 1639 tecum?
2023 1583 2087 1637 Et

521 1691 657 1745 dixit
711 1689 758 1741 ei
809 1687 973 1740 David
1008 1703 1020 1737 :
1063 1684 1176 1737 Rex
1214 1679 1465 1750 prfecepit
1499 1680 1625 1733 mihi
1669 1677 1831 1731 hodie
1875 1689 2081 1729 sermo-

523 1798 670 1844 nem,
710 1789 764 1835 et
794 1778 928 1832 dixit
958 1776 1084 1830 mihi
1119 1791 1132 1828 :
1167 1773 1340 1826 Nemo
1372 1773 1506 1826 sciat
1537 1784 1647 1823 rem
1685 1779 1900 1837 propter
1927 1781 2085 1835 quam

525 1874 782 1931 mittole,
813 1881 865 1924 et
898 1866 1197 1936 cuiusmodi
1249 1871 1514 1932 praecepta
1568 1859 1661 1913 tihi
1716 1857 1975 1912 dederim.
2026 1855 2090 1909 Et

521 1965 703 2035 pttCtiS
733 1961 1032 2032 signiﬁcavi
1074 1960 1123 2012 in
1171 1957 1289 2010 loco
1325 1955 1472 2008 dicto
1504 1952 1598 2005 Dei
1631 1951 1782 2019 ﬁdes,
1827 1947 2088 2001 Pliilmoni

521 2057 749 2113 Almoui.
805 2056 866 2108 lit
915 2066 1055 2105 nunc
1099 2051 1142 2104 si
1194 2057 1318 2103 sunt
1366 2046 1467 2100 sub
1515 2060 1672 2098 manu
1717 2052 1802 2096 tua
1849 2041 2089 2111 quinque

522 2164 710 2218 panes,
747 2154 810 2199 da
839 2146 890 2197 in
930 2156 1148 2196 manum
1184 2154 1356 2192 meam
1389 2135 1532 2205 quod
1575 2131 1868 2188 inveneris.
1911 2130 1973 2183 Et
2008 2145 2090 2182 re-

519 2241 742 2315 spondit
784 2235 1064 2299 sacerdos,
1095 2243 1150 2286 et
1177 2229 1314 2284 dixit
1341 2245 1354 2281 :
1386 2227 1501 2280 Non
1535 2235 1655 2278 sunt
1686 2238 1850 2293 panes
1876 2220 2084 2290 profani

519 2311 619 2388 sub
647 2345 806 2385 manu
847 2343 984 2388 mea,
1019 2323 1112 2376 sed
1148 2330 1357 2374 tantum
1403 2333 1568 2388 panes
1607 2315 1783 2369 sancti
1818 2332 1830 2367 :
1861 2313 1904 2366 si
1938 2311 2084 2380 pueri

518 2426 702 2482 mundi
748 2429 871 2475 sunt
895 2435 923 2473 a
958 2416 1204 2478 muliere,
1231 2422 1282 2467 et
1325 2409 1744 2465 triamlucalmnt.
1781 2407 1844 2458 Et
1867 2420 2088 2473 respon-

521 2521 602 2574 dit
631 2515 798 2570 David
833 2506 1100 2566 sacerdoti
1131 2514 1184 2560 et
1219 2503 1356 2558 dixit
1390 2502 1438 2554 ei
1472 2499 1769 2568 :Equidem
1804 2512 1833 2551 a
1862 2497 2088 2551 muliere

517 2609 886 2667 continuimus
936 2618 1035 2658 nos
1078 2601 1144 2654 ab
1203 2597 1320 2654 heri
1358 2605 1411 2648 ct
1449 2594 1643 2649 nudius
1691 2591 1906 2646 tertius.
1951 2589 2084 2643 Cum

518 2705 722 2757 exirem
767 2699 819 2752 in
853 2697 1022 2758 viam,
1058 2691 1180 2746 facti
1222 2697 1346 2742 sunt
1387 2699 1578 2740 omnes
1610 2682 1760 2751 pueri
1789 2681 1942 2735 casti.
1980 2679 2083 2734 Sed

517 2799 634 2849 iure
665 2793 746 2844 via
779 2787 984 2860 polluta
1008 2793 1124 2846 est;
1159 2782 1279 2834 ideo
1321 2778 1482 2832 hodie
1514 2772 1943 2830 sanetiiicabitur
1965 2785 2086 2838 [που

519 2898 814 2956 li!c|"\':lsa.
855 2880 919 2934 Et
964 2876 1105 2931 dedit
1137 2875 1182 2928 ei
1224 2866 1571 2926 Achimelech
1615 2866 1871 2919 sacerdos
1922 2877 2086 2931 panes

519 2972 932 3047 primusitioniz,
965 2969 1092 3039 qnia
1130 2982 1231 3019 non
1280 2971 1395 3018 erat
1444 2960 1607 3031 panis
1654 2958 1749 3020 ibi,
1785 2957 1884 3010 nisi
1917 2969 2085 3025 panes

519 3070 693 3129 t’aeiei,
721 3067 812 3137 qui
842 3062 1034 3118 suhlati
1062 3060 1292 3113 fuerunt
1323 3071 1350 3108 a
1384 3053 1522 3107 facie
1558 3049 1795 3112 Domini,
1831 3058 1888 3100 ut
1917 3061 2082 3115 appo-
2111 3066 2157 3127 ρ

520 3169 740 3216 uer-etnr
798 3155 955 3226 panis
1010 3149 1234 3210 calidus,
1276 3147 1331 3201 in
1382 3144 1470 3199 die
1512 3155 1616 3212 qua
1664 3139 1870 3209 accepit
1906 3152 2023 3192 eos.
2059 3156 2078 3188 ι

518 3259 694 3322 Atque
726 3251 842 3304 haec
871 3243 1122 3301 historia.
1159 3240 1263 3296 Pro
1316 3253 1383 3293 eo
1421 3244 1602 3290 autem
1633 3231 1775 3301 quod
1824 3230 2083 3298 scriptum

516 3359 597 3402 est
629 3359 646 3400 :
680 3363 699 3396 ι
734 3341 789 3398 Ιιι
819 3341 938 3395 loco
968 3335 1058 3408 qui
1090 3333 1287 3388 dicitur
1313 3330 1403 3385 Dei
1442 3327 1573 3382 ﬁdes
1607 3324 1869 3379 Philmoni
1905 3322 2087 3376 Almo-

517 3442 594 3504 ni,
624 3457 640 3489 ι
661 3433 854 3505 Aquila
884 3431 1085 3486 vertit:
1108 3448 1124 3480 ι
1147 3428 1227 3482 Ad
1250 3426 1427 3480 locum
1456 3423 1602 3476 hunc
1626 3417 1708 3474 vel
1733 3417 1907 3478 illum,
1926 3415 2085 3482 hujus

516 3534 599 3588 vel
625 3531 784 3590 alius,
807 3547 825 3580 ι
848 3521 1206 3581 autabsolnte
1228 3536 1246 3570 ι
1272 3517 1337 3572 ad
1368 3515 1542 3570 locum
1567 3513 1710 3567 hunc
1738 3508 1822 3564 vel
1851 3507 2029 3572 illum;
2060 3525 2078 3557 ι

518 3622 880 3694 Symmachus
913 3625 1160 3671 anteth
1181 3610 1260 3665 Ad
1289 3605 1594 3680 quempiam
1628 3601 1824 3656 locum.
1867 3617 1886 3649 ι
1926 3594 2086 3650 Vide-

521 3687 608 3772 tur
632 3728 762 3783 ergo
791 3709 981 3764 titulus
1023 3703 1216 3776 psalmi
1256 3700 1338 3754 vel
1371 3695 1686 3752 simulatum
1723 3687 1938 3744 Davidis
1967 3700 2084 3739 scr-

520 3821 730 3861 monent
756 3803 819 3857 ad
839 3799 1174 3856 sacerdotem
1205 3793 1448 3847 indicare
1463 3787 1547 3842 his
1563 3780 1818 3840 verbis":
1833 3776 2085 3845 «Quando

518 3896 824 3964 izntnutavit
874 3890 1078 3946 vnltrm
1110 3899 1268 3941 suum
1322 3895 1504 3937 coram
1545 3872 1896 3935 Abimeiech;
1941 3888 1960 3922 ι
2001 3866 2083 3922 vel

521 3959 948 4044 iitittitttatiOttem
983 3979 1161 4034 faciei.
1191 3976 1528 4043 Quapropter
1581 3964 1938 4038 Symmachus
1960 3959 2035 4013 ait
2064 3973 2076 3984 '

522 4103 538 4132 ι
580 4079 805 4147 Quando
835 4069 1248 4131 transformavit
1292 4064 1498 4118 vultum
1528 4075 1686 4114 suum
1721 4069 1906 4111 coram
1955 4051 2087 4106 Abi-

519 4145 749 4224 mclech.
784 4184 801 4214 ι
830 4162 1020 4232 Aquila
1042 4173 1168 4211 vero
1198 4173 1212 4209 :
1237 4172 1256 4207 ι
1281 4150 1506 4219 Quando
1535 4145 1840 4201 immutavit
1868 4149 2082 4210 gustum

518 4276 698 4314 stram.
730 4276 747 4308 ι
774 4256 981 4310 Idcirco
1001 4251 1164 4305 etiam
1185 4239 1578 4316 progressusin
1609 4235 1818 4305 psalmo
1845 4244 2083 4292 sacrum,

517 4364 570 4405 ut
607 4350 839 4410 videtur,
893 4345 1073 4400 cibum
1129 4338 1374 4394 indicans
1421 4332 1499 4385 ait
1529 4330 1574 4362 ⁷³
1622 4343 1638 4379 :
1684 4344 1702 4379 ι
1754 4323 1982 4379 Gustate
2031 4328 2085 4374 et

2199 478 2377 549 μένος.
2423 476 2480 529 '0
2525 478 3018 549 ἐπιγεγραμμένος,
3059 480 3194 534 «τοῦ
3244 482 3532 537 Σαεὸἀτου
3562 525 3578 548 ,
3619 504 3644 536 ι
3699 489 3844 538 ἑνε-

2194 567 2453 639 νηκοστὸς
2486 568 2699 638 πρῶτος
2723 569 3036 641 προτροπὴν
3068 570 3179 641 ἔχει
3201 572 3513 637 σπουδαίως
3540 577 3844 645 ἀπαντᾷ-τ

2193 661 2272 721 εἰς
2305 658 2402 722 τὰς
2426 659 2672 726 συνάξεις
2701 660 2802 730 τῆς
2832 661 3063 733 μελέτης
3088 663 3196 716 τῶν
3220 663 3376 718 θείων
3411 665 3842 736 μαθημάτων,

2193 751 2286 804 καὶ
2323 749 2462 821 μετὰ
2492 751 2666 804 ταῦτα
2684 751 3011 820 δοξολογίαν.
3038 753 3198 821 Λέγει
3223 755 3267 808 δ’
3293 752 3407 808 οὖν·
3436 775 3454 806 ι
3476 754 3604 808 Τοῦ
3631 759 3846 824 iraa-{-

2193 842 2401 911 γέλλειν
2437 843 2497 896 τὸ
2527 842 2673 914 πρωῒ
2701 844 2760 896 τὸ
2781 844 2926 909 ἔλεός
2967 863 3080 906 σου,
3112 847 3204 899 καὶ
3242 849 3340 918 τὴν
3378 849 3661 918 ἀλήθειάν
3728 865 3847 902 3'59

2192 935 2332 988 κατὰ
2362 934 2549 988 νύκτα.
2579 953 2597 984 ι
2625 935 2734 988 Kat
2757 937 2944 990 πάλιν·
2987 956 3004 988 ι
3033 939 3438 1009 Πιφυτευμένοι
3462 941 3524 991 ἐν
3547 940 3637 1008 τῷ
3664 941 3846 1009 εἶπεν

2193 1025 2420 1095 Κυρίου,
2446 1027 2503 1078 ὲν
2524 1028 2642 1090 ταῖς
2659 1026 2848 1091 αὐλαῖς
2863 1026 2958 1080 τοῦ
2983 1027 3118 1082 Θεοῦ
3142 1031 3174 1100 ἡ
3183 1029 3301 1099 μῶν
3326 1030 3530 1102 ὲξανθή
3540 1048 3792 1084 causa-
3813 1050 3838 1082 ι

2206 1115 2263 1168 Ὀ
2290 1118 2638 1188 ὲνενηκοστὸς
2685 1118 2901 1182 ἔννατος
2931 1121 3404 1192 ἐπιγεγραμμένος
3442 1141 3460 1173 ι
3484 1123 3578 1185 είς
3609 1123 3842 1192 ἐξομο-

2189 1205 2412 1278 λόγησιν
2441 1227 2458 1258 ι
2513 1207 2753 1262 διδάσκει
2788 1209 3045 1279 φάσκων·
3081 1229 3101 1262 ι
3129 1212 3300 1276 Αὐτὸς
3332 1213 3612 1284 ἐποίησεν
3647 1217 3838 1284 ἡμᾶς

2190 1299 2284 1350 καὶ
2324 1300 2422 1370 οὐχ
2466 1301 2658 1371 ἡμεῖς·
2698 1319 2716 1349 ι
2766 1299 2868 1371 τὴν
2915 1300 3145 1372 δύναμιν
3189 1306 3286 1374 τῆς
3333 1301 3834 1375 ὲξομολογήσεως

2190 1392 2466 1461 παριστᾷ,
2501 1393 2584 1444 ὃτι
2625 1390 2790 1462 μηδὲν
2831 1394 2994 1463 ἡμεῖς
3043 1396 3138 1463 ἀφ’
3171 1394 3377 1447 ἑαυτῶν
3413 1398 3784 1466 κεκτήμεθα
3807 1436 3828 1458 ,

2188 1481 2301 1534 ἀλλ’
2334 1483 2362 1534 ὃ
2386 1500 2438 1534 τι
2469 1485 2598 1536 ποτέ
2639 1486 2752 1537 ἐστι
2795 1485 2921 1555 περὶ
2957 1487 3103 1556 ἡμᾶς
3138 1485 3362 1554 ἀγαθὸν,
3405 1487 3576 1539 τοῦτο
3627 1489 3828 1550 αὐτὸς

2190 1572 2464 1644 ἐποίησεν.
2510 1575 2566 1628 Ὀ
2612 1575 2931 1647 τριακοστὸς
2961 1577 3142 1647 τρίτος
3168 1577 3378 1648 ψαλμὸς
3423 1579 3822 1650 ἐπιγεγραμ-

2200 1667 2377 1736 μένος,
2414 1683 2432 1715 ι
2465 1662 2543 1734 τῷ
2570 1663 2750 1728 Δαυῒδ,
2783 1665 2943 1717 ὁπότε
2971 1664 3224 1733 ὴλλοίωσε
3256 1666 3316 1716 τὸ
3348 1665 3660 1735 πρόσωποι
3695 1669 3818 1717 uim

2199 1757 2289 1810 τοῦ
2342 1757 2584 1810 ἐναντίον
2621 1757 2943 1827 Ἀϐιμέλεχ,
2992 1775 3009 1808 ι
3053 1756 3194 1808 ἔοικε
3247 1757 3336 1808 τὸν
3373 1759 3429 1808 ἐν
3583 1757 3816 1826 πρώτῃ

2197 1849 2305 1901 τῶν
2356 1848 2652 1900 Βασιλειῶν
2713 1849 2997 1919 Ἀχιμέλεχ
3047 1847 3427 1917 ὠνομασμένον
3483 1847 3816 1917 Ἀϐιμέλεχ

2189 1941 2511 1995 ἀποκαλεῖν·
2559 1942 2668 1996 τῶν
2717 1943 2996 2014 στοιχείων
3047 1945 3174 2014 παρ’
3215 1943 3507 2014 Ἑϐραίοις,
3544 1944 3707 2012 λέγω
3734 1944 3808 1997 δὲ

2188 2032 2282 2086 τοῦ
2327 2033 2436 2103 χὰφ
2473 2033 2688 2087 καὶτοῦ
2725 2034 2845 2104 βὴθ,
2885 2033 3083 2103 πολλὴν
3113 2035 3406 2104 ὁμοιότητα
3446 2037 3794 2100 σωζόντων.

2189 2125 2264 2189 ὼς
2295 2127 2436 2180 κατὰ
2467 2126 2631 2198 μηδὲν
2661 2126 2902 2196 ἀλλήλων
2947 2125 3300 2189 διαλλάττειν,
3335 2127 3365 2194 ἣ
3399 2126 3642 2198 βραχείᾳ
3691 2145 3794 2180 κε-

2193 2218 2318 2288 ραίᾳ
2342 2219 2498 2288 μόνῃ.
2521 2219 2673 2288 Ἔχει
2699 2218 2742 2270 δ’
2770 2214 2862 2271 οὖν
2891 2219 2922 2288 ἡ
2958 2217 3165 2288 ἱστορία
3189 2217 3360 2281 οὕτως
3381 2235 3392 2245 ·
3437 2239 3453 2270 ι
3483 2220 3797 2291 lia-.5912-

2193 2328 2282 2364 ται
2309 2310 2472 2363 Δαυῖδ
2502 2313 2580 2374 είς
2613 2312 2846 2382 Νομμᾶν
2870 2311 3001 2382 πρὸς
3039 2310 3325 2381 Ἀχιμέλεχ
3347 2311 3438 2363 τὸν
3473 2313 3654 2383 ἱερέα,
3685 2317 3789 2366 καὶ

2195 2402 2386 2474 ἐξέστη
2435 2403 2722 2473 Ἀχιμὲλεχ
2763 2405 2827 2472 τῇ
2877 2403 3173 2472 ἀπαντήσει
3218 2401 3411 2466 αὑτοῦ,
3471 2404 3571 2455 καὶ
3616 2400 3788 2457 εἶπεν

2189 2494 2370 2565 αὐτῷ·
2408 2495 2472 2547 Τί
2509 2497 2588 2548 ὅτι
2624 2497 2687 2548 σὺ
2725 2497 2918 2566 μόνος,
2957 2494 3049 2547 καὶ
3085 2493 3262 2556 οὐδεὶς
3306 2493 3444 2564 μετὰ
3487 2494 3625 2559 σοῦ;
3662 2498 3780 2548 Καὶ

2188 2580 2339 2639 εἶπεν
2369 2585 2516 2656 αὐτῷ
2544 2586 2732 2640 Δαυῖδ·
2770 2586 2827 2638 '0
2864 2583 3114 2654 βασιλεὺς
3165 2584 3478 2636 ἐντέταλταί
3538 2603 3631 2654 μοι
3675 2589 3781 2656 σή-

2191 2694 2357 2748 μερον
2384 2677 2555 2748 ῥῆμα,
2584 2677 2676 2730 καὶ
2701 2673 2821 2729 εἶπέ
2849 2693 2957 2747 μοι·
2983 2676 3072 2746 Μὴ
3099 2674 3290 2743 γνώτω
3315 2675 3501 2746 μηδεὶς
3530 2675 3594 2728 τὸ
3614 2679 3777 2746 ῥῆμα

2189 2770 2317 2840 περὶ
2355 2760 2416 2819 οὗ
2450 2767 2560 2836 ἐγὼ
2589 2766 2900 2820 ἀποστέλλω
2947 2783 3026 2829 σε,
3067 2765 3159 2818 καὶ
3204 2765 3333 2836 περὶ
3374 2760 3436 2818 οὗ
3476 2764 3589 2833 ἐγὼ
3618 2765 3776 2817 ἐντέ-

2185 2858 2387 2930 ταλμαί
2415 2876 2514 2914 σοι.
2543 2860 2652 2912 Καὶ
2669 2861 2778 2920 τοῖς
2805 2856 3110 2926 παιδαρίοκ
3143 2856 3568 2928 μεμαρτύρημαι
3598 2857 3658 2908 ἐν
3683 2857 3772 2926 τῷ

2185 2951 2336 3023 τόπῳ
2357 2950 2433 3022 τῷ
2452 2950 2728 3020 λεγομένῳ
2760 2949 2906 3003 Θεοῦ
2937 2949 3159 3012 πίστις,
3188 2946 3446 3015 (Pagan-2
3489 2947 3764 3014 Ἀλμωνί.

2187 3043 2295 3096 Καὶ
2320 3042 2412 3097 νῦν
2445 3045 2492 3096 εί
2527 3043 2660 3095 είσὶν
2699 3041 2805 3094 ὑπὸ
2842 3041 2940 3112 τὴν
2965 3038 3120 3110 χεῖρά
3151 3055 3244 3090 σου
3275 3037 3422 3091 πέντε
3450 3037 3622 3106 ἄρτοι,
3659 3038 3762 3102 ὣς

2189 3134 2269 3197 είς
2289 3135 2446 3206 χεῖρά
2477 3151 2575 3205 μου
2603 3133 2663 3186 τὸ
2691 3132 2932 3204 εὑρεθέν.
2961 3132 3070 3183 Καὶ
3090 3129 3362 3201 ἀπεκρίθη
3392 3131 3418 3182 ὁ
3437 3129 3745 3200 ἀρχιερεκ.

2188 3227 2282 3279 καὶ
2335 3221 2505 3279 εἶπεν·
2551 3225 2664 3278 vim
2697 3224 2833 3278 εἰσὶν
2864 3224 3017 3294 ἄρτοι
3069 3221 3290 3291 βέϐηλοι
3333 3221 3433 3273 ὑπὸ
3459 3221 3551 3291 τὴν
3585 3223 3751 3292 χεῖ.ρὰ

2190 3335 2312 3387 μου,
2345 3316 2460 3370 ἀλλ’
2483 3317 2515 3387 ἢ
2541 3318 2693 3388 ἄρτοι
2738 3315 2908 3382 ἅγιοι·
2948 3315 2996 3366 εξ
3035 3314 3149 3364 ἐστὶ
3187 3311 3255 3364 τὰ
3298 3312 3552 3382 παιδάρια
3582 3329 3759 3380 πεφυ-

2187 3409 2429 3480 λαγμένα
2485 3408 2591 3461 ἀπὸ
2632 3405 2906 3475 γυναικὸς,
2938 3403 3030 3455 καλ⁸
3060 3402 3310 3471 φάγεται.
3347 3402 3456 3454 Καὶ
3482 3402 3759 3474 ἀπεκρίθη

2186 3500 2347 3556 Δαυῒδ
2371 3499 2446 3570 τῷ
2480 3500 2745 3570 ἀρχιερεῖ,
2804 3497 2898 3551 καὶ
2941 3490 3092 3547 εἶπεν
3120 3492 3289 3563 αὐτῷ’
3340 3493 3498 3545 Ἀλλά
3525 3493 3632 3546 ἀπὸ
3659 3511 3762 3562 γυ-

2187 3594 2372 3657 ναικὸς
2401 3591 2762 3663 ἁπεσχήμεθα
2789 3589 2914 3660 χθὲς
2954 3586 3045 3640 καὶ
3075 3584 3262 3656 τρίτην
3292 3586 3522 3656 ἡμέραν.
3563 3587 3653 3638 Ἐν

2186 3682 2417 3751 ἐξελθεῖν
2454 3699 2521 3752 με
2554 3684 2632 3744 εἰς
2669 3680 2808 3740 ὁδὸν,
2842 3678 3031 3746 γέγονε
3069 3676 3240 3727 πάντα
3287 3677 3544 3744 παιδάρια
3602 3680 3765 3747 ἡγνι-

2186 3773 2377 3845 σμένα.
2393 3773 2502 3826 Καὶ
2517 3771 2651 3842 αὐτὴ
2669 3773 2701 3842 ἡ
2718 3771 2833 3832 ὁδὸς
2848 3767 3091 3839 βέϐηλος,
3103 3765 3231 3818 διότι
3248 3767 3314 3836 σή
3325 3783 3387 3835 με
3398 3784 3484 3838 ρον
3503 3768 3765 3838 ἁγιασθήο

2188 3883 2339 3920 σεται
2383 3864 2470 3918 διὰ
2511 3865 2578 3918 τὰ
2615 3863 2802 3934 σκεύη.
2839 3863 2947 3914 Kal.
2995 3859 3190 3911 ἔδωκεν
3226 3858 3376 3929 αὐτῷ
3416 3860 3703 3930 ’Λχιμέλεχ
3731 3862 3761 3912 ό

2189 3958 2364 4029 ἱερεὺς
2391 3958 2516 4019 τοὺς
2547 3955 2742 4026 ἄρτους
2768 3954 2868 4024 τῆς
2900 3954 3229 4025 προθέσεως,
3263 3955 3343 4006 δτι
3375 3952 3474 4004 οὐκ
3500 3947 3568 4021 ἦν
3594 3952 3761 4019 ἄρτος

2185 4048 2318 4112 ἐκεῖ,
2349 4046 2463 4099 ἀλλ’
2488 4046 2521 4116 ἢ
2550 4047 2598 4098 οἱ
2625 4043 2777 4114 ἄρτοι
2801 4043 2894 4096 τοῦ
2928 4043 3220 4114 προσώπου
3251 4045 3298 4095 ot
3326 4040 3662 4112 ἀφῃρημένοι
3691 4043 3758 4092 ὲκ

2188 4137 2477 4211 προσώπου
2531 4137 2734 4207 Κυρίου
2776 4134 2871 4188 τοῦ
2917 4135 3285 4205 παρατεθῆναι
3316 4135 3480 4205 ἄρτον
3515 4132 3752 4203 θερμὸν,

2187 4226 2220 4304 ᾗ
2250 4231 2432 4302 ἡμέρᾳ
2465 4229 2652 4282 ἔλαϐεν
2676 4227 2892 4292 αὐτούς.
2918 4247 2936 4278 ι
2963 4228 3146 4282 Ταῦτα
3179 4227 3276 4298 μὲν
3310 4229 3343 4297 ἡ
3376 4226 3613 4296 ἱστορία·
3633 4225 3756 4278 ἀντὶ

2186 4323 2240 4375 δὲ
2261 4322 2374 4388 τοῦ,
2401 4341 2417 4372 ι
2439 4322 2494 4373 ὲν
2517 4321 2594 4391 τῷ
2621 4321 2772 4390 τόπῳ
2797 4320 2872 4390 τῷ
2897 4319 3172 4390 λεγομένῳ
3207 4317 3354 4372 Θεοῦ
3383 4317 3591 4382 πίστις
3621 4319 3755 4369 Φιλ-

516 4445 690 4496 videte
721 4439 976 4507 quoniam
1010 4432 1196 4487 suavis
1241 4437 1324 4482 est
1367 4422 1650 4480 Dominus.
1696 4437 1714 4471 ι
1742 4415 1919 4472 .Forte
1948 4427 2079 4481 ergo

2189 4415 2331 4485 μωνὶ
2379 4414 2642 4483 Ἀλμωνὶ,
2671 4433 2687 4462 ι
2738 4412 2964 4474 Ἀκύλας
3006 4411 3156 4482 φησί·
3191 4430 3208 4461 ι
3241 4410 3384 4480 Πρὸς
3443 4409 3536 4461 τὸν
3589 4408 3751 4460 τόπον

517 4540 581 4588 ad
619 4503 943 4602 gustandum
1006 4525 1072 4578 de
1122 4521 1345 4577 Christo
1387 4515 1712 4575 adhortans,
1767 4509 1850 4564 his
1904 4503 2085 4559 verbis

517 4596 796 4681 iudicabat
854 4630 1052 4687 corpus
1105 4611 1244 4680 ejus,
1303 4609 1392 4664 cui
1443 4607 1622 4660 inerat
1674 4600 1814 4669 legis
1866 4596 2084 4668 symbo-

517 4721 660 4784 lum,
722 4727 844 4769 eum
906 4706 1338 4765 eucharistieum
1396 4698 1603 4755 Christi
1657 4706 1856 4761 corpus
1915 4703 2084 4758 panes

517 4805 898 4884 propositionis
935 4795 1381 4869 comprehendat.
1419 4791 1515 4845 Est
1577 4798 1630 4842 et
1672 4786 1775 4840 alia
1825 4783 2080 4835 immuta-

519 4872 801 4958 iio-David
831 4897 900 4964 ³⁸,
949 4891 1246 4949 secundum
1295 4898 1456 4955 quam
1513 4876 1817 4935 immntavit
1874 4872 2079 4924 vultum

516 5011 671 5052 suum
733 5007 914 5048 coram
948 4986 1172 5042 Auchus
1207 4995 1332 5051 rege
1379 4976 1516 5032 Geth
1551 4974 1874 5041 alienigena,
1919 4967 2073 5038 521

517 5085 838 5142 dementiam
892 5077 1172 5135 simulans.
1245 5072 1352 5127 Sed
1413 5084 1518 5124 non
1587 5067 1802 5119 videtur
1845 5063 2085 5130 psahnns

480 5177 658 5235 hanc
721 5175 776 5230 in
838 5169 1094 5242 praesenti
1163 5162 1590 5220 immutationem
1654 5155 1913 5210 indicare.
1979 5153 2082 5205 Alii

515 5271 606 5340 qui
652 5267 856 5322 nullum
901 5261 1100 5316 habent
1133 5255 1370 5317 titulum,
1421 5253 1472 5307 id
1505 5248 1702 5318 estqui
1752 5259 1927 5317 neque
1953 5259 2084 5298 ean-

515 5335 629 5424 tiri,
658 5371 831 5429 neque
858 5351 1070 5424 “hymni,
1103 5361 1278 5416 neque
1306 5344 1518 5414 psalmi,
1554 5356 1729 5409 neque
1760 5335 2080 5392 modulatio-

517 5455 618 5515 nis,
646 5465 819 5520 neque
842 5442 1189 5508 laudationis,
1225 5451 1394 5508 neque
1426 5434 1705 5496 orationis,
1732 5446 1904 5499 neque
1937 5430 2074 5482 alius

518 5542 816 5613 cuiuspiam
866 5540 942 5594 rei
993 5535 1185 5592 similis
1221 5530 1437 5586 nomine
1477 5526 1886 5588 inscribuntur,
1921 5522 2073 5576 utilia

586 5718 742 5773 "1's.
780 5733 921 5779 acu,
955 5715 1006 5768 5.
1084 5713 1235 5766 7"Ps.
1263 5722 1455 5772 3mm,
1484 5704 1531 5758 l.

1608 5704 1651 5736 ⁷⁷
1678 5701 1694 5754 1
1718 5701 1848 5769 Reg.
1883 5715 1994 5767 ssi,
2023 5697 2044 5750 l
2072 5706 2118 5752 et
2142 5709 2297 5765 seqq.

2184 4506 2332 4559 τόνδε
2358 4504 2480 4558 τινὰ
2505 4503 2658 4557 τοῦδέ
2674 4520 2814 4567 τινος
2837 4521 2848 4533 ·
2866 4523 2882 4556 ι
2911 4503 2982 4573 ἧι
3004 4502 3152 4556 τόνδε
3168 4501 3290 4556 τινὰ
3316 4500 3632 4552 ἀδέσποτον·
3665 4517 3684 4550 ι
3723 4501 3756 4552 ό

2185 4598 2241 4651 δὲ
2283 4596 2606 4667 Σύμμαχος·
2645 4615 2661 4646 ι
2692 4596 2786 4657 Εἰς
2825 4595 2914 4647 τὸν
2953 4593 3098 4646 δεῖνα
3141 4593 3326 4646 τόπον.
3358 4611 3376 4642 ι
3414 4592 3627 4644 Ἔοικεν
3658 4585 3754 4642 οὖν

2185 4693 2217 4761 ἡ
2255 4688 2349 4742 τοῦ
2382 4688 2594 4760 ψαλμοῦ
2643 4686 2933 4759 προγραφὴ
2983 4687 3084 4755 τὴν
3137 4683 3420 4738 ἀλλοίωσιν
3464 4681 3560 4734 τοῦ
3595 4680 3752 4749 λόγου

2187 4781 2350 4836 Δαυτδ
2397 4781 2497 4851 τὴν
2547 4780 2681 4851 πρὸς
2709 4779 2800 4831 τὸν
2827 4777 2974 4849 ἱερέα
3003 4776 3290 4846 σημαίνειν
3320 4774 3406 4827 διὰ
3431 4773 3526 4826 τοῦ
3555 4773 3754 4841 φάναι·

2193 4895 2210 4926 ι
2235 4873 2422 4926 Ὁπότε
2450 4870 2707 4942 ὴλλοίωσε
2733 4869 2795 4922 τὸ
2823 4869 3113 4939 πρόσωπον
3141 4864 3304 4919 αὑτοῦ
3341 4864 3579 4917 ὲναντίον
3612 4863 3759 4916 Ἄσι-

2189 4966 2370 5039 μέλεχ·
2400 4985 2419 5018 ι
2464 4964 2498 5037 ἢ
2537 4964 2635 5035 τὴν
2680 4961 2963 5016 ἀλλοίωσιν
3001 4959 3096 5013 τοῦ
3139 4957 3456 5030 προσώπου·
3494 4956 3576 5009 διὸ
3612 4956 3757 5009 κατὰ

2181 5061 2272 5114 τὸν
2318 5058 2610 5129 Σύμμαχον
2661 5055 2894 5126 εἴρηται·
2952 5073 2974 5104 ι
3012 5051 3203 5105 Ὁπότε
3261 5048 3648 5120 μετεμόρφωσε
3692 5046 3759 5100 di

2186 5151 2472 5223 πρόσωπον
2498 5146 2664 5201 αὐτοῦ
2703 5145 2942 5199 ἐναντίον
2986 5142 3293 5214 Ἀϐιμέλεχο
3324 5161 3342 5194 ι
3363 5144 3391 5196 ό
3409 5140 3465 5193 δὲ
3505 5139 3754 5202 Ἀκύλας·

2190 5262 2207 5294 ι
2245 5239 2374 5296 Ὅτε
2418 5239 2676 5311 ὴλλοίωσε
2716 5237 2778 5291 τὸ
2811 5235 2990 5308 γεῦμα
3020 5234 3251 5288 αὑτοῦ.-ο
3293 5234 3382 5287 Διὸ
3413 5232 3526 5285 καὶ
3551 5230 3756 5302 προῖὼν

2185 5337 2242 5389 ὲν
2271 5334 2347 5406 τῷ
2384 5331 2582 5404 ψαλμῷ
2629 5330 2726 5401 τὴν
2776 5327 2946 5400 ἱερὰν,
2989 5327 3063 5390 ὡς
3090 5327 3230 5379 ἔοικε
3249 5365 3264 5388 ,
3288 5322 3496 5395 τροφὴν
3526 5322 3757 5376 alvu-16-

2186 5425 2345 5497 μενός
2375 5438 2524 5494 φησι·
2562 5443 2579 5472 ι
2607 5419 2900 5482 Γεύσασθε,
2937 5419 3030 5471 καὶ
3065 5417 3198 5470 ἴδετε
3225 5417 3308 5468 ὅτι
3335 5412 3567 5486 χρηστὸς
3590 5414 3619 5465 ὁ
3644 5411 3756 5465 Κύ-

2185 5535 2318 5592 ριος.
2345 5537 2360 5568 ι
2379 5517 2604 5587 Μήποτε
2628 5507 2719 5565 οὖν
2747 5510 2910 5564 αὐτοῦ
2926 5507 3220 5578 γεύσασθαι
3248 5507 3340 5560 τοῦ
3363 5503 3596 5576 Χριστοῦ
3617 5519 3755 5576 παρ-

3269 5684 3314 5714 η
3378 5679 3633 5751 ἢοςδιςι,
3667 5675 3751 5731 i5.

2371 5694 2421 5742 ’ἢ
2437 5691 2522 5746 Ps.
2551 5706 2740 5756 sxxnt,
2766 5691 2843 5743 l.‘
2892 5689 2936 5719 7°
2965 5687 3094 5742 ihid.
3119 5686 3170 5740 9.
