4058 6244
332 305 486 364 (069

1537 269 1850 359 suauia
1889 304 1952 357 IN
1993 293 2330 360 P’SA‘L-‘Mos.

3465 309 3600 363 l070

326 430 512 486 ’.λινῶν
551 428 609 482 τὸ
647 427 805 500 σῶμα
853 426 1017 482 αὐτοῦ
1056 423 1144 480 διὰ
1181 425 1383 478 τούτων
1425 415 1696 497 ᾐνίττετο,
1745 421 1790 496 ᾧ
1833 428 1920 481 καὶ

2034 430 2277 492 quaedam
2303 427 2550 483 videnlur
2588 427 2787 484 habere
2809 434 3097 497 praecepta,
3122 439 3175 485 ct
3205 444 3486 487 sermones
3504 446 3602 486 ex-

323 523 440 577 ἰτοῦ
473 521 638 592 νόμου
667 516 734 588 ἦν
760 519 1043 590 σύμϐολοψ
1071 517 1164 571 τοῦ
1187 519 1288 588 τῆς
1315 519 1664 590 εὐχαριστίας
1689 509 1940 591 Χριστοῦ

337 614 597 686 σώματος
629 614 754 676 τοὺς
804 613 901 683 τῆς
939 610 1245 682 προθέσεως
1273 609 1470 680 ἄρτους
1508 611 1923 684 παρειληφότος.

340 708 507 761 Ἐστι
549 707 642 760 καὶ
672 704 832 775 ἑτέρα
871 703 1156 765 ἀλλοίωσις
1198 701 1292 755 τοῦ
1332 702 1526 765 Δαυῖδ,
1566 701 1686 756 καθ’
1723 704 1787 773 ἣν
1832 704 1922 773 ἠλ-

333 798 538 852 λοίωσε
570 797 630 850 τὸ
653 796 942 868 πρόσωπον
970 793 1133 848 αὑτοῦ
1158 793 1294 864 πρὸς
1325 793 1554 864 Ἀγχοῦς
1574 793 1796 864 βασιλέα
1827 796 1925 848 Γὲο

335 889 437 944 τὸν
469 888 784 958 ἀλλόφυλον,
815 887 1010 958 μανίαν
1042 885 1496 956 ὑποκρινόμενος·
1551 885 1663 939 ἀλλ’
1698 887 1797 938 οὐκ
1824 885 1928 939 ἔοι-

336 997 442 1034 κεν
465 981 492 1032 6
524 979 737 1050 ψαλμὸς
764 977 968 1048 ταύτην
1000 976 1091 1029 ἐπὶ
1131 975 1223 1029 τοῦ
1257 975 1523 1046 παρόντος
1555 975 1926 1046 προσαλλοίω-

340 1088 432 1124 σιν
465 1071 766 1142 σημαίνειν.
789 1071 860 1122 Ὀἱ
892 1068 947 1121 δὲ
985 1069 1105 1139 μηδ’
1139 1067 1306 1140 ἔτερα
1334 1067 1800 1138 ἐπιγεγραμμένοι
1821 1068 1926 1122 τῶν

332 1158 594 1233 ψαλμῶνν
624 1158 767 1230 λέγω
787 1160 862 1225 δὲ,
900 1163 1034 1231 μήτε
1066 1159 1197 1230 ᾠδὴ,
1233 1161 1368 1230 μήτε
1402 1158 1587 1230 ὕμνος,
1623 1160 1758 1230 μήτε
1789 1159 1926 1229 ψαλ.

339 1253 467 1324 μὸς,
497 1255 630 1324 μήτε
661 1251 977 1323 μελῴδημα,
1018 1251 1154 1322 μήτε
1194 1250 1417 1314 αῖνεσις,
1457 1252 1592 1321 μήτε
1627 1250 1924 1322 προσευχὴ,

335 1348 482 1418 μήτε
516 1364 566 1400 τι
593 1345 701 1399 τῶν
725 1344 1003 1408 τοιούτων,
1030 1343 1338 1414 ὠφελίμους
1375 1343 1528 1406 τινὰς
1552 1343 1760 1396 ἐοίκασι
1785 1343 1926 1397 διδα-

332 1438 568 1502 σκαλίας
606 1437 903 1508 περιέχειν,
956 1437 1050 1489 καὶ
1098 1435 1290 1504 λόγους
1353 1436 1772 1506 παραινετικοὺς
1831 1430 1926 1488 καὶ

299 1595 308 1602 _
334 1531 775 1602 προτρεπτικοὺς
804 1531 883 1592 ε’ἰς
904 1527 1191 1590 ἐὐσεϐείας
1220 1526 1487 1597 ἀνάληψιν
1509 1544 1522 1557 ’
1568 1521 1678 1590 οἷός
1726 1529 1872 1580 ἐστιν
1897 1529 1926 1581 6

332 1619 584 1682 δέκατος,
626 1621 683 1671 ὲν
727 1604 770 1684 ᾧ
807 1616 1052 1688 εἴρηταιο
1098 1634 1114 1664 ι
1165 1613 1288 1667 Ἐπὶ
1317 1614 1391 1685 τῷ
1435 1615 1624 1686 Κυρίῳ
1667 1615 1922 1682 πέποιθα,

334 1709 460 1773 πῶς
493 1711 666 1780 ἐρεῖτε
697 1710 761 1778 τῇ
798 1706 941 1778 ψυχῇ
973 1724 1095 1777 μου,
1123 1725 1143 1760 ι
1171 1707 1264 1760 καὶ
1291 1707 1360 1760 τὰ
1390 1705 1548 1778 ἐξῆςο
1585 1707 1678 1760 καὶ
1702 1709 1730 1760 6
1763 1704 1925 1762 δέκα-

2031 517 2362 571 hortatorios
2393 527 2446 571 et
2475 517 2819 574 invitatorios
2847 517 2911 572 ad
2940 518 3159 588 pietatis
3194 520 3418 575 cultum.
3448 520 3602 587 Ejus-

2030 608 2171 662 modi
2213 618 2295 662 cst
2321 607 2582 673 decimus,
2627 608 2678 662 in
2711 623 2820 678 quo
2854 609 3052 663 dicitur
3083 610 3127 642 “
3164 627 3176 662 :
3207 629 3225 662 ι
3267 609 3322 664 1η
3372 611 3604 665 Domino

2029 698 2259 758 con'iido.
2298 702 2570 768 quomodo
2600 699 2783 754 dicitis
2813 700 3006 754 animae
3038 717 3190 764 meae,
3219 719 3235 753 ι
3273 709 3403 768 etc.,
3435 712 3488 756 et
3513 706 3605 758 de-

2027 790 2200 844 cimus
2223 788 2423 845 tertius
2454 789 2544 858 qui
2585 788 2838 844 similiter
2878 788 2955 842 ait
2977 789 3023 822 ³³
3057 807 3069 843 :
3111 809 3130 841 ι
3167 789 3313 846 Dixit
3342 791 3603 861 insipien.

2030 883 2081 936 iu
2107 881 2268 934 co‘rde
2300 896 2417 935 suo.
2461 900 2480 932 ι
2528 880 2744 949 'Reliqui
2780 881 3030 936 similiter
3060 893 3325 953 prmcepta
3358 885 3602 953 quasdam

2029 974 2257 1029 utilitate
2317 975 2471 1044 plena
2521 975 2823 1040 continent,
2877 990 3054 1046 neque
3121 987 3298 1032 tamen
3350 980 3602 1047 psalmis.

2031 1066 2243 1138 hymnis
2266 1079 2358 1122 aut
2385 1069 2612 1124 canticis
2649 1069 2872 1139 ascripti
2903 1078 3050 1134 sunt,
3088 1071 3228 1139 quod
3263 1074 3509 1127 eamdem
3542 1089 3605 1128 ac

2029 1161 2270 1228 prtcdicti
2299 1161 2528 1215 formam
2550 1178 2658 1216 non
2687 1173 2938 1228 servent;
2973 1163 3080 1218 nisi
3113 1164 3250 1216 forte
3272 1165 3456 1233 scripti
3481 1175 3607 1220 sunt

2027 1259 2080 1306 et
2108 1250 2206 1321 ipsi
2234 1260 2290 1304 ut
2320 1267 2418 1322 per
2456 1253 2799 1322 psalterium,
2825 1254 2908 1307 vel
2931 1253 3130 1308 cantici
3163 1270 3333 1320 more,
3357 1256 3441 1310 vel
3467 1257 3607 1311 sicut

2017 1343 2352 1412 'quispiame
2401 1344 2672 1414 praedictis
2707 1355 3048 1409 canerentur,
3099 1347 3199 1400 hoc
3255 1357 3436 1402 autem
3495 1365 3604 1403 non

2027 1434 2272 1503 contigit,
2306 1435 2444 1489 adeo
2476 1445 2532 1489 ut
2568 1437 2818 1491 eamdem
2867 1437 3082 1505 quidem
3125 1452 3188 1492 ac
3228 1438 3443 1508 psalmi,
3476 1455 3608 1492 cau-

2027 1524 2131 1579 tica
2167 1533 2222 1579 et
2252 1525 2527 1580 orationes
2562 1525 2669 1578 vim
2719 1524 2979 1589 habeant,
3011 1527 3255 1595 inscripti
3287 1536 3466 1581 autem
3500 1541 3604 1579 non

2025 1616 2155 1681 sint,
2187 1617 2334 1684 quod
2378 1617 2507 1672 dicti
2550 1631 2655 1671 non
2698 1617 2918 1671 fuerint.
2951 1616 3048 1671 Vcl
3085 1616 3224 1672 forte
3277 1619 3496 1688 quidam
3539 1621 3610 1671 ob

2025 1708 2260 1776 priorem
2289 1723 2530 1775 causam,
2574 1707 2794 1778 quidam
2839 1718 2973 1764 vero
3018 1711 3087 1764 ob
3121 1711 3414 1765 secundam
3457 1711 3608 1764 nullo

333 1821 430 1867 τος
461 1802 643 1874 τρίτος
669 1799 789 1853 καθ’
822 1801 984 1870 ὃμοια
1018 1798 1190 1868 λέγων
1211 1815 1225 1829 ο
1258 1819 1275 1851 ι
1306 1794 1473 1852 Εἶπεν
1503 1793 1764 1870 ἄφρωνὲν
1794 1817 1920 1872 καρ-

2029 1798 2262 1867 gaudent
2309 1799 2485 1855 titulo.
2529 1800 3028 1871 Quinquagesimus
3071 1802 3216 1855 enim
3268 1803 3477 1871 primus
3518 1805 3606 1856 cui

331 1895 428 1966 δία
462 1892 647 1946 αὐτοῦ.
694 1911 712 1944 ›
753 1891 861 1946 Καὶ
892 1893 940 1945 οἱ
973 1890 1149 1944 λοιποὶ
1196 1891 1252 1944 δὲ
1289 1891 1686 1963 παραπλησίως
1733 1883 1924 1960 λύγους

332 1985 488 2049 τινὰς
519 1983 924 2048 διδασκαλικοὺς
957 1985 1050 2037 καὶ
1094 1984 1322 2055 πλήρεις
1373 1982 1642 2054 ὠφελείας
1688 1983 1924 2052 ἐπάγον-

332 2093 456 2132 ταιο
491 2077 552 2129 οὺ
583 2077 690 2148 μὴν
724 2078 780 2129 ὲν
813 2074 1047 2146 ψαλμοῖς
1076 2076 1170 2130 καὶ
1201 2075 1390 2146 ὕμνοις
1423 2077 1456 2147 ἢ
1481 2077 1538 2129 ἐν
1567 2076 1731 2148 ᾠδαῖς
1759 2094 1922 2129 κατε-

332 2170 594 2240 λέγησαν,
625 2167 704 2239 τῷ
743 2168 817 2239 μὴ
858 2166 1052 2231 σώζειν
1099 2167 1189 2220 τὸν
1239 2169 1423 2239 ὅμοιον
1467 2171 1578 2232 τοῖς
1615 2169 1925 2239 εἰρημένοις

331 2263 562 2335 τρόπον·
597 2258 645 2315 εἰ
677 2257 750 2332 μὴ
779 2261 888 2332 ἄρα
913 2259 1232 2331 ἐγράφησαν
1268 2259 1360 2312 καὶ
1388 2260 1538 2312 αὐτοὶ
1565 2259 1703 2312 ὥστε
1730 2259 1925 2331 λεχθῆ-

331 2371 423 2408 ναι
446 2349 536 2407 διὰ
570 2352 870 2424 ψαλτηρίου
909 2352 942 2423 ἢ
977 2351 1044 2404 δι’
1077 2351 1240 2422 ᾠδῆς,
1275 2352 1308 2422 ἢ
1337 2347 1412 2413 ῶς
1441 2369 1524 2414 τις
1561 2351 1669 2403 τῶν
1700 2351 1925 2423 εἰρημέ-

329 2461 474 2500 νωνο
509 2439 569 2498 οὗ
613 2441 832 2514 συνέ6η”
853 2444 911 2496 δὲ
939 2445 1033 2496 καί
1065 2436 1321 2513 λεχθῆναι
1351 2443 1572 2506 αὐτοὺς,
1603 2439 1743 2496 ὥστε
1778 2442 1923 2514 ἔχειν

330 2536 530 2608 ὁμοίαν
570 2535 669 2606 μὲν
698 2536 756 2588 ὲν
778 2531 892 2597 τοῖς
923 2532 1157 2606 ψαλμοῖς
1189 2534 1282 2587 καὶ
1311 2535 1432 2596 ταῖς
1464 2533 1649 2604 ᾠδαῖς,
1681 2535 1774 2587 καὶ
1805 2537 1924 2599 ταῖς

330 2631 668 2700 προσευχαῖς
696 2625 946 2698 δύναμιν,
987 2625 1061 2697 μὴ
1105 2625 1512 2697 ἐπιγεγράφθαι
1541 2625 1597 2678 δὲ
1626 2624 1714 2678 διὰ
1745 2625 1806 2678 τὸ
1844 2626 1920 2697 μὴ

329 2718 590 2789 λεχθῆναι
636 2719 826 2790 αὑτήν.
860 2718 931 2771 Ἢ
980 2712 1191 2790 μήποτέ
1233 2734 1376 2781 τινες
1413 2716 1510 2787 μὲν
1538 2715 1628 2770 διὰ
1661 2715 1756 2788 τὴν
1792 2734 1924 2787 προ-

329 2810 499 2882 τέραν
531 2811 729 2874 αἰτίαν,
762 2810 905 2874 τινὲς
936 2809 991 2862 δὲ
1015 2809 1114 2880 τῆς
1135 2808 1393 2880 δευτέρας
1410 2805 1599 2862 ἕνεκεν
1631 2808 1732 2861 οὐκ
1761 2806 1922 2878 ἠξιώ-

331 2902 506 2973 θησαν
537 2903 880 2975 προγραφῆς.
926 2902 985 2955 '0
1009 2902 1106 2973 μὲν
1133 2901 1244 2970 γὰρ
1274 2895 1638 2974 πεντηκοστὸς
1683 2899 1919 2972 πρῶτος,

331 2992 588 3064 οὐδέτερα
618 2990 692 3045 ὢν
721 2991 828 3044 τῶν
849 2989 1175 3062 εἰρημένων,
1193 2988 1262 3042 τὰ
1281 2989 1410 3060 περὶ
1433 2987 1526 3041 τοῦ
1550 2987 1711 3060 Δωὴκ
1742 2988 1923 3054 ἀπαγ-

337 3086 518 3155 γέλλει
546 3084 718 3153 λέγων
741 3101 755 3114 ·
800 3103 818 3136 ι
845 3083 910 3136 Τί
944 3083 1190 3153 ὲγκαυχᾷ
1215 3083 1272 3134 ὲν
1301 3080 1491 3150 κακίᾳ,
1537 3079 1566 3132 ὁ
1618 3078 1860 3144 δυνατὸς,
1895 3095 1914 3129 ι

336 3179 432 3231 καὶ
470 3177 538 3229 τὰ
573 3177 699 3246 ἑξῆς
718 3193 731 3206 ⁸
767 3175 908 3245 ἅπερ
935 3173 1022 3227 διὰ
1042 3173 1103 3226 τὸ
1134 3171 1458 3244 σκυθρωπὸν
1482 3170 1583 3223 οὐκ
1615 3171 1680 3224 ἂν
1702 3169 1917 3241 λεχθείη

335 3267 414 3338 τῷ
450 3267 641 3338 τρόπῳ
685 3266 794 3320 τῶν
836 3265 1098 3336 ψαλμῶν,
1150 3263 1183 3333 ἢ
1225 3265 1332 3316 τῶν
1371 3262 1551 3334 ᾠδῶν·
1600 3261 1674 3324 ὼς
1722 3261 1842 3314 οὐδὲ
1894 3263 1923 3313 6

336 3351 704 3428 πεντηκοστὸς
748 3354 994 3426 δεύτερος
1029 3355 1126 3407 καὶ
1172 3348 1326 3418 οὗτος
1366 3351 1587 3425 λυπηρὰ
1630 3352 1918 3423 περιέχων.

347 3449 406 3502 '0
437 3446 493 3502 δὲ
519 3443 880 3517 πεντηκοστὸς
903 3444 1160 3516 τέταρτος
1190 3439 1252 3498 οὗ
1282 3440 1316 3515 ὴ
1346 3445 1487 3515 ἀρχή
1513 3459 1525 3472 ·
1562 3459 1582 3493 ι
1618 3442 1922 3506 Ἐνὼτισαι,

336 3540 364 3590 6
399 3533 551 3601 Θεὸς,
584 3536 683 3605 τὴν
715 3534 1016 3605 προσευχήν
1044 3551 1164 3604 μου,
1198 3552 1218 3585 ι
1255 3534 1452 3605 τρόπον
1485 3529 1725 3604 περιέχει
1756 3549 1924 3602 προσ-

338 3630 536 3700 ευχῆς·
584 3623 678 3681 καὶ
725 3629 753 3680 6
795 3627 1038 3690 εἰκοστὸς
1086 3626 1275 3689 ἓκτοςυ
1322 3645 1340 3676 ι
1391 3625 1594 3696 Κύριος
1645 3623 1923 3695 φωτισμός

340 3739 440 3793 μου
480 3720 576 3774 καὶ
620 3720 802 3792 σωτήρ
842 3736 964 3790 μου,
1008 3738 1027 3772 ι
1082 3715 1233 3772 οὐδὲν
1280 3718 1550 3790 διενήνοχε
1589 3717 1688 3789 τῆς
1717 3715 1916 3788 εὐχῆς·

340 3813 483 3880 ὅμως
506 3811 549 3864 δ’
583 3807 676 3865 οὖν
706 3812 806 3864 οὐκ
834 3809 1145 3882 ἠξιώθησαν
1189 3802 1534 3882 προγραφῆς.
1582 3809 1680 3861 Διὰ
1724 3806 1780 3862 δὲ
1821 3807 1921 3879 τὴν

337 3902 614 3974 δευτέραν,
649 3902 724 3966 ὡς
755 3901 923 3964 εἰκὸς,
954 3901 1153 3964 αἰτίαν,
1200 3901 1294 3954 τοῦ
1324 3898 1724 3971 ἐδδομηκοστοῦ
1769 3897 1918 3970 πρῶ-

337 4013 428 4050 τον
475 3993 690 4065 ψαλμοῦ
725 3995 818 4046 ἐπὶ
857 3993 999 4046 τέλει
1035 3994 1134 4064 τῆς
1183 3990 1523 4062 προφητείας
1552 3989 1916 4061 περιέχοντος,

343 4107 362 4139 ι
402 4087 676 4152 Ἐξέλιπον
712 4087 761 4139 oi
807 4084 966 4156 ὕμνοι
1000 4083 1184 4146 Δαυῖδ,
1229 4081 1345 4135 υἱοῦ
1403 4081 1598 4134 Ἰεσσαί
1621 4095 1635 4112 ⁵
1676 4099 1696 4133 ›
1733 4078 1919 4150 ἐπειδὴ

337 4179 394 4232 δέ
424 4195 568 4241 τινες
589 4175 858 4231 ὑπέλαϐον
877 4175 1030 4240 τέλος
1062 4175 1170 4228 τῶν
1198 4173 1291 4227 τοῦ
1321 4171 1485 4226 Δαυῒδ
1514 4170 1698 4243 ὓμνων
1723 4170 1784 4224 τὸ
1827 4170 1916 4224 λό-

340 4287 453 4340 γιον
490 4268 794 4339 σημαίνειν,
840 4259 1142 4340 σημειώσῃ,
1178 4267 1259 4318 ὅτι
1301 4265 1361 4318 οὐ
1394 4263 1552 4317 τοῦτο
1584 4262 1732 4333 δηλοῖ
1763 4263 1796 4334 ἠ
1824 4262 1917 4315 τοῦ

352 4360 600 4432 Ἐὁραίου
627 4360 850 4414 διάνοια.
879 4360 936 4411 '0
955 4357 1086 4426 γοῦν
1117 4357 1364 4420 Ἀκύλας,
1399 4353 1520 4408 ἀντὶ
1537 4348 1632 4408 τοῦ
1653 4371 1667 4384 ⁸
1701 4353 1920 4418 Ἐξέλι-

2026 1887 2158 1942 nihil
2187 1905 2474 1945 commune
2503 1900 2587 1946 est
2613 1907 2735 1945 cum
2763 1893 3056 1960 praedictis,
3078 1909 3194 1963 quae
3219 1895 3285 1948 ad
3314 1895 3461 1963 Doeg
3486 1911 3610 1965 per-

2029 1977 2198 2032 tinent
2239 1989 2429 2035 narrat
2451 1981 2535 2036 bis
2560 1983 2745 2038 verbis
2777 1983 2823 2014 ⁸³
2856 1999 2871 2037 :
2910 2002 2928 2034 ι
2968 1983 3104 2050 Quid
3129 1984 3377 2054 gloriaris
3407 1986 3456 2038 iu
3495 2001 3607 2038 ma-

2027 2069 2140 2123 litia
2166 2080 2378 2140 potens,
2412 2089 2436 2125 ιν
2471 2083 2524 2129 et
2551 2084 2768 2141 cetera,
2801 2090 2921 2147 qua:
2955 2077 3172 2146 quidem
3197 2078 3265 2132 ob
3291 2078 3610 2132 amaritudi-

2026 2174 2150 2214 nem
2187 2161 2290 2217 dici
2321 2175 2590 2232 nequeant
2619 2165 2686 2220 ad
2717 2165 2894 2219 instar
2927 2167 3258 2235 psalmorum
3288 2176 3381 2220 aut
3425 2168 3605 2222 canti-

2026 2270 2236 2319 corum,
2271 2256 2414 2310 s‘icut
2470 2272 2570 2312 nec
2597 2259 3081 2328 quinquagesimus
3111 2263 3384 2317 secundus
3434 2263 3522 2331 qui
3552 2271 3608 2316 et

2027 2348 2144 2416 ipse
2179 2349 2352 2404 tristia
2408 2348 2595 2405 r‘el'crt.
2633 2350 3126 2422 Quiuquagesimus
3183 2362 3416 2424 quartus
3451 2354 3608 2423 cujus

2026 2440 2352 2510 principium
2373 2440 2546 2496 est“:
2576 2443 2834 2509 «Exaudi,
2863 2445 3021 2510 Deus,
3047 2446 3345 2500 orationem
3374 2461 3601 2508 meanm

2026 2530 2255 2587 formam
2293 2534 2558 2590 orationis
2610 2535 2817 2603 habet;
2859 2546 2915 2592 el.
2957 2538 3251 2606 vigesimus
3298 2550 3485 2594 sextus
3509 2540 3604 2594 ’δε

2029 2641 2049 2674 ι
2095 2623 2355 2680 Dominus
2379 2625 2702 2683 il'luminatio
2729 2641 2848 2682 mea
2873 2637 2928 2684 et
2955 2640 3205 2685 servator
3243 2646 3418 2697 meus,
3463 2652 3482 2685 ι
3523 2634 3606 2688 ui-

2023 2713 2102 2768 hil
2136 2715 2203 2770 ab
2242 2717 2487 2772 oratione
2536 2717 2751 2786 dili'ert;
2801 2720 2948 2774 nullo
2982 2731 3162 2777 tamen
3204 2723 3446 2794 insigniti
3478 2736 3608 2780 sunt

2026 2803 2206 2859 titulo.
2229 2805 2362 2860 Cum
2395 2815 2579 2862 autem
2608 2817 2830 2878 prepter
2863 2808 3182 2876 secundam,
3216 2821 3276 2864 ut
3311 2812 3606 2866 verisimile

2025 2906 2131 2975 est,
2161 2909 2379 2952 causam
2410 2900 2846 2970 septuagesimus
2901 2901 3110 2970 primus
3147 2901 3383 2971 psalmus
3415 2903 3465 2958 in
3500 2905 3606 2958 line

2023 2989 2323 3060 prophetiae
2362 2987 2598 3047 habeat:
2640 3010 2659 3043 ι
2695 2988 3021 3048 Defecerunt
3060 2991 3247 3066 hymni
3293 2995 3457 3050 David
3511 2997 3604 3050 lilii

2023 3079 2244 3146 Iesse,»
2301 3082 2492 3150 hisque
2548 3085 2733 3140 verbis
2784 3085 3004 3154 quidam
3057 3083 3259 3155 Opinati
3302 3087 3406 3141 sint
3442 3088 3603 3142 liacm

2026 3173 2350 3244 hymnorum
2410 3173 2580 3229 David
2648 3175 2912 3242 indicari,
2967 3176 3285 3232 obserVahis
3320 3194 3422 3231 non
3462 3181 3605 3232 hunc

2025 3277 2146 3317 esse
2170 3262 2380 3318 llebraei
2407 3273 2588 3320 textus
2614 3279 2854 3320 sensum.
2893 3265 3086 3334 Aquila
3121 3280 3250 3333 ergo
3273 3283 3407 3335 pro:
3440 3285 3458 3318 ι
3498 3266 3603 3323 De-

2023 3353 2270 3408 fecerunt
2319 3356 2502 3426 hymni
2535 3350 2724 3422 David,
2767 3375 2786 3408 ›
2821 3359 2985 3412 vertit
3018 3372 3032 3409 :
3063 3375 3083 3409 ι
3129 3359 3422 3428 Compleue
3478 3374 3606 3415 sunt

2025 3444 2300 3500 orationes
2328 3446 2528 3515 David;
2565 3467 2582 3500 ι
2623 3447 2985 3520 Symmachus
3011 3463 3191 3505 autem
3227 3466 3240 3502 :
3272 3468 3291 3502 ι
3335 3450 3604 3506 Causam-

2025 3544 2182 3591 matre
2203 3545 2330 3592 sunt
2349 3539 2625 3595 orationes
2649 3536 2848 3606 David;
2875 3560 2894 3594 ι
2911 3550 2966 3596 et
2994 3541 3182 3611 quinta
3211 3542 3376 3598 editio
3404 3558 3420 3598 :
3454 3563 3469 3595 ι
3498 3544 3604 3598 Rc-

2023 3628 2262 3699 cognitae
2281 3639 2415 3686 sunt
2454 3633 2735 3688 orationes
2773 3631 2964 3689 David.
2995 3654 3012 3686 ι
3043 3634 3249 3702 Quibus
3278 3639 3599 3699 ostenditur.

2023 3721 2324 3791 prophetiis
2347 3739 2483 3794 quas
2529 3724 2692 3781 habet
2721 3726 2967 3796 psalmus
2994 3728 3059 3783 de
3091 3727 3328 3794 Christo,
3355 3746 3598 3786 connexa

2021 3825 2142 3867 esse
2175 3828 2296 3884 quae
2319 3815 2464 3871 dicta
2494 3827 2641 3872 sunt.
2678 3818 2999 3874 inscribitur
3026 3822 3170 3876 enim
3207 3823 3446 3893 psalmus
3478 3841 3498 3875 ι
3546 3825 3597 3878 iu

2023 3902 2394 3973 Salomonem,
2433 3928 2453 3961 ι
2499 3920 2554 3964 et
2605 3926 2725 3978 qua:
2772 3913 3367 3979 contiuct,rel‘eruntur
3395 3926 3503 3970 tum
3533 3920 3600 3972 ad

2023 3997 2391 4068 Salomonem,
2435 4010 2546 4056 tum
2578 4004 2646 4057 ad
2670 4019 2792 4059 eum
2826 4005 2916 4075 qui
2953 4021 3017 4060 ex
3046 4005 3160 4073 ejus
3196 4008 3401 4062 semine
3441 4025 3602 4080 gena.

2023 4091 2221 4145 ramlus
2273 4101 2385 4146 erat
2417 4133 2432 4157 ,
2486 4091 2679 4148 lilium.
2737 4098 3081 4166 Quapropter
3142 4098 3344 4153 dictum
3395 4109 3478 4154 cst
3511 4101 3598 4156 ":

2025 4197 2044 4230 ι
2096 4179 2545 4249 Deus,judicium
2598 4191 2750 4238 tuum
2806 4185 2919 4256 regi
2945 4186 3034 4253 da,
3067 4185 3407 4255 ctjustitiam
3453 4199 3597 4245 tuam

2022 4269 2129 4324 lilio
2162 4271 2322 4340 regis.
2354 4291 2373 4325 ι
2411 4269 2613 4330 Deinde
2642 4286 3038 4346 consequenter
3063 4279 3462 4334 subnectuutur
3484 4296 3602 4336 scr-

2021 4376 2207 4418 mones
2234 4365 2450 4432 quidam
2493 4367 2796 4438 prophetici
2833 4369 2899 4424 de
2943 4369 3052 4426 ﬁlio
3086 4371 3261 4438 regis,
3293 4373 3600 4440 generando

342 4467 456 4506 πον
470 4455 522 4504 οἱ
540 4451 711 4520 ὕμνοι
734 4449 932 4512 Δαυῒδ,
945 4469 962 4501 ι
985 4449 1372 4519 Ἑτελέσθησαν
1391 4447 1686 4520 προσευχαὶ
1700 4445 1879 4511 Δαυῖδ,
1892 4464 1911 4497 ι

2023 4453 2273 4508 videlicet
2320 4470 2351 4510 e
2400 4458 2610 4512 semine
2668 4458 3009 4528 Salomonis,
3043 4463 3133 4530 qui
3172 4461 3332 4534 522
3381 4465 3596 4533 quidem

344 4544 665 4597 ὲκδέδωκεψ
701 4545 729 4596 6
758 4543 814 4596 δὲ
839 4541 1134 4613 Σύμμαχος
1158 4559 1170 4571 ο
1203 4559 1222 4594 ι
1259 4537 1718 4611 Ἐπετελέσθησαν
1751 4555 1919 4610 προσ-

344 4636 492 4706 ευχαὶ
542 4635 735 4688 Δαυῖδο
781 4653 798 4686 ι
853 4635 944 4687 καὶ
987 4635 1019 4704 ἡ
1066 4632 1289 4705 πέμπτη
1333 4626 1580 4698 έκδοσις,
1632 4648 1651 4681 ι
1704 4631 1918 4683 ’Λνεκεο

343 4724 720 4796 φαλαιώθησαν
749 4725 1045 4797 προσευχαὶ
1075 4724 1256 4777 Δαυῖδ.
1306 4743 1325 4776 ι
1359 4723 1436 4777 Δι’
1466 4715 1540 4777 ὢν
1585 4720 1915 4793 παρίσταται

343 4823 448 4884 τοῖς
471 4823 528 4874 ἐν
549 4821 627 4891 τῷ
651 4819 850 4892 ψαλμῷ
884 4823 1012 4894 περὶ
1026 4822 1118 4876 τοῦ
1151 4817 1388 4893 Χριστοῦ
1419 4815 1915 4890 προφητευομένοις

343 4912 606 4982 συνῆφθαι
653 4914 720 4967 τὰ
769 4914 1073 4986 είρημένα·
1125 4913 1529 4984 ἐπιγέγραπται
1585 4911 1681 4982 μὲν
1730 4909 1837 4981 γὰρ
1883 4911 1912 4962 ὁ

341 5004 546 5076 ψαλμὺς
569 5023 588 5056 ‹
625 5008 704 5070 είς
721 5007 1001 5076 Σαλομὼν,
1030 5021 1049 5056 ι
1074 5006 1402 5077 ἀναφέρεται
1426 5003 1482 5056 δὲ
1498 5002 1566 5054 τὰ
1581 5004 1636 5054 ὲν
1656 4999 1802 5069 αὐτῷ
1834 5000 1913 5061 εἵς

300 5119 303 5130 ι
339 5114 392 5152 τι
413 5097 575 5151 αὑτὸν
601 5095 942 5168 Σολομῶντα,
963 5097 1060 5151 καὶ
1088 5094 1180 5151 τὸν
1202 5099 1266 5150 ὲκ
1294 5095 1610 5166 σπέρματος
1632 5091 1797 5146 αὑτοῦ
1821 5108 1912 5160 γε-

341 5187 626 5259 νησόμενον
670 5187 786 5240 υἱὸν
835 5186 1033 5240 αὐτοῦ’
1077 5187 1156 5240 διὸ
1217 5185 1462 5257 εἴρηται·
1519 5201 1538 5234 ι
1581 5181 1640 5234 '0
1668 5180 1819 5247 θεὸς,
1854 5180 1915 5233 τὸ

341 5278 509 5350 κρίμα
535 5294 632 5332 σου
662 5276 740 5348 τῷ
770 5277 981 5348 βατιλεῖ
1023 5276 1131 5344 δὸς,
1169 5275 1262 5332 καὶ
1295 5275 1392 5347 τὴν
1423 5269 1770 5343 δικαιοσύνην
1817 5289 1911 5325 σου

341 5370 412 5442 τῷ
440 5368 541 5440 υίῷ
567 5368 661 5422 τοῦ
697 5369 980 5437 βασιλέως.
1024 5389 1044 5421 ›
1074 5365 1206 5423 Εἶτα
1237 5368 1363 5440 ἑξῆς
1404 5366 1610 5431 τούτοις
1635 5365 1916 5437 ἐπιφέρον-

334 5459 422 5518 ’ται
451 5462 598 5533 λόγοι
625 5463 770 5527 τινὲς
813 5463 1140 5535 προφητικοὶ
1171 5463 1296 5534 περὶ
1339 5460 1433 5515 τοῦ
1466 5459 1584 5514 υἱοῦ
1627 5457 1910 5530 βασιλέως,

341 5556 530 5628 δηλαδὴ
585 5558 649 5610 ὲκ
700 5555 1013 5626 σπέρματος
1055 5555 1398 5626 Σολομῶντος
1425 5551 1908 5625 γεννηθησομένου,

403 5672 448 5703 ⁸¹
477 5671 618 5729 Psal.
644 5691 697 5736 ι,
730 5673 784 5732 2.
893 5675 936 5708 ⁸⁸
966 5657 1108 5730 Psal.
1150 5691 1266 5738 xui,
1301 5676 1346 5728 l.

344 5741 533 5798 "ibid.
565 5745 617 5800 8.
694 5745 740 5776 ⁸⁸
771 5745 898 5799 ibid.
940 5746 1021 5809 l7,
1063 5746 1147 5801 19.

1451 5672 1497 5706 ⁸³
1529 5672 1671 5727 Psal.
1708 5687 1820 5736 ιιι,
1849 5669 1902 5722 5.

2000 5667 2045 5698 ‘“
2076 5666 2222 5724 Psal.
2252 5684 2359 5735 Liv,
2387 5669 2442 5726 2.

2021 4561 2297 4601 sermones
2329 4563 2431 4603 nou
2466 4551 2516 4603 in
2550 4551 2713 4605 alium
2762 4554 3052 4606 convenire
3096 4565 3296 4624 queant
3345 4571 3507 4625 quam
3542 4557 3594 4612 in

1977 4711 1980 4714 ἥ
2020 4637 2192 4691 solum
2223 4636 2498 4693 ChriStum
2548 4641 2665 4697 Dei.
2696 4642 2824 4696 Illud
2865 4645 3007 4698 enim
3035 4645 3080 4675 ⁸⁷
3113 4663 3124 4698 :
3158 4665 3176 4697 ι
3221 4647 3599 4700 Dominabitur

2019 4744 2048 4780 a
2101 4729 2236 4782 mari
2284 4744 2458 4798 usque
2507 4732 2573 4784 ad
2627 4747 2795 4798 mare,
2829 4744 2884 4787 ct
2914 4750 2941 4785 a
2975 4733 3294 4790 llunuinihus
3326 4753 3496 4804 usque
3527 4744 3594 4790 ad

2021 4818 2285 4873 terminos
2332 4821 2481 4874 orbis
2529 4831 2816 4888 terrarum,
2855 4842 2874 4875 ι
2914 4834 2968 4876 et
3002 4825 3104 4877 alia
3139 4825 3222 4878 his
3251 4825 3470 4887 similia.
3499 4843 3597 4880 ιιιιο

2018 4923 2122 4976 que
2151 4909 2216 4963 ad
2255 4909 2623 4973 Salomoncm,
2646 4926 2817 4977 neque
2842 4912 2905 4964 ad
2937 4913 3146 4982 imperii
3172 4914 3286 4983 ejus
3313 4930 3594 4971 successo-

2021 5016 2131 5053 rem
2161 5001 2422 5065 Roboam,
2445 5018 2619 5071 neque
2640 5003 2706 5056 ad
2733 5002 2892 5056 alium
2920 5019 2983 5056 ex
3016 5003 3133 5073 ejus
3161 5007 3589 5070 successoribus,

2020 5093 2114 5147 sed
2157 5093 2224 5146 ad
2263 5092 2438 5146 solum
2476 5101 2721 5146 nostrum
2766 5091 3107 5147 Salvatorem
3140 5095 3333 5150 referri
3365 5110 3589 5167 queunt.

2021 5182 2286 5250 Quoniam
2315 5198 2448 5253 ergo
2477 5181 2778 5237 secundum
2807 5184 2972 5237 David
3003 5200 3099 5254 per
3129 5185 3433 5242 orationem
3465 5205 3594 5244 cort-

1992 5275 2336 5328 summanda
2385 5284 2502 5328 erat
2535 5290 2564 5328 e
2609 5275 2816 5331 semine
2865 5276 2980 5344 ejus
3030 5280 3308 5348 generatio
3362 5279 3590 5342 Christi.

2017 5373 2070 5419 et
2095 5381 2218 5434 qua:
2238 5366 2381 5420 circa
2413 5367 2548 5420 hanc
2581 5367 2836 5436 praedicta
2869 5377 3018 5434 sunt,
3045 5385 3074 5425 e
3099 5386 3328 5440 quorum
3367 5389 3593 5428 numero

2018 5467 2145 5511 sunt
2193 5473 2316 5526 qua
2359 5457 2412 5511 in
2451 5460 2731 5528 proposito
2773 5461 3044 5516 habentur
3091 5462 3326 5532 psalmo,
3365 5465 3505 5521 sicut
3537 5467 3589 5520 in

2021 5548 2124 5602 line
2150 5547 2351 5603 dictum
2381 5559 2464 5604 est
2494 5550 2580 5605 με
2625 5569 2642 5601 ι
2679 5551 2746 5604 Et
2768 5551 3152 5609 benedicentur
3177 5555 3230 5609 in
3263 5556 3378 5627 ipso
3403 5572 3593 5612 omnes

2549 5671 2593 5703 "
2620 5669 2763 5728 Psal.
2799 5688 2946 5741 xxvr,
2977 5673 3028 5729 1.
3123 5673 3336 5732 ⁸⁸Ρειι1.
3366 5675 3592 5740 mm?»
