4058 6244
368 238 525 294 £073

1618 232 1929 287 SELECTA
1970 232 2034 286 IN
2075 230 2389 286 PSALMOS

3496 230 3633 289 1071

366 354 531 417 λαζε.
566 352 735 418 Λόγον
773 350 817 402 δ’
850 350 914 403 ἂν
960 348 1095 417 ἔχοι,
1123 349 1255 419 πρὸς
1305 350 1395 402 τὸν
1441 351 1571 402 Θεὸν
1621 352 1713 403 καὶ
1763 352 1927 421 ταύτῃ

2070 350 2257 403 tertius
2292 348 2532 417 psalmus
2556 363 2585 401 a
2622 348 2787 401 David
2811 348 3051 415 prolatus
3085 348 3275 412 fuerat,
3300 349 3512 416 quando
3549 350 3631 402 fn-

369 443 716 513 ἁναπέμπων
756 440 851 510 τὴν
902 439 1131 501 ἱκεσίαν,
1187 439 1324 509 μετά
1366 457 1509 503 τινος
1557 442 1747 509 μέλους
1788 440 1953 512 αὐτὴν

370 535 752 607 ⁸προηνέγκατο
772 530 1102 601 καταλλήλου
1126 530 1201 601 τῷ
1222 532 1414 603 καιρῷ·
1437 532 1500 585 δι’
1520 532 1547 584 ὃ
1565 552 1582 582 ι
1603 531 1828 601 Μελῴδη
1836 550 1910 602 μα
1931 552 1947 583 ι

368 628 474 679 καὶ
500 644 518 675 ι
556 624 710 695 ᾬδὴν
752 642 769 674 ι
817 624 865 675 oi
904 622 1079 675 λοιποὶ
1127 623 1219 675 καὶ
1256 624 1312 675 ἐν
1341 626 1407 692 τῇ
1428 624 1631 677 τούτων
1659 630 1952 696 προγραφῇ

370 716 761 784 πεποιήκασιν.
790 713 925 773 Τοὺς
950 711 1168 776 λοιποὺς
1190 713 1246 765 δὲ
1269 714 1374 765 τῶν
1394 716 1596 784 ὁμοίως
1625 718 1957 785 ἐπιγεγραμ-

377 805 560 872 μένων
590 803 985 875 παραπλησίως
1008 806 1120 866 τοῖς
1149 805 1456 875 εἰρημένοις
1490 807 1777 877 ἐπισκέψῃ.
1802 808 1953 859 Ὅσοι

372 896 537 959 εἰσὶν,
582 915 601 948 ι
648 900 707 951 ἐν
766 894 972 966 ὕμνοις,
1021 917 1039 949 ο
1090 897 1573 967 ἐπιγεγραμμένοι,
1606 899 1698 950 ἐπὶ
1748 898 1952 951 τούτων

372 988 501 1039 ἀντὶ
526 986 672 1051 τοῦ,ι
700 989 755 1039 ἐν
778 986 984 1057 ὕμνοις,
1019 1006 1039 1039 ι
1070 989 1097 1039 6
1139 988 1235 1057 μὲν
1271 986 1521 1050 Ἀκύλας,
1542 1007 1559 1038 ι
1588 990 1644 1040 ἐν
1666 987 1946 1059 ψαλμοῖς-ι

375 1078 411 1127 ὁ
433 1076 488 1129 δὲ
524 1076 815 1149 Σύμμαχος
852 1097 869 1129 ι
894 1077 983 1130 διὰ
1014 1078 1313 1149 ψαλτηρίου
1364 1098 1381 1130 ι
1432 1079 1759 1132 ἐκδέδωκεν·
1813 1080 1951 1133 ὥστε

376 1166 523 1218 κατὰ
550 1168 649 1237 τὴν
678 1168 855 1222 αὐτῶν
891 1170 1185 1239 ἑρμηνείαν
1218 1170 1406 1239 μόνους
1438 1167 1575 1224 εἶναι
1611 1172 1830 1236 τούτους
1865 1173 1953 1226 διὰ

372 1255 471 1306 τοῦ
512 1257 771 1325 μουσικοῦ
820 1259 1051 1331 ὀργάνου
1107 1260 1531 1331 μελῳδηθέντας.
1578 1263 1688 1315 Καὶ
1734 1262 1845 1332 ἔχει
1888 1280 1951 1331 γε

371 1345 533 1413 λόγον
557 1348 647 1402 τὸν
673 1350 929 1421 τέταρτον
952 1354 1186 1422 ψαλμὸν,
1217 1372 1235 1403 ι
1267 1356 1323 1405 ὲν
1350 1353 1539 1423 ύμνοις
1571 1374 1588 1405 ι
1614 1356 1953 1426 ἐπιγεγραμ-

372 1439 565 1507 μένον,
591 1438 658 1490 δι’
686 1441 917 1511 ὀργάνου
947 1440 1292 1511 κεκροῦσθαι.
1330 1443 1547 1513 Ἐπειδὴ
1583 1443 1687 1514 γὰρ
1712 1445 1739 1496 6
1773 1444 1953 1514 τρίτος

370 1526 562 1598 εἴρητο
585 1529 661 1598 τῷ
689 1529 869 1593 Δαυῒδ,
908 1532 1065 1599 ἡνίκα
1106 1531 1494 1602 ἀπεδίδρασκεν
1530 1534 1637 1587 ἀπὸ
1659 1534 1949 1607 προσώπου

386 1618 741 1689 Ἀὁεσσαλὼμ
776 1620 870 1672 τοῦ
902 1621 1017 1673 υἱοῦ
1077 1622 1264 1684 αὐτοῦ,
1305 1624 1534 1687 εἰκότως
1584 1626 1613 1677 6
1660 1626 1947 1697 τέταρτος,

2057 441 2134 508 git
2169 454 2197 492 a
2246 438 2381 494 facie
2412 438 2725 493 Abessalom
2762 438 2853 491 lilii
2883 438 2963 491 sui
2990 454 3001 491 :
3039 440 3227 492 merito
3257 450 3505 507 quartus,
3536 440 3626 505 qui

2059 532 2357 601 triumphos
2390 532 2607 586 exhibet
2646 528 2821 597 hujus,
2867 530 3009 598 quod
3052 538 3237 583 contra
3270 531 3435 583 lilium
3485 544 3625 593 erat,

2056 624 2199 687 belli,
2241 641 2258 673 ι
2296 625 2346 677 in
2380 623 2536 677 finem
2571 642 2588 673 ι
2632 624 2834 692 pariter
2876 632 2928 676 et
2963 640 2980 672 ι
3035 622 3084 674 in
3116 621 3327 691 hymnis
3372 641 3389 673 ι
3434 623 3627 676 inscri-

2057 724 2176 782 ptus
2221 722 2323 768 est.
2367 712 2490 766 Ideo
2542 712 2899 781 Symmachus
2959 712 3097 765 illius
3164 713 3300 772 loco,
3356 715 3407 762 in
3447 713 3623 780 ﬁnem,

2059 824 2077 855 ι
2117 804 2437 873 triumphale
2473 822 2491 854 ι
2554 804 2747 867 vertit;
2806 802 2995 870 Aquila
3039 817 3205 865 vero,
3269 822 3287 855 ι
3337 803 3555 861 ἤρεθε-ἱ,
3603 823 3622 854 ι

2052 898 2237 952 edidit.
2267 896 2413 949 llanc
2435 909 2561 948 vero
2586 910 2614 946 a
2638 896 2790 950 nobis
2820 894 3067 947 traditam
3096 896 3356 949 rationem
3384 906 3621 960 servant,

2052 1005 2171 1059 qua:
2206 1004 2329 1042 mox
2372 996 2675 1056 sequuntur
2717 988 2874 1040 verba
2919 988 2965 1018 ⁹⁰
3007 1003 3021 1039 :
3065 1005 3081 1037 t
3124 986 3254 1040 Cum
3295 987 3623 1051 invocarem,

2053 1081 2331 1136 exaudivit
2363 1094 2448 1132 me
2480 1080 2616 1132 Deus
2649 1078 2872 1145 justitize
2904 1092 3057 1143 meae,
3082 1097 3099 1129 ι
3144 1088 3197 1131 et
3232 1089 3448 1133 Caetera.
3486 1078 3626 1133 Con-

2054 1183 2253 1236 gruens
2286 1167 2449 1235 igitur
2476 1175 2593 1220 erat
2638 1165 2752 1219 haec
2796 1166 2950 1234 quasi
2982 1168 3033 1219 in
3089 1167 3396 1235 triumphis,
3432 1178 3485 1223 et
3531 1184 3626 1238 per

2055 1260 2255 1310 musica
2304 1260 2656 1310 instrumenta
2702 1258 2930 1310 cantari.
2982 1257 3200 1313 Tertius
3235 1274 3365 1313 vero
3388 1262 3624 1329 psalmus

2055 1366 2189 1411 non,
2221 1369 2237 1399 ι
2278 1350 2327 1401 in
2366 1347 2550 1410 tinent,
2586 1368 2603 1400 ι
2645 1349 2935 1417 inscriptus
2981 1359 3097 1405 crat
3136 1366 3150 1402 :
3195 1350 3430 1404 nonduin
3480 1350 3623 1405 enim

2054 1440 2359 1507 triumphus
2415 1438 2626 1500 aderat,
2680 1452 2856 1507 neque
2895 1448 3016 1507 post
3061 1438 3220 1493 linem
3273 1439 3396 1493 belli
3448 1441 3625 1496 dictus

2055 1529 2250 1582 fuerat.
2294 1530 2451 1583 Circa
2490 1539 2699 1583 sextum
2733 1544 2861 1582 vero
2894 1529 3155 1598 psalmum
3206 1532 3507 1600 perpendas
3535 1547 3625 1586 ve.

2053 1620 2179 1679 lim.
2224 1638 2288 1674 ne
2328 1618 2493 1684 forte,
2543 1621 2667 1689 quia
2718 1629 2837 1687 post
2885 1620 3096 1688 priores
3152 1622 3342 1689 psalmi
3399 1639 3621 1691 versus,

364 1709 443 1761 τὰ
473 1709 762 1778 νικητήρια
800 1710 1068 1779 περιέχων
1096 1711 1188 1763 τοῦ
1216 1712 1350 1782 πρὸς
1376 1714 1465 1767 τὸν
1492 1715 1606 1767 υἰὸν
1642 1715 1751 1785 (‘29)
1787 1717 1934 1769 πολέ-

2054 1713 2194 1765 circa
2234 1712 2392 1765 linem
2425 1712 2502 1765 sic
2531 1710 2692 1764 infert
2721 1712 2802 1765 “z
2842 1728 2862 1763 ι
2898 1712 3115 1766 Audivit
3147 1711 3405 1768 Dominus
3435 1728 3619 1769 vocem

374 1809 502 1861 μου,
539 1792 671 1862 ὁμοῦ
698 1793 791 1846 καί¹
822 1811 840 1844 t
881 1796 959 1857 εἰς
985 1795 1045 1847 τὸ
1068 1794 1237 1862 τέλος,
1268 1816 1284 1847 ι
1308 1797 1441 1867 ὁμοῦ
1476 1799 1567 1851 καὶ
1592 1820 1608 1850 ι
1633 1802 1690 1853 ἐν
1713 1800 1900 1872 ὕμνοις
1924 1823 1941 1854 ι

364 1882 793 1952 ἐπιγέγραπται.
824 1885 1019 1955 Διόπερ
1058 1889 1086 1939 6
1113 1886 1403 1957 Σύμμαχος
1441 1890 1559 1943 ἀντὶ
1602 1891 1714 1956 τοῦ,
1766 1895 1845 1955 εἰς
1892 1892 1950 1945 τὸ

364 1976 542 2041 τέλος,
582 1997 599 2029 ι
641 1979 922 2045 ἐπινίκιον,
964 2000 981 2031 ι
1016 1982 1043 2033 ὁ
1085 1981 1141 2034 δὲ
1171 1982 1419 2046 Ἀκύλας,
1454 2002 1470 2033 ι
1503 1984 1579 2053 τῷ
1609 1985 1883 2056 νικοποιῴ,
1923 2006 1943 2038 ι

366 2069 754 2123 ὲκδεδὼκασιν.
798 2070 963 2134 Σώζει
992 2071 1046 2123 δὲ
1082 2074 1178 2143 τὴν
1222 2074 1568 2129 ἀποδοθεῖσαν
1608 2076 1837 2147 θεωρίαν
1879 2078 1949 2131 τὰ

362 2160 751 2232 ἐπιλεγόμενα,
796 2163 853 2214 ἐν
896 2157 976 2225 οἷς
1008 2179 1204 2233 φησιν’
1247 2184 1263 2216 ι
1315 2166 1401 2218 Ἐν
1449 2167 1525 2237 τῷ
1571 2168 1944 2223 ἐπικαλεῖσθαί

364 2269 460 2323 με,
490 2254 774 2323 είσήκουσέ
832 2269 933 2323 μου
966 2256 994 2306 ὁ
1042 2253 1174 2319 Θεὸς
1200 2256 1297 2326 τῆς
1345 2257 1689 2329 δικαιοσύνης
1740 2278 1863 2331 μου,
1920 2284 1941 2315 ι

361 2343 460 2394 καὶ
488 2341 555 2394 τὰ
575 2342 1003 2414 ὲξῆς.”Ηρμοζεν
1034 2340 1125 2397 οῦν
1152 2347 1321 2401 ταῦτα
1351 2350 1424 2412 ὡς
1458 2351 1513 2402 ἐν
1538 2353 1823 2418 ἐπινικίοις
1851 2357 1943 2407 καί

359 2432 454 2486 διὰ
485 2435 757 2504 μουσικῶν
781 2438 1027 2508 ὀργάνων
1062 2442 1516 2516 ἀνακρουσθῆναι.
1566 2450 1621 2501 Ὀ
1665 2450 1720 2503 δὲ
1762 2450 1941 2521 τρίτος

362 2524 465 2577 ούκ
497 2526 894 2598 ἐπιγέγραπται
933 2531 1042 2603 (50)
1080 2550 1098 2584 t
1145 2535 1224 2598 εἰς
1254 2536 1311 2588 τὸ
1354 2537 1541 2601 τέλοςο
1585 2560 1602 2591 ι
1656 2543 1717 2593 ού
1745 2543 1851 2613 γὰρ
1873 2539 1955 2614 ἦν

360 2634 452 2669 πω
474 2618 733 2682 ἐπινίκιος
756 2637 770 2650 υ
794 2620 907 2674 ἀλλ’
939 2623 1059 2676 ούδέ
1094 2626 1185 2678 τοῦ
1218 2628 1451 2699 πολέμου
1480 2632 1630 2695 τέλος
1661 2633 1940 2705 εἰληφότος

358 2707 567 2799 εἴρητο.
586 2710 803 2799 ,Σκέψαι
830 2711 886 2764 δὲ
917 2712 1010 2766 καὶ
1038 2715 1129 2767 ἐπὶ
1152 2718 1246 2770 τοῦ
1284 2719 1463 2783 ἕκτου,
1500 2723 1709 2791 μήποτε
1751 2725 1936 2799 ἐπειδὴ

363 2798 505 2867 μετὰ
542 2798 608 2852 τὰ
638 2800 828 2871 πρῶτα
859 2802 952 2855 τοῦ
985 2804 1200 2875 ψαλμοῦ
1233 2809 1288 2861 ἐν
1318 2813 1429 2873 τοῖς
1459 2811 1786 2877 τελευταίοις
1816 2815 1935 2867 ἐπι.-

362 2890 518 2961 φέρει
543 2890 712 2961 λέγων
737 2910 748 2922 ·
778 2912 793 2944 ι
842 2897 1075 2949 Ἤκουσε
1102 2898 1301 2969 Κύριος
1329 2902 1424 2973 τῆς
1455 2904 1637 2973 φωνῆς
1658 2905 1750 2957 τοῦ
1780 2906 1938 2959 κλαυο

361 2978 501 3052 θμοῦ
531 3001 630 3054 μου
666 2986 796 3057 (5t),
833 2989 1117 3059 εἰσήκουσε
1150 2992 1352 3063 Κύριος
1395 2996 1493 3064 τῆς
1523 2995 1759 3068 δεήσεώς
1796 3017 1893 3069 μου
1916 3018 1943 3031 ’-

2053 1801 2209 1855 fletus
2233 1802 2334 1855 mei
2355 1818 2367 1853 :
2388 1800 2664 1855 exaudivit
2690 1800 2945 1855 Dominus
2962 1802 3397 1870 deprecationem
3422 1819 3619 1867 meam,

2054 1894 2309 1948 Dominus
2338 1894 2640 1947 orationem
2679 1907 2852 1947 meam
2880 1892 3139 1962 suscepit,
3163 1913 3179 1944 ›
3206 1896 3399 1947 merito
3422 1905 3476 1949 et
3509 1897 3621 1964 ipse

2055 2002 2077 2033 ς
2118 1985 2455 2053 triumphalis
2480 2003 2497 2035 ι
2524 1994 2610 2038 ett
2636 1999 2729 2053 per
2760 1984 3067 2051 psalterium
3097 2001 3111 2047 ;
3154 2003 3171 2034 ι
3208 1986 3347 2052 apud
3392 1985 3620 2054 Septua-

2047 2077 2192 2144 ginta
2230 2091 2356 2129 vero
2393 2094 2412 2127 ι
2458 2076 2508 2128 in
2542 2075 2757 2140 ﬁnem,»
2788 2087 2841 2129 et
2877 2076 2929 2129 in
2964 2093 2981 2125 ι
3012 2077 3227 2146 hymnis
3262 2095 3278 2126 ›
3324 2077 3619 2145 inscriptus

2046 2169 2135 2223 sit.
2174 2167 2286 2221 lnto
2337 2169 2500 2219 etiam
2538 2170 3017 2237 quinquagesitnus
3063 2170 3286 2231 tertius,
3322 2180 3449 2222 ante
3488 2184 3616 2238 pec-

2044 2269 2223 2313 catum
2276 2260 2326 2312 in
2379 2259 2560 2315 Uriam
2610 2274 2637 2312 a
2678 2258 2877 2312 Davide
2934 2259 3145 2325 dictus,
3192 2276 3313 2313 cum
3369 2261 3615 2315 venirent

2044 2347 2243 2419 Ziplttei
2307 2362 2361 2405 et
2416 2353 2657 2405 dicerent
2714 2351 2863 2403 Sauli
2909 2368 2921 2401 :
2982 2369 2999 2401 t
3042 2350 3229 2403 Nonne
3268 2364 3395 2404 ecce
3447 2349 3614 2404 David

2042 2443 2390 2497 absconditus
2427 2453 2506 2496 est
2538 2442 2672 2511 apud
2726 2443 2861 2495 nos?
2885 2463 2901 2495 ι
2931 2442 3358 2511 quandoquidem
3402 2441 3612 2497 calum-

2041 2534 2256 2587 niantes
2299 2549 2420 2587 eutn
2472 2533 2610 2602 apud
2652 2531 2867 2586 Saulcm
2933 2534 3069 2587 nihil
3128 2542 3456 2602 potuerant;
3505 2554 3522 2587 ι
3561 2538 3611 2587 in

2044 2626 2256 2695 hymnis
2292 2645 2309 2677 ι
2348 2625 2563 2695 quidem
2622 2626 2763 2695 apud
2815 2641 2935 2686 nos,
2996 2626 3137 2694 apud
3193 2626 3429 2695 reliquos
3485 2643 3612 2681 vero

2048 2734 2063 2766 t
2086 2732 2181 2786 per
2202 2720 2549 2789 psalterium)
2574 2726 2653 2772 ett
2678 2718 2729 2771 in
2749 2716 2968 2785 psalmis
2989 2734 3032 2768 ε»
3055 2717 3287 2787 itemque
3320 2740 3337 2768 ι
3366 2718 3607 2780 victori.»

2039 2820 2091 2863 et
2128 2829 2143 2860 ι
2172 2808 2552 2877 triumphale,»
2584 2807 2876 2877 inscriptus
2905 2817 3006 2862 est.
3046 2807 3165 2860 Pari
3197 2809 3355 2861 modo
3392 2809 3455 2862 de
3487 2809 3612 2863 reli-

2039 2905 2158 2972 quis
2208 2901 2441 2971 COgites,
2487 2902 2576 2970 qni
2635 2900 2796 2954 simili
2849 2900 3085 2969 gaudent
3126 2900 3494 2968 inscriptione.
3549 2902 3607 2954 ln

2042 2995 2288 3049 confesso
2332 3003 2415 3049 est
2466 2993 2753 3063 plerosque
2784 2993 3018 3061 psalmos
3052 3002 3169 3062 post
3219 2992 3607 3063 quinquagesi-

366 3073 569 3145 Κύριος
596 3076 693 3147 τὴν
730 3082 1036 3152 προσευχήν
1084 3100 1183 3153 μου
1225 3066 1612 3156 προσεδέξατο,
1659 3110 1676 3141 ι
1712 3066 1932 3155 εἰκότως

2039 3101 2183 3139 mum
2203 3087 2426 3155 positos,
2445 3086 2531 3138 diu
2553 3094 2680 3138 ante
2698 3083 3203 3153 quinquagesimum
3221 3084 3393 3137 editos
3415 3082 3599 3136 fuisse.

360 3166 521 3228 αὑτὸς
556 3184 573 3214 ι
610 3168 893 3233 ἐπινίκιος,
935 3191 952 3221 ι
988 3174 1079 3225 καὶ
1113 3191 1131 3224 t
1167 3172 1255 3227 διὰ
1280 3174 1599 3250 ψαλτηρίου,
1635 3198 1653 3230 ι
1698 3179 1848 3251 παρὰ
1874 3181 1931 3235 δὲ

358 3258 472 3315 τοῖς
513 3254 909 3328 Ἕϐδομήκοντα
953 3278 971 3311 ι
1005 3262 1081 3325 εἰς
1104 3261 1351 3329 τὸτέλος,
1386 3286 1403 3317 ι
1440 3269 1532 3320 καὶ
1560 3287 1577 3318 ι
1609 3270 1666 3320 ἐν
1696 3268 1883 3338 ὕμνοις
1906 3289 1923 3320 ι

361 3346 779 3417 ἐπιγέγραπται.
820 3350 976 3404 Ἀλλὰ
1015 3355 1107 3405 καὶ
1129 3356 1157 3407 6
1192 3359 1550 3428 πεντηκοστὸς
1581 3360 1781 3431 τρίτος,
1821 3362 1929 3431 πρὸ

358 3439 455 3509 τῆς
480 3441 558 3503 εἰς
585 3440 675 3493 τὸν
697 3443 896 3513 υύρίαν
929 3446 1201 3517 ἁμαρτίας
1235 3451 1521 3521 εἰρημένος
1548 3452 1626 3523 τῷ
1657 3452 1836 3517 Δαυῒδ,
1872 3456 1929 3507 ἐν

358 3529 436 3599 τῷ
463 3530 634 3584 ἐλθεῖν
657 3535 781 3596 τοὺς
807 3537 1061 3603 Ζιφαίους
1088 3540 1182 3591 καὶ
1208 3542 1380 3593 εἰπεῖν
1412 3542 1491 3612 τῷ
1523 3544 1692 3597 Σαούλ
1711 3562 1722 3574 ·
1761 3564 1779 3596 t
1816 3547 1929 3600 Ούκ

361 3622 469 3675 ἰδοὺ
504 3622 663 3676 Δαυῒδ
696 3624 997 3696 κέκρυπται
1024 3630 1149 3700 παρ’
1185 3632 1350 3700 ἡμῖν;
1385 3652 1402 3684 ι
1431 3633 1505 3697 ὼς
1530 3634 1596 3687 ἂν
1618 3636 1725 3689 τῶν
1749 3637 1930 3691 διαϐε-

358 3713 631 3783 ϐληκότων
663 3717 822 3768 αὑτὸν
877 3718 953 3788 τῷ
1005 3720 1178 3774 Σαοὺλ
1226 3723 1391 3792 μηδὲν
1448 3726 1767 3795 ἰσχυκότων,
1810 3748 1827 3780 ι
1868 3730 1927 3782 ἐν

361 3804 545 3876 ὕμνοις
579 3825 597 3857 ι
638 3808 736 3877 μὲν
780 3811 907 3879 παρ’
939 3812 1070 3881 ἡμῖν
1091 3828 1103 3840 '
1140 3816 1287 3885 παρὰ
1311 3815 1368 3867 δὲ
1400 3819 1511 3880 τοῖς
1544 3816 1750 3883 λοιποῖς
1790 3838 1807 3871 ι
1841 3819 1928 3873 διὰ

356 3896 648 3969 ψαλτηρίου
670 3918 690 3949 ι
711 3900 803 3952 καὶ
822 3918 839 3949 ι
860 3902 918 3954 ὲν
935 3902 1187 3974 ψαλμοῖς,
1210 3926 1229 3959 ι
1248 3907 1342 3960 καί
1364 3926 1382 3958 ι
1401 3908 1477 3978 τῷ
1489 3910 1763 3981 νικοποιῷ,
1796 3932 1814 3964 ι
1834 3914 1927 3965 καὶ

364 4007 380 4039 ι
404 3988 665 4053 έπινίκιος
702 4008 720 4042 ι
749 3992 1281 4065 ἐπιγέγραπται.Τὸν
1310 3998 1491 4067 ὅμοιον
1510 4001 1565 4053 δὲ
1587 4002 1785 4073 τρόπον
1809 4004 1928 4057 ἐπι-

360 4081 570 4149 στήσεις
596 4082 689 4134 καὶ
731 4083 844 4145 τοῖς
883 4083 1108 4150 λοιποῖς,
1145 4088 1257 4140 ὅσοι
1299 4089 1398 4159 τῆς
1438 4092 1630 4161 ὁμοίας
1670 4092 1924 4163 ἠξίωνται

361 4171 694 4241 προγραφῆς.
721 4172 1191 4246 Ὀμολογουμένως
1215 4180 1264 4231 οἰ
1294 4179 1510 4244 πλείους
1532 4181 1643 4252 (52)
1658 4182 1764 4236 τῶν
1790 4184 1927 4256 μετὰ

359 4261 444 4313 ’.ὸν
493 4263 855 4333 πεντηκοστὸν
894 4266 1127 4337 ψαλμὸν,
1181 4271 1375 4344 μακρῷ
1411 4274 1645 4345 πρόσθεν
1679 4276 1933 4349 εἴρηνται

358 4349 444 4405 τοῦ
482 4356 865 4423 πεντηκοστοῦ.
904 4358 1014 4411 Καὶ
1044 4360 1206 4423 αὐτὸς
1229 4362 1285 4414 δὲ
1313 4366 1341 4416 6
1380 4368 1743 4436 πεντηκοστὸς
1772 4368 1923 4441 εἴρη-

357 4458 440 4495 ται
463 4444 567 4514 πρὸ
588 4444 684 4497 τοῦ
712 4447 899 4517 χρόνου
930 4449 1023 4502 τοῦ
1042 4452 1182 4505 κατὰ
1197 4453 1288 4507 τὸν
1306 4456 1507 4525 τρίτον,
1530 4457 1589 4521 ὃς
1620 4458 1809 4531 ἐλέχθη
1841 4460 1918 4531 τῷ

358 4532 513 4586 Δαυῒδ
530 4536 688 4604 ἡνίκα
710 4540 1100 4613 ἀπεδίδρασκεν
1117 4544 1223 4598 ἀπὸ
1236 4546 1525 4618 προσώπου
1542 4549 1635 4603 τοῦ
1656 4550 1913 4603 Ἀϐεσσα-

359 4623 470 4695 λὼμ
482 4625 575 4679 τοῦ
593 4628 706 4682 υἰοῦ
726 4630 1022 4691 αύτοῦΪΗν
1048 4637 1091 4691 δ’
1109 4633 1262 4703 οὗτος
1292 4641 1481 4712 χρόνος
1499 4643 1528 4694 6
1560 4642 1698 4713 μετὰ
1710 4643 1806 4714 τὴν
1824 4642 1917 4696 τοῦ

359 4718 715 4787 πεντηκοστοῦ
754 4723 1156 4798 ἐξομολόγησιν.
1198 4731 1330 4783 Τίνα
1352 4728 1444 4785 οὖν
1474 4730 1705 4805 ἄρα(55)
1738 4733 1920 4787 τοιαύ-

356 4820 447 4876 την
476 4811 715 4882 περιέχει
744 4814 928 4893 τάξιν;
975 4820 1033 4872 '0
1067 4821 1165 4890 μέν
1200 4840 1282 4885 τις
1310 4822 1454 4876 εἴποι
1484 4824 1626 4895 ἔχειν
1656 4826 1777 4879 τινὰ
1808 4825 1917 4878 τῶν

419 4902 465 4935 ⁸⁸
490 4902 629 4960 Psal.
662 4924 737 4974 tv,
776 4910 828 4963 2.
905 4913 947 4943 ⁹¹
981 4913 1126 4968 Psal.
1162 4932 1232 4981 γι,
1268 4917 1319 4983 9,
1358 4920 1444 4973 lt).

353 5014 529 5142 νῦῒ829)
584 5019 739 5087 Πρὸς
768 5022 875 5076 τὸν
902 5026 1054 5080 υἱόν.
1098 5026 1279 5081 Codex
1313 5028 1630 5097 Vaticanus,
1676 5032 1813 5103 πρὸς
1860 5033 1922 5086 τδ

564 5158 742 5238 gadet:
776 5159 1090 5238 Yatit-anns,
1130 5166 1533 5238 ἐπεγέγραπτο.

440 5225 539 5312 3|).
568 5226 746 5312 (fndes
792 5225 1095 5312 Yittieantts
1122 5237 1218 5305 τὴν
1244 5225 1446 5312 ἰρίόνὴν
1493 5239 1591 5312 τοῦ
1634 5240 1913 5312 κλαυθμοῦ

360 5298 1015 5381 μουζὶείσίῄκουσεΙΚύριος
1034 5298 1347 5381 τῆςφωνῆς
1368 5298 1483 5381 τῆς
1514 5310 1749 5381 δεήσεως
1783 5298 1907 5381 μου.

420 5366 528 5448 (δὲ)
562 5369 627 5419 Οἱ
658 5366 1066 5448 πλείους’,-θιο.
1091 5366 1341 5448 Bibulus
1366 5366 1673 5448 Prologo'in
1706 5366 1900 5437 librtnn

358 5433 703 5505 l'salmorum,
742 5433 895 5497 nunt.
940 5442 1021 5495 9:
1082 5443 1326 5500 Psalmus
1379 5433 1560 5503 tertia;
1618 5433 1900 5505 secundum

355 5503 617 5586 historiam
662 5511 1088 5586 quinquagesimo
1133 5516 1335 5577 psalmo
1374 5503 1779 5585 posteriorest:
1814 5503 1897 5574 in;

353 5581 551 5653 scriptio
592 5592 811 5653 namque
852 5581 1119 5653 utriusque
1160 5587 1321 5639 nmlto
1352 5581 1621 5642 intervallo
1656 5593 1897 5653 temporis

353 5649 611 5714 «Italiaque
635 5649 836 5703 diversa
863 5664 956 5705 est.
1002 5651 1138 5707 Nam
1166 5654 1250 5706 hic
1280 5673 1394 5725 qua:
1428 5661 1519 5711 sub
1548 5657 1674 5715 Uria
1712 5649 1766 5716 et
1794 5664 1899 5717 Du-

2034 3177 2145 3230 ltno
2181 3174 2342 3245 524
2372 3162 2485 3244 ipse
2509 3173 2988 3243 quinquagesimus
3038 3172 3291 3226 recitatus
3341 3171 3440 3225 fuit
3478 3182 3601 3225 ante.

2034 3267 2279 3329 tertium,
2319 3268 2411 3333 qui
2449 3266 2623 3320 dictus
2651 3273 2735 3319 est
2760 3280 2787 3317 a
2822 3262 3023 3317 Davide
3053 3279 3176 3318 cum
3220 3263 3422 3333 fugeret
3449 3278 3478 3317 a
3526 3264 3603 3317 fa-

2031 3362 2114 3413 cie
2132 3355 2440 3411 Abessalont
2471 3356 2566 3409 lilii
2596 3357 2677 3410 sui
2703 3356 2874 3425 :quod
2899 3366 3043 3410 certe
3073 3364 3281 3423 tempus
3304 3365 3422 3423 post
3448 3355 3605 3424 quin-

2030 3448 2330 3520 quagesimi
2376 3446 2770 3505 confessionem
2808 3446 3091 3501 locandum
3125 3456 3228 3500 est.
3265 3446 3402 3513 Quid
3443 3446 3605 3515 igitur

2030 3553 2210 3594 causa:
2251 3547 2336 3594 est
2390 3540 2533 3608 quod
2598 3537 2757 3592 talem
2794 3538 3029 3593 habeant
3076 3538 3604 3593 ordinem?l)ixerit

2034 3631 2266 3687 fortasse
2307 3630 2578 3700 quispiam
2608 3646 2869 3685 numeros
2894 3630 3136 3701 singulos
3164 3631 3398 3699 aliquam
3437 3633 3602 3684 virtu-

2028 3730 2136 3776 tem
2160 3721 2467 3799 complecti,
2487 3722 2786 3775 secundum
2818 3722 3130 3775 numericas
3160 3722 3400 3776 rationes
3428 3723 3603 3776 consi-

2030 3815 2267 3870 deratam
2292 3831 2307 3881 ;
2334 3824 2391 3869 ut
2426 3814 2661 3885 exempli
2692 3830 2875 3881 causa,
2904 3815 2956 3868 in
2983 3814 3163 3868 divina
3200 3814 3478 3886 Scriptura
3508 3830 3599 3869 se-

2028 3908 2310 3978 ptenarius
2359 3922 2617 3963 numerus
2641 3910 2692 3961 in
2724 3908 2931 3962 honore
2960 3907 3209 3973 habetur,
3240 3908 3308 3961 ob
3336 3907 3598 3977 quasdam

2029 3999 2304 4065 rationes;
2339 4014 2463 4053 nam
2496 3999 2550 4053 in
2603 4010 2809 4068 septem
2844 3999 3031 4054 diebus
3071 3998 3363 4053 Sabhatum
3400 4011 3601 4068 praaro-

2028 4090 2206 4160 gativa
2232 4090 2514 4160 dignatur;
2552 4101 2604 4146 et
2636 4092 2687 4145 in
2721 4102 2925 4160 septem
2959 4090 3384 4147 hebdomadibus
3406 4090 3600 4145 Pente-

2027 4190 2177 4234 coste
2204 4194 2217 4244 ;
2246 4180 2299 4233 in
2336 4182 2614 4237 mensibus
2648 4184 2909 4252 septimus
2948 4182 3187 4248 mensis;
3218 4183 3270 4235 in
3308 4180 3466 4236 annis
3511 4196 3601 4235 au-

2032 4280 2137 4325 tem
2170 4272 2431 4342 septimus
2459 4290 2472 4338 ;
2503 4283 2556 4327 et
2606 4276 2658 4327 in
2699 4276 3145 4345 multiplicatione
3168 4274 3596 4344 septenariorum

1953 4415 2001 4471 θ
2026 4378 2123 4433 per
2160 4380 2351 4428 annos,
2381 4362 2641 4421 Jubilaeus
2664 4376 2868 4433 septem
2889 4366 3595 4421 annorumhebdomadibus

2025 4455 2342 4523 completus.
2376 4454 2719 4525 Rursumque
2742 4456 2897 4527 dyas,
2932 4458 3047 4511 sive
3084 4456 3336 4522 dualitas,
3368 4472 3464 4528 pro
3496 4457 3598 4510 int-

2020 4559 2156 4613 puro
2188 4560 2409 4601 numero
2438 4558 2802 4617 computatur.
2836 4550 3047 4605 Dictum
3076 4551 3272 4621 quippe
3306 4551 3405 4605 fuit
3436 4548 3547 4604 Noe
3577 4567 3591 4603 :

2027 4655 2044 4688 ι
2084 4635 2308 4692 lnduces
2340 4640 2390 4693 in
2432 4656 2612 4695 arcam
2652 4644 2974 4699 mundorum
3025 4646 3240 4715 quidem
3279 4643 3591 4703 animalium

2020 4741 2225 4799 septem
2253 4743 2306 4786 et
2328 4743 2558 4801 septem,
2581 4735 2980 4790 immundorum
3007 4746 3185 4791 autem
3212 4740 3317 4790 duo
3338 4744 3390 4789 et
3412 4734 3534 4789 duo.
3566 4753 3585 4785 ι

2024 4821 2295 4880 Unitatem
2322 4842 2449 4881 vero
2481 4827 2637 4899 longe
2683 4828 2832 4898 prius
2862 4843 3003 4896 esse,
3045 4830 3162 4885 sire
3182 4844 3302 4883 eam
3323 4842 3444 4898 quae
3474 4827 3588 4895 pri-

2031 5028 2116 5101 mit!
2146 5036 2265 5101 sunt
2288 5038 2454 5101 gesta,
2483 5030 2872 5095 complectitur;
2902 5030 2986 5083 illo
3000 5043 3171 5086 autem
3191 5031 3370 5101 fugam
3396 5031 3586 5097 David,

2028 5099 2313 5171 Abessalon
2340 5098 2451 5163 ﬁlio
2480 5114 2596 5151 eum
2618 5109 2970 5168 persequente,
3000 5098 3272 5171 signiﬁca-3
3295 5119 3313 5158 :
3337 5113 3385 5157 et
3411 5112 3586 5157 tamen

2026 5170 2187 5241 virtus
2217 5183 2277 5219 ac
2314 5178 2696 5241 sacramentum
2731 5172 2929 5241 numeri
2953 5170 3173 5241 perﬁcit,
3204 5176 3341 5226 hunc
3361 5184 3407 5227 et
3437 5172 3581 5226 illum

2021 5239 2094 5308 sic
2125 5254 2217 5303 pro
2242 5238 2662 5308 competentibus
2691 5252 2735 5291 et
2784 5239 2883 5291 sibi
2919 5238 3166 5308 congruis
3202 5244 3434 5297 timueris
3470 5244 3581 5295 col-

2018 5305 2429 5382 Ιοεςινὶηϐοιιΐοι*
2464 5306 2587 5382 item
2616 5323 2764 5382 num.
2796 5308 2861 5362 10
2887 5322 2936 5362 et
2974 5305 3175 5367 tl‘cum
3208 5314 3579 5382 sequentibus.

2015 5387 2070 5428 et
2101 5378 2574 5452 lati-berspnmia
2620 5378 2734 5433 fere
2786 5397 2849 5434 ex
2899 5382 3130 5452 Origene
3156 5378 3341 5439 nostro
3367 5393 3582 5437 mutua-

2014 5455 2123 5498 tum
2166 5461 2285 5498 esse.
2321 5444 2601 5499 Ililarium.

2007 5514 2191 5641 ἄοξιὸὂ)
2259 5516 2395 5569 Τίνα
2424 5511 2535 5570 οὖν
2559 5517 2691 5588 ἄρα,
2725 5528 2833 5574 etc.
2870 5519 3030 5577 Forte
3061 5521 3376 5595 legendum:
3402 5522 3467 5580 Τί
3484 5519 3593 5581 οὖν.

2048 5602 2131 5655 ρα.
