  <div class='ocr_page' id='page_1' title='image "/cluster/home/n/w/nwhite01/storage/ocr_20150623/12/hvd.32044052796216/545.png"; bbox 0 0 4058 6244; ppageno 0'>
   <div class='ocr_carea' id='block_1_1' title="bbox 526 285 663 341">
    <p class='ocr_par' dir='ltr' id='par_1_1' title="bbox 526 285 663 341">
     <span class='ocr_line' id='line_1_1' title="bbox 526 285 663 341; baseline -0.015 0"><span class='ocrx_word' id='word_1_1' title='bbox 526 285 663 341; x_wconf 65' lang='lat' dir='ltr'><strong>{U79</strong></span> 
     </span>
    </p>
   </div>
   <div class='ocr_carea' id='block_1_2' title="bbox 1945 277 2369 333">
    <p class='ocr_par' dir='ltr' id='par_1_2' title="bbox 1945 277 2369 333">
     <span class='ocr_line' id='line_1_2' title="bbox 1945 277 2369 333; baseline -0.007 -1"><span class='ocrx_word' id='word_1_2' title='bbox 1945 278 2032 332; x_wconf 71' lang='lat' dir='ltr'><strong>EX</strong></span> <span class='ocrx_word' id='word_1_3' title='bbox 2070 277 2369 333; x_wconf 66' lang='grc' dir='ltr'>ΟῘΗΟΕᾸΕ</span> 
     </span>
    </p>
   </div>
   <div class='ocr_carea' id='block_1_3' title="bbox 3665 272 3831 326">
    <p class='ocr_par' dir='ltr' id='par_1_3' title="bbox 3665 272 3831 326">
     <span class='ocr_line' id='line_1_3' title="bbox 3665 272 3831 326; baseline 0.018 -3"><span class='ocrx_word' id='word_1_4' title='bbox 3665 272 3693 323; x_wconf 65' lang='lat' dir='ltr'><strong>i</strong></span> <span class='ocrx_word' id='word_1_5' title='bbox 3702 272 3831 326; x_wconf 63' lang='lat'><strong>(=83</strong></span> 
     </span>
    </p>
   </div>
   <div class='ocr_carea' id='block_1_4' title="bbox 526 383 2088 463">
    <p class='ocr_par' dir='ltr' id='par_1_4' title="bbox 526 394 2088 463">
     <span class='ocr_line' id='line_1_4' title="bbox 526 394 2088 463; baseline 0.001 -16"><span class='ocrx_word' id='word_1_6' title='bbox 526 405 777 452; x_wconf 64' lang='lat' dir='ltr'><strong>iteremus</strong></span> <span class='ocrx_word' id='word_1_7' title='bbox 804 394 1145 449; x_wconf 71' lang='lat' dir='ltr'><strong>humanitate</strong></span> <span class='ocrx_word' id='word_1_8' title='bbox 1182 403 1273 448; x_wconf 89' lang='lat' dir='ltr'><strong>tua</strong></span> <span class='ocrx_word' id='word_1_9' title='bbox 1324 409 1385 448; x_wconf 90' lang='lat' dir='ltr'><strong>ac</strong></span> <span class='ocrx_word' id='word_1_10' title='bbox 1431 394 1807 449; x_wconf 79' lang='lat' dir='ltr'><strong>moderatione</strong></span> <span class='ocrx_word' id='word_1_11' title='bbox 1834 394 2088 463; x_wconf 83' lang='lat' dir='ltr'><strong>perpulsi.</strong></span> 
     </span>
    </p>
   </div>
   <div class='ocr_carea' id='block_1_5' title="bbox 2195 383 3828 463">
    <p class='ocr_par' dir='ltr' id='par_1_5' title="bbox 2205 383 3828 457">
     <span class='ocr_line' id='line_1_5' title="bbox 2205 383 3828 457; baseline -0.007 -10"><span class='ocrx_word' id='word_1_12' title='bbox 2205 394 2318 447; x_wconf 81' lang='grc' dir='ltr'>θεῖν</span> <span class='ocrx_word' id='word_1_13' title='bbox 2340 410 2353 423; x_wconf 85' lang='lat'><strong><em>°</em></strong></span> <span class='ocrx_word' id='word_1_14' title='bbox 2389 391 2484 444; x_wconf 75' lang='grc' dir='ltr'><strong>καὶ</strong></span> <span class='ocrx_word' id='word_1_15' title='bbox 2518 391 2597 442; x_wconf 78' lang='grc' dir='ltr'><strong>ὅτι</strong></span> <span class='ocrx_word' id='word_1_16' title='bbox 2629 407 2690 457; x_wconf 89' lang='grc' dir='ltr'><strong>γε</strong></span> <span class='ocrx_word' id='word_1_17' title='bbox 2744 389 2837 441; x_wconf 74' lang='grc' dir='ltr'>ἐπὶ</span> <span class='ocrx_word' id='word_1_18' title='bbox 2866 389 2998 442; x_wconf 72' lang='grc' dir='ltr'>πολὺ</span> <span class='ocrx_word' id='word_1_19' title='bbox 3034 388 3390 457; x_wconf 78' lang='grc' dir='ltr'>ἁναδνόμενόν</span> <span class='ocrx_word' id='word_1_20' title='bbox 3447 403 3546 455; x_wconf 80' lang='grc' dir='ltr'><strong>με,</strong></span> <span class='ocrx_word' id='word_1_21' title='bbox 3604 383 3702 437; x_wconf 70' lang='grc' dir='ltr'><strong>διά</strong></span> <span class='ocrx_word' id='word_1_22' title='bbox 3756 388 3828 435; x_wconf 57' lang='grc' dir='ltr'>τὶ</span> 
     </span>
    </p>
   </div>
   <div class='ocr_carea' id='block_1_6' title="bbox 527 486 2089 557">
    <p class='ocr_par' dir='ltr' id='par_1_6' title="bbox 527 486 2089 557">
     <span class='ocr_line' id='line_1_6' title="bbox 527 486 2089 557; baseline -0.003 -14"><span class='ocrx_word' id='word_1_23' title='bbox 527 489 970 557; x_wconf 80' lang='lat' dir='ltr'><strong>Quandoquidem</strong></span> <span class='ocrx_word' id='word_1_24' title='bbox 1007 488 1098 542; x_wconf 92' lang='lat' dir='ltr'><strong>diu</strong></span> <span class='ocrx_word' id='word_1_25' title='bbox 1143 502 1228 541; x_wconf 90' lang='lat' dir='ltr'><strong>me</strong></span> <span class='ocrx_word' id='word_1_26' title='bbox 1259 496 1536 554; x_wconf 90' lang='lat' dir='ltr'><strong>comperta</strong></span> <span class='ocrx_word' id='word_1_27' title='bbox 1566 486 1793 555; x_wconf 83' lang='lat' dir='ltr'><strong>periculi</strong></span> <span class='ocrx_word' id='word_1_28' title='bbox 1827 487 2089 555; x_wconf 82' lang='lat' dir='ltr'><strong>magnitu-</strong></span> 
     </span>
    </p>
   </div>
   <div class='ocr_carea' id='block_1_7' title="bbox 529 578 2096 646">
    <p class='ocr_par' dir='ltr' id='par_1_7' title="bbox 529 578 2096 646">
     <span class='ocr_line' id='line_1_7' title="bbox 529 578 2096 646; baseline -0.003 -11"><span class='ocrx_word' id='word_1_29' title='bbox 529 585 652 638; x_wconf 85' lang='lat' dir='ltr'><strong>dine</strong></span> <span class='ocrx_word' id='word_1_30' title='bbox 682 589 1040 643; x_wconf 80' lang='lat' dir='ltr'><strong>recusantem,</strong></span> <span class='ocrx_word' id='word_1_31' title='bbox 1103 593 1207 633; x_wconf 86' lang='lat' dir='ltr'><strong>non</strong></span> <span class='ocrx_word' id='word_1_32' title='bbox 1267 579 1432 633; x_wconf 91' lang='lat' dir='ltr'><strong>modo</strong></span> <span class='ocrx_word' id='word_1_33' title='bbox 1490 579 1769 646; x_wconf 81' lang='lat' dir='ltr'><strong>disputare</strong></span> <span class='ocrx_word' id='word_1_34' title='bbox 1822 578 1887 631; x_wconf 89' lang='lat' dir='ltr'><strong>de</strong></span> <span class='ocrx_word' id='word_1_35' title='bbox 1930 579 2096 631; x_wconf 84' lang='lat' dir='ltr'><strong>sacris</strong></span> 
     </span>
    </p>
   </div>
   <div class='ocr_carea' id='block_1_8' title="bbox 526 670 2097 739">
    <p class='ocr_par' dir='ltr' id='par_1_8' title="bbox 526 670 2097 739">
     <span class='ocr_line' id='line_1_8' title="bbox 526 670 2097 739; baseline -0.003 -12"><span class='ocrx_word' id='word_1_36' title='bbox 526 675 761 738; x_wconf 90' lang='lat' dir='ltr'><strong>litteris,</strong></span> <span class='ocrx_word' id='word_1_37' title='bbox 814 674 906 727; x_wconf 91' lang='lat' dir='ltr'><strong>sed</strong></span> <span class='ocrx_word' id='word_1_38' title='bbox 942 680 996 725; x_wconf 92' lang='lat' dir='ltr'><strong>et</strong></span> <span class='ocrx_word' id='word_1_39' title='bbox 1027 672 1200 725; x_wconf 92' lang='lat' dir='ltr'><strong>multo</strong></span> <span class='ocrx_word' id='word_1_40' title='bbox 1243 670 1415 739; x_wconf 83' lang='lat' dir='ltr'><strong>magis</strong></span> <span class='ocrx_word' id='word_1_41' title='bbox 1460 670 1700 724; x_wconf 89' lang='lat' dir='ltr'><strong>scribere</strong></span> <span class='ocrx_word' id='word_1_42' title='bbox 1750 684 1814 723; x_wconf 92' lang='lat' dir='ltr'><strong>ac</strong></span> <span class='ocrx_word' id='word_1_43' title='bbox 1868 670 2097 737; x_wconf 86' lang='lat' dir='ltr'><strong>posteris</strong></span> 
     </span>
    </p>
   </div>
   <div class='ocr_carea' id='block_1_9' title="bbox 527 760 2096 833">
    <p class='ocr_par' dir='ltr' id='par_1_9' title="bbox 527 760 2096 833">
     <span class='ocr_line' id='line_1_9' title="bbox 527 760 2096 833; baseline -0.004 -16"><span class='ocrx_word' id='word_1_44' title='bbox 527 766 852 833; x_wconf 77' lang='lat' dir='ltr'><strong>relinquere,</strong></span> <span class='ocrx_word' id='word_1_45' title='bbox 876 763 1052 818; x_wconf 93' lang='lat' dir='ltr'><strong>modis</strong></span> <span class='ocrx_word' id='word_1_46' title='bbox 1085 761 1337 817; x_wconf 90' lang='lat' dir='ltr'><strong>omnibus</strong></span> <span class='ocrx_word' id='word_1_47' title='bbox 1379 772 1545 829; x_wconf 86' lang='lat' dir='ltr'><strong>atque</strong></span> <span class='ocrx_word' id='word_1_48' title='bbox 1585 760 1856 814; x_wconf 85' lang='lat' dir='ltr'><strong>illecebris</strong></span> <span class='ocrx_word' id='word_1_49' title='bbox 1889 760 2096 814; x_wconf 88' lang='lat' dir='ltr'><strong>demul—</strong></span> 
     </span>
    </p>
   </div>
   <div class='ocr_carea' id='block_1_10' title="bbox 526 852 2096 921">
    <p class='ocr_par' dir='ltr' id='par_1_10' title="bbox 526 852 2096 921">
     <span class='ocr_line' id='line_1_10' title="bbox 526 852 2096 921; baseline -0.002 -11"><span class='ocrx_word' id='word_1_50' title='bbox 526 857 665 921; x_wconf 80' lang='lat' dir='ltr'><strong>sisti,</strong></span> <span class='ocrx_word' id='word_1_51' title='bbox 711 866 765 910; x_wconf 88' lang='lat' dir='ltr'><strong>et</strong></span> <span class='ocrx_word' id='word_1_52' title='bbox 796 857 858 909; x_wconf 92' lang='lat' dir='ltr'><strong>ad</strong></span> <span class='ocrx_word' id='word_1_53' title='bbox 891 856 993 909; x_wconf 91' lang='lat' dir='ltr'><strong>hoc</strong></span> <span class='ocrx_word' id='word_1_54' title='bbox 1041 853 1366 921; x_wconf 89' lang='lat' dir='ltr'><strong>quibusdam</strong></span> <span class='ocrx_word' id='word_1_55' title='bbox 1406 852 1706 907; x_wconf 84' lang='lat' dir='ltr'><strong>divinitatis</strong></span> <span class='ocrx_word' id='word_1_56' title='bbox 1753 852 2096 921; x_wconf 77' lang='lat' dir='ltr'><strong>progressio-</strong></span> 
     </span>
    </p>
   </div>
   <div class='ocr_carea' id='block_1_11' title="bbox 528 943 2093 1012">
    <p class='ocr_par' dir='ltr' id='par_1_11' title="bbox 528 943 2093 1012">
     <span class='ocr_line' id='line_1_11' title="bbox 528 943 2093 1012; baseline -0.003 -12"><span class='ocrx_word' id='word_1_57' title='bbox 528 948 684 1002; x_wconf 88' lang='lat' dir='ltr'><strong>nibus</strong></span> <span class='ocrx_word' id='word_1_58' title='bbox 723 945 1017 1009; x_wconf 76' lang='lat' dir='ltr'><strong>adduxisti.</strong></span> <span class='ocrx_word' id='word_1_59' title='bbox 1056 944 1133 997; x_wconf 90' lang='lat' dir='ltr'><strong>Tu</strong></span> <span class='ocrx_word' id='word_1_60' title='bbox 1180 943 1345 1012; x_wconf 78' lang='lat' dir='ltr'><strong>igitur</strong></span> <span class='ocrx_word' id='word_1_61' title='bbox 1377 944 1526 999; x_wconf 89' lang='lat' dir='ltr'><strong>testis</strong></span> <span class='ocrx_word' id='word_1_62' title='bbox 1566 944 1696 997; x_wconf 92' lang='lat' dir='ltr'><strong>mihi</strong></span> <span class='ocrx_word' id='word_1_63' title='bbox 1742 944 1881 1012; x_wconf 89' lang='lat' dir='ltr'><strong>apud</strong></span> <span class='ocrx_word' id='word_1_64' title='bbox 1923 944 2093 997; x_wconf 92' lang='lat' dir='ltr'><strong>Deum</strong></span> 
     </span>
    </p>
   </div>
   <div class='ocr_carea' id='block_1_12' title="bbox 523 1035 2089 1105">
    <p class='ocr_par' dir='ltr' id='par_1_12' title="bbox 523 1035 2089 1105">
     <span class='ocr_line' id='line_1_12' title="bbox 523 1035 2089 1105; baseline -0.004 -12"><span class='ocrx_word' id='word_1_65' title='bbox 523 1042 654 1105; x_wconf 84' lang='lat' dir='ltr'><strong>eris,</strong></span> <span class='ocrx_word' id='word_1_66' title='bbox 698 1049 809 1093; x_wconf 90' lang='lat' dir='ltr'><strong>tum</strong></span> <span class='ocrx_word' id='word_1_67' title='bbox 854 1053 976 1091; x_wconf 92' lang='lat' dir='ltr'><strong>cum</strong></span> <span class='ocrx_word' id='word_1_68' title='bbox 1026 1038 1091 1090; x_wconf 91' lang='lat' dir='ltr'><strong>de</strong></span> <span class='ocrx_word' id='word_1_69' title='bbox 1134 1035 1242 1088; x_wconf 80' lang='lat' dir='ltr'><strong>vita</strong></span> <span class='ocrx_word' id='word_1_70' title='bbox 1288 1050 1405 1089; x_wconf 91' lang='lat' dir='ltr'><strong>mea</strong></span> <span class='ocrx_word' id='word_1_71' title='bbox 1457 1050 1521 1089; x_wconf 85' lang='lat' dir='ltr'><strong>ac</strong></span> <span class='ocrx_word' id='word_1_72' title='bbox 1574 1036 1793 1103; x_wconf 90' lang='lat' dir='ltr'><strong>scriptis</strong></span> <span class='ocrx_word' id='word_1_73' title='bbox 1832 1036 2089 1104; x_wconf 88' lang='lat' dir='ltr'><strong>inquiret,</strong></span> 
     </span>
    </p>
   </div>
   <div class='ocr_carea' id='block_1_13' title="bbox 521 1126 2090 1199">
    <p class='ocr_par' dir='ltr' id='par_1_13' title="bbox 521 1126 2090 1199">
     <span class='ocr_line' id='line_1_13' title="bbox 521 1126 2090 1199; baseline -0.003 -17"><span class='ocrx_word' id='word_1_74' title='bbox 521 1146 756 1199; x_wconf 83' lang='lat' dir='ltr'><strong>quonam</strong></span> <span class='ocrx_word' id='word_1_75' title='bbox 792 1128 959 1182; x_wconf 89' lang='lat' dir='ltr'><strong>animi</strong></span> <span class='ocrx_word' id='word_1_76' title='bbox 1007 1126 1236 1181; x_wconf 89' lang='lat' dir='ltr'><strong>consilio</strong></span> <span class='ocrx_word' id='word_1_77' title='bbox 1265 1127 1336 1181; x_wconf 85' lang='lat' dir='ltr'><strong>sit</strong></span> <span class='ocrx_word' id='word_1_78' title='bbox 1369 1126 1510 1181; x_wconf 91' lang='lat' dir='ltr'><strong>istud</strong></span> <span class='ocrx_word' id='word_1_79' title='bbox 1556 1143 1584 1180; x_wconf 93' lang='lat' dir='ltr'><strong>a</strong></span> <span class='ocrx_word' id='word_1_80' title='bbox 1630 1142 1715 1181; x_wconf 90' lang='lat' dir='ltr'><strong>me</strong></span> <span class='ocrx_word' id='word_1_81' title='bbox 1758 1138 2090 1194; x_wconf 90' lang='lat' dir='ltr'><strong>susceptum.</strong></span> 
     </span>
    </p>
   </div>
   <div class='ocr_carea' id='block_1_14' title="bbox 518 1220 2087 1290">
    <p class='ocr_par' dir='ltr' id='par_1_14' title="bbox 518 1220 2087 1290">
     <span class='ocr_line' id='line_1_14' title="bbox 518 1220 2087 1290; baseline -0.003 -13"><span class='ocrx_word' id='word_1_82' title='bbox 518 1228 597 1279; x_wconf 79' lang='lat' dir='ltr'><strong>Ac</strong></span> <span class='ocrx_word' id='word_1_83' title='bbox 650 1235 1033 1289; x_wconf 88' lang='lat' dir='ltr'><strong>nonnunquam</strong></span> <span class='ocrx_word' id='word_1_84' title='bbox 1086 1220 1300 1288; x_wconf 88' lang='lat' dir='ltr'><strong>quidem</strong></span> <span class='ocrx_word' id='word_1_85' title='bbox 1352 1220 1636 1275; x_wconf 77' lang='lat' dir='ltr'><strong>veritatem</strong></span> <span class='ocrx_word' id='word_1_86' title='bbox 1698 1221 2087 1290; x_wconf 85' lang='lat' dir='ltr'><strong>assequimur;</strong></span> 
     </span>
    </p>
   </div>
   <div class='ocr_carea' id='block_1_15' title="bbox 523 1314 2094 1382">
    <p class='ocr_par' dir='ltr' id='par_1_15' title="bbox 523 1314 2094 1382">
     <span class='ocr_line' id='line_1_15' title="bbox 523 1314 2094 1382; baseline -0.003 -14"><span class='ocrx_word' id='word_1_87' title='bbox 523 1329 907 1382; x_wconf 80' lang='lat' dir='ltr'><strong>nonnunquam</strong></span> <span class='ocrx_word' id='word_1_88' title='bbox 960 1323 1055 1367; x_wconf 84' lang='lat' dir='ltr'><strong>aut</strong></span> <span class='ocrx_word' id='word_1_89' title='bbox 1107 1314 1399 1367; x_wconf 81' lang='lat' dir='ltr'><strong>violentius</strong></span> <span class='ocrx_word' id='word_1_90' title='bbox 1478 1314 1877 1381; x_wconf 83' lang='lat' dir='ltr'><strong>perrumpimus</strong></span> <span class='ocrx_word' id='word_1_91' title='bbox 1910 1353 1923 1375; x_wconf 92' lang='lat'><strong>,</strong></span> <span class='ocrx_word' id='word_1_92' title='bbox 2001 1322 2094 1365; x_wconf 84' lang='lat' dir='ltr'><strong>aut</strong></span> 
     </span>
    </p>
   </div>
   <div class='ocr_carea' id='block_1_16' title="bbox 521 1401 2094 1472">
    <p class='ocr_par' dir='ltr' id='par_1_16' title="bbox 521 1401 2094 1472">
     <span class='ocr_line' id='line_1_16' title="bbox 521 1401 2094 1472; baseline 0.001 -17"><span class='ocrx_word' id='word_1_93' title='bbox 521 1406 704 1457; x_wconf 87' lang='lat' dir='ltr'><strong>dicere</strong></span> <span class='ocrx_word' id='word_1_94' title='bbox 751 1401 957 1470; x_wconf 87' lang='lat' dir='ltr'><strong>aliquid</strong></span> <span class='ocrx_word' id='word_1_95' title='bbox 1009 1401 1275 1457; x_wconf 83' lang='lat' dir='ltr'><strong>videmur.</strong></span> <span class='ocrx_word' id='word_1_96' title='bbox 1328 1402 1497 1456; x_wconf 89' lang='lat' dir='ltr'><strong>Porro</strong></span> <span class='ocrx_word' id='word_1_97' title='bbox 1544 1404 1685 1472; x_wconf 90' lang='lat' dir='ltr'><strong>quod</strong></span> <span class='ocrx_word' id='word_1_98' title='bbox 1721 1403 1980 1471; x_wconf 90' lang='lat' dir='ltr'><strong>scriptum</strong></span> <span class='ocrx_word' id='word_1_99' title='bbox 2011 1413 2094 1457; x_wconf 88' lang='lat' dir='ltr'><strong>est</strong></span> 
     </span>
    </p>
   </div>
   <div class='ocr_carea' id='block_1_17' title="bbox 519 1492 2090 1563">
    <p class='ocr_par' dir='ltr' id='par_1_17' title="bbox 519 1492 2090 1563">
     <span class='ocr_line' id='line_1_17' title="bbox 519 1492 2090 1563; baseline 0.001 -19"><span class='ocrx_word' id='word_1_100' title='bbox 519 1492 940 1563; x_wconf 84' lang='lat' dir='ltr'><strong>vestigavimus,</strong></span> <span class='ocrx_word' id='word_1_101' title='bbox 981 1506 1087 1548; x_wconf 89' lang='lat' dir='ltr'><strong>non</strong></span> <span class='ocrx_word' id='word_1_102' title='bbox 1140 1492 1212 1546; x_wconf 87' lang='lat' dir='ltr'><strong>ita</strong></span> <span class='ocrx_word' id='word_1_103' title='bbox 1268 1501 1328 1546; x_wconf 91' lang='lat' dir='ltr'><strong>ut</strong></span> <span class='ocrx_word' id='word_1_104' title='bbox 1383 1494 1644 1561; x_wconf 78' lang='lat' dir='ltr'><strong>praeclare</strong></span> <span class='ocrx_word' id='word_1_105' title='bbox 1700 1493 1828 1548; x_wconf 91' lang='lat' dir='ltr'><strong>illud</strong></span> <span class='ocrx_word' id='word_1_106' title='bbox 1884 1494 2090 1547; x_wconf 90' lang='lat' dir='ltr'><strong>dictum</strong></span> 
     </span>
    </p>
   </div>
   <div class='ocr_carea' id='block_1_18' title="bbox 519 1583 2091 1653">
    <p class='ocr_par' dir='ltr' id='par_1_18' title="bbox 519 1583 2091 1653">
     <span class='ocr_line' id='line_1_18' title="bbox 519 1583 2091 1653; baseline 0 -14"><span class='ocrx_word' id='word_1_107' title='bbox 519 1595 1030 1642; x_wconf 79' lang='lat' dir='ltr'><strong>contemneremus:</strong></span> <span class='ocrx_word' id='word_1_108' title='bbox 1066 1604 1083 1636; x_wconf 74' lang='grc' dir='ltr'><strong>ι</strong></span> <span class='ocrx_word' id='word_1_109' title='bbox 1110 1583 1247 1639; x_wconf 90' lang='lat' dir='ltr'><strong>Cum</strong></span> <span class='ocrx_word' id='word_1_110' title='bbox 1285 1584 1351 1639; x_wconf 91' lang='lat' dir='ltr'><strong>de</strong></span> <span class='ocrx_word' id='word_1_111' title='bbox 1385 1584 1493 1639; x_wconf 92' lang='lat' dir='ltr'><strong>Deo</strong></span> <span class='ocrx_word' id='word_1_112' title='bbox 1537 1586 1672 1639; x_wconf 87' lang='lat' dir='ltr'><strong>dicis</strong></span> <span class='ocrx_word' id='word_1_113' title='bbox 1700 1626 1715 1650; x_wconf 94' lang='lat'><strong>,</strong></span> <span class='ocrx_word' id='word_1_114' title='bbox 1748 1600 1778 1639; x_wconf 85' lang='lat' dir='ltr'><strong>a</strong></span> <span class='ocrx_word' id='word_1_115' title='bbox 1812 1585 1920 1640; x_wconf 89' lang='lat' dir='ltr'><strong>Deo</strong></span> <span class='ocrx_word' id='word_1_116' title='bbox 1941 1585 2091 1653; x_wconf 84' lang='lat' dir='ltr'><strong>judi-</strong></span> 
     </span>
    </p>
   </div>
   <div class='ocr_carea' id='block_1_19' title="bbox 520 1674 2087 1742">
    <p class='ocr_par' dir='ltr' id='par_1_19' title="bbox 520 1674 2087 1742">
     <span class='ocr_line' id='line_1_19' title="bbox 520 1674 2087 1742; baseline -0.001 -13"><span class='ocrx_word' id='word_1_117' title='bbox 520 1678 697 1742; x_wconf 85' lang='lat' dir='ltr'><strong>caris;</strong></span> <span class='ocrx_word' id='word_1_118' title='bbox 726 1696 744 1729; x_wconf 76' lang='grc' dir='ltr'><strong>ι</strong></span> <span class='ocrx_word' id='word_1_119' title='bbox 796 1677 923 1732; x_wconf 89' lang='lat' dir='ltr'><strong>item</strong></span> <span class='ocrx_word' id='word_1_120' title='bbox 962 1676 1132 1730; x_wconf 90' lang='lat' dir='ltr'><strong>illud:</strong></span> <span class='ocrx_word' id='word_1_121' title='bbox 1167 1674 1281 1730; x_wconf 72' lang='lat' dir='ltr'><strong>«De</strong></span> <span class='ocrx_word' id='word_1_122' title='bbox 1324 1674 1435 1730; x_wconf 88' lang='lat' dir='ltr'><strong>Deo</strong></span> <span class='ocrx_word' id='word_1_123' title='bbox 1485 1676 1654 1730; x_wconf 86' lang='lat' dir='ltr'><strong>etiam</strong></span> <span class='ocrx_word' id='word_1_124' title='bbox 1710 1692 1834 1730; x_wconf 85' lang='lat' dir='ltr'><strong>vera</strong></span> <span class='ocrx_word' id='word_1_125' title='bbox 1880 1676 2087 1738; x_wconf 84' lang='lat' dir='ltr'><strong>dicere,</strong></span> 
     </span>
    </p>
   </div>
   <div class='ocr_carea' id='block_1_20' title="bbox 2199 471 3821 549">
    <p class='ocr_par' dir='ltr' id='par_1_20' title="bbox 2199 471 3821 549">
     <span class='ocr_line' id='line_1_20' title="bbox 2199 471 3821 549; baseline -0.007 -12"><span class='ocrx_word' id='word_1_126' title='bbox 2199 484 2398 537; x_wconf 79' lang='grc' dir='ltr'>εἰδέναι</span> <span class='ocrx_word' id='word_1_127' title='bbox 2430 482 2521 535; x_wconf 82' lang='grc' dir='ltr'><strong>τὸν</strong></span> <span class='ocrx_word' id='word_1_128' title='bbox 2550 481 2811 543; x_wconf 80' lang='grc' dir='ltr'>κίνδυνον,</span> <span class='ocrx_word' id='word_1_129' title='bbox 2845 480 2905 532; x_wconf 73' lang='grc' dir='ltr'><strong>οὐ</strong></span> <span class='ocrx_word' id='word_1_130' title='bbox 2946 482 3105 549; x_wconf 86' lang='grc' dir='ltr'>μόνον</span> <span class='ocrx_word' id='word_1_131' title='bbox 3136 477 3226 531; x_wconf 82' lang='grc' dir='ltr'><strong>τοῦ</strong></span> <span class='ocrx_word' id='word_1_132' title='bbox 3272 478 3455 544; x_wconf 84' lang='grc' dir='ltr'>λέγειν</span> <span class='ocrx_word' id='word_1_133' title='bbox 3486 477 3642 546; x_wconf 75' lang='grc' dir='ltr'>περὶ</span> <span class='ocrx_word' id='word_1_134' title='bbox 3696 471 3821 527; x_wconf 68' lang='grc' dir='ltr'>τίη</span> 
     </span>
    </p>
   </div>
   <div class='ocr_carea' id='block_1_21' title="bbox 2199 570 3819 645">
    <p class='ocr_par' dir='ltr' id='par_1_21' title="bbox 2199 570 3819 645">
     <span class='ocr_line' id='line_1_21' title="bbox 2199 570 3819 645; baseline -0.007 -15"><span class='ocrx_word' id='word_1_135' title='bbox 2199 577 2389 645; x_wconf 80' lang='grc' dir='ltr'><strong>ἁγίων,</strong></span> <span class='ocrx_word' id='word_1_136' title='bbox 2417 573 2550 628; x_wconf 80' lang='grc' dir='ltr'>ἀλλὰ</span> <span class='ocrx_word' id='word_1_137' title='bbox 2575 572 2753 643; x_wconf 82' lang='grc' dir='ltr'>πολλῷ</span> <span class='ocrx_word' id='word_1_138' title='bbox 2782 571 2963 625; x_wconf 88' lang='grc' dir='ltr'>πλεῖον</span> <span class='ocrx_word' id='word_1_139' title='bbox 2988 572 3081 624; x_wconf 85' lang='grc' dir='ltr'><strong>τοῦ</strong></span> <span class='ocrx_word' id='word_1_140' title='bbox 3107 572 3356 642; x_wconf 52' lang='grc' dir='ltr'>γράψειν,</span> <span class='ocrx_word' id='word_1_141' title='bbox 3386 570 3643 630; x_wconf 71' lang='grc' dir='ltr'>καὶτοῖς</span> <span class='ocrx_word' id='word_1_142' title='bbox 3685 570 3819 637; x_wconf 66' lang='grc' dir='ltr'>μεθ’</span> 
     </span>
    </p>
   </div>
   <div class='ocr_carea' id='block_1_22' title="bbox 2198 658 3813 737">
    <p class='ocr_par' dir='ltr' id='par_1_22' title="bbox 2198 658 3813 737">
     <span class='ocr_line' id='line_1_22' title="bbox 2198 658 3813 737; baseline -0.006 -19"><span class='ocrx_word' id='word_1_143' title='bbox 2198 668 2345 737; x_wconf 76' lang='grc' dir='ltr'>ἡμᾶς</span> <span class='ocrx_word' id='word_1_144' title='bbox 2373 664 2712 726; x_wconf 82' lang='grc' dir='ltr'><strong>καταλιπεῖν,</strong></span> <span class='ocrx_word' id='word_1_145' title='bbox 2771 662 3125 725; x_wconf 77' lang='grc' dir='ltr'>παντοδαπῶς</span> <span class='ocrx_word' id='word_1_146' title='bbox 3153 662 3474 732; x_wconf 74' lang='grc' dir='ltr'>κατεπᾴδων</span> <span class='ocrx_word' id='word_1_147' title='bbox 3524 658 3813 727; x_wconf 68' lang='grc' dir='ltr'>φιλικῶς,</span> 
     </span>
    </p>
   </div>
   <div class='ocr_carea' id='block_1_23' title="bbox 2198 752 3813 827">
    <p class='ocr_par' dir='ltr' id='par_1_23' title="bbox 2198 752 3813 827">
     <span class='ocr_line' id='line_1_23' title="bbox 2198 752 3813 827; baseline -0.002 -17"><span class='ocrx_word' id='word_1_148' title='bbox 2198 759 2291 811; x_wconf 78' lang='grc' dir='ltr'><strong>καὶ</strong></span> <span class='ocrx_word' id='word_1_149' title='bbox 2336 756 2475 809; x_wconf 88' lang='grc' dir='ltr'><strong>κατά</strong></span> <span class='ocrx_word' id='word_1_150' title='bbox 2501 754 2782 827; x_wconf 77' lang='grc' dir='ltr'>προκοπὴν</span> <span class='ocrx_word' id='word_1_151' title='bbox 2827 754 3077 824; x_wconf 74' lang='grc' dir='ltr'><strong>θεότητος</strong></span> <span class='ocrx_word' id='word_1_152' title='bbox 3122 756 3201 817; x_wconf 87' lang='grc' dir='ltr'><strong>είς</strong></span> <span class='ocrx_word' id='word_1_153' title='bbox 3254 753 3411 806; x_wconf 85' lang='grc' dir='ltr'>τοῦτο</span> <span class='ocrx_word' id='word_1_154' title='bbox 3446 752 3684 822; x_wconf 69' lang='grc' dir='ltr'>ἧγαγές</span> <span class='ocrx_word' id='word_1_155' title='bbox 3716 770 3813 821; x_wconf 64' lang='grc' dir='ltr'><strong>με.</strong></span> 
     </span>
    </p>
   </div>
   <div class='ocr_carea' id='block_1_24' title="bbox 2196 846 3814 921">
    <p class='ocr_par' dir='ltr' id='par_1_24' title="bbox 2196 846 3814 921">
     <span class='ocr_line' id='line_1_24' title="bbox 2196 846 3814 921; baseline -0.003 -19"><span class='ocrx_word' id='word_1_156' title='bbox 2196 849 2416 921; x_wconf 78' lang='grc' dir='ltr'><strong>Μάρτυς</strong></span> <span class='ocrx_word' id='word_1_157' title='bbox 2452 847 2542 900; x_wconf 85' lang='grc' dir='ltr'><strong>ἕσο</strong></span> <span class='ocrx_word' id='word_1_158' title='bbox 2571 865 2661 917; x_wconf 90' lang='grc' dir='ltr'><strong>μοι</strong></span> <span class='ocrx_word' id='word_1_159' title='bbox 2690 847 2823 917; x_wconf 79' lang='grc' dir='ltr'>πρὸς</span> <span class='ocrx_word' id='word_1_160' title='bbox 2849 847 3002 909; x_wconf 79' lang='grc' dir='ltr'>Θεὸν,</span> <span class='ocrx_word' id='word_1_161' title='bbox 3035 846 3150 916; x_wconf 76' lang='grc' dir='ltr'>μεθ’</span> <span class='ocrx_word' id='word_1_162' title='bbox 3208 847 3329 899; x_wconf 81' lang='grc' dir='ltr'>ὅλον</span> <span class='ocrx_word' id='word_1_163' title='bbox 3356 846 3455 898; x_wconf 84' lang='grc' dir='ltr'><strong>τοῦ</strong></span> <span class='ocrx_word' id='word_1_164' title='bbox 3505 846 3672 915; x_wconf 62' lang='grc' dir='ltr'>βίον,</span> <span class='ocrx_word' id='word_1_165' title='bbox 3713 846 3814 897; x_wconf 62' lang='grc' dir='ltr'><strong>καὶ</strong></span> 
     </span>
    </p>
   </div>
   <div class='ocr_carea' id='block_1_25' title="bbox 2198 938 3808 1009">
    <p class='ocr_par' dir='ltr' id='par_1_25' title="bbox 2198 938 3808 1009">
     <span class='ocr_line' id='line_1_25' title="bbox 2198 938 3808 1009; baseline -0.001 -17"><span class='ocrx_word' id='word_1_166' title='bbox 2198 940 2324 1009; x_wconf 78' lang='grc' dir='ltr'>περὶ</span> <span class='ocrx_word' id='word_1_167' title='bbox 2383 939 2490 994; x_wconf 84' lang='grc' dir='ltr'><strong>τῶν</strong></span> <span class='ocrx_word' id='word_1_168' title='bbox 2540 938 2999 1008; x_wconf 86' lang='grc' dir='ltr'>ὑπηγορευμένων</span> <span class='ocrx_word' id='word_1_169' title='bbox 3060 938 3475 1009; x_wconf 74' lang='grc' dir='ltr'>ἐξεταζόμενον,</span> <span class='ocrx_word' id='word_1_170' title='bbox 3524 938 3680 1007; x_wconf 65' lang='grc' dir='ltr'>ποία</span> <span class='ocrx_word' id='word_1_171' title='bbox 3742 954 3808 990; x_wconf 83' lang='grc' dir='ltr'><strong>τε</strong></span> 
     </span>
    </p>
   </div>
   <div class='ocr_carea' id='block_1_26' title="bbox 2198 1028 3802 1101">
    <p class='ocr_par' dir='ltr' id='par_1_26' title="bbox 2198 1028 3802 1101">
     <span class='ocr_line' id='line_1_26' title="bbox 2198 1028 3802 1101; baseline -0.003 -17"><span class='ocrx_word' id='word_1_172' title='bbox 2198 1030 2449 1101; x_wconf 77' lang='grc' dir='ltr'><strong>προθέσει</strong></span> <span class='ocrx_word' id='word_1_173' title='bbox 2498 1029 2657 1083; x_wconf 87' lang='grc' dir='ltr'>τοῦτο</span> <span class='ocrx_word' id='word_1_174' title='bbox 2710 1030 3031 1100; x_wconf 84' lang='grc' dir='ltr'>γεγένηται·</span> <span class='ocrx_word' id='word_1_175' title='bbox 3076 1030 3169 1087; x_wconf 74' lang='grc' dir='ltr'><strong>καὶ</strong></span> <span class='ocrx_word' id='word_1_176' title='bbox 3197 1028 3273 1100; x_wconf 80' lang='grc' dir='ltr'>πὴ</span> <span class='ocrx_word' id='word_1_177' title='bbox 3306 1030 3401 1099; x_wconf 80' lang='grc' dir='ltr'><strong>μὲν</strong></span> <span class='ocrx_word' id='word_1_178' title='bbox 3443 1030 3802 1097; x_wconf 61' lang='grc' dir='ltr'>ἐντυγχάνε-</span> 
     </span>
    </p>
   </div>
   <div class='ocr_carea' id='block_1_27' title="bbox 2198 1120 3805 1191">
    <p class='ocr_par' dir='ltr' id='par_1_27' title="bbox 2198 1120 3805 1191">
     <span class='ocr_line' id='line_1_27' title="bbox 2198 1120 3805 1191; baseline 0.001 -20"><span class='ocrx_word' id='word_1_179' title='bbox 2198 1138 2313 1189; x_wconf 89' lang='grc' dir='ltr'>μεν,</span> <span class='ocrx_word' id='word_1_180' title='bbox 2450 1120 2507 1172; x_wconf 82' lang='grc' dir='ltr'><strong>δὲ</strong></span> <span class='ocrx_word' id='word_1_181' title='bbox 2534 1122 2652 1191; x_wconf 76' lang='grc' dir='ltr'>ἦτοι</span> <span class='ocrx_word' id='word_1_182' title='bbox 2686 1120 2980 1191; x_wconf 74' lang='grc' dir='ltr'>βιαζόμεθα</span> <span class='ocrx_word' id='word_1_183' title='bbox 3018 1120 3333 1191; x_wconf 77' lang='grc' dir='ltr'>βιαιότερον,</span> <span class='ocrx_word' id='word_1_184' title='bbox 3368 1122 3399 1190; x_wconf 81' lang='grc' dir='ltr'><strong>ἥ</strong></span> <span class='ocrx_word' id='word_1_185' title='bbox 3428 1120 3727 1189; x_wconf 68' lang='grc' dir='ltr'>δοκοῦμέν</span> <span class='ocrx_word' id='word_1_186' title='bbox 3752 1138 3805 1173; x_wconf 58' lang='lat'><strong>1*.</strong></span> 
     </span>
    </p>
   </div>
   <div class='ocr_carea' id='block_1_28' title="bbox 2194 1210 3801 1283">
    <p class='ocr_par' dir='ltr' id='par_1_28' title="bbox 2194 1210 3801 1283">
     <span class='ocr_line' id='line_1_28' title="bbox 2194 1210 3801 1283; baseline 0.001 -19"><span class='ocrx_word' id='word_1_187' title='bbox 2194 1213 2374 1280; x_wconf 76' lang='grc' dir='ltr'>λέγειν</span> <span class='ocrx_word' id='word_1_188' title='bbox 2397 1229 2409 1241; x_wconf 74' lang='grc' dir='ltr'><strong><em>ο</em></strong></span> <span class='ocrx_word' id='word_1_189' title='bbox 2448 1210 2833 1283; x_wconf 79' lang='grc' dir='ltr'>ὲξιχνεύσαμεν</span> <span class='ocrx_word' id='word_1_190' title='bbox 2864 1212 2919 1265; x_wconf 81' lang='grc' dir='ltr'><strong>δὲ</strong></span> <span class='ocrx_word' id='word_1_191' title='bbox 2948 1212 3006 1264; x_wconf 80' lang='grc' dir='ltr'><strong>τὸ</strong></span> <span class='ocrx_word' id='word_1_192' title='bbox 3056 1213 3465 1283; x_wconf 79' lang='grc' dir='ltr'>γεγραμμένον,</span> <span class='ocrx_word' id='word_1_193' title='bbox 3513 1214 3579 1265; x_wconf 76' lang='grc' dir='ltr'><strong>οῦ</strong></span> <span class='ocrx_word' id='word_1_194' title='bbox 3615 1229 3801 1265; x_wconf 75' lang='grc' dir='ltr'>κατα-</span> 
     </span>
    </p>
   </div>
   <div class='ocr_carea' id='block_1_29' title="bbox 2196 1304 3807 1376">
    <p class='ocr_par' dir='ltr' id='par_1_29' title="bbox 2196 1304 3807 1376">
     <span class='ocr_line' id='line_1_29' title="bbox 2196 1304 3807 1376; baseline 0.001 -19"><span class='ocrx_word' id='word_1_195' title='bbox 2196 1304 2513 1375; x_wconf 71' lang='grc' dir='ltr'>φρονοῦντες</span> <span class='ocrx_word' id='word_1_196' title='bbox 2541 1304 2634 1357; x_wconf 90' lang='grc' dir='ltr'><strong>τοῦ</strong></span> <span class='ocrx_word' id='word_1_197' title='bbox 2654 1322 2666 1333; x_wconf 90' lang='grc'>·</span> <span class='ocrx_word' id='word_1_198' title='bbox 2709 1324 2727 1356; x_wconf 75' lang='grc' dir='ltr'><strong>ι</strong></span> <span class='ocrx_word' id='word_1_199' title='bbox 2766 1306 2893 1357; x_wconf 89' lang='grc' dir='ltr'>Ὅτε</span> <span class='ocrx_word' id='word_1_200' title='bbox 2925 1304 3102 1375; x_wconf 86' lang='grc' dir='ltr'>λέγεις</span> <span class='ocrx_word' id='word_1_201' title='bbox 3130 1307 3255 1376; x_wconf 75' lang='grc' dir='ltr'>περὶ</span> <span class='ocrx_word' id='word_1_202' title='bbox 3287 1304 3443 1368; x_wconf 88' lang='grc' dir='ltr'>Θεοῦ,</span> <span class='ocrx_word' id='word_1_203' title='bbox 3474 1305 3658 1375; x_wconf 69' lang='grc' dir='ltr'>κρίνῃ</span> <span class='ocrx_word' id='word_1_204' title='bbox 3695 1306 3807 1358; x_wconf 60' lang='grc' dir='ltr'><strong>ὀπὶ</strong></span> 
     </span>
    </p>
   </div>
   <div class='ocr_carea' id='block_1_30' title="bbox 2194 1394 3807 1467">
    <p class='ocr_par' dir='ltr' id='par_1_30' title="bbox 2194 1394 3807 1467">
     <span class='ocr_line' id='line_1_30' title="bbox 2194 1394 3807 1467; baseline 0.002 -20"><span class='ocrx_word' id='word_1_205' title='bbox 2194 1395 2348 1457; x_wconf 83' lang='grc' dir='ltr'>Θεοῦ,</span> <span class='ocrx_word' id='word_1_206' title='bbox 2370 1415 2389 1447; x_wconf 76' lang='grc' dir='ltr'><strong>ι</strong></span> <span class='ocrx_word' id='word_1_207' title='bbox 2423 1394 2602 1459; x_wconf 84' lang='grc' dir='ltr'>καλῶς</span> <span class='ocrx_word' id='word_1_208' title='bbox 2632 1397 2941 1467; x_wconf 64' lang='grc' dir='ltr'>εἰρημένων</span> <span class='ocrx_word' id='word_1_209' title='bbox 2967 1397 3062 1450; x_wconf 70' lang='grc' dir='ltr'><strong>καὶ</strong></span> <span class='ocrx_word' id='word_1_210' title='bbox 3090 1396 3151 1449; x_wconf 86' lang='grc' dir='ltr'><strong>τό</strong></span> <span class='ocrx_word' id='word_1_211' title='bbox 3168 1396 3299 1467; x_wconf 63' lang='grc'><strong>(45)</strong></span> <span class='ocrx_word' id='word_1_212' title='bbox 3325 1415 3340 1443; x_wconf 71' lang='grc' dir='ltr'><strong>ι</strong></span> <span class='ocrx_word' id='word_1_213' title='bbox 3367 1398 3506 1467; x_wconf 69' lang='grc' dir='ltr'>Περὶ</span> <span class='ocrx_word' id='word_1_214' title='bbox 3526 1396 3681 1451; x_wconf 78' lang='grc' dir='ltr'>Θεοῦ</span> <span class='ocrx_word' id='word_1_215' title='bbox 3703 1398 3807 1452; x_wconf 71' lang='grc' dir='ltr'><strong>καὶ</strong></span> 
     </span>
    </p>
   </div>
   <div class='ocr_carea' id='block_1_31' title="bbox 2194 1489 3801 1563">
    <p class='ocr_par' dir='ltr' id='par_1_31' title="bbox 2194 1489 3801 1563">
     <span class='ocr_line' id='line_1_31' title="bbox 2194 1489 3801 1563; baseline -0.001 -20"><span class='ocrx_word' id='word_1_216' title='bbox 2194 1489 2406 1562; x_wconf 77' lang='grc' dir='ltr'>τάληθῆ</span> <span class='ocrx_word' id='word_1_217' title='bbox 2437 1491 2615 1559; x_wconf 80' lang='grc' dir='ltr'>λέγειν</span> <span class='ocrx_word' id='word_1_218' title='bbox 2649 1492 2891 1555; x_wconf 86' lang='grc' dir='ltr'>κίνδυνος</span> <span class='ocrx_word' id='word_1_219' title='bbox 2922 1492 2979 1544; x_wconf 77' lang='grc' dir='ltr'><strong>οῦ</strong></span> <span class='ocrx_word' id='word_1_220' title='bbox 3019 1491 3229 1563; x_wconf 84' lang='grc' dir='ltr'>μικρός.</span> <span class='ocrx_word' id='word_1_221' title='bbox 3261 1512 3277 1543; x_wconf 89' lang='lat' dir='ltr'><strong>I</strong></span> <span class='ocrx_word' id='word_1_222' title='bbox 3325 1490 3625 1559; x_wconf 79' lang='grc' dir='ltr'>Ἀξιοῦμεν</span> <span class='ocrx_word' id='word_1_223' title='bbox 3680 1491 3801 1542; x_wconf 79' lang='grc' dir='ltr'>τοί-</span> 
     </span>
    </p>
   </div>
   <div class='ocr_carea' id='block_1_32' title="bbox 2194 1578 3799 1654">
    <p class='ocr_par' dir='ltr' id='par_1_32' title="bbox 2194 1578 3799 1654">
     <span class='ocr_line' id='line_1_32' title="bbox 2194 1578 3799 1654; baseline 0 -19"><span class='ocrx_word' id='word_1_224' title='bbox 2194 1602 2308 1643; x_wconf 82' lang='grc' dir='ltr'>νυν,</span> <span class='ocrx_word' id='word_1_225' title='bbox 2343 1584 2464 1636; x_wconf 72' lang='grc' dir='ltr'>ἐπεὶ</span> <span class='ocrx_word' id='word_1_226' title='bbox 2501 1584 2666 1653; x_wconf 83' lang='grc' dir='ltr'>μηδὲν</span> <span class='ocrx_word' id='word_1_227' title='bbox 2687 1585 2855 1654; x_wconf 68' lang='grc' dir='ltr'>χωρὶς</span> <span class='ocrx_word' id='word_1_228' title='bbox 2887 1583 3021 1636; x_wconf 87' lang='grc' dir='ltr'>Θεοῦ</span> <span class='ocrx_word' id='word_1_229' title='bbox 3048 1583 3208 1637; x_wconf 80' lang='grc' dir='ltr'>καλὸν</span> <span class='ocrx_word' id='word_1_230' title='bbox 3236 1578 3375 1636; x_wconf 73' lang='grc' dir='ltr'>εἶναι</span> <span class='ocrx_word' id='word_1_231' title='bbox 3404 1582 3674 1645; x_wconf 81' lang='grc' dir='ltr'>δύναται,</span> <span class='ocrx_word' id='word_1_232' title='bbox 3700 1584 3799 1635; x_wconf 70' lang='grc' dir='ltr'><strong>καὶ</strong></span> 
     </span>
    </p>
   </div>
   <div class='ocr_carea' id='block_1_33' title="bbox 2197 1674 3797 1746">
    <p class='ocr_par' dir='ltr' id='par_1_33' title="bbox 2197 1674 3797 1746">
     <span class='ocr_line' id='line_1_33' title="bbox 2197 1674 3797 1746; baseline -0.001 -17"><span class='ocrx_word' id='word_1_233' title='bbox 2197 1676 2427 1745; x_wconf 83' lang='grc' dir='ltr'>μάλιστα</span> <span class='ocrx_word' id='word_1_234' title='bbox 2458 1676 2643 1746; x_wconf 88' lang='grc' dir='ltr'>νόησις</span> <span class='ocrx_word' id='word_1_235' title='bbox 2671 1677 2900 1746; x_wconf 69' lang='grc' dir='ltr'>Γραφῶν</span> <span class='ocrx_word' id='word_1_236' title='bbox 2942 1675 3333 1738; x_wconf 75' lang='grc' dir='ltr'>θεοπνεύστων,</span> <span class='ocrx_word' id='word_1_237' title='bbox 3374 1677 3527 1737; x_wconf 77' lang='grc' dir='ltr'>ὅπως</span> <span class='ocrx_word' id='word_1_238' title='bbox 3555 1674 3645 1743; x_wconf 77' lang='grc' dir='ltr'>τῷ</span> <span class='ocrx_word' id='word_1_239' title='bbox 3678 1676 3797 1727; x_wconf 79' lang='grc' dir='ltr'><strong>Πα-</strong></span> 
     </span>
    </p>
   </div>
   <div class='ocr_carea' id='block_1_34' title="bbox 523 1744 2088 1839">
    <p class='ocr_par' dir='ltr' id='par_1_34' title="bbox 523 1765 2086 1833">
     <span class='ocr_line' id='line_1_34' title="bbox 523 1765 2086 1833; baseline 0.002 -16"><span class='ocrx_word' id='word_1_240' title='bbox 523 1781 625 1820; x_wconf 91' lang='lat' dir='ltr'><strong>uon</strong></span> <span class='ocrx_word' id='word_1_241' title='bbox 676 1766 950 1819; x_wconf 85' lang='lat' dir='ltr'><strong>mediocre</strong></span> <span class='ocrx_word' id='word_1_242' title='bbox 1014 1765 1313 1833; x_wconf 76' lang='lat' dir='ltr'><strong>periculum</strong></span> <span class='ocrx_word' id='word_1_243' title='bbox 1353 1773 1455 1819; x_wconf 92' lang='lat' dir='ltr'><strong>est.</strong></span> <span class='ocrx_word' id='word_1_244' title='bbox 1489 1783 1507 1817; x_wconf 74' lang='grc' dir='ltr'><strong>ι</strong></span> <span class='ocrx_word' id='word_1_245' title='bbox 1546 1765 1908 1830; x_wconf 84' lang='lat' dir='ltr'><strong>Quamobrem</strong></span> <span class='ocrx_word' id='word_1_246' title='bbox 1964 1781 2086 1820; x_wconf 93' lang='lat' dir='ltr'><strong>cum</strong></span> 
     </span>
    </p>
   </div>
   <div class='ocr_carea' id='block_1_35' title="bbox 2195 1744 3795 1839">
    <p class='ocr_par' dir='ltr' id='par_1_35' title="bbox 2195 1767 3795 1839">
     <span class='ocr_line' id='line_1_35' title="bbox 2195 1767 3795 1839; baseline -0.001 -19"><span class='ocrx_word' id='word_1_247' title='bbox 2195 1767 2285 1837; x_wconf 65' lang='grc' dir='ltr'><strong>τρὶ</strong></span> <span class='ocrx_word' id='word_1_248' title='bbox 2312 1767 2418 1820; x_wconf 85' lang='grc' dir='ltr'>τῶν</span> <span class='ocrx_word' id='word_1_249' title='bbox 2450 1768 2585 1821; x_wconf 82' lang='grc' dir='ltr'>ὅλων</span> <span class='ocrx_word' id='word_1_250' title='bbox 2615 1768 2750 1838; x_wconf 78' lang='grc' dir='ltr'>Θεῷ,</span> <span class='ocrx_word' id='word_1_251' title='bbox 2785 1768 2871 1821; x_wconf 79' lang='grc' dir='ltr'><strong>διὰ</strong></span> <span class='ocrx_word' id='word_1_252' title='bbox 2895 1769 2988 1821; x_wconf 84' lang='grc' dir='ltr'><strong>τοῦ</strong></span> <span class='ocrx_word' id='word_1_253' title='bbox 3012 1769 3262 1839; x_wconf 74' lang='grc' dir='ltr'>Σωτῆρος</span> <span class='ocrx_word' id='word_1_254' title='bbox 3287 1768 3440 1838; x_wconf 77' lang='grc' dir='ltr'>ἡμῶν</span> <span class='ocrx_word' id='word_1_255' title='bbox 3469 1771 3569 1821; x_wconf 82' lang='grc' dir='ltr'><strong>καί</strong></span> <span class='ocrx_word' id='word_1_256' title='bbox 3590 1771 3795 1837; x_wconf 72' lang='grc' dir='ltr'>ἀρχιε-</span> 
     </span>
    </p>
   </div>
   <div class='ocr_carea' id='block_1_36' title="bbox 520 1856 2088 1927">
    <p class='ocr_par' dir='ltr' id='par_1_36' title="bbox 520 1856 2088 1927">
     <span class='ocr_line' id='line_1_36' title="bbox 520 1856 2088 1927; baseline 0.001 -18"><span class='ocrx_word' id='word_1_257' title='bbox 520 1858 649 1911; x_wconf 86' lang='lat' dir='ltr'><strong>nihil</strong></span> <span class='ocrx_word' id='word_1_258' title='bbox 679 1858 795 1912; x_wconf 88' lang='lat' dir='ltr'><strong>sine</strong></span> <span class='ocrx_word' id='word_1_259' title='bbox 832 1856 939 1910; x_wconf 90' lang='lat' dir='ltr'><strong>Deo</strong></span> <span class='ocrx_word' id='word_1_260' title='bbox 974 1872 1094 1911; x_wconf 86' lang='lat' dir='ltr'><strong>esse</strong></span> <span class='ocrx_word' id='word_1_261' title='bbox 1120 1857 1287 1925; x_wconf 86' lang='lat' dir='ltr'><strong>possit</strong></span> <span class='ocrx_word' id='word_1_262' title='bbox 1325 1856 1598 1927; x_wconf 86' lang='lat' dir='ltr'><strong>egregium</strong></span> <span class='ocrx_word' id='word_1_263' title='bbox 1623 1895 1636 1919; x_wconf 93' lang='lat'><strong>,</strong></span> <span class='ocrx_word' id='word_1_264' title='bbox 1668 1856 2088 1925; x_wconf 68' lang='lat' dir='ltr'><strong>praesertimqne</strong></span> 
     </span>
    </p>
   </div>
   <div class='ocr_carea' id='block_1_37' title="bbox 519 1948 2087 2018">
    <p class='ocr_par' dir='ltr' id='par_1_37' title="bbox 519 1948 2087 2018">
     <span class='ocr_line' id='line_1_37' title="bbox 519 1948 2087 2018; baseline 0.001 -18"><span class='ocrx_word' id='word_1_265' title='bbox 519 1950 821 2002; x_wconf 83' lang='lat' dir='ltr'><strong>divinarum</strong></span> <span class='ocrx_word' id='word_1_266' title='bbox 871 1948 1171 2002; x_wconf 85' lang='lat' dir='ltr'><strong>litterarum</strong></span> <span class='ocrx_word' id='word_1_267' title='bbox 1225 1948 1619 2018; x_wconf 80' lang='lat' dir='ltr'><strong>intelligentia;</strong></span> <span class='ocrx_word' id='word_1_268' title='bbox 1672 1951 1769 2003; x_wconf 88' lang='lat' dir='ltr'><strong>abs</strong></span> <span class='ocrx_word' id='word_1_269' title='bbox 1822 1959 1872 2003; x_wconf 92' lang='lat' dir='ltr'><strong>te</strong></span> <span class='ocrx_word' id='word_1_270' title='bbox 1924 1948 2087 2003; x_wconf 87' lang='lat' dir='ltr'><strong>etiam</strong></span> 
     </span>
    </p>
   </div>
   <div class='ocr_carea' id='block_1_38' title="bbox 518 2038 2083 2108">
    <p class='ocr_par' dir='ltr' id='par_1_38' title="bbox 518 2038 2083 2108">
     <span class='ocr_line' id='line_1_38' title="bbox 518 2038 2083 2108; baseline -0.001 -17"><span class='ocrx_word' id='word_1_271' title='bbox 518 2052 680 2108; x_wconf 82' lang='lat' dir='ltr'><strong>atque</strong></span> <span class='ocrx_word' id='word_1_272' title='bbox 710 2040 871 2093; x_wconf 85' lang='lat' dir='ltr'><strong>etiam</strong></span> <span class='ocrx_word' id='word_1_273' title='bbox 901 2038 1132 2108; x_wconf 85' lang='lat' dir='ltr'><strong>petimus</strong></span> <span class='ocrx_word' id='word_1_274' title='bbox 1153 2079 1167 2102; x_wconf 93' lang='lat'><strong>,</strong></span> <span class='ocrx_word' id='word_1_275' title='bbox 1196 2048 1253 2092; x_wconf 88' lang='lat' dir='ltr'><strong>ut</strong></span> <span class='ocrx_word' id='word_1_276' title='bbox 1284 2049 1563 2108; x_wconf 90' lang='lat' dir='ltr'><strong>parentem</strong></span> <span class='ocrx_word' id='word_1_277' title='bbox 1596 2040 1837 2093; x_wconf 87' lang='lat' dir='ltr'><strong>omnium</strong></span> <span class='ocrx_word' id='word_1_278' title='bbox 1875 2038 2043 2092; x_wconf 91' lang='lat' dir='ltr'><strong>Deum</strong></span> <span class='ocrx_word' id='word_1_279' title='bbox 2070 2081 2083 2101; x_wconf 91' lang='lat'><strong>,</strong></span> 
     </span>
    </p>
   </div>
   <div class='ocr_carea' id='block_1_39' title="bbox 518 2130 2082 2200">
    <p class='ocr_par' dir='ltr' id='par_1_39' title="bbox 518 2130 2082 2200">
     <span class='ocr_line' id='line_1_39' title="bbox 518 2130 2082 2200; baseline 0.001 -19"><span class='ocrx_word' id='word_1_280' title='bbox 518 2148 613 2199; x_wconf 74' lang='lat' dir='ltr'><strong>per</strong></span> <span class='ocrx_word' id='word_1_281' title='bbox 662 2131 996 2186; x_wconf 86' lang='lat' dir='ltr'><strong>Salvatorem</strong></span> <span class='ocrx_word' id='word_1_282' title='bbox 1049 2141 1294 2184; x_wconf 85' lang='lat' dir='ltr'><strong>nostrum</strong></span> <span class='ocrx_word' id='word_1_283' title='bbox 1357 2146 1419 2186; x_wconf 86' lang='lat' dir='ltr'><strong>ac</strong></span> <span class='ocrx_word' id='word_1_284' title='bbox 1469 2131 1779 2199; x_wconf 90' lang='lat' dir='ltr'><strong>pontilicem</strong></span> <span class='ocrx_word' id='word_1_285' title='bbox 1838 2130 2082 2200; x_wconf 88' lang='lat' dir='ltr'><strong>genitum</strong></span> 
     </span>
    </p>
   </div>
   <div class='ocr_carea' id='block_1_40' title="bbox 522 2222 2088 2291">
    <p class='ocr_par' dir='ltr' id='par_1_40' title="bbox 522 2222 2088 2291">
     <span class='ocr_line' id='line_1_40' title="bbox 522 2222 2088 2291; baseline -0.001 -14"><span class='ocrx_word' id='word_1_286' title='bbox 522 2224 686 2277; x_wconf 80' lang='lat' dir='ltr'><strong>Deum</strong></span> <span class='ocrx_word' id='word_1_287' title='bbox 722 2223 1012 2277; x_wconf 87' lang='lat' dir='ltr'><strong>obsecrare</strong></span> <span class='ocrx_word' id='word_1_288' title='bbox 1037 2222 1190 2284; x_wconf 81' lang='lat' dir='ltr'><strong>velis,</strong></span> <span class='ocrx_word' id='word_1_289' title='bbox 1225 2223 1383 2291; x_wconf 90' lang='lat' dir='ltr'><strong>idque</strong></span> <span class='ocrx_word' id='word_1_290' title='bbox 1408 2223 1475 2275; x_wconf 88' lang='lat' dir='ltr'><strong>ab</strong></span> <span class='ocrx_word' id='word_1_291' title='bbox 1507 2240 1570 2277; x_wconf 87' lang='lat' dir='ltr'><strong>eo</strong></span> <span class='ocrx_word' id='word_1_292' title='bbox 1602 2223 1754 2276; x_wconf 89' lang='lat' dir='ltr'><strong>nobis</strong></span> <span class='ocrx_word' id='word_1_293' title='bbox 1780 2224 2088 2291; x_wconf 80' lang='lat' dir='ltr'><strong>impetrare,</strong></span> 
     </span>
    </p>
   </div>
   <div class='ocr_carea' id='block_1_41' title="bbox 2202 1857 3793 1930">
    <p class='ocr_par' dir='ltr' id='par_1_41' title="bbox 2202 1857 3793 1930">
     <span class='ocr_line' id='line_1_41' title="bbox 2202 1857 3793 1930; baseline -0.001 -18"><span class='ocrx_word' id='word_1_294' title='bbox 2202 1860 2335 1929; x_wconf 84' lang='grc' dir='ltr'>ρέως</span> <span class='ocrx_word' id='word_1_295' title='bbox 2366 1857 2594 1927; x_wconf 85' lang='grc' dir='ltr'>γενητοῦ</span> <span class='ocrx_word' id='word_1_296' title='bbox 2621 1858 2755 1912; x_wconf 88' lang='grc' dir='ltr'>Θεοῦ</span> <span class='ocrx_word' id='word_1_297' title='bbox 2789 1860 3089 1929; x_wconf 74' lang='grc' dir='ltr'>προσιέναι,</span> <span class='ocrx_word' id='word_1_298' title='bbox 3122 1860 3361 1930; x_wconf 76' lang='grc' dir='ltr'>αἰτήσεις</span> <span class='ocrx_word' id='word_1_299' title='bbox 3388 1859 3611 1929; x_wconf 79' lang='grc' dir='ltr'>δοθῆναι</span> <span class='ocrx_word' id='word_1_300' title='bbox 3652 1863 3793 1927; x_wconf 68' lang='grc' dir='ltr'>ἡμῖν</span> 
     </span>
    </p>
   </div>
   <div class='ocr_carea' id='block_1_42' title="bbox 2197 1946 3791 2020">
    <p class='ocr_par' dir='ltr' id='par_1_42' title="bbox 2197 1946 3791 2020">
     <span class='ocr_line' id='line_1_42' title="bbox 2197 1946 3791 2020; baseline 0.001 -21"><span class='ocrx_word' id='word_1_301' title='bbox 2197 1948 2411 2020; x_wconf 81' lang='grc' dir='ltr'>πρῶτον</span> <span class='ocrx_word' id='word_1_302' title='bbox 2438 1948 2615 2012; x_wconf 82' lang='grc' dir='ltr'>καλῶς</span> <span class='ocrx_word' id='word_1_303' title='bbox 2654 1946 2865 2019; x_wconf 79' lang='grc' dir='ltr'>ζητεῖν’</span> <span class='ocrx_word' id='word_1_304' title='bbox 2902 1950 3173 2002; x_wconf 80' lang='grc' dir='ltr'>ἐπίκειται</span> <span class='ocrx_word' id='word_1_305' title='bbox 3218 1950 3327 2019; x_wconf 83' lang='grc' dir='ltr'>γὰρ</span> <span class='ocrx_word' id='word_1_306' title='bbox 3355 1952 3465 2012; x_wconf 87' lang='grc' dir='ltr'>τοῖς</span> <span class='ocrx_word' id='word_1_307' title='bbox 3517 1949 3791 2019; x_wconf 72' lang='grc' dir='ltr'>ζητοῦσιν</span> 
     </span>
    </p>
   </div>
   <div class='ocr_carea' id='block_1_43' title="bbox 2195 2040 3790 2112">
    <p class='ocr_par' dir='ltr' id='par_1_43' title="bbox 2195 2040 3790 2112">
     <span class='ocr_line' id='line_1_43' title="bbox 2195 2040 3790 2112; baseline 0.001 -20"><span class='ocrx_word' id='word_1_308' title='bbox 2195 2040 2493 2109; x_wconf 77' lang='grc' dir='ltr'>ἐπαγγελία</span> <span class='ocrx_word' id='word_1_309' title='bbox 2522 2040 2616 2094; x_wconf 80' lang='grc' dir='ltr'><strong>τοῦ</strong></span> <span class='ocrx_word' id='word_1_310' title='bbox 2658 2041 2960 2111; x_wconf 77' lang='grc' dir='ltr'>εὑρίσκειν·</span> <span class='ocrx_word' id='word_1_311' title='bbox 3004 2043 3144 2111; x_wconf 85' lang='grc' dir='ltr'>τάχα</span> <span class='ocrx_word' id='word_1_312' title='bbox 3188 2042 3308 2095; x_wconf 75' lang='grc' dir='ltr'>οὐδὲ</span> <span class='ocrx_word' id='word_1_313' title='bbox 3339 2042 3436 2111; x_wconf 76' lang='grc' dir='ltr'><strong>τὴν</strong></span> <span class='ocrx_word' id='word_1_314' title='bbox 3484 2043 3673 2112; x_wconf 79' lang='grc' dir='ltr'>ἀρχὴν</span> <span class='ocrx_word' id='word_1_315' title='bbox 3708 2047 3790 2106; x_wconf 77' lang='grc' dir='ltr'>εἰς</span> 
     </span>
    </p>
   </div>
   <div class='ocr_carea' id='block_1_44' title="bbox 2199 2132 3786 2207">
    <p class='ocr_par' dir='ltr' id='par_1_44' title="bbox 2199 2132 3786 2207">
     <span class='ocr_line' id='line_1_44' title="bbox 2199 2132 3786 2207; baseline 0.003 -22"><span class='ocrx_word' id='word_1_316' title='bbox 2199 2133 2491 2202; x_wconf 73' lang='grc' dir='ltr'>ζητοῦντας</span> <span class='ocrx_word' id='word_1_317' title='bbox 2524 2132 2885 2205; x_wconf 79' lang='grc' dir='ltr'>λογιζομένων</span> <span class='ocrx_word' id='word_1_318' title='bbox 2919 2135 3067 2207; x_wconf 82' lang='grc' dir='ltr'><strong>παρά</strong></span> <span class='ocrx_word' id='word_1_319' title='bbox 3120 2134 3239 2204; x_wconf 81' lang='grc' dir='ltr'>Θεῷ</span> <span class='ocrx_word' id='word_1_320' title='bbox 3272 2134 3377 2187; x_wconf 65' lang='grc' dir='ltr'>τῶν</span> <span class='ocrx_word' id='word_1_321' title='bbox 3422 2136 3524 2203; x_wconf 74' lang='grc' dir='ltr'><strong>οὐχ</strong></span> <span class='ocrx_word' id='word_1_322' title='bbox 3692 2137 3786 2189; x_wconf 71' lang='grc' dir='ltr'><strong>ἐπὶ</strong></span> 
     </span>
    </p>
   </div>
   <div class='ocr_carea' id='block_1_45' title="bbox 2198 2222 2694 2293">
    <p class='ocr_par' dir='ltr' id='par_1_45' title="bbox 2198 2222 2694 2293">
     <span class='ocr_line' id='line_1_45' title="bbox 2198 2222 2694 2293; baseline 0.004 -20"><span class='ocrx_word' id='word_1_323' title='bbox 2198 2222 2355 2274; x_wconf 88' lang='grc' dir='ltr'>τοῦτο</span> <span class='ocrx_word' id='word_1_324' title='bbox 2382 2222 2694 2293; x_wconf 79' lang='grc' dir='ltr'>προϊόντων.</span> 
     </span>
    </p>
   </div>
   <div class='ocr_carea' id='block_1_46' title="bbox 519 2314 3781 2385">
    <p class='ocr_par' dir='ltr' id='par_1_46' title="bbox 519 2314 3781 2385">
     <span class='ocr_line' id='line_1_46' title="bbox 519 2314 3781 2385; baseline 0.001 -19"><span class='ocrx_word' id='word_1_325' title='bbox 519 2327 575 2367; x_wconf 90' lang='lat' dir='ltr'><strong>ut</strong></span> <span class='ocrx_word' id='word_1_326' title='bbox 610 2314 860 2383; x_wconf 88' lang='lat' dir='ltr'><strong>inprimis</strong></span> <span class='ocrx_word' id='word_1_327' title='bbox 901 2322 1047 2368; x_wconf 89' lang='lat' dir='ltr'><strong>recte</strong></span> <span class='ocrx_word' id='word_1_328' title='bbox 1076 2330 1317 2383; x_wconf 73' lang='lat' dir='ltr'><strong>quaerere</strong></span> <span class='ocrx_word' id='word_1_329' title='bbox 1350 2317 1639 2383; x_wconf 59' lang='lat' dir='ltr'><strong>p&#39;ts&#39;siutus.</strong></span> <span class='ocrx_word' id='word_1_330' title='bbox 1684 2315 2059 2378; x_wconf 65' lang='lat' dir='ltr'><strong>Quaerentibus</strong></span> <span class='ocrx_word' id='word_1_331' title='bbox 2108 2315 2252 2367; x_wconf 87' lang='lat' dir='ltr'><strong>enim</strong></span> <span class='ocrx_word' id='word_1_332' title='bbox 2300 2316 2571 2384; x_wconf 81' lang='lat' dir='ltr'><strong>preposita</strong></span> <span class='ocrx_word' id='word_1_333' title='bbox 2625 2327 2707 2371; x_wconf 90' lang='lat' dir='ltr'><strong>est</strong></span> <span class='ocrx_word' id='word_1_334' title='bbox 2735 2316 3054 2383; x_wconf 83' lang='lat' dir='ltr'><strong>assequendi</strong></span> <span class='ocrx_word' id='word_1_335' title='bbox 3104 2315 3411 2385; x_wconf 85' lang='lat' dir='ltr'><strong>promissio.</strong></span> <span class='ocrx_word' id='word_1_336' title='bbox 3456 2316 3535 2369; x_wconf 85' lang='lat' dir='ltr'><strong>Ac</strong></span> <span class='ocrx_word' id='word_1_337' title='bbox 3587 2318 3781 2369; x_wconf 77' lang='lat' dir='ltr'><strong>nescio</strong></span> 
     </span>
    </p>
   </div>
   <div class='ocr_carea' id='block_1_47' title="bbox 517 2392 3653 2481">
    <p class='ocr_par' dir='ltr' id='par_1_47' title="bbox 517 2392 3653 2481">
     <span class='ocr_line' id='line_1_47' title="bbox 517 2392 3653 2481; baseline 0 -17"><span class='ocrx_word' id='word_1_338' title='bbox 517 2430 583 2465; x_wconf 71' lang='grc' dir='ltr'>ειη</span> <span class='ocrx_word' id='word_1_339' title='bbox 623 2411 713 2481; x_wconf 86' lang='lat' dir='ltr'><strong>qui</strong></span> <span class='ocrx_word' id='word_1_340' title='bbox 760 2410 824 2464; x_wconf 85' lang='lat' dir='ltr'><strong>ad</strong></span> <span class='ocrx_word' id='word_1_341' title='bbox 856 2410 984 2464; x_wconf 91' lang='lat' dir='ltr'><strong>illud</strong></span> <span class='ocrx_word' id='word_1_342' title='bbox 1011 2410 1093 2463; x_wconf 88' lang='lat' dir='ltr'><strong>via</strong></span> <span class='ocrx_word' id='word_1_343' title='bbox 1133 2427 1194 2464; x_wconf 90' lang='lat' dir='ltr'><strong>ac</strong></span> <span class='ocrx_word' id='word_1_344' title='bbox 1224 2413 1432 2463; x_wconf 85' lang='lat' dir='ltr'><strong>ratione</strong></span> <span class='ocrx_word' id='word_1_345' title='bbox 1467 2413 1687 2464; x_wconf 83' lang='lat' dir='ltr'><strong>minime</strong></span> <span class='ocrx_word' id='word_1_346' title='bbox 1728 2410 2079 2475; x_wconf 85' lang='lat' dir='ltr'><strong>contendunt,</strong></span> <span class='ocrx_word' id='word_1_347' title='bbox 2114 2411 2254 2463; x_wconf 76' lang='lat' dir='ltr'><strong>inter</strong></span> <span class='ocrx_word' id='word_1_348' title='bbox 2282 2424 2375 2465; x_wconf 91' lang='lat' dir='ltr'><strong>cos</strong></span> <span class='ocrx_word' id='word_1_349' title='bbox 2400 2411 2491 2480; x_wconf 93' lang='lat' dir='ltr'><strong>qui</strong></span> <span class='ocrx_word' id='word_1_350' title='bbox 2524 2420 2789 2480; x_wconf 58' lang='lat' dir='ltr'><strong>quaerunt,</strong></span> <span class='ocrx_word' id='word_1_351' title='bbox 2816 2412 2953 2475; x_wconf 87' lang='lat' dir='ltr'><strong>apud</strong></span> <span class='ocrx_word' id='word_1_352' title='bbox 2985 2392 3146 2465; x_wconf 75' lang='lat' dir='ltr'><strong>Deum</strong></span> <span class='ocrx_word' id='word_1_353' title='bbox 3187 2426 3291 2465; x_wconf 92' lang='lat' dir='ltr'><strong>non</strong></span> <span class='ocrx_word' id='word_1_354' title='bbox 3331 2411 3653 2464; x_wconf 86' lang='lat' dir='ltr'><strong>habeantur.</strong></span> 
     </span>
    </p>
   </div>
   <div class='ocr_carea' id='block_1_48' title="bbox 1116 2501 1527 2570">
    <p class='ocr_par' dir='ltr' id='par_1_48' title="bbox 1116 2501 1527 2570">
     <span class='ocr_line' id='line_1_48' title="bbox 1116 2501 1527 2570; baseline -0.002 -16"><span class='ocrx_word' id='word_1_355' title='bbox 1116 2501 1181 2554; x_wconf 76' lang='lat' dir='ltr'><strong>El</strong></span> <span class='ocrx_word' id='word_1_356' title='bbox 1221 2513 1334 2570; x_wconf 71' lang='lat' dir='ltr'><strong>post</strong></span> <span class='ocrx_word' id='word_1_357' title='bbox 1377 2504 1481 2552; x_wconf 79' lang='lat' dir='ltr'><strong>altu</strong></span> <span class='ocrx_word' id='word_1_358' title='bbox 1512 2518 1527 2553; x_wconf 78' lang='lat'><strong>.‘</strong></span> 
     </span>
    </p>
   </div>
   <div class='ocr_carea' id='block_1_49' title="bbox 586 2592 2092 2662">
    <p class='ocr_par' dir='ltr' id='par_1_49' title="bbox 586 2592 2092 2662">
     <span class='ocr_line' id='line_1_49' title="bbox 586 2592 2092 2662; baseline -0.001 -14"><span class='ocrx_word' id='word_1_359' title='bbox 586 2595 642 2648; x_wconf 79' lang='lat'><strong>5.</strong></span> <span class='ocrx_word' id='word_1_360' title='bbox 681 2592 1018 2648; x_wconf 83' lang='lat' dir='ltr'><strong>Psalmorum</strong></span> <span class='ocrx_word' id='word_1_361' title='bbox 1043 2592 1545 2662; x_wconf 76' lang='lat' dir='ltr'><strong>interpretationem</strong></span> <span class='ocrx_word' id='word_1_362' title='bbox 1576 2592 1917 2657; x_wconf 88' lang='lat' dir='ltr'><strong>inchoaturi,</strong></span> <span class='ocrx_word' id='word_1_363' title='bbox 1952 2607 2092 2659; x_wconf 64' lang='lat' dir='ltr'><strong>pra:-</strong></span> 
     </span>
    </p>
   </div>
   <div class='ocr_carea' id='block_1_50' title="bbox 520 2682 2090 2739">
    <p class='ocr_par' dir='ltr' id='par_1_50' title="bbox 520 2682 2090 2739">
     <span class='ocr_line' id='line_1_50' title="bbox 520 2682 2090 2739; baseline 0 0"><span class='ocrx_word' id='word_1_364' title='bbox 520 2683 881 2739; x_wconf 77' lang='lat' dir='ltr'><strong>clarissimum</strong></span> <span class='ocrx_word' id='word_1_365' title='bbox 957 2682 1339 2736; x_wconf 88' lang='lat' dir='ltr'><strong>documentum</strong></span> <span class='ocrx_word' id='word_1_366' title='bbox 1398 2682 1553 2736; x_wconf 90' lang='lat' dir='ltr'><strong>nobis</strong></span> <span class='ocrx_word' id='word_1_367' title='bbox 1619 2682 1686 2735; x_wconf 93' lang='lat' dir='ltr'><strong>ab</strong></span> <span class='ocrx_word' id='word_1_368' title='bbox 1743 2682 1972 2737; x_wconf 67' lang='lat' dir='ltr'><strong>Hebraeo</strong></span> <span class='ocrx_word' id='word_1_369' title='bbox 2024 2684 2090 2739; x_wconf 85' lang='lat' dir='ltr'><strong>de</strong></span> 
     </span>
    </p>
   </div>
   <div class='ocr_carea' id='block_1_51' title="bbox 516 2770 2084 2842">
    <p class='ocr_par' dir='ltr' id='par_1_51' title="bbox 516 2770 2084 2842">
     <span class='ocr_line' id='line_1_51' title="bbox 516 2770 2084 2842; baseline 0.001 -16"><span class='ocrx_word' id='word_1_370' title='bbox 516 2772 664 2827; x_wconf 89' lang='lat' dir='ltr'><strong>omni</strong></span> <span class='ocrx_word' id='word_1_371' title='bbox 695 2772 873 2827; x_wconf 87' lang='lat' dir='ltr'><strong>divina</strong></span> <span class='ocrx_word' id='word_1_372' title='bbox 901 2771 1182 2839; x_wconf 81' lang='lat' dir='ltr'><strong>Scriptura</strong></span> <span class='ocrx_word' id='word_1_373' title='bbox 1210 2771 1466 2825; x_wconf 87' lang='lat' dir='ltr'><strong>traditum</strong></span> <span class='ocrx_word' id='word_1_374' title='bbox 1494 2770 1655 2841; x_wconf 76' lang='lat'><strong>527</strong></span> <span class='ocrx_word' id='word_1_375' title='bbox 1696 2787 2084 2842; x_wconf 89' lang='lat' dir='ltr'><strong>proponemus:</strong></span> 
     </span>
    </p>
   </div>
   <div class='ocr_carea' id='block_1_52' title="bbox 518 2862 2083 2933">
    <p class='ocr_par' dir='ltr' id='par_1_52' title="bbox 518 2862 2083 2933">
     <span class='ocr_line' id='line_1_52' title="bbox 518 2862 2083 2933; baseline 0.003 -19"><span class='ocrx_word' id='word_1_376' title='bbox 518 2864 729 2919; x_wconf 88' lang='lat' dir='ltr'><strong>dicebat</strong></span> <span class='ocrx_word' id='word_1_377' title='bbox 762 2866 905 2917; x_wconf 92' lang='lat' dir='ltr'><strong>cnim</strong></span> <span class='ocrx_word' id='word_1_378' title='bbox 938 2864 1030 2917; x_wconf 90' lang='lat' dir='ltr'><strong>ille</strong></span> <span class='ocrx_word' id='word_1_379' title='bbox 1060 2862 1292 2917; x_wconf 87' lang='lat' dir='ltr'><strong>similem</strong></span> <span class='ocrx_word' id='word_1_380' title='bbox 1336 2877 1460 2918; x_wconf 89' lang='lat' dir='ltr'><strong>esse</strong></span> <span class='ocrx_word' id='word_1_381' title='bbox 1486 2864 1793 2918; x_wconf 90' lang='lat' dir='ltr'><strong>universam</strong></span> <span class='ocrx_word' id='word_1_382' title='bbox 1830 2863 2083 2933; x_wconf 83' lang='lat' dir='ltr'><strong>Scriptu-</strong></span> 
     </span>
    </p>
   </div>
   <div class='ocr_carea' id='block_1_53' title="bbox 518 2953 2089 3026">
    <p class='ocr_par' dir='ltr' id='par_1_53' title="bbox 518 2953 2089 3026">
     <span class='ocr_line' id='line_1_53' title="bbox 518 2953 2089 3026; baseline 0 -16"><span class='ocrx_word' id='word_1_383' title='bbox 518 2972 635 3010; x_wconf 90' lang='lat' dir='ltr'><strong>ram</strong></span> <span class='ocrx_word' id='word_1_384' title='bbox 690 2955 953 3011; x_wconf 75' lang='lat' dir='ltr'><strong>divinitus</strong></span> <span class='ocrx_word' id='word_1_385' title='bbox 1011 2953 1268 3020; x_wconf 83' lang='lat' dir='ltr'><strong>amatam,</strong></span> <span class='ocrx_word' id='word_1_386' title='bbox 1294 2964 1516 3026; x_wconf 83' lang='lat' dir='ltr'><strong>prepter</strong></span> <span class='ocrx_word' id='word_1_387' title='bbox 1548 2957 1937 3011; x_wconf 63' lang='lat' dir='ltr'><strong>obscuritatem</strong></span> <span class='ocrx_word' id='word_1_388' title='bbox 1971 2972 2089 3026; x_wconf 63' lang='lat' dir='ltr'><strong>quae</strong></span> 
     </span>
    </p>
   </div>
   <div class='ocr_carea' id='block_1_54' title="bbox 518 3045 2083 3111">
    <p class='ocr_par' dir='ltr' id='par_1_54' title="bbox 518 3045 2083 3111">
     <span class='ocr_line' id='line_1_54' title="bbox 518 3045 2083 3111; baseline 0 -8"><span class='ocrx_word' id='word_1_389' title='bbox 518 3049 571 3103; x_wconf 94' lang='lat' dir='ltr'><strong>in</strong></span> <span class='ocrx_word' id='word_1_390' title='bbox 604 3062 666 3104; x_wconf 88' lang='lat' dir='ltr'><strong>ea</strong></span> <span class='ocrx_word' id='word_1_391' title='bbox 692 3054 798 3111; x_wconf 90' lang='lat' dir='ltr'><strong>est,</strong></span> <span class='ocrx_word' id='word_1_392' title='bbox 846 3047 1027 3102; x_wconf 89' lang='lat' dir='ltr'><strong>multis</strong></span> <span class='ocrx_word' id='word_1_393' title='bbox 1071 3046 1356 3102; x_wconf 80' lang='lat' dir='ltr'><strong>domiciliis</strong></span> <span class='ocrx_word' id='word_1_394' title='bbox 1394 3062 1497 3100; x_wconf 90' lang='lat' dir='ltr'><strong>uno</strong></span> <span class='ocrx_word' id='word_1_395' title='bbox 1528 3048 1756 3104; x_wconf 78' lang='lat' dir='ltr'><strong>:editicio</strong></span> <span class='ocrx_word' id='word_1_396' title='bbox 1785 3045 2083 3111; x_wconf 85' lang='lat' dir='ltr'><strong>conclusis;</strong></span> 
     </span>
    </p>
   </div>
   <div class='ocr_carea' id='block_1_55' title="bbox 2752 2502 3220 2569">
    <p class='ocr_par' dir='ltr' id='par_1_55' title="bbox 2752 2502 3220 2569">
     <span class='ocr_line' id='line_1_55' title="bbox 2752 2502 3220 2569; baseline -0.002 -14"><span class='ocrx_word' id='word_1_397' title='bbox 2752 2504 2859 2555; x_wconf 80' lang='lat' dir='ltr'><strong>Kal</strong></span> <span class='ocrx_word' id='word_1_398' title='bbox 2882 2503 3009 2569; x_wconf 78' lang='grc' dir='ltr'>μεθ’</span> <span class='ocrx_word' id='word_1_399' title='bbox 3031 2502 3220 2568; x_wconf 79' lang='grc' dir='ltr'>ἕτερα·</span> 
     </span>
    </p>
   </div>
   <div class='ocr_carea' id='block_1_56' title="bbox 2273 2591 3775 2663">
    <p class='ocr_par' dir='ltr' id='par_1_56' title="bbox 2273 2591 3775 2663">
     <span class='ocr_line' id='line_1_56' title="bbox 2273 2591 3775 2663; baseline -0.002 -15"><span class='ocrx_word' id='word_1_400' title='bbox 2273 2595 2331 2648; x_wconf 78' lang='grc'><strong>5.</strong></span> <span class='ocrx_word' id='word_1_401' title='bbox 2357 2593 2656 2654; x_wconf 85' lang='grc' dir='ltr'>Μέλλοντες</span> <span class='ocrx_word' id='word_1_402' title='bbox 2683 2593 2739 2645; x_wconf 83' lang='grc' dir='ltr'>δὲ</span> <span class='ocrx_word' id='word_1_403' title='bbox 2765 2591 3027 2663; x_wconf 77' lang='grc' dir='ltr'>ἄρχεσθαι</span> <span class='ocrx_word' id='word_1_404' title='bbox 3061 2592 3173 2661; x_wconf 69' lang='grc'><strong>(44)</strong></span> <span class='ocrx_word' id='word_1_405' title='bbox 3198 2593 3297 2663; x_wconf 77' lang='grc' dir='ltr'>τῆς</span> <span class='ocrx_word' id='word_1_406' title='bbox 3339 2591 3635 2662; x_wconf 76' lang='grc' dir='ltr'>ἑρμηνείας</span> <span class='ocrx_word' id='word_1_407' title='bbox 3660 2594 3775 2646; x_wconf 72' lang='grc' dir='ltr'>τῶν</span> 
     </span>
    </p>
   </div>
   <div class='ocr_carea' id='block_1_57' title="bbox 2201 2682 3770 2757">
    <p class='ocr_par' dir='ltr' id='par_1_57' title="bbox 2201 2682 3770 2757">
     <span class='ocr_line' id='line_1_57' title="bbox 2201 2682 3770 2757; baseline -0.002 -17"><span class='ocrx_word' id='word_1_408' title='bbox 2201 2684 2469 2756; x_wconf 74' lang='grc' dir='ltr'>Ψαλμῶν,</span> <span class='ocrx_word' id='word_1_409' title='bbox 2499 2685 2860 2756; x_wconf 75' lang='grc' dir='ltr'>χαριεστάτην</span> <span class='ocrx_word' id='word_1_410' title='bbox 2894 2685 3190 2757; x_wconf 74' lang='grc' dir='ltr'>παράδοσιν</span> <span class='ocrx_word' id='word_1_411' title='bbox 3214 2684 3322 2736; x_wconf 78' lang='grc' dir='ltr'>ὑπὸ</span> <span class='ocrx_word' id='word_1_412' title='bbox 3352 2684 3444 2738; x_wconf 84' lang='grc' dir='ltr'><strong>τοῦ</strong></span> <span class='ocrx_word' id='word_1_413' title='bbox 3516 2682 3770 2755; x_wconf 74' lang='grc' dir='ltr'>Ἐδραίον</span> 
     </span>
    </p>
   </div>
   <div class='ocr_carea' id='block_1_58' title="bbox 2194 2772 3773 2846">
    <p class='ocr_par' dir='ltr' id='par_1_58' title="bbox 2194 2772 3773 2846">
     <span class='ocr_line' id='line_1_58' title="bbox 2194 2772 3773 2846; baseline -0.001 -17"><span class='ocrx_word' id='word_1_414' title='bbox 2194 2778 2327 2846; x_wconf 79' lang='grc' dir='ltr'>ἡμῖν</span> <span class='ocrx_word' id='word_1_415' title='bbox 2352 2774 2656 2837; x_wconf 84' lang='grc' dir='ltr'>καθολικῶς</span> <span class='ocrx_word' id='word_1_416' title='bbox 2695 2773 2821 2843; x_wconf 74' lang='grc' dir='ltr'>περὶ</span> <span class='ocrx_word' id='word_1_417' title='bbox 2873 2772 3051 2842; x_wconf 83' lang='grc' dir='ltr'>πάσης</span> <span class='ocrx_word' id='word_1_418' title='bbox 3085 2772 3234 2835; x_wconf 87' lang='grc' dir='ltr'>θείας</span> <span class='ocrx_word' id='word_1_419' title='bbox 3268 2773 3491 2842; x_wconf 59' lang='grc' dir='ltr'>Γραφεῖκ</span> <span class='ocrx_word' id='word_1_420' title='bbox 3533 2774 3773 2844; x_wconf 80' lang='grc' dir='ltr'>παραδε-</span> 
     </span>
    </p>
   </div>
   <div class='ocr_carea' id='block_1_59' title="bbox 2194 2864 3769 2939">
    <p class='ocr_par' dir='ltr' id='par_1_59' title="bbox 2194 2864 3769 2939">
     <span class='ocr_line' id='line_1_59' title="bbox 2194 2864 3769 2939; baseline -0.001 -19"><span class='ocrx_word' id='word_1_421' title='bbox 2194 2866 2421 2938; x_wconf 85' lang='grc' dir='ltr'>δομένην</span> <span class='ocrx_word' id='word_1_422' title='bbox 2474 2864 2837 2939; x_wconf 69' lang='grc' dir='ltr'>προτάξομενο</span> <span class='ocrx_word' id='word_1_423' title='bbox 2894 2864 3099 2934; x_wconf 69' lang='grc' dir='ltr'>ἔφασκε</span> <span class='ocrx_word' id='word_1_424' title='bbox 3148 2865 3259 2935; x_wconf 82' lang='grc' dir='ltr'><strong>γάρ</strong></span> <span class='ocrx_word' id='word_1_425' title='bbox 3291 2864 3496 2927; x_wconf 81' lang='grc' dir='ltr'>ἐκεῖνος</span> <span class='ocrx_word' id='word_1_426' title='bbox 3530 2866 3769 2918; x_wconf 78' lang='grc' dir='ltr'>ἐοικέναι</span> 
     </span>
    </p>
   </div>
   <div class='ocr_carea' id='block_1_60' title="bbox 2194 2956 3767 3031">
    <p class='ocr_par' dir='ltr' id='par_1_60' title="bbox 2194 2956 3767 3031">
     <span class='ocr_line' id='line_1_60' title="bbox 2194 2956 3767 3031; baseline -0.003 -18"><span class='ocrx_word' id='word_1_427' title='bbox 2194 2960 2291 3031; x_wconf 78' lang='grc' dir='ltr'><strong>τὴν</strong></span> <span class='ocrx_word' id='word_1_428' title='bbox 2313 2960 2440 3028; x_wconf 85' lang='grc' dir='ltr'>ὃλην</span> <span class='ocrx_word' id='word_1_429' title='bbox 2498 2959 2847 3012; x_wconf 82' lang='grc' dir='ltr'>θεόπνευστον</span> <span class='ocrx_word' id='word_1_430' title='bbox 2878 2958 3120 3027; x_wconf 74' lang='grc' dir='ltr'>Γραφὴν,</span> <span class='ocrx_word' id='word_1_431' title='bbox 3148 2956 3235 3010; x_wconf 81' lang='grc' dir='ltr'><strong>διὰ</strong></span> <span class='ocrx_word' id='word_1_432' title='bbox 3260 2956 3359 3028; x_wconf 83' lang='grc' dir='ltr'>τὴν</span> <span class='ocrx_word' id='word_1_433' title='bbox 3385 2959 3438 3009; x_wconf 77' lang='grc' dir='ltr'>ὲν</span> <span class='ocrx_word' id='word_1_434' title='bbox 3462 2958 3594 3025; x_wconf 71' lang='grc' dir='ltr'>αὐτῇ</span> <span class='ocrx_word' id='word_1_435' title='bbox 3622 2958 3767 3010; x_wconf 77' lang='grc' dir='ltr'>ἀσά-</span> 
     </span>
    </p>
   </div>
   <div class='ocr_carea' id='block_1_61' title="bbox 2200 3046 3755 3122">
    <p class='ocr_par' dir='ltr' id='par_1_61' title="bbox 2200 3046 3755 3122">
     <span class='ocr_line' id='line_1_61' title="bbox 2200 3046 3755 3122; baseline -0.003 -19"><span class='ocrx_word' id='word_1_436' title='bbox 2200 3069 2354 3119; x_wconf 83' lang='grc' dir='ltr'>φειαν</span> <span class='ocrx_word' id='word_1_437' title='bbox 2370 3052 2505 3122; x_wconf 73' lang='grc'><strong>(45),</strong></span> <span class='ocrx_word' id='word_1_438' title='bbox 2525 3050 2738 3114; x_wconf 81' lang='grc' dir='ltr'>πολλοῖς</span> <span class='ocrx_word' id='word_1_439' title='bbox 2764 3051 2931 3113; x_wconf 83' lang='grc' dir='ltr'>οἴκοις</span> <span class='ocrx_word' id='word_1_440' title='bbox 2955 3052 3012 3102; x_wconf 83' lang='grc' dir='ltr'>ὲν</span> <span class='ocrx_word' id='word_1_441' title='bbox 3035 3049 3182 3119; x_wconf 76' lang='grc' dir='ltr'>οἰκία</span> <span class='ocrx_word' id='word_1_442' title='bbox 3218 3050 3318 3119; x_wconf 84' lang='grc' dir='ltr'>μιᾷ</span> <span class='ocrx_word' id='word_1_443' title='bbox 3338 3046 3755 3115; x_wconf 77' lang='grc' dir='ltr'>κεκλεισμένας,</span> 
     </span>
    </p>
   </div>
   <div class='ocr_carea' id='block_1_62' title="bbox 518 3136 2088 3215">
    <p class='ocr_par' dir='ltr' id='par_1_62' title="bbox 518 3138 2087 3209">
     <span class='ocr_line' id='line_1_62' title="bbox 518 3138 2087 3209; baseline 0.003 -20"><span class='ocrx_word' id='word_1_444' title='bbox 518 3140 808 3209; x_wconf 88' lang='lat' dir='ltr'><strong>unicuique</strong></span> <span class='ocrx_word' id='word_1_445' title='bbox 872 3138 1150 3193; x_wconf 91' lang='lat' dir='ltr'><strong>domicilio</strong></span> <span class='ocrx_word' id='word_1_446' title='bbox 1198 3140 1495 3209; x_wconf 86' lang='lat' dir='ltr'><strong>appositam</strong></span> <span class='ocrx_word' id='word_1_447' title='bbox 1557 3140 1752 3195; x_wconf 91' lang='lat' dir='ltr'><strong>clavim</strong></span> <span class='ocrx_word' id='word_1_448' title='bbox 1814 3156 1919 3195; x_wconf 90' lang='lat' dir='ltr'><strong>nou</strong></span> <span class='ocrx_word' id='word_1_449' title='bbox 1988 3141 2087 3209; x_wconf 84' lang='lat' dir='ltr'><strong>ipsi</strong></span> 
     </span>
    </p>
   </div>
   <div class='ocr_carea' id='block_1_63' title="bbox 2195 3136 3748 3215">
    <p class='ocr_par' dir='ltr' id='par_1_63' title="bbox 2195 3139 3748 3215">
     <span class='ocr_line' id='line_1_63' title="bbox 2195 3139 3748 3215; baseline -0.004 -18"><span class='ocrx_word' id='word_1_450' title='bbox 2195 3145 2409 3215; x_wconf 82' lang='grc' dir='ltr'>ἑκάστῳ</span> <span class='ocrx_word' id='word_1_451' title='bbox 2434 3145 2490 3197; x_wconf 85' lang='grc' dir='ltr'><strong>δὲ</strong></span> <span class='ocrx_word' id='word_1_452' title='bbox 2522 3144 2653 3214; x_wconf 78' lang='grc' dir='ltr'>οἴκῳ</span> <span class='ocrx_word' id='word_1_453' title='bbox 2714 3141 3075 3215; x_wconf 80' lang='grc' dir='ltr'>παρακεῖσθαι</span> <span class='ocrx_word' id='word_1_454' title='bbox 3104 3141 3213 3212; x_wconf 67' lang='grc'><strong>(46)</strong></span> <span class='ocrx_word' id='word_1_455' title='bbox 3250 3142 3390 3195; x_wconf 83' lang='grc' dir='ltr'>κλεῖν</span> <span class='ocrx_word' id='word_1_456' title='bbox 3415 3140 3473 3194; x_wconf 81' lang='grc' dir='ltr'><strong>οὑ</strong></span> <span class='ocrx_word' id='word_1_457' title='bbox 3488 3139 3584 3210; x_wconf 73' lang='grc' dir='ltr'>τὴν</span> <span class='ocrx_word' id='word_1_458' title='bbox 3612 3155 3748 3192; x_wconf 81' lang='grc' dir='ltr'>κατ-</span> 
     </span>
    </p>
   </div>
   <div class='ocr_carea' id='block_1_64' title="bbox 518 3230 2090 3302">
    <p class='ocr_par' dir='ltr' id='par_1_64' title="bbox 518 3230 2090 3302">
     <span class='ocr_line' id='line_1_64' title="bbox 518 3230 2090 3302; baseline 0.001 -18"><span class='ocrx_word' id='word_1_459' title='bbox 518 3232 947 3295; x_wconf 88' lang='lat' dir='ltr'><strong>convenientem,</strong></span> <span class='ocrx_word' id='word_1_460' title='bbox 997 3230 1183 3300; x_wconf 89' lang='lat' dir='ltr'><strong>sicque</strong></span> <span class='ocrx_word' id='word_1_461' title='bbox 1240 3232 1531 3301; x_wconf 88' lang='lat' dir='ltr'><strong>dissipatas</strong></span> <span class='ocrx_word' id='word_1_462' title='bbox 1586 3248 1705 3287; x_wconf 87' lang='lat' dir='ltr'><strong>esse</strong></span> <span class='ocrx_word' id='word_1_463' title='bbox 1760 3232 1942 3287; x_wconf 87' lang='lat' dir='ltr'><strong>claves</strong></span> <span class='ocrx_word' id='word_1_464' title='bbox 1994 3248 2090 3302; x_wconf 86' lang='lat' dir='ltr'><strong>per</strong></span> 
     </span>
    </p>
   </div>
   <div class='ocr_carea' id='block_1_65' title="bbox 518 3321 2088 3400">
    <p class='ocr_par' dir='ltr' id='par_1_65' title="bbox 518 3321 2088 3400">
     <span class='ocr_line' id='line_1_65' title="bbox 518 3321 2088 3400; baseline 0.003 -25"><span class='ocrx_word' id='word_1_465' title='bbox 518 3322 808 3386; x_wconf 77' lang='lat' dir='ltr'><strong>domicilia,</strong></span> <span class='ocrx_word' id='word_1_466' title='bbox 846 3338 954 3377; x_wconf 88' lang='lat' dir='ltr'><strong>non</strong></span> <span class='ocrx_word' id='word_1_467' title='bbox 982 3321 1366 3391; x_wconf 86' lang='lat' dir='ltr'><strong>respondentes</strong></span> <span class='ocrx_word' id='word_1_468' title='bbox 1404 3324 1650 3400; x_wconf 80' lang='lat' dir='ltr'><strong>singulas</strong></span> <span class='ocrx_word' id='word_1_469' title='bbox 1685 3324 1752 3379; x_wconf 90' lang='lat' dir='ltr'><strong>iis</strong></span> <span class='ocrx_word' id='word_1_470' title='bbox 1797 3324 2088 3379; x_wconf 86' lang='lat' dir='ltr'><strong>domiciliis</strong></span> 
     </span>
    </p>
   </div>
   <div class='ocr_carea' id='block_1_66' title="bbox 518 3416 2086 3487">
    <p class='ocr_par' dir='ltr' id='par_1_66' title="bbox 518 3416 2086 3487">
     <span class='ocr_line' id='line_1_66' title="bbox 518 3416 2086 3487; baseline 0.003 -20"><span class='ocrx_word' id='word_1_471' title='bbox 518 3416 713 3483; x_wconf 86' lang='lat' dir='ltr'><strong>quibus</strong></span> <span class='ocrx_word' id='word_1_472' title='bbox 745 3417 1005 3485; x_wconf 74' lang='lat' dir='ltr'><strong>apposita:</strong></span> <span class='ocrx_word' id='word_1_473' title='bbox 1062 3427 1189 3470; x_wconf 86' lang='lat' dir='ltr'><strong>sunt</strong></span> <span class='ocrx_word' id='word_1_474' title='bbox 1224 3434 1238 3482; x_wconf 88' lang='lat'><strong>;</strong></span> <span class='ocrx_word' id='word_1_475' title='bbox 1271 3433 1410 3486; x_wconf 91' lang='lat' dir='ltr'><strong>opus</strong></span> <span class='ocrx_word' id='word_1_476' title='bbox 1462 3433 1595 3472; x_wconf 90' lang='lat' dir='ltr'><strong>vero</strong></span> <span class='ocrx_word' id='word_1_477' title='bbox 1632 3418 1790 3487; x_wconf 89' lang='lat' dir='ltr'><strong>longe</strong></span> <span class='ocrx_word' id='word_1_478' title='bbox 1832 3416 2086 3472; x_wconf 79' lang='lat' dir='ltr'><strong>diﬂicilli-</strong></span> 
     </span>
    </p>
   </div>
   <div class='ocr_carea' id='block_1_67' title="bbox 518 3508 2090 3580">
    <p class='ocr_par' dir='ltr' id='par_1_67' title="bbox 518 3508 2090 3580">
     <span class='ocr_line' id='line_1_67' title="bbox 518 3508 2090 3580; baseline 0.004 -21"><span class='ocrx_word' id='word_1_479' title='bbox 518 3524 663 3561; x_wconf 82' lang='lat' dir='ltr'><strong>mum</strong></span> <span class='ocrx_word' id='word_1_480' title='bbox 704 3522 824 3562; x_wconf 90' lang='lat' dir='ltr'><strong>esse</strong></span> <span class='ocrx_word' id='word_1_481' title='bbox 855 3508 1097 3563; x_wconf 87' lang='lat' dir='ltr'><strong>invenire</strong></span> <span class='ocrx_word' id='word_1_482' title='bbox 1119 3509 1302 3564; x_wconf 86' lang='lat' dir='ltr'><strong>claves</strong></span> <span class='ocrx_word' id='word_1_483' title='bbox 1333 3519 1385 3565; x_wconf 90' lang='lat' dir='ltr'><strong>et</strong></span> <span class='ocrx_word' id='word_1_484' title='bbox 1411 3524 1506 3565; x_wconf 91' lang='lat' dir='ltr'><strong>eas</strong></span> <span class='ocrx_word' id='word_1_485' title='bbox 1533 3510 1686 3565; x_wconf 85' lang='lat' dir='ltr'><strong>cellis</strong></span> <span class='ocrx_word' id='word_1_486' title='bbox 1717 3520 1923 3579; x_wconf 87' lang='lat' dir='ltr'><strong>aptare,</strong></span> <span class='ocrx_word' id='word_1_487' title='bbox 1955 3526 2090 3580; x_wconf 89' lang='lat' dir='ltr'><strong>quas</strong></span> 
     </span>
    </p>
   </div>
   <div class='ocr_carea' id='block_1_68' title="bbox 519 3598 2089 3670">
    <p class='ocr_par' dir='ltr' id='par_1_68' title="bbox 519 3598 2089 3670">
     <span class='ocr_line' id='line_1_68' title="bbox 519 3598 2089 3670; baseline 0.004 -19"><span class='ocrx_word' id='word_1_488' title='bbox 519 3598 730 3666; x_wconf 81' lang='lat' dir='ltr'><strong>aperire</strong></span> <span class='ocrx_word' id='word_1_489' title='bbox 757 3608 978 3667; x_wconf 85' lang='lat' dir='ltr'><strong>possunt</strong></span> <span class='ocrx_word' id='word_1_490' title='bbox 1018 3618 1030 3651; x_wconf 87' lang='lat'><strong>:</strong></span> <span class='ocrx_word' id='word_1_491' title='bbox 1060 3600 1239 3668; x_wconf 89' lang='lat' dir='ltr'><strong>itaque</strong></span> <span class='ocrx_word' id='word_1_492' title='bbox 1265 3600 1433 3655; x_wconf 89' lang='lat' dir='ltr'><strong>etiam</strong></span> <span class='ocrx_word' id='word_1_493' title='bbox 1465 3602 2089 3670; x_wconf 84' lang='lat' dir='ltr'><strong>Scripturasabstrusas</strong></span> 
     </span>
    </p>
   </div>
   <div class='ocr_carea' id='block_1_69' title="bbox 450 3690 2089 3762">
    <p class='ocr_par' dir='ltr' id='par_1_69' title="bbox 450 3690 2089 3762">
     <span class='ocr_line' id='line_1_69' title="bbox 450 3690 2089 3762; baseline 0.006 -23"><span class='ocrx_word' id='word_1_494' title='bbox 450 3756 454 3759; x_wconf 90' lang='lat'><em>_</em></span> <span class='ocrx_word' id='word_1_495' title='bbox 519 3690 734 3759; x_wconf 82' lang='lat' dir='ltr'><strong>quidem</strong></span> <span class='ocrx_word' id='word_1_496' title='bbox 759 3690 879 3745; x_wconf 84' lang='lat' dir='ltr'><strong>illas</strong></span> <span class='ocrx_word' id='word_1_497' title='bbox 906 3691 1150 3759; x_wconf 82' lang='lat' dir='ltr'><strong>intelligi,</strong></span> <span class='ocrx_word' id='word_1_498' title='bbox 1177 3708 1281 3745; x_wconf 90' lang='lat' dir='ltr'><strong>non</strong></span> <span class='ocrx_word' id='word_1_499' title='bbox 1314 3693 1533 3747; x_wconf 90' lang='lat' dir='ltr'><strong>aliunde</strong></span> <span class='ocrx_word' id='word_1_500' title='bbox 1569 3693 1801 3762; x_wconf 88' lang='lat' dir='ltr'><strong>sumptis</strong></span> <span class='ocrx_word' id='word_1_501' title='bbox 1832 3708 1993 3762; x_wconf 88' lang='lat' dir='ltr'><strong>quam</strong></span> <span class='ocrx_word' id='word_1_502' title='bbox 2023 3696 2089 3749; x_wconf 87' lang='lat' dir='ltr'><strong>ab</strong></span> 
     </span>
    </p>
   </div>
   <div class='ocr_carea' id='block_1_70' title="bbox 520 3778 2086 3854">
    <p class='ocr_par' dir='ltr' id='par_1_70' title="bbox 520 3778 2086 3854">
     <span class='ocr_line' id='line_1_70' title="bbox 520 3778 2086 3854; baseline 0.006 -23"><span class='ocrx_word' id='word_1_503' title='bbox 520 3778 648 3847; x_wconf 83' lang='lat' dir='ltr'><strong>lpSlS</strong></span> <span class='ocrx_word' id='word_1_504' title='bbox 674 3779 902 3835; x_wconf 91' lang='lat' dir='ltr'><strong>invicem</strong></span> <span class='ocrx_word' id='word_1_505' title='bbox 931 3781 1261 3850; x_wconf 82' lang='lat' dir='ltr'><strong>argumentis</strong></span> <span class='ocrx_word' id='word_1_506' title='bbox 1317 3783 1715 3854; x_wconf 66' lang='lat' dir='ltr'><strong>intelligentiae,</strong></span> <span class='ocrx_word' id='word_1_507' title='bbox 1751 3800 1870 3853; x_wconf 84' lang='lat' dir='ltr'><strong>quae</strong></span> <span class='ocrx_word' id='word_1_508' title='bbox 1926 3785 1978 3839; x_wconf 89' lang='lat' dir='ltr'><strong>in</strong></span> <span class='ocrx_word' id='word_1_509' title='bbox 2028 3801 2086 3840; x_wconf 89' lang='lat' dir='ltr'><strong>se</strong></span> 
     </span>
    </p>
   </div>
   <div class='ocr_carea' id='block_1_71' title="bbox 520 3871 2084 3941">
    <p class='ocr_par' dir='ltr' id='par_1_71' title="bbox 520 3871 2084 3941">
     <span class='ocr_line' id='line_1_71' title="bbox 520 3871 2084 3941; baseline 0.003 -17"><span class='ocrx_word' id='word_1_510' title='bbox 520 3871 719 3925; x_wconf 83' lang='lat' dir='ltr'><strong>habent</strong></span> <span class='ocrx_word' id='word_1_511' title='bbox 780 3871 1074 3940; x_wconf 87' lang='lat' dir='ltr'><strong>dispersam</strong></span> <span class='ocrx_word' id='word_1_512' title='bbox 1130 3873 1431 3941; x_wconf 77' lang='lat' dir='ltr'><strong>exponendi</strong></span> <span class='ocrx_word' id='word_1_513' title='bbox 1485 3875 1774 3929; x_wconf 87' lang='lat' dir='ltr'><strong>rationem.</strong></span> <span class='ocrx_word' id='word_1_514' title='bbox 1832 3875 2084 3931; x_wconf 83' lang='lat' dir='ltr'><strong>Arbitror</strong></span> 
     </span>
    </p>
   </div>
   <div class='ocr_carea' id='block_1_72' title="bbox 521 3963 2090 4037">
    <p class='ocr_par' dir='ltr' id='par_1_72' title="bbox 521 3963 2090 4037">
     <span class='ocr_line' id='line_1_72' title="bbox 521 3963 2090 4037; baseline 0.005 -23"><span class='ocrx_word' id='word_1_515' title='bbox 521 3964 700 4030; x_wconf 85' lang='lat' dir='ltr'><strong>itaque</strong></span> <span class='ocrx_word' id='word_1_516' title='bbox 732 3963 1045 4031; x_wconf 78' lang='lat' dir='ltr'><strong>Aposwlunt</strong></span> <span class='ocrx_word' id='word_1_517' title='bbox 1091 3964 1296 4018; x_wconf 86' lang='lat' dir='ltr'><strong>aditum</strong></span> <span class='ocrx_word' id='word_1_518' title='bbox 1341 3966 1485 4020; x_wconf 91' lang='lat' dir='ltr'><strong>hunc</strong></span> <span class='ocrx_word' id='word_1_519' title='bbox 1520 3968 1851 4037; x_wconf 82' lang='lat' dir='ltr'><strong>intelligendi</strong></span> <span class='ocrx_word' id='word_1_520' title='bbox 1879 3968 2090 4023; x_wconf 67' lang='lat' dir='ltr'><strong>divinos</strong></span> 
     </span>
    </p>
   </div>
   <div class='ocr_carea' id='block_1_73' title="bbox 520 4055 2091 4127">
    <p class='ocr_par' dir='ltr' id='par_1_73' title="bbox 520 4055 2091 4127">
     <span class='ocr_line' id='line_1_73' title="bbox 520 4055 2091 4127; baseline 0.003 -22"><span class='ocrx_word' id='word_1_521' title='bbox 520 4069 793 4107; x_wconf 67' lang='lat' dir='ltr'><strong>SIBI&#39;IIIOIICS</strong></span> <span class='ocrx_word' id='word_1_522' title='bbox 823 4056 1154 4122; x_wconf 82' lang='lat' dir='ltr'><strong>aperientem</strong></span> <span class='ocrx_word' id='word_1_523' title='bbox 1188 4055 1377 4109; x_wconf 82' lang='lat' dir='ltr'><strong>dicere</strong></span> <span class='ocrx_word' id='word_1_524' title='bbox 1407 4055 1451 4087; x_wconf 74' lang='grc'><strong>’⁷</strong></span> <span class='ocrx_word' id='word_1_525' title='bbox 1486 4070 1501 4108; x_wconf 90' lang='lat'><strong>:</strong></span> <span class='ocrx_word' id='word_1_526' title='bbox 1539 4076 1558 4107; x_wconf 77' lang='grc' dir='ltr'><strong>ι</strong></span> <span class='ocrx_word' id='word_1_527' title='bbox 1586 4056 1716 4122; x_wconf 73' lang='lat' dir='ltr'><strong>Qua:</strong></span> <span class='ocrx_word' id='word_1_528' title='bbox 1741 4068 1795 4113; x_wconf 87' lang='lat' dir='ltr'><strong>et</strong></span> <span class='ocrx_word' id='word_1_529' title='bbox 1820 4058 2091 4127; x_wconf 88' lang='lat' dir='ltr'><strong>loquimur</strong></span> 
     </span>
    </p>
   </div>
   <div class='ocr_carea' id='block_1_74' title="bbox 522 4144 2089 4215">
    <p class='ocr_par' dir='ltr' id='par_1_74' title="bbox 522 4144 2089 4215">
     <span class='ocr_line' id='line_1_74' title="bbox 522 4144 2089 4215; baseline 0.005 -21"><span class='ocrx_word' id='word_1_530' title='bbox 522 4159 625 4195; x_wconf 93' lang='lat' dir='ltr'><strong>non</strong></span> <span class='ocrx_word' id='word_1_531' title='bbox 684 4144 735 4195; x_wconf 90' lang='lat' dir='ltr'><strong>in</strong></span> <span class='ocrx_word' id='word_1_532' title='bbox 784 4144 957 4197; x_wconf 91' lang='lat' dir='ltr'><strong>doctis</strong></span> <span class='ocrx_word' id='word_1_533' title='bbox 1012 4146 1262 4198; x_wconf 73' lang='lat' dir='ltr'><strong>humanae</strong></span> <span class='ocrx_word' id='word_1_534' title='bbox 1316 4146 1594 4215; x_wconf 72' lang='lat' dir='ltr'><strong>sapientia:</strong></span> <span class='ocrx_word' id='word_1_535' title='bbox 1642 4150 1842 4213; x_wconf 85' lang='lat' dir='ltr'><strong>verbis,</strong></span> <span class='ocrx_word' id='word_1_536' title='bbox 1895 4150 1991 4204; x_wconf 89' lang='lat' dir='ltr'><strong>sed</strong></span> <span class='ocrx_word' id='word_1_537' title='bbox 2037 4150 2089 4203; x_wconf 92' lang='lat' dir='ltr'><strong>in</strong></span> 
     </span>
    </p>
   </div>
   <div class='ocr_carea' id='block_1_75' title="bbox 520 4234 2091 4310">
    <p class='ocr_par' dir='ltr' id='par_1_75' title="bbox 520 4234 2091 4310">
     <span class='ocr_line' id='line_1_75' title="bbox 520 4234 2091 4310; baseline 0.008 -26"><span class='ocrx_word' id='word_1_538' title='bbox 520 4234 765 4287; x_wconf 89' lang='lat' dir='ltr'><strong>doctrina</strong></span> <span class='ocrx_word' id='word_1_539' title='bbox 791 4235 1042 4303; x_wconf 88' lang='lat' dir='ltr'><strong>Spiritus,</strong></span> <span class='ocrx_word' id='word_1_540' title='bbox 1066 4237 1132 4291; x_wconf 81' lang='lat' dir='ltr'><strong>iis</strong></span> <span class='ocrx_word' id='word_1_541' title='bbox 1160 4252 1281 4307; x_wconf 62' lang='lat' dir='ltr'><strong>quae</strong></span> <span class='ocrx_word' id='word_1_542' title='bbox 1297 4237 1488 4308; x_wconf 84' lang='lat' dir='ltr'><strong>spiritu</strong></span> <span class='ocrx_word' id='word_1_543' title='bbox 1514 4239 1907 4309; x_wconf 86' lang='lat' dir='ltr'><strong>percipiuntur,</strong></span> <span class='ocrx_word' id='word_1_544' title='bbox 1930 4240 2091 4310; x_wconf 86' lang='lat' dir='ltr'><strong>spiri-</strong></span> 
     </span>
    </p>
   </div>
   <div class='ocr_carea' id='block_1_76' title="bbox 522 4323 1137 4393">
    <p class='ocr_par' dir='ltr' id='par_1_76' title="bbox 522 4323 1137 4393">
     <span class='ocr_line' id='line_1_76' title="bbox 522 4323 1137 4393; baseline 0.011 -20"><span class='ocrx_word' id='word_1_545' title='bbox 522 4323 648 4375; x_wconf 81' lang='lat' dir='ltr'><strong>talia</strong></span> <span class='ocrx_word' id='word_1_546' title='bbox 682 4338 1087 4393; x_wconf 83' lang='lat' dir='ltr'><strong>comparantes.</strong></span> <span class='ocrx_word' id='word_1_547' title='bbox 1116 4345 1137 4380; x_wconf 74' lang='lat' dir='ltr'><strong>s</strong></span> 
     </span>
    </p>
   </div>
   <div class='ocr_carea' id='block_1_77' title="bbox 525 4433 2090 4515">
    <p class='ocr_par' dir='ltr' id='par_1_77' title="bbox 525 4433 2090 4515">
     <span class='ocr_line' id='line_1_77' title="bbox 525 4433 2090 4515; baseline 0.01 -28"><span class='ocrx_word' id='word_1_548' title='bbox 525 4433 589 4488; x_wconf 76' lang='lat' dir='ltr'><strong>Et</strong></span> <span class='ocrx_word' id='word_1_549' title='bbox 644 4437 925 4515; x_wconf 74' lang='lat' dir='ltr'><strong>in_terjectis</strong></span> <span class='ocrx_word' id='word_1_550' title='bbox 959 4459 1084 4515; x_wconf 86' lang='lat' dir='ltr'><strong>_uon</strong></span> <span class='ocrx_word' id='word_1_551' title='bbox 1144 4444 1346 4515; x_wconf 82' lang='lat' dir='ltr'><strong>paucis,</strong></span> <span class='ocrx_word' id='word_1_552' title='bbox 1383 4459 1694 4511; x_wconf 77' lang='lat' dir='ltr'><strong>comparans</strong></span> <span class='ocrx_word' id='word_1_553' title='bbox 1752 4446 2090 4515; x_wconf 73' lang='lat' dir='ltr'><strong>singulariter</strong></span> 
     </span>
    </p>
   </div>
   <div class='ocr_carea' id='block_1_78' title="bbox 588 4508 2091 4645">
    <p class='ocr_par' dir='ltr' id='par_1_78' title="bbox 588 4508 2091 4645">
     <span class='ocr_line' id='line_1_78' title="bbox 588 4508 2091 4645; baseline 0.011 -88"><span class='ocrx_word' id='word_1_554' title='bbox 588 4508 800 4645; x_wconf 43' lang='lat' dir='ltr'><strong>positas,</strong></span> <span class='ocrx_word' id='word_1_555' title='bbox 832 4509 1104 4590; x_wconf 77' lang='lat' dir='ltr'><strong>beatitates</strong></span> <span class='ocrx_word' id='word_1_556' title='bbox 1145 4508 1272 4564; x_wconf 83' lang='lat' dir='ltr'><strong>cum</strong></span> <span class='ocrx_word' id='word_1_557' title='bbox 1320 4514 1383 4566; x_wconf 85' lang='lat' dir='ltr'><strong>iis</strong></span> <span class='ocrx_word' id='word_1_558' title='bbox 1438 4508 1555 4583; x_wconf 65' lang='lat' dir='ltr'><strong>qua</strong></span> <span class='ocrx_word' id='word_1_559' title='bbox 1597 4508 1876 4578; x_wconf 69' lang='lat' dir='ltr'><strong>pluraliter</strong></span> <span class='ocrx_word' id='word_1_560' title='bbox 1906 4519 2091 4585; x_wconf 78' lang='lat' dir='ltr'><strong>posita:</strong></span> 
     </span>
     <span class='ocr_line' id='line_1_79' title="bbox 620 4590 987 4643; baseline 0.014 -16"><span class='ocrx_word' id='word_1_561' title='bbox 620 4592 778 4630; x_wconf 85' lang='lat' dir='ltr'><strong>ueran</strong></span> <span class='ocrx_word' id='word_1_562' title='bbox 808 4618 823 4643; x_wconf 91' lang='lat'><strong>,</strong></span> <span class='ocrx_word' id='word_1_563' title='bbox 854 4590 927 4632; x_wconf 76' lang='lat' dir='ltr'><strong>ait</strong></span> <span class='ocrx_word' id='word_1_564' title='bbox 969 4595 987 4631; x_wconf 91' lang='lat'><strong><em>:</em></strong></span> 
     </span>
    </p>
   </div>
   <div class='ocr_carea' id='block_1_79' title="bbox 620 4590 987 4643">
    <p class='ocr_par' dir='ltr' id='par_1_79' title="bbox 620 4590 987 4643">
     <span class='ocr_line' id='line_1_80' title="bbox 620 4590 987 4643; baseline 0.014 -16"><span class='ocrx_word' id='word_1_565' title='bbox 620 4590 823 4643; x_wconf 85' lang='lat' dir='ltr'><strong>ueram,</strong></span> <span class='ocrx_word' id='word_1_566' title='bbox 854 4590 927 4632; x_wconf 84' lang='lat' dir='ltr'><strong>att</strong></span> <span class='ocrx_word' id='word_1_567' title='bbox 969 4595 987 4631; x_wconf 90' lang='lat'><strong><em>:</em></strong></span> 
     </span>
    </p>
   </div>
   <div class='ocr_carea' id='block_1_80' title="bbox 592 4686 2085 4764">
    <p class='ocr_par' dir='ltr' id='par_1_80' title="bbox 592 4686 2085 4764">
     <span class='ocr_line' id='line_1_81' title="bbox 592 4686 2085 4764; baseline 0.009 -24"><span class='ocrx_word' id='word_1_568' title='bbox 592 4686 647 4741; x_wconf 71' lang='lat'><strong>4.</strong></span> <span class='ocrx_word' id='word_1_569' title='bbox 691 4686 747 4742; x_wconf 87' lang='lat' dir='ltr'><strong>Si</strong></span> <span class='ocrx_word' id='word_1_570' title='bbox 799 4698 980 4745; x_wconf 88' lang='lat' dir='ltr'><strong>autem</strong></span> <span class='ocrx_word' id='word_1_571' title='bbox 1042 4692 1300 4761; x_wconf 62' lang='lat' dir='ltr'><strong>(eloquia</strong></span> <span class='ocrx_word' id='word_1_572' title='bbox 1360 4694 1611 4759; x_wconf 90' lang='lat' dir='ltr'><strong>Domini,</strong></span> <span class='ocrx_word' id='word_1_573' title='bbox 1662 4695 1873 4764; x_wconf 86' lang='lat' dir='ltr'><strong>eloquia</strong></span> <span class='ocrx_word' id='word_1_574' title='bbox 1916 4708 2085 4762; x_wconf 88' lang='lat' dir='ltr'><strong>casta.</strong></span> 
     </span>
    </p>
   </div>
   <div class='ocr_carea' id='block_1_81' title="bbox 523 4782 2089 4861">
    <p class='ocr_par' dir='ltr' id='par_1_81' title="bbox 523 4782 2089 4861">
     <span class='ocr_line' id='line_1_82' title="bbox 523 4782 2089 4861; baseline 0.01 -29"><span class='ocrx_word' id='word_1_575' title='bbox 523 4790 806 4847; x_wconf 82' lang='lat' dir='ltr'><strong>argentum</strong></span> <span class='ocrx_word' id='word_1_576' title='bbox 834 4782 957 4852; x_wconf 88' lang='lat' dir='ltr'><strong>igne</strong></span> <span class='ocrx_word' id='word_1_577' title='bbox 975 4785 1364 4850; x_wconf 77' lang='lat' dir='ltr'><strong>examinatum,</strong></span> <span class='ocrx_word' id='word_1_578' title='bbox 1390 4787 1675 4855; x_wconf 87' lang='lat' dir='ltr'><strong>probatum</strong></span> <span class='ocrx_word' id='word_1_579' title='bbox 1702 4796 1868 4853; x_wconf 86' lang='lat' dir='ltr'><strong>terra,</strong></span> <span class='ocrx_word' id='word_1_580' title='bbox 1892 4804 2089 4861; x_wconf 78' lang='lat' dir='ltr'><strong>expur-</strong></span> 
     </span>
    </p>
   </div>
   <div class='ocr_carea' id='block_1_82' title="bbox 592 4873 1109 4942">
    <p class='ocr_par' dir='ltr' id='par_1_82' title="bbox 592 4873 1109 4942">
     <span class='ocr_line' id='line_1_83' title="bbox 592 4873 1109 4942; baseline 0.006 -16"><span class='ocrx_word' id='word_1_581' title='bbox 592 4874 636 4907; x_wconf 75' lang='grc'><strong>⁸⁷</strong></span> <span class='ocrx_word' id='word_1_582' title='bbox 678 4873 695 4927; x_wconf 91' lang='grc'><strong>1</strong></span> <span class='ocrx_word' id='word_1_583' title='bbox 735 4874 858 4931; x_wconf 88' lang='lat' dir='ltr'><strong>Cor.</strong></span> <span class='ocrx_word' id='word_1_584' title='bbox 902 4892 984 4942; x_wconf 84' lang='grc' dir='ltr'><strong>ιι,</strong></span> <span class='ocrx_word' id='word_1_585' title='bbox 1024 4878 1109 4933; x_wconf 78' lang='grc'><strong>15.</strong></span> 
     </span>
    </p>
   </div>
   <div class='ocr_carea' id='block_1_83' title="bbox 616 4968 1413 5040">
    <p class='ocr_par' dir='ltr' id='par_1_83' title="bbox 616 4968 1413 5040">
     <span class='ocr_line' id='line_1_84' title="bbox 616 4968 1413 5040; baseline 0 -17"><span class='ocrx_word' id='word_1_586' title='bbox 616 4968 706 5040; x_wconf 66' lang='grc'><strong>45)</strong></span> <span class='ocrx_word' id='word_1_587' title='bbox 755 4969 845 5040; x_wconf 76' lang='grc' dir='ltr'><strong>Τό.</strong></span> <span class='ocrx_word' id='word_1_588' title='bbox 893 4968 1250 5024; x_wconf 90' lang='lat' dir='ltr'><strong>Scribendum</strong></span> <span class='ocrx_word' id='word_1_589' title='bbox 1291 4972 1413 5027; x_wconf 78' lang='grc' dir='ltr'>τοῦ.</span> 
     </span>
    </p>
   </div>
   <div class='ocr_carea' id='block_1_84' title="bbox 618 5038 2090 5121">
    <p class='ocr_par' dir='ltr' id='par_1_84' title="bbox 618 5038 2090 5121">
     <span class='ocr_line' id='line_1_85' title="bbox 618 5038 2090 5121; baseline 0.007 -30"><span class='ocrx_word' id='word_1_590' title='bbox 618 5038 707 5121; x_wconf 70' lang='grc'><strong>44)</strong></span> <span class='ocrx_word' id='word_1_591' title='bbox 756 5038 1099 5121; x_wconf 49' lang='lat' dir='ltr'><strong>Aleuae-rec</strong></span> <span class='ocrx_word' id='word_1_592' title='bbox 1126 5040 1194 5121; x_wconf 72' lang='grc' dir='ltr'>δὲ</span> <span class='ocrx_word' id='word_1_593' title='bbox 1218 5040 1525 5109; x_wconf 80' lang='grc' dir='ltr'>ἄρχεσθαι,</span> <span class='ocrx_word' id='word_1_594' title='bbox 1559 5051 1670 5121; x_wconf 61' lang='grc' dir='ltr'>εις.</span> <span class='ocrx_word' id='word_1_595' title='bbox 1690 5039 1924 5121; x_wconf 54' lang='lat' dir='ltr'><strong>Hilarius</strong></span> <span class='ocrx_word' id='word_1_596' title='bbox 1962 5061 2090 5115; x_wconf 88' lang='lat' dir='ltr'><strong>pro-</strong></span> 
     </span>
    </p>
   </div>
   <div class='ocr_carea' id='block_1_85' title="bbox 522 5108 2091 5178">
    <p class='ocr_par' dir='ltr' id='par_1_85' title="bbox 522 5108 2091 5178">
     <span class='ocr_line' id='line_1_86' title="bbox 522 5108 2091 5178; baseline 0.006 -17"><span class='ocrx_word' id='word_1_597' title='bbox 522 5108 645 5178; x_wconf 86' lang='lat' dir='ltr'><strong>logo</strong></span> <span class='ocrx_word' id='word_1_598' title='bbox 688 5108 740 5163; x_wconf 89' lang='lat' dir='ltr'><strong>in</strong></span> <span class='ocrx_word' id='word_1_599' title='bbox 781 5111 980 5164; x_wconf 85' lang='lat' dir='ltr'><strong>librum</strong></span> <span class='ocrx_word' id='word_1_600' title='bbox 1025 5108 1386 5175; x_wconf 82' lang='lat' dir='ltr'><strong>Psalmorunt,</strong></span> <span class='ocrx_word' id='word_1_601' title='bbox 1422 5129 1572 5166; x_wconf 91' lang='lat' dir='ltr'><strong>num.</strong></span> <span class='ocrx_word' id='word_1_602' title='bbox 1609 5112 1678 5166; x_wconf 65' lang='lat' dir='ltr'><strong>Si</strong></span> <span class='ocrx_word' id='word_1_603' title='bbox 1712 5129 1725 5164; x_wconf 88' lang='lat'><strong>:</strong></span> <span class='ocrx_word' id='word_1_604' title='bbox 1770 5112 1866 5165; x_wconf 83' lang='lat' dir='ltr'><strong>Est</strong></span> <span class='ocrx_word' id='word_1_605' title='bbox 1913 5108 2091 5171; x_wconf 79' lang='lat' dir='ltr'><strong>autem</strong></span> 
     </span>
    </p>
   </div>
   <div class='ocr_carea' id='block_1_86' title="bbox 521 5181 2090 5252">
    <p class='ocr_par' dir='ltr' id='par_1_86' title="bbox 521 5181 2090 5252">
     <span class='ocr_line' id='line_1_87' title="bbox 521 5181 2090 5252; baseline 0.005 -20"><span class='ocrx_word' id='word_1_606' title='bbox 521 5181 1196 5252; x_wconf 77' lang='lat' dir='ltr'><strong>diligensperpensumque</strong></span> <span class='ocrx_word' id='word_1_607' title='bbox 1227 5182 1493 5251; x_wconf 84' lang='lat' dir='ltr'><strong>judicium</strong></span> <span class='ocrx_word' id='word_1_608' title='bbox 1537 5183 1859 5251; x_wconf 73' lang='lat' dir='ltr'><strong>expositioni</strong></span> <span class='ocrx_word' id='word_1_609' title='bbox 1899 5186 2090 5252; x_wconf 87' lang='lat' dir='ltr'><strong>psalmi</strong></span> 
     </span>
    </p>
   </div>
   <div class='ocr_carea' id='block_1_87' title="bbox 524 5251 2089 5326">
    <p class='ocr_par' dir='ltr' id='par_1_87' title="bbox 524 5251 2089 5326">
     <span class='ocr_line' id='line_1_88' title="bbox 524 5251 2089 5326; baseline 0.006 -26"><span class='ocrx_word' id='word_1_610' title='bbox 524 5251 935 5326; x_wconf 80' lang='lat' dir='ltr'><strong>uniuscujusque</strong></span> <span class='ocrx_word' id='word_1_611' title='bbox 996 5253 1355 5326; x_wconf 78' lang='lat' dir='ltr'><strong>prtestandum</strong></span> <span class='ocrx_word' id='word_1_612' title='bbox 1392 5261 1520 5326; x_wconf 35' lang='lat' dir='ltr'><strong>aut</strong></span> <span class='ocrx_word' id='word_1_613' title='bbox 1578 5251 1929 5326; x_wconf 68' lang='lat' dir='ltr'><strong>cognoscatur</strong></span> <span class='ocrx_word' id='word_1_614' title='bbox 1984 5273 2089 5326; x_wconf 87' lang='lat' dir='ltr'><strong>qua</strong></span> 
     </span>
    </p>
   </div>
   <div class='ocr_carea' id='block_1_88' title="bbox 526 5321 2084 5390">
    <p class='ocr_par' dir='ltr' id='par_1_88' title="bbox 526 5321 2084 5390">
     <span class='ocr_line' id='line_1_89' title="bbox 526 5321 2084 5390; baseline 0.006 -18"><span class='ocrx_word' id='word_1_615' title='bbox 526 5321 878 5390; x_wconf 71' lang='lat' dir='ltr'><strong>unusquisque</strong></span> <span class='ocrx_word' id='word_1_616' title='bbox 904 5337 1084 5374; x_wconf 88' lang='lat' dir='ltr'><strong>eorum</strong></span> <span class='ocrx_word' id='word_1_617' title='bbox 1107 5324 1247 5375; x_wconf 85' lang='lat' dir='ltr'><strong>clave</strong></span> <span class='ocrx_word' id='word_1_618' title='bbox 1275 5323 1635 5390; x_wconf 75' lang='lat' dir='ltr'><strong>intelligentia:</strong></span> <span class='ocrx_word' id='word_1_619' title='bbox 1650 5321 1973 5390; x_wconf 74' lang='lat' dir='ltr'><strong>aperiendus</strong></span> <span class='ocrx_word' id='word_1_620' title='bbox 1994 5321 2084 5381; x_wconf 74' lang='lat' dir='ltr'><strong>sit.</strong></span> 
     </span>
    </p>
   </div>
   <div class='ocr_carea' id='block_1_89' title="bbox 528 5386 2088 5463">
    <p class='ocr_par' dir='ltr' id='par_1_89' title="bbox 528 5386 2088 5463">
     <span class='ocr_line' id='line_1_90' title="bbox 528 5386 2088 5463; baseline 0.004 -22"><span class='ocrx_word' id='word_1_621' title='bbox 528 5386 825 5463; x_wconf 37' lang='lat' dir='ltr'><strong>Nam—liber</strong></span> <span class='ocrx_word' id='word_1_622' title='bbox 855 5393 1021 5444; x_wconf 86' lang='lat' dir='ltr'><strong>omnis</strong></span> <span class='ocrx_word' id='word_1_623' title='bbox 1065 5392 1251 5445; x_wconf 81' lang='lat' dir='ltr'><strong>similis</strong></span> <span class='ocrx_word' id='word_1_624' title='bbox 1273 5401 1351 5445; x_wconf 78' lang='lat' dir='ltr'><strong>est</strong></span> <span class='ocrx_word' id='word_1_625' title='bbox 1382 5386 1497 5445; x_wconf 60' lang='lat' dir='ltr'><strong>urbi</strong></span> <span class='ocrx_word' id='word_1_626' title='bbox 1523 5386 1753 5461; x_wconf 74' lang='lat' dir='ltr'><strong>pulchrte</strong></span> <span class='ocrx_word' id='word_1_627' title='bbox 1785 5404 1937 5463; x_wconf 86' lang='lat' dir='ltr'><strong>atque</strong></span> <span class='ocrx_word' id='word_1_628' title='bbox 1969 5412 2088 5448; x_wconf 80' lang='lat' dir='ltr'><strong>ma-</strong></span> 
     </span>
    </p>
   </div>
   <div class='ocr_carea' id='block_1_90' title="bbox 525 5462 2082 5533">
    <p class='ocr_par' dir='ltr' id='par_1_90' title="bbox 525 5462 2082 5533">
     <span class='ocr_line' id='line_1_91' title="bbox 525 5462 2082 5533; baseline 0.006 -24"><span class='ocrx_word' id='word_1_629' title='bbox 525 5473 664 5533; x_wconf 63' lang='lat' dir='ltr'><strong>gnae,</strong></span> <span class='ocrx_word' id='word_1_630' title='bbox 698 5462 785 5515; x_wconf 84' lang='lat' dir='ltr'><strong>cui</strong></span> <span class='ocrx_word' id='word_1_631' title='bbox 813 5464 949 5533; x_wconf 69' lang='lat' dir='ltr'><strong>mdes</strong></span> <span class='ocrx_word' id='word_1_632' title='bbox 987 5462 1278 5529; x_wconf 77' lang='lat' dir='ltr'><strong>complures</strong></span> <span class='ocrx_word' id='word_1_633' title='bbox 1329 5464 1650 5532; x_wconf 65' lang='lat' dir='ltr'><strong>diversasque</strong></span> <span class='ocrx_word' id='word_1_634' title='bbox 1680 5464 1807 5529; x_wconf 87' lang='lat' dir='ltr'><strong>sint,</strong></span> <span class='ocrx_word' id='word_1_635' title='bbox 1860 5480 2082 5533; x_wconf 89' lang='lat' dir='ltr'><strong>quarum</strong></span> 
     </span>
    </p>
   </div>
   <div class='ocr_carea' id='block_1_91' title="bbox 527 5528 2086 5605">
    <p class='ocr_par' dir='ltr' id='par_1_91' title="bbox 527 5528 2086 5605">
     <span class='ocr_line' id='line_1_92' title="bbox 527 5528 2086 5605; baseline 0.007 -29"><span class='ocrx_word' id='word_1_636' title='bbox 527 5528 664 5590; x_wconf 73' lang='lat' dir='ltr'><strong>(ores</strong></span> <span class='ocrx_word' id='word_1_637' title='bbox 688 5531 913 5605; x_wconf 76' lang='lat' dir='ltr'><strong>propriis</strong></span> <span class='ocrx_word' id='word_1_638' title='bbox 938 5528 1167 5605; x_wconf 73' lang='lat' dir='ltr'><strong>clavibus</strong></span> <span class='ocrx_word' id='word_1_639' title='bbox 1212 5534 1533 5601; x_wconf 78' lang='lat' dir='ltr'><strong>diversisque</strong></span> <span class='ocrx_word' id='word_1_640' title='bbox 1562 5528 1942 5605; x_wconf 62' lang='lat' dir='ltr'><strong>claudantur:</strong></span> <span class='ocrx_word' id='word_1_641' title='bbox 1968 5551 2086 5605; x_wconf 76' lang='lat' dir='ltr'><strong>qua:</strong></span> 
     </span>
    </p>
   </div>
   <div class='ocr_carea' id='block_1_92' title="bbox 525 5602 2085 5676">
    <p class='ocr_par' dir='ltr' id='par_1_92' title="bbox 525 5602 2085 5676">
     <span class='ocr_line' id='line_1_93' title="bbox 525 5602 2085 5676; baseline 0.007 -30"><span class='ocrx_word' id='word_1_642' title='bbox 525 5612 654 5676; x_wconf 55' lang='lat' dir='ltr'><strong>sunt</strong></span> <span class='ocrx_word' id='word_1_643' title='bbox 675 5614 833 5653; x_wconf 85' lang='lat' dir='ltr'><strong>unum</strong></span> <span class='ocrx_word' id='word_1_644' title='bbox 866 5602 921 5653; x_wconf 86' lang='lat' dir='ltr'><strong>in</strong></span> <span class='ocrx_word' id='word_1_645' title='bbox 950 5602 1120 5653; x_wconf 88' lang='lat' dir='ltr'><strong>locum</strong></span> <span class='ocrx_word' id='word_1_646' title='bbox 1156 5613 1413 5676; x_wconf 71' lang='lat' dir='ltr'><strong>congesta:</strong></span> <span class='ocrx_word' id='word_1_647' title='bbox 1454 5604 1813 5676; x_wconf 65' lang='lat' dir='ltr'><strong>permista’que</strong></span> <span class='ocrx_word' id='word_1_648' title='bbox 1843 5602 2085 5676; x_wconf 54' lang='lat' dir='ltr'><strong>sint,&#39;vo-</strong></span> 
     </span>
    </p>
   </div>
   <div class='ocr_carea' id='block_1_93' title="bbox 525 5670 2082 5743">
    <p class='ocr_par' dir='ltr' id='par_1_93' title="bbox 525 5670 2082 5743">
     <span class='ocr_line' id='line_1_94' title="bbox 525 5670 2082 5743; baseline 0.003 -22"><span class='ocrx_word' id='word_1_649' title='bbox 525 5670 654 5743; x_wconf 53' lang='lat' dir='ltr'><strong>lenti</strong></span> <span class='ocrx_word' id='word_1_650' title='bbox 692 5683 1109 5743; x_wconf 67' lang='lat' dir='ltr'><strong>unamquamque</strong></span> <span class='ocrx_word' id='word_1_651' title='bbox 1139 5674 1301 5726; x_wconf 75' lang='lat' dir='ltr'><strong>a’dem</strong></span> <span class='ocrx_word' id='word_1_652' title='bbox 1336 5670 1556 5741; x_wconf 83' lang='lat' dir='ltr'><strong>aperire,</strong></span> <span class='ocrx_word' id='word_1_653' title='bbox 1586 5674 1876 5726; x_wconf 70' lang='lat' dir='ltr'><strong>maximam</strong></span> <span class='ocrx_word' id='word_1_654' title='bbox 1900 5674 2082 5743; x_wconf 85' lang='lat' dir='ltr'><strong>ignaro</strong></span> 
     </span>
    </p>
   </div>
   <div class='ocr_carea' id='block_1_94' title="bbox 526 5734 2082 5810">
    <p class='ocr_par' dir='ltr' id='par_1_94' title="bbox 526 5734 2082 5810">
     <span class='ocr_line' id='line_1_95' title="bbox 526 5734 2082 5810; baseline 0.003 -17"><span class='ocrx_word' id='word_1_655' title='bbox 526 5734 751 5808; x_wconf 52' lang='lat' dir='ltr'><strong>uibrant</strong></span> <span class='ocrx_word' id='word_1_656' title='bbox 783 5734 1156 5810; x_wconf 63' lang='lat' dir='ltr'><strong>difﬁcultatem,</strong></span> <span class='ocrx_word' id='word_1_657' title='bbox 1203 5755 1253 5795; x_wconf 85' lang='lat' dir='ltr'><strong>ut</strong></span> <span class='ocrx_word' id='word_1_658' title='bbox 1286 5734 1478 5797; x_wconf 70' lang='lat' dir='ltr'><strong>clavem</strong></span> <span class='ocrx_word' id='word_1_659' title='bbox 1516 5734 2082 5809; x_wconf 44' lang='lat' dir='ltr'><strong>uniuscujusque.a&#39;a&#39;is</strong></span> 
     </span>
    </p>
   </div>
   <div class='ocr_carea' id='block_1_95' title="bbox 2198 3230 3753 3307">
    <p class='ocr_par' dir='ltr' id='par_1_95' title="bbox 2198 3230 3753 3307">
     <span class='ocr_line' id='line_1_96' title="bbox 2198 3230 3753 3307; baseline -0.005 -17"><span class='ocrx_word' id='word_1_660' title='bbox 2198 3237 2419 3307; x_wconf 82' lang='grc' dir='ltr'>ἀλληλον</span> <span class='ocrx_word' id='word_1_661' title='bbox 2484 3236 2665 3306; x_wconf 79' lang='grc' dir='ltr'>αὐτῷ·</span> <span class='ocrx_word' id='word_1_662' title='bbox 2719 3236 2812 3288; x_wconf 69' lang='grc' dir='ltr'><strong>καὶ</strong></span> <span class='ocrx_word' id='word_1_663' title='bbox 2858 3234 2997 3288; x_wconf 81' lang='grc' dir='ltr'>οῦτω</span> <span class='ocrx_word' id='word_1_664' title='bbox 3049 3233 3419 3288; x_wconf 82' lang='grc' dir='ltr'>διεσκεδάσθαι</span> <span class='ocrx_word' id='word_1_665' title='bbox 3464 3233 3561 3294; x_wconf 71' lang='grc' dir='ltr'><strong>τὰς</strong></span> <span class='ocrx_word' id='word_1_666' title='bbox 3604 3230 3753 3295; x_wconf 55' lang='grc' dir='ltr'>κλεζ</span> 
     </span>
    </p>
   </div>
   <div class='ocr_carea' id='block_1_96' title="bbox 2198 3322 3763 3395">
    <p class='ocr_par' dir='ltr' id='par_1_96' title="bbox 2198 3322 3763 3395">
     <span class='ocr_line' id='line_1_97' title="bbox 2198 3322 3763 3395; baseline -0.011 -4"><span class='ocrx_word' id='word_1_667' title='bbox 2198 3327 2323 3395; x_wconf 75' lang='grc' dir='ltr'>περὶ</span> <span class='ocrx_word' id='word_1_668' title='bbox 2355 3328 2478 3387; x_wconf 79' lang='grc' dir='ltr'>τοὺς</span> <span class='ocrx_word' id='word_1_669' title='bbox 2537 3324 2750 3389; x_wconf 73' lang='grc' dir='ltr'>οἴκους,</span> <span class='ocrx_word' id='word_1_670' title='bbox 2796 3325 2893 3395; x_wconf 76' lang='grc' dir='ltr'><strong>οὐχ</strong></span> <span class='ocrx_word' id='word_1_671' title='bbox 2952 3324 3297 3394; x_wconf 80' lang='grc' dir='ltr'>ἁρμοζούσας</span> <span class='ocrx_word' id='word_1_672' title='bbox 3348 3322 3467 3377; x_wconf 79' lang='grc' dir='ltr'>καθ’</span> <span class='ocrx_word' id='word_1_673' title='bbox 3530 3322 3763 3393; x_wconf 68' lang='grc' dir='ltr'>ἑκάστην</span> 
     </span>
    </p>
   </div>
   <div class='ocr_carea' id='block_1_97' title="bbox 2197 3409 3764 3485">
    <p class='ocr_par' dir='ltr' id='par_1_97' title="bbox 2197 3409 3764 3485">
     <span class='ocr_line' id='line_1_98' title="bbox 2197 3409 3764 3485; baseline -0.003 -18"><span class='ocrx_word' id='word_1_674' title='bbox 2197 3416 2423 3479; x_wconf 76' lang='grc' dir='ltr'>ἐκείνοις</span> <span class='ocrx_word' id='word_1_675' title='bbox 2450 3409 2532 3478; x_wconf 73' lang='grc' dir='ltr'>οἷς</span> <span class='ocrx_word' id='word_1_676' title='bbox 2584 3417 2947 3485; x_wconf 83' lang='grc' dir='ltr'>παράκεινται</span> <span class='ocrx_word' id='word_1_677' title='bbox 2968 3432 2979 3443; x_wconf 82' lang='grc'><em>’</em></span> <span class='ocrx_word' id='word_1_678' title='bbox 3042 3413 3198 3484; x_wconf 80' lang='grc' dir='ltr'>ἔργον</span> <span class='ocrx_word' id='word_1_679' title='bbox 3230 3414 3287 3467; x_wconf 75' lang='grc' dir='ltr'>δὲ</span> <span class='ocrx_word' id='word_1_680' title='bbox 3316 3409 3456 3467; x_wconf 72' lang='grc' dir='ltr'>εἶναι</span> <span class='ocrx_word' id='word_1_681' title='bbox 3516 3413 3764 3482; x_wconf 71' lang='grc' dir='ltr'>μέγιστον</span> 
     </span>
    </p>
   </div>
   <div class='ocr_carea' id='block_1_98' title="bbox 2197 3503 3762 3578">
    <p class='ocr_par' dir='ltr' id='par_1_98' title="bbox 2197 3503 3762 3578">
     <span class='ocr_line' id='line_1_99' title="bbox 2197 3503 3762 3578; baseline -0.003 -19"><span class='ocrx_word' id='word_1_682' title='bbox 2197 3506 2471 3578; x_wconf 83' lang='grc' dir='ltr'>εὑρίσκειν</span> <span class='ocrx_word' id='word_1_683' title='bbox 2500 3523 2559 3558; x_wconf 90' lang='grc' dir='ltr'><strong>τε</strong></span> <span class='ocrx_word' id='word_1_684' title='bbox 2611 3507 2707 3570; x_wconf 80' lang='grc' dir='ltr'>τὰς</span> <span class='ocrx_word' id='word_1_685' title='bbox 2738 3505 2885 3569; x_wconf 90' lang='grc' dir='ltr'>κλεῖς</span> <span class='ocrx_word' id='word_1_686' title='bbox 2933 3506 3027 3558; x_wconf 79' lang='grc' dir='ltr'>καὶ</span> <span class='ocrx_word' id='word_1_687' title='bbox 3058 3503 3391 3576; x_wconf 73' lang='grc' dir='ltr'>ἐφαρμόζειν</span> <span class='ocrx_word' id='word_1_688' title='bbox 3452 3504 3622 3567; x_wconf 71' lang='grc' dir='ltr'>αὑτάς</span> <span class='ocrx_word' id='word_1_689' title='bbox 3660 3507 3762 3566; x_wconf 67' lang='lat' dir='ltr'><strong>toi;</strong></span> 
     </span>
    </p>
   </div>
   <div class='ocr_carea' id='block_1_99' title="bbox 2195 3595 3764 3665">
    <p class='ocr_par' dir='ltr' id='par_1_99' title="bbox 2195 3595 3764 3665">
     <span class='ocr_line' id='line_1_100' title="bbox 2195 3595 3764 3665; baseline -0.003 -14"><span class='ocrx_word' id='word_1_690' title='bbox 2195 3599 2383 3661; x_wconf 80' lang='grc' dir='ltr'>οἴκοις,</span> <span class='ocrx_word' id='word_1_691' title='bbox 2417 3598 2507 3663; x_wconf 89' lang='grc' dir='ltr'><strong>οὒς</strong></span> <span class='ocrx_word' id='word_1_692' title='bbox 2538 3598 2741 3665; x_wconf 79' lang='grc' dir='ltr'>ἀνοῖξαι</span> <span class='ocrx_word' id='word_1_693' title='bbox 2763 3597 3014 3651; x_wconf 80' lang='grc' dir='ltr'>δύνανται</span> <span class='ocrx_word' id='word_1_694' title='bbox 3039 3613 3051 3625; x_wconf 94' lang='grc'><strong>·</strong></span> <span class='ocrx_word' id='word_1_695' title='bbox 3089 3596 3324 3649; x_wconf 84' lang='grc' dir='ltr'>νοεῖσθαι</span> <span class='ocrx_word' id='word_1_696' title='bbox 3351 3595 3528 3647; x_wconf 79' lang='grc' dir='ltr'>τοίνυν</span> <span class='ocrx_word' id='word_1_697' title='bbox 3558 3597 3651 3647; x_wconf 72' lang='grc' dir='ltr'><strong>καὶ</strong></span> <span class='ocrx_word' id='word_1_698' title='bbox 3672 3596 3764 3658; x_wconf 68' lang='grc' dir='ltr'>τὰς</span> 
     </span>
    </p>
   </div>
   <div class='ocr_carea' id='block_1_100' title="bbox 2197 3685 3763 3761">
    <p class='ocr_par' dir='ltr' id='par_1_100' title="bbox 2197 3685 3763 3761">
     <span class='ocr_line' id='line_1_101' title="bbox 2197 3685 3763 3761; baseline -0.002 -20"><span class='ocrx_word' id='word_1_699' title='bbox 2197 3690 2415 3761; x_wconf 69' lang='grc' dir='ltr'>Γραφάς</span> <span class='ocrx_word' id='word_1_700' title='bbox 2443 3689 2606 3753; x_wconf 80' lang='grc' dir='ltr'>οῦσας</span> <span class='ocrx_word' id='word_1_701' title='bbox 2634 3689 2880 3757; x_wconf 82' lang='grc' dir='ltr'>ἀσαφεῖς,</span> <span class='ocrx_word' id='word_1_702' title='bbox 2899 3689 2999 3742; x_wconf 85' lang='grc' dir='ltr'><strong>οὐκ</strong></span> <span class='ocrx_word' id='word_1_703' title='bbox 3020 3687 3236 3743; x_wconf 79' lang='grc' dir='ltr'>ἄλλοθεν</span> <span class='ocrx_word' id='word_1_704' title='bbox 3265 3686 3361 3750; x_wconf 85' lang='grc' dir='ltr'><strong>τάς</strong></span> <span class='ocrx_word' id='word_1_705' title='bbox 3386 3686 3643 3756; x_wconf 73' lang='grc' dir='ltr'>ἀφορμὰς</span> <span class='ocrx_word' id='word_1_706' title='bbox 3676 3685 3763 3738; x_wconf 79' lang='grc' dir='ltr'><strong>τοῦ</strong></span> 
     </span>
    </p>
   </div>
   <div class='ocr_carea' id='block_1_101' title="bbox 2197 3774 3764 3849">
    <p class='ocr_par' dir='ltr' id='par_1_101' title="bbox 2197 3774 3764 3849">
     <span class='ocr_line' id='line_1_102' title="bbox 2197 3774 3764 3849; baseline -0.003 -18"><span class='ocrx_word' id='word_1_707' title='bbox 2197 3778 2429 3833; x_wconf 83' lang='grc' dir='ltr'>νοεῖσθαι</span> <span class='ocrx_word' id='word_1_708' title='bbox 2490 3778 2869 3849; x_wconf 77' lang='grc' dir='ltr'>λαμϐανούσας</span> <span class='ocrx_word' id='word_1_709' title='bbox 2902 3778 3084 3849; x_wconf 85' lang='grc' dir='ltr'>ἢπαρ’</span> <span class='ocrx_word' id='word_1_710' title='bbox 3138 3776 3378 3846; x_wconf 80' lang='grc' dir='ltr'>ἀλλήλων</span> <span class='ocrx_word' id='word_1_711' title='bbox 3440 3774 3682 3843; x_wconf 72' lang='grc' dir='ltr'>ἐχουσῶν</span> <span class='ocrx_word' id='word_1_712' title='bbox 3710 3776 3764 3827; x_wconf 83' lang='grc' dir='ltr'>ὲν</span> 
     </span>
    </p>
   </div>
   <div class='ocr_carea' id='block_1_102' title="bbox 2197 3866 3762 3943">
    <p class='ocr_par' dir='ltr' id='par_1_102' title="bbox 2197 3866 3762 3943">
     <span class='ocr_line' id='line_1_103' title="bbox 2197 3866 3762 3943; baseline -0.004 -18"><span class='ocrx_word' id='word_1_713' title='bbox 2197 3872 2385 3934; x_wconf 81' lang='grc' dir='ltr'>αὑταῖς</span> <span class='ocrx_word' id='word_1_714' title='bbox 2410 3871 2802 3943; x_wconf 84' lang='grc' dir='ltr'>διεσπαρμένον</span> <span class='ocrx_word' id='word_1_715' title='bbox 2833 3872 2894 3924; x_wconf 85' lang='grc' dir='ltr'><strong>τὸ</strong></span> <span class='ocrx_word' id='word_1_716' title='bbox 2927 3869 3266 3941; x_wconf 77' lang='grc' dir='ltr'>ὲξηγητικόν.</span> <span class='ocrx_word' id='word_1_717' title='bbox 3338 3866 3608 3937; x_wconf 80' lang='grc' dir='ltr'>Ἠγοῦμαι</span> <span class='ocrx_word' id='word_1_718' title='bbox 3636 3866 3762 3933; x_wconf 86' lang='grc' dir='ltr'>γοῦν</span> 
     </span>
    </p>
   </div>
   <div class='ocr_carea' id='block_1_103' title="bbox 2199 3955 3759 4031">
    <p class='ocr_par' dir='ltr' id='par_1_103' title="bbox 2199 3955 3759 4031">
     <span class='ocr_line' id='line_1_104' title="bbox 2199 3955 3759 4031; baseline -0.002 -21"><span class='ocrx_word' id='word_1_719' title='bbox 2199 3960 2289 4011; x_wconf 67' lang='grc' dir='ltr'><strong>καὶ</strong></span> <span class='ocrx_word' id='word_1_720' title='bbox 2314 3959 2405 4013; x_wconf 87' lang='grc' dir='ltr'><strong>τὸν</strong></span> <span class='ocrx_word' id='word_1_721' title='bbox 2438 3959 2758 4013; x_wconf 87' lang='grc' dir='ltr'>Ἀπόστολον</span> <span class='ocrx_word' id='word_1_722' title='bbox 2789 3958 2886 4029; x_wconf 80' lang='grc' dir='ltr'>τὴν</span> <span class='ocrx_word' id='word_1_723' title='bbox 2912 3957 3166 4029; x_wconf 84' lang='grc' dir='ltr'>τοιαύτην</span> <span class='ocrx_word' id='word_1_724' title='bbox 3194 3955 3502 4031; x_wconf 24' lang='grc' dir='ltr'>ἐφοδονλτοῦ</span> <span class='ocrx_word' id='word_1_725' title='bbox 3530 3956 3759 4008; x_wconf 80' lang='grc' dir='ltr'>συνιέναι</span> 
     </span>
    </p>
   </div>
   <div class='ocr_carea' id='block_1_104' title="bbox 2196 4033 3759 4118">
    <p class='ocr_par' dir='ltr' id='par_1_104' title="bbox 2196 4049 3759 4118">
     <span class='ocr_line' id='line_1_105' title="bbox 2196 4049 3759 4118; baseline -0.001 -17"><span class='ocrx_word' id='word_1_726' title='bbox 2196 4051 2320 4111; x_wconf 81' lang='grc' dir='ltr'>τοὺς</span> <span class='ocrx_word' id='word_1_727' title='bbox 2353 4050 2528 4114; x_wconf 85' lang='grc' dir='ltr'>Θείους</span> <span class='ocrx_word' id='word_1_728' title='bbox 2558 4050 2745 4118; x_wconf 81' lang='grc' dir='ltr'>λόγους</span> <span class='ocrx_word' id='word_1_729' title='bbox 2774 4050 3141 4104; x_wconf 76' lang='grc' dir='ltr'>ὑποϐάλλοντα</span> <span class='ocrx_word' id='word_1_730' title='bbox 3157 4049 3361 4117; x_wconf 76' lang='grc' dir='ltr'>λέγειν’</span> <span class='ocrx_word' id='word_1_731' title='bbox 3402 4068 3419 4100; x_wconf 78' lang='grc' dir='ltr'><strong>ι</strong></span> <span class='ocrx_word' id='word_1_732' title='bbox 3457 4052 3522 4101; x_wconf 66' lang='grc' dir='ltr'><strong>*Α</strong></span> <span class='ocrx_word' id='word_1_733' title='bbox 3553 4050 3644 4101; x_wconf 82' lang='grc' dir='ltr'>καί</span> <span class='ocrx_word' id='word_1_734' title='bbox 3672 4049 3759 4101; x_wconf 82' lang='grc' dir='ltr'>λα-</span> 
     </span>
    </p>
   </div>
   <div class='ocr_carea' id='block_1_105' title="bbox 2196 4139 3755 4213">
    <p class='ocr_par' dir='ltr' id='par_1_105' title="bbox 2196 4139 3755 4213">
     <span class='ocr_line' id='line_1_106' title="bbox 2196 4139 3755 4213; baseline 0.003 -20"><span class='ocrx_word' id='word_1_735' title='bbox 2196 4142 2393 4212; x_wconf 88' lang='grc' dir='ltr'>λοῦμεν</span> <span class='ocrx_word' id='word_1_736' title='bbox 2425 4142 2525 4195; x_wconf 82' lang='grc' dir='ltr'><strong>οὑκ</strong></span> <span class='ocrx_word' id='word_1_737' title='bbox 2573 4144 2631 4195; x_wconf 79' lang='grc' dir='ltr'><strong>ἐν</strong></span> <span class='ocrx_word' id='word_1_738' title='bbox 2660 4143 2925 4206; x_wconf 86' lang='grc' dir='ltr'>διδακτοῖς</span> <span class='ocrx_word' id='word_1_739' title='bbox 2964 4143 3308 4213; x_wconf 81' lang='grc' dir='ltr'>ἀνθρωπίνης</span> <span class='ocrx_word' id='word_1_740' title='bbox 3348 4141 3534 4209; x_wconf 75' lang='grc' dir='ltr'>σοφίας</span> <span class='ocrx_word' id='word_1_741' title='bbox 3567 4139 3755 4206; x_wconf 70' lang='grc' dir='ltr'>λόγοις.</span> 
     </span>
    </p>
   </div>
   <div class='ocr_carea' id='block_1_106' title="bbox 2196 4232 3756 4304">
    <p class='ocr_par' dir='ltr' id='par_1_106' title="bbox 2196 4232 3756 4304">
     <span class='ocr_line' id='line_1_107' title="bbox 2196 4232 3756 4304; baseline -0.003 -19"><span class='ocrx_word' id='word_1_742' title='bbox 2196 4232 2308 4285; x_wconf 85' lang='grc' dir='ltr'>ἀλλ’</span> <span class='ocrx_word' id='word_1_743' title='bbox 2364 4234 2423 4285; x_wconf 82' lang='grc' dir='ltr'>ὲν</span> <span class='ocrx_word' id='word_1_744' title='bbox 2472 4233 2739 4299; x_wconf 84' lang='grc' dir='ltr'>διδακτοῖς</span> <span class='ocrx_word' id='word_1_745' title='bbox 2795 4233 3112 4304; x_wconf 71' lang='grc' dir='ltr'>Πνεύματος</span> <span class='ocrx_word' id='word_1_746' title='bbox 3171 4232 3330 4303; x_wconf 71' lang='grc'><strong>(47),</strong></span> <span class='ocrx_word' id='word_1_747' title='bbox 3378 4232 3756 4301; x_wconf 72' lang='grc' dir='ltr'>πνευματικοῖς</span> 
     </span>
    </p>
   </div>
   <div class='ocr_carea' id='block_1_107' title="bbox 2199 4323 3019 4396">
    <p class='ocr_par' dir='ltr' id='par_1_107' title="bbox 2199 4323 3019 4396">
     <span class='ocr_line' id='line_1_108' title="bbox 2199 4323 3019 4396; baseline -0.001 -20"><span class='ocrx_word' id='word_1_748' title='bbox 2199 4323 2537 4394; x_wconf 83' lang='grc' dir='ltr'>πνευματικά</span> <span class='ocrx_word' id='word_1_749' title='bbox 2570 4324 2965 4396; x_wconf 87' lang='grc' dir='ltr'>συγκρίνοντες.</span> <span class='ocrx_word' id='word_1_750' title='bbox 3002 4344 3019 4375; x_wconf 73' lang='grc' dir='ltr'><strong>ι</strong></span> 
     </span>
    </p>
   </div>
   <div class='ocr_carea' id='block_1_108' title="bbox 2124 4453 3755 4545">
    <p class='ocr_par' dir='ltr' id='par_1_108' title="bbox 2124 4453 3755 4545">
     <span class='ocr_line' id='line_1_109' title="bbox 2124 4453 3755 4545; baseline -0.004 -33"><span class='ocrx_word' id='word_1_751' title='bbox 2124 4490 2171 4545; x_wconf 72' lang='lat' dir='ltr'><strong>D</strong></span> <span class='ocrx_word' id='word_1_752' title='bbox 2198 4459 2305 4512; x_wconf 84' lang='grc' dir='ltr'><strong>Καὶ</strong></span> <span class='ocrx_word' id='word_1_753' title='bbox 2324 4457 2472 4526; x_wconf 83' lang='grc' dir='ltr'>μετὰ</span> <span class='ocrx_word' id='word_1_754' title='bbox 2489 4458 2688 4545; x_wconf 51' lang='grc' dir='ltr'>πολτίὰ</span> <span class='ocrx_word' id='word_1_755' title='bbox 2704 4459 3042 4545; x_wconf 68' lang='grc' dir='ltr'>συγκρίνων</span> <span class='ocrx_word' id='word_1_756' title='bbox 3065 4455 3443 4545; x_wconf 45' lang='grc' dir='ltr'>τορςηὲνικῷς.</span> <span class='ocrx_word' id='word_1_757' title='bbox 3456 4453 3755 4545; x_wconf 39' lang='grc' dir='ltr'>παρέζεο-ξς</span> 
     </span>
    </p>
   </div>
   <div class='ocr_carea' id='block_1_109' title="bbox 2262 4522 3750 4597">
    <p class='ocr_par' dir='ltr' id='par_1_109' title="bbox 2262 4522 3750 4597">
     <span class='ocr_line' id='line_1_110' title="bbox 2262 4522 3750 4597; baseline -0.003 -16"><span class='ocrx_word' id='word_1_758' title='bbox 2262 4522 2681 4597; x_wconf 75' lang='grc' dir='ltr'>μάκαρισμοὺς</span> <span class='ocrx_word' id='word_1_759' title='bbox 2705 4522 2870 4596; x_wconf 59' lang='grc' dir='ltr'>πρὸξ</span> <span class='ocrx_word' id='word_1_760' title='bbox 2891 4529 3031 4593; x_wconf 78' lang='grc' dir='ltr'>τοὺς</span> <span class='ocrx_word' id='word_1_761' title='bbox 3066 4522 3486 4597; x_wconf 63' lang='grc' dir='ltr'>πληθυντικῶς</span> <span class='ocrx_word' id='word_1_762' title='bbox 3529 4522 3750 4593; x_wconf 70' lang='grc' dir='ltr'>εἰρημέ-</span> 
     </span>
    </p>
   </div>
   <div class='ocr_carea' id='block_1_110' title="bbox 2262 4599 2663 4667">
    <p class='ocr_par' dir='ltr' id='par_1_110' title="bbox 2262 4599 2663 4667">
     <span class='ocr_line' id='line_1_111' title="bbox 2262 4599 2663 4667; baseline 0.005 -16"><span class='ocrx_word' id='word_1_763' title='bbox 2262 4616 2426 4664; x_wconf 77' lang='grc' dir='ltr'>νους,</span> <span class='ocrx_word' id='word_1_764' title='bbox 2456 4599 2663 4667; x_wconf 65' lang='grc' dir='ltr'><strong>φησιν·</strong></span> 
     </span>
    </p>
   </div>
   <div class='ocr_carea' id='block_1_111' title="bbox 2263 4704 3750 4781">
    <p class='ocr_par' dir='ltr' id='par_1_111' title="bbox 2263 4704 3750 4781">
     <span class='ocr_line' id='line_1_112' title="bbox 2263 4704 3750 4781; baseline -0.003 -18"><span class='ocrx_word' id='word_1_765' title='bbox 2263 4710 2315 4763; x_wconf 73' lang='grc'><strong>4.</strong></span> <span class='ocrx_word' id='word_1_766' title='bbox 2349 4711 2411 4763; x_wconf 87' lang='grc' dir='ltr'>Εί</span> <span class='ocrx_word' id='word_1_767' title='bbox 2438 4710 2494 4763; x_wconf 84' lang='grc' dir='ltr'>δὲ</span> <span class='ocrx_word' id='word_1_768' title='bbox 2523 4728 2543 4762; x_wconf 71' lang='grc' dir='ltr'><strong>ι</strong></span> <span class='ocrx_word' id='word_1_769' title='bbox 2582 4711 2650 4765; x_wconf 75' lang='grc' dir='ltr'><strong>τὰ</strong></span> <span class='ocrx_word' id='word_1_770' title='bbox 2682 4711 2834 4777; x_wconf 88' lang='grc' dir='ltr'>λόγια</span> <span class='ocrx_word' id='word_1_771' title='bbox 2867 4709 3069 4781; x_wconf 85' lang='grc' dir='ltr'>Κυρίου</span> <span class='ocrx_word' id='word_1_772' title='bbox 3098 4709 3251 4777; x_wconf 86' lang='grc' dir='ltr'>λόγια</span> <span class='ocrx_word' id='word_1_773' title='bbox 3279 4708 3439 4778; x_wconf 80' lang='grc' dir='ltr'>ἁγνὰ,</span> <span class='ocrx_word' id='word_1_774' title='bbox 3500 4704 3750 4778; x_wconf 72' lang='grc' dir='ltr'>ἀργύριον</span> 
     </span>
    </p>
   </div>
   <div class='ocr_carea' id='block_1_112' title="bbox 2195 4798 3750 4870">
    <p class='ocr_par' dir='ltr' id='par_1_112' title="bbox 2195 4798 3750 4870">
     <span class='ocr_line' id='line_1_113' title="bbox 2195 4798 3750 4870; baseline -0.002 -18"><span class='ocrx_word' id='word_1_775' title='bbox 2195 4799 2610 4870; x_wconf 87' lang='grc' dir='ltr'>πεπυρωμένον,</span> <span class='ocrx_word' id='word_1_776' title='bbox 2633 4799 2872 4869; x_wconf 87' lang='grc' dir='ltr'>δοκίμιον</span> <span class='ocrx_word' id='word_1_777' title='bbox 2896 4801 2962 4869; x_wconf 79' lang='grc' dir='ltr'>τῇ</span> <span class='ocrx_word' id='word_1_778' title='bbox 2992 4802 3084 4870; x_wconf 78' lang='grc' dir='ltr'><strong>γῇ,</strong></span> <span class='ocrx_word' id='word_1_779' title='bbox 3112 4799 3569 4870; x_wconf 83' lang='grc' dir='ltr'>κεκαθαρισμένον</span> <span class='ocrx_word' id='word_1_780' title='bbox 3598 4798 3750 4849; x_wconf 77' lang='grc' dir='ltr'>ἑπτα-</span> 
     </span>
    </p>
   </div>
   <div class='ocr_carea' id='block_1_113' title="bbox 2200 4974 3748 5045">
    <p class='ocr_par' dir='ltr' id='par_1_113' title="bbox 2200 4974 3748 5045">
     <span class='ocr_line' id='line_1_114' title="bbox 2200 4974 3748 5045; baseline -0.001 -14"><span class='ocrx_word' id='word_1_781' title='bbox 2200 4978 2427 5032; x_wconf 83' lang='lat' dir='ltr'><strong>inveniat</strong></span> <span class='ocrx_word' id='word_1_782' title='bbox 2462 4992 2482 5030; x_wconf 80' lang='lat'><strong>.&#39;</strong></span> <span class='ocrx_word' id='word_1_783' title='bbox 2509 4978 2678 5045; x_wconf 82' lang='lat' dir='ltr'><strong>sitque</strong></span> <span class='ocrx_word' id='word_1_784' title='bbox 2723 4988 2812 5029; x_wconf 88' lang='lat' dir='ltr'><strong>aut</strong></span> <span class='ocrx_word' id='word_1_785' title='bbox 2865 4976 3144 5043; x_wconf 80' lang='lat' dir='ltr'><strong>familiaris</strong></span> <span class='ocrx_word' id='word_1_786' title='bbox 3181 4975 3453 5038; x_wconf 69' lang='lat' dir='ltr'><strong>scientiae,</strong></span> <span class='ocrx_word' id='word_1_787' title='bbox 3499 4974 3748 5042; x_wconf 75' lang='lat' dir='ltr'><strong>cognitam</strong></span> 
     </span>
    </p>
   </div>
   <div class='ocr_carea' id='block_1_114' title="bbox 2197 5046 3749 5114">
    <p class='ocr_par' dir='ltr' id='par_1_114' title="bbox 2197 5046 3749 5114">
     <span class='ocr_line' id='line_1_115' title="bbox 2197 5046 3749 5114; baseline -0.004 -12"><span class='ocrx_word' id='word_1_788' title='bbox 2197 5049 2392 5103; x_wconf 84' lang='lat' dir='ltr'><strong>clavem</strong></span> <span class='ocrx_word' id='word_1_789' title='bbox 2414 5049 2520 5100; x_wconf 87' lang='lat' dir='ltr'><strong>cito</strong></span> <span class='ocrx_word' id='word_1_790' title='bbox 2544 5064 2610 5101; x_wconf 80' lang='lat' dir='ltr'><strong>ea;</strong></span> <span class='ocrx_word' id='word_1_791' title='bbox 2647 5048 2796 5113; x_wconf 82' lang='lat' dir='ltr'><strong>capia</strong></span> <span class='ocrx_word' id='word_1_792' title='bbox 2838 5048 2930 5098; x_wconf 88' lang='lat' dir='ltr'><strong>illa</strong></span> <span class='ocrx_word' id='word_1_793' title='bbox 2959 5054 3218 5114; x_wconf 74' lang='lat' dir='ltr'><strong>congesta:</strong></span> <span class='ocrx_word' id='word_1_794' title='bbox 3252 5046 3304 5097; x_wconf 89' lang='lat' dir='ltr'><strong>in</strong></span> <span class='ocrx_word' id='word_1_795' title='bbox 3342 5060 3499 5097; x_wconf 87' lang='lat' dir='ltr'><strong>unum</strong></span> <span class='ocrx_word' id='word_1_796' title='bbox 3540 5047 3749 5098; x_wconf 72' lang='lat' dir='ltr'><strong>varieta-</strong></span> 
     </span>
    </p>
   </div>
   <div class='ocr_carea' id='block_1_115' title="bbox 2199 5115 3746 5186">
    <p class='ocr_par' dir='ltr' id='par_1_115' title="bbox 2199 5115 3746 5186">
     <span class='ocr_line' id='line_1_116' title="bbox 2199 5115 3746 5186; baseline -0.004 -15"><span class='ocrx_word' id='word_1_797' title='bbox 2199 5121 2268 5171; x_wconf 89' lang='lat' dir='ltr'><strong>tis</strong></span> <span class='ocrx_word' id='word_1_798' title='bbox 2296 5117 2525 5186; x_wconf 74' lang='lat' dir='ltr'><strong>eligere;</strong></span> <span class='ocrx_word' id='word_1_799' title='bbox 2552 5126 2641 5170; x_wconf 90' lang='lat' dir='ltr'><strong>aut</strong></span> <span class='ocrx_word' id='word_1_800' title='bbox 2671 5116 2895 5185; x_wconf 82' lang='lat' dir='ltr'><strong>ingentis</strong></span> <span class='ocrx_word' id='word_1_801' title='bbox 2934 5115 3149 5178; x_wconf 81' lang='lat' dir='ltr'><strong>laboris,</strong></span> <span class='ocrx_word' id='word_1_802' title='bbox 3179 5124 3355 5182; x_wconf 83' lang='lat' dir='ltr'><strong>aptam</strong></span> <span class='ocrx_word' id='word_1_803' title='bbox 3384 5124 3433 5167; x_wconf 84' lang='lat' dir='ltr'><strong>et</strong></span> <span class='ocrx_word' id='word_1_804' title='bbox 3469 5130 3746 5186; x_wconf 69' lang='lat' dir='ltr'><strong>congruam</strong></span> 
     </span>
    </p>
   </div>
   <div class='ocr_carea' id='block_1_116' title="bbox 2193 5184 3745 5255">
    <p class='ocr_par' dir='ltr' id='par_1_116' title="bbox 2193 5184 3745 5255">
     <span class='ocr_line' id='line_1_117' title="bbox 2193 5184 3745 5255; baseline -0.004 -13"><span class='ocrx_word' id='word_1_805' title='bbox 2193 5184 2387 5242; x_wconf 74' lang='lat' dir='ltr'><strong>clavem</strong></span> <span class='ocrx_word' id='word_1_806' title='bbox 2416 5186 2682 5255; x_wconf 86' lang='lat' dir='ltr'><strong>aperiendi</strong></span> <span class='ocrx_word' id='word_1_807' title='bbox 2711 5184 3118 5254; x_wconf 80' lang='lat' dir='ltr'><strong>uniuscujusque</strong></span> <span class='ocrx_word' id='word_1_808' title='bbox 3141 5186 3313 5238; x_wconf 85' lang='lat' dir='ltr'><strong>aditus</strong></span> <span class='ocrx_word' id='word_1_809' title='bbox 3344 5185 3572 5237; x_wconf 75' lang='lat' dir='ltr'><strong>invenire</strong></span> <span class='ocrx_word' id='word_1_810' title='bbox 3595 5198 3606 5233; x_wconf 94' lang='lat'>:</span> <span class='ocrx_word' id='word_1_811' title='bbox 3630 5184 3745 5255; x_wconf 85' lang='lat' dir='ltr'><strong>quia</strong></span> 
     </span>
    </p>
   </div>
   <div class='ocr_carea' id='block_1_117' title="bbox 2194 5254 3743 5323">
    <p class='ocr_par' dir='ltr' id='par_1_117' title="bbox 2194 5254 3743 5323">
     <span class='ocr_line' id='line_1_118' title="bbox 2194 5254 3743 5323; baseline -0.003 -12"><span class='ocrx_word' id='word_1_812' title='bbox 2194 5257 2330 5311; x_wconf 86' lang='lat' dir='ltr'><strong>ratio</strong></span> <span class='ocrx_word' id='word_1_813' title='bbox 2359 5265 2407 5310; x_wconf 83' lang='lat' dir='ltr'><strong>et</strong></span> <span class='ocrx_word' id='word_1_814' title='bbox 2432 5254 2659 5323; x_wconf 84' lang='lat' dir='ltr'><strong>qualitas</strong></span> <span class='ocrx_word' id='word_1_815' title='bbox 2687 5273 2791 5310; x_wconf 85' lang='lat' dir='ltr'><strong>non</strong></span> <span class='ocrx_word' id='word_1_816' title='bbox 2814 5258 2975 5321; x_wconf 83' lang='lat' dir='ltr'><strong>sinat,</strong></span> <span class='ocrx_word' id='word_1_817' title='bbox 3004 5272 3109 5310; x_wconf 83' lang='lat' dir='ltr'><strong>non</strong></span> <span class='ocrx_word' id='word_1_818' title='bbox 3139 5271 3264 5309; x_wconf 90' lang='lat' dir='ltr'><strong>suas</strong></span> <span class='ocrx_word' id='word_1_819' title='bbox 3304 5254 3473 5307; x_wconf 80' lang='lat' dir='ltr'><strong>claves</strong></span> <span class='ocrx_word' id='word_1_820' title='bbox 3508 5254 3743 5307; x_wconf 84' lang='lat' dir='ltr'><strong>claustris</strong></span> 
     </span>
    </p>
   </div>
   <div class='ocr_carea' id='block_1_118' title="bbox 2180 5326 2785 5395">
    <p class='ocr_par' dir='ltr' id='par_1_118' title="bbox 2180 5326 2785 5395">
     <span class='ocr_line' id='line_1_119' title="bbox 2180 5326 2785 5395; baseline -0.002 -15"><span class='ocrx_word' id='word_1_821' title='bbox 2180 5326 2491 5395; x_wconf 84' lang='lat' dir='ltr'><strong>disparibus</strong></span> <span class='ocrx_word' id='word_1_822' title='bbox 2521 5336 2706 5391; x_wconf 87' lang='lat' dir='ltr'><strong>coapta</strong></span> <span class='ocrx_word' id='word_1_823' title='bbox 2716 5343 2785 5380; x_wconf 86' lang='lat' dir='ltr'><strong>re.</strong></span> 
     </span>
    </p>
   </div>
   <div class='ocr_carea' id='block_1_119' title="bbox 2264 5393 3736 5468">
    <p class='ocr_par' dir='ltr' id='par_1_119' title="bbox 2264 5393 3736 5468">
     <span class='ocr_line' id='line_1_120' title="bbox 2264 5393 3736 5468; baseline -0.003 -18"><span class='ocrx_word' id='word_1_824' title='bbox 2420 5396 2751 5468; x_wconf 60' lang='grc' dir='ltr'>Ἂσάφειᾳν.</span> <span class='ocrx_word' id='word_1_825' title='bbox 2789 5396 2937 5468; x_wconf 77' lang='lat' dir='ltr'><strong>Unus</strong></span> <span class='ocrx_word' id='word_1_826' title='bbox 2982 5394 3154 5451; x_wconf 81' lang='lat' dir='ltr'><strong>codex</strong></span> <span class='ocrx_word' id='word_1_827' title='bbox 3184 5393 3736 5468; x_wconf 66' lang='lat' dir='ltr'><strong>Regius,_d_o:pditsv.av.</strong></span> 
     </span>
    </p>
   </div>
   <div class='ocr_carea' id='block_1_120' title="bbox 2265 5465 3737 5536">
    <p class='ocr_par' dir='ltr' id='par_1_120' title="bbox 2265 5465 3737 5536">
     <span class='ocr_line' id='line_1_121' title="bbox 2265 5465 3737 5536; baseline -0.001 -18"><span class='ocrx_word' id='word_1_828' title='bbox 2265 5465 2376 5536; x_wconf 70' lang='lat'><strong>(46)</strong></span> <span class='ocrx_word' id='word_1_829' title='bbox 2415 5466 2837 5535; x_wconf 81' lang='grc' dir='ltr'>Παρακεῖσθαι.</span> <span class='ocrx_word' id='word_1_830' title='bbox 2888 5465 3126 5536; x_wconf 87' lang='lat' dir='ltr'><strong>Uterque</strong></span> <span class='ocrx_word' id='word_1_831' title='bbox 3176 5468 3348 5521; x_wconf 79' lang='lat' dir='ltr'><strong>codex</strong></span> <span class='ocrx_word' id='word_1_832' title='bbox 3404 5465 3737 5526; x_wconf 69' lang='lat' dir='ltr'><strong>Thunnmus,</strong></span> 
     </span>
    </p>
   </div>
   <div class='ocr_carea' id='block_1_121' title="bbox 2192 5536 3713 5608">
    <p class='ocr_par' dir='ltr' id='par_1_121' title="bbox 2192 5536 3713 5608">
     <span class='ocr_line' id='line_1_122' title="bbox 2192 5536 3713 5608; baseline 0.013 -20"><span class='ocrx_word' id='word_1_833' title='bbox 2192 5536 2639 5608; x_wconf 85' lang='grc' dir='ltr'>παρακαλεῖσθαι.</span> <span class='ocrx_word' id='word_1_834' title='bbox 2791 5606 2797 5608; x_wconf 17' lang='grc' dir='ltr'><strong>Α</strong></span> <span class='ocrx_word' id='word_1_835' title='bbox 2984 5606 2992 5608; x_wconf 17' lang='grc' dir='ltr'><strong>ς</strong></span> <span class='ocrx_word' id='word_1_836' title='bbox 3391 5602 3421 5608; x_wconf 89' lang='lat'><strong>_</strong></span> <span class='ocrx_word' id='word_1_837' title='bbox 3547 5607 3554 5608; x_wconf 58' lang='lat'><strong><em>,</em></strong></span> <span class='ocrx_word' id='word_1_838' title='bbox 3627 5602 3638 5608; x_wconf 89' lang='lat'><strong>-</strong></span> <span class='ocrx_word' id='word_1_839' title='bbox 3704 5601 3713 5608; x_wconf 91' lang='lat'><strong>.</strong></span> 
     </span>
    </p>
   </div>
   <div class='ocr_carea' id='block_1_122' title="bbox 2260 5602 3740 5678">
    <p class='ocr_par' dir='ltr' id='par_1_122' title="bbox 2260 5602 3740 5678">
     <span class='ocr_line' id='line_1_123' title="bbox 2260 5602 3740 5678; baseline -0.003 -18"><span class='ocrx_word' id='word_1_840' title='bbox 2260 5602 2372 5677; x_wconf 48' lang='lat'><strong>(&#39;47)</strong></span> <span class='ocrx_word' id='word_1_841' title='bbox 2411 5608 2467 5661; x_wconf 92' lang='lat' dir='ltr'><strong>In</strong></span> <span class='ocrx_word' id='word_1_842' title='bbox 2502 5606 3018 5678; x_wconf 75' lang='lat' dir='ltr'><strong>vutgattsApostoli</strong></span> <span class='ocrx_word' id='word_1_843' title='bbox 3062 5605 3341 5676; x_wconf 66' lang='lat' dir='ltr'><strong>codicibps</strong></span> <span class='ocrx_word' id='word_1_844' title='bbox 3382 5602 3589 5663; x_wconf 72' lang='lat' dir='ltr'><strong>Grmcis</strong></span> <span class='ocrx_word' id='word_1_845' title='bbox 3625 5602 3740 5678; x_wconf 69' lang='lat' dir='ltr'><strong>legi-</strong></span> 
     </span>
    </p>
   </div>
   <div class='ocr_carea' id='block_1_123' title="bbox 2189 5677 2835 5751">
    <p class='ocr_par' dir='ltr' id='par_1_123' title="bbox 2189 5677 2835 5751">
     <span class='ocr_line' id='line_1_124' title="bbox 2189 5677 2835 5751; baseline -0.006 -18"><span class='ocrx_word' id='word_1_846' title='bbox 2189 5688 2295 5747; x_wconf 87' lang='lat' dir='ltr'><strong>tur,</strong></span> <span class='ocrx_word' id='word_1_847' title='bbox 2323 5678 2461 5732; x_wconf 77' lang='grc' dir='ltr'>Πνεύ</span> <span class='ocrx_word' id='word_1_848' title='bbox 2471 5695 2634 5748; x_wconf 83' lang='grc' dir='ltr'>ματος</span> <span class='ocrx_word' id='word_1_849' title='bbox 2664 5677 2835 5751; x_wconf 76' lang='grc' dir='ltr'>ἁγίου.</span> 
     </span>
    </p>
   </div>
  </div>
