4058 6244
448 283 576 338 1031

447 489 510 544 τὸ
540 489 695 559 ἅγιον
746 483 968 556 Πνεῦμα
996 480 1365 551 ύποϐέϐληκεν
1396 481 1537 534 αύτά
1559 480 1648 534 διὰ
1682 479 1791 533 τῶν
1819 480 2028 549 ὑπηρε-

449 584 560 638 τῶν
587 581 682 634 τοῦ
707 578 888 648 λόγου,
933 577 1140 648 μήποτε
1173 574 1269 628 καὶ
1293 574 1438 644 ὑμᾶς
1482 573 1806 646 διαφεύγῃή
1842 571 2032 625 ἀναλο-

451 675 569 745 γία,
601 671 722 727 καθ’
768 671 836 743 ἢν
867 670 961 723 ἐπὶ
989 669 1169 721 πᾶσαν
1195 664 1398 734 ἔφθασε
1437 665 1657 737 Γραφὴν
1686 667 1719 736 ή
1750 665 1911 734 σοφία
1937 665 2031 716 τοῦ

453 765 591 820 Θεοῦ
638 764 992 817 θεόπνευστον
1047 759 1209 831 μέχρι
1238 757 1332 812 τοῦ
1380 757 1633 827 τυχόντος
1675 758 2029 827 γράμματοςο

455 856 550 909 καὶ
582 854 722 924 τάχα
748 851 838 906 διὰ
863 850 1022 905 τοῦτο
1048 851 1076 902 ὁ
1104 847 1294 920 Σωτὴρ
1327 847 1430 918 ἔφη
1450 865 1463 878 ο
1503 867 1522 899 ‹
1569 847 1723 900 Ἰὦτα
1760 846 1818 899 ἓν
1873 845 1906 916 ἢ
1938 845 2034 916 μία

458 949 656 1020 κεραία
680 931 740 1000 ού
777 945 851 1017 μὴ
875 942 1120 1015 παρέλθῃ
1148 941 1257 995 ἀπὸ
1295 939 1391 993 τοῦ
1416 939 1604 1010 νόμου,
1634 938 1738 1002 ἓως
1764 937 1829 991 ἂν
1860 937 2035 990 πάντα

458 1039 736 1110 γένηται.»
761 1038 856 1089 Ὃν
886 1036 1084 1105 τρόπον
1112 1033 1220 1103 γάρ
1250 1031 1342 1084 ἐπὶ
1363 1029 1462 1100 τῆς
1487 1028 1892 1100 κοσμοποιίαςή
1921 1029 2038 1082 Θεία

459 1133 621 1202 τέχνη
650 1131 710 1183 ού
746 1129 902 1200 μόνον
935 1128 992 1179 ἐν
1029 1122 1244 1196 οὐρανῷ
1276 1122 1371 1174 καὶ
1405 1121 1544 1192 ἡλίῳ
1577 1121 1672 1174 καὶ
1703 1120 1902 1191 σελήνῃ
1946 1119 2039 1172 καὶ

463 1223 681 1294 ἄστροις
705 1221 951 1290 φαίνεται
978 1215 1194 1289 (48),δι’
1227 1215 1362 1268 ὅλων
1388 1213 1496 1266 τῶν
1526 1213 1792 1285 σωμάτων
1818 1213 2041 1266 ἐκείνων

466 1314 849 1382 πεφοιτηκυῖλ,
880 1309 1017 1362 ἀλλά
1047 1309 1140 1362 καὶ
1191 1307 1284 1360 ἐπὶ
1313 1306 1415 1376 γῆς
1449 1307 1504 1358 ἐν
1551 1305 1651 1375 ῦλη
1687 1304 2043 1374 εύτελεστέρᾳ.

463 1405 527 1459 τὸ
558 1403 689 1457 αὐτὸ
715 1401 1033 1471 πεποίηκεν,
1067 1399 1142 1460 ὡς
1189 1397 1264 1468 μὴ
1315 1395 1762 1467 ύπερηφανῆσθαι
1809 1395 1916 1449 ἀπὸ
1948 1395 2042 1448 τοῦ

464 1493 740 1568 τεχνίτου,
797 1493 938 1562 μήτε
966 1490 1034 1543 τὰ
1069 1487 1294 1558 σώματα
1343 1487 1450 1540 τῶν
1514 1487 1809 1557 ἐλαχίστων
1854 1485 2041 1551 ζώων·

469 1587 647 1658 πολλῴ
671 1587 728 1638 δέ
752 1585 911 1637 πλέον
940 1585 1032 1637 καὶ
1056 1582 1154 1645 τὰς
1187 1580 1599 1652 ἐνυπαρχούσας
1631 1579 1809 1650 ψυχάς
1859 1583 1915 1634 ἐν
1951 1581 2048 1633 αύ-

468 1680 603 1740 τοῖς,
639 1676 875 1745 ἑκάστης
908 1673 1108 1743 ἰδίωμά
1137 1690 1190 1724 τι
1223 1672 1333 1743 (49)
1362 1672 1632 1742 λαϐούσης
1661 1675 1719 1726 ὲν
1764 1672 1922 1742 αὐτῇ,
1971 1673 2048 1734 ὡς

1455 273 1766 328 SELECTA
1806 274 1873 328 ΙΝ
1915 273 2254 335 PSALMOS.
2277 300 2348 310 -—
2367 270 2558 325 PSA]...
2586 269 2626 323 l.

449 397 712 459 πλασιως,
740 413 758 445 ι
788 394 884 447 καὶ
931 390 1069 460 μετὰ
1106 390 1285 460 πάσης
1332 389 1613 461 ἀκριϐείας
1643 387 2026 458 ἐξητασμένως
2056 441 2057 444 η

2167 397 2312 439 atum
2375 396 2575 454 septtes
2636 384 2712 450 ’3;

3570 263 3708 320 Ν.εὲ

2755 401 2773 434 ο
2807 381 3230 452 exquisitissima
3278 395 3408 436 cura
3449 388 3500 433 et
3531 382 3709 435 studio

2133 478 2370 546 Spiritus
2414 487 2638 533 sanctus
2689 491 2787 545 per
2819 474 3097 528 ministros
3127 472 3279 526 verbi
3310 472 3415 526 ista
3459 471 3710 539 subjecit,

2133 587 2202 626 ne
2258 585 2497 640 unquam
2557 569 2715 624 nobis
2762 567 2934 621 latere
2984 573 3170 635 posset
3211 565 3371 628 ratio,
3414 564 3709 618 secundum

2134 677 2295 730 quam
2327 661 2507 716 divina
2540 658 2810 729 sapientia
2841 671 3060 712 omnem
3089 655 3428 723 Scripturam
3458 653 3714 708 divinitus

2135 758 2340 819 datam,
2374 754 2461 808 vel
2508 752 2576 806 ad
2619 766 2783 805 unam
2831 762 3003 816 usque
3052 745 3350 802 litterulam
3402 744 3626 814 attigit:
3660 755 3714 798 et

2137 853 2425 915 propterea
2456 841 2692 894 fortasse
2719 840 3001 904 Servatur,
3040 837 3205 901 «lota,
3230 835 3408 904 inquit
3427 835 3498 899 θ’,
3525 826 3714 895 unum,

2139 935 2223 988 vel
2259 948 2396 1003 apex
2439 946 2579 986 unus
2603 946 2634 985 e
2662 930 2778 998 lege
2809 946 2914 982 non
2949 925 3282 996 ptmleribit,
3320 925 3491 978 donec
3535 922 3716 976 omnia

2141 1028 2292 1081 ﬁant.
2327 1046 2345 1078 ι
2381 1024 2848 1093 Quemadmodum
2897 1024 3038 1075 enim
3072 1020 3124 1072 in
3154 1017 3338 1071 mundi
3375 1016 3594 1086 opiﬁcio
3632 1031 3718 1068 ars

2142 1119 2328 1173 divina
2359 1132 2464 1171 non
2493 1117 2666 1171 solum
2721 1115 2772 1168 in
2816 1114 2954 1168 cmlo
3005 1120 3060 1165 et
3102 1111 3220 1164 sole
3243 1121 3299 1162 et
3325 1109 3449 1160 luna
3478 1116 3533 1161 et
3560 1106 3724 1160 astris

2143 1220 2391 1282 apparet,
2420 1223 2516 1280 per
2548 1217 2661 1262 tota
2699 1207 2790 1261 illa
2822 1220 3054 1274 corpora
3088 1215 3417 1273 permeans;
3443 1200 3534 1253 sed
3561 1199 3723 1252 etiam

2146 1304 2198 1356 in
2251 1311 2418 1364 terra,
2471 1300 2523 1353 in
2560 1299 2786 1352 materia
2830 1295 3024 1348 viliore
3071 1294 3175 1348 hoc
3226 1291 3399 1359 ipsum
3425 1288 3632 1350 eﬂ'ecit,
3666 1299 3726 1341 ut

2147 1409 2322 1463 neque
2349 1394 2415 1447 ab
2446 1392 2655 1445 artilice
2693 1389 3046 1442 tninimorum
3076 1385 3242 1437 etiam
3274 1379 3725 1436 animalculorum

2147 1503 2376 1556 corpora
2406 1485 2650 1554 neglecta
2683 1474 2824 1548 sint;
2871 1481 3040 1534 multo
3076 1493 3206 1531 vero
3241 1475 3414 1544 magis
3444 1481 3498 1526 et
3525 1487 3646 1540 qua:
3672 1471 3728 1523 in

2150 1579 2255 1634 illis
2284 1578 2473 1631 insunt
2505 1575 2721 1638 animm,
2770 1588 3003 1642 quarum
3046 1568 3272 1638 singula:
3299 1564 3574 1633 peculiare
3600 1562 3731 1631 quid

2150 1669 2204 1723 in
2257 1682 2316 1724 se
2370 1676 2736 1735 acceperunt,
2810 1661 3271 1732 quemadmodum
3333 1660 3385 1712 in
3448 1658 3729 1711 brutorntn

473 1771 528 1819 ὲν
558 1765 734 1837 ἀλόγῳ
769 1766 1033 1836 σωτήριον
1057 1781 1070 1793 ·
1137 1764 1273 1836 μήτε
1298 1763 1367 1816 τὰ
1411 1764 1508 1834 τῆς
1533 1765 1636 1833 γῆς
1669 1763 2044 1834 βλαστήματα,

2161 1775 2350 1832 genere
2373 1757 2733 1814 conservandi
2767 1755 2847 1809 sui
2885 1753 3150 1807 rationem
3188 1768 3200 1803 :
3230 1750 3323 1802 sed
3364 1763 3539 1817 neque
3573 1757 3730 1800 terra:

471 1858 687 1927 ἑκάστῳ
734 1857 1132 1928 ἐνυπάρχοντος
1181 1854 1275 1908 τοῦ
1306 1855 1552 1926 τεχνικοῦ
1595 1856 1721 1926 περὶ
1756 1855 1854 1918 τὰς
1897 1855 2049 1926 ῥίζας

471 1953 568 2005 καὶ
591 1949 658 2002 τὰ
682 1949 853 2018 φύλλα
875 1950 967 2001 καὶ
998 1949 1123 2011 τοὺς
1146 1947 1523 2019 ἐνδεχομένους
1551 1950 1815 2018 καρποὺς,
1837 1949 1931 2001 καὶ
1956 1949 2053 2011 τὰς

473 2043 734 2116 διαφορὰς
757 2042 864 2096 τῶν
904 2041 1232 2110 ποιοτήτων·
1291 2037 1461 2101 οὕτως
1488 2041 1648 2110 ἡμεῖς
1680 2039 2056 2110 ὑπολαμϐάνο-

480 2156 580 2208 μεν
613 2136 742 2207 περὶ
772 2133 988 2187 πάντων
1021 2132 1129 2185 τῶν
1160 2131 1219 2200 ἐξ
1253 2131 1537 2196 ἐπιπνοίας
1563 2133 1658 2186 τοῦ
1689 2133 1844 2201 ἁγίου
1893 2135 2057 2187 Ilvati-

482 2245 648 2300 ματος
695 2225 1216 2296 ἀναγεγραμμένων,
1277 2224 1353 2286 ὼς
1399 2225 1499 2294 τῆς
1552 2224 1898 2296 ὲπιδιδούσης
1952 2228 2052 2298 τὴν

480 2318 621 2388 ὑπὲρ
673 2317 958 2387 ἄνθρωπον
1022 2315 1210 2383 σοφίαν
1262 2315 1412 2385 ἱερᾶς
1476 2316 1739 2385 Προνοίας
1800 2317 1888 2370 διὰ
1945 2317 2057 2371 τῶν

479 2409 824 2481 γραμμάτων
851 2406 928 2477 τῷ
961 2407 1108 2474 γένει
1141 2407 1246 2460 τῶν
1281 2405 1603 2471 ἀνθρώπων,
1629 2407 1786 2478 λόγια
1814 2411 2058 2482 σωτήρια

482 2499 904 2572 ἐνεσπαρκυίας,
959 2498 1034 2563 ὡς
1083 2498 1231 2552 ἔστιν
1288 2500 1480 2564 εἰπεῖν,
1511 2500 1725 2571 ἑκάστῳ
1772 2502 2060 2573 γράμματι

484 2593 625 2650 κατᾶ
650 2594 710 2646 τὸ
735 2592 1079 2662 ἐνδεχόμενον
1116 2592 1236 2662 ἴχνη
1266 2591 1366 2661 τῆς
1411 2593 1621 2661 σοφίας.
1657 2594 1777 2665 Χρὴ
1811 2595 2058 2664 μέντοιγε

482 2687 574 2740 τὸν
603 2685 749 2751 ἅπαξ
798 2683 1244 2756 παραδεξάμενον
1272 2684 1366 2738 τοῦ
1419 2686 1698 2749 κτίσαντος
1735 2673 1825 2738 τδν
1860 2686 2062 2756 κόσμον

483 2773 620 2831 εἶναι
663 2777 868 2840 ταύτας
928 2777 1025 2841 τάς
1069 2777 1310 2849 Γραφάς,
1346 2772 1635 2835 πεπεῖσθαι
1667 2779 1747 2831 ὅτι
1801 2779 1900 2831 ὅσα
1933 2779 2062 2849 περὶ

483 2869 585 2938 τῆς
615 2870 845 2934 κτίσεως
865 2870 1084 2941 ἀπαντᾷ
1106 2872 1216 2932 τοῖς
1248 2869 1468 2941 ζητοῦσι
1491 2869 1584 2922 τὸν
1624 2870 1752 2942 περὶ
1777 2870 1944 2940 αὐτῆς
1972 2869 2060 2922 λό-

485 2977 602 3029 γον,
630 2957 804 3014 ταῦτα
832 2960 927 3013 καὶ
954 2959 1080 3031 περὶ
1105 2958 1216 3012 τῶν
1248 2959 1500 3030 Γραιρῶν.
1529 2960 1685 3012 Ἔστι
1710 2959 1767 3011 δέ
1795 2975 1858 3028 γε
1886 2959 1980 3012 καὶ
2005 2959 2062 3011 ἐν

484 3056 552 3125 τῇ
588 3054 760 3106 κτίσει
814 3053 935 3107 τινὰ
989 3052 1304 3126 ἀνθρωπίνῃ
1337 3053 1494 3122 φύσει
1532 3051 1828 3124 δυσεύρετα
1876 3051 1909 3123 ἢ
1969 3053 2063 3105 καὶ

489 3143 787 3216 ἀνεύρετα·
821 3144 916 3197 καὶ
948 3145 1006 3196 ού
1041 3143 1128 3197 διά
1154 3142 1313 3196 τοῦτο
1345 3145 1746 3215 κατηγορητέον
1791 3142 1884 3195 τοῦ
1918 3161 2065 3215 ποιη-

490 3235 583 3287 τοῦ
612 3234 719 3288 τῶν
752 3234 908 3288 ὅλων.
941 3235 1076 3306 Φέρε
1111 3237 1302 3300 είπεῖν,
1335 3235 1456 3287 ἐπεὶ
1484 3235 1583 3305 ούχ
1623 3234 1949 3306 εὑρίσκομεν
1978 3236 2064 3288 αἰ-

489 3325 610 3380 τίαν
634 3326 962 3396 βασιλίσκων
987 3327 1236 3391 κτίσεως,
1267 3328 1359 3380 καὶ
1388 3327 1494 3381 τῶν
1525 3327 1698 3380 ἄλλων
1733 3326 1948 3379 ἰοϐόλων
1979 3327 2069 3396 θη-

495 3415 624 3488 ρίων
649 3434 662 3447 ·
695 3416 880 3471 ἐνθάδε
904 3416 1012 3489 γὰρ
1040 3418 1186 3471 ὅσιον
1227 3418 1316 3471 τὸν
1346 3418 1734 3488 αίσθανόμενον
1788 3417 1890 3487 τῆς
1920 3418 2070 3473 ἀσθε-

493 3507 641 3572 νείας
675 3507 768 3560 τοῦ
793 3507 982 3577 γένους
1033 3510 1212 3579 ἡμῶν,
1238 3511 1332 3563 καὶ
1379 3511 1460 3562 ὅτι
1493 3510 1686 3581 τέχνης
1715 3509 1848 3562 Θεοῦ
1878 3509 2068 3578 λόγους

497 3601 634 3671 μετά
667 3600 846 3670 πάσης
877 3599 1160 3672 ἀκριϐείας
1185 3601 1627 3674 τεθεωρημένους
1661 3601 1906 3655 ἐκλαϐεῖν
1937 3601 2069 3672 ἡμῖν

493 3693 794 3762 ἀμήχανον,
827 3691 945 3762 Θεῷ
974 3692 1282 3747 ἀνατιθέναι
1309 3693 1406 3764 τὴν
1431 3693 1635 3746 τούτων
1665 3693 1885 3762 γνῶσιν,
1910 3694 2068 3748 ὓστε-

494 3801 587 3854 ρον
619 3786 770 3854 ἡμῖν,
835 3785 929 3838 ἐὰν
957 3784 1098 3851 ἄξιοι
1128 3784 1428 3856 κριθῶμεν,
1478 3785 1844 3858 φανερώσοντι
1900 3785 2071 3842 ταῦτα

498 3874 625 3943 περὶ
656 3869 730 3928 ὧν
759 3873 854 3927 νῦν
886 3875 1126 3940 εὐσεϐῶς
1153 3877 1555 3948 ἐπεστήσαμεν.
1587 3877 1742 3932 Οῦτω
1765 3877 1944 3932 τοίνυν
1977 3879 2072 3932 καὶ

497 3967 554 4018 ἐν
581 3968 702 4028 ταῖς
734 3964 905 4029 θείαις
931 3967 1175 4038 Γραφαῖς
1201 3968 1304 4039 χρὴ
1335 3968 1486 4039 όρᾷν,
1517 3969 1599 4022 ὅτι
1620 3969 1789 4023 πολλά
1819 3970 2072 4022 ἀπόκειν-

494 4072 583 4109 ται
617 4058 673 4109 ἐν
702 4057 884 4121 αὐτοῖς
905 4057 1240 4112 δυσαπόδοτα
1261 4062 1414 4131 ἡμῖν⁹
1432 4063 1479 4114 οί
1509 4060 1638 4129 γοῦν
1672 4061 2073 4132 ἐπαγγελλόμε-

495 4166 574 4201 νοι
609 4148 744 4219 μετὰ
766 4148 828 4201 τὸ
847 4150 1145 4220 ἀποστῆναι
1174 4150 1268 4204 τοῦ
1292 4151 1576 4216 κτίσαντος
1601 4153 1710 4226 (50)
1732 4155 1822 4209 τὸν
1845 4155 2068 4226 κόσμον,

497 4237 590 4289 καὶ
617 4230 662 4304 ᾧ
689 4237 999 4291 ἀνέπλασαν
1031 4240 1106 4303 ὡς
1135 4240 1253 4310 Θεῷ
1283 4242 1658 4314 προστρέχειν,
1683 4243 1955 4296 λυέτωσαν
1975 4244 2072 4308 τὰς

499 4327 913 4398 προσαγομένας
945 4329 1034 4398 ὑφ’
1087 4330 1242 4401 ἡμῶν
1271 4332 1454 4395 αὐτοῖς
1485 4334 1734 4405 ἀπορίας,
1785 4334 1818 4405 ἢ
1852 4334 1913 4387 τὸ
1944 4337 2071 4389 έαυ-

2154 1852 2398 1923 germina
2450 1847 2816 1916 contempsit,
2846 1861 2968 1899 cum
3024 1842 3318 1908 unicuique
3345 1841 3474 1894 insit
3517 1837 3732 1891 artilicii

2154 1941 2433 2014 quidpiam
2472 1940 2522 1992 in
2557 1938 2831 1990 radicibus
2854 1975 2865 1994 ,
2917 1935 2966 1986 in
3002 1933 3165 1996 foliis,
3202 1939 3256 1984 et
3294 1932 3344 1981 in
3376 1930 3444 1982 iis
3478 1931 3570 1996 qui
3605 1940 3734 1994 pro-

2156 2035 2379 2088 veniunt
2407 2032 2692 2090 fructibus,
2736 2038 2788 2081 et
2823 2029 2872 2078 in
2903 2026 3222 2093 qualitatum
3265 2020 3567 2075 diiierentia
3607 2037 3619 2070 :
3659 2019 3734 2071 ita

2157 2145 2255 2182 nos
2292 2140 2579 2181 censemus
2608 2121 2674 2174 de
2702 2120 2956 2173 omnibus
2981 2132 3044 2170 ex
3079 2114 3258 2167 alllatu
3295 2112 3469 2166 sancti
3498 2109 3735 2178 Spiritus

2157 2219 2398 2287 scriptis,
2465 2227 2720 2283 tanquam
2782 2211 2891 2274 illa,
2940 2224 3061 2278 qua:
3118 2205 3440 2274 Sapientiam
3499 2203 3735 2254 humana

2159 2308 2495 2378 superiorem
2531 2303 2716 2369 tradit,
2749 2317 2943 2370 magna
2976 2298 3350 2368 providentia,
3397 2309 3494 2365 per
3525 2291 3738 2346 divinas

2160 2404 2366 2456 litteras
2395 2397 2675 2452 hominum
2705 2390 2890 2463 generi
2929 2389 3195 2443 salutaria
3230 2389 3556 2441 documenta
3590 2381 3736 2434 inse-

2163 2494 2353 2558 ruerit,
2401 2499 2456 2544 et
2491 2485 2745 2557 singulis,
2798 2497 2854 2538 ιιι
2906 2484 2977 2536 ita
3027 2481 3228 2542 dicam,
3285 2478 3502 2538 litteris,
3557 2472 3738 2541 quoad

2163 2585 2499 2653 unaquaeque
2532 2594 2726 2650 capere
2751 2585 2968 2647 potest,
3005 2573 3231 2638 vestigia
3265 2569 3545 2638 sapientia:
3576 2564 3742 2636 523

2164 2673 2520 2744 impresserit.
2558 2669 2851 2724 Enimvero
2881 2672 3096 2734 oportet
3126 2677 3249 2725 eum
3275 2660 3363 2728 qui
3387 2657 3554 2711 semel
3577 2656 3743 2710 admi-

2163 2768 2295 2822 serit
2340 2764 2553 2835 Opiﬁcis
2609 2760 2794 2815 mundi
2839 2759 2938 2812 has
2971 2770 3091 2809 esse
3125 2755 3462 2822 Scripturas,
3500 2749 3741 2802 animum

2164 2871 2378 2927 quoque
2415 2855 2675 2910 inducere
2721 2862 3082 2921 quaecumque
3112 2848 3179 2899 de
3223 2843 3503 2898 creatione
3549 2853 3746 2893 oecur-

2166 2959 2292 3004 runt
2333 2947 2477 3001 illius
2525 2946 2790 2999 rationem
2845 2936 3241 3010 quaerentibus,
3294 2935 3409 2989 hinc
3455 2932 3643 2986 eadem
3680 2929 3746 2983 de

2167 3040 2466 3110 Scripturis
2488 3049 2798 3092 occurrere.
2825 3032 2964 3087 Sunt
2993 3042 3174 3083 autem
3205 3028 3257 3081 in
3291 3023 3573 3080 creatione
3601 3037 3745 3091 qua:-

2169 3137 2290 3190 dam
2320 3149 2440 3202 qua:
2471 3141 2663 3184 natura
2704 3131 2939 3183 humana
2977 3123 3262 3180 diiiiculter
3292 3121 3373 3174 vel
3403 3119 3549 3173 nullo
3588 3118 3749 3172 inodn

2169 3227 2414 3281 invenire
2442 3223 2634 3292 possit.
2673 3219 2858 3288 Neque
2893 3217 3092 3270 idcirco
3131 3213 3471 3267 accusandus
3510 3218 3593 3263 cst
3632 3223 3751 3262 om-.

2169 3317 2319 3370 nium
2359 3315 2583 3368 eﬂ'ector
2616 3312 2780 3365 Deus.
2820 3307 2981 3362 Verbi
3008 3307 3182 3376 gratia
3210 3344 3224 3368 ,
3275 3320 3396 3356 cum
3441 3316 3546 3353 non
3594 3299 3746 3352 inve-

2170 3409 2348 3464 nimus
2379 3421 2598 3462 causam
2622 3419 2720 3460 cur
2740 3401 2911 3457 creati
2937 3401 3047 3454 sint
3079 3396 3342 3459 basilisci,
3373 3404 3426 3448 et
3447 3393 3555 3446 alia
3586 3407 3751 3446 vene.

2171 3511 2296 3556 nata
2330 3497 2581 3553 animalia
2612 3515 2625 3552 :
2653 3497 2781 3550 hinc
2830 3493 2974 3547 enim
3026 3499 3274 3546 sanetum
3313 3496 3417 3553 est,
3468 3485 3752 3540 conscium.

2171 3588 2559 3648 imbecillitatis
2584 3585 2801 3658 generis
2835 3583 3047 3644 nostri,
3087 3579 3342 3650 quodque
3383 3578 3581 3632 divinae
3617 3575 3756 3629 artis

2172 3685 2407 3738 rationes
2428 3680 2763 3752 quantalibet
2790 3675 3030 3729 maxima
3063 3688 3156 3727 eas
3182 3671 3458 3740 diligentia
3488 3669 3756 3722 fuerimus

2171 3773 2544 3842 contemplati,
2599 3767 2886 3840 percipere
2953 3781 3060 3819 nun
3119 3763 3409 3834 possimus,
3469 3762 3534 3813 ad
3585 3774 3754 3812 unum

2173 3867 2337 3921 Deum
2377 3866 2566 3919 horum
2594 3860 2958 3930 cognitionem
2985 3855 3214 3920 referre,
3240 3853 3331 3923 qui
3357 3851 3514 3906 nobis
3541 3859 3750 3920 postea,

2173 3960 2216 4012 si
2246 3957 2390 4028 digni
2418 3954 2724 4026 judicemur
2744 3991 2761 4016 ,
2795 3950 2910 4004 htec
2947 3949 3061 4018 ipsa
3097 3948 3328 4018 aperiet,
3361 3943 3430 3999 ad
3453 3957 3574 4012 qua:
3605 3955 3753 3994 men-

2177 4061 2280 4104 tem
2341 4063 2484 4102 nunc
2513 4048 2600 4116 pie
2635 4043 2993 4099 advertimus.
3038 4039 3130 4094 Sic
3155 4039 3318 4110 igitur
3364 4044 3419 4090 et
3465 4035 3517 4089 in
3553 4033 3752 4087 divinis

2174 4140 2376 4196 litteris
2403 4137 2695 4192 videndum
2731 4144 2838 4198 est,
2875 4132 3042 4187 multa
3077 4132 3130 4186 in
3166 4130 3271 4184 illis
3302 4127 3578 4182 recondita
3608 4139 3750 4187 esse,

2173 4248 2399 4303 quorum
2432 4229 2590 4285 nobis
2636 4223 3082 4298 estperdil‘ﬁeilis
3126 4221 3438 4292 explicatio.
3477 4217 3578 4283 Qui
3623 4231 3754 4285 ergo

2177 4325 2538 4395 pollicentur,
2577 4329 2863 4389 postquam
2901 4331 2930 4370 a
2976 4313 3163 4369 mumli
3200 4312 3496 4367 Conditore
3544 4305 3754 4359 defece-

497 4419 606 4472 τῶν
653 4435 714 4488 γε
768 4419 1003 4477 συνειδὸς
1055 4421 1387 4477 πειθέτωσαν
1441 4425 1580 4495 μετά
1635 4426 1696 4479 τὸ
1757 4426 2057 4498 τηλικοῦτοι

2184 4424 2327 4479 runt,
2363 4423 2420 4468 et
2445 4413 2513 4468 ad
2541 4427 2665 4466 eum
2696 4424 2855 4479 quem
2890 4410 3096 4462 tinxere
3119 4448 3134 4473 ,
3172 4415 3232 4459 ut
3260 4406 3327 4458 ad
3360 4403 3529 4456 Deum
3567 4397 3754 4451 conl'ttv

496 4509 754 4580 τόλμημα
786 4510 886 4580 τῆς
941 4512 1192 4577 ἀσεϐείας
1246 4515 1704 4580 ἀναπεπαῦσθαι,
1766 4518 2070 4590 συμφώνως

499 4604 619 4664 ταῖς
666 4603 796 4673 παρ’
827 4602 1009 4666 αὐτοῖς
1069 4605 1354 4660 ὑποθέσεσι
1384 4607 1510 4679 περὶ
1566 4608 1671 4662 τῶν
1700 4609 2067 4681 ζητουμένων,

500 4690 596 4743 καὶ
628 4689 896 4760 περὶτῶν
952 4695 1376 4764 προσαγομένων
1426 4696 1606 4767 αύτοῖς
1663 4695 2064 4767 ἀπορημάτων·

500 4785 549 4836 σί
604 4782 712 4853 γάρ
765 4783 926 4836 κάκεῖ
980 4785 1128 4838 οὐδὲν
1175 4781 1334 4857 ἧττον
1388 4787 1457 4839 τὰ
1518 4788 1844 4859 ἀπορήματα
1899 4788 2067 4860 μένει,

499 4873 850 4928 ἀποστάντων
878 4875 976 4946 τῆς
1013 4875 1295 4949 θεότητος·
1331 4879 1482 4948 πόσῳ
1520 4877 1806 4949 ὁσιώτερον
1847 4874 1934 4950 ἦν,
1974 4881 2070 4951 μὲ-

499 4982 686 5029 νοντας
735 4967 828 5020 ἐπὶ
866 4968 964 5039 τῆς
1017 4970 1224 5033 ἐννοίας
1278 4972 1375 5042 τῆς
1429 4973 1557 5042 περὶ
1588 4971 1746 5034 Θεοῦ,
1801 4971 1908 5026 ἀπὸ
1967 4973 2074 5028 τῶν

498 5059 811 5128 κτισμάτων
853 5058 948 5112 τοῦ
996 5061 1374 5132 γενεσιουργοῦ
1435 5061 1842 5134 θεωρουμένου,
1910 5065 2074 5136 μηδὲν

499 5149 657 5206 ἄθεον
686 5151 777 5203 καὶ
808 5150 1022 5204 ἀνόσιον
1052 5152 1179 5223 περὶ
1205 5151 1297 5205 τοῦ
1324 5153 1639 5222 τηλικούτου
1674 5153 2071 5224 ἀποφαίνεσθαι

499 5237 634 5292 Θεοῦ
657 5256 672 5304 ;

569 5447 614 5481 ³³
656 5445 795 5502 Psal.
840 5464 894 5503 xx
947 5446 1004 5502 7.
1075 5449 1120 5480 9”
1151 5445 1341 5500 Matth.
1382 5446 1541 5511 v,18.

572 5565 683 5640 με)
722 5566 1017 5640 φαίνεται.
1061 5565 1286 5640 lluetius
1309 5567 1608 5640 maluisset_
1625 5568 2034 5640 καταφαίνεται,

505 5636 684 5778 “ag-:1)
737 5636 960 5709 Ἰόίωμὰ
993 5654 1066 5693 τι.
1105 5639 1342 5710 Uterque
1366 5639 1533 5694 codex
1568 5637 1609 5696 Τ
1617 5636 1896 5705 huanaws,
1933 5637 2076 5692 ἰδιώ-

2177 4517 2412 4579 gerunt,
2452 4504 2664 4560 solvant
2704 4517 2840 4574 quos
2869 4502 3001 4572 ipsis
3044 4500 3213 4555 nodos
3246 4494 3592 4552 exhibuimus
3620 4506 3634 4555 ;
3668 4488 3752 4542 vel

2177 4615 2330 4656 suam
2373 4598 2474 4668 ipsi
2499 4595 2893 4652 conscientiam
2942 4593 3322 4662 persuadeant,
3365 4587 3442 4641 uti
3476 4592 3594 4653 post
3643 4591 3751 4632 tam

2179 4695 2446 4764 insignem
2503 4691 2785 4744 audaciam
2840 4689 2908 4742 ab
2948 4688 3225 4755 impietate
3274 4682 3542 4742 desinant,
3595 4685 3766 4744 prout.

2177 4785 2431 4856 congruit
2459 4785 2701 4854 ipsorum
2747 4780 3018 4842 instituto,
3060 4780 3130 4830 de
3161 4774 3403 4843 tltlaLSlllS
3437 4777 3490 4822 et
3533 4768 3598 4820 iis
3632 4779 3755 4833 quas

2175 4855 2382 4947 objecta
2415 4884 2542 4930 sunt
2575 4873 2856 4930 dubitandi
2895 4869 3100 4925 causis.
3163 4867 3217 4919 Si
3265 4863 3408 4918 enim
3443 4859 3514 4914 ibi
3553 4855 3754 4910 nihilo-

2174 4971 2353 5024 minus
2393 4966 2735 5025 difﬁcultates
2765 4969 3011 5024 nianent,
3049 4968 3339 5028 postquam
3386 4967 3415 5005 a
3440 4948 3755 5033 .divinitato

2174 5061 2528 5126 defecerunt;
2570 5067 2777 5127 quanto
2821 5053 3067 5109 sanctius
3101 5061 3221 5104 erat
3254 5050 3305 5101 in
3339 5043 3667 5115 cogitatione
3687 5057 3753 5095 ao

2171 5171 2333 5211 sensu
2365 5156 2431 5210 de
2465 5153 2574 5207 Deo
2600 5153 2952 5212 inluerentes,
2998 5162 3156 5216 quem
3187 5161 3216 5196 a
3261 5138 3529 5196 creaturis
3557 5150 3756 5204 paren.

2176 5258 2282 5302 tem
2331 5264 2394 5300 ac
2441 5245 2748 5299 elTectoretn
2778 5240 3235 5308 contemplatnnr,
3284 5231 3418 5289 nihil
3446 5229 3668 5300 impium
3699 5237 3756 5285 et

2173 5336 2440 5392 nefarium
2475 5338 2540 5390 de
2565 5345 2715 5388 tanto
2740 5335 2848 5388 Deo
2875 5328 3183 5386 atlirmare?

2207 5580 2210 5586 '
2254 5562 2364 5634 (50)
2407 5559 2929 5634 fAJIOQ’tﬁrat_t05
2982 5556 3338 5634 κτίσαντος,
3402 5563 3506 5608 etc.
3555 5550 3603 5608 Α
3651 5548 3756 5620 δρα

2191 5626 2436 5708 μιὸυργῴ
2459 5635 2522 5686 ad
2550 5626 2752 5687 Christi
2781 5630 3015 5687 Patrem.
3046 5626 3308 5686 IIUETIUs.

3513 5802 3522 5805 ν.
3543 5796 3634 5805 ...ρ-.-
