4058 6244
424 291 558 352 1685
1452 291 1763 351 SELECTA
1797 295 1867 351 1N
1900 296 2244 355 PSALMOS.
2283 331 2353 340 ---
2386 300 2582 359 PSAL.
2618 300 2659 360 I.

415 407 639 475 librum,
689 424 851 479 quem
879 419 1077 463 vorant
1119 410 1270 475 Esra,
1303 410 1497 478 idest,
1532 432 1551 463 ι
1583 414 1833 481 Adjutor.
1886 434 1904 467 ι
1956 416 2323 473 Duodecimus
2374 418 2511 474 liber
2556 420 2927 487 Psalmcrum,
2973 420 3215 480 llebrmis
3262 424 3470 495 Seplier
3515 427 3676 481 tehil-

418 505 532 559 lim.
568 504 820 560 Decimus
854 504 1046 559 tertius
1072 505 1363 561 Proverbia
1408 507 1739 573 Salomonis,
1777 509 2016 565 llebrzeis
2064 511 2299 567 Misllllll.
2350 514 2490 579 XIV,
2526 516 2902 579 Ecclesiastes.
2946 516 3187 573 llebrazis
3213 519 3494 575 Culteleth.
3553 519 3672 592 XV,

413 597 702 653 Canticum
750 598 1117 663 canticorum,
1170 598 1412 655 llebrazis
1444 602 1536 656 Sir
1584 603 1863 657 liassirim.
1906 603 2043 669 XVI,
2101 604 2292 672 Isaias,
2330 606 2570 663 Hebraeis
2601 610 2793 664 lesaia.
2821 608 2983 674 XVII,
3018 610 3270 664 leremias
3295 628 3415 665 cum
3441 611 3673 667 Lamen-

416 693 713 746 tationibus
736 701 790 747 et
814 692 1063 762 epistola,
1092 693 1145 747 in
1185 709 1347 747 unum
1375 707 1690 765 compactus
1716 698 1989 761 volumen,
2028 700 2170 766 quod
2203 700 2301 767 ipsi
2353 702 2757 759 vocantlrmia.
2806 703 2988 767 XVIII,
3027 704 3237 770 Daniel,
3288 704 3526 760 Hebraeis
3568 707 3670 762 Da-

414 788 544 842 niel.
580 787 718 851 XIX.
752 788 1002 844 Ezechiel
1034 790 1174 859 apud
1224 788 1478 847 Hebraeos
1527 790 1799 848 Jeezeliel.
1846 792 1965 861 XX,
2011 792 2135 856 Job.
2191 796 2379 850 eodem
2414 799 2554 867 apud
2592 797 2852 854 Hebraeos
2902 799 3122 853 nomine
3168 799 3478 867 insignitus.
3531 799 3671 871 XXI,

412 877 629 945 Esther,
695 882 967 951 quomodo
1026 882 1190 935 etiam
1240 880 1451 936 llebrzei
1527 894 1745 939 vocant.
1814 883 1981 937 Extra
2043 886 2237 938 horum
2279 900 2507 942 censum
2567 898 2694 943 sunt
2756 889 2884 944 libri
2956 889 3419 957 Machabmorum,
3461 892 3555 961 qui
3590 892 3675 946 in-

415 967 754 1039 scribuntur,
785 970 986 1031 Sarbct
1013 969 1329 1027 Sarbaneel.

1002 1195 1293 1248 ΨΑΛΜΟΣ
1324 1194 1400 1246 Α’.

2690 1191 3007 1250 PSAMIUS
3046 1195 3084 1248 Ι.

3543 312 3680 368 1086
3778 318 3783 323 “

478 1285 779 1354 Μακάριος
807 1284 961 1353 ἀνὴρ
986 1286 1053 1351 ὃς
1082 1288 1194 1340 οὐκ
1214 1287 1506 1355 ἐπορεύθη
1534 1286 1821 1355 ὲνβουλῇ
1853 1286 1985 1341 ἀσε-

2169 1286 2331 1340 Vens.
2382 1286 2431 1340 l.
2475 1285 2664 1339 Beatus
2730 1288 2805 1340 vir
2867 1288 2955 1356 qui
3007 1304 3107 1339 non
3177 1285 3304 1339 abiit
3351 1288 3405 1340 iu
3453 1290 3672 1342 consilio

408 1377 546 1441 ϐῶν,
575 1394 628 1431 κ.
659 1394 708 1429 τ.
737 1377 783 1429 ὲ.
818 1378 986 1429 Ποίαν
1011 1377 1123 1449 (55)
1148 1378 1314 1449 ὲχρῆν
1343 1376 1481 1431 εἶναι
1518 1376 1779 1446 Ψαλμῶν
1818 1379 1985 1449 ἀρχὴν

2096 1380 2396 1449 impiorum.
2443 1389 2549 1435 etc.
2605 1378 2885 1445 Quodnam
2934 1378 3073 1430 aliud
3108 1378 3391 1445 oportebat
3434 1378 3672 1431 Psalmo-

406 1467 440 1537 ἢ
472 1467 569 1539 τὴν
587 1466 679 1520 τοῦ
699 1467 839 1523 κατά
858 1468 949 1525 τὸν
970 1469 1195 1539 Σωτῆρα
1223 1468 1511 1539 ἀνθρώπου
1529 1469 1619 1521 τὸν
1644 1470 1985 1539 μακαρισμὸν

2086 1490 2212 1525 rum
2238 1487 2359 1525 esse
2395 1472 2631 1534 initium,
2681 1486 2843 1539 quam
2896 1470 3025 1523 illud
3059 1485 3167 1539 quo
3195 1475 3238 1522 is
3267 1472 3357 1539 qui
3393 1472 3443 1523 in
3478 1471 3669 1525 Salva-

406 1561 786 1632 περιέχουσαν,
822 1561 918 1613 καὶ
953 1562 1079 1622 τοὺς
1116 1561 1367 1624 ἐπαίνους
1398 1561 1562 1614 αὐτοῦ
1600 1562 1659 1613 ὲν
1686 1561 1864 1632 ἀποχῇ
1897 1562 1985 1632 μὲν

2097 1572 2211 1615 ture
2245 1570 2362 1614 erat
2406 1561 2588 1623 homo,
2627 1563 2820 1614 beatus
2852 1560 3009 1613 simul
3054 1563 3376 1629 prmdicatur
3410 1570 3461 1613 et
3489 1560 3675 1613 lauda-

404 1652 513 1704 τῶν
541 1651 817 1722 χειρόνων,
871 1650 1067 1721 μελέτῃ
1108 1650 1163 1704 δὲ
1188 1652 1281 1707 καὶ
1315 1651 1511 1723 πράξει
1542 1652 1650 1705 τῶν
1687 1652 1985 1722 βελτιόνων,

2097 1663 2201 1717 tur,
2248 1653 2389 1720 quod
2434 1667 2463 1703 a
2514 1651 2671 1705 malis
2718 1651 3084 1714 abstinuerit,
3139 1667 3448 1718 magnoque
3502 1649 3671 1704 animi

405 1744 499 1796 καὶ
517 1744 582 1811 τῇ
608 1739 921 1812 ἐξομοιώσει
944 1743 1013 1812 τῇ
1034 1740 1167 1811 πρὸς
1181 1742 1272 1794 τὸν
1289 1744 1567 1815 Μονογενῆ
1591 1762 1605 1809 ;
1634 1746 1801 1809 ὅστις,
1835 1746 1994 1813 σοφία

404 1834 500 1897 ῶν,
538 1833 691 1898 ξύλον
723 1834 821 1904 μὲν
854 1833 1001 1903 ζωῆς
1041 1834 1097 1887 ἐν
1130 1837 1477 1905 [lupa/place
1518 1836 1733 1910 εἴρηται
1763 1838 1869 1891 ὑπὸ
1900 1839 1994 1890 Σο-

404 1924 697 1994 λομῶντος,
717 1923 810 1977 νῦν
838 1925 893 1978 δὲ
923 1924 1075 1988 ξύλον
1096 1927 1500 1998 πεφυτευμένον
1520 1948 1537 1979 ι
1560 1928 1711 1999 παρά
1735 1929 1834 1993 τὰς
1857 1929 1993 1995 διεξ-

404 2015 555 2078 όδους
593 2014 701 2068 τῶν
743 2014 971 2078 ὑδάτων,
1008 2035 1026 2066 ι
1051 2016 1218 2071 ὄντων
1239 2017 1410 2086 λόγων
1434 2018 1762 2085 διεξοδικῶν,
1785 2023 1818 2093 ἢ
1842 2023 1991 2093 νόμῳ

402 2104 723 2176 διαλεκτικῷ
755 2106 1056 2177 διαιρετῶνο
1086 2101 1147 2160 οὗ
1169 2107 1324 2171 ξύλου
1355 2111 1559 2181 καρποὶ⁸
1586 2112 1684 2181 μὲν
1712 2111 1781 2165 τά
1819 2129 1990 2183 προη-

403 2194 644 2266 γούμενα
685 2196 950 2267 δόγματα,
992 2196 1165 2266 φύλλα
1192 2198 1248 2251 δὲ
1294 2200 1349 2252 ai
1392 2198 1565 2267 λέξεις
1596 2200 1689 2257 καὶ
1732 2200 1801 2255 τά
1829 2201 1988 2272 ῥητά.

478 2466 588 2520 Τοῦ
618 2467 824 2521 αὐτοῦ.
856 2468 1027 2541 Βουλῆ
1060 2471 1273 2524 ἀσεϐῶν
1304 2472 1420 2525 ὲστι
1447 2471 1705 2544 λογισμὸς
1735 2474 1988 2547 ἐμπαθὴς

401 2557 679 2628 αἰσθητοῖς
711 2557 1002 2629 πράγμασι
1031 2560 1122 2614 τὸν
1154 2561 1280 2615 νοῦν
1314 2563 1689 2634 προσδεσμῶν.
1718 2567 1833 2619 Οὐκ
1864 2562 1985 2623 εἷπε

398 2651 477 2711 δὲ,
508 2669 526 2701 ι
557 2649 862 2721 ἄνθρωπος,
895 2671 913 2703 ι
938 2652 1050 2706 ἀλλ’
1082 2672 1100 2704 ι
1134 2654 1299 2729 ἀνὴρ,
1327 2674 1345 2704 ι
1376 2655 1458 2708 ὅτι
1492 2656 1629 2727 πρὸς
1652 2658 1869 2725 ἀγῶνας
1893 2658 1987 2711 καὶ

400 2742 578 2805 τάλας
603 2744 695 2795 καὶ
726 2744 903 2814 μάχας
929 2743 1027 2807 τὰς
1065 2744 1207 2817 ὑπὲρ
1236 2746 1435 2816 ἀρετῆς
1466 2747 1636 2800 καλεῖ·
1680 2749 1773 2801 καὶ
1807 2748 1990 2819 βούλε-

398 2851 489 2888 ται
518 2835 613 2887 καὶ
639 2836 737 2899 τάς
754 2839 1016 2905 γυναῖκας
1048 2837 1399 2908 ἀρῤενώπους
1422 2841 1515 2892 καὶ
1545 2840 1796 2912 ἀνδρείας
1824 2838 1983 2898 εἶναι.

400 2925 751 2997 Μακαριιὴης
797 2926 873 2993 δὲ,
900 2926 1077 2997 ψυχῆς
1124 2928 1363 2981 ἀπάθεια
1414 2929 1555 3000 μετά
1594 2928 1849 2998 γνώσεως
1878 2931 1986 2984 τῶν

400 3016 567 3071 ὄντων
594 3017 845 3090 ἀληθοῦς.
881 3019 1134 3090 Καθέδρα
1167 3020 1370 3091 λοιμῶν
1404 3023 1519 3077 ἐστι
1552 3021 1776 3091 λογικῆς
1807 3022 1988 3093 ψυχῆς

403 3108 514 3174 ἕξις
548 3110 814 3181 χειρίστη,
845 3111 964 3165 καθ’
988 3112 1054 3182 ῆν
1088 3112 1183 3164 καὶ
1226 3114 1354 3175 τοὺς
1377 3113 1569 3175 ἄλλους
1599 3112 1859 3166 διδάσκει·
1894 3116 1987 3169 καὶ

402 3202 634 3270 νομικοὶ,
669 3202 716 3254 οἳ
748 3204 839 3256 καὶ
886 3202 1133 3273 κληθεῖεν
1160 3201 1225 3256 ἂν
1260 3203 1475 3267 ἀσεϐεῖς
1510 3204 1605 3259 καὶ
1645 3204 1843 3276 λοιμοὶ,
1893 3209 1987 3261 καὶ

411 3292 746 3362 ἁμαρτωλοί.

478 3472 585 3526 Καὶ
619 3472 690 3525 ἐν
708 3471 825 3539 ὀδῷ
847 3472 1210 3541 ἁμαρτωλῶν
1235 3477 1347 3530 οὐκ
1373 3478 1545 3544 ἔστη,
1575 3476 1671 3530 καὶ
1695 3476 1791 3530 ἐπὶ
1815 3478 1987 3532 καθέ-

401 3564 514 3633 δρᾳ
555 3564 780 3633 λοιμῶν
811 3567 920 3620 οὐκ
968 3566 1267 3631 ἐκάθισεν,
1314 3585 1367 3621 κ.
1417 3586 1468 3621 τ.
1507 3570 1552 3622 ὲ.
1592 3570 1829 3634 Γενικῶς
1861 3572 1987 3641 τρία

402 3654 547 3707 ἐστίν
606 3654 739 3725 (56)·
789 3657 907 3727 ῆτοι
949 3656 1058 3728 γὰρ
1090 3658 1189 3728 τὴν
1232 3660 1406 3730 ἀρχὴν
1438 3660 1561 3713 οὐδὲ
1590 3661 1985 3731 ἐπαγγέλλεταί

400 3762 484 3809 τις
516 3746 790 3817 ἀλήθειαν,
830 3747 944 3800 ἀλλ’
980 3748 1056 3811 ὡς
1085 3748 1294 3819 ἔτυχεν,
1323 3751 1512 3804 ἑαυτὸν
1532 3753 1721 3817 ἐκδοὺς
1741 3757 1857 3818 τοῖς
1883 3772 1987 3826 μα-

401 3838 573 3900 ταίοις
604 3838 698 3890 καὶ
730 3838 1102 3904 ἀνεξετάστως
1133 3842 1307 3913 πάντη
1331 3842 1695 3915 διαλογισμοῖς
1716 3846 1817 3915 τῆς
1852 3864 1987 3919 καρ-

400 3927 519 3991 δίας
563 3927 751 3993 αὐτοῦ,
775 3929 933 3999 δίκην
971 3930 1165 3999 ἀλόγου
1215 3933 1561 4006 βοσκήματος
1610 3936 1852 4006 φέρεται,
1884 3939 1983 4009 οὑχ

400 4016 663 4111 tmen;
698 4017 804 4069 οὐδ’
853 4019 1264 4090 ἐπερειδόμενος
1305 4040 1432 4087 τινι,
1467 4026 1559 4077 καὶ
1600 4024 1688 4078 διά
1737 4025 1895 4079 τοῦτο
1919 4028 1980 4081 οὐ
2008 4049 2053 4111 C

397 4108 771 4180 καθιξόμενος,
788 4110 935 4181 ὅστις
952 4111 1275 4182 πορεύεσθαι
1290 4115 1505 4184 λέγεται
1527 4119 1584 4170 ὲν
1605 4121 1670 4189 τῇ
1699 4118 1858 4190 βουλῇ
1874 4122 1981 4174 τῶν

397 4199 630 4255 ἀσεϐῶν.
671 4201 758 4253 Ἐν
793 4199 874 4264 οἷς
898 4201 1240 4271 βουλεύονται
1271 4207 1320 4259 oi
1354 4208 1588 4275 ἀσεϐεῖς,
1621 4211 1686 4264 οὐ
1720 4210 1857 4280 μετά
1899 4211 1983 4264 δο-

400 4290 605 4362 κούσης
656 4290 902 4361 σκέψεως
952 4296 1363 4366 προσέρχονται,
1410 4300 1509 4352 ὅσα
1550 4300 1829 4371 νομίζεται
1870 4305 1982 4367 τοῖς

399 4380 745 4444 ἀπαιδεύτοις
775 4382 933 4448 καλά,
966 4383 1308 4455 θηρεύοντες.
1345 4390 1415 4442 ’Ἡ
1462 4391 1518 4442 ὲν
1544 4393 1609 4462 τῇ
1642 4392 1868 4465 ἀληθείᾳ
1896 4394 1982 4446 δο-

400 4474 513 4529 κῶν
543 4476 783 4540 ὲστάναι,
824 4479 887 4531 οὐ
938 4480 1077 4534 κατά
1106 4482 1202 4553 τὴν
1230 4483 1403 4553 ἀληθῆ
1436 4484 1781 4539 διδασκαλίαν
1809 4487 1977 4557 βιοὺς,

398 4564 719 4636 ἁμαρτωλὸς
772 4568 908 4637 μετά
952 4569 1291 4641 ἁμαρτωλῶν
1325 4573 1492 4636 ἐστιν,
1527 4572 1706 4646 ζητῶν
1734 4576 1844 4629 τῶν
1889 4594 1979 4632 νο-

406 4653 710 4726 μιζομένων
751 4658 809 4711 ὲν
838 4658 1064 4732 ἀληθείᾳ
1099 4658 1239 4718 εἶναι
1283 4664 1410 4727 τοὺς
1441 4665 1705 4737 χείρονας,
1750 4669 1844 4720 καὶ
1894 4668 1980 4722 διά

401 4747 559 4803 τοῦτο
580 4750 637 4802 ἐν
669 4749 774 4821 ὁδῷ
810 4752 988 4805 αὐτῶν
1018 4755 1281 4826 ἑστηκώς.
1309 4758 1377 4810 Ἢ
1414 4756 1555 4811 κατὰ
1577 4756 1638 4810 τὸ
1665 4760 1843 4829 τρίτον
1872 4760 1977 4814 τῶν

399 4840 457 4893 ὲν
486 4842 551 4911 τῇ
590 4842 924 4916 προκειμένῃ
952 4844 1094 4909 λέξει
1120 4847 1219 4917 τῆς
1247 4848 1489 4919 Γραφῆς,
1528 4851 1586 4903 ὲν
1616 4850 1834 4920 ψευδέσι
1868 4854 1978 4905 τισὶ

395 4930 625 5002 δόγμασι
678 4934 851 4987 ταῦτα
905 4936 1303 5009 ύπολαμὸάνων
1351 4937 1487 4994 εἶναι
1534 4943 1762 5014 τάληίέῆ,
1814 4946 1977 5015 φησιν

396 5022 835 5089 ἀναπεπαῦσθαι,
857 5028 949 5080 καὶ
968 5029 1152 5083 οὐκέτι
1171 5030 1393 5102 χρῄζειν
1414 5032 1685 5104 πορείαςῆ
1713 5036 1972 5101 στάσεως,

397 5114 583 5185 σ’χῆμά
608 5132 662 5168 τι
694 5117 1055 5190 περιεχούσης
1095 5122 1189 5179 τοῦ
1226 5121 1583 5194 μηδεπώποτε
1632 5126 1977 5198 πεπληροφο-

336 5268 343 5271 ν
400 5205 636 5275 ρημένου
689 5209 817 5278 περὶ
851 5209 959 5263 τῶν
1000 5212 1365 5284 Γραμμάτων.
1419 5218 1528 5270 Καὶ
1563 5211 1717 5280 οὗτος
1770 5220 1974 5271 ἐπανα-

394 5293 700 5365 παυόμενος
732 5298 799 5368 τῇ
832 5298 1071 5373 καθέδρα
1099 5301 1208 5355 τῶν
1236 5302 1644 5377 λυμαινομένων
1663 5305 1969 5369 καθέζεται.

472 5391 488 5421 ¹
514 5389 680 5444 Prov.
708 5408 791 5459 ιιι,
826 5394 919 5449 l8.

2094 1742 2275 1797 studio
2303 1743 2473 1811 egerit
2523 1743 2784 1805 meliora,
2829 1752 2883 1796 et
2930 1741 3127 1795 similis
3164 1741 3337 1794 Iactus
3368 1742 3438 1795 sit
3470 1740 3671 1811 Uuige-

2095 1835 2229 1895 nitu,
2261 1832 2349 1899 qui
2389 1833 2653 1899 sapientia
2691 1848 2811 1885 cum
2841 1833 2933 1893 sit,
2982 1832 3183 1901 lignum
3216 1834 3432 1901 quidem
3467 1833 3587 1884 vita:
3614 1832 3669 1885 in

2095 1920 2401 1976 Proverbiis
2424 1919 2602 1975 dictus
2617 1928 2699 1975 est
2716 1920 3076 1989 Salomonis',
3096 1936 3236 1977 nunc
3258 1930 3436 1973 autem
3464 1920 3668 1988 lignum

2095 2014 2386 2082 plautatum
2420 2030 2437 2063 ι
2468 2027 2625 2067 secus
2647 2012 2908 2066 decursus
2939 2028 3235 2080 aquarum,
3298 2031 3315 2063 ι
3361 2012 3667 2065 orationum

2093 2120 2285 2172 nempe
2332 2104 2526 2172 quibus
2577 2104 2781 2172 aliquid
2840 2104 3198 2172 percurritur,
3272 2118 3502 2172 qumque
3551 2103 3670 2171 lege

2093 2198 2373 2253 dialectica
2430 2198 2803 2251 dividuntur:
2854 2196 3008 2263 cujus
3067 2197 3193 2265 ligni
3248 2195 3410 2266 530
3463 2195 3670 2250 fructus

2091 2301 2216 2345 sunt
2252 2290 2520 2359 ρι-ιυεῑριιιι
2545 2289 2835 2356 dogmata;
2883 2287 3007 2341 Iulia
3053 2297 3274 2351 autem,
3322 2285 3586 2339 dictiones
3616 2294 3669 2337 et

2092 2383 2276 2436 verba.

2166 2472 2442 2536 Ejusdem.
2502 2469 2799 2524 Consilium
2845 2468 3135 2537 impiorum
3191 2475 3276 2521 est
3328 2466 3669 2520 ratiocinatio

2094 2564 2233 2617 male
2277 2561 2506 2625 affecta,
2540 2576 2660 2630 qua:
2699 2560 3050 2615 sensibilibus
3098 2558 3258 2613 rebus
3300 2567 3534 2611 mentem
3568 2558 3669 2610 illi-

2093 2666 2200 2726 gat.
2234 2654 2353 2707 Non
2393 2654 2527 2707 dixit
2553 2664 2757 2714 autem,
2791 2670 2810 2704 ι
2844 2654 3033 2707 beatus
3055 2652 3233 2710 homo,
3266 2669 3284 2701 ι
3318 2650 3433 2709 sed,
3492 2668 3509 2700 ι
3537 2649 3666 2702 Dea-

2093 2756 2176 2798 tus
2230 2744 2377 2808 vir,»
2443 2745 2697 2812 quoniam
2753 2745 2819 2796 ad
2872 2744 3097 2811 prtelia,
3164 2742 3567 2795 decertationcs
3616 2748 3669 2795 et

2090 2852 2293 2907 pugnas
2323 2852 2418 2905 pro
2466 2837 2669 2890 virtute
2707 2834 3088 2901 suscipiendas
3125 2835 3399 2896 hortatur,
3447 2832 3669 2900 vultque

2092 2928 2353 2983 mulieres
2377 2939 2431 2981 et
2462 2944 2639 2982 mares
2670 2942 2793 2983 esse
2818 2936 2871 2980 et
2903 2926 3114 2979 viriles.
3162 2924 3258 2977 Est
3291 2935 3467 2977 autem
3498 2923 3668 2976 beati-

2091 3017 2218 3071 tudn
2250 3019 2467 3087 apatliia
2518 3019 2761 3087 quasdam
2796 3033 2918 3071 cum
2951 3032 3077 3070 vera
3124 3031 3302 3068 rerum
3330 3015 3666 3082 cognitione.

2088 3107 2354 3162 Catliedra
2411 3108 2732 3176 pestilentia:
2782 3108 3053 3176 pessimus
3108 3106 3327 3175 quidam
3388 3105 3665 3160 rationalis

2089 3200 2283 3253 anima:
2317 3200 2532 3254 habitus
2581 3207 2662 3252 est
2713 3213 2820 3266 quo
2881 3198 3021 3251 alios
3056 3198 3231 3251 docet.
3295 3194 3395 3261 Qui
3454 3209 3578 3250 sunt
3632 3215 3662 3252 a

2089 3290 2226 3359 lege,
2264 3306 2356 3343 cus
2404 3289 2540 3346 forte
2584 3303 2779 3344 vocare
2829 3290 3037 3359 poteris
3101 3288 3330 3357 impios,
3378 3299 3557 3358 pestes
3607 3301 3663 3345 et.

2088 3392 2427 3449 peccatores.

2160 3472 2224 3525 Et
2263 3474 2318 3525 in
2359 3474 2439 3527 via
2478 3484 2809 3541 peccaturum
2854 3490 2955 3527 non
3000 3473 3174 3539 stetit,
3226 3483 3275 3526 et
3314 3475 3368 3527 in
3409 3473 3663 3527 cathedra

2086 3564 2398 3632 pestilentia'
2439 3578 2541 3614 nou
2568 3562 2721 3626 sedit,
2748 3571 2856 3616 etc.
2886 3561 3203 3616 Generatim
3238 3562 3338 3615 tria
3368 3572 3494 3615 sunt
3529 3579 3542 3615 :
3579 3562 3662 3615 vel

2086 3657 2227 3709 enim
2256 3655 2476 3709 omnino
2509 3670 2617 3709 non
2646 3652 2928 3723 profitetur
2950 3654 3070 3720 quis
3108 3654 3416 3718 veritatem,
3450 3654 3564 3720 sed,
3605 3662 3663 3706 ut

2086 3746 2197 3801 fors
2230 3745 2369 3810 tulit,
2409 3745 2644 3814 seipsum
2679 3746 2829 3796 vanis
2877 3756 2929 3797 et
2964 3744 3319 3812 inexploratis
3362 3745 3543 3798 cordis
3576 3744 3660 3798 sui

2086 3836 2504 3907 cogitationibus
2535 3835 2780 3902 tradens,
2810 3837 2979 3890 instar
3010 3836 3182 3890 bruta:
3213 3837 3431 3905 pecudis
3468 3836 3659 3902 fertur,

2085 3945 2190 3984 non
2215 3940 2363 3983 stans
2392 3945 2563 3998 neque
2604 3946 2661 3983 re
2704 3929 2956 3998 quapiam
2990 3928 3203 3981 innixus
3230 3966 3245 3990 ,
3283 3938 3335 3981 ct
3375 3938 3660 3996 prOpterea

2087 4040 2193 4077 nou
2222 4024 2417 4077 sedens
2444 4022 2566 4091 :qui
2597 4022 2814 4091 quidem
2854 4021 2903 4074 in
2936 4020 3165 4075 consilio
3197 4016 3481 4090 impiorum
3508 4022 3661 4076 abire

2085 4115 2299 4181 dicitur.
2366 4113 2537 4167 Porro
2583 4114 2729 4182 impii
2775 4113 2843 4167 ad
2886 4112 3172 4168 consilium
3226 4128 3292 4166 ne
3329 4115 3380 4166 in
3419 4114 3655 4183 speciem

2084 4207 2299 4276 quidem
2324 4207 2667 4261 considerate
2690 4210 2973 4271 accedunt,
3019 4208 3111 4261 sed
3132 4222 3466 4277 quaecunque
3492 4208 3660 4275 impe-

2084 4298 2173 4351 riti
2203 4298 2339 4352 bona
2365 4297 2702 4360 existimant,
2737 4313 2797 4352 ea
2832 4308 3137 4353 sectantur.
3175 4300 3264 4355 Vel
3294 4301 3387 4370 qui
3427 4302 3477 4353 in
3507 4301 3658 4354 veri-

2085 4400 2195 4444 tate
2248 4390 2461 4443 videtur
2506 4399 2677 4452 stare,
2728 4404 2832 4442 non
2883 4402 3065 4444 autem
3134 4394 3428 4445 secundum
3477 4407 3657 4446 veram

2083 4482 2385 4537 doctrinam
2410 4480 2562 4545 vivit,
2597 4479 2643 4532 is
2675 4489 2932 4547 peccator
2973 4496 3095 4535 cum
3138 4484 3513 4550 peccatoribus
3553 4494 3657 4548 est,

2082 4590 2269 4629 eorum
2324 4572 2417 4641 qui
2472 4571 2524 4626 in
2577 4572 2807 4626 veritate
2852 4586 2973 4629 esse
3013 4583 3298 4642 putantur,
3356 4574 3657 4632 deteriores
3761 4622 3770 4643 ,

2081 4680 2347 4733 quaerens,
2400 4671 2454 4718 et
2502 4672 2788 4732 propterea
2846 4664 2899 4717 in
2954 4665 3039 4717 via
3089 4680 3277 4719 eorum
3334 4675 3502 4720 stans.
3559 4666 3655 4722 Vel

2074 4755 2228 4824 juxta
2258 4756 2472 4811 tertium
2500 4771 2669 4825 genus
2696 4770 2881 4810 eorum
2915 4756 3006 4824 qui
3042 4757 3334 4824 propositis
3358 4755 3654 4825 Scriptura:

2082 4847 2260 4901 verbis
2293 4857 2816 4909 commemorantur,
2847 4847 2937 4913 qui
2963 4844 3095 4898 falsa
3128 4846 3374 4913 quaedam
3399 4846 3651 4914 dogmata

2078 4955 2204 4993 vera
2249 4954 2370 4993 csse
2406 4947 2588 5007 putat,
2635 4936 2679 4991 is
2718 4937 2770 4990 in
2818 4937 2924 4990 illis
2948 4936 3026 4989 ait
3055 4951 3115 4990 se
3143 4935 3518 5008 requiescere,
3552 4952 3652 4991 nec

2077 5032 2177 5086 sibi
2209 5031 2437 5101 amplius
2463 5046 2596 5101 opus
2628 5045 2749 5085 esse
2774 5039 2831 5083 ut
2854 5030 3098 5083 ambulet
3120 5040 3215 5083 aut
3245 5039 3374 5098 stet,
3400 5032 3469 5085 ad
3507 5031 3654 5088 illius

2079 5124 2189 5178 fere
2245 5124 2419 5177 instar
2468 5137 2628 5191 quem
2678 5136 2957 5174 sacrarum
2989 5120 3320 5177 Litterarum
3372 5138 3651 5193 nunquam

2075 5217 2296 5270 satietas
2322 5210 2484 5282 cepit.
2516 5206 2612 5262 Hic
2640 5206 2992 5277 requiescens
3014 5212 3066 5263 in
3090 5216 3347 5269 cathedra
3381 5215 3650 5286 pestilen-

2076 5310 2212 5363 tium
2257 5308 2429 5362 sedet.
2473 5306 2545 5357 De
2587 5300 2787 5372 quibus
2841 5315 3019 5361 autem
3047 5321 3174 5374 vox,
3220 5310 3594 5381 «pestilentia,
3620 5329 3645 5367 ι

621 5483 1418 5573 Ptjustrragmen‘t‘umexbibet
1448 5490 1616 5573 codex
1642 5492 1976 5573 Anglicanus

2087 5567 2099 5573 _
2156 5493 2268 5565 (56)
2302 5494 2565 5573 ιἐνικῶς
2612 5498 2745 5573 τρία
2783 5498 2975 5573 ἐστίν,
3003 5509 3107 5573 etc.
3146 5501 3362 5573 Origeni
3393 5505 3504 5559 haec
3548 5506 3648 5561 tri-

398 5548 997 5644 RI:E|?‘,nRa-[loiglll(il‘le'
1031 5556 1377 5644 Corderius;
1405 5560 1645 5644 alterum
1703 5548 1881 5644 piodit
1908 5581 1977 5644 __e
2012 5548 2053 5566 ν
2084 5548 2331 5644 ιιιιὶιιιιίιιε
2352 5548 2405 5621 in
2432 5548 2976 5644 codi_cel_3avrocciano
3001 5548 3661 5644 ξδέ,

396 5622 623 5747 ῧᾷιὶῗὲίῖί
643 5622 854 5693 Grabii,
900 5622 953 5682 et
978 5628 1170 5685 Latine
1194 5622 1374 5686 exstat
1404 5630 1457 5686 in
1489 5622 1977 5690 Catena'Danielis

2085 5648 2175 5692 tur
2216 5637 2269 5692 in
2292 5636 2493 5694 Catena
2540 5636 2789 5694 Barbari.

2108 5871 2123 5883 ⁴
2156 5878 2184 5889 νε
