4058 6244
463 310 480 358 I
492 308 592 361 089

1465 301 1775 357 SELECTA
1817 301 1881 355 IN
1920 301 2252 356 PS.\I.~.\IOS.
2295 333 2364 343 --
2401 302 2596 358 I‘SAL.
2644 303 2684 359 Ι,

3566 315 3587 367 I
3597 317 3708 371 090

455 425 622 488 πάθος
668 424 966 492 γεγονέναι,
1013 423 1365 494 διηγούμενον
1417 423 1580 476 αὑτὸν
1632 423 1913 495 εἰρηκέναι
1962 423 2013 493 τᾷ

2140 425 2267 478 Ιίιιηι
2296 425 2467 493 ipsum
2498 426 2698 479 dixisse
2724 427 2743 458 ⁸
2777 445 2789 479 :
2832 445 2850 478 ι
2889 428 3057 483 IIodie
3088 446 3294 486 mecum
3328 432 3439 489 eris
3466 435 3516 488 iu
3541 453 3696 504 para-

460 516 848 586 μετανοήσαντι
889 514 1058 586 λῃστῇ
1085 531 1096 544 ·
1136 533 1155 565 ι
1185 515 1428 586 Σήμερον
1455 514 1570 584 μετ’
1597 514 1731 585 ἐμοῦ
1752 515 1850 588 ἔσῃ
1872 518 1928 568 ὲν

457 607 767 678 παραδείσῳ
795 605 888 659 τοῦ
927 605 1082 660 Θεοῦ.
1114 625 1132 656 ι
1165 605 1651 675 Μεταπεφύτευται
1688 607 1744 658 δὲ
1779 608 1913 669 ἐκεῖ,
1943 607 2026 658 ἵνα

454 699 504 751 οἱ
533 698 672 763 ἄξιοι
707 699 804 750 σὺν
839 696 1058 768 Χριστῷ
1097 691 1234 750 εἶναι
1269 697 1605 765 φωτίζωνται
1638 696 1729 749 ὑπ’
1750 697 1911 749 αὐτοῦ
1949 696 2024 766 τῷ

453 791 554 860 τῆς
601 790 852 859 γνώσεως
903 789 1185 860 φωτισμῴ,
1238 789 1637 860 προκόπτοντες
1691 791 1749 842 ὲν
1795 791 1862 858 τῇ
1916 788 2024 842 τῶν

452 880 621 934 ὄντων
667 881 899 953 θεωρίᾳ,
948 883 1088 936 κατὰ
1129 881 1228 951 τὴν
1264 881 1454 947 σοφίαν
1498 879 1594 933 τοῦ
1639 879 1796 934 Θεοῦ.
1835 877 2023 932 Ταῦτα

449 970 509 1024 δὲ
547 970 720 1036 οὕτως
765 971 1143 1043 ὲξειλήφαμεν,
1187 971 1374 1042 ἐπειδὴ
1408 971 1610 1043 κυρίως
1657 972 1764 1024 ἐπὶ.
1791 970 2022 1042 δένδρων

452 1063 671 1133 λέγεται
708 1065 768 1118 τὸ
805 1083 824 1117 ι
855 1065 1039 1136 φέρειν
1069 1063 1347 1134 καρπόν·›
1384 1063 1445 1117 τὺ
1467 1064 1522 1117 δὲ
1553 1081 1570 1114 ι
1597 1063 1812 1124 διδόναι,
1837 1083 1855 1115 ι
1883 1063 2021 1134 μᾶλ-

451 1154 542 1210 λον
577 1156 838 1227 ἐμψύχοις
862 1154 1109 1226 ἁρμόζει,
1140 1154 1233 1208 καὶ
1263 1155 1439 1208 ταῦτα
1467 1154 1725 1222 λογικοῖς.
1757 1154 2022 1225 Ζητητέον

449 1245 507 1300 δὲ
541 1249 589 1300 εί
633 1247 746 1300 ἔστι
790 1247 979 1318 καιρὸς
1012 1245 1089 1317 τῷ
1131 1245 1270 1316 ξύλῳ
1300 1246 1398 1317 τῆς
1432 1247 1577 1317 ζωῆς
1617 1246 1720 1300 ’τοῦ
1769 1246 1981 1319 καρποῦ
2003 1265 2019 1278 ·

449 1335 629 1406 λέγειν
661 1338 770 1410 γὰρ
802 1339 899 1410 τὴν
947 1338 1138 1408 σοφίαν
1186 1338 1394 1409 καρπόν
1429 1356 1556 1392 ποτε
1590 1340 1664 1410 μὴ
1715 1339 1878 1409 ἔχειν,
1923 1339 2020 1409 οὐχ

446 1429 624 1482 ὃσιον’
658 1430 740 1483 διὸ
773 1431 873 1484 ούκ
903 1429 1136 1500 εἴρηται,
1165 1429 1193 1482 ὃ
1224 1431 1314 1483 τὸν
1345 1431 1554 1502 καρπὸν
1598 1431 1762 1484 αὐτοῦ
1811 1432 2020 1499 ἐνέγκει

447 1523 505 1576 ὲν
538 1521 713 1594 καιρῷ
753 1520 940 1584 αὐτοῦ,
976 1521 1089 1574 ἀλλ’
1133 1539 1151 1571 ι
1177 1521 1206 1573 ὃ
1243 1521 1334 1574 τὸν
1381 1523 1592 1593 καρπὸν
1645 1522 1808 1576 αὐτοῦ
1860 1523 2018 1576 δώσει

447 1615 507 1668 ἐν
541 1613 716 1684 καιρῷ
755 1613 940 1666 αὐτοῦ.
973 1632 991 1664 ι
1041 1613 1244 1685 Καιρος
1289 1615 1345 1667 δὲ
1390 1614 1551 1667 αὐτοῦ
1599 1615 1693 1666 τοῦ
1739 1615 1939 1669 διδόναι
1985 1618 2018 1687 ἡ

446 1705 542 1760 τοῦ
582 1705 948 1776 λαμϐάνοντός
987 1705 1135 1758 ἐστιν
1177 1706 1565 1777 ἐπιτηδειότης.
1617 1708 1777 1760 ’Ὁσον
1809 1705 1917 1778 γὰρ
1959 1708 2020 1760 τὸ

2134 517 2251 569 diso
2274 515 2385 568 Dei.
2420 534 2439 568 ι
2466 517 2596 570 Illuc
2625 527 2804 571 autem
2851 521 3303 590 tranSpIautatur,
3333 536 3387 578 ιιι
3423 527 3514 594 qui
3544 529 3688 593 digni

2133 614 2259 658 sunt
2306 620 2427 658 esse
2475 621 2595 658 cum
2641 606 2883 667 Christo.
2919 610 2971 662 in
3021 626 3200 663 rerum
3235 616 3690 681 contemplatione

2131 697 2430 747 secundum
2457 697 2780 762 sapientiam
2833 700 2924 752 Dei
2971 702 3320 768 proficientes
3347 706 3415 756 ab
3452 706 3568 773 ipso
3601 721 3696 760 c0-

2131 786 2392 854 guitionis
2445 785 2566 840 lucc
2607 788 2972 844 illustrentur.
3008 790 3133 845 Iltcc
3169 803 3351 846 autem
3405 795 3485 850 sic
3532 811 3692 865 expoo

2129 876 2359 943 suimus,
2391 877 2537 946 quod
2577 897 2596 930 ι
2633 879 2776 934 ferre
2809 880 3045 934 fructum
3089 901 3108 934 ι
3146 885 3362 952 proprie
3388 886 3453 938 de
3490 887 3687 941 arbori-

2131 969 2230 1023 bus
2264 970 2496 1035 dicatur,
2539 989 2557 1022 ι
2613 971 2742 1025 dare
2775 991 2792 1024 ι
2828 983 3007 1029 autem
3063 978 3124 1028 ad
3161 977 3413 1030 animalia
3459 979 3695 1033 rationa-

2130 1062 2258 1116 bilia
2287 1065 2458 1132 magis
2499 1066 2790 1134 pertineat.
2821 1063 2938 1119 Jam
2971 1082 3099 1120 vero
3129 1072 3479 1136 qmereudum
3514 1081 3600 1126 est
3629 1088 3697 1124 an

2129 1151 2273 1221 ligno
2297 1154 2418 1206 vitae
2439 1163 2645 1222 tempus
2672 1157 2740 1210 sit
2772 1156 2975 1211 ferendi
3016 1158 3256 1212 fructus:
3290 1175 3412 1213 nam
3446 1175 3696 1216 asserere

2128 1246 2452 1313 sapientiam
2510 1247 2797 1316 aliquando
2851 1248 3064 1304 fructus
3119 1267 3224 1303 non
3283 1252 3508 1316 habere,
3544 1253 3695 1309 nefas

2128 1347 2229 1391 est.
2279 1337 2460 1404 Quare
2498 1355 2602 1394 non
2661 1341 2865 1395 dictum
2921 1350 3027 1403 est,
3079 1344 3219 1410 quod
3271 1342 3505 1398 fructum
3539 1360 3694 1400 suum

2129 1428 2234 1482 fert
2267 1429 2317 1481 in
2352 1439 2593 1500 tempore
2624 1446 2745 1494 suo,
2775 1433 2870 1486 sed
2919 1452 2936 1484 ι
2974 1435 3116 1502 quod
3142 1433 3378 1488 fructum
3413 1451 3572 1492 suum
3597 1438 3697 1492 da-

2129 1519 2205 1572 bit
2233 1520 2284 1570 in
2333 1530 2572 1588 tempore
2605 1536 2724 1574 suo.
2773 1541 2790 1572 ι
2825 1522 3062 1592 Tempus
3109 1536 3289 1580 autem
3334 1527 3518 1591 dandi,
3553 1530 3696 1584 acci-

2129 1611 2330 1678 pientis
2354 1621 2435 1665 est
2469 1613 2731 1682 aptitndo.
2775 1615 2852 1667 Ad
2898 1616 3072 1684 ipsum
3113 1618 3256 1670 enim
3293 1619 3436 1686 quod
3479 1620 3693 1682 attinet,

2130 1715 2342 1768 semper
2372 1702 2501 1757 dare
2547 1713 2796 1772 paratum
2846 1715 2950 1760 est.
3006 1706 3060 1760 Si
3097 1709 3241 1762 enim
3294 1709 3694 1778 dispensatores

448 1799 534 1851 ἐπ’
558 1796 724 1868 αὐτῷ,
761 1796 979 1866 ἕτοιμόν
1009 1800 1157 1851 ἐστιν
1187 1799 1274 1850 ἀεὶ
1313 1798 1512 1851 διδόναι
1553 1799 1643 1851 τὸν
1685 1800 1896 1870 καρπὸν
1925 1800 2013 1852 αύ-

2125 1790 2361 1846 Verhum
2404 1792 2518 1847 vult
2561 1809 2683 1849 esse
2731 1796 2914 1851 lideles
2948 1806 2999 1852 et
3038 1799 3350 1866 prudentes,
3383 1799 3454 1853 ita
3495 1809 3547 1854 ιιι
3585 1816 3691 1856 non

447 1888 562 1941 τοῦ.
594 1890 654 1942 El
685 1890 794 1960 γὰρ
820 1891 946 1954 τοὺς
993 1891 1310 1962 οἰκονόμους
1349 1893 1378 1944 6
1413 1892 1584 1960 Λόγος
1611 1891 1752 1945 θέλει
1797 1895 2023 1958 πιστούς

447 1977 709 2034 εἶναικαὶ
753 1983 1076 2052 φρονίμους,
1124 1982 1250 2050 οὐχὶ
1284 1982 1466 2046 ἁπλῶς
1493 1983 1731 2046 διδόντας
1770 1984 1832 2036 τὸ
1877 2002 2022 2038 σιτο-

453 2072 671 2144 μέτριον
725 2078 837 2138 τοῖς
893 2074 1215 2138 συνδούλοις,
1268 2075 1382 2128 ἀλλ’
1427 2075 1484 2128 ἐν
1529 2076 1704 2146 καιρῷ
1748 2077 2020 2141 διδόντας,

449 2164 598 2232 πόπρ
653 2165 851 2236 μᾶλλον
902 2168 934 2237 ἡ
985 2165 1145 2233 σοφία
1198 2165 1406 2230 πιστῶς
1443 2167 1558 2237 ἅμα
1595 2168 1688 2220 καὶ
1746 2169 2022 2239 φρονίμως

445 2255 570 2318 τοὺς
604 2255 766 2319 ἰδίους
790 2258 1130 2328 οἰκονομήσει
1157 2256 1434 2328 καρπούς;
1473 2258 1530 2308 ὐ
1563 2257 1722 2322 αὐτὸς
1752 2259 1808 2312 δὲ
1834 2259 2022 2330 καιρός

445 2350 563 2402 ἐστι
603 2349 695 2403 τοῦ
731 2349 946 2414 διδόναι,
981 2348 1168 2421 ὥσπερ
1200 2351 1396 2420 καὶτῷ
1441 2349 1769 2420 λαμϐάνοντι
1802 2352 1895 2404 τοῦ
1937 2353 2022 2406 λα-

446 2438 580 2492 σεῖν.
629 2440 693 2492 Τί
745 2441 802 2495 δὲ
836 2441 896 2494 τὸ
929 2441 1123 2512 φύλλον
1158 2444 1258 2513 τῆς
1301 2443 1466 2516 ζωῆς,
1501 2446 1744 2498 τουτέστι
1787 2445 1886 2514 τῆς
1931 2464 2020 2499 σο-

446 2530 592 2597 φίας,
631 2531 743 2585 οὐκ
775 2531 1136 2604 ἀπορρεῦσον,
1177 2535 1412 2587 κατιδεῖν
1447 2533 1625 2599 ἄξιονο
1663 2535 1762 2587 οὐκ
1799 2535 2020 2588 ἄλλοθεν

443 2624 501 2676 δὲ
530 2623 716 2676 λαϐεῖν
749 2625 883 2677 αύτὸ
924 2624 1068 2678 ἐστιν
1101 2625 1133 2695 ἢ
1179 2627 1411 2696 μετρίως
1458 2629 1570 2691 τοῖς
1609 2631 1855 2696 φυσικοῖς
1897 2629 2014 2680 ὲπιο

443 2715 845 2788 διατρίψαντας.
891 2717 1058 2788 Δῆλον
1105 2717 1183 2780 δὲ,
1227 2719 1308 2771 ὅτι
1355 2718 1442 2771 διὰ
1491 2720 1616 2782 τοὺς
1659 2720 1905 2790 καρποὺς
1949 2719 2016 2772 τὰ

444 2807 764 2878 καρποφόρα
803 2806 991 2878 δένδρα
1033 2809 1062 2860 6
1097 2811 1436 2882 Δημιουργὸς
1482 2809 1733 2864 ἐκέλευσε
1787 2811 2018 2882 βλαστῆ-

448 2911 556 2961 σαι,
593 2898 660 2951 δι⁹
682 2898 775 2962 οὓς
807 2899 874 2952 τὰ
916 2902 1145 2964 ἐκείνοις
1182 2901 1414 2974 χρειώδη
1445 2903 1562 2956 κατ’
1587 2903 2015 2975 ἐπακολούθησιν

443 2989 729 3060 πεποίηκε.
782 2991 953 3062 Χρεία
983 2992 1039 3044 δὲ
1086 2993 1294 3063 σκέπης
1332 2996 1442 3057 τοῖς
1481 2998 1714 3066 καρποῖς
1757 2995 1855 3066 τῆς
1908 2995 2014 3049 ἀπὺ

440 3078 551 3133 τῶν
588 3081 798 3150 φύλλων
830 3083 1074 3152 φυλακῆς
1105 3084 1308 3138 ἕνεκεν.
1335 3084 1519 3138 Ταῦτα
1545 3082 1636 3138 οῦν
1666 3088 1759 3140 καὶ
1797 3074 1888 3140 ἐπὶ
1915 3088 2011 3156 τῆς

444 3173 573 3242 περὶ
606 3172 714 3225 τῶν
751 3173 886 3226 ὅλων
935 3176 1125 3243 σοφίας
1160 3174 1306 3229 ἔστιν
1343 3175 1491 3239 ἰδεῖν,
1521 3178 1578 3228 ἐν
1679 3177 1748 3230 τὰ
1779 3179 1953 3230 πάντα
1981 3180 2009 3231 6

444 3262 552 3315 τῶν
583 3263 718 3316 ὅλων
745 3266 1083 3337 Δημιουργὸς
1116 3267 1434 3337 πεποίηκεν.
1465 3268 1529 3318 ’Λ
1557 3267 1656 3336 μὲν
1686 3269 1790 3338 γὰρ
1836 3286 2008 3339 προη-

444 3353 718 3423 γουμένως
762 3355 991 3422 γίνεται,
1030 3355 1064 3409 ἃ
1105 3356 1162 3409 δὲ
1199 3357 1317 3410 κατ’
1358 3357 1787 3429 ἐπακολούθησιν
1817 3358 1904 3412 διὰ
1939 3359 2010 3411 τὰ

443 3443 842 3514 προηγούμενα.
893 3446 1325 3517 Προηγουμένως
1381 3449 1478 3518 μὲν
1518 3447 1626 3519 γὰρ
1677 3449 1740 3501 τὸ
1793 3448 2007 3516 λογικὸν

443 3533 600 3596 ζῶον,
627 3533 714 3586 διὰ
740 3535 795 3589 δὲ
824 3537 921 3606 τὴν
950 3537 1113 3590 αὐτοῦ
1141 3538 1327 3611 χρείαν
1352 3540 1522 3609 κτήνη
1554 3541 1648 3592 καὶ
1676 3539 1743 3592 τὰ
1774 3539 1882 3592 ἀπὸ
1907 3540 2008 3608 τῆς

440 3625 544 3694 γῆς
583 3626 848 3697 φυόμενα.
877 3629 1101 3700 Μήποτε
1139 3625 1230 3682 οὖν
1273 3632 1320 3682 οἱ
1369 3631 1468 3701 μὲν
1504 3632 1650 3699 λόγοι
1691 3631 1797 3684 τῶν
1840 3649 2010 3704 προη-

439 3717 720 3787 γουμένως
759 3719 1055 3786 γεγονότων
1079 3721 1127 3771 oi
1155 3721 1356 3791 καρποί
1383 3723 1491 3773 είσι
1519 3721 1612 3774 τοῦ
1651 3722 1864 3793 δένδρου
1908 3724 2008 3794 τῆς

440 3807 615 3877 ζωῆς·
647 3807 753 3860 τῶν
792 3808 848 3862 δὲ
885 3808 974 3862 διὰ
1014 3809 1186 3864 ταῦτα
1229 3810 1554 3865 κτισθέντων
1583 3812 1668 3866 -τὰ
1701 3812 1892 3881 φύλλα,
1933 3809 2008 3868 ὧν

437 3899 588 3952 οὐδὲν
625 3900 850 3970 μάταιόν
875 3903 1040 3968 ἐστιν,
1072 3903 1190 3956 οὐδὲ
1225 3903 1618 3966 ἐξουθενεῖσθαι
1647 3905 1820 3978 πάντη
1859 3906 2006 3972 ἄξιον

438 3987 513 4053 ὡς
537 3990 769 4054 εὐτελὲς,
799 3991 884 4044 ἵνα
911 3989 1036 4062 ἔλθῃ
1063 3994 1282 4046 πίπτειν
1316 3995 1411 4048 καὶ
1447 3995 1710 4068 ἀπορρεῖν
1743 3998 1816 4068 μὴ
1852 4015 2010 4070 φρου-

439 4081 715 4153 ρούμενον.
753 4085 860 4137 Καὶ
892 4083 970 4138 ἔτι
999 4085 1195 4155 μᾶλλον
1230 4086 1289 4138 τὸ
1325 4088 1478 4158 ἑξῆςο
1523 4107 1540 4140 ι
1569 4088 1672 4142 Καὶ
1705 4091 1881 4144 πάντα
1905 4092 2006 4144 ὅσα

438 4173 504 4225 ἂν
560 4178 684 4244 ποιῇ
747 4176 1259 4248 κατευοδωθήσεται.
1290 4198 1307 4228 ι
1363 4181 1518 4232 Ἔστι
1575 4180 1684 4253 γὰρ
1749 4183 1828 4246 εἷς
1886 4200 2006 4236 τινα

438 4266 707 4332 ἀναγκαῖα
737 4268 1180 4339 καταχρήσασθαι
1214 4270 1306 4324 καὶ
1339 4274 1472 4326 πᾶσι
1517 4275 1630 4336 τοῖς
1663 4275 1726 4328 ἐκ
1755 4273 1848 4328 τοῦ
1877 4277 2007 4329 ἀκο-

436 4353 771 4424 λουθήματος
791 4357 1118 4427 γενομένοις.
1147 4359 1370 4430 Καρπὸς
1411 4360 1466 4413 δὲ
1510 4361 1604 4415 τοῦ
1652 4363 1886 4435 Χριστοῦ
1920 4362 2003 4435 είη

438 4443 504 4498 ἂν
532 4447 956 4516 προηγουμένως
985 4450 1017 4520 ἡ
1049 4449 1386 4515 διδασκαλία,
1431 4453 1463 4522 ἡ
1511 4452 1619 4505 τῶν
1667 4453 2006 4524 τιμιωτέρων

437 4535 632 4608 τροφὴ,
667 4536 860 4605 φύλλον
889 4537 944 4592 δὲ
983 4540 1017 4610 ἡ
1047 4539 1153 4593 τῶν
1193 4542 1544 4614 ἁλογωτέρων
1576 4545 1784 4615 τροφή·
1821 4544 2008 4619 ὥσπερ

437 4628 552 4690 τοῖς
608 4631 838 4700 καρποῖς
885 4629 1120 4701 χρῶνται
1166 4633 1214 4685 οἰ
1249 4634 1545 4705 ἄνθρωποι,
1585 4635 1804 4704 φύλλοις
1836 4637 1892 4689 δὲ
1938 4638 2007 4690 τὰ

441 4717 780 4791 βοσκήματα.
835 4724 1067 4776 Δυνατὸν
1099 4724 1156 4776 δὲ
1202 4727 1295 4780 καὶ
1341 4728 1438 4798 τῆς
1493 4727 1712 4798 Γραφῆς
1761 4729 2008 4798 καρπούς

439 4829 588 4877 τινας
634 4813 832 4882 λέγειν,
881 4815 972 4880 οὓς
1033 4818 1463 4888 ἐκλαμϐάνουσιν
1516 4821 1564 4871 οί
1611 4815 1964 4890 λογικώτεροι
1992 4833 2006 4847 ·

439 4901 608 4972 φύλλα
642 4904 697 4957 δὲ
735 4900 816 4969 οἷς
853 4905 1146 4977 τρέφονται
1172 4908 1220 4960 oi
1253 4907 1626 4978 ἁπλούστεροι.
1667 4907 1771 4958 Τοῦ
1799 4907 1853 4960 δὲ
1897 4924 2004 4978 μα-

439 4992 795 5066 καριζομένου
847 4997 939 5050 καὶ
995 4997 1349 5068 ὡμοιωμένου
1391 4997 1469 5066 τῷ
1525 4997 1666 5067 ξύλῳ
1714 4997 1810 5068 τῆς
1860 4997 2003 5068 ζωῆς

438 5083 645 5155 καρπὸς
677 5086 774 5155 μὲν
815 5085 1025 5155 λέγοιτο
1051 5087 1119 5138 τὰ
1161 5086 1548 5158 προηγούμενα
1586 5087 1742 5158 ἔργα,
1772 5082 1882 5140 οἷον
1924 5089 2005 5140 εὐ-

440 5173 608 5239 ποιία,
640 5176 733 5228 καὶ
766 5160 894 5245 περὶ
943 5177 1041 5246 τὴν
1085 5177 1276 5244 σοφίαν
1315 5177 1538 5247 ἀσχολία
1561 5192 1574 5206 ·
1624 5176 1796 5244 φύλλα
1841 5176 1899 5228 δὲ
1938 5177 2004 5230 τὰ

439 5264 666 5332 βιωτικὰ
707 5266 872 5318 αὐτοῦ
917 5269 1213 5337 κινήματα,
1261 5267 1379 5320 οὐδὲ
1432 5268 1604 5322 ταῦτα
1653 5266 1779 5332 ἄξια
1835 5285 2003 5322 κατα-

2125 1883 2450 1952 simpliciter
2493 1887 2770 1940 conservis
2816 1887 2944 1941 dent
2986 1888 3146 1959 532
3200 1890 3552 1958 demensum,
3597 1892 3692 1947 sed

2125 1976 2252 2030 dent
2292 1977 2345 2030 in
2379 1987 2640 2048 tempore.
2675 1989 2877 2048 quanto
2925 1983 3098 2051 magis
3132 1982 3364 2040 fideliter
3412 1983 3575 2039 simul
3627 2001 3692 2041 ac

2126 2070 2429 2136 prudenter
2465 2071 2714 2139 proprios
2753 2073 3016 2141 sapientia
3057 2073 3391 2142 dispensabit
3440 2073 3694 2131 fructus?

2124 2158 2266 2213 Idem
2298 2171 2378 2214 est
2411 2159 2486 2215 illi
2517 2170 2726 2229 tempus
2758 2161 2939 2226 dandi,
2969 2164 3111 2232 quod
3147 2165 3195 2218 ei
3229 2165 3318 2234 qui
3352 2166 3571 2236 accipit,
3603 2181 3691 2221 ac-

2123 2250 2378 2318 cipiendi.
2419 2251 2557 2318 Quid
2584 2253 2648 2305 sit
2691 2265 2869 2308 autem
2921 2253 3106 2309 folium
3141 2256 3270 2326 ligni
3302 2257 3446 2319 vitae.
3503 2257 3555 2312 id
3607 2269 3692 2314 est

2122 2343 2422 2410 sapientia),
2455 2342 2597 2411 quod
2627 2359 2730 2396 non
2761 2344 2968 2409 defluit,
2999 2346 3440 2402 consideratione
3465 2349 3685 2419 dignum

2125 2442 2226 2491 est.
2269 2433 2360 2486 scd
2407 2433 2621 2487 aliunde
2667 2434 2796 2488 illud
2826 2451 2930 2490 non
2977 2438 3101 2492 licet
3128 2438 3374 2508 accipere
3403 2455 3563 2508 quam
3617 2455 3683 2495 ex

2122 2524 2301 2590 aliqua
2341 2540 2518 2579 rerum
2551 2526 2895 2597 physicarum
2923 2527 3134 2597 pcritia.
3173 2530 3398 2585 Constat
3427 2530 3688 2600 Opificem

2121 2615 2189 2669 ob
2215 2616 2425 2669 fructus
2455 2619 2782 2687 prarccpisse
2817 2630 2874 2674 ut
2915 2621 3142 2676 arbores
3173 2622 3461 2678 fructuosa:
3491 2625 3690 2694 produ-

2121 2717 2306 2760 cerent
2337 2707 2549 2762 fructus
2589 2725 2818 2778 quorum
2853 2726 3010 2765 causa
3044 2727 3163 2780 quae
3191 2714 3297 2766 illis
3333 2715 3482 2768 utilia
3507 2728 3685 2780 erant,

2119 2810 2524 2870 c0nscquentcr
2559 2801 2708 2856 fecit.
2743 2801 2974 2857 Fructus
3016 2815 3072 2858 ut
3099 2817 3514 2868 conserventur,
3550 2807 3688 2860 indi-

2120 2903 2245 2961 gent
2278 2892 2418 2948 foliis
2444 2894 2644 2962 quibus
2682 2902 2949 2964 tegantur.
2992 2895 3115 2950 Iltec
3147 2899 3199 2950 in
3229 2914 3289 2951 ea
3328 2915 3446 2967 quae
3479 2901 3689 2954 univer-

2119 2987 2195 3038 sis
2227 2985 2496 3054 prmsidet,
2530 2986 2795 3055 sapientia
2828 2987 3013 3042 videre
3060 2997 3166 3049 est.
3202 2990 3254 3043 in
3301 3005 3404 3060 qua
3443 2995 3686 3047 omnium

2122 3076 2314 3148 Opifex
2347 3087 2539 3132 cuncta
2573 3078 2721 3132 fecit.
2757 3077 2876 3132 Alia
2923 3080 3063 3134 enim
3096 3084 3365 3152 praecipue
3396 3085 3550 3152 fiunt,
3581 3087 3684 3140 alia

2120 3172 2417 3226 secundum
2449 3172 2896 3239 consequentiam
2948 3173 3018 3228 ob
3067 3175 3358 3244 pracipua.
3406 3175 3687 3247 Praecipue

2119 3262 2316 3314 animal
2369 3263 2650 3326 rationale,
2691 3265 2760 3317 ob
2813 3266 3156 3318 commodum
3203 3275 3388 3320 autem
3443 3267 3560 3334 ejus
3591 3270 3689 3324 be-

2118 3352 2234 3406 stia:
2273 3363 2325 3406 ct
2359 3353 2567 3408 fructus
2597 3363 2772 3410 terrae.
2799 3354 2960 3410 Forte
2985 3370 3118 3426 ergo
3145 3357 3358 3411 illorum
3400 3374 3515 3427 qua:
3555 3375 3687 3428 prm-

2119 3445 2276 3513 cipue
2317 3446 2454 3499 facta
2489 3453 2638 3512 sunt,
2671 3451 2928 3513 rationes,
2956 3448 3166 3504 fructus
3201 3461 3327 3505 sunt
3356 3451 3485 3523 ligni
3515 3454 3680 3519 vitai;

2119 3548 2306 3588 eorum
2349 3552 2477 3592 vero
2527 3554 2645 3607 quae
2685 3542 2753 3594 ob
2788 3542 2873 3594 illa
2907 3541 3046 3596 facta
3075 3553 3224 3606 sunt,
3258 3545 3521 3610 rationes,
3557 3544 3684 3599 folia

2119 3636 2265 3690 sunt,
2312 3643 2543 3694 quorum
2582 3631 2783 3684 nullum
2834 3632 3044 3692 inutile,
3085 3633 3294 3686 nullum
3326 3644 3682 3689 contemnen-

2118 3717 2244 3770 rlum
2271 3729 2529 3787 tanquam
2563 3720 2686 3785 vile,
2725 3731 2782 3774 ut
2816 3738 2927 3792 pra:
2953 3723 3161 3776 incuria
3190 3725 3349 3778 cadat
3377 3734 3434 3781 et
3463 3725 3678 3780 defluat.

2118 3808 2174 3864 Id
2209 3809 2385 3864 adhuc
2411 3812 2620 3880 potiore
2650 3812 2773 3881 jure
2822 3815 2929 3868 diei
2984 3824 3159 3885 potest
3198 3817 3263 3870 de
3294 3816 3380 3869 his
3419 3833 3538 3885 qua:
3591 3833 3682 3871 se-

2117 3911 2356 3969 quuntur
2385 3919 2400 3956 :
2435 3921 2453 3954 ι
2488 3913 2542 3958 et
2576 3904 2757 3958 omnia
2793 3919 3128 3974 quaecunque
3161 3905 3343 3974 faciet,
3389 3921 3682 3977 prospera-

2117 3995 2339 4047 bnntur.
2396 4014 2415 4046 ι
2467 3994 2620 4049 Licet
2665 3997 2810 4050 enim
2846 3998 2914 4050 ad
2953 3997 3201 4066 quaedam
3254 3999 3560 4052 necessaria
3607 4001 3682 4052 uti

2116 4085 2277 4138 etiam
2314 4086 2568 4142 omnibus
2597 4102 2720 4157 qua:
2743 4101 2810 4142 ex
2842 4088 3230 4157 consequentia
3260 4089 3415 4143 fiunt.
3454 4089 3682 4145 Fructus

2115 4174 2317 4228 Citriin
2350 4175 2458 4229 erit
2510 4179 2780 4249 prmcipue
2811 4180 3083 4246 doctrina,
3120 4194 3241 4249 qua:
3277 4179 3564 4234 fortiorqu
3599 4181 3678 4234 ci-

2116 4271 2216 4323 bus
2246 4281 2364 4335 est;
2409 4271 2534 4324 folia
2581 4287 2714 4327 vero
2749 4273 3231 4328 irrationabilium:
3261 4288 3406 4327 esca.
3453 4271 3524 4328 Ut
3569 4272 3682 4328 fru-

2114 4362 2297 4415 ctibus
2323 4371 2550 4416 utuntur
2586 4364 2855 4428 homines,
2893 4365 2970 4418 sic
3003 4364 3144 4418 foliis
3190 4367 3368 4419 bruta.
3403 4364 3678 4431 Quosdam

2113 4453 2276 4506 etiam
2307 4454 2604 4524 Scriptura:
2630 4455 2837 4510 fructus
2868 4456 3052 4509 dicere
3093 4465 3196 4517 est,
3227 4471 3365 4525 quos
3398 4457 3679 4526 accipiunt

2112 4544 2584 4610 rationabiliores;
2623 4546 2752 4600 folia
2782 4561 2930 4611 vero,
2967 4547 3162 4616 quibus
3188 4547 3506 4601 nutriuntur
3549 4548 3678 4602 simc

2111 4633 2380 4702 pliciores.
2417 4635 2561 4688 Illius
2594 4637 2686 4706 qui
2728 4637 2922 4692 beatus
2964 4639 3292 4706 praedicatur
3334 4649 3388 4693 et
3429 4638 3573 4707 ligno
3600 4640 3682 4692 vi-

2114 4735 2180 4779 ta:
2220 4739 2573 4796 comparatur
2615 4729 2823 4782 fructtts
2853 4729 2958 4783 dici
3001 4739 3227 4798 possunt
3259 4729 3525 4797 pragcipua
3559 4728 3678 4796 ejus

2109 4829 2291 4883 opera,
2326 4817 2602 4880 nimirum,
2660 4818 2924 4888 quidquid
2970 4819 3094 4872 boui
3123 4818 3252 4886 agit,
3279 4825 3334 4870 et
3387 4831 3540 4871 atnor
3589 4831 3679 4869 sa-

2112 4907 2364 4976 pientiae:
2397 4909 2521 4964 folia
2558 4925 2707 4973 vero,
2759 4910 2934 4963 studia
2963 4924 3083 4978 qua:
3118 4912 3184 4962 ad
3212 4911 3336 4962 vita:
3366 4923 3520 4963 usum
3545 4907 3674 4962 atti-

2111 5012 2260 5064 nent,
2309 5017 2426 5069 qua:
2452 5018 2584 5056 sane
2634 5019 2732 5057 nec
2773 5013 2828 5055 ut
2855 5009 3272 5055 contemnantur
3304 5015 3401 5055 nec
3431 5009 3490 5054 ιιι
3534 5001 3674 5054 deci-

2111 5091 2262 5154 dant,
2294 5094 2453 5162 iligna
2489 5105 2636 5160 sunt,
2677 5097 2837 5148 modo
2874 5095 3090 5147 interim
3117 5104 3371 5148 accurate
3400 5103 3562 5161 atque
3609 5093 3676 5145 ad

2115 5181 2206 5236 Dei
2245 5184 2470 5252 gloriam
2510 5188 2689 5242 omnia
2744 5187 2929 5240 faciat.
2973 5186 3062 5240 Sic
3102 5186 3248 5240 enim
3301 5186 3482 5240 ontnia
3527 5201 3676 5254 (μιξο-

2112 5287 2321 5340 cunque
2357 5274 2542 5344 faciet,
2575 5278 3060 5347 prosperabuntur.

440 5355 782 5426 φρονεῐσθαι,
825 5356 944 5409 οὐδὲ
984 5358 1242 5427 ἀπορρεῖν
1283 5357 1362 5428 τῷ
1414 5359 1551 5430 μετὰ
1607 5360 1882 5431 προσοχῆς
1927 5362 2020 5414 καὶ
2055 5363 2136 5426 εἰς
2164 5363 2320 5428 δόξαν
2352 5368 2486 5422 Θεοῦ
2543 5372 2721 5425 πάντα
2763 5374 2949 5424 ποιεῖν.
2997 5369 3152 5424 Οὕτω
3193 5366 3303 5440 γὰρ
3345 5369 3452 5423 πᾶν
3498 5366 3676 5422 ὁτιοῦν

437 5449 544 5502 τῶν
573 5449 954 5520 πραττομένων
983 5451 1074 5502 ὑπ’
1096 5449 1258 5504 αὑτοῦ
1284 5450 1682 5504 κατευοδοῦται.

509 5542 632 5607 οὐχ
667 5540 853 5604 οὕτως
881 5542 934 5593 οἱ
969 5540 1235 5606 ἀσεϐεῖς
1283 5542 1420 5596 ἀλλ’
1449 5541 1488 5603 ἢ
1523 5542 1604 5606 ὡς
1638 5545 1669 5597 d
1705 5543 1891 5612 χνοῦς
1933 5544 2008 5597 ὃν

510 5696 532 5728 δ
556 5693 688 5750 Luc.
721 5711 874 5764 χχιιι,
903 5696 991 5750 t5.

2193 5511 2353 5601 VIa-as.
2379 5544 2432 5598 4.
2467 5543 2591 5602 Non
2613 5545 2689 5600 sic
2728 5545 2896 5616 impii,
2920 5547 3009 5600 sed
3041 5557 3292 5615 tanquam
3319 5543 3484 5613 pulvis
3522 5559 3674 5614 quem
