4058 6244
436 296 469 351 ί
485 297 589 353 9-95

1435 291 1742 348 SEl.ECT.-\
1783 292 1846 346 IN
1880 289 2214 347 PSALMOS.
2259 321 2326 332 --
2360 293 2550 348 PSAL.
2595 296 2636 352 Ι.

3550 311 3686 370 1096

419 417 696 489 ζήσεσθεο
730 416 823 468 καὶ
864 414 1102 485 θήσομαι
1135 413 1279 485 ὑμᾶς
1315 413 1408 466 ἐπὶ
1454 415 1553 485 τὴν
1584 416 1686 485 γῆν
1719 414 1893 486 ὑμῶν,
1925 432 1995 467 κα

2129 413 2267 469 Deus
2296 415 2512 470 ossibus
2543 417 2650 474 illis
2682 435 2697 473 :
2729 418 2869 476 Ecce
2901 437 2999 491 ego
3033 424 3280 483 inducam
3325 429 3379 484 in
3404 447 3498 488 vos
3522 435 3690 505 spiri-

419 506 710 574 γνώσεσθε
759 508 838 559 ὅτι
883 504 994 574 ἐγώ
1045 508 1158 577 εἰμι
1205 505 1430 576 Κύριος.
1472 524 1488 555 ι
1538 506 1724 575 Τούτῳ
1783 505 1880 576 μὲν
1923 501 2014 559 οὖν

424 600 793 671 πιθανωτέρῳ
821 599 1058 670 χρῶνται
1087 598 1166 668 τῷ
1195 598 1370 670 ῥητῷ·
1406 599 1500 651 καὶ
1530 599 1663 653 ἄλλα
1687 599 1743 652 δὲ
1767 599 2014 669 λέγουσιν

425 691 786 760 εὐαγγελικὰ,
820 687 951 752 οἷον,
993 690 1066 754 ὼς
1115 688 1195 752 τὸ,
1241 709 1260 741 ι
1302 688 1448 742 Ἐκεῖ
1499 686 1648 742 ἔσται
1679 692 1707 742 ὀ
1741 688 2016 758 κλαυθμὸς

425 785 531 838 καὶ
557 787 584 836 ὀ
622 783 863 854 βρυγμὸς
883 782 991 837 τῶν
1023 782 1279 835 ὀδόντων·
1312 801 1328 831 ι
1361 781 1556 839 καὶτὸ.
1585 799 1602 831 ι
1622 781 1892 852 Φοϐήθητε
1924 782 2012 833 τὸν

427 877 732 946 δυνάμενον
752 875 845 927 καὶ
869 873 1047 946 ψυχὴν
1063 875 1156 927 καὶ
1180 872 1339 944 σῶμα
1373 872 1636 926 ἀπολέσαι
1663 873 1720 924 ὲν
1741 874 1958 946 γεέννῃ·
1987 893 2006 925 ι

428 967 530 1021 καὶ
562 968 621 1020 τὸ
659 968 718 1020 ὲν
759 967 838 1038 τῷ
871 967 1100 1037 Παύλῳο
1140 985 1158 1017 ι
1186 966 1518 1036 Ζωοποιήσει
1548 965 1615 1018 τά
1662 963 1828 1035 θνητά
1856 965 2010 1035 ὑμῶν

429 1058 686 1130 σώματα,
714 1059 802 1112 διὰ
839 1059 900 1111 τὸ
951 1057 1190 1112 ἐνοικοῦν
1219 1055 1384 1110 αὑτοῦ
1430 1056 1655 1128 Πνεῦμα
1704 1058 1763 1109 ὲν
1807 1058 1950 1128 ὑμῖν.
1983 1076 2002 1109 ι

428 1152 556 1223 Χρὴ
589 1151 643 1204 δὲ
668 1153 844 1205 πάντα
875 1151 964 1203 τὸν
991 1147 1258 1220 φιλαλήθη
1304 1149 1424 1202 κατ’
1451 1149 1613 1202 αὐτὸν
1658 1149 1769 1220 (65)
1797 1150 2008 1214 τούτοις

430 1242 527 1294 τὸν
571 1242 693 1294 νοῦν
739 1243 1106 1313 ἐπιστήσαντα
1144 1241 1271 1312 περὶ
1300 1241 1398 1311 τῆς
1426 1242 1772 1306 ἀναστάσεως
1811 1243 2008 1312 ἀγωνί-

433 1333 655 1397 σασθαι,
685 1333 854 1388 σῶσαί
880 1351 940 1386 τε
984 1333 1078 1386 καὶ
1120 1333 1217 1402 τὴν
1251 1331 1360 1385 τῶν
1399 1333 1640 1403 ἀρχαίων
1686 1335 2003 1407 παράδοσιν,

429 1426 528 1476 καὶ
594 1424 931 1493 φυλάξασθαι
999 1426 1258 1495 ἐμπεσεῖν
1310 1425 1390 1486 είς
1449 1425 1715 1496 φλυαρίαν
1774 1427 2005 1497 πτωχῶν

427 1515 738 1583 νοημάτων,
765 1513 1044 1568 ἀδυνάτων
1067 1531 1124 1566 τε
1152 1515 1266 1584 ἅμα
1290 1515 1384 1567 καὶ
1405 1514 1539 1567 Θεοῦ
1563 1516 1815 1582 ἀναξίων.
1837 1519 2004 1572 Τοῦτο

425 1605 524 1661 οὖν
556 1612 634 1672 εἰς
685 1611 774 1662 τὸν
826 1609 989 1662 τόπον
1045 1609 1388 1680 διαληπτέον,
1429 1610 1510 1663 ὅτι
1545 1613 1652 1664 πᾶν
1696 1612 1854 1682 σῶμα
1901 1613 2003 1666 ὑπὸ

430 1701 649 1769 φύσεως
675 1701 1028 1769 συνεχόμενον
1068 1699 1167 1768 τῆς
1194 1701 1632 1773 καταταττούσης
1663 1703 1857 1770 ἔξωθέν
1883 1722 2000 1758 τινα

2127 513 2238 559 ιυιη
2263 507 2410 574 vitae,
2439 517 2494 562 et
2527 523 2723 577 ponam
2754 512 2806 566 in
2838 514 2987 568 vobis
3017 532 3230 584 nervos,
3265 529 3318 575 et
3347 522 3598 580 inducam
3633 528 3685 581 in

2123 613 2216 652 vos
2241 616 2454 666 carnes,
2497 613 2547 657 et
2577 605 2865 659 extendam
2896 624 3061 678 super
3092 627 3189 666 vos
3217 625 3422 680 cutem,
3459 627 3513 672 et
3542 621 3685 676 dabo

2120 691 2369 758 spiritum
2429 708 2604 748 meum
2650 694 2703 750 in
2747 711 2861 759 vos,
2909 709 2965 752 et
2995 701 3209 757 \‘ivctis.
3248 703 3314 758 Et
3341 723 3536 776 ponam
3588 727 3687 766 vos

2120 783 2172 836 in
2206 795 2351 838 terra
2384 797 2588 851 vestra,
2625 798 2680 843 et
2727 795 3066 859 cognoscetis
3115 797 3243 864 quia
3276 812 3376 867 ego
3423 814 3541 854 sum
3576 801 3684 858 Do-

2119 877 2318 930 minus.
2370 895 2388 928 ι
2447 876 2558 933 Hoc
2602 880 2769 950 igitur
2813 883 3148 950 probabilius
3179 890 3392 943 czeteris
3438 893 3685 948 testimo—
3731 923 3742 936 ι

2117 969 2266 1022 nium
2300 978 2402 1034 est,
2429 985 2550 1039 quae
2592 985 3021 1028 commemorare
3072 977 3268 1043 solent,
3299 992 3496 1047 praeter
3539 987 3681 1053 quod

2117 1061 2378 1115 nonnulla
2407 1077 2471 1115 ex
2513 1062 2823 1134 Evangeliis
2872 1079 3198 1135 exprornunt
3243 1087 3258 1123 :
3313 1071 3479 1137 velut,
3532 1093 3552 1126 ι
3605 1075 3682 1130 lbi

2115 1152 2218 1205 erit
2250 1150 2406 1206 ﬂetus
2426 1163 2479 1206 et
2507 1154 2707 1207 stridor
2731 1155 2971 1209 dentium
3003 1159 3044 1209 °.
3081 1176 3100 1209 ι
3133 1157 3680 1219 Ιιειηειτίωειεευηι

2113 1241 2202 1309 qui
2235 1251 2410 1310 potest
2441 1253 2496 1296 et
2542 1245 2776 1298 animam
2814 1255 2865 1298 et
2901 1261 3094 1314 corpus
3120 1251 3346 1317 perdere
3387 1252 3438 1306 in
3482 1255 3683 1323 gehen-

2114 1349 2239 1388 nam
2267 1335 2308 1387 ⁷.
2345 1354 2363 1387 ›
2408 1334 2543 1388 Tum
2575 1335 2704 1389 illud
2736 1353 2802 1390 ex
2849 1337 3016 1392 Paulo
3045 1340 3066 1372 ⁸
3096 1358 3109 1394 :
3150 1360 3168 1392 ι
3211 1343 3516 1399 Vivilicablt
3538 1362 3680 1402 mor-

2115 1425 2238 1479 talia
2297 1442 2525 1495 corpora
2561 1436 2763 1492 vestra,
2809 1427 2971 1500 534.
3016 1441 3234 1501 prepter
3283 1435 3676 1492 inltabitantent

2110 1516 2227 1584 ejus
2247 1517 2509 1587 Spiritum
2541 1519 2592 1572 in
2623 1519 2794 1572 vobis.
2828 1537 2847 1570 ι
2881 1521 3074 1574 Verum
3113 1539 3302 1580 omnes
3330 1542 3423 1582 eos
3451 1544 3676 1586 necesse

2109 1619 2212 1672 est,
2250 1607 2337 1675 qui
2366 1607 2613 1661 veritatis
2662 1610 2843 1664 studio
2877 1611 3173 1674 ducuntur,
3219 1630 3338 1668 cum
3371 1617 3438 1671 ad
3466 1633 3528 1671 ea
3557 1623 3675 1674 ani-

2111 1712 2254 1750 mum
2308 1697 2629 1767 adjecerint,
2669 1705 2929 1755 adversus
2979 1703 3110 1757 istos
3159 1703 3225 1757 de
3275 1711 3675 1766 resurrectione

425 1790 586 1858 δίκην
631 1789 834 1859 τροφῆς
860 1790 940 1852 εἰς
987 1789 1136 1853 αὐτὸ,
1167 1789 1260 1842 καὶ
1304 1792 1703 1864 ἀποκρινούσης
1729 1794 1849 1847 ἀντὶ
1897 1795 1996 1848 τῶν

2107 1788 2472 1855 contendere;
2529 1800 2674 1844 utet
2726 1807 2846 1860 quae
2886 1807 2914 1845 a
2965 1795 3239 1850 veteribus
3276 1800 3473 1854 tradita
3523 1813 3670 1866 sunt,

431 1881 872 1951 ἐπεισαγομένων
906 1880 1089 1952 ἕτερα,
1114 1880 1302 1952 ὥσπερ
1325 1881 1392 1934 τὰ
1425 1882 1532 1936 τῶν
1564 1884 1744 1952 φυτῶν
1777 1889 1869 1939 καὶ
1895 1887 2004 1952 τῶν

433 1971 609 2038 ζώων,
645 1972 704 2026 τὸ
746 1973 927 2026 ὑλικδν
958 1972 1312 2044 ὑποκείμενον
1362 1973 1614 2027 οὐδέποτε
1655 1975 1764 2045 ἔχει
1788 1978 2000 2032 ταυτόν.

430 2064 630 2137 Διόπερ
655 2064 715 2118 οὐ
744 2064 930 2129 κακῶς
963 2067 1205 2137 ποταμὸς
1236 2064 1549 2136 ὠνόμασται
1576 2067 1636 2119 τὸ
1673 2069 1860 2139 σῶμαο
1894 2069 2002 2122 διό-

428 2170 504 2219 τι,
549 2154 623 2218 ὡς
667 2156 801 2225 πρὸς
845 2155 907 2208 τὸ
961 2155 1182 2225 ἀκριϐὲς
1208 2156 1366 2226 τάχα,
1399 2156 1516 2209 οὐδὲ
1547 2157 1639 2210 δύο
1684 2159 1905 2230 ἡμερῶν
1941 2159 2001 2212 τὸ

429 2245 645 2316 πρῶτον
693 2246 1048 2317 ὑποκείμενον
1098 2247 1293 2299 ταυτόν
1346 2249 1492 2301 ἐστιν
1541 2249 1598 2302 ἐν
1655 2250 1731 2321 τῷ
1789 2252 2000 2323 σώματι

427 2336 619 2406 ἡμῶν·
653 2336 897 2406 καίτοιγε
950 2337 1042 2390 τοῦ
1074 2333 1183 2390 οἷον
1229 2338 1261 2409 ἢ
1307 2339 1536 2405 Παύλου,
1570 2342 1602 2412 ἢ
1636 2343 1862 2413 Πέτρου,
1914 2346 1999 2399 ἀεὶ

428 2428 522 2481 τοῦ
567 2429 732 2482 αὐτοῦ
779 2429 950 2494 ὄντος,
980 2430 1040 2482 οὺ
1084 2428 1178 2482 τοῦ
1229 2430 1372 2483 κατὰ
1415 2431 1590 2503 ψυχὴν
1627 2434 1806 2504 μόνου,
1857 2433 1923 2508 ἧς
1965 2439 1997 2509 ἡ

428 2519 585 2572 obsta
617 2519 738 2572 οὔτε
775 2522 859 2591 ῥεῖ
879 2519 1000 2573 καθ’
1027 2521 1194 2591 ἡμᾶς,
1214 2520 1324 2574 οὔτ’
1353 2523 1776 2595 ἐπεισαγόμενόν
1802 2545 1852 2580 τι
1888 2527 1998 2598 ἔχει

428 2607 582 2672 ποτὲ,
613 2607 716 2661 κᾶν
754 2609 952 2680 ρευστὴ
997 2604 1128 2680 ἦνή
1171 2608 1329 2678 φύσις
1381 2610 1474 2663 τοῦ
1524 2611 1792 2684 σώματος,
1831 2615 1906 2687 τῷ
1937 2617 1998 2670 τὸ

427 2697 566 2764 εἶδος
597 2701 656 2754 τὸ
677 2700 1076 2773 χαρακτηρίζον
1098 2701 1158 2754 τὸ
1191 2701 1347 2772 σῶμα
1377 2705 1572 2758 ταυτὸν
1602 2701 1738 2759 εἶναι
1759 2723 1770 2735 ·
1800 2707 1875 2771 ὡς
1904 2708 1997 2761 καὶ

427 2793 554 2855 τοὺς
599 2790 801 2856 τύπους
848 2792 1027 2862 μένειν
1059 2794 1183 2856 τοὺς
1227 2795 1441 2859 αὐτοὺς,
1482 2797 1684 2868 είςιτὴν
1727 2798 1834 2870 (64)
1877 2817 1998 2853 ποια

424 2882 593 2952 ότητα
622 2883 828 2956 Πέτρου
868 2883 958 2937 καὶ
992 2883 1202 2937 Παύλου
1233 2885 1331 2957 τὴν
1378 2891 1692 2961 σωματικὴν
1732 2891 1999 2963 παριστά-

429 2991 654 3039 νοντας·
705 2976 828 3029 καθ’
873 2977 940 3048 ἦν
987 2979 1251 3048 ποιότητα
1311 2979 1403 3032 καὶ
1458 2980 1611 3034 οὐλαὶ
1675 2985 1738 3036 ὲκ
1789 2986 1996 3041 παίδων

427 3067 800 3138 παραμένουσι
827 3072 938 3132 τοῖς
967 3069 1202 3140 σώμασι,
1247 3072 1337 3124 καὶ
1363 3071 1500 3126 ἄλλα
1541 3073 1661 3126 τινὰ
1709 3075 1990 3146 ἰδιώματα,
2021 3098 2062 3155 C

429 3160 609 3227 φακοί.
646 3161 753 3212 Καὶ
796 3161 887 3213 ἐπὶ
918 3162 1129 3225 τούτοις
1161 3162 1212 3214 εἴ
1250 3181 1302 3216 τι
1349 3165 1495 3217 ἐστὶν
1532 3165 1712 3236 ὅμοιον
1743 3169 1900 3223 τοῦτο
1930 3171 1991 3224 τὸ

429 3245 584 3312 εἶδος,
613 3248 733 3302 καθ’
759 3248 786 3301 ὃ
811 3249 1151 3304 ε’ἰδοποιεῖται
1183 3253 1212 3304 ό
1257 3252 1461 3323 Πέτρος
1488 3256 1580 3307 καὶ
1607 3256 1637 3306 ὁ
1669 3256 1902 3324 Παῦλος,
1932 3259 1994 3313 τὸ

429 3341 758 3409 σωματικὸν,
783 3341 812 3394 ὃ
843 3343 900 3394 ὲν
936 3345 1002 3414 τῇ
1038 3344 1331 3397 ἀναστάσει
1370 3347 1702 3418 περιτίθεται
1735 3351 1894 3405 πάλιν
1926 3356 1990 3424 τῇ

429 3429 591 3501 ψυχῇ,
620 3431 712 3482 ἐπὶ
755 3429 817 3483 τὸ
863 3434 1107 3502 κρεῖττον
1150 3433 1503 3503 μεταϐάλλον,
1539 3438 1598 3489 ού
1632 3439 1850 3504 πάντως
1875 3442 1994 3496 τόδε

406 3513 510 3573 ’ἔτι
538 3522 928 3592 ὲντεταγμένον
960 3523 1021 3575 τὸ
1052 3523 1193 3576 κατά
1235 3525 1332 3596 τὴν
1366 3525 1590 3598 πρώτην
1617 3530 1990 3602 ὑποκείμενον.

431 3613 638 3685 Ὥσπερ
688 3612 798 3683 (65)
831 3613 887 3667 δὲ
919 3614 978 3667 τὸ
1026 3611 1162 3679 εἶδός
1195 3617 1310 3670 ἐστι
1365 3619 1524 3690 μέχρι
1575 3620 1667 3673 τοῦ
1724 3623 1991 3694 πέρατος,

429 3705 526 3759 κᾶν
557 3707 604 3757 οἱ
651 3705 992 3775 χαρακτῆρες
1037 3704 1234 3758 δοκῶσι
1282 3707 1483 3779 πολλὴν
1533 3709 1677 3780 ἔχειν
1721 3713 1994 3785 παραλλα-

428 3795 558 3866 γήν·
609 3792 780 3855 οὕτως
835 3794 1049 3863 νοητέον
1085 3796 1178 3848 καὶ
1225 3796 1317 3847 ἐπὶ
1373 3795 1466 3848 τοῦ
1522 3799 1805 3869 παρόντος,
1855 3799 1993 3866 εἶδος

425 3886 616 3939 ταυτὸν
647 3883 782 3938 εἶναι
823 3884 900 3954 τῷ
947 3885 1214 3955 μέλλοντι,
1267 3887 1526 3959 πλείστης
1559 3891 1690 3961 ὅσης
1730 3893 1992 3966 ἐσομένης

427 3978 519 4047 τῆς
573 3977 664 4029 ἐπὶ
719 3975 934 4029 κάλλιον
992 3975 1314 4046 μεταϐολῆς.
1373 3979 1689 4048 Ἀναγκαῖον
1740 3983 1847 4055 γὰρ
1893 3986 1991 4056 τὴν

424 4068 613 4139 ψυχὴν,
659 4069 714 4120 ὲν
759 4068 942 4131 τόποις
987 4072 1320 4138 σωματικοῖς
1377 4069 1745 4141 ὑπάρχουσαν,
1788 4077 1992 4147 κεχρῆ-

427 4160 543 4212 σθαι
587 4158 800 4230 σώμασι
834 4159 1188 4230 καταλλήλοις
1239 4163 1350 4225 τοῖς
1389 4162 1596 4226 τόποις.
1652 4165 1760 4219 Καὶ
1804 4165 1990 4240 ὥσπερ

425 4253 478 4303 ἐν
512 4250 754 4324 Θαλάσσῃ
783 4251 879 4321 ζῇν
913 4253 1059 4322 ἡμᾶς
1091 4251 1343 4322 ἐνύδρους
1372 4254 1693 4324 γενομένους
1724 4260 1772 4310 εί
1797 4260 1985 4330 ὲχρῆν,

426 4343 635 4405 πάντως
687 4343 754 4398 ἂν
796 4343 901 4396 εδει
942 4343 1325 4417 παραπλησίαν
1371 4345 1515 4416 ἔχειν
1552 4349 1646 4400 καὶ
1677 4350 1775 4421 τὴν
1822 4352 1986 4424 ἀλλην

429 4437 617 4506 ἰχθύων
667 4437 1022 4490 κατάστασιν·
1065 4437 1236 4500 οὕτως
1290 4437 1577 4509 μέλλοντας
1633 4441 1985 4515 κληρονομεῖν
2017 4428 2061 4482 Ῑῖ

428 4527 695 4597 βασιλείαν
730 4528 992 4598 οὐρανῶν,
1033 4531 1126 4583 καὶ
1173 4531 1231 4584 ὲν
1259 4531 1444 4594 τόποις
1474 4530 1818 4604 διαφέρουσιν
1859 4537 1980 4590 ἐσε-

429 4617 564 4680 σοαι,
604 4618 896 4684 ἀναγκαῖον
923 4618 1156 4688 χρῆσθαι
1183 4618 1397 4689 σώμασι
1431 4625 1832 4690 πνευματικοῖς,
1862 4626 1983 4696 οὐχὶ

426 4708 512 4763 τοῦ
544 4708 718 4772 εἴδους
760 4709 852 4762 τοῦ
891 4709 1157 4782 προτέρου
1189 4709 1607 4781 ἀφανιζομένου,
1641 4713 1744 4766 κᾶν
1785 4715 1878 4770 ἐπὶ
1921 4720 1983 4773 τὸ

492 4804 513 4834 ⁸
542 4802 732 4857 Matth.
765 4818 880 4867 vm,
919 4805 1004 4857 12.
1091 4804 1111 4835 ⁷
1139 4803 1331 4858 Matth.
1358 4821 1413 4870 ι,
1442 4803 1532 4858 28.

512 4894 602 4965 65)
628 4895 842 4965 Αὐτόν,
879 4894 1038 4949 Forte
1070 4895 1377 4965 legendum,
1419 4895 1617 4952 αὐτῶν.

492 4963 602 5036 (64)
635 4968 741 5030 Εἰς
770 4963 899 5029 τήν.
936 4965 1096 5036 Forte
1120 4963 1247 5028 τοὺς
1278 4967 1396 5036 τήν,
1427 4979 1533 5020 etc.

489 5035 1022 5107 (65)λὯσπερ,-εις.
1057 5035 1219 5107 Hune
1241 5035 1412 5088 locum
1451 5037 1501 5090 iu
1536 5037 1790 5107 Apologia
1825 5039 1983 5094 Pam-

426 5107 544 5170 pbili
572 5104 649 5158 Sic
681 5107 842 5157 vertit
876 5104 1104 5158 Ruﬁnus
1135 5121 1146 5156 :
1181 5104 1327 5156 Sicut
1363 5107 1498 5157 enim
1524 5107 1574 5158 in
1612 5104 1756 5161 nobis
1796 5113 1976 5164 eadem

424 5175 604 5240 species
633 5183 899 5240 permanet
959 5176 1024 5224 ab
1066 5173 1298 5244 infantia
1347 5191 1506 5239 usque
1533 5176 1603 5228 ad
1645 5191 1976 5244 senectutem,

424 5245 530 5296 licet
577 5246 906 5296 characteres
965 5242 1182 5294 multam
1237 5243 1511 5296 videantur
1564 5242 1976 5302 immutationem

426 5314 682 5382 recipere:
715 5310 791 5362 ita
827 5310 1235 5382 intelligendum
1281 5319 1358 5364 est
1407 5313 1542 5366 hanc
1588 5316 1805 5381 speciem
1863 5334 1978 5382 qua:

425 5393 552 5438 nunc
586 5379 720 5453 inest
749 5381 916 5445 nobis,
941 5382 1109 5453 ipsum
1159 5397 1553 5453 permansurum
1604 5379 1761 5453 etiam
1803 5387 1854 5438 in
1876 5379 1975 5453 fu-

426 5463 562 5513 turo,
595 5449 822 5522 plurima
867 5459 1039 5522 tamen
1075 5450 1436 5522 immutatione
1485 5452 1540 5504 in
1572 5452 1754 5505 melius
1787 5465 1832 5506 et
1863 5449 1977 5522 glo-

426 5519 604 5569 riosius
643 5519 806 5580 facta.
868 5518 1088 5571 Necesse
1146 5533 1219 5570 est
1260 5520 1396 5571 enim
1449 5525 1679 5571 animum
1729 5523 1783 5575 in
1845 5518 1974 5578 locis

425 5591 674 5659 corporeis
696 5587 1016 5659 habitantem
1049 5587 1124 5640 uti
1146 5590 1450 5659 Corporibus
1480 5591 1670 5641 talibus
1700 5609 1814 5653 qua!
1852 5605 1975 5659 apta

426 5658 516 5726 sint
545 5656 622 5708 Itis
654 5658 781 5709 locis
810 5659 864 5711 in
893 5658 1082 5725 quibus
1109 5659 1269 5726 degit.
1308 5657 1373 5710 Et
1415 5660 1572 5717 sicut.
1602 5663 1742 5712 uerbi
1792 5656 1974 5716 causa.

429 5725 466 5777 ti
495 5725 543 5778 in
572 5730 719 5798 aquis
753 5729 911 5783 maris
941 5744 1030 5781 nos
1058 5725 1320 5790 habitare,
1361 5728 1434 5781 uel
1482 5731 1665 5797 (legere
1717 5743 1972 5793 posceret.

2107 1883 2480 1950 retineantur;
2524 1885 2687 1953 idque
2729 1900 3042 1954 caveamus,
3077 1904 3146 1944 ne
3178 1891 3232 1945 in
3270 1907 3526 1950 sensuum
3556 1897 3674 1952 ina-

2107 1973 2453 2028 uissimorum
2494 1976 2727 2044 ineptias
2757 1978 3188 2048 descendamus;
3223 1998 3410 2037 eorum
3435 1985 3670 2054 scilicet,

2103 2079 2221 2132 qua:
2256 2079 2431 2133 neque
2465 2066 2577 2118 lieri
2610 2078 2855 2136 possunt,
2886 2078 2936 2124 et
2969 2071 3150 2126 divina
3205 2076 3492 2144 majestate
3544 2088 3670 2132 sunt

2104 2157 2342 2224 indigna.
2389 2155 2651 2222 Quocirca
2693 2157 2773 2212 sic
2828 2158 2895 2212 ad
2948 2174 3070 2214 eum
3124 2162 3303 2218 locum
3355 2167 3666 2222 ratiocinari

2101 2248 2352 2301 convenit
2387 2268 2398 2300 :
2431 2261 2630 2317 corpus
2659 2262 2838 2316 omne,
2886 2253 3027 2318 quod
3056 2254 3274 2320 quidem
3313 2265 3504 2309 natura
3534 2272 3668 2312 con-

2105 2335 2323 2402 tinetur,
2383 2351 2503 2406 qua:
2549 2337 2889 2393 extrinsecus
2921 2341 3124 2412 aliquid
3158 2345 3207 2398 ci
3241 2345 3485 2402 alimenti
3524 2348 3666 2403 asci-

2102 2427 2225 2490 scit,
2255 2441 2459 2496 proque
2484 2428 2549 2483 iis
2579 2445 2699 2499 quae
2729 2429 3089 2497 suﬂiciuntur,
3121 2436 3366 2490 excernit
3388 2436 3490 2490 alia
3520 2456 3534 2491 :
3569 2453 3654 2493 cu-

2095 2514 2330 2583 jusmodi
2365 2525 2490 2570 sunt
2520 2517 2772 2587 stirpium
2807 2533 3062 2590 corpora,
3104 2531 3158 2577 et
3192 2524 3508 2580 animalium
3540 2543 3668 2596 pars

2101 2603 2188 2656 illa
2218 2620 2342 2658 cum
2376 2609 2602 2660 materia
2632 2617 2931 2674 concreta;
2983 2625 3260 2680 nunquam
3293 2629 3458 2666 unum
3495 2615 3667 2669 idem-

2100 2713 2206 2766 que
2232 2712 2537 2752 remanere.
2575 2697 2729 2753 Unde
2752 2715 2858 2754 non
2883 2700 3024 2755 male
3051 2700 3248 2757 ﬂuvius
3293 2705 3514 2774 quidam
3541 2723 3666 2763 cor-

2098 2803 2201 2856 pus
2251 2803 2372 2843 esse
2417 2788 2655 2843 dicitur:
2686 2791 2944 2859 quoniam
2991 2791 3035 2846 si
3067 2804 3322 2849 accurate
3351 2799 3664 2853 considere-

2100 2893 2238 2937 mus.
2271 2892 2338 2932 ne
2366 2878 2532 2932 biduo
2576 2879 2791 2949 quidem
2835 2879 2984 2950 prior
3009 2884 3232 2937 materia
3266 2885 3318 2938 in
3349 2889 3664 2956 corporibus

2101 2969 2301 3024 nostris
2346 2969 2536 3024 eadem
2579 2980 2950 3041 constansque
2979 2985 3294 3043 perseverat
3325 2994 3338 3031 :
3364 2993 3487 3033 cum
3524 2981 3667 3036 inte~

2100 3061 2202 3113 rint
2227 3059 2425 3115 Paulus
2458 3061 2690 3130 exempli
2719 3063 2916 3130 gratia,
2956 3064 3037 3118 vel
3082 3064 3269 3120 Petrus
3296 3068 3436 3122 idem
3468 3071 3666 3126 nihilo-

2098 3152 2274 3206 minus
2303 3151 2578 3220 persistat,
2610 3167 2714 3205 non
2744 3153 2902 3206 modo
2935 3152 2979 3206 si
3015 3151 3130 3220 ejus
3152 3155 3388 3210 atiimam
3425 3170 3662 3228 spectes,

2093 3243 2248 3312 cuius
2303 3242 2601 3297 substantia
2633 3257 2806 3311 neque
2847 3242 2990 3298 ﬂuxa
3034 3255 3118 3300 est
3169 3246 3222 3300 iu
3277 3248 3455 3312 nobis,
3490 3264 3664 3319 neque

2093 3335 2390 3403 quidquam
2415 3335 2760 3390 extrinsecus
2814 3335 3085 3392 invectum
3128 3338 3357 3407 accipit;
3391 3338 3484 3394 sed
3509 3341 3578 3396 ob
3609 3343 3660 3396 td

2092 3435 2378 3494 praterea,
2413 3427 2555 3494 quod
2599 3428 2811 3482 tametsi
2847 3428 2993 3484 velut
3033 3431 3086 3484 in
3119 3440 3375 3500 perpetua
3425 3432 3662 3490 ﬂuxione

2093 3515 2161 3569 sit
2189 3526 2379 3569 natura
2418 3516 2684 3585 corporis,
2716 3518 2906 3570 eadem
2949 3519 3122 3573 forma
3167 3532 3507 3588 permaneat,
3541 3540 3664 3594 qua:

2092 3609 2338 3678 corporis
2362 3609 2532 3664 nostri
2557 3610 2713 3679 quasi
2745 3619 2872 3665 nota
2899 3613 3146 3680 quaedam
3176 3622 3260 3668 est
3281 3617 3518 3686 propria.
3543 3617 3658 3674 Non

2093 3701 2253 3754 aliter
2306 3711 2472 3771 atque
2521 3701 2721 3756 eaedem
2781 3702 2966 3772 tignrze
3019 3713 3283 3772 manent,
3342 3723 3461 3778 qua:
3512 3707 3658 3765 Petri

2095 3792 2356 3863 Paulique
2386 3809 2675 3863 corporum
2731 3793 3050 3862 qualitatem
3100 3795 3475 3854 conﬁrmando
3503 3800 3660 3856 exhi-

2094 3883 2254 3950 bent;
2307 3899 2405 3954 per
2459 3899 2618 3954 quam
2667 3885 2830 3938 etiam
2884 3883 3203 3953 qualitatem
3238 3887 3458 3953 accidit,
3490 3898 3550 3943 ut
3605 3900 3660 3945 et

2093 3977 2380 4031 cicatrices
2419 3975 2531 4044 jam
2581 3985 2695 4029 tum
2727 3991 2755 4029 a
2790 3976 2974 4046 pueris
2998 3975 3051 4029 in
3086 3979 3406 4045 corporibus
3437 3995 3655 4048 perma-

2093 4077 2277 4132 neant,
2322 4067 2537 4136 aliaque
2571 4066 2856 4131 nonnulla,
2884 4081 3006 4136 quae
3049 4067 3384 4136 singulorum
3439 4073 3653 4140 propria

2091 4171 2238 4227 sunt,
2271 4158 2574 4230 cujusmodi
2599 4167 2724 4213 sunt
2754 4157 3066 4228 lentigines.
3101 4161 3182 4216 Ad
3211 4161 3324 4216 lucc
3349 4160 3472 4216 licet
3503 4165 3657 4216 simi-

2094 4254 2160 4308 lis
2192 4266 2449 4321 corporea
2489 4250 2576 4304 illa
2613 4249 2780 4304 forma
2831 4252 2937 4318 sit,
2973 4268 3080 4322 qua
3123 4252 3320 4308 Petrus
3353 4253 3656 4323 Paulusque

2091 4346 2432 4416 potissimum
2479 4343 2848 4408 constituitur,
2886 4344 3049 4410 idque
3080 4345 3278 4416 ipsum,
3303 4348 3446 4416 quod
3476 4349 3527 4403 in
3562 4363 3652 4402 re-

2091 4438 2433 4495 surrectione
2477 4437 2674 4491 anima:
2705 4437 2883 4490 denuo
2932 4437 3206 4506 tribuitur,
3251 4440 3344 4495 sed
3377 4440 3431 4494 in
3463 4441 3654 4497 melius

2089 4549 2412 4590 conversum
2450 4552 2462 4585 ;
2493 4543 2596 4583 non
2626 4539 2802 4582 tamen
2834 4531 3020 4584 eadem
3045 4541 3127 4585 est
3162 4531 3247 4586 illa
3281 4533 3507 4588 materia
3532 4547 3654 4602 qua:

2089 4628 2301 4698 corpori
2343 4625 2574 4696 primum
2625 4622 2786 4677 insita
2834 4621 3030 4677 fuerat.
3080 4623 3159 4677 Ac
3193 4624 3649 4692 quemadmodum

2090 4722 2298 4791 species
2343 4719 2454 4787 ipsa
2491 4715 2557 4770 ad
2593 4715 2840 4768 ultimum
2895 4729 3063 4782 usque
3091 4717 3278 4770 eadem
3311 4725 3414 4783 est,
3436 4715 3537 4769 etsi
3571 4716 3653 4769 in-

1609 4804 1632 4836 ⁸
1661 4804 1818 4862 Rom.
1852 4825 1966 4877 vtu,
1997 4817 2081 4870 ll.

2080 4907 2191 4960 sine
2229 4903 2391 4954 dubio
2430 4917 2526 4970 pro
2549 4897 2838 4951 habitaculi
2860 4896 3112 4970 qualitate
3170 4897 3648 4970 itecessarium_vi-

2081 4979 2292 5028 deretur
2317 4967 2505 5023 habere
2535 4972 2686 5020 talem
2713 4967 2946 5033 corporis
2991 4973 3207 5028 statum,-
3237 4978 3283 5019 et
3316 4967 3648 5032 compositio-

2078 5061 2216 5106 nem,
2246 5040 2451 5111 qualem
2481 5038 2666 5090 habent
2707 5036 2800 5087 illa
2817 5035 3235 5111 animaliaqute
3264 5037 3316 5111 in
3368 5039 3518 5104 aquis
3568 5039 3647 5111 οἱ·-

2076 5105 2350 5174 ινιιηιςῖια
2381 5123 2538 5167 nunc,
2584 5123 2698 5159 cum
2733 5106 2977 5156 caelorum
3014 5105 3373 5157 habitaculum
3425 5107 3646 5172 promit-

2077 5191 2244 5242 tatur,
2294 5179 2577 5232 secundum
2614 5177 2848 5228 locorum
2901 5174 3124 5243 gloriam
3179 5191 3498 5243 consequens
3563 5188 3640 5230 est

2078 5248 2482 5321 aptandasesse
2507 5247 2662 5298 etiam
2696 5260 2973 5321 corporum
3029 5245 3339 5321 qualitates.
3366 5243 3495 5321 Nec_
3525 5247 3670 5300 ideo‘

2075 5314 2249 5374 tamen
2278 5317 2423 5379 prior
2447 5315 2557 5367 lucc
2590 5315 2784 5380 species
2816 5315 3277 5384 exterminabitur,
3302 5315 3417 5384 licet
3443 5314 3644 5384 glor.‘o-

2079 5392 2188 5446 sior
2207 5387 2318 5456 ejus
2348 5386 2632 5456 eﬂ'ecta_sit
2657 5385 2990 5456 permutatio.
3011 5381 3162 5456 Sicut
3186 5383 3320 5435 enim
3340 5381 3504 5444 ipsius
3538 5384 3646 5456 Da-

2081 5460 2208 5513 mini
2230 5451 2400 5513 'Jesu.‘
2425 5456 2502 5508 uel
2531 5451 2723 5522 Moysi,
2756 5452 2834 5504 vel
2866 5451 3000 5522 Elia:
3026 5454 3218 5516 species
3258 5468 3360 5504 non
3389 5464 3501 5504 erat
3534 5453 3642 5506 alia

2082 5532 2135 5582 in
2169 5520 2669 5593 lransformatione,
2704 5538 2858 5591 quant
2895 5520 3064 5588 fuerat
3124 5531 3243 5574 ante
3293 5528 3645 5593 translormag

2082 5601 2294 5656 tionem,
2318 5592 2409 5645 ita
2442 5609 2543 5644 non
2573 5595 2667 5643 crit
2700 5592 2804 5645 alia
2837 5601 3142 5644 sanctorum
3175 5593 3392 5661 species,
3430 5592 3642 5646 etiamsi

2083 5667 2242 5718 multo
2273 5664 2548 5738 gloriosior
2572 5661 2686 5729 ﬁat.
