4058 6244
333 344 362 397 4
377 342 489 397 097

1346 330 1654 395 SELECTA
1690 330 1754 394 1N
1795 332 2133 397 ESALMOS.
2175 370 2241 381 --
2281 338 2477 395 PSAL.
2514 338 2551 395 I.

3481 351 3614 403 l098

330 439 445 500 Τίς
483 429 538 490 δὲ
574 435 745 499 οὕτως
780 435 1004 505 ἠλίθιος,
1048 436 1122 499 ὡς
1152 435 1575 506 ὑπολαμϐάνειν,
1616 437 1718 500 ὃτι,
1752 436 1932 507 τηρῶν

2042 453 2206 490 ιιιιιιιιι
2271 437 2497 492 collecta
2586 434 2773 489 volunt
2853 437 3200 504 resurgere?
3262 438 3425 505 Atqui
3496 447 3612 499 tieri

326 530 410 585 τὰ
478 529 705 600 σώματα
754 529 861 582 τῶν
894 528 1233 599 ἁμαρτωλῶν
1266 530 1295 581 ό
1334 530 1493 593 Θεὸς,
1540 531 1665 592 τοὺς
1716 529 1933 590 ὀδόντας

325 620 528 677 αὐτῶν
584 619 856 691 συντρίϐει
894 619 1085 689 μόνον;
1126 620 1336 690 Ὥσπερ
1369 616 1462 673 οὖν
1507 619 1562 672 εἴ
1602 637 1719 683 τις,
1765 619 1932 672 θέλων

325 712 523 767 ταῦτα
553 710 723 775 οὕτως
772 711 937 781 ἔχειν,
969 710 1284 782 θλιϐόμενος
1329 712 1540 765 εἵλκετο
1589 711 1673 764 ἐπ’
1707 710 1934 782 ἀλληγο-

333 804 491 875 ρίαν,
517 802 691 867 οὕτως
723 803 985 873 ζητητέον
1011 803 1119 856 τῶν
1153 804 1531 875 κολαζομένων
1564 804 1655 857 τὸν
1691 804 1932 876 βρυγμὸν

328 898 454 949 τῶν
497 895 746 960 ὀδόντων,
789 895 890 965 τῆς
943 894 1123 965 ψυχῆς
1154 893 1383 966 δύναμιν
1435 898 1744 968 μασητικὴν
1776 897 1931 967 ἐχού-

332 1005 467 1056 σης,
502 988 625 1056 ἥτις
656 989 714 1039 ἐν
745 986 922 1057 καιρῴ
962 986 1054 1039 τοῦ
1104 984 1330 1057 ἐλέγχου
1366 989 1493 1059 περὶ
1525 988 1635 1041 τῶν
1685 990 1934 1060 ἁμαρτη-

338 1082 559 1151 μάτων,
612 1076 751 1132 κατά
806 1078 896 1132 τὸν
947 1079 1326 1149 συγκρουσμὸν
1396 1076 1504 1132 τῶν
1562 1078 1811 1141 ὀδόντων,
1858 1080 1933 1143 ὡς

334 1172 634 1243 ἐφρόνησε,
684 1166 868 1242 βρύξει
912 1170 1038 1233 τοὺς
1083 1170 1321 1233 ὀδόντας.
1376 1171 1448 1223 Τὸ
1480 1171 1557 1235 δὲ,
1605 1188 1624 1222 ι
1655 1170 1931 1243 Φοϐήθητε

334 1265 435 1317 τὸν
467 1260 765 1334 δυνάμενον
794 1262 886 1315 καὶ
919 1261 1096 1332 ψυχὴν
1127 1262 1221 1315 καὶ
1264 1263 1325 1315 τὸ
1378 1263 1537 1334 σῶμα
1582 1262 1847 1316 ἀπολέσαι
1878 1266 1934 1317 ὲν

334 1356 558 1427 γεέννῃ,
586 1375 603 1405 ι
640 1356 778 1424 τάχα
808 1354 906 1425 μὲν
939 1354 1201 1418 διδάσκει,
1245 1356 1327 1407 ὅτι
1358 1354 1652 1425 ἀσώματος
1679 1358 1712 1425 ἡ
1758 1354 1929 1426 ψυχὴ,

334 1447 487 1517 τάχα
514 1448 572 1500 δὲ
608 1447 759 1518 δηλοί
810 1448 905 1500 καὶ
936 1448 1018 1500 ὅτι
1063 1446 1233 1517 χωρὶς
1269 1444 1520 1515 σώματος
1571 1448 1631 1499 οὐ
1669 1446 1935 1515 κολασθή-

336 1555 533 1592 σεται·
567 1539 694 1608 περὶ
730 1530 791 1590 οὗ
836 1536 1283 1607 φυσιολογοῦντες
1326 1537 1393 1590 τὰ
1443 1539 1572 1607 περὶ
1623 1537 1718 1592 τοῦ
1764 1537 1935 1601 εἴδους

336 1631 439 1684 καὶ
486 1628 582 1681 τοῦ
634 1627 852 1699 πρώτου
904 1628 1268 1699 ὑποκειμένου
1337 1629 1659 1699 εἰρήκαμεν.
1713 1628 1821 1682 Καὶ
1875 1629 1936 1682 τὸ

339 1722 498 1793 παρά
544 1720 623 1790 τῷ
662 1720 968 1791 Ἀποστόλῳ
997 1720 1074 1785 δὲ,
1112 1740 1129 1770 ι
1162 1722 1500 1791 Ζωοποιήσει
1535 1722 1628 1773 καὶ
1657 1722 1724 1773 τά
1764 1721 1934 1791 θνητά

2040 530 2183 582 istud
2243 545 2347 582 non
2415 537 2616 597 potest.
2667 527 2845 593 Quare
2897 528 3045 581 arida
3103 529 3220 581 idco
3268 546 3363 584 sua
3430 535 3617 588 dicunt

2036 639 2182 687 ossa,
2230 622 2374 691 quod
2439 623 2490 674 iu
2549 620 2960 690 captivitatibus
3022 623 3111 675 diu
3168 623 3335 677 habiti
3393 626 3609 680 vitalem

2037 728 2255 768 onmem
2309 713 2588 766 humorem
2642 712 2945 766 amiserint.
2991 712 3146 769 Unde
3194 724 3248 768 et
3292 716 3423 771 illud
3478 718 3615 774 infe-

2040 815 2163 858 runt
2191 824 2205 860 :
2247 825 2265 856 ι
2298 806 2467 859 Periit
2490 818 2613 874 spes
2640 813 2827 858 nostra
2858 822 2871 856 :
2908 806 3132 859 abscissi
3163 822 3377 865 sumus.
3410 826 3429 861 ι
3463 810 3614 876 Quo-

2038 896 2185 949 circa
2224 896 2647 951 resurrectionis
2677 896 2762 948 illa
2798 896 2997 965 populo
3039 896 3177 950 facta
3207 900 3500 966 promissio
3545 903 3615 956 ab

2040 988 2126 1040 illa
2158 990 2337 1052 ruina,
2374 1003 2438 1041 ac
2479 986 2623 1041 velut
2670 990 3011 1050 euecatioue,
3050 1005 3153 1057 qua
3191 989 3334 1043 velut
3360 993 3613 1046 exstincti

2036 1088 2185 1142 sunt,
2218 1079 2342 1130 dum
2373 1089 2595 1148 propter
2632 1077 2841 1131 scelera
2892 1077 2943 1130 in
2998 1077 3235 1131 hostium
3282 1092 3611 1147 potestatein

2040 1167 2220 1222 traditi
2240 1178 2386 1234 sunt,
2406 1171 2651 1239 qutedam
2677 1179 2760 1224 est
2781 1170 3039 1223 excitatio
3080 1168 3278 1223 futura.
3302 1170 3611 1238 Quinetiam

2038 1271 2353 1330 peceatores
2375 1278 2403 1315 a
2427 1263 2713 1317 Salvatore
2737 1262 2899 1333 536
2921 1263 3165 1330 sepulcra
3200 1279 3320 1319 esse
3356 1266 3614 1320 dicuntur

2038 1356 2273 1419 ossibus,
2330 1367 2491 1424 atque
2535 1356 2680 1409 omni
2732 1356 3073 1409 immunditia
3110 1357 3287 1424 plena.
3341 1360 3444 1412 Sed
3480 1360 3613 1415 illud

2038 1448 2231 1501 divina:
2263 1448 2531 1515 majestati
2576 1450 2853 1513 convenit,
2892 1456 2949 1501 ut
2978 1448 3318 1519 singulorum
3362 1453 3616 1521 sepulcra

2039 1538 2350 1606 patefaciat,
2404 1549 2460 1594 et
2512 1555 2611 1593 nos
2667 1541 2733 1593 ad
2785 1541 2948 1593 vitam
2999 1544 3334 1595 instauratos
3372 1559 3620 1598 emonu-

2040 1630 2235 1683 mentis
2288 1631 2504 1694 educat,
2553 1632 2777 1699 perinde
2805 1648 2866 1685 ac
2895 1631 3157 1685 Lazarum
3193 1632 3338 1689 foras
3365 1634 3616 1691 Salvator

2038 1725 2299 1777 extraxit.
2336 1722 2453 1776 Jam
2480 1739 2608 1778 vero
2637 1725 2780 1792 quod
2823 1726 2966 1780 hunc
3005 1728 3181 1782 locum
3222 1728 3492 1796 objiciunt
3526 1730 3569 1760 “
3594 1746 3613 1783 :

338 1814 504 1884 ἡμῶν
545 1809 794 1882 σώματα,
818 1829 835 1861 ι
877 1810 1073 1881 θνητοῦ
1117 1811 1273 1875 ὄντος
1302 1810 1397 1863 τοῦ
1428 1810 1699 1880 σώματος,
1730 1812 1822 1864 καὶ
1870 1811 1932 1880 οὐ

2042 1834 2059 1865 ι
2102 1813 2177 1868 lbi
2208 1814 2313 1867 erit
2342 1813 2502 1869 ﬂetus
2532 1824 2586 1868 et
2615 1816 2823 1869 stridor
2859 1816 3130 1879 dentium,
3172 1839 3188 1870 ι
3245 1820 3324 1874 sic
3355 1822 3615 1874 adversus

346 1905 672 1977 μετέχοντος
712 1905 811 1973 τῆς
862 1903 1125 1974 ἀληθινῆς
1174 1902 1347 1973 ζωῆς,
1401 1902 1623 1955 δύναται
1677 1904 1935 1974 παριστά-

342 2016 477 2061 νειν,
522 1999 656 2051 ὅπου
699 1997 760 2049 τὸ
803 1995 1113 2067 σωματικὸν
1158 1992 1316 2059 εἶδος,
1353 1995 1482 2067 περὶ
1531 1991 1592 2050 οὗ
1628 1999 1931 2068 εἰρήκαμεν

342 2096 409 2162 τῇ
449 2091 609 2161 φύσει
668 2090 861 2161 θνητὸν
912 2089 992 2153 ὃν,
1029 2108 1046 2139 ι
1096 2090 1225 2143 ὃταν
1276 2084 1510 2158 Χριστὸς
1562 2089 1847 2159 φανερωθῇ
1898 2089 1930 2159 ἡ

344 2183 461 2253 ζωὴ
521 2181 701 2253 ἡμῶν,
728 2200 745 2232 ι
798 2182 889 2233 καὶ
930 2180 1062 2233 αὐτὸ
1118 2180 1442 2250 μεταϐάλλει
1500 2179 1609 2233 ἀπὸ
1653 2180 1748 2234 τοῦ
1792 2178 1931 2234 εἶναι

344 2276 507 2347 σῶμα
549 2274 781 2328 Θανάτου
829 2268 1182 2345 ζώοποιηθὲν,
1225 2273 1312 2327 διὰ
1344 2271 1405 2326 τὸ
1442 2274 1666 2344 Πνεῦμα
1701 2273 1764 2325 τὸ
1798 2271 1931 2336 ζωο-

344 2369 534 2422 ποιοῦν
564 2367 754 2421 ἐκτοῦ
796 2367 1111 2439 πνεύματος
1138 2366 1442 2435 γεγονέναι.
1468 2364 1581 2419 Καὶ
1607 2365 1689 2427 τὸ,
1731 2382 1748 2414 ι
1788 2365 1933 2435 Ἐρεϊ

340 2461 417 2524 δὲ,
460 2458 585 2522 Πῶς
629 2459 933 2531 ἐγείρονται
976 2458 1025 2511 οί
1067 2459 1284 2528 νεκροὶ,
1317 2456 1455 2526 ποίῳ
1498 2455 1554 2508 δὲ
1591 2454 1803 2525 σώματι
1842 2455 1930 2527 ἔρ-

342 2570 564 2624 χονται;
595 2570 614 2604 )
652 2550 873 2621 γυμνῶς
916 2550 1268 2621 παρίστησιν,
1304 2550 1385 2602 ὅτι
1425 2547 1487 2601 τὸ
1532 2548 1746 2618 πρῶτον
1795 2548 1928 2601 07:0-

344 2644 595 2714 κείμενον
639 2641 738 2696 οὐκ
779 2643 1166 2713 ἀναστήσεται.
1206 2644 1266 2694 El
1298 2640 1409 2712 γὰρ
1444 2640 1624 2703 καλῶς
1657 2639 1926 2708 ἐλάϐομεν

342 2735 405 2789 τὸ
456 2733 825 2805 παράδειγμα,
882 2732 1096 2803 ῥητέον,
1159 2732 1241 2785 ὃτι
1288 2734 1316 2785 ὀ
1357 2730 1729 2803 σπερματικὸς
1773 2730 1929 2797 λόγος

346 2830 402 2880 ὲν
433 2826 508 2897 τῷ
550 2825 732 2896 κόκκῳ
779 2824 874 2877 τοῦ
922 2824 1071 2877 σίτου
1123 2824 1460 2895 δραξάμενος
1509 2823 1613 2893 τῆς
1660 2836 1929 2894 παρακει·

346 2919 514 2990 μένης
557 2918 710 2988 ὕλης,
747 2917 842 2971 καὶ
870 2917 937 2970 δι’
969 2917 1097 2987 ὅλης
1138 2916 1309 2986 αὐτῆς
1354 2917 1633 2987 χωρήσας,
1666 2913 1926 2985 περιδρα-

346 3012 576 3082 ξάμενος
634 3011 803 3081 αὐτῆς
851 3010 945 3064 τοῦ
1008 3008 1172 3063 αὑτοῦ
1225 3008 1418 3070 εἴδους,
1470 3000 1544 3061 ὧν
1596 3007 1707 3076 ἔχει
1763 3005 1926 3059 δυνά-

350 3117 493 3169 μεων
531 3099 807 3168 ἐπιτίθησι
837 3100 902 3169 τῇ
943 3114 1072 3150 ποτε
1110 3099 1212 3167 γῇ,
1262 3096 1356 3149 καὶ
1392 3095 1581 3159 ῦδατι,
1628 3096 1723 3148 καὶ
1769 3095 1926 3165 ἀέρι,
1957 3131 2000 3187 c

348 3192 441 3244 καὶ
489 3192 651 3260 πυρὶ,
702 3190 929 3258 νικήσας
972 3188 1072 3251 τάς
1116 3187 1340 3240 ἐκείνων
1386 3187 1695 3254 ποιότητας,
1757 3202 1922 3254 μετα-

346 3280 527 3333 ϐάλλει
561 3280 651 3331 ἐπὶ
676 3280 877 3347 ταύτην
922 3274 992 3349 ἧς
1019 3280 1165 3331 ἐστιν
1210 3278 1373 3340 αὐτὸς
1417 3276 1781 3347 δημιουργός·
1830 3278 1924 3330 καὶ

348 3370 515 3433 οὕτως
554 3369 967 3439 συμπληροῦται
1006 3369 1035 3420 ὀ
1078 3369 1278 3439 στάχυς
1325 3370 1405 3432 είς
1450 3370 1757 3440 ὑπερϐολὴν
1808 3371 1925 3423 δια-

351 3461 526 3533 φέρων
556 3461 650 3515 τοῦ
688 3460 747 3525 ἐξ
779 3461 955 3533 ἀρχῆς
991 3462 1211 3525 κόκκου,
1262 3460 1481 3532 μεγέθει
1529 3462 1619 3515 καὶ
1654 3464 1920 3533 σχήματι,

353 3558 443 3609 καὶ
480 3554 741 3625 ποικιλίᾳ.

2039 1906 2156 1959 illos
2181 1905 2569 1973 disputandum
2602 1902 2875 1959 est:Cum
2916 1905 2966 1957 in
3011 1906 3112 1959 hac
3152 1907 3257 1958 vita
3310 1908 3613 1960 membrum

2036 2009 2199 2049 omne
2245 1996 2310 2047 ad
2344 2010 2501 2047 nsum
2560 1994 2797 2063 aliquem
2847 2010 2875 2047 a
2922 2010 3135 2048 summo
3183 1996 3272 2050 illo
3312 1997 3506 2066 epiﬂce
3544 1998 3614 2051 sit

2036 2087 2337 2151 conditum,
2394 2095 2506 2139 tum
2564 2102 2694 2141 vero
2746 2088 2937 2141 dentes
2986 2087 3158 2142 solido
3218 2088 3340 2144 cibo
3388 2091 3615 2145 commi-

2037 2178 2251 2233 nuendo
2305 2187 2433 2232 sunt
2486 2177 2634 2231 facti.
2684 2179 2822 2244 Quid
2870 2179 3317 2247 igiturdentibus
3340 2195 3476 2251 Opus
3508 2182 3616 2235 illis

2035 2284 2137 2330 est,
2159 2272 2249 2341 qui
2272 2270 2409 2339 apud
2430 2269 2635 2325 inferos
2658 2274 3009 2327 cruciantur?
3038 2272 3179 2341 Non,
3199 2275 3368 2338 enim,
3394 2275 3611 2345 opinor,

2038 2366 2330 2435 quidquam
2364 2364 2473 2419 illic
2510 2364 2936 2421 inandueatnros
2959 2380 3078 2420 esse
3102 2367 3360 2421 dixerint.
3390 2367 3469 2420 Ad
3500 2368 3614 2422 ha‘c

2036 2454 2263 2509 docendi
2291 2463 2439 2520 sunt,
2472 2467 2579 2507 non
2614 2453 2799 2507 omnia
2840 2456 3068 2524 perinde
3102 2455 3416 2524 accipiemla
3464 2471 3609 2517 esse,

2046 2562 2109 2600 ac
2139 2545 2343 2616 scripta
2387 2553 2534 2599 sunt.
2589 2545 2770 2611 Quare
2814 2546 2922 2600 alio
2972 2546 3088 2601 loco
3118 2548 3376 2616 scripturn
3405 2560 3487 2602 cst
3520 2548 3563 2579 "
3596 2567 3610 2602 :

2040 2656 2059 2689 ι
2097 2639 2297 2692 Dentes
2335 2648 2680 2705 peccatorum
2711 2637 3039 2693 centrivisti.
3080 2658 3098 2690 ι
3138 2639 3267 2694 Item
3307 2639 3387 2694 "z
3438 2658 3455 2689 ι
3496 2639 3612 2694 Μο-

2035 2728 2117 2782 las
2150 2727 2365 2783 leonum
2391 2726 2655 2796 confregit
2681 2727 2960 2783 Dominus.
2985 2747 3002 2779 ι
3025 2727 3158 2783 Nam
3187 2730 3311 2799 quis
3342 2732 3479 2785 adeo
3501 2740 3618 2786 sto-

2034 2820 2182 2875 lidus
2219 2828 2328 2883 est,
2363 2829 2422 2873 ut
2458 2819 2561 2873 sibi
2597 2818 2923 2887 persuadeat
2954 2817 3122 2875 Deum
3154 2822 3448 2876 reservatis
3478 2837 3613 2891 pec-

2037 2920 2285 2965 catorum
2348 2907 2669 2978 corporibus
2715 2907 2859 2963 solos
2917 2909 3108 2964 dentes
3153 2911 3493 2966 conterere?
3542 2910 3617 2966 Ut

2036 3003 2199 3073 igitur
2232 3000 2323 3072 qui
2368 3002 2481 3055 haec
2520 3000 2592 3054 ita
2646 3015 2708 3055 se
2766 3001 2971 3057 habere
3018 3002 3170 3066 velit,
3227 3004 3280 3056 in
3328 3006 3612 3073 angustias

2034 3094 2315 3164 conjecms
2346 3094 2411 3148 ad
2458 3092 2808 3159 allegoricum
2844 3109 3065 3149 sensum
3110 3094 3197 3149 vel
3250 3096 3450 3150 invitus
3494 3106 3609 3149 tra~

2035 3188 2183 3242 hitur
2212 3205 2225 3241 :
2264 3188 2343 3242 sic
2373 3189 2438 3242 de
2468 3189 2702 3244 stridore
2732 3188 2999 3253 dentium,
3024 3189 3077 3242 in
3102 3188 3189 3243 his
3210 3188 3304 3257 qui
3328 3188 3610 3256 suppliciis

2035 3280 2381 3345 abiciuntur,
2444 3281 2722 3350 inquirere
2793 3281 2934 3334 idem
3002 3289 3220 3349 oportet
3270 3297 3283 3334 :
3342 3292 3614 3351 quatenus

2035 3371 2215 3425 anima
2274 3372 2686 3426 connnandendi
2745 3372 3055 3427 nonnullam
3118 3374 3224 3427 vim
3279 3374 3461 3435 habet,
3505 3388 3611 3438 qua

2035 3464 2225 3518 ultimo
2303 3466 2395 3519 illo
2460 3466 2647 3535 jmlicii
2710 3477 2971 3536 tempore,
3037 3481 3159 3520 cum
3236 3466 3303 3521 de
3370 3469 3613 3535 peccatis

2032 3554 2262 3622 quaestio
2298 3556 2606 3619 habebitur,
2644 3559 2865 3625 perinde
2913 3567 2971 3613 ut
3025 3557 3205 3613 collidi
3274 3559 3468 3613 dentes
3514 3573 3609 3611 so-

356 3649 483 3713 lent,
522 3650 591 3701 ita
641 3655 752 3700 tum
817 3644 1068 3700 dentibus
1115 3643 1518 3714 quodammodo
1580 3644 1853 3699 stridebit.
1900 3645 2034 3699 Illud
2087 3661 2214 3700 vero
2259 3646 2299 3677 ³⁷
2345 3666 2357 3700 :

2416 3665 2434 3698 ι
2482 3646 2689 3703 Timete
2742 3663 2866 3704 cum
2901 3649 2992 3718 qui
3048 3658 3226 3713 potest
3272 3652 3507 3705 animam
3554 3662 3611 3704 et

356 3754 543 3808 corpus
589 3736 819 3808 perdere
848 3736 898 3788 in
940 3736 1268 3804 gehennam,
1303 3753 1321 3785 ι
1369 3734 1505 3788 forte
1547 3734 1599 3788 id
1644 3750 1809 3788 unum
1869 3752 1965 3789 nos
2004 3736 2195 3797 docet,
2239 3746 2515 3805 expertem
2563 3752 2684 3793 esse
2732 3740 2977 3807 corporis
3015 3740 3248 3793 animam
3288 3757 3301 3804 ;
3343 3751 3436 3794 aut
3478 3741 3609 3794 illud

358 3834 594 3902 insuper,
650 3832 885 3885 animam
940 3832 1060 3884 sine
1105 3844 1336 3898 corpore
1390 3829 1567 3883 nullas
1618 3844 1811 3900 pmnas
1867 3844 1986 3884 esse
2034 3832 2456 3900 persoluturam.
2513 3834 2587 3887 De
2630 3849 2739 3903 quo
2778 3849 3006 3904 corpore
3048 3850 3167 3905 qua:
3216 3835 3281 3889 ad
3348 3836 3606 3904 speciem,

354 3942 413 3983 ac
452 3928 675 3997 primam
719 3926 1018 3995 subjectam
1062 3924 1348 3978 materiam
1390 3924 1717 3988 attinebant,
1767 3925 1928 3995 paulo
1980 3935 2107 3979 ante
2156 3926 2387 3980 naturali
2435 3929 2642 3984 ratione
2685 3929 3061 3984 disseruimus.
3107 3928 3178 3983 At
3228 3944 3356 3984 vero
3404 3928 3607 3983 dictum

355 4025 473 4078 illud
512 4023 749 4092 Aposleli
786 4024 877 4075 ¹⁸ε
932 4038 951 4073 ‹
1000 4020 1309 4076 Viviticabit
1362 4030 1417 4075 et
1460 4021 1708 4075 mortalia
1766 4035 1950 4077 nostra
2004 4036 2274 4091 corpora;
2315 4042 2334 4075 ι
2388 4039 2513 4080 cum
2560 4035 2804 4080 nostrum
2857 4025 3086 4080 mortale
3123 4026 3195 4077 sit
3238 4039 3469 4092 corpus,
3507 4040 3609 4079 nec

355 4130 488 4171 verre
517 4117 639 4168 vitae
680 4114 973 4185 particeps,
1010 4112 1153 4167 istud
1198 4112 1375 4181 ipsum
1428 4111 1710 4166 declarare
1756 4121 1977 4178 potest:
2032 4127 2353 4179 corpoream
2406 4114 2545 4168 hanc
2597 4112 2833 4182 speciem
2878 4113 2945 4167 de
2986 4128 3092 4182 qua
3143 4124 3301 4165 antea
3347 4112 3606 4165 diximus.

355 4228 468 4282 qua:
508 4222 695 4264 natura
743 4209 987 4263 mortalis
1032 4217 1117 4262 est
1155 4223 1169 4260 :
1219 4225 1238 4258 ι
1281 4206 1416 4261 Cum
1469 4206 1720 4261 Christus
1762 4208 2075 4277 apparuerit
2120 4208 2233 4262 vita
2293 4217 2475 4263 nostra
2528 4210 2604 4272 ",
2646 4224 2664 4260 ι
2717 4219 2771 4263 et
2817 4208 2984 4276 ipsam
3052 4207 3121 4260 ab
3171 4220 3236 4259 eo
3289 4213 3455 4264 statu,
3500 4220 3605 4269 qun

360 4310 549 4379 peccati
593 4322 791 4376 corpus
824 4315 961 4371 erat,
996 4320 1114 4359 esse
1161 4306 1513 4369 mutandam;
1564 4313 1919 4374 posteaquam
1977 4305 2190 4360 scilicet
2233 4306 2305 4360 ab
2340 4302 2559 4360 viviﬁco
2600 4305 2803 4375 Spiritu
2834 4304 2902 4358 ad
2945 4304 3111 4357 vitam
3146 4302 3389 4357 restituta
3422 4301 3604 4361 fuerit,

361 4416 511 4473 atque
552 4404 601 4456 in
649 4401 953 4472 spiritalem
1007 4411 1259 4452 naturam
1311 4397 1605 4453 transierit.
1658 4398 1927 4453 Praeterea
1976 4400 2115 4455 istud
2159 4401 2330 4471 ipsum
2372 4402 2419 4433 ²⁰
2458 4418 2469 4454 :
2515 4418 2533 4451 ι
2580 4400 2685 4454 Sed
2717 4400 2860 4454 dicet
2909 4397 3103 4467 aliquis
3142 4413 3157 4452 :
3193 4395 3474 4463 Quomodo
3520 4409 3606 4446 rc-

359 4509 575 4570 surgunt
606 4497 828 4561 mortui,
867 4508 961 4549 aut
993 4496 1137 4566 quali
1185 4508 1308 4549 cum
1344 4509 1571 4564 corpore
1613 4496 1879 4550 venient?
1924 4514 1943 4547 ι
1997 4496 2176 4566 palam
2226 4497 2357 4553 illud
2400 4498 2661 4561 ostendit,
2712 4497 2939 4567 primam
2974 4493 3274 4563 suhjectam
3317 4489 3603 4544 materiam

364 4593 497 4645 nullo
529 4590 686 4645 modo
714 4603 1018 4658 resurgere.
1050 4588 1180 4641 Nam
1212 4589 1255 4642 si
1298 4598 1447 4642 recte
1480 4589 1815 4657 prepositum
1857 4589 1925 4642 ab
1972 4590 2232 4661 Apostolo
2269 4591 2576 4663 exemplum
2622 4590 2953 4660 accipimus,
3002 4587 3285 4642 dicendum
3332 4594 3415 4638 est
3451 4599 3464 4635 :
3510 4596 3601 4635 se-

365 4687 510 4740 minis
545 4694 814 4747 naturam,
849 4700 969 4753 qua:
1003 4681 1258 4737 frumenti
1290 4696 1462 4753 grano
1497 4683 1653 4736 insita
1704 4695 1820 4749 est,
1858 4685 2031 4739 vicina
2070 4694 2319 4756 correpta
2369 4688 2622 4752 materia,
2675 4696 2841 4741 totam
2888 4682 3033 4737 illam
3075 4679 3390 4750 pervadere,
3440 4686 3603 4742 atque

364 4783 491 4835 illius
524 4782 719 4849 pariter
752 4790 1000 4847 correpta
1028 4779 1229 4847 specie,
1258 4780 1399 4831 vires
1430 4791 1557 4831 suas
1589 4779 1638 4831 in
1683 4780 1753 4839 id,
1786 4781 1929 4848 quod
1963 4791 2090 4835 ante
2132 4791 2299 4847 terra,
2325 4796 2487 4853 aqua,
2530 4800 2641 4848 aer,
2681 4780 2930 4852 ignisque
2961 4778 3159 4840 fuerat,
3198 4771 3599 4832 transfundere,

364 4887 633 4941 earumque
671 4873 967 4941 superatis,
993 4870 1373 4940 qualitatibus,
1415 4871 1468 4924 in
1520 4870 1664 4923 illam
1712 4872 1908 4939 ipsam,
1943 4873 2096 4943 cujus
2134 4884 2219 4929 est
2257 4877 2479 4938 artlfex,
2512 4885 2831 4931 convertere
2868 4892 2881 4926 :
2930 4885 3091 4940 atque
3129 4873 3232 4924 hoc
3282 4871 3440 4918 ιιιοιιυ
3480 4878 3605 4931 per-

366 4971 449 5024 lici
472 4970 684 5038 spicam,
712 4984 832 5039 qua:
863 4984 892 5021 a
937 4968 1122 5037 priore
1145 4979 1314 5037 grano
1340 4968 1535 5019 mirum
1585 4966 1636 5018 in
1671 4968 1911 5030 modum,
1946 4978 1997 5023 et
2028 4970 2421 5041 magnitudine,
2465 4980 2519 5025 et
2558 4970 2755 5041 ﬁgura,
2798 4980 2852 5024 et
2888 4968 3153 5022 varietate
3198 4963 3476 5019 dissideat.

428 5080 529 5134 Τοῦ
571 5078 775 5133 αὑτοῦ.
818 5078 1015 5148 Κρίσις
1050 5077 1166 5129 ἐστὶ
1200 5074 1311 5147 (68)
1359 5075 1581 5129 δικαίων
1618 5074 1713 5145 μὲν
1758 5076 1924 5146 ήάπὸ

2100 5082 2259 5154 537
2298 5083 2574 5149 Ejusdem.
2602 5081 2882 5139 Justorum
2923 5079 3144 5151 quidem
3179 5076 3440 5147 judicium
3463 5112 3481 5139 ,
3517 5081 3601 5127 est

366 5170 641 5243 πρακτικοῦ
688 5169 940 5239 σώματος
972 5169 1065 5221 ἐπὶ
1108 5166 1376 5236 ἁγγελικὰ
1411 5165 1741 5236 μετάϐασις·
1797 5170 1923 5219 ἀσε-

2037 5174 2291 5227 transitus
2318 5174 2386 5228 ab
2414 5188 2644 5243 operoso
2685 5186 2911 5241 corpore
2941 5171 3008 5225 ad
3039 5167 3284 5238 angelica
3326 5176 3555 5230 corpora
3581 5180 3598 5226 ;

367 5266 463 5317 ϐῶν
504 5264 553 5315 δὲ
590 5262 694 5315 ἀπὸ
736 5261 1039 5331 πρακτικοῦ
1088 5260 1339 5332 σώματος
1388 5258 1479 5309 ἐπὶ
1532 5256 1781 5310 σκοτεινά
1824 5258 1917 5311 καὶ

2049 5267 2314 5335 mpiorum
2360 5281 2491 5321 vero
2525 5265 2791 5334 judicium
2824 5306 2839 5331 ,
2872 5271 2956 5318 est
2994 5262 3061 5315 ab
3098 5269 3330 5329 operoso
3370 5269 3598 5323 corpore

369 5355 549 5427 ζοοερὰ
593 5354 879 5424 μετάθεσις
941 5348 1188 5423 σώματα.
1242 5349 1656 5422 Ἐγερθήσονται
1701 5348 1807 5419 γὰρ
1865 5352 1913 5403 οἱ

2037 5358 2080 5407 in
2117 5359 2399 5412 tenebrosa
2432 5367 2488 5411 et
2540 5358 2770 5413 obscura
2820 5370 3047 5425 corpora
3087 5350 3436 5421 permutatio.
3494 5345 3598 5398 lle-

436 5518 475 5549 “
505 5517 797 5576 Matthmu,
841 5513 929 5569 12.
1008 5514 1050 5544 ¹⁸
1077 5510 1221 5567 Psal.
1248 5527 1331 5576 ιιι,
1359 5510 1413 5565 8.
1493 5516 1537 5549 ὀ
1570 5506 1711 5565 Psul.
1739 5521 1868 5569 Lvn,
1895 5504 1945 5557 7.
2044 5506 2085 5539 ⁸⁷
2113 5506 2303 5563 Matth.
2332 5527 2387 5574 x,
2426 5510 2517 5566 28.
2596 5509 2639 5541 ¹⁸
2668 5508 2825 5564 Rom.
2869 5524 2984 5573 vm,
3016 5508 3100 5563 Η.
3200 5508 3244 5539 ¹⁹
3271 5508 3388 5563 Col.
3422 5524 3502 5569 ιιι.
3533 5512 3590 5564 4.

379 5585 416 5614 ¹⁰
444 5588 459 5641 l
485 5590 593 5645 Cor.
627 5603 716 5651 xv,
747 5586 838 5641 55.

1008 5514 1050 5544 ¹⁸
1077 5510 1221 5567 Psal.
1248 5527 1331 5577 ιιι,
1359 5510 1413 5565 8.
1493 5516 1537 5549 ὀ
1570 5508 1711 5565 Psul.
1739 5521 1868 5569 Lvu,
1895 5508 1926 5557 7

2044 5508 2085 5539 "
2113 5508 2303 5563 Matth.
2332 5527 2387 5574 x,
2426 5510 2517 5566 28.
2596 5509 2639 5541 ¹⁸
2668 5508 2825 5564 Rom.
2869 5524 2984 5573 vm,
3016 5508 3100 5563 Η.

440 5711 535 5779 (88)
571 5712 772 5778 Κρίσις
799 5709 956 5772 ἐστι,
1001 5716 1105 5761 etc.
1150 5705 1431 5773 Descripta
1481 5712 1607 5758 sunt
1666 5716 1696 5755 ιε
1744 5698 1960 5756 schedia
2019 5697 2229 5752 Ernesti
2270 5696 2489 5761 Grabii,
2538 5705 2592 5750 et
2641 5693 2967 5760 Combeﬁsii,
3024 5694 3328 5762 Latineque
3394 5688 3616 5743 exstant

386 5786 500 5850 apud
531 5782 831 5834 Barbarum.

663 5876 937 5936 Ριτιιοι.
977 5872 1093 5935 Gn.
1132 5872 1273 5931 XII.
1914 5951 1927 5956 ἢ

3254 5844 3345 5901 35
