  <div class='ocr_page' id='page_1' title='image "/cluster/home/n/w/nwhite01/storage/ocr_20150623/12/hvd.32044052796216/555.png"; bbox 0 0 4058 6244; ppageno 0'>
   <div class='ocr_carea' id='block_1_1' title="bbox 552 356 2077 423">
    <p class='ocr_par' dir='ltr' id='par_1_1' title="bbox 552 356 2043 413">
     <span class='ocr_line' id='line_1_1' title="bbox 552 356 2043 413; baseline 0.001 -2"><span class='ocrx_word' id='word_1_1' title='bbox 552 356 684 413; x_wconf 62' lang='lat'><strong>£099</strong></span> <span class='ocrx_word' id='word_1_2' title='bbox 1956 359 2043 413; x_wconf 74' lang='grc' dir='ltr'><strong>ΕΧ</strong></span> 
     </span>
    </p>
   </div>
   <div class='ocr_carea' id='block_1_2' title="bbox 2182 356 3911 423">
    <p class='ocr_par' dir='ltr' id='par_1_2' title="bbox 2184 358 3911 423">
     <span class='ocr_line' id='line_1_2' title="bbox 2184 358 3911 423; baseline 0.006 -10"><span class='ocrx_word' id='word_1_3' title='bbox 2184 358 2385 415; x_wconf 75' lang='lat' dir='ltr'><strong>ICENE</strong></span> <span class='ocrx_word' id='word_1_4' title='bbox 3764 371 3911 423; x_wconf 55' lang='lat' dir='ltr'><strong>iit!!!</strong></span> 
     </span>
    </p>
   </div>
   <div class='ocr_carea' id='block_1_3' title="bbox 542 469 2077 551">
    <p class='ocr_par' dir='ltr' id='par_1_3' title="bbox 542 469 2077 544">
     <span class='ocr_line' id='line_1_3' title="bbox 542 469 2077 544; baseline 0.001 -18"><span class='ocrx_word' id='word_1_5' title='bbox 542 484 767 542; x_wconf 70' lang='lat' dir='ltr'><strong>surgunt</strong></span> <span class='ocrx_word' id='word_1_6' title='bbox 798 472 940 527; x_wconf 89' lang='lat' dir='ltr'><strong>enim</strong></span> <span class='ocrx_word' id='word_1_7' title='bbox 975 469 1171 544; x_wconf 36' lang='lat' dir='ltr'><strong>impii,&#39;</strong></span> <span class='ocrx_word' id='word_1_8' title='bbox 1197 486 1301 525; x_wconf 84' lang='lat' dir='ltr'><strong>non</strong></span> <span class='ocrx_word' id='word_1_9' title='bbox 1338 471 1392 525; x_wconf 87' lang='lat' dir='ltr'><strong>in</strong></span> <span class='ocrx_word' id='word_1_10' title='bbox 1444 472 1639 541; x_wconf 81' lang='lat' dir='ltr'><strong>priori,</strong></span> <span class='ocrx_word' id='word_1_11' title='bbox 1674 473 1769 527; x_wconf 87' lang='lat' dir='ltr'><strong>scd</strong></span> <span class='ocrx_word' id='word_1_12' title='bbox 1801 474 1852 527; x_wconf 91' lang='lat' dir='ltr'><strong>in</strong></span> <span class='ocrx_word' id='word_1_13' title='bbox 1883 475 2077 529; x_wconf 86' lang='lat' dir='ltr'><strong>secund</strong></span> 
     </span>
    </p>
   </div>
   <div class='ocr_carea' id='block_1_4' title="bbox 2182 469 3914 551">
    <p class='ocr_par' dir='ltr' id='par_1_4' title="bbox 2182 475 3914 551">
     <span class='ocr_line' id='line_1_4' title="bbox 2182 475 3914 551; baseline 0.003 -23"><span class='ocrx_word' id='word_1_14' title='bbox 2182 506 2192 536; x_wconf 63' lang='grc' dir='ltr'><strong>ι</strong></span> <span class='ocrx_word' id='word_1_15' title='bbox 2222 475 2438 538; x_wconf 83' lang='grc' dir='ltr'>ἀσεϐεῖς</span> <span class='ocrx_word' id='word_1_16' title='bbox 2472 476 2570 528; x_wconf 85' lang='grc' dir='ltr'><strong>ούκ</strong></span> <span class='ocrx_word' id='word_1_17' title='bbox 2603 476 2661 527; x_wconf 82' lang='grc' dir='ltr'><strong>ἐν</strong></span> <span class='ocrx_word' id='word_1_18' title='bbox 2687 478 2752 546; x_wconf 82' lang='grc' dir='ltr'>τῇ</span> <span class='ocrx_word' id='word_1_19' title='bbox 2795 477 3034 549; x_wconf 76' lang='grc' dir='ltr'>προτέρᾳ</span> <span class='ocrx_word' id='word_1_20' title='bbox 3075 478 3292 550; x_wconf 80' lang='grc' dir='ltr'>κρίσει,</span> <span class='ocrx_word' id='word_1_21' title='bbox 3322 479 3455 532; x_wconf 77' lang='grc' dir='ltr'>ἀλλ’</span> <span class='ocrx_word' id='word_1_22' title='bbox 3526 480 3612 532; x_wconf 78' lang='grc' dir='ltr'>ὲν</span> <span class='ocrx_word' id='word_1_23' title='bbox 3668 483 3754 551; x_wconf 76' lang='grc' dir='ltr'>τῇ</span> <span class='ocrx_word' id='word_1_24' title='bbox 3792 484 3914 535; x_wconf 74' lang='grc' dir='ltr'>δευ-</span> 
     </span>
    </p>
   </div>
   <div class='ocr_carea' id='block_1_5' title="bbox 535 565 2077 639">
    <p class='ocr_par' dir='ltr' id='par_1_5' title="bbox 535 565 760 636">
     <span class='ocr_line' id='line_1_5' title="bbox 535 565 760 636; baseline 0.009 -17"><span class='ocrx_word' id='word_1_25' title='bbox 535 565 760 636; x_wconf 82' lang='lat' dir='ltr'><strong>judicio.</strong></span> 
     </span>
    </p>
   </div>
   <div class='ocr_carea' id='block_1_6' title="bbox 2182 565 2377 639">
    <p class='ocr_par' dir='ltr' id='par_1_6' title="bbox 2223 569 2377 639">
     <span class='ocr_line' id='line_1_6' title="bbox 2223 569 2377 639; baseline 0 -20"><span class='ocrx_word' id='word_1_26' title='bbox 2223 569 2377 639; x_wconf 80' lang='grc' dir='ltr'>τέρᾳ.</span> 
     </span>
    </p>
   </div>
   <div class='ocr_carea' id='block_1_7' title="bbox 619 655 2077 731">
    <p class='ocr_par' dir='ltr' id='par_1_7' title="bbox 619 655 2077 726">
     <span class='ocr_line' id='line_1_7' title="bbox 619 655 2077 726; baseline -0.001 -13"><span class='ocrx_word' id='word_1_27' title='bbox 619 658 778 713; x_wconf 67' lang='lat' dir='ltr'><strong>Vens.</strong></span> <span class='ocrx_word' id='word_1_28' title='bbox 811 656 863 712; x_wconf 89' lang='lat'><strong>6.</strong></span> <span class='ocrx_word' id='word_1_29' title='bbox 901 655 1163 720; x_wconf 77' lang='lat' dir='ltr'><strong>Quoniam</strong></span> <span class='ocrx_word' id='word_1_30' title='bbox 1193 658 1331 710; x_wconf 79' lang='lat' dir='ltr'><strong>norit</strong></span> <span class='ocrx_word' id='word_1_31' title='bbox 1370 656 1626 711; x_wconf 75' lang='lat' dir='ltr'><strong>Dominus</strong></span> <span class='ocrx_word' id='word_1_32' title='bbox 1658 660 1794 711; x_wconf 79' lang='lat' dir='ltr'><strong>viam</strong></span> <span class='ocrx_word' id='word_1_33' title='bbox 1822 658 2077 726; x_wconf 76' lang='lat' dir='ltr'><strong>juslornm</strong></span> 
     </span>
    </p>
   </div>
   <div class='ocr_carea' id='block_1_8' title="bbox 2182 655 3915 731">
    <p class='ocr_par' dir='ltr' id='par_1_8' title="bbox 2295 659 3915 731">
     <span class='ocr_line' id='line_1_8' title="bbox 2295 659 3915 731; baseline 0.005 -20"><span class='ocrx_word' id='word_1_34' title='bbox 2295 661 2419 712; x_wconf 85' lang='grc' dir='ltr'>Ὅτι</span> <span class='ocrx_word' id='word_1_35' title='bbox 2450 659 2723 729; x_wconf 71' lang='grc' dir='ltr'>γινώσκει</span> <span class='ocrx_word' id='word_1_36' title='bbox 2753 662 2786 714; x_wconf 85' lang='grc' dir='ltr'><strong><em>ό</em></strong></span> <span class='ocrx_word' id='word_1_37' title='bbox 2818 662 3035 729; x_wconf 78' lang='grc' dir='ltr'>Κύριος</span> <span class='ocrx_word' id='word_1_38' title='bbox 3064 662 3207 715; x_wconf 77' lang='grc' dir='ltr'><strong>ὁδὸν</strong></span> <span class='ocrx_word' id='word_1_39' title='bbox 3231 662 3542 727; x_wconf 73' lang='grc' dir='ltr'>δικαίων,</span> <span class='ocrx_word' id='word_1_40' title='bbox 3601 664 3730 718; x_wconf 73' lang='grc' dir='ltr'><strong>καὶ</strong></span> <span class='ocrx_word' id='word_1_41' title='bbox 3768 666 3915 731; x_wconf 67' lang='grc' dir='ltr'>ὁδὸς</span> 
     </span>
    </p>
   </div>
   <div class='ocr_carea' id='block_1_9' title="bbox 536 749 2077 825">
    <p class='ocr_par' dir='ltr' id='par_1_9' title="bbox 536 749 2077 818">
     <span class='ocr_line' id='line_1_9' title="bbox 536 749 2077 818; baseline -0.001 -12"><span class='ocrx_word' id='word_1_42' title='bbox 536 762 585 806; x_wconf 83' lang='lat' dir='ltr'><strong>et</strong></span> <span class='ocrx_word' id='word_1_43' title='bbox 622 753 721 805; x_wconf 78' lang='lat' dir='ltr'><strong>iter</strong></span> <span class='ocrx_word' id='word_1_44' title='bbox 749 749 1023 818; x_wconf 80' lang='lat' dir='ltr'><strong>impiorum</strong></span> <span class='ocrx_word' id='word_1_45' title='bbox 1063 752 1268 817; x_wconf 80' lang='lat' dir='ltr'><strong>peribit.</strong></span> <span class='ocrx_word' id='word_1_46' title='bbox 1304 749 1500 803; x_wconf 80' lang='lat' dir='ltr'><strong>Malum</strong></span> <span class='ocrx_word' id='word_1_47' title='bbox 1530 750 1733 803; x_wconf 88' lang='lat' dir='ltr'><strong>nullum</strong></span> <span class='ocrx_word' id='word_1_48' title='bbox 1770 767 1797 803; x_wconf 92' lang='lat' dir='ltr'><strong>a</strong></span> <span class='ocrx_word' id='word_1_49' title='bbox 1861 751 1989 813; x_wconf 87' lang='lat' dir='ltr'><strong>Deo,</strong></span> <span class='ocrx_word' id='word_1_50' title='bbox 2022 766 2077 805; x_wconf 90' lang='lat' dir='ltr'><strong>se</strong></span> 
     </span>
    </p>
   </div>
   <div class='ocr_carea' id='block_1_10' title="bbox 2182 749 3911 825">
    <p class='ocr_par' dir='ltr' id='par_1_10' title="bbox 2215 752 3911 825">
     <span class='ocr_line' id='line_1_10' title="bbox 2215 752 3911 825; baseline 0.002 -19"><span class='ocrx_word' id='word_1_51' title='bbox 2215 752 2447 806; x_wconf 76' lang='grc' dir='ltr'>ἀσεϐῶν</span> <span class='ocrx_word' id='word_1_52' title='bbox 2480 753 2806 807; x_wconf 75' lang='grc' dir='ltr'>ἀπολεῖται.</span> <span class='ocrx_word' id='word_1_53' title='bbox 2842 754 3005 807; x_wconf 77' lang='grc' dir='ltr'>Οὐδὲν</span> <span class='ocrx_word' id='word_1_54' title='bbox 3041 755 3145 808; x_wconf 71' lang='grc' dir='ltr'><strong>ὑπὸ</strong></span> <span class='ocrx_word' id='word_1_55' title='bbox 3176 755 3312 809; x_wconf 85' lang='grc' dir='ltr'>Θεοῦ</span> <span class='ocrx_word' id='word_1_56' title='bbox 3341 756 3772 825; x_wconf 72' lang='grc' dir='ltr'><strong>γινώσκεται</strong></span> <span class='ocrx_word' id='word_1_57' title='bbox 3796 758 3911 825; x_wconf 71' lang='lat'><strong>(69)</strong></span> 
     </span>
    </p>
   </div>
   <div class='ocr_carea' id='block_1_11' title="bbox 533 840 2077 919">
    <p class='ocr_par' dir='ltr' id='par_1_11' title="bbox 533 840 2077 914">
     <span class='ocr_line' id='line_1_11' title="bbox 533 840 2077 914; baseline 0 -17"><span class='ocrx_word' id='word_1_58' title='bbox 533 845 807 914; x_wconf 88' lang='lat' dir='ltr'><strong>justornm</strong></span> <span class='ocrx_word' id='word_1_59' title='bbox 860 844 941 896; x_wconf 84' lang='lat' dir='ltr'><strong>via</strong></span> <span class='ocrx_word' id='word_1_60' title='bbox 975 843 1322 912; x_wconf 85' lang='lat' dir='ltr'><strong>cognoscitur</strong></span> <span class='ocrx_word' id='word_1_61' title='bbox 1370 843 1438 894; x_wconf 80' lang='grc'><strong>²¹.</strong></span> <span class='ocrx_word' id='word_1_62' title='bbox 1478 860 1497 893; x_wconf 80' lang='grc' dir='ltr'>ι</span> <span class='ocrx_word' id='word_1_63' title='bbox 1526 840 1684 895; x_wconf 85' lang='lat' dir='ltr'><strong>Novit</strong></span> <span class='ocrx_word' id='word_1_64' title='bbox 1712 860 1730 893; x_wconf 71' lang='grc' dir='ltr'><strong>ι</strong></span> <span class='ocrx_word' id='word_1_65' title='bbox 1765 842 1911 896; x_wconf 90' lang='lat' dir='ltr'><strong>enim</strong></span> <span class='ocrx_word' id='word_1_66' title='bbox 1950 862 1968 893; x_wconf 81' lang='grc' dir='ltr'>ι</span> <span class='ocrx_word' id='word_1_67' title='bbox 2006 842 2077 897; x_wconf 89' lang='lat' dir='ltr'><strong>Do</strong></span> 
     </span>
    </p>
   </div>
   <div class='ocr_carea' id='block_1_12' title="bbox 2182 840 3915 919">
    <p class='ocr_par' dir='ltr' id='par_1_12' title="bbox 2216 842 3915 919">
     <span class='ocr_line' id='line_1_12' title="bbox 2216 842 3915 919; baseline 0.004 -25"><span class='ocrx_word' id='word_1_68' title='bbox 2216 842 2448 911; x_wconf 82' lang='grc' dir='ltr'>φαῦλον,</span> <span class='ocrx_word' id='word_1_69' title='bbox 2503 843 2615 897; x_wconf 84' lang='grc' dir='ltr'>ἀλλ’</span> <span class='ocrx_word' id='word_1_70' title='bbox 2662 846 2694 915; x_wconf 78' lang='grc' dir='ltr'><strong>ἡ</strong></span> <span class='ocrx_word' id='word_1_71' title='bbox 2730 843 2838 897; x_wconf 85' lang='grc' dir='ltr'>τῶν</span> <span class='ocrx_word' id='word_1_72' title='bbox 2872 845 3095 898; x_wconf 87' lang='grc' dir='ltr'>δικαίων</span> <span class='ocrx_word' id='word_1_73' title='bbox 3138 845 3272 909; x_wconf 81' lang='grc' dir='ltr'>ὁδός.</span> <span class='ocrx_word' id='word_1_74' title='bbox 3331 866 3349 897; x_wconf 78' lang='grc' dir='ltr'>ι</span> <span class='ocrx_word' id='word_1_75' title='bbox 3382 847 3635 915; x_wconf 78' lang='grc' dir='ltr'>Ἔγνω</span> <span class='ocrx_word' id='word_1_76' title='bbox 3710 868 3732 898; x_wconf 73' lang='grc' dir='ltr'>ι</span> <span class='ocrx_word' id='word_1_77' title='bbox 3800 849 3915 919; x_wconf 70' lang='grc' dir='ltr'>γὰρ</span> 
     </span>
    </p>
   </div>
   <div class='ocr_carea' id='block_1_13' title="bbox 536 930 2077 1004">
    <p class='ocr_par' dir='ltr' id='par_1_13' title="bbox 536 930 2077 1003">
     <span class='ocr_line' id='line_1_13' title="bbox 536 930 2077 1003; baseline 0 -16"><span class='ocrx_word' id='word_1_78' title='bbox 536 937 715 988; x_wconf 89' lang='lat' dir='ltr'><strong>minus</strong></span> <span class='ocrx_word' id='word_1_79' title='bbox 753 936 842 1003; x_wconf 87' lang='lat' dir='ltr'><strong>qui</strong></span> <span class='ocrx_word' id='word_1_80' title='bbox 895 943 1024 988; x_wconf 87' lang='lat' dir='ltr'><strong>sunt</strong></span> <span class='ocrx_word' id='word_1_81' title='bbox 1063 933 1198 1000; x_wconf 86' lang='lat' dir='ltr'><strong>ejus.</strong></span> <span class='ocrx_word' id='word_1_82' title='bbox 1238 951 1255 982; x_wconf 75' lang='grc' dir='ltr'><strong>ι</strong></span> <span class='ocrx_word' id='word_1_83' title='bbox 1300 930 1578 986; x_wconf 70' lang='lat' dir='ltr'><strong>iustorum</strong></span> <span class='ocrx_word' id='word_1_84' title='bbox 1612 947 1746 987; x_wconf 88' lang='lat' dir='ltr'><strong>vero</strong></span> <span class='ocrx_word' id='word_1_85' title='bbox 1779 933 1861 985; x_wconf 75' lang='lat' dir='ltr'><strong>ria</strong></span> <span class='ocrx_word' id='word_1_86' title='bbox 1900 944 1982 987; x_wconf 90' lang='lat' dir='ltr'><strong>est</strong></span> <span class='ocrx_word' id='word_1_87' title='bbox 2021 934 2077 987; x_wconf 88' lang='lat' dir='ltr'><strong>ill</strong></span> 
     </span>
    </p>
   </div>
   <div class='ocr_carea' id='block_1_14' title="bbox 2182 930 3913 1004">
    <p class='ocr_par' dir='ltr' id='par_1_14' title="bbox 2220 932 3913 1004">
     <span class='ocr_line' id='line_1_14' title="bbox 2220 932 3913 1004; baseline 0.005 -20"><span class='ocrx_word' id='word_1_88' title='bbox 2220 952 2237 983; x_wconf 84' lang='grc' dir='ltr'>ι</span> <span class='ocrx_word' id='word_1_89' title='bbox 2274 932 2477 1004; x_wconf 85' lang='grc' dir='ltr'>Κύριος</span> <span class='ocrx_word' id='word_1_90' title='bbox 2499 935 2625 997; x_wconf 84' lang='grc' dir='ltr'>τοὺς</span> <span class='ocrx_word' id='word_1_91' title='bbox 2658 934 2819 998; x_wconf 73' lang='grc' dir='ltr'>ὄντας</span> <span class='ocrx_word' id='word_1_92' title='bbox 2850 936 3035 990; x_wconf 86' lang='grc' dir='ltr'>αὐτοῦ.</span> <span class='ocrx_word' id='word_1_93' title='bbox 3074 956 3094 987; x_wconf 74' lang='grc' dir='ltr'>ι</span> <span class='ocrx_word' id='word_1_94' title='bbox 3141 936 3287 1001; x_wconf 79' lang='grc' dir='ltr'>Ὁδὸς</span> <span class='ocrx_word' id='word_1_95' title='bbox 3320 937 3375 990; x_wconf 79' lang='grc' dir='ltr'>δὲ</span> <span class='ocrx_word' id='word_1_96' title='bbox 3417 938 3736 991; x_wconf 79' lang='grc' dir='ltr'>δικαίων</span> <span class='ocrx_word' id='word_1_97' title='bbox 3772 943 3806 992; x_wconf 70' lang='grc' dir='ltr'>ὁ</span> <span class='ocrx_word' id='word_1_98' title='bbox 3839 943 3913 993; x_wconf 79' lang='grc' dir='ltr'>εί-</span> 
     </span>
    </p>
   </div>
   <div class='ocr_carea' id='block_1_15' title="bbox 532 1020 2077 1100">
    <p class='ocr_par' dir='ltr' id='par_1_15' title="bbox 532 1026 2077 1100">
     <span class='ocr_line' id='line_1_15' title="bbox 532 1026 2077 1100; baseline -0.003 -17"><span class='ocrx_word' id='word_1_99' title='bbox 532 1032 622 1100; x_wconf 84' lang='lat' dir='ltr'><strong>qui</strong></span> <span class='ocrx_word' id='word_1_100' title='bbox 645 1031 779 1084; x_wconf 83' lang='lat' dir='ltr'><strong>dixit</strong></span> <span class='ocrx_word' id='word_1_101' title='bbox 798 1030 877 1082; x_wconf 80' lang='lat' dir='ltr'><strong>&quot;z</strong></span> <span class='ocrx_word' id='word_1_102' title='bbox 908 1047 927 1079; x_wconf 80' lang='grc' dir='ltr'>ι</span> <span class='ocrx_word' id='word_1_103' title='bbox 955 1028 1064 1096; x_wconf 85' lang='lat' dir='ltr'><strong>Ego</strong></span> <span class='ocrx_word' id='word_1_104' title='bbox 1090 1042 1205 1080; x_wconf 89' lang='lat' dir='ltr'><strong>sum</strong></span> <span class='ocrx_word' id='word_1_105' title='bbox 1236 1026 1343 1089; x_wconf 84' lang='lat' dir='ltr'><strong>via,</strong></span> <span class='ocrx_word' id='word_1_106' title='bbox 1374 1046 1393 1077; x_wconf 73' lang='grc' dir='ltr'><strong>ι</strong></span> <span class='ocrx_word' id='word_1_107' title='bbox 1421 1027 1487 1079; x_wconf 91' lang='lat' dir='ltr'><strong>de</strong></span> <span class='ocrx_word' id='word_1_108' title='bbox 1510 1041 1618 1092; x_wconf 92' lang='lat' dir='ltr'><strong>quo</strong></span> <span class='ocrx_word' id='word_1_109' title='bbox 1643 1028 1803 1081; x_wconf 66' lang='lat' dir='ltr'><strong>etiam</strong></span> <span class='ocrx_word' id='word_1_110' title='bbox 1822 1027 2019 1081; x_wconf 84' lang='lat' dir='ltr'><strong>dicitur</strong></span> <span class='ocrx_word' id='word_1_111' title='bbox 2041 1029 2077 1059; x_wconf 77' lang='lat'>“</span> 
     </span>
    </p>
   </div>
   <div class='ocr_carea' id='block_1_16' title="bbox 2182 1020 3907 1100">
    <p class='ocr_par' dir='ltr' id='par_1_16' title="bbox 2214 1020 3907 1097">
     <span class='ocr_line' id='line_1_16' title="bbox 2214 1020 3907 1097; baseline 0.004 -22"><span class='ocrx_word' id='word_1_112' title='bbox 2214 1022 2362 1076; x_wconf 73' lang='grc' dir='ltr'><strong>πώνο</strong></span> <span class='ocrx_word' id='word_1_113' title='bbox 2420 1043 2438 1074; x_wconf 82' lang='grc' dir='ltr'><strong>ι</strong></span> <span class='ocrx_word' id='word_1_114' title='bbox 2497 1022 2638 1092; x_wconf 82' lang='grc' dir='ltr'><strong>Ἐγώ</strong></span> <span class='ocrx_word' id='word_1_115' title='bbox 2682 1026 2799 1095; x_wconf 89' lang='grc' dir='ltr'>εἰμι</span> <span class='ocrx_word' id='word_1_116' title='bbox 2850 1027 2883 1096; x_wconf 81' lang='grc' dir='ltr'><strong>η</strong></span> <span class='ocrx_word' id='word_1_117' title='bbox 2937 1025 3084 1089; x_wconf 84' lang='grc' dir='ltr'>ὁδὸς,</span> <span class='ocrx_word' id='word_1_118' title='bbox 3136 1045 3154 1077; x_wconf 73' lang='grc' dir='ltr'>ι</span> <span class='ocrx_word' id='word_1_119' title='bbox 3210 1028 3341 1097; x_wconf 67' lang='grc' dir='ltr'>περὶ</span> <span class='ocrx_word' id='word_1_120' title='bbox 3396 1020 3476 1080; x_wconf 75' lang='grc' dir='ltr'>οὗ</span> <span class='ocrx_word' id='word_1_121' title='bbox 3558 1026 3907 1083; x_wconf 71' lang='grc' dir='ltr'>λέλεκταιο</span> 
     </span>
    </p>
   </div>
   <div class='ocr_carea' id='block_1_17' title="bbox 536 1115 2077 1189">
    <p class='ocr_par' dir='ltr' id='par_1_17' title="bbox 536 1118 2073 1189">
     <span class='ocr_line' id='line_1_17' title="bbox 536 1118 2073 1189; baseline -0.001 -14"><span class='ocrx_word' id='word_1_122' title='bbox 536 1122 769 1177; x_wconf 65' lang='lat' dir='ltr'><strong>«Videte</strong></span> <span class='ocrx_word' id='word_1_123' title='bbox 810 1134 931 1189; x_wconf 71' lang='lat' dir='ltr'><strong>qua:</strong></span> <span class='ocrx_word' id='word_1_124' title='bbox 980 1120 1053 1172; x_wconf 90' lang='lat' dir='ltr'><strong>sit</strong></span> <span class='ocrx_word' id='word_1_125' title='bbox 1086 1119 1171 1171; x_wconf 81' lang='lat' dir='ltr'><strong>via</strong></span> <span class='ocrx_word' id='word_1_126' title='bbox 1208 1118 1370 1171; x_wconf 89' lang='lat' dir='ltr'><strong>bona.</strong></span> <span class='ocrx_word' id='word_1_127' title='bbox 1397 1138 1418 1169; x_wconf 79' lang='grc'><strong><em>›</em></strong></span> <span class='ocrx_word' id='word_1_128' title='bbox 1473 1118 1766 1186; x_wconf 90' lang='lat' dir='ltr'><strong>lmpiorum</strong></span> <span class='ocrx_word' id='word_1_129' title='bbox 1814 1128 1992 1173; x_wconf 87' lang='lat' dir='ltr'><strong>autem</strong></span> <span class='ocrx_word' id='word_1_130' title='bbox 2024 1119 2073 1175; x_wconf 86' lang='lat' dir='ltr'><strong>vi</strong></span> 
     </span>
    </p>
   </div>
   <div class='ocr_carea' id='block_1_18' title="bbox 2182 1115 3904 1189">
    <p class='ocr_par' dir='ltr' id='par_1_18' title="bbox 2222 1115 3904 1188">
     <span class='ocr_line' id='line_1_18' title="bbox 2222 1115 3904 1188; baseline 0.002 -21"><span class='ocrx_word' id='word_1_131' title='bbox 2222 1135 2240 1166; x_wconf 83' lang='grc' dir='ltr'><strong>ι</strong></span> <span class='ocrx_word' id='word_1_132' title='bbox 2282 1115 2445 1169; x_wconf 82' lang='grc' dir='ltr'>Ἴδετε</span> <span class='ocrx_word' id='word_1_133' title='bbox 2493 1116 2549 1168; x_wconf 84' lang='grc' dir='ltr'>δὲ</span> <span class='ocrx_word' id='word_1_134' title='bbox 2591 1117 2717 1169; x_wconf 84' lang='grc' dir='ltr'>ποία</span> <span class='ocrx_word' id='word_1_135' title='bbox 2747 1118 2894 1170; x_wconf 76' lang='grc' dir='ltr'>ἐστὶν</span> <span class='ocrx_word' id='word_1_136' title='bbox 2935 1119 2968 1187; x_wconf 78' lang='grc' dir='ltr'>ὴ</span> <span class='ocrx_word' id='word_1_137' title='bbox 3005 1117 3119 1180; x_wconf 80' lang='grc' dir='ltr'>ὁδὸς</span> <span class='ocrx_word' id='word_1_138' title='bbox 3165 1121 3197 1187; x_wconf 81' lang='grc' dir='ltr'><strong>η</strong></span> <span class='ocrx_word' id='word_1_139' title='bbox 3244 1117 3461 1188; x_wconf 73' lang='grc' dir='ltr'>ἀγαθή-</span> <span class='ocrx_word' id='word_1_140' title='bbox 3528 1138 3557 1170; x_wconf 71' lang='grc' dir='ltr'>ι</span> <span class='ocrx_word' id='word_1_141' title='bbox 3631 1120 3815 1182; x_wconf 73' lang='grc' dir='ltr'>Ὁδὸς</span> <span class='ocrx_word' id='word_1_142' title='bbox 3848 1120 3904 1171; x_wconf 78' lang='grc' dir='ltr'>δὲ</span> 
     </span>
    </p>
   </div>
   <div class='ocr_carea' id='block_1_19' title="bbox 528 1207 2077 1284">
    <p class='ocr_par' dir='ltr' id='par_1_19' title="bbox 528 1212 2077 1281">
     <span class='ocr_line' id='line_1_19' title="bbox 528 1212 2077 1281; baseline -0.003 -11"><span class='ocrx_word' id='word_1_143' title='bbox 528 1227 614 1269; x_wconf 89' lang='lat' dir='ltr'><strong>est</strong></span> <span class='ocrx_word' id='word_1_144' title='bbox 653 1216 736 1268; x_wconf 87' lang='lat' dir='ltr'><strong>illa</strong></span> <span class='ocrx_word' id='word_1_145' title='bbox 773 1216 824 1267; x_wconf 90' lang='lat' dir='ltr'><strong>in</strong></span> <span class='ocrx_word' id='word_1_146' title='bbox 872 1229 975 1281; x_wconf 88' lang='lat' dir='ltr'><strong>qua</strong></span> <span class='ocrx_word' id='word_1_147' title='bbox 1012 1212 1291 1266; x_wconf 89' lang='lat' dir='ltr'><strong>ambulant</strong></span> <span class='ocrx_word' id='word_1_148' title='bbox 1323 1212 1413 1279; x_wconf 93' lang='lat' dir='ltr'><strong>qui</strong></span> <span class='ocrx_word' id='word_1_149' title='bbox 1448 1213 1513 1266; x_wconf 87' lang='lat' dir='ltr'><strong>de</strong></span> <span class='ocrx_word' id='word_1_150' title='bbox 1546 1212 1808 1268; x_wconf 88' lang='lat' dir='ltr'><strong>Creatore</strong></span> <span class='ocrx_word' id='word_1_151' title='bbox 1843 1212 1986 1266; x_wconf 90' lang='lat' dir='ltr'><strong>male</strong></span> <span class='ocrx_word' id='word_1_152' title='bbox 2031 1212 2077 1266; x_wconf 89' lang='lat' dir='ltr'><strong>lu</strong></span> 
     </span>
    </p>
   </div>
   <div class='ocr_carea' id='block_1_20' title="bbox 2182 1207 3899 1284">
    <p class='ocr_par' dir='ltr' id='par_1_20' title="bbox 2208 1207 3899 1284">
     <span class='ocr_line' id='line_1_20' title="bbox 2208 1207 3899 1284; baseline 0.004 -24"><span class='ocrx_word' id='word_1_153' title='bbox 2208 1207 2421 1261; x_wconf 80' lang='grc' dir='ltr'>ἀσεϐῶν</span> <span class='ocrx_word' id='word_1_154' title='bbox 2456 1208 2523 1277; x_wconf 76' lang='grc' dir='ltr'>ἢν</span> <span class='ocrx_word' id='word_1_155' title='bbox 2561 1208 2833 1261; x_wconf 76' lang='grc' dir='ltr'>ὁδεύουσιν</span> <span class='ocrx_word' id='word_1_156' title='bbox 2869 1210 2916 1261; x_wconf 80' lang='grc' dir='ltr'>οἱ</span> <span class='ocrx_word' id='word_1_157' title='bbox 2950 1209 3372 1278; x_wconf 77' lang='grc' dir='ltr'><strong>κακολογοῦντες</strong></span> <span class='ocrx_word' id='word_1_158' title='bbox 3400 1212 3530 1265; x_wconf 72' lang='grc' dir='ltr'>τὸν</span> <span class='ocrx_word' id='word_1_159' title='bbox 3571 1216 3899 1284; x_wconf 76' lang='grc' dir='ltr'>Δημιουρ-</span> 
     </span>
    </p>
   </div>
   <div class='ocr_carea' id='block_1_21' title="bbox 527 1300 2077 1375">
    <p class='ocr_par' dir='ltr' id='par_1_21' title="bbox 527 1303 2077 1375">
     <span class='ocr_line' id='line_1_21' title="bbox 527 1303 2077 1375; baseline -0.003 -15"><span class='ocrx_word' id='word_1_160' title='bbox 527 1317 788 1375; x_wconf 88' lang='lat' dir='ltr'><strong>quuutur.</strong></span> <span class='ocrx_word' id='word_1_161' title='bbox 824 1305 1036 1374; x_wconf 83' lang='lat' dir='ltr'><strong>ignorat</strong></span> <span class='ocrx_word' id='word_1_162' title='bbox 1095 1320 1193 1356; x_wconf 85' lang='lat' dir='ltr'><strong>nec</strong></span> <span class='ocrx_word' id='word_1_163' title='bbox 1246 1304 1396 1358; x_wconf 89' lang='lat' dir='ltr'><strong>novit</strong></span> <span class='ocrx_word' id='word_1_164' title='bbox 1443 1303 1581 1357; x_wconf 86' lang='lat' dir='ltr'><strong>maia</strong></span> <span class='ocrx_word' id='word_1_165' title='bbox 1611 1344 1626 1369; x_wconf 94' lang='lat'><strong>,</strong></span> <span class='ocrx_word' id='word_1_166' title='bbox 1666 1319 1771 1357; x_wconf 89' lang='lat' dir='ltr'><strong>non</strong></span> <span class='ocrx_word' id='word_1_167' title='bbox 1814 1303 1955 1372; x_wconf 91' lang='lat' dir='ltr'><strong>quod</strong></span> <span class='ocrx_word' id='word_1_168' title='bbox 1996 1318 2077 1357; x_wconf 70' lang='lat' dir='ltr'><strong>non</strong></span> 
     </span>
    </p>
   </div>
   <div class='ocr_carea' id='block_1_22' title="bbox 2182 1300 3901 1375">
    <p class='ocr_par' dir='ltr' id='par_1_22' title="bbox 2207 1300 3901 1375">
     <span class='ocr_line' id='line_1_22' title="bbox 2207 1300 3901 1375; baseline 0.004 -23"><span class='ocrx_word' id='word_1_169' title='bbox 2207 1300 2321 1368; x_wconf 85' lang='grc' dir='ltr'>γόν.</span> <span class='ocrx_word' id='word_1_170' title='bbox 2370 1302 2581 1370; x_wconf 84' lang='grc' dir='ltr'>Ἀγνοεί</span> <span class='ocrx_word' id='word_1_171' title='bbox 2604 1302 2657 1354; x_wconf 84' lang='grc' dir='ltr'><strong>δὲ</strong></span> <span class='ocrx_word' id='word_1_172' title='bbox 2693 1302 2788 1354; x_wconf 70' lang='grc' dir='ltr'><strong>καὶ</strong></span> <span class='ocrx_word' id='word_1_173' title='bbox 2815 1303 2873 1355; x_wconf 83' lang='grc' dir='ltr'><strong>ού</strong></span> <span class='ocrx_word' id='word_1_174' title='bbox 2905 1301 3163 1369; x_wconf 79' lang='grc' dir='ltr'><strong>γινώσκει</strong></span> <span class='ocrx_word' id='word_1_175' title='bbox 3190 1303 3258 1356; x_wconf 75' lang='grc' dir='ltr'><strong>τά</strong></span> <span class='ocrx_word' id='word_1_176' title='bbox 3290 1306 3440 1358; x_wconf 77' lang='grc' dir='ltr'>κακὰ</span> <span class='ocrx_word' id='word_1_177' title='bbox 3468 1346 3491 1369; x_wconf 84' lang='grc'><strong>,</strong></span> <span class='ocrx_word' id='word_1_178' title='bbox 3538 1308 3629 1359; x_wconf 76' lang='grc' dir='ltr'>οὐ</span> <span class='ocrx_word' id='word_1_179' title='bbox 3683 1306 3777 1375; x_wconf 78' lang='grc' dir='ltr'>τῷ</span> <span class='ocrx_word' id='word_1_180' title='bbox 3807 1307 3901 1359; x_wconf 72' lang='grc' dir='ltr'>δύο</span> 
     </span>
    </p>
   </div>
   <div class='ocr_carea' id='block_1_23' title="bbox 526 1391 2077 1469">
    <p class='ocr_par' dir='ltr' id='par_1_23' title="bbox 526 1396 2077 1466">
     <span class='ocr_line' id='line_1_23' title="bbox 526 1396 2077 1466; baseline -0.003 -15"><span class='ocrx_word' id='word_1_181' title='bbox 526 1401 697 1466; x_wconf 77' lang='lat' dir='ltr'><strong>possit</strong></span> <span class='ocrx_word' id='word_1_182' title='bbox 740 1398 924 1451; x_wconf 83' lang='lat' dir='ltr'><strong>omnia</strong></span> <span class='ocrx_word' id='word_1_183' title='bbox 972 1397 1435 1466; x_wconf 85' lang='lat' dir='ltr'><strong>comprehendere</strong></span> <span class='ocrx_word' id='word_1_184' title='bbox 1482 1406 1537 1451; x_wconf 86' lang='lat' dir='ltr'><strong>et</strong></span> <span class='ocrx_word' id='word_1_185' title='bbox 1592 1396 1949 1465; x_wconf 71' lang='lat' dir='ltr'><strong>intelligentia</strong></span> <span class='ocrx_word' id='word_1_186' title='bbox 2000 1410 2077 1449; x_wconf 71' lang='lat' dir='ltr'><strong>su:</strong></span> 
     </span>
    </p>
   </div>
   <div class='ocr_carea' id='block_1_24' title="bbox 2182 1391 3894 1469">
    <p class='ocr_par' dir='ltr' id='par_1_24' title="bbox 2207 1391 3894 1469">
     <span class='ocr_line' id='line_1_24' title="bbox 2207 1391 3894 1469; baseline 0.006 -26"><span class='ocrx_word' id='word_1_187' title='bbox 2207 1391 2398 1445; x_wconf 79' lang='grc' dir='ltr'>νασοαι</span> <span class='ocrx_word' id='word_1_188' title='bbox 2422 1392 2582 1445; x_wconf 75' lang='grc' dir='ltr'>αὑτὸν</span> <span class='ocrx_word' id='word_1_189' title='bbox 2611 1393 3035 1464; x_wconf 77' lang='grc' dir='ltr'>περιδράξασθαι</span> <span class='ocrx_word' id='word_1_190' title='bbox 3072 1395 3309 1461; x_wconf 84' lang='grc' dir='ltr'>πάντων,</span> <span class='ocrx_word' id='word_1_191' title='bbox 3346 1403 3441 1450; x_wconf 77' lang='grc' dir='ltr'><strong>καὶ</strong></span> <span class='ocrx_word' id='word_1_192' title='bbox 3495 1400 3894 1469; x_wconf 67' lang='grc' dir='ltr'>περιλαϐεῖν</span> 
     </span>
    </p>
   </div>
   <div class='ocr_carea' id='block_1_25' title="bbox 517 1483 2077 1567">
    <p class='ocr_par' dir='ltr' id='par_1_25' title="bbox 517 1486 2077 1567">
     <span class='ocr_line' id='line_1_25' title="bbox 517 1486 2077 1567; baseline -0.003 -24"><span class='ocrx_word' id='word_1_193' title='bbox 517 1491 737 1567; x_wconf 67' lang='lat' dir='ltr'><strong>assequi</strong></span> <span class='ocrx_word' id='word_1_194' title='bbox 771 1488 897 1561; x_wconf 91' lang='lat' dir='ltr'><strong>(hoc</strong></span> <span class='ocrx_word' id='word_1_195' title='bbox 932 1489 1075 1543; x_wconf 90' lang='lat' dir='ltr'><strong>enim</strong></span> <span class='ocrx_word' id='word_1_196' title='bbox 1107 1490 1174 1543; x_wconf 86' lang='lat' dir='ltr'><strong>de</strong></span> <span class='ocrx_word' id='word_1_197' title='bbox 1204 1488 1311 1542; x_wconf 85' lang='lat' dir='ltr'><strong>Deo</strong></span> <span class='ocrx_word' id='word_1_198' title='bbox 1342 1489 1586 1556; x_wconf 83' lang='lat' dir='ltr'><strong>cogitare</strong></span> <span class='ocrx_word' id='word_1_199' title='bbox 1615 1486 1810 1557; x_wconf 77' lang='lat' dir='ltr'><strong>nefas),</strong></span> <span class='ocrx_word' id='word_1_200' title='bbox 1838 1488 1931 1542; x_wconf 87' lang='lat' dir='ltr'><strong>sed</strong></span> <span class='ocrx_word' id='word_1_201' title='bbox 1958 1503 2077 1555; x_wconf 76' lang='lat' dir='ltr'><strong>qum</strong></span> 
     </span>
    </p>
   </div>
   <div class='ocr_carea' id='block_1_26' title="bbox 2182 1483 3894 1567">
    <p class='ocr_par' dir='ltr' id='par_1_26' title="bbox 2204 1483 3894 1559">
     <span class='ocr_line' id='line_1_26' title="bbox 2204 1483 3894 1559; baseline 0.007 -26"><span class='ocrx_word' id='word_1_202' title='bbox 2204 1484 2270 1553; x_wconf 78' lang='grc' dir='ltr'>τῇ</span> <span class='ocrx_word' id='word_1_203' title='bbox 2301 1483 2511 1555; x_wconf 76' lang='grc' dir='ltr'>διανοίᾳ</span> <span class='ocrx_word' id='word_1_204' title='bbox 2528 1484 2690 1537; x_wconf 80' lang='grc' dir='ltr'>αὑτοῦ</span> <span class='ocrx_word' id='word_1_205' title='bbox 2732 1484 2908 1555; x_wconf 89' lang='grc' dir='ltr'>(τοῦτο</span> <span class='ocrx_word' id='word_1_206' title='bbox 2940 1485 3049 1556; x_wconf 87' lang='grc' dir='ltr'>γὰρ</span> <span class='ocrx_word' id='word_1_207' title='bbox 3068 1486 3328 1557; x_wconf 79' lang='grc' dir='ltr'>ἀθέμιτον</span> <span class='ocrx_word' id='word_1_208' title='bbox 3361 1490 3465 1542; x_wconf 75' lang='grc' dir='ltr'><strong>καὶ</strong></span> <span class='ocrx_word' id='word_1_209' title='bbox 3514 1490 3894 1559; x_wconf 69' lang='grc' dir='ltr'>λογίζεσθαι</span> 
     </span>
    </p>
   </div>
   <div class='ocr_carea' id='block_1_27' title="bbox 523 1574 2077 1652">
    <p class='ocr_par' dir='ltr' id='par_1_27' title="bbox 523 1578 2070 1652">
     <span class='ocr_line' id='line_1_27' title="bbox 523 1578 2070 1652; baseline -0.001 -17"><span class='ocrx_word' id='word_1_210' title='bbox 523 1583 831 1651; x_wconf 71' lang='lat' dir='ltr'><strong>cognitione</strong></span> <span class='ocrx_word' id='word_1_211' title='bbox 855 1580 970 1647; x_wconf 88' lang='lat' dir='ltr'><strong>ejus</strong></span> <span class='ocrx_word' id='word_1_212' title='bbox 1000 1580 1215 1648; x_wconf 84' lang='lat' dir='ltr'><strong>indigna</strong></span> <span class='ocrx_word' id='word_1_213' title='bbox 1246 1581 1373 1633; x_wconf 89' lang='lat' dir='ltr'><strong>sint.</strong></span> <span class='ocrx_word' id='word_1_214' title='bbox 1407 1580 1613 1633; x_wconf 78' lang='lat' dir='ltr'><strong>Idcirco</strong></span> <span class='ocrx_word' id='word_1_215' title='bbox 1646 1578 1786 1634; x_wconf 79' lang='lat' dir='ltr'><strong>forte</strong></span> <span class='ocrx_word' id='word_1_216' title='bbox 1818 1578 2070 1652; x_wconf 70' lang='lat' dir='ltr'><strong>(attiiactc</strong></span> 
     </span>
    </p>
   </div>
   <div class='ocr_carea' id='block_1_28' title="bbox 2182 1574 3889 1652">
    <p class='ocr_par' dir='ltr' id='par_1_28' title="bbox 2206 1574 3889 1650">
     <span class='ocr_line' id='line_1_28' title="bbox 2206 1574 3889 1650; baseline 0.007 -26"><span class='ocrx_word' id='word_1_217' title='bbox 2206 1575 2332 1644; x_wconf 78' lang='grc' dir='ltr'>περὶ</span> <span class='ocrx_word' id='word_1_218' title='bbox 2360 1574 2495 1627; x_wconf 87' lang='grc' dir='ltr'>Θεοῦ</span> <span class='ocrx_word' id='word_1_219' title='bbox 2516 1576 2555 1645; x_wconf 80' lang='grc'><strong>)·</strong></span> <span class='ocrx_word' id='word_1_220' title='bbox 2587 1574 2721 1628; x_wconf 67' lang='grc' dir='ltr'>ἀλλὰ</span> <span class='ocrx_word' id='word_1_221' title='bbox 2756 1576 2833 1647; x_wconf 82' lang='grc' dir='ltr'><strong>τῷ</strong></span> <span class='ocrx_word' id='word_1_222' title='bbox 2864 1577 3061 1641; x_wconf 79' lang='grc' dir='ltr'>ἀνάξια</span> <span class='ocrx_word' id='word_1_223' title='bbox 3094 1574 3235 1631; x_wconf 82' lang='grc' dir='ltr'>εἶναι</span> <span class='ocrx_word' id='word_1_224' title='bbox 3278 1583 3375 1650; x_wconf 85' lang='grc' dir='ltr'>τῆς</span> <span class='ocrx_word' id='word_1_225' title='bbox 3409 1581 3754 1648; x_wconf 78' lang='grc' dir='ltr'>γνώσεως</span> <span class='ocrx_word' id='word_1_226' title='bbox 3789 1584 3889 1636; x_wconf 84' lang='grc' dir='ltr'>αύ-</span> 
     </span>
    </p>
   </div>
   <div class='ocr_carea' id='block_1_29' title="bbox 524 1669 2100 1741">
    <p class='ocr_par' dir='ltr' id='par_1_29' title="bbox 524 1669 2100 1741">
     <span class='ocr_line' id='line_1_29' title="bbox 524 1669 2100 1741; baseline 0.001 -18"><span class='ocrx_word' id='word_1_227' title='bbox 524 1673 669 1726; x_wconf 69' lang='lat' dir='ltr'><strong>cutim</strong></span> <span class='ocrx_word' id='word_1_228' title='bbox 698 1671 987 1726; x_wconf 84' lang='lat' dir='ltr'><strong>dicendum</strong></span> <span class='ocrx_word' id='word_1_229' title='bbox 1033 1669 1137 1741; x_wconf 90' lang='lat' dir='ltr'><strong>est)</strong></span> <span class='ocrx_word' id='word_1_230' title='bbox 1169 1670 1462 1739; x_wconf 78' lang='lat' dir='ltr'><strong>interrogat</strong></span> <span class='ocrx_word' id='word_1_231' title='bbox 1496 1669 1561 1723; x_wconf 88' lang='lat' dir='ltr'><strong>de</strong></span> <span class='ocrx_word' id='word_1_232' title='bbox 1590 1670 1657 1725; x_wconf 89' lang='lat' dir='ltr'><strong>iis</strong></span> <span class='ocrx_word' id='word_1_233' title='bbox 1707 1685 1827 1739; x_wconf 73' lang='lat' dir='ltr'><strong>qua:</strong></span> <span class='ocrx_word' id='word_1_234' title='bbox 1857 1686 1962 1725; x_wconf 91' lang='lat' dir='ltr'><strong>non</strong></span> <span class='ocrx_word' id='word_1_235' title='bbox 2002 1686 2100 1725; x_wconf 84' lang='lat' dir='ltr'><strong>no-</strong></span> 
     </span>
    </p>
   </div>
   <div class='ocr_carea' id='block_1_30' title="bbox 520 1759 2100 1829">
    <p class='ocr_par' dir='ltr' id='par_1_30' title="bbox 520 1759 2100 1829">
     <span class='ocr_line' id='line_1_30' title="bbox 520 1759 2100 1829; baseline 0.001 -14"><span class='ocrx_word' id='word_1_236' title='bbox 520 1764 619 1816; x_wconf 80' lang='lat' dir='ltr'><strong>vit.</strong></span> <span class='ocrx_word' id='word_1_237' title='bbox 653 1760 755 1816; x_wconf 85' lang='lat' dir='ltr'><strong>Ubi</strong></span> <span class='ocrx_word' id='word_1_238' title='bbox 794 1761 938 1817; x_wconf 88' lang='lat' dir='ltr'><strong>enim</strong></span> <span class='ocrx_word' id='word_1_239' title='bbox 978 1759 1150 1814; x_wconf 85' lang='lat' dir='ltr'><strong>Adam</strong></span> <span class='ocrx_word' id='word_1_240' title='bbox 1197 1760 1459 1829; x_wconf 76' lang='lat' dir='ltr'><strong>peccavit,</strong></span> <span class='ocrx_word' id='word_1_241' title='bbox 1497 1776 1600 1813; x_wconf 89' lang='lat' dir='ltr'><strong>non</strong></span> <span class='ocrx_word' id='word_1_242' title='bbox 1644 1762 1794 1815; x_wconf 87' lang='lat' dir='ltr'><strong>novit</strong></span> <span class='ocrx_word' id='word_1_243' title='bbox 1825 1776 1969 1827; x_wconf 88' lang='lat' dir='ltr'><strong>eum,</strong></span> <span class='ocrx_word' id='word_1_244' title='bbox 2002 1776 2100 1816; x_wconf 85' lang='lat' dir='ltr'><strong>ne-</strong></span> 
     </span>
    </p>
   </div>
   <div class='ocr_carea' id='block_1_31' title="bbox 2202 1667 3885 1745">
    <p class='ocr_par' dir='ltr' id='par_1_31' title="bbox 2202 1667 3885 1745">
     <span class='ocr_line' id='line_1_31' title="bbox 2202 1667 3885 1745; baseline 0.004 -25"><span class='ocrx_word' id='word_1_245' title='bbox 2202 1667 2318 1722; x_wconf 86' lang='grc' dir='ltr'>τοῦ.</span> <span class='ocrx_word' id='word_1_246' title='bbox 2345 1669 2499 1738; x_wconf 85' lang='grc' dir='ltr'>Τάχα</span> <span class='ocrx_word' id='word_1_247' title='bbox 2526 1668 2613 1721; x_wconf 76' lang='grc' dir='ltr'>διὰ</span> <span class='ocrx_word' id='word_1_248' title='bbox 2642 1669 2799 1723; x_wconf 90' lang='grc' dir='ltr'>τοῦτο</span> <span class='ocrx_word' id='word_1_249' title='bbox 2828 1669 3247 1741; x_wconf 76' lang='grc' dir='ltr'>(τολμηρότερον</span> <span class='ocrx_word' id='word_1_250' title='bbox 3268 1671 3324 1723; x_wconf 89' lang='grc' dir='ltr'>δὲ</span> <span class='ocrx_word' id='word_1_251' title='bbox 3352 1673 3511 1726; x_wconf 77' lang='grc' dir='ltr'>αὐτὸ</span> <span class='ocrx_word' id='word_1_252' title='bbox 3558 1676 3714 1745; x_wconf 77' lang='grc' dir='ltr'>ἐρεῖ</span> <span class='ocrx_word' id='word_1_253' title='bbox 3734 1679 3769 1729; x_wconf 77' lang='grc' dir='ltr'><strong><em>ὁ</em></strong></span> <span class='ocrx_word' id='word_1_254' title='bbox 3798 1676 3885 1727; x_wconf 69' lang='grc' dir='ltr'><strong>λό-</strong></span> 
     </span>
    </p>
   </div>
   <div class='ocr_carea' id='block_1_32' title="bbox 2202 1757 3873 1837">
    <p class='ocr_par' dir='ltr' id='par_1_32' title="bbox 2202 1757 3873 1837">
     <span class='ocr_line' id='line_1_32' title="bbox 2202 1757 3873 1837; baseline 0.002 -23"><span class='ocrx_word' id='word_1_255' title='bbox 2202 1760 2318 1829; x_wconf 86' lang='grc' dir='ltr'>γος)</span> <span class='ocrx_word' id='word_1_256' title='bbox 2346 1760 2672 1814; x_wconf 85' lang='grc' dir='ltr'>πυνθάνεται</span> <span class='ocrx_word' id='word_1_257' title='bbox 2700 1762 2829 1833; x_wconf 74' lang='grc' dir='ltr'>περὶ</span> <span class='ocrx_word' id='word_1_258' title='bbox 2862 1757 2938 1815; x_wconf 78' lang='grc' dir='ltr'>ὧν</span> <span class='ocrx_word' id='word_1_259' title='bbox 2966 1763 3065 1814; x_wconf 82' lang='grc' dir='ltr'><strong>οὐκ</strong></span> <span class='ocrx_word' id='word_1_260' title='bbox 3082 1758 3221 1814; x_wconf 73' lang='grc' dir='ltr'>οἶδεν</span> <span class='ocrx_word' id='word_1_261' title='bbox 3240 1780 3253 1792; x_wconf 89' lang='grc'><strong>·</strong></span> <span class='ocrx_word' id='word_1_262' title='bbox 3284 1764 3410 1817; x_wconf 84' lang='grc' dir='ltr'>ὅταν</span> <span class='ocrx_word' id='word_1_263' title='bbox 3439 1766 3602 1836; x_wconf 76' lang='grc' dir='ltr'>γὰρ</span> <span class='ocrx_word' id='word_1_264' title='bbox 3631 1767 3873 1837; x_wconf 66' lang='grc' dir='ltr'>ἁμάρτῃ</span> 
     </span>
    </p>
   </div>
   <div class='ocr_carea' id='block_1_33' title="bbox 522 1844 2077 1926">
    <p class='ocr_par' dir='ltr' id='par_1_33' title="bbox 522 1851 2077 1926">
     <span class='ocr_line' id='line_1_33' title="bbox 522 1851 2077 1926; baseline 0.002 -23"><span class='ocrx_word' id='word_1_265' title='bbox 522 1871 628 1926; x_wconf 76' lang='lat' dir='ltr'><strong>que</strong></span> <span class='ocrx_word' id='word_1_266' title='bbox 665 1856 838 1909; x_wconf 88' lang='lat' dir='ltr'><strong>locum</strong></span> <span class='ocrx_word' id='word_1_267' title='bbox 877 1854 928 1906; x_wconf 90' lang='lat' dir='ltr'><strong>in</strong></span> <span class='ocrx_word' id='word_1_268' title='bbox 961 1868 1121 1923; x_wconf 91' lang='lat' dir='ltr'><strong>quem</strong></span> <span class='ocrx_word' id='word_1_269' title='bbox 1152 1852 1426 1906; x_wconf 78' lang='lat' dir='ltr'><strong>ceciderat</strong></span> <span class='ocrx_word' id='word_1_270' title='bbox 1467 1852 1635 1906; x_wconf 90' lang='lat' dir='ltr'><strong>Deum</strong></span> <span class='ocrx_word' id='word_1_271' title='bbox 1680 1851 1914 1922; x_wconf 80' lang='lat' dir='ltr'><strong>fugiens.</strong></span> <span class='ocrx_word' id='word_1_272' title='bbox 1955 1855 2077 1919; x_wconf 84' lang='lat' dir='ltr'><strong>Qua</strong></span> 
     </span>
    </p>
   </div>
   <div class='ocr_carea' id='block_1_34' title="bbox 2182 1844 3872 1926">
    <p class='ocr_par' dir='ltr' id='par_1_34' title="bbox 2198 1848 3872 1922">
     <span class='ocr_line' id='line_1_34' title="bbox 2198 1848 3872 1922; baseline 0.002 -19"><span class='ocrx_word' id='word_1_273' title='bbox 2198 1852 2239 1919; x_wconf 15' lang='grc' dir='ltr'><strong>ὁ»</strong></span> <span class='ocrx_word' id='word_1_274' title='bbox 2265 1850 2433 1922; x_wconf 73' lang='grc' dir='ltr'>Ἀδὰμ</span> <span class='ocrx_word' id='word_1_275' title='bbox 2455 1891 2470 1915; x_wconf 93' lang='grc'><strong>,</strong></span> <span class='ocrx_word' id='word_1_276' title='bbox 2495 1853 2595 1905; x_wconf 79' lang='grc' dir='ltr'><strong>οὐκ</strong></span> <span class='ocrx_word' id='word_1_277' title='bbox 2623 1848 2759 1905; x_wconf 78' lang='grc' dir='ltr'>οἶδεν</span> <span class='ocrx_word' id='word_1_278' title='bbox 2788 1854 2949 1906; x_wconf 76' lang='grc' dir='ltr'>αὑτὸν</span> <span class='ocrx_word' id='word_1_279' title='bbox 2971 1893 2987 1917; x_wconf 87' lang='grc'><strong>,</strong></span> <span class='ocrx_word' id='word_1_280' title='bbox 3017 1853 3137 1905; x_wconf 75' lang='grc' dir='ltr'>οὐδὲ</span> <span class='ocrx_word' id='word_1_281' title='bbox 3168 1854 3261 1907; x_wconf 79' lang='grc' dir='ltr'>τὸν</span> <span class='ocrx_word' id='word_1_282' title='bbox 3290 1854 3461 1908; x_wconf 80' lang='grc' dir='ltr'>τόπον</span> <span class='ocrx_word' id='word_1_283' title='bbox 3505 1858 3621 1920; x_wconf 75' lang='grc' dir='ltr'>εἰς</span> <span class='ocrx_word' id='word_1_284' title='bbox 3682 1859 3755 1910; x_wconf 83' lang='grc' dir='ltr'>ὃν</span> <span class='ocrx_word' id='word_1_285' title='bbox 3785 1860 3872 1909; x_wconf 71' lang='grc' dir='ltr'><strong>ἑιο</strong></span> 
     </span>
    </p>
   </div>
   <div class='ocr_carea' id='block_1_35' title="bbox 521 1942 2077 2019">
    <p class='ocr_par' dir='ltr' id='par_1_35' title="bbox 521 1943 2077 2015">
     <span class='ocr_line' id='line_1_35' title="bbox 521 1943 2077 2015; baseline 0 -17"><span class='ocrx_word' id='word_1_286' title='bbox 521 1957 743 2015; x_wconf 84' lang='lat' dir='ltr'><strong>propter</strong></span> <span class='ocrx_word' id='word_1_287' title='bbox 782 1946 856 1998; x_wconf 90' lang='lat' dir='ltr'><strong>ait</strong></span> <span class='ocrx_word' id='word_1_288' title='bbox 883 1946 962 1998; x_wconf 62' lang='grc' dir='ltr'><strong>’δε</strong></span> <span class='ocrx_word' id='word_1_289' title='bbox 1005 1963 1022 1995; x_wconf 84' lang='grc' dir='ltr'>ι</span> <span class='ocrx_word' id='word_1_290' title='bbox 1051 1944 1245 2007; x_wconf 87' lang='lat' dir='ltr'><strong>Adam,</strong></span> <span class='ocrx_word' id='word_1_291' title='bbox 1282 1944 1369 1998; x_wconf 92' lang='lat' dir='ltr'><strong>ubi</strong></span> <span class='ocrx_word' id='word_1_292' title='bbox 1422 1944 1521 1997; x_wconf 90' lang='lat' dir='ltr'><strong>es?</strong></span> <span class='ocrx_word' id='word_1_293' title='bbox 1550 1963 1567 1995; x_wconf 77' lang='grc' dir='ltr'>ι</span> <span class='ocrx_word' id='word_1_294' title='bbox 1604 1943 1693 1997; x_wconf 90' lang='lat' dir='ltr'><strong>Sic</strong></span> <span class='ocrx_word' id='word_1_295' title='bbox 1738 1954 1790 1998; x_wconf 91' lang='lat' dir='ltr'><strong>et</strong></span> <span class='ocrx_word' id='word_1_296' title='bbox 1827 1945 1879 1997; x_wconf 92' lang='lat' dir='ltr'><strong>in</strong></span> <span class='ocrx_word' id='word_1_297' title='bbox 1919 1944 2077 1999; x_wconf 46' lang='lat' dir='ltr'><strong>Evan‘</strong></span> 
     </span>
    </p>
   </div>
   <div class='ocr_carea' id='block_1_36' title="bbox 2182 1942 3861 2019">
    <p class='ocr_par' dir='ltr' id='par_1_36' title="bbox 2202 1942 3861 2019">
     <span class='ocr_line' id='line_1_36' title="bbox 2202 1942 3861 2019; baseline 0.002 -25"><span class='ocrx_word' id='word_1_298' title='bbox 2202 1942 2458 1995; x_wconf 82' lang='grc' dir='ltr'>πέπτωκε</span> <span class='ocrx_word' id='word_1_299' title='bbox 2495 1944 2712 2012; x_wconf 83' lang='grc' dir='ltr'>φεύγων</span> <span class='ocrx_word' id='word_1_300' title='bbox 2742 1945 2850 1997; x_wconf 83' lang='grc' dir='ltr'><strong>ἀπὸ</strong></span> <span class='ocrx_word' id='word_1_301' title='bbox 2870 1944 3028 1998; x_wconf 86' lang='grc' dir='ltr'>Θεοῦ.</span> <span class='ocrx_word' id='word_1_302' title='bbox 3051 1946 3145 1997; x_wconf 89' lang='grc' dir='ltr'><strong>Διό</strong></span> <span class='ocrx_word' id='word_1_303' title='bbox 3172 1964 3355 2016; x_wconf 77' lang='grc' dir='ltr'>φησιν·</span> <span class='ocrx_word' id='word_1_304' title='bbox 3396 1966 3417 1997; x_wconf 78' lang='grc' dir='ltr'><strong>ι</strong></span> <span class='ocrx_word' id='word_1_305' title='bbox 3464 1949 3726 2019; x_wconf 69' lang='grc' dir='ltr'>Ἀδὰμ,</span> <span class='ocrx_word' id='word_1_306' title='bbox 3762 1950 3861 2000; x_wconf 70' lang='grc' dir='ltr'><strong>ποῖ</strong></span> 
     </span>
    </p>
   </div>
   <div class='ocr_carea' id='block_1_37' title="bbox 518 2034 2098 2107">
    <p class='ocr_par' dir='ltr' id='par_1_37' title="bbox 518 2034 2098 2107">
     <span class='ocr_line' id='line_1_37' title="bbox 518 2034 2098 2107; baseline -0.003 -16"><span class='ocrx_word' id='word_1_307' title='bbox 518 2038 657 2107; x_wconf 81' lang='lat' dir='ltr'><strong>gclio</strong></span> <span class='ocrx_word' id='word_1_308' title='bbox 695 2038 993 2104; x_wconf 81' lang='lat' dir='ltr'><strong>interrogat</strong></span> <span class='ocrx_word' id='word_1_309' title='bbox 1048 2035 1115 2090; x_wconf 90' lang='lat' dir='ltr'><strong>de</strong></span> <span class='ocrx_word' id='word_1_310' title='bbox 1156 2035 1221 2088; x_wconf 92' lang='lat' dir='ltr'><strong>iis</strong></span> <span class='ocrx_word' id='word_1_311' title='bbox 1250 2049 1371 2103; x_wconf 68' lang='lat' dir='ltr'><strong>quae</strong></span> <span class='ocrx_word' id='word_1_312' title='bbox 1401 2049 1505 2087; x_wconf 90' lang='lat' dir='ltr'><strong>non</strong></span> <span class='ocrx_word' id='word_1_313' title='bbox 1545 2034 1695 2087; x_wconf 90' lang='lat' dir='ltr'><strong>novit</strong></span> <span class='ocrx_word' id='word_1_314' title='bbox 1734 2034 1877 2102; x_wconf 91' lang='lat' dir='ltr'><strong>quod</strong></span> <span class='ocrx_word' id='word_1_315' title='bbox 1911 2035 2098 2103; x_wconf 84' lang='lat' dir='ltr'><strong>cogni-</strong></span> 
     </span>
    </p>
   </div>
   <div class='ocr_carea' id='block_1_38' title="bbox 520 2127 2093 2199">
    <p class='ocr_par' dir='ltr' id='par_1_38' title="bbox 520 2127 2093 2199">
     <span class='ocr_line' id='line_1_38' title="bbox 520 2127 2093 2199; baseline -0.001 -16"><span class='ocrx_word' id='word_1_316' title='bbox 520 2132 671 2184; x_wconf 88' lang='lat' dir='ltr'><strong>tione</strong></span> <span class='ocrx_word' id='word_1_317' title='bbox 698 2146 791 2185; x_wconf 89' lang='lat' dir='ltr'><strong>sua</strong></span> <span class='ocrx_word' id='word_1_318' title='bbox 831 2130 1051 2199; x_wconf 86' lang='lat' dir='ltr'><strong>indigna</strong></span> <span class='ocrx_word' id='word_1_319' title='bbox 1086 2129 1213 2183; x_wconf 85' lang='lat' dir='ltr'><strong>sint.</strong></span> <span class='ocrx_word' id='word_1_320' title='bbox 1243 2128 1381 2196; x_wconf 83' lang='lat' dir='ltr'><strong>Quia</strong></span> <span class='ocrx_word' id='word_1_321' title='bbox 1413 2127 1559 2181; x_wconf 91' lang='lat' dir='ltr'><strong>enim</strong></span> <span class='ocrx_word' id='word_1_322' title='bbox 1590 2144 1696 2183; x_wconf 91' lang='lat' dir='ltr'><strong>non</strong></span> <span class='ocrx_word' id='word_1_323' title='bbox 1733 2137 1955 2183; x_wconf 82' lang='lat' dir='ltr'><strong>noverat</strong></span> <span class='ocrx_word' id='word_1_324' title='bbox 1990 2129 2093 2181; x_wconf 66' lang='lat' dir='ltr'><strong>dae-</strong></span> 
     </span>
    </p>
   </div>
   <div class='ocr_carea' id='block_1_39' title="bbox 515 2218 2093 2289">
    <p class='ocr_par' dir='ltr' id='par_1_39' title="bbox 515 2218 2093 2289">
     <span class='ocr_line' id='line_1_39' title="bbox 515 2218 2093 2289; baseline -0.004 -13"><span class='ocrx_word' id='word_1_325' title='bbox 515 2224 795 2283; x_wconf 89' lang='lat' dir='ltr'><strong>monium,</strong></span> <span class='ocrx_word' id='word_1_326' title='bbox 833 2235 1011 2289; x_wconf 79' lang='lat' dir='ltr'><strong>neque</strong></span> <span class='ocrx_word' id='word_1_327' title='bbox 1064 2234 1259 2274; x_wconf 88' lang='lat' dir='ltr'><strong>nomen</strong></span> <span class='ocrx_word' id='word_1_328' title='bbox 1295 2218 1432 2287; x_wconf 84' lang='lat' dir='ltr'><strong>ejus,</strong></span> <span class='ocrx_word' id='word_1_329' title='bbox 1468 2221 1765 2286; x_wconf 79' lang='lat' dir='ltr'><strong>interrogat</strong></span> <span class='ocrx_word' id='word_1_330' title='bbox 1810 2218 1953 2288; x_wconf 87' lang='lat' dir='ltr'><strong>quod</strong></span> <span class='ocrx_word' id='word_1_331' title='bbox 1994 2232 2093 2271; x_wconf 57' lang='lat' dir='ltr'><strong>no.</strong></span> 
     </span>
    </p>
   </div>
   <div class='ocr_carea' id='block_1_40' title="bbox 516 2310 2088 2383">
    <p class='ocr_par' dir='ltr' id='par_1_40' title="bbox 516 2310 2088 2383">
     <span class='ocr_line' id='line_1_40' title="bbox 516 2310 2088 2383; baseline -0.004 -16"><span class='ocrx_word' id='word_1_332' title='bbox 516 2330 637 2368; x_wconf 88' lang='lat' dir='ltr'><strong>men</strong></span> <span class='ocrx_word' id='word_1_333' title='bbox 663 2315 778 2383; x_wconf 85' lang='lat' dir='ltr'><strong>ejus</strong></span> <span class='ocrx_word' id='word_1_334' title='bbox 806 2314 897 2379; x_wconf 81' lang='lat' dir='ltr'><strong>sit,</strong></span> <span class='ocrx_word' id='word_1_335' title='bbox 924 2322 979 2367; x_wconf 91' lang='lat' dir='ltr'><strong>et</strong></span> <span class='ocrx_word' id='word_1_336' title='bbox 1007 2313 1161 2369; x_wconf 85' lang='lat' dir='ltr'><strong>audit</strong></span> <span class='ocrx_word' id='word_1_337' title='bbox 1187 2314 1233 2344; x_wconf 80' lang='lat'><strong>&quot;</strong></span> <span class='ocrx_word' id='word_1_338' title='bbox 1261 2326 1276 2364; x_wconf 92' lang='lat'><strong>:</strong></span> <span class='ocrx_word' id='word_1_339' title='bbox 1316 2333 1332 2362; x_wconf 78' lang='grc' dir='ltr'><strong>ι</strong></span> <span class='ocrx_word' id='word_1_340' title='bbox 1356 2310 1520 2380; x_wconf 83' lang='lat' dir='ltr'><strong>Legio</strong></span> <span class='ocrx_word' id='word_1_341' title='bbox 1550 2312 1678 2366; x_wconf 92' lang='lat' dir='ltr'><strong>mihi</strong></span> <span class='ocrx_word' id='word_1_342' title='bbox 1709 2326 1900 2365; x_wconf 83' lang='lat' dir='ltr'><strong>nomen</strong></span> <span class='ocrx_word' id='word_1_343' title='bbox 1934 2320 2036 2364; x_wconf 86' lang='lat' dir='ltr'><strong>est.</strong></span> <span class='ocrx_word' id='word_1_344' title='bbox 2068 2329 2088 2360; x_wconf 73' lang='grc' dir='ltr'>ι</span> 
     </span>
    </p>
   </div>
   <div class='ocr_carea' id='block_1_41' title="bbox 514 2403 2093 2475">
    <p class='ocr_par' dir='ltr' id='par_1_41' title="bbox 514 2403 2093 2475">
     <span class='ocr_line' id='line_1_41' title="bbox 514 2403 2093 2475; baseline -0.001 -16"><span class='ocrx_word' id='word_1_345' title='bbox 514 2406 581 2460; x_wconf 79' lang='lat' dir='ltr'><strong>Et</strong></span> <span class='ocrx_word' id='word_1_346' title='bbox 612 2407 927 2475; x_wconf 84' lang='lat' dir='ltr'><strong>priusquam</strong></span> <span class='ocrx_word' id='word_1_347' title='bbox 964 2405 1158 2459; x_wconf 91' lang='lat' dir='ltr'><strong>mulier</strong></span> <span class='ocrx_word' id='word_1_348' title='bbox 1189 2404 1475 2473; x_wconf 76' lang='lat' dir='ltr'><strong>sanguinis</strong></span> <span class='ocrx_word' id='word_1_349' title='bbox 1524 2403 1791 2473; x_wconf 81' lang='lat' dir='ltr'><strong>proﬂuvio</strong></span> <span class='ocrx_word' id='word_1_350' title='bbox 1838 2403 2093 2457; x_wconf 84' lang='lat' dir='ltr'><strong>laborans</strong></span> 
     </span>
    </p>
   </div>
   <div class='ocr_carea' id='block_1_42' title="bbox 515 2494 2093 2564">
    <p class='ocr_par' dir='ltr' id='par_1_42' title="bbox 515 2494 2093 2564">
     <span class='ocr_line' id='line_1_42' title="bbox 515 2494 2093 2564; baseline 0 -17"><span class='ocrx_word' id='word_1_351' title='bbox 515 2496 889 2547; x_wconf 76' lang='lat' dir='ltr'><strong>remissionem</strong></span> <span class='ocrx_word' id='word_1_352' title='bbox 942 2507 1286 2564; x_wconf 84' lang='lat' dir='ltr'><strong>peccatorum</strong></span> <span class='ocrx_word' id='word_1_353' title='bbox 1336 2495 1626 2556; x_wconf 87' lang='lat' dir='ltr'><strong>obtineat,</strong></span> <span class='ocrx_word' id='word_1_354' title='bbox 1682 2495 1976 2563; x_wconf 85' lang='lat' dir='ltr'><strong>interrogat</strong></span> <span class='ocrx_word' id='word_1_355' title='bbox 2013 2494 2093 2547; x_wconf 83' lang='lat' dir='ltr'><strong>di-</strong></span> 
     </span>
    </p>
   </div>
   <div class='ocr_carea' id='block_1_43' title="bbox 512 2585 2088 2655">
    <p class='ocr_par' dir='ltr' id='par_1_43' title="bbox 512 2585 2088 2655">
     <span class='ocr_line' id='line_1_43' title="bbox 512 2585 2088 2655; baseline 0.001 -18"><span class='ocrx_word' id='word_1_356' title='bbox 512 2602 642 2638; x_wconf 79' lang='lat' dir='ltr'><strong>cens</strong></span> <span class='ocrx_word' id='word_1_357' title='bbox 666 2586 744 2639; x_wconf 73' lang='grc' dir='ltr'><strong>’δε</strong></span> <span class='ocrx_word' id='word_1_358' title='bbox 783 2603 801 2636; x_wconf 87' lang='grc' dir='ltr'>ι</span> <span class='ocrx_word' id='word_1_359' title='bbox 833 2586 965 2651; x_wconf 90' lang='lat' dir='ltr'><strong>Quis</strong></span> <span class='ocrx_word' id='word_1_360' title='bbox 998 2601 1083 2640; x_wconf 89' lang='lat' dir='ltr'><strong>me</strong></span> <span class='ocrx_word' id='word_1_361' title='bbox 1110 2587 1326 2655; x_wconf 81' lang='lat' dir='ltr'><strong>tetigit?</strong></span> <span class='ocrx_word' id='word_1_362' title='bbox 1352 2606 1370 2637; x_wconf 72' lang='grc' dir='ltr'><strong>ρ</strong></span> <span class='ocrx_word' id='word_1_363' title='bbox 1408 2585 1558 2639; x_wconf 82' lang='lat' dir='ltr'><strong>Viam</strong></span> <span class='ocrx_word' id='word_1_364' title='bbox 1590 2586 1755 2652; x_wconf 89' lang='lat' dir='ltr'><strong>igitur</strong></span> <span class='ocrx_word' id='word_1_365' title='bbox 1780 2586 2088 2653; x_wconf 88' lang='lat' dir='ltr'><strong>iniquorum</strong></span> 
     </span>
    </p>
   </div>
   <div class='ocr_carea' id='block_1_44' title="bbox 513 2674 2088 2745">
    <p class='ocr_par' dir='ltr' id='par_1_44' title="bbox 513 2674 2088 2745">
     <span class='ocr_line' id='line_1_44' title="bbox 513 2674 2088 2745; baseline -0.001 -16"><span class='ocrx_word' id='word_1_366' title='bbox 513 2677 725 2745; x_wconf 83' lang='lat' dir='ltr'><strong>ignorat</strong></span> <span class='ocrx_word' id='word_1_367' title='bbox 761 2677 919 2734; x_wconf 86' lang='lat' dir='ltr'><strong>Deus.</strong></span> <span class='ocrx_word' id='word_1_368' title='bbox 953 2675 1223 2740; x_wconf 76' lang='lat' dir='ltr'><strong>juStorum</strong></span> <span class='ocrx_word' id='word_1_369' title='bbox 1260 2690 1391 2728; x_wconf 85' lang='lat' dir='ltr'><strong>vero</strong></span> <span class='ocrx_word' id='word_1_370' title='bbox 1428 2676 1598 2727; x_wconf 88' lang='lat' dir='ltr'><strong>novit.</strong></span> <span class='ocrx_word' id='word_1_371' title='bbox 1638 2674 1768 2739; x_wconf 84' lang='lat' dir='ltr'><strong>Quis</strong></span> <span class='ocrx_word' id='word_1_372' title='bbox 1794 2684 1970 2727; x_wconf 88' lang='lat' dir='ltr'><strong>autem</strong></span> <span class='ocrx_word' id='word_1_373' title='bbox 2006 2675 2088 2728; x_wconf 82' lang='lat' dir='ltr'><strong>via</strong></span> 
     </span>
    </p>
   </div>
   <div class='ocr_carea' id='block_1_45' title="bbox 506 2766 2084 2838">
    <p class='ocr_par' dir='ltr' id='par_1_45' title="bbox 506 2766 2084 2838">
     <span class='ocr_line' id='line_1_45' title="bbox 506 2766 2084 2838; baseline -0.002 -16"><span class='ocrx_word' id='word_1_374' title='bbox 506 2770 779 2838; x_wconf 88' lang='lat' dir='ltr'><strong>justorum</strong></span> <span class='ocrx_word' id='word_1_375' title='bbox 810 2808 824 2833; x_wconf 89' lang='lat'><strong>,</strong></span> <span class='ocrx_word' id='word_1_376' title='bbox 879 2768 979 2821; x_wconf 92' lang='lat' dir='ltr'><strong>nisi</strong></span> <span class='ocrx_word' id='word_1_377' title='bbox 1024 2768 1110 2823; x_wconf 93' lang='lat' dir='ltr'><strong>ille</strong></span> <span class='ocrx_word' id='word_1_378' title='bbox 1163 2768 1254 2837; x_wconf 89' lang='lat' dir='ltr'><strong>qui</strong></span> <span class='ocrx_word' id='word_1_379' title='bbox 1305 2768 1441 2821; x_wconf 82' lang='lat' dir='ltr'><strong>dixit</strong></span> <span class='ocrx_word' id='word_1_380' title='bbox 1481 2785 1494 2821; x_wconf 91' lang='lat'><strong>:</strong></span> <span class='ocrx_word' id='word_1_381' title='bbox 1548 2786 1567 2819; x_wconf 77' lang='grc' dir='ltr'>ι</span> <span class='ocrx_word' id='word_1_382' title='bbox 1599 2766 1712 2836; x_wconf 83' lang='lat' dir='ltr'><strong>Ego</strong></span> <span class='ocrx_word' id='word_1_383' title='bbox 1763 2782 1879 2819; x_wconf 90' lang='lat' dir='ltr'><strong>sum</strong></span> <span class='ocrx_word' id='word_1_384' title='bbox 1920 2768 2024 2830; x_wconf 88' lang='lat' dir='ltr'><strong>via,</strong></span> <span class='ocrx_word' id='word_1_385' title='bbox 2066 2786 2084 2819; x_wconf 73' lang='grc' dir='ltr'>ι</span> 
     </span>
    </p>
   </div>
   <div class='ocr_carea' id='block_1_46' title="bbox 514 2856 2087 2928">
    <p class='ocr_par' dir='ltr' id='par_1_46' title="bbox 514 2856 2087 2928">
     <span class='ocr_line' id='line_1_46' title="bbox 514 2856 2087 2928; baseline 0.003 -20"><span class='ocrx_word' id='word_1_386' title='bbox 514 2876 676 2928; x_wconf 82' lang='lat' dir='ltr'><strong>quem</strong></span> <span class='ocrx_word' id='word_1_387' title='bbox 718 2860 864 2912; x_wconf 80' lang='lat' dir='ltr'><strong>novit</strong></span> <span class='ocrx_word' id='word_1_388' title='bbox 893 2857 1095 2911; x_wconf 79' lang='lat' dir='ltr'><strong>Pater?</strong></span> <span class='ocrx_word' id='word_1_389' title='bbox 1130 2875 1149 2908; x_wconf 83' lang='grc' dir='ltr'><strong>ι</strong></span> <span class='ocrx_word' id='word_1_390' title='bbox 1180 2856 1351 2912; x_wconf 81' lang='lat' dir='ltr'><strong>Nemo</strong></span> <span class='ocrx_word' id='word_1_391' title='bbox 1381 2857 1525 2911; x_wconf 89' lang='lat' dir='ltr'><strong>enim</strong></span> <span class='ocrx_word' id='word_1_392' title='bbox 1560 2857 1708 2911; x_wconf 87' lang='lat' dir='ltr'><strong>novit</strong></span> <span class='ocrx_word' id='word_1_393' title='bbox 1754 2856 1949 2910; x_wconf 85' lang='lat' dir='ltr'><strong>Filium</strong></span> <span class='ocrx_word' id='word_1_394' title='bbox 1985 2858 2087 2912; x_wconf 88' lang='lat' dir='ltr'><strong>nisi</strong></span> 
     </span>
    </p>
   </div>
   <div class='ocr_carea' id='block_1_47' title="bbox 508 2948 2089 3019">
    <p class='ocr_par' dir='ltr' id='par_1_47' title="bbox 508 2948 2089 3019">
     <span class='ocr_line' id='line_1_47' title="bbox 508 2948 2089 3019; baseline -0.003 -12"><span class='ocrx_word' id='word_1_395' title='bbox 508 2955 669 3007; x_wconf 77' lang='lat' dir='ltr'><strong>Pater</strong></span> <span class='ocrx_word' id='word_1_396' title='bbox 708 2954 772 3005; x_wconf 73' lang='grc'>⁸⁷.</span> <span class='ocrx_word' id='word_1_397' title='bbox 815 2972 831 3004; x_wconf 75' lang='grc' dir='ltr'>ι</span> <span class='ocrx_word' id='word_1_398' title='bbox 872 2952 1135 3005; x_wconf 72' lang='lat' dir='ltr'><strong>Caeterum</strong></span> <span class='ocrx_word' id='word_1_399' title='bbox 1171 2950 1236 3004; x_wconf 86' lang='lat' dir='ltr'><strong>ad</strong></span> <span class='ocrx_word' id='word_1_400' title='bbox 1284 2949 1374 3004; x_wconf 90' lang='lat' dir='ltr'><strong>illa</strong></span> <span class='ocrx_word' id='word_1_401' title='bbox 1408 2964 1529 3018; x_wconf 79' lang='lat' dir='ltr'><strong>quae</strong></span> <span class='ocrx_word' id='word_1_402' title='bbox 1563 2950 1629 3003; x_wconf 89' lang='lat' dir='ltr'><strong>de</strong></span> <span class='ocrx_word' id='word_1_403' title='bbox 1666 2948 1978 3019; x_wconf 83' lang='lat' dir='ltr'><strong>cognitione</strong></span> <span class='ocrx_word' id='word_1_404' title='bbox 2033 2958 2089 3003; x_wconf 88' lang='lat' dir='ltr'><strong>et</strong></span> 
     </span>
    </p>
   </div>
   <div class='ocr_carea' id='block_1_48' title="bbox 509 3041 2085 3115">
    <p class='ocr_par' dir='ltr' id='par_1_48' title="bbox 509 3041 2085 3115">
     <span class='ocr_line' id='line_1_48' title="bbox 509 3041 2085 3115; baseline -0.001 -18"><span class='ocrx_word' id='word_1_405' title='bbox 509 3046 811 3115; x_wconf 83' lang='lat' dir='ltr'><strong>ignorantia</strong></span> <span class='ocrx_word' id='word_1_406' title='bbox 837 3044 928 3097; x_wconf 87' lang='lat' dir='ltr'><strong>Dei</strong></span> <span class='ocrx_word' id='word_1_407' title='bbox 963 3042 1214 3106; x_wconf 83' lang='lat' dir='ltr'><strong>dicimus,</strong></span> <span class='ocrx_word' id='word_1_408' title='bbox 1247 3041 1802 3096; x_wconf 80' lang='lat' dir='ltr'><strong>accommodabuntur</strong></span> <span class='ocrx_word' id='word_1_409' title='bbox 1831 3041 1995 3096; x_wconf 90' lang='lat' dir='ltr'><strong>etiam</strong></span> <span class='ocrx_word' id='word_1_410' title='bbox 2022 3056 2085 3096; x_wconf 86' lang='lat' dir='ltr'><strong>ea</strong></span> 
     </span>
    </p>
   </div>
   <div class='ocr_carea' id='block_1_49' title="bbox 506 3133 2088 3207">
    <p class='ocr_par' dir='ltr' id='par_1_49' title="bbox 506 3133 2088 3207">
     <span class='ocr_line' id='line_1_49' title="bbox 506 3133 2088 3207; baseline -0.002 -16"><span class='ocrx_word' id='word_1_411' title='bbox 506 3152 626 3206; x_wconf 72' lang='lat' dir='ltr'><strong>qua:</strong></span> <span class='ocrx_word' id='word_1_412' title='bbox 673 3137 873 3207; x_wconf 80' lang='lat' dir='ltr'><strong>passim</strong></span> <span class='ocrx_word' id='word_1_413' title='bbox 922 3135 1192 3189; x_wconf 86' lang='lat' dir='ltr'><strong>habentur</strong></span> <span class='ocrx_word' id='word_1_414' title='bbox 1236 3134 1289 3187; x_wconf 91' lang='lat' dir='ltr'><strong>in</strong></span> <span class='ocrx_word' id='word_1_415' title='bbox 1336 3133 1611 3202; x_wconf 82' lang='lat' dir='ltr'><strong>prophetis</strong></span> <span class='ocrx_word' id='word_1_416' title='bbox 1640 3134 1706 3188; x_wconf 89' lang='lat' dir='ltr'><strong>de</strong></span> <span class='ocrx_word' id='word_1_417' title='bbox 1741 3134 1993 3187; x_wconf 85' lang='lat' dir='ltr'><strong>memoria</strong></span> <span class='ocrx_word' id='word_1_418' title='bbox 2030 3143 2088 3188; x_wconf 92' lang='lat' dir='ltr'><strong>et</strong></span> 
     </span>
    </p>
   </div>
   <div class='ocr_carea' id='block_1_50' title="bbox 504 3225 2079 3295">
    <p class='ocr_par' dir='ltr' id='par_1_50' title="bbox 504 3225 2079 3295">
     <span class='ocr_line' id='line_1_50' title="bbox 504 3225 2079 3295; baseline 0 -13"><span class='ocrx_word' id='word_1_419' title='bbox 504 3229 763 3284; x_wconf 80' lang='lat' dir='ltr'><strong>oblivione</strong></span> <span class='ocrx_word' id='word_1_420' title='bbox 809 3229 921 3282; x_wconf 88' lang='lat' dir='ltr'><strong>Dei.</strong></span> <span class='ocrx_word' id='word_1_421' title='bbox 956 3226 1087 3280; x_wconf 81' lang='lat' dir='ltr'><strong>Nam</strong></span> <span class='ocrx_word' id='word_1_422' title='bbox 1125 3241 1265 3295; x_wconf 62' lang='lat' dir='ltr'><strong>saepe</strong></span> <span class='ocrx_word' id='word_1_423' title='bbox 1298 3226 1441 3279; x_wconf 89' lang='lat' dir='ltr'><strong>inter</strong></span> <span class='ocrx_word' id='word_1_424' title='bbox 1471 3225 1735 3279; x_wconf 87' lang='lat' dir='ltr'><strong>oramlum</strong></span> <span class='ocrx_word' id='word_1_425' title='bbox 1779 3225 1978 3280; x_wconf 86' lang='lat' dir='ltr'><strong>dicitur</strong></span> <span class='ocrx_word' id='word_1_426' title='bbox 2003 3226 2079 3282; x_wconf 76' lang='lat'><strong>&quot;:</strong></span> 
     </span>
    </p>
   </div>
   <div class='ocr_carea' id='block_1_51' title="bbox 510 3317 2083 3388">
    <p class='ocr_par' dir='ltr' id='par_1_51' title="bbox 510 3317 2083 3388">
     <span class='ocr_line' id='line_1_51' title="bbox 510 3317 2083 3388; baseline -0.001 -15"><span class='ocrx_word' id='word_1_427' title='bbox 510 3340 529 3373; x_wconf 79' lang='grc' dir='ltr'>ι</span> <span class='ocrx_word' id='word_1_428' title='bbox 557 3321 760 3375; x_wconf 84' lang='lat' dir='ltr'><strong>Memor</strong></span> <span class='ocrx_word' id='word_1_429' title='bbox 787 3331 903 3375; x_wconf 87' lang='lat' dir='ltr'><strong>esto</strong></span> <span class='ocrx_word' id='word_1_430' title='bbox 926 3319 1051 3382; x_wconf 89' lang='lat' dir='ltr'><strong>mei,</strong></span> <span class='ocrx_word' id='word_1_431' title='bbox 1080 3337 1098 3369; x_wconf 71' lang='grc' dir='ltr'><strong>ν</strong></span> <span class='ocrx_word' id='word_1_432' title='bbox 1131 3327 1204 3383; x_wconf 83' lang='lat' dir='ltr'><strong>et,</strong></span> <span class='ocrx_word' id='word_1_433' title='bbox 1228 3336 1245 3367; x_wconf 83' lang='grc' dir='ltr'>ι</span> <span class='ocrx_word' id='word_1_434' title='bbox 1274 3317 1453 3383; x_wconf 85' lang='lat' dir='ltr'><strong>Quare</strong></span> <span class='ocrx_word' id='word_1_435' title='bbox 1474 3317 1674 3371; x_wconf 90' lang='lat' dir='ltr'><strong>oblitus</strong></span> <span class='ocrx_word' id='word_1_436' title='bbox 1702 3332 1761 3373; x_wconf 89' lang='lat' dir='ltr'><strong>es</strong></span> <span class='ocrx_word' id='word_1_437' title='bbox 1797 3326 2083 3388; x_wconf 88' lang='lat' dir='ltr'><strong>pauperta-</strong></span> 
     </span>
    </p>
   </div>
   <div class='ocr_carea' id='block_1_52' title="bbox 502 3412 2080 3481">
    <p class='ocr_par' dir='ltr' id='par_1_52' title="bbox 502 3412 2080 3481">
     <span class='ocr_line' id='line_1_52' title="bbox 502 3412 2080 3481; baseline -0.003 -9"><span class='ocrx_word' id='word_1_438' title='bbox 502 3419 575 3472; x_wconf 89' lang='lat' dir='ltr'><strong>tis</strong></span> <span class='ocrx_word' id='word_1_439' title='bbox 625 3417 865 3472; x_wconf 72' lang='lat' dir='ltr'><strong>nostrae?</strong></span> <span class='ocrx_word' id='word_1_440' title='bbox 900 3435 915 3467; x_wconf 78' lang='grc' dir='ltr'>ι</span> <span class='ocrx_word' id='word_1_441' title='bbox 956 3414 1027 3470; x_wconf 85' lang='lat' dir='ltr'><strong>Ut</strong></span> <span class='ocrx_word' id='word_1_442' title='bbox 1072 3415 1216 3469; x_wconf 88' lang='lat' dir='ltr'><strong>enim</strong></span> <span class='ocrx_word' id='word_1_443' title='bbox 1257 3428 1287 3466; x_wconf 90' lang='lat' dir='ltr'><strong>a</strong></span> <span class='ocrx_word' id='word_1_444' title='bbox 1334 3428 1430 3467; x_wconf 89' lang='lat' dir='ltr'><strong>sua</strong></span> <span class='ocrx_word' id='word_1_445' title='bbox 1487 3412 1745 3467; x_wconf 87' lang='lat' dir='ltr'><strong>memoria</strong></span> <span class='ocrx_word' id='word_1_446' title='bbox 1787 3422 2080 3481; x_wconf 81' lang='lat' dir='ltr'><strong>peccantes</strong></span> 
     </span>
    </p>
   </div>
   <div class='ocr_carea' id='block_1_53' title="bbox 502 3506 2080 3577">
    <p class='ocr_par' dir='ltr' id='par_1_53' title="bbox 502 3506 2080 3577">
     <span class='ocr_line' id='line_1_53' title="bbox 502 3506 2080 3577; baseline -0.001 -13"><span class='ocrx_word' id='word_1_447' title='bbox 502 3519 740 3575; x_wconf 79' lang='lat' dir='ltr'><strong>amovet,</strong></span> <span class='ocrx_word' id='word_1_448' title='bbox 773 3509 851 3563; x_wconf 89' lang='lat' dir='ltr'><strong>sic</strong></span> <span class='ocrx_word' id='word_1_449' title='bbox 878 3522 1068 3563; x_wconf 82' lang='lat' dir='ltr'><strong>rursus</strong></span> <span class='ocrx_word' id='word_1_450' title='bbox 1096 3506 1421 3577; x_wconf 71' lang='lat' dir='ltr'><strong>poeniteutes</strong></span> <span class='ocrx_word' id='word_1_451' title='bbox 1450 3506 1643 3575; x_wconf 85' lang='lat' dir='ltr'><strong>recipit</strong></span> <span class='ocrx_word' id='word_1_452' title='bbox 1672 3516 1726 3561; x_wconf 93' lang='lat' dir='ltr'><strong>et</strong></span> <span class='ocrx_word' id='word_1_453' title='bbox 1753 3521 1942 3562; x_wconf 88' lang='lat' dir='ltr'><strong>eorum</strong></span> <span class='ocrx_word' id='word_1_454' title='bbox 1975 3520 2080 3562; x_wconf 90' lang='lat' dir='ltr'><strong>me-</strong></span> 
     </span>
    </p>
   </div>
   <div class='ocr_carea' id='block_1_54' title="bbox 504 3600 1173 3656">
    <p class='ocr_par' dir='ltr' id='par_1_54' title="bbox 504 3600 1173 3656">
     <span class='ocr_line' id='line_1_54' title="bbox 504 3600 1173 3656; baseline -0.004 0"><span class='ocrx_word' id='word_1_455' title='bbox 504 3602 729 3656; x_wconf 87' lang='lat' dir='ltr'><strong>moriam</strong></span> <span class='ocrx_word' id='word_1_456' title='bbox 762 3602 955 3655; x_wconf 89' lang='lat' dir='ltr'><strong>iterum</strong></span> <span class='ocrx_word' id='word_1_457' title='bbox 986 3600 1173 3655; x_wconf 85' lang='lat' dir='ltr'><strong>sumit.</strong></span> 
     </span>
    </p>
   </div>
   <div class='ocr_carea' id='block_1_55' title="bbox 1072 3781 1504 3839">
    <p class='ocr_par' dir='ltr' id='par_1_55' title="bbox 1072 3781 1504 3839">
     <span class='ocr_line' id='line_1_55' title="bbox 1072 3781 1504 3839; baseline -0.002 0"><span class='ocrx_word' id='word_1_458' title='bbox 1072 3782 1200 3839; x_wconf 74' lang='lat' dir='ltr'><strong>PSA</strong></span> <span class='ocrx_word' id='word_1_459' title='bbox 1210 3781 1395 3838; x_wconf 74' lang='lat' dir='ltr'><strong>LMUS</strong></span> <span class='ocrx_word' id='word_1_460' title='bbox 1439 3783 1504 3838; x_wconf 90' lang='lat' dir='ltr'><strong>il.</strong></span> 
     </span>
    </p>
   </div>
   <div class='ocr_carea' id='block_1_56' title="bbox 571 3872 2071 3945">
    <p class='ocr_par' dir='ltr' id='par_1_56' title="bbox 571 3872 2071 3945">
     <span class='ocr_line' id='line_1_56' title="bbox 571 3872 2071 3945; baseline -0.003 -12"><span class='ocrx_word' id='word_1_461' title='bbox 571 3878 736 3934; x_wconf 71' lang='lat' dir='ltr'><strong>Vnus.</strong></span> <span class='ocrx_word' id='word_1_462' title='bbox 771 3880 795 3933; x_wconf 79' lang='lat' dir='ltr'><strong>i</strong></span> <span class='ocrx_word' id='word_1_463' title='bbox 834 3886 887 3933; x_wconf 88' lang='lat' dir='ltr'><strong>et</strong></span> <span class='ocrx_word' id='word_1_464' title='bbox 914 3878 973 3931; x_wconf 74' lang='grc'>2.</span> <span class='ocrx_word' id='word_1_465' title='bbox 1013 3875 1193 3942; x_wconf 81' lang='lat' dir='ltr'><strong>Quare</strong></span> <span class='ocrx_word' id='word_1_466' title='bbox 1210 3872 1553 3943; x_wconf 67' lang='lat' dir='ltr'><strong>’fremnerunt</strong></span> <span class='ocrx_word' id='word_1_467' title='bbox 1586 3884 1766 3944; x_wconf 73' lang='lat' dir='ltr'><strong>gentes</strong></span> <span class='ocrx_word' id='word_1_468' title='bbox 1799 3886 1850 3930; x_wconf 83' lang='lat' dir='ltr'><strong>et</strong></span> <span class='ocrx_word' id='word_1_469' title='bbox 1892 3877 2071 3945; x_wconf 64' lang='lat' dir='ltr'><strong>papnli</strong></span> 
     </span>
    </p>
   </div>
   <div class='ocr_carea' id='block_1_57' title="bbox 498 3964 2067 4035">
    <p class='ocr_par' dir='ltr' id='par_1_57' title="bbox 498 3964 2067 4035">
     <span class='ocr_line' id='line_1_57' title="bbox 498 3964 2067 4035; baseline -0.001 -12"><span class='ocrx_word' id='word_1_470' title='bbox 498 3971 735 4024; x_wconf 79' lang='lat' dir='ltr'><strong>meditati</strong></span> <span class='ocrx_word' id='word_1_471' title='bbox 792 3976 912 4022; x_wconf 71' lang='lat' dir='ltr'><strong>sunt</strong></span> <span class='ocrx_word' id='word_1_472' title='bbox 961 3965 1209 4020; x_wconf 70' lang='lat' dir='ltr'><strong>inania?</strong></span> <span class='ocrx_word' id='word_1_473' title='bbox 1252 3964 1543 4018; x_wconf 74' lang='lat' dir='ltr'><strong>Astiterunt</strong></span> <span class='ocrx_word' id='word_1_474' title='bbox 1600 3982 1745 4035; x_wconf 78' lang='lat' dir='ltr'><strong>reges</strong></span> <span class='ocrx_word' id='word_1_475' title='bbox 1796 3978 1982 4029; x_wconf 73' lang='lat' dir='ltr'><strong>terrae,</strong></span> <span class='ocrx_word' id='word_1_476' title='bbox 2020 3979 2067 4022; x_wconf 80' lang='lat' dir='ltr'><strong>et</strong></span> 
     </span>
    </p>
   </div>
   <div class='ocr_carea' id='block_1_58' title="bbox 494 4053 2069 4128">
    <p class='ocr_par' dir='ltr' id='par_1_58' title="bbox 494 4053 2069 4128">
     <span class='ocr_line' id='line_1_58' title="bbox 494 4053 2069 4128; baseline -0.002 -16"><span class='ocrx_word' id='word_1_477' title='bbox 494 4061 756 4128; x_wconf 79' lang='lat' dir='ltr'><strong>principes</strong></span> <span class='ocrx_word' id='word_1_478' title='bbox 786 4062 1127 4109; x_wconf 81' lang='lat' dir='ltr'><strong>convenerunt</strong></span> <span class='ocrx_word' id='word_1_479' title='bbox 1158 4053 1212 4105; x_wconf 88' lang='lat' dir='ltr'><strong>in</strong></span> <span class='ocrx_word' id='word_1_480' title='bbox 1239 4068 1401 4106; x_wconf 80' lang='lat' dir='ltr'><strong>unum</strong></span> <span class='ocrx_word' id='word_1_481' title='bbox 1432 4053 1683 4109; x_wconf 74' lang='lat' dir='ltr'><strong>adversus</strong></span> <span class='ocrx_word' id='word_1_482' title='bbox 1709 4054 1994 4110; x_wconf 78' lang='lat' dir='ltr'><strong>Dominum</strong></span> <span class='ocrx_word' id='word_1_483' title='bbox 2024 4066 2069 4110; x_wconf 83' lang='lat' dir='ltr'><strong>et</strong></span> 
     </span>
    </p>
   </div>
   <div class='ocr_carea' id='block_1_59' title="bbox 497 4145 2069 4216">
    <p class='ocr_par' dir='ltr' id='par_1_59' title="bbox 497 4145 2069 4216">
     <span class='ocr_line' id='line_1_59' title="bbox 497 4145 2069 4216; baseline -0.001 -12"><span class='ocrx_word' id='word_1_484' title='bbox 497 4152 748 4204; x_wconf 68' lang='lat' dir='ltr'><strong>adversus</strong></span> <span class='ocrx_word' id='word_1_485' title='bbox 794 4147 1058 4201; x_wconf 63' lang='lat' dir='ltr'><strong>Christum</strong></span> <span class='ocrx_word' id='word_1_486' title='bbox 1088 4146 1204 4214; x_wconf 75' lang='lat' dir='ltr'><strong>ejus</strong></span> <span class='ocrx_word' id='word_1_487' title='bbox 1232 4184 1247 4209; x_wconf 92' lang='lat'><strong>,</strong></span> <span class='ocrx_word' id='word_1_488' title='bbox 1300 4155 1409 4199; x_wconf 87' lang='lat' dir='ltr'><strong>etc.</strong></span> <span class='ocrx_word' id='word_1_489' title='bbox 1460 4145 1598 4199; x_wconf 89' lang='lat' dir='ltr'><strong>Cum</strong></span> <span class='ocrx_word' id='word_1_490' title='bbox 1633 4146 1686 4199; x_wconf 90' lang='lat' dir='ltr'><strong>in</strong></span> <span class='ocrx_word' id='word_1_491' title='bbox 1736 4148 2069 4216; x_wconf 79' lang='lat' dir='ltr'><strong>exemplaria</strong></span> 
     </span>
    </p>
   </div>
   <div class='ocr_carea' id='block_1_60' title="bbox 497 4236 2069 4307">
    <p class='ocr_par' dir='ltr' id='par_1_60' title="bbox 497 4236 2069 4307">
     <span class='ocr_line' id='line_1_60' title="bbox 497 4236 2069 4307; baseline -0.001 -12"><span class='ocrx_word' id='word_1_492' title='bbox 497 4243 603 4295; x_wconf 92' lang='lat' dir='ltr'><strong>duo</strong></span> <span class='ocrx_word' id='word_1_493' title='bbox 629 4240 892 4294; x_wconf 77' lang='lat' dir='ltr'><strong>iiebraica</strong></span> <span class='ocrx_word' id='word_1_494' title='bbox 924 4239 1326 4302; x_wconf 86' lang='lat' dir='ltr'><strong>incidissemus,</strong></span> <span class='ocrx_word' id='word_1_495' title='bbox 1364 4237 1416 4291; x_wconf 91' lang='lat' dir='ltr'><strong>in</strong></span> <span class='ocrx_word' id='word_1_496' title='bbox 1446 4252 1555 4291; x_wconf 91' lang='lat' dir='ltr'><strong>uno</strong></span> <span class='ocrx_word' id='word_1_497' title='bbox 1587 4236 1807 4307; x_wconf 85' lang='lat' dir='ltr'><strong>quidem</strong></span> <span class='ocrx_word' id='word_1_498' title='bbox 1842 4240 2069 4294; x_wconf 86' lang='lat' dir='ltr'><strong>secundi</strong></span> 
     </span>
    </p>
   </div>
   <div class='ocr_carea' id='block_1_61' title="bbox 495 4329 2067 4405">
    <p class='ocr_par' dir='ltr' id='par_1_61' title="bbox 495 4329 2067 4405">
     <span class='ocr_line' id='line_1_61' title="bbox 495 4329 2067 4405; baseline -0.002 -19"><span class='ocrx_word' id='word_1_499' title='bbox 495 4333 686 4405; x_wconf 80' lang='lat' dir='ltr'><strong>psalmi</strong></span> <span class='ocrx_word' id='word_1_500' title='bbox 737 4331 1061 4401; x_wconf 89' lang='lat' dir='ltr'><strong>principium</strong></span> <span class='ocrx_word' id='word_1_501' title='bbox 1093 4330 1403 4384; x_wconf 82' lang='lat' dir='ltr'><strong>invenimus</strong></span> <span class='ocrx_word' id='word_1_502' title='bbox 1451 4330 1563 4384; x_wconf 70' lang='lat' dir='ltr'><strong>haec</strong></span> <span class='ocrx_word' id='word_1_503' title='bbox 1597 4329 1761 4401; x_wconf 75' lang='lat'><strong>538</strong></span> <span class='ocrx_word' id='word_1_504' title='bbox 1795 4344 1916 4385; x_wconf 88' lang='lat' dir='ltr'><strong>esse</strong></span> <span class='ocrx_word' id='word_1_505' title='bbox 1941 4373 1956 4397; x_wconf 96' lang='lat'><strong>,</strong></span> <span class='ocrx_word' id='word_1_506' title='bbox 2015 4332 2067 4384; x_wconf 90' lang='lat' dir='ltr'><strong>in</strong></span> 
     </span>
    </p>
   </div>
   <div class='ocr_carea' id='block_1_62' title="bbox 2200 2028 3854 2108">
    <p class='ocr_par' dir='ltr' id='par_1_62' title="bbox 2200 2028 3854 2108">
     <span class='ocr_line' id='line_1_62' title="bbox 2200 2028 3854 2108; baseline 0.005 -23"><span class='ocrx_word' id='word_1_507' title='bbox 2200 2028 2285 2097; x_wconf 74' lang='lat' dir='ltr'><strong>ei;</strong></span> <span class='ocrx_word' id='word_1_508' title='bbox 2316 2053 2333 2083; x_wconf 73' lang='grc' dir='ltr'>ι</span> <span class='ocrx_word' id='word_1_509' title='bbox 2382 2034 2611 2104; x_wconf 82' lang='grc' dir='ltr'>Ὁμοίως</span> <span class='ocrx_word' id='word_1_510' title='bbox 2655 2036 2713 2088; x_wconf 83' lang='grc' dir='ltr'>δὲ</span> <span class='ocrx_word' id='word_1_511' title='bbox 2756 2036 2850 2088; x_wconf 74' lang='grc' dir='ltr'><strong>καὶ</strong></span> <span class='ocrx_word' id='word_1_512' title='bbox 2890 2039 2949 2089; x_wconf 84' lang='grc' dir='ltr'>ὲν</span> <span class='ocrx_word' id='word_1_513' title='bbox 2986 2036 3063 2107; x_wconf 78' lang='grc' dir='ltr'>τῷ</span> <span class='ocrx_word' id='word_1_514' title='bbox 3103 2037 3419 2108; x_wconf 83' lang='grc' dir='ltr'>Εύαγγελίῳ</span> <span class='ocrx_word' id='word_1_515' title='bbox 3449 2041 3854 2093; x_wconf 66' lang='grc' dir='ltr'>πυνθάνετει</span> 
     </span>
    </p>
   </div>
   <div class='ocr_carea' id='block_1_63' title="bbox 2199 2120 3853 2199">
    <p class='ocr_par' dir='ltr' id='par_1_63' title="bbox 2199 2120 3853 2199">
     <span class='ocr_line' id='line_1_63' title="bbox 2199 2120 3853 2199; baseline 0.004 -22"><span class='ocrx_word' id='word_1_516' title='bbox 2199 2126 2326 2195; x_wconf 79' lang='grc' dir='ltr'>περὶ</span> <span class='ocrx_word' id='word_1_517' title='bbox 2340 2120 2413 2179; x_wconf 83' lang='grc' dir='ltr'>ὧν</span> <span class='ocrx_word' id='word_1_518' title='bbox 2428 2128 2527 2179; x_wconf 82' lang='grc' dir='ltr'><strong>οὐκ</strong></span> <span class='ocrx_word' id='word_1_519' title='bbox 2541 2122 2700 2190; x_wconf 75' lang='grc' dir='ltr'>οἶδεν,</span> <span class='ocrx_word' id='word_1_520' title='bbox 2717 2128 2815 2181; x_wconf 82' lang='grc' dir='ltr'><strong>ούκ</strong></span> <span class='ocrx_word' id='word_1_521' title='bbox 2835 2128 3004 2182; x_wconf 78' lang='grc' dir='ltr'>ὅντων</span> <span class='ocrx_word' id='word_1_522' title='bbox 3026 2128 3191 2195; x_wconf 72' lang='grc' dir='ltr'>ἀξίων</span> <span class='ocrx_word' id='word_1_523' title='bbox 3204 2129 3304 2199; x_wconf 79' lang='grc' dir='ltr'><strong>τῆς</strong></span> <span class='ocrx_word' id='word_1_524' title='bbox 3325 2129 3625 2197; x_wconf 80' lang='grc' dir='ltr'>γνώσεως</span> <span class='ocrx_word' id='word_1_525' title='bbox 3643 2132 3853 2185; x_wconf 75' lang='grc' dir='ltr'>αὑτοῦ.</span> 
     </span>
    </p>
   </div>
   <div class='ocr_carea' id='block_1_64' title="bbox 2210 2214 3842 2292">
    <p class='ocr_par' dir='ltr' id='par_1_64' title="bbox 2210 2214 3842 2292">
     <span class='ocr_line' id='line_1_64' title="bbox 2210 2214 3842 2292; baseline 0.005 -27"><span class='ocrx_word' id='word_1_526' title='bbox 2210 2214 2362 2267; x_wconf 72' lang='grc' dir='ltr'>Ἐπεὶ</span> <span class='ocrx_word' id='word_1_527' title='bbox 2383 2217 2490 2287; x_wconf 85' lang='grc' dir='ltr'>γὰρ</span> <span class='ocrx_word' id='word_1_528' title='bbox 2504 2218 2602 2270; x_wconf 77' lang='grc' dir='ltr'><strong>οὐκ</strong></span> <span class='ocrx_word' id='word_1_529' title='bbox 2621 2214 2727 2271; x_wconf 76' lang='grc' dir='ltr'>οἶδε</span> <span class='ocrx_word' id='word_1_530' title='bbox 2757 2218 2818 2271; x_wconf 84' lang='grc' dir='ltr'><strong>τὸ</strong></span> <span class='ocrx_word' id='word_1_531' title='bbox 2847 2219 3141 2289; x_wconf 84' lang='grc' dir='ltr'>δαιμόνιον,</span> <span class='ocrx_word' id='word_1_532' title='bbox 3161 2221 3282 2273; x_wconf 74' lang='grc' dir='ltr'>οὐδὲ</span> <span class='ocrx_word' id='word_1_533' title='bbox 3308 2221 3368 2273; x_wconf 76' lang='grc' dir='ltr'>τὸ</span> <span class='ocrx_word' id='word_1_534' title='bbox 3397 2222 3596 2292; x_wconf 72' lang='grc' dir='ltr'>ὄνομα</span> <span class='ocrx_word' id='word_1_535' title='bbox 3636 2222 3842 2285; x_wconf 75' lang='grc' dir='ltr'>αὑτοῦ,</span> 
     </span>
    </p>
   </div>
   <div class='ocr_carea' id='block_1_65' title="bbox 2200 2302 3841 2381">
    <p class='ocr_par' dir='ltr' id='par_1_65' title="bbox 2200 2302 3841 2381">
     <span class='ocr_line' id='line_1_65' title="bbox 2200 2302 3841 2381; baseline 0.006 -28"><span class='ocrx_word' id='word_1_536' title='bbox 2200 2302 2530 2358; x_wconf 78' lang='grc' dir='ltr'>πυνθάνεται</span> <span class='ocrx_word' id='word_1_537' title='bbox 2562 2306 2614 2357; x_wconf 91' lang='grc' dir='ltr'><strong>τί</strong></span> <span class='ocrx_word' id='word_1_538' title='bbox 2644 2305 2705 2358; x_wconf 71' lang='grc' dir='ltr'>τὸ</span> <span class='ocrx_word' id='word_1_539' title='bbox 2734 2305 2903 2375; x_wconf 74' lang='grc' dir='ltr'>δνομα</span> <span class='ocrx_word' id='word_1_540' title='bbox 2932 2306 3097 2359; x_wconf 77' lang='grc' dir='ltr'>αὐτοῦ</span> <span class='ocrx_word' id='word_1_541' title='bbox 3121 2350 3135 2373; x_wconf 88' lang='grc'><strong>,</strong></span> <span class='ocrx_word' id='word_1_542' title='bbox 3163 2309 3254 2360; x_wconf 83' lang='grc' dir='ltr'><strong>ὅτε</strong></span> <span class='ocrx_word' id='word_1_543' title='bbox 3283 2309 3466 2362; x_wconf 78' lang='grc' dir='ltr'>ἐκεῖνο</span> <span class='ocrx_word' id='word_1_544' title='bbox 3504 2312 3841 2381; x_wconf 74' lang='grc' dir='ltr'>ἀποκρίνε-</span> 
     </span>
    </p>
   </div>
   <div class='ocr_carea' id='block_1_66' title="bbox 2197 2394 3828 2473">
    <p class='ocr_par' dir='ltr' id='par_1_66' title="bbox 2197 2394 3828 2473">
     <span class='ocr_line' id='line_1_66' title="bbox 2197 2394 3828 2473; baseline 0.006 -29"><span class='ocrx_word' id='word_1_545' title='bbox 2197 2409 2308 2455; x_wconf 90' lang='grc' dir='ltr'>ται,</span> <span class='ocrx_word' id='word_1_546' title='bbox 2340 2394 2446 2461; x_wconf 83' lang='grc' dir='ltr'>ὅτι,</span> <span class='ocrx_word' id='word_1_547' title='bbox 2482 2415 2503 2446; x_wconf 71' lang='grc' dir='ltr'><strong>ι</strong></span> <span class='ocrx_word' id='word_1_548' title='bbox 2532 2396 2751 2465; x_wconf 84' lang='grc' dir='ltr'>Λεγεὼν</span> <span class='ocrx_word' id='word_1_549' title='bbox 2777 2397 2948 2468; x_wconf 71' lang='grc' dir='ltr'>ὄνομά</span> <span class='ocrx_word' id='word_1_550' title='bbox 2980 2416 3090 2468; x_wconf 87' lang='grc' dir='ltr'>μοι.</span> <span class='ocrx_word' id='word_1_551' title='bbox 3130 2418 3146 2449; x_wconf 83' lang='grc' dir='ltr'>ι</span> <span class='ocrx_word' id='word_1_552' title='bbox 3175 2401 3285 2453; x_wconf 71' lang='grc' dir='ltr'>Καὶ</span> <span class='ocrx_word' id='word_1_553' title='bbox 3316 2402 3448 2471; x_wconf 75' lang='grc' dir='ltr'>πρὶν</span> <span class='ocrx_word' id='word_1_554' title='bbox 3471 2403 3593 2473; x_wconf 72' lang='grc' dir='ltr'>τὴν</span> <span class='ocrx_word' id='word_1_555' title='bbox 3617 2403 3828 2472; x_wconf 60' lang='grc' dir='ltr'>ἄφεσιν</span> 
     </span>
    </p>
   </div>
   <div class='ocr_carea' id='block_1_67' title="bbox 2193 2486 3819 2565">
    <p class='ocr_par' dir='ltr' id='par_1_67' title="bbox 2193 2486 3819 2565">
     <span class='ocr_line' id='line_1_67' title="bbox 2193 2486 3819 2565; baseline 0.006 -27"><span class='ocrx_word' id='word_1_556' title='bbox 2193 2486 2292 2557; x_wconf 77' lang='grc' dir='ltr'>τὴν</span> <span class='ocrx_word' id='word_1_557' title='bbox 2342 2489 2470 2559; x_wconf 78' lang='grc' dir='ltr'>περὶ</span> <span class='ocrx_word' id='word_1_558' title='bbox 2510 2489 2612 2558; x_wconf 80' lang='grc' dir='ltr'>τῆς</span> <span class='ocrx_word' id='word_1_559' title='bbox 2658 2492 2932 2561; x_wconf 75' lang='grc' dir='ltr'><strong>σωτηρίας</strong></span> <span class='ocrx_word' id='word_1_560' title='bbox 2969 2491 3152 2544; x_wconf 83' lang='grc' dir='ltr'>λαϐεῖν</span> <span class='ocrx_word' id='word_1_561' title='bbox 3199 2492 3297 2563; x_wconf 78' lang='grc' dir='ltr'>τὴν</span> <span class='ocrx_word' id='word_1_562' title='bbox 3344 2494 3819 2565; x_wconf 70' lang='grc' dir='ltr'>αἱμορῤοοῦσαν.</span> 
     </span>
    </p>
   </div>
   <div class='ocr_carea' id='block_1_68' title="bbox 2195 2578 3816 2658">
    <p class='ocr_par' dir='ltr' id='par_1_68' title="bbox 2195 2578 3816 2658">
     <span class='ocr_line' id='line_1_68' title="bbox 2195 2578 3816 2658; baseline 0.003 -28"><span class='ocrx_word' id='word_1_563' title='bbox 2195 2578 2520 2634; x_wconf 79' lang='grc' dir='ltr'>πυνθάνεται</span> <span class='ocrx_word' id='word_1_564' title='bbox 2559 2581 2731 2650; x_wconf 88' lang='grc' dir='ltr'>λέγων</span> <span class='ocrx_word' id='word_1_565' title='bbox 2766 2598 2779 2612; x_wconf 90' lang='grc'><strong>·</strong></span> <span class='ocrx_word' id='word_1_566' title='bbox 2834 2602 2852 2632; x_wconf 82' lang='grc' dir='ltr'>ι</span> <span class='ocrx_word' id='word_1_567' title='bbox 2893 2584 2989 2647; x_wconf 87' lang='grc' dir='ltr'><strong>Τίς</strong></span> <span class='ocrx_word' id='word_1_568' title='bbox 3036 2602 3137 2655; x_wconf 88' lang='grc' dir='ltr'><strong>μου</strong></span> <span class='ocrx_word' id='word_1_569' title='bbox 3179 2585 3396 2654; x_wconf 49' lang='lat' dir='ltr'><strong>mare;</strong></span> <span class='ocrx_word' id='word_1_570' title='bbox 3438 2606 3457 2637; x_wconf 77' lang='grc' dir='ltr'>ι</span> <span class='ocrx_word' id='word_1_571' title='bbox 3513 2588 3643 2658; x_wconf 77' lang='grc' dir='ltr'><strong>Τὴν</strong></span> <span class='ocrx_word' id='word_1_572' title='bbox 3692 2586 3816 2639; x_wconf 65' lang='grc' dir='ltr'>ὁδὸν</span> 
     </span>
    </p>
   </div>
   <div class='ocr_carea' id='block_1_69' title="bbox 2193 2663 3809 2745">
    <p class='ocr_par' dir='ltr' id='par_1_69' title="bbox 2193 2663 3809 2745">
     <span class='ocr_line' id='line_1_69' title="bbox 2193 2663 3809 2745; baseline 0.005 -26"><span class='ocrx_word' id='word_1_573' title='bbox 2193 2663 2285 2720; x_wconf 81' lang='grc' dir='ltr'><strong>οῦν</strong></span> <span class='ocrx_word' id='word_1_574' title='bbox 2331 2671 2438 2721; x_wconf 83' lang='grc' dir='ltr'>τῶν</span> <span class='ocrx_word' id='word_1_575' title='bbox 2468 2670 2667 2723; x_wconf 77' lang='grc' dir='ltr'>ἀδίκων</span> <span class='ocrx_word' id='word_1_576' title='bbox 2709 2674 2737 2725; x_wconf 83' lang='grc' dir='ltr'>ὁ</span> <span class='ocrx_word' id='word_1_577' title='bbox 2768 2672 2898 2735; x_wconf 84' lang='grc' dir='ltr'>Θεὸς</span> <span class='ocrx_word' id='word_1_578' title='bbox 2945 2673 3147 2741; x_wconf 83' lang='grc' dir='ltr'>ἀγνοεῖ,</span> <span class='ocrx_word' id='word_1_579' title='bbox 3183 2673 3280 2745; x_wconf 74' lang='grc' dir='ltr'>τὴν</span> <span class='ocrx_word' id='word_1_580' title='bbox 3324 2675 3381 2728; x_wconf 78' lang='grc' dir='ltr'>δὲ</span> <span class='ocrx_word' id='word_1_581' title='bbox 3420 2676 3531 2728; x_wconf 83' lang='grc' dir='ltr'><strong>τών</strong></span> <span class='ocrx_word' id='word_1_582' title='bbox 3564 2677 3809 2729; x_wconf 69' lang='grc' dir='ltr'>δικαίων</span> 
     </span>
    </p>
   </div>
   <div class='ocr_carea' id='block_1_70' title="bbox 2192 2761 3799 2837">
    <p class='ocr_par' dir='ltr' id='par_1_70' title="bbox 2192 2761 3799 2837">
     <span class='ocr_line' id='line_1_70' title="bbox 2192 2761 3799 2837; baseline 0.003 -26"><span class='ocrx_word' id='word_1_583' title='bbox 2192 2761 2468 2827; x_wconf 82' lang='grc' dir='ltr'>γινώσκει.</span> <span class='ocrx_word' id='word_1_584' title='bbox 2516 2763 2612 2825; x_wconf 85' lang='grc' dir='ltr'><strong>Τίς</strong></span> <span class='ocrx_word' id='word_1_585' title='bbox 2648 2762 2704 2815; x_wconf 85' lang='grc' dir='ltr'>δὲ</span> <span class='ocrx_word' id='word_1_586' title='bbox 2754 2766 2786 2834; x_wconf 77' lang='grc' dir='ltr'><strong>ἡ</strong></span> <span class='ocrx_word' id='word_1_587' title='bbox 2835 2764 2952 2827; x_wconf 71' lang='grc' dir='ltr'>ὁδὸς</span> <span class='ocrx_word' id='word_1_588' title='bbox 2999 2764 3107 2817; x_wconf 83' lang='grc' dir='ltr'><strong>τῶν</strong></span> <span class='ocrx_word' id='word_1_589' title='bbox 3145 2765 3371 2819; x_wconf 88' lang='grc' dir='ltr'>δικαίων</span> <span class='ocrx_word' id='word_1_590' title='bbox 3414 2767 3447 2837; x_wconf 74' lang='grc' dir='ltr'><strong>ἢ</strong></span> <span class='ocrx_word' id='word_1_591' title='bbox 3499 2771 3530 2821; x_wconf 82' lang='grc' dir='ltr'>ὁ</span> <span class='ocrx_word' id='word_1_592' title='bbox 3571 2767 3799 2819; x_wconf 72' lang='grc' dir='ltr'>εἰπών’</span> 
     </span>
    </p>
   </div>
   <div class='ocr_carea' id='block_1_71' title="bbox 2198 2850 3794 2930">
    <p class='ocr_par' dir='ltr' id='par_1_71' title="bbox 2198 2850 3794 2930">
     <span class='ocr_line' id='line_1_71' title="bbox 2198 2850 3794 2930; baseline 0.004 -29"><span class='ocrx_word' id='word_1_593' title='bbox 2198 2868 2216 2900; x_wconf 83' lang='grc' dir='ltr'><strong>ι</strong></span> <span class='ocrx_word' id='word_1_594' title='bbox 2254 2850 2392 2919; x_wconf 82' lang='grc' dir='ltr'>Ἐγώ</span> <span class='ocrx_word' id='word_1_595' title='bbox 2424 2853 2536 2923; x_wconf 86' lang='grc' dir='ltr'>είμι</span> <span class='ocrx_word' id='word_1_596' title='bbox 2570 2854 2602 2923; x_wconf 80' lang='grc' dir='ltr'>ἡ</span> <span class='ocrx_word' id='word_1_597' title='bbox 2634 2853 2784 2917; x_wconf 59' lang='grc' dir='ltr'>ὁδὸς,</span> <span class='ocrx_word' id='word_1_598' title='bbox 2833 2874 2851 2903; x_wconf 75' lang='grc' dir='ltr'>ι</span> <span class='ocrx_word' id='word_1_599' title='bbox 2888 2856 2947 2907; x_wconf 85' lang='grc' dir='ltr'>ὃν</span> <span class='ocrx_word' id='word_1_600' title='bbox 2978 2856 3236 2923; x_wconf 79' lang='grc' dir='ltr'>γινώσκει</span> <span class='ocrx_word' id='word_1_601' title='bbox 3270 2859 3299 2910; x_wconf 89' lang='grc' dir='ltr'>ὁ</span> <span class='ocrx_word' id='word_1_602' title='bbox 3343 2858 3574 2930; x_wconf 77' lang='grc' dir='ltr'>Πατήρ;</span> <span class='ocrx_word' id='word_1_603' title='bbox 3620 2878 3641 2908; x_wconf 71' lang='grc' dir='ltr'>ι</span> <span class='ocrx_word' id='word_1_604' title='bbox 3684 2858 3794 2910; x_wconf 69' lang='grc' dir='ltr'><strong>Οὐ-</strong></span> 
     </span>
    </p>
   </div>
   <div class='ocr_carea' id='block_1_72' title="bbox 2190 2941 3791 3022">
    <p class='ocr_par' dir='ltr' id='par_1_72' title="bbox 2190 2941 3791 3022">
     <span class='ocr_line' id='line_1_72' title="bbox 2190 2941 3791 3022; baseline 0.004 -29"><span class='ocrx_word' id='word_1_605' title='bbox 2190 2941 2300 3004; x_wconf 75' lang='grc' dir='ltr'>δεὶς</span> <span class='ocrx_word' id='word_1_606' title='bbox 2328 2944 2436 3014; x_wconf 75' lang='grc' dir='ltr'>γὰρ</span> <span class='ocrx_word' id='word_1_607' title='bbox 2477 2944 2617 3012; x_wconf 85' lang='grc' dir='ltr'>ἔγνω</span> <span class='ocrx_word' id='word_1_608' title='bbox 2661 2945 2751 2997; x_wconf 82' lang='grc' dir='ltr'><strong>τὸν</strong></span> <span class='ocrx_word' id='word_1_609' title='bbox 2785 2947 2913 3000; x_wconf 84' lang='grc' dir='ltr'>Υίὺν</span> <span class='ocrx_word' id='word_1_610' title='bbox 2943 2950 2990 3000; x_wconf 84' lang='grc' dir='ltr'><strong>εί</strong></span> <span class='ocrx_word' id='word_1_611' title='bbox 3025 2950 3100 3019; x_wconf 81' lang='grc' dir='ltr'>μὴ</span> <span class='ocrx_word' id='word_1_612' title='bbox 3128 2950 3155 3001; x_wconf 81' lang='grc' dir='ltr'><strong>ὁ</strong></span> <span class='ocrx_word' id='word_1_613' title='bbox 3197 2950 3407 3021; x_wconf 78' lang='grc' dir='ltr'>Πατήρ.</span> <span class='ocrx_word' id='word_1_614' title='bbox 3447 2970 3466 3002; x_wconf 74' lang='grc' dir='ltr'>ι</span> <span class='ocrx_word' id='word_1_615' title='bbox 3516 2949 3791 3022; x_wconf 74' lang='grc' dir='ltr'>Ἀρμὸσει</span> 
     </span>
    </p>
   </div>
   <div class='ocr_carea' id='block_1_73' title="bbox 2189 3031 3782 3107">
    <p class='ocr_par' dir='ltr' id='par_1_73' title="bbox 2189 3031 3782 3107">
     <span class='ocr_line' id='line_1_73' title="bbox 2189 3031 3782 3107; baseline 0.003 -23"><span class='ocrx_word' id='word_1_616' title='bbox 2189 3031 2245 3084; x_wconf 83' lang='grc' dir='ltr'>δὲ</span> <span class='ocrx_word' id='word_1_617' title='bbox 2277 3036 2385 3095; x_wconf 84' lang='grc' dir='ltr'>τοῖς</span> <span class='ocrx_word' id='word_1_618' title='bbox 2414 3035 2541 3105; x_wconf 74' lang='grc' dir='ltr'>περὶ</span> <span class='ocrx_word' id='word_1_619' title='bbox 2572 3033 2830 3102; x_wconf 86' lang='grc' dir='ltr'>γνώσεως</span> <span class='ocrx_word' id='word_1_620' title='bbox 2858 3038 2951 3089; x_wconf 78' lang='grc' dir='ltr'><strong>καὶ</strong></span> <span class='ocrx_word' id='word_1_621' title='bbox 2980 3038 3253 3105; x_wconf 75' lang='grc' dir='ltr'>ἀγνωσίας</span> <span class='ocrx_word' id='word_1_622' title='bbox 3275 3038 3404 3092; x_wconf 83' lang='grc' dir='ltr'>Θεοῦ</span> <span class='ocrx_word' id='word_1_623' title='bbox 3431 3039 3494 3091; x_wconf 75' lang='grc' dir='ltr'><strong>τά</strong></span> <span class='ocrx_word' id='word_1_624' title='bbox 3523 3039 3782 3107; x_wconf 76' lang='grc' dir='ltr'>συνεχῶς</span> 
     </span>
    </p>
   </div>
   <div class='ocr_carea' id='block_1_74' title="bbox 2190 3124 3764 3201">
    <p class='ocr_par' dir='ltr' id='par_1_74' title="bbox 2190 3124 3764 3201">
     <span class='ocr_line' id='line_1_74' title="bbox 2190 3124 3764 3201; baseline 0.011 -26"><span class='ocrx_word' id='word_1_625' title='bbox 2190 3124 2417 3193; x_wconf 87' lang='grc' dir='ltr'>κείμενα</span> <span class='ocrx_word' id='word_1_626' title='bbox 2444 3126 2503 3177; x_wconf 83' lang='grc' dir='ltr'>ὲν</span> <span class='ocrx_word' id='word_1_627' title='bbox 2526 3129 2647 3189; x_wconf 88' lang='grc' dir='ltr'>ταῖς</span> <span class='ocrx_word' id='word_1_628' title='bbox 2672 3129 3029 3200; x_wconf 79' lang='grc' dir='ltr'>προφητείαις</span> <span class='ocrx_word' id='word_1_629' title='bbox 3046 3131 3307 3200; x_wconf 84' lang='grc' dir='ltr'>ὀνόματα,</span> <span class='ocrx_word' id='word_1_630' title='bbox 3327 3129 3512 3201; x_wconf 68' lang='grc' dir='ltr'>μνήμη</span> <span class='ocrx_word' id='word_1_631' title='bbox 3529 3130 3620 3182; x_wconf 74' lang='grc' dir='ltr'><strong>καὶ</strong></span> <span class='ocrx_word' id='word_1_632' title='bbox 3636 3130 3729 3192; x_wconf 72' lang='grc' dir='ltr'><em>λὴ</em></span> <span class='ocrx_word' id='word_1_633' title='bbox 3745 3159 3764 3166; x_wconf 87' lang='grc'><strong>·</strong></span> 
     </span>
    </p>
   </div>
   <div class='ocr_carea' id='block_1_75' title="bbox 2189 3215 3759 3294">
    <p class='ocr_par' dir='ltr' id='par_1_75' title="bbox 2189 3215 3759 3294">
     <span class='ocr_line' id='line_1_75' title="bbox 2189 3215 3759 3294; baseline 0.003 -27"><span class='ocrx_word' id='word_1_634' title='bbox 2189 3217 2264 3281; x_wconf 85' lang='grc' dir='ltr'>θη</span> <span class='ocrx_word' id='word_1_635' title='bbox 2288 3215 2443 3269; x_wconf 88' lang='grc' dir='ltr'>Θεοῦ.</span> <span class='ocrx_word' id='word_1_636' title='bbox 2473 3218 2739 3282; x_wconf 83' lang='grc' dir='ltr'>Πολλάκις</span> <span class='ocrx_word' id='word_1_637' title='bbox 2764 3219 2872 3291; x_wconf 82' lang='grc' dir='ltr'><strong>γάρ</strong></span> <span class='ocrx_word' id='word_1_638' title='bbox 2895 3222 2953 3273; x_wconf 82' lang='grc' dir='ltr'><strong>ἐν</strong></span> <span class='ocrx_word' id='word_1_639' title='bbox 2976 3221 3161 3291; x_wconf 81' lang='grc' dir='ltr'>εὐχαῖς</span> <span class='ocrx_word' id='word_1_640' title='bbox 3190 3222 3404 3294; x_wconf 72' lang='grc' dir='ltr'>εἴρηται</span> <span class='ocrx_word' id='word_1_641' title='bbox 3436 3223 3513 3275; x_wconf 68' lang='grc' dir='ltr'>τό·</span> <span class='ocrx_word' id='word_1_642' title='bbox 3554 3241 3571 3271; x_wconf 88' lang='grc' dir='ltr'><strong>ι</strong></span> <span class='ocrx_word' id='word_1_643' title='bbox 3597 3222 3759 3289; x_wconf 66' lang='grc' dir='ltr'><strong>Μνή-</strong></span> 
     </span>
    </p>
   </div>
   <div class='ocr_carea' id='block_1_76' title="bbox 2190 3306 3770 3388">
    <p class='ocr_par' dir='ltr' id='par_1_76' title="bbox 2190 3306 3770 3388">
     <span class='ocr_line' id='line_1_76' title="bbox 2190 3306 3770 3388; baseline 0.011 -30"><span class='ocrx_word' id='word_1_644' title='bbox 2190 3306 2346 3377; x_wconf 81' lang='grc' dir='ltr'>σθητί</span> <span class='ocrx_word' id='word_1_645' title='bbox 2376 3326 2477 3379; x_wconf 86' lang='grc' dir='ltr'><strong>μου</strong></span> <span class='ocrx_word' id='word_1_646' title='bbox 2504 3326 2517 3339; x_wconf 88' lang='grc'><strong>·</strong></span> <span class='ocrx_word' id='word_1_647' title='bbox 2555 3330 2572 3360; x_wconf 72' lang='grc' dir='ltr'>ι</span> <span class='ocrx_word' id='word_1_648' title='bbox 2608 3311 2721 3369; x_wconf 70' lang='grc' dir='ltr'>καὶ,</span> <span class='ocrx_word' id='word_1_649' title='bbox 2755 3330 2771 3361; x_wconf 89' lang='grc' dir='ltr'><strong>ι</strong></span> <span class='ocrx_word' id='word_1_650' title='bbox 2809 3312 2927 3365; x_wconf 86' lang='grc' dir='ltr'>’Ἰνα</span> <span class='ocrx_word' id='word_1_651' title='bbox 2949 3312 3001 3365; x_wconf 88' lang='grc' dir='ltr'><strong>τί</strong></span> <span class='ocrx_word' id='word_1_652' title='bbox 3020 3312 3353 3388; x_wconf 77' lang='grc' dir='ltr'>ἐπιλανθάνῃ</span> <span class='ocrx_word' id='word_1_653' title='bbox 3380 3313 3477 3384; x_wconf 81' lang='grc' dir='ltr'><strong>τῆς</strong></span> <span class='ocrx_word' id='word_1_654' title='bbox 3498 3312 3770 3383; x_wconf 72' lang='grc' dir='ltr'>πτωχείας</span> 
     </span>
    </p>
   </div>
   <div class='ocr_carea' id='block_1_77' title="bbox 2188 3400 3767 3479">
    <p class='ocr_par' dir='ltr' id='par_1_77' title="bbox 2188 3400 3767 3479">
     <span class='ocr_line' id='line_1_77' title="bbox 2188 3400 3767 3479; baseline 0.006 -27"><span class='ocrx_word' id='word_1_655' title='bbox 2188 3400 2385 3470; x_wconf 76' lang='grc' dir='ltr'><strong>ἡμῶν;</strong></span> <span class='ocrx_word' id='word_1_656' title='bbox 2418 3420 2435 3452; x_wconf 77' lang='grc' dir='ltr'>ι</span> <span class='ocrx_word' id='word_1_657' title='bbox 2482 3403 2833 3475; x_wconf 77' lang='grc' dir='ltr'>Ἀπορῤίπτει</span> <span class='ocrx_word' id='word_1_658' title='bbox 2878 3404 2987 3476; x_wconf 82' lang='grc' dir='ltr'>γὰρ</span> <span class='ocrx_word' id='word_1_659' title='bbox 3010 3405 3108 3476; x_wconf 84' lang='grc' dir='ltr'>τῆς</span> <span class='ocrx_word' id='word_1_660' title='bbox 3151 3405 3347 3458; x_wconf 80' lang='grc' dir='ltr'>ἑαυτοῦ</span> <span class='ocrx_word' id='word_1_661' title='bbox 3393 3408 3607 3479; x_wconf 76' lang='grc' dir='ltr'>μνήμης</span> <span class='ocrx_word' id='word_1_662' title='bbox 3642 3405 3767 3465; x_wconf 58' lang='grc' dir='ltr'>τοῦς</span> 
     </span>
    </p>
   </div>
   <div class='ocr_carea' id='block_1_78' title="bbox 2186 3492 3767 3569">
    <p class='ocr_par' dir='ltr' id='par_1_78' title="bbox 2186 3492 3767 3569">
     <span class='ocr_line' id='line_1_78' title="bbox 2186 3492 3767 3569; baseline 0.003 -25"><span class='ocrx_word' id='word_1_663' title='bbox 2186 3492 2633 3563; x_wconf 82' lang='grc' dir='ltr'>ἁμαρτάνοντας·</span> <span class='ocrx_word' id='word_1_664' title='bbox 2676 3495 2865 3569; x_wconf 79' lang='grc' dir='ltr'>ὥσπερ</span> <span class='ocrx_word' id='word_1_665' title='bbox 2912 3496 3072 3551; x_wconf 88' lang='grc' dir='ltr'>πάλιν</span> <span class='ocrx_word' id='word_1_666' title='bbox 3112 3498 3394 3569; x_wconf 83' lang='grc' dir='ltr'>προσίεται</span> <span class='ocrx_word' id='word_1_667' title='bbox 3436 3500 3562 3561; x_wconf 74' lang='grc' dir='ltr'>τοὺς</span> <span class='ocrx_word' id='word_1_668' title='bbox 3605 3512 3767 3569; x_wconf 88' lang='grc' dir='ltr'>μετα-</span> 
     </span>
    </p>
   </div>
   <div class='ocr_carea' id='block_1_79' title="bbox 2186 3582 3609 3659">
    <p class='ocr_par' dir='ltr' id='par_1_79' title="bbox 2186 3582 3609 3659">
     <span class='ocr_line' id='line_1_79' title="bbox 2186 3582 3609 3659; baseline 0.007 -26"><span class='ocrx_word' id='word_1_669' title='bbox 2186 3582 2459 3648; x_wconf 85' lang='grc' dir='ltr'>νοοῦντας,</span> <span class='ocrx_word' id='word_1_670' title='bbox 2490 3586 2584 3639; x_wconf 62' lang='grc' dir='ltr'><strong>καλ⁵</strong></span> <span class='ocrx_word' id='word_1_671' title='bbox 2606 3585 2976 3658; x_wconf 86' lang='grc' dir='ltr'>ἀναλαμϐάνει</span> <span class='ocrx_word' id='word_1_672' title='bbox 2998 3588 3201 3641; x_wconf 87' lang='grc' dir='ltr'>τούτων</span> <span class='ocrx_word' id='word_1_673' title='bbox 3230 3587 3330 3658; x_wconf 78' lang='grc' dir='ltr'><strong>τὴν</strong></span> <span class='ocrx_word' id='word_1_674' title='bbox 3368 3590 3609 3659; x_wconf 79' lang='grc' dir='ltr'>μνήμην.</span> 
     </span>
    </p>
   </div>
   <div class='ocr_carea' id='block_1_80' title="bbox 2772 3787 3169 3843">
    <p class='ocr_par' dir='ltr' id='par_1_80' title="bbox 2772 3787 3169 3843">
     <span class='ocr_line' id='line_1_80' title="bbox 2772 3787 3169 3843; baseline 0.008 -4"><span class='ocrx_word' id='word_1_675' title='bbox 2772 3787 3061 3841; x_wconf 74' lang='grc' dir='ltr'><strong>ΨΛΛΜΟΣ</strong></span> <span class='ocrx_word' id='word_1_676' title='bbox 3095 3788 3169 3843; x_wconf 89' lang='grc' dir='ltr'><strong>Β¹.</strong></span> 
     </span>
    </p>
   </div>
   <div class='ocr_carea' id='block_1_81' title="bbox 2251 3879 3759 3953">
    <p class='ocr_par' dir='ltr' id='par_1_81' title="bbox 2251 3879 3759 3953">
     <span class='ocr_line' id='line_1_81' title="bbox 2251 3879 3759 3953; baseline 0.002 -19"><span class='ocrx_word' id='word_1_677' title='bbox 2251 3881 2383 3934; x_wconf 81' lang='grc' dir='ltr'><strong>Ἵνα</strong></span> <span class='ocrx_word' id='word_1_678' title='bbox 2417 3880 2474 3932; x_wconf 85' lang='grc' dir='ltr'><strong>τί</strong></span> <span class='ocrx_word' id='word_1_679' title='bbox 2507 3880 2815 3948; x_wconf 62' lang='grc' dir='ltr'>ἐφρύαξαν</span> <span class='ocrx_word' id='word_1_680' title='bbox 2855 3879 3001 3947; x_wconf 77' lang='grc' dir='ltr'><strong>ἔθνη</strong></span> <span class='ocrx_word' id='word_1_681' title='bbox 3023 3919 3037 3943; x_wconf 92' lang='grc'><strong>,</strong></span> <span class='ocrx_word' id='word_1_682' title='bbox 3062 3882 3161 3934; x_wconf 77' lang='grc' dir='ltr'><strong>καί</strong></span> <span class='ocrx_word' id='word_1_683' title='bbox 3209 3883 3347 3936; x_wconf 75' lang='grc' dir='ltr'>λαοὶ</span> <span class='ocrx_word' id='word_1_684' title='bbox 3388 3883 3759 3953; x_wconf 69' lang='grc' dir='ltr'><strong>ἐμελέτησαν</strong></span> 
     </span>
    </p>
   </div>
   <div class='ocr_carea' id='block_1_82' title="bbox 2179 3970 3756 4043">
    <p class='ocr_par' dir='ltr' id='par_1_82' title="bbox 2179 3970 3756 4043">
     <span class='ocr_line' id='line_1_82' title="bbox 2179 3970 3756 4043; baseline 0.002 -19"><span class='ocrx_word' id='word_1_685' title='bbox 2179 3971 2363 4035; x_wconf 72' lang='lat' dir='ltr'><strong>md;</strong></span> <span class='ocrx_word' id='word_1_686' title='bbox 2399 3970 2802 4039; x_wconf 83' lang='grc' dir='ltr'>Παρέστησαν</span> <span class='ocrx_word' id='word_1_687' title='bbox 2835 3974 2889 4025; x_wconf 79' lang='grc' dir='ltr'>οἱ</span> <span class='ocrx_word' id='word_1_688' title='bbox 2922 3972 3207 4039; x_wconf 69' lang='grc' dir='ltr'>,ϐασιλεῖς</span> <span class='ocrx_word' id='word_1_689' title='bbox 3234 3973 3348 4041; x_wconf 83' lang='grc' dir='ltr'>τῆς</span> <span class='ocrx_word' id='word_1_690' title='bbox 3379 3975 3493 4043; x_wconf 75' lang='grc' dir='ltr'><strong>τῆς</strong></span> <span class='ocrx_word' id='word_1_691' title='bbox 3514 4016 3530 4037; x_wconf 92' lang='grc'><strong>,</strong></span> <span class='ocrx_word' id='word_1_692' title='bbox 3566 3977 3671 4029; x_wconf 76' lang='grc' dir='ltr'>καὶ</span> <span class='ocrx_word' id='word_1_693' title='bbox 3704 3974 3756 4028; x_wconf 84' lang='grc' dir='ltr'>οι</span> 
     </span>
    </p>
   </div>
   <div class='ocr_carea' id='block_1_83' title="bbox 2177 4063 3756 4133">
    <p class='ocr_par' dir='ltr' id='par_1_83' title="bbox 2177 4063 3756 4133">
     <span class='ocr_line' id='line_1_83' title="bbox 2177 4063 3756 4133; baseline 0.001 -16"><span class='ocrx_word' id='word_1_694' title='bbox 2177 4064 2467 4131; x_wconf 72' lang='grc' dir='ltr'>ἄρχοντες</span> <span class='ocrx_word' id='word_1_695' title='bbox 2494 4063 2899 4133; x_wconf 73' lang='grc' dir='ltr'><strong>συνήχθησαν</strong></span> <span class='ocrx_word' id='word_1_696' title='bbox 2924 4066 3021 4118; x_wconf 79' lang='grc' dir='ltr'><strong>ἐπὶ</strong></span> <span class='ocrx_word' id='word_1_697' title='bbox 3061 4066 3124 4118; x_wconf 81' lang='grc' dir='ltr'>τὸ</span> <span class='ocrx_word' id='word_1_698' title='bbox 3149 4065 3297 4119; x_wconf 84' lang='grc' dir='ltr'>αὐτὸ</span> <span class='ocrx_word' id='word_1_699' title='bbox 3325 4067 3476 4120; x_wconf 80' lang='grc' dir='ltr'>κατὰ</span> <span class='ocrx_word' id='word_1_700' title='bbox 3516 4068 3622 4121; x_wconf 87' lang='grc' dir='ltr'><strong>τοῦ</strong></span> <span class='ocrx_word' id='word_1_701' title='bbox 3646 4072 3756 4121; x_wconf 67' lang='grc' dir='ltr'><strong>Κυο</strong></span> 
     </span>
    </p>
   </div>
   <div class='ocr_carea' id='block_1_84' title="bbox 2168 4154 3753 4224">
    <p class='ocr_par' dir='ltr' id='par_1_84' title="bbox 2168 4154 3753 4224">
     <span class='ocr_line' id='line_1_84' title="bbox 2168 4154 3753 4224; baseline 0.003 -19"><span class='ocrx_word' id='word_1_702' title='bbox 2168 4154 2307 4221; x_wconf 84' lang='grc' dir='ltr'>ρίου</span> <span class='ocrx_word' id='word_1_703' title='bbox 2334 4155 2433 4208; x_wconf 77' lang='grc' dir='ltr'>καὶ</span> <span class='ocrx_word' id='word_1_704' title='bbox 2469 4156 2619 4209; x_wconf 77' lang='grc' dir='ltr'>κατὰ</span> <span class='ocrx_word' id='word_1_705' title='bbox 2658 4155 2765 4209; x_wconf 85' lang='grc' dir='ltr'><strong>τοῦ</strong></span> <span class='ocrx_word' id='word_1_706' title='bbox 2801 4155 3059 4224; x_wconf 78' lang='grc' dir='ltr'>Χριστοῦ</span> <span class='ocrx_word' id='word_1_707' title='bbox 3085 4157 3270 4210; x_wconf 80' lang='grc' dir='ltr'>αὐτοῦ</span> <span class='ocrx_word' id='word_1_708' title='bbox 3293 4196 3308 4221; x_wconf 91' lang='grc'><strong>,</strong></span> <span class='ocrx_word' id='word_1_709' title='bbox 3336 4175 3390 4212; x_wconf 88' lang='grc' dir='ltr'><strong>κ.</strong></span> <span class='ocrx_word' id='word_1_710' title='bbox 3422 4176 3474 4213; x_wconf 82' lang='grc' dir='ltr'><strong>τ.</strong></span> <span class='ocrx_word' id='word_1_711' title='bbox 3495 4159 3543 4213; x_wconf 80' lang='grc' dir='ltr'>ἑ.</span> <span class='ocrx_word' id='word_1_712' title='bbox 3598 4158 3753 4211; x_wconf 80' lang='grc' dir='ltr'>Δυσὶν</span> 
     </span>
    </p>
   </div>
   <div class='ocr_carea' id='block_1_85' title="bbox 2176 4244 3751 4319">
    <p class='ocr_par' dir='ltr' id='par_1_85' title="bbox 2176 4244 3751 4319">
     <span class='ocr_line' id='line_1_85' title="bbox 2176 4244 3751 4319; baseline 0.003 -24"><span class='ocrx_word' id='word_1_713' title='bbox 2176 4244 2488 4314; x_wconf 79' lang='grc' dir='ltr'>ἐντυχόντες</span> <span class='ocrx_word' id='word_1_714' title='bbox 2523 4244 2635 4316; x_wconf 82' lang='lat'><strong>(70)</strong></span> <span class='ocrx_word' id='word_1_715' title='bbox 2671 4244 2980 4315; x_wconf 79' lang='grc' dir='ltr'>Ἑϐραϊκοῖς</span> <span class='ocrx_word' id='word_1_716' title='bbox 3018 4247 3408 4318; x_wconf 79' lang='grc' dir='ltr'>ἀντιγράφοις,</span> <span class='ocrx_word' id='word_1_717' title='bbox 3450 4250 3509 4301; x_wconf 82' lang='grc' dir='ltr'>ὲν</span> <span class='ocrx_word' id='word_1_718' title='bbox 3546 4249 3645 4319; x_wconf 80' lang='grc' dir='ltr'>μὲν</span> <span class='ocrx_word' id='word_1_719' title='bbox 3681 4245 3751 4316; x_wconf 76' lang='grc' dir='ltr'>τῷ</span> 
     </span>
    </p>
   </div>
   <div class='ocr_carea' id='block_1_86' title="bbox 2176 4334 3747 4408">
    <p class='ocr_par' dir='ltr' id='par_1_86' title="bbox 2176 4334 3747 4408">
     <span class='ocr_line' id='line_1_86' title="bbox 2176 4334 3747 4408; baseline 0.001 -23"><span class='ocrx_word' id='word_1_720' title='bbox 2176 4334 2345 4406; x_wconf 77' lang='grc' dir='ltr'>ἑτέρῳ</span> <span class='ocrx_word' id='word_1_721' title='bbox 2376 4334 2606 4406; x_wconf 74' lang='grc' dir='ltr'>εὕρομεν</span> <span class='ocrx_word' id='word_1_722' title='bbox 2630 4334 2800 4407; x_wconf 83' lang='grc' dir='ltr'>ἀρχὴν</span> <span class='ocrx_word' id='word_1_723' title='bbox 2824 4336 3077 4408; x_wconf 84' lang='grc' dir='ltr'>δευτέρου</span> <span class='ocrx_word' id='word_1_724' title='bbox 3103 4336 3320 4407; x_wconf 74' lang='grc' dir='ltr'>ψαλμοῦ</span> <span class='ocrx_word' id='word_1_725' title='bbox 3355 4338 3528 4392; x_wconf 86' lang='grc' dir='ltr'>ταῦτα</span> <span class='ocrx_word' id='word_1_726' title='bbox 3550 4356 3564 4369; x_wconf 87' lang='grc'><strong>·</strong></span> <span class='ocrx_word' id='word_1_727' title='bbox 3598 4341 3657 4391; x_wconf 84' lang='grc' dir='ltr'>ὲν</span> <span class='ocrx_word' id='word_1_728' title='bbox 3696 4336 3747 4392; x_wconf 82' lang='grc' dir='ltr'>δὲ</span> 
     </span>
    </p>
   </div>
   <div class='ocr_carea' id='block_1_87' title="bbox 494 4419 2077 4497">
    <p class='ocr_par' dir='ltr' id='par_1_87' title="bbox 494 4419 2070 4491">
     <span class='ocr_line' id='line_1_87' title="bbox 494 4419 2070 4491; baseline -0.002 -13"><span class='ocrx_word' id='word_1_729' title='bbox 494 4425 672 4478; x_wconf 85' lang='lat' dir='ltr'><strong>altero</strong></span> <span class='ocrx_word' id='word_1_730' title='bbox 700 4437 825 4477; x_wconf 87' lang='lat' dir='ltr'><strong>vero</strong></span> <span class='ocrx_word' id='word_1_731' title='bbox 852 4438 973 4477; x_wconf 90' lang='lat' dir='ltr'><strong>cum</strong></span> <span class='ocrx_word' id='word_1_732' title='bbox 1006 4422 1188 4491; x_wconf 88' lang='lat' dir='ltr'><strong>priore</strong></span> <span class='ocrx_word' id='word_1_733' title='bbox 1215 4419 1503 4488; x_wconf 83' lang='lat' dir='ltr'><strong>conjuncta</strong></span> <span class='ocrx_word' id='word_1_734' title='bbox 1536 4432 1711 4476; x_wconf 82' lang='lat' dir='ltr'><strong>erant.</strong></span> <span class='ocrx_word' id='word_1_735' title='bbox 1747 4421 1813 4476; x_wconf 87' lang='lat' dir='ltr'><strong>Et</strong></span> <span class='ocrx_word' id='word_1_736' title='bbox 1842 4423 1893 4476; x_wconf 89' lang='lat' dir='ltr'><strong>in</strong></span> <span class='ocrx_word' id='word_1_737' title='bbox 1924 4422 2070 4476; x_wconf 77' lang='lat' dir='ltr'><strong>Acti-</strong></span> 
     </span>
    </p>
   </div>
   <div class='ocr_carea' id='block_1_88' title="bbox 2182 4419 3748 4497">
    <p class='ocr_par' dir='ltr' id='par_1_88' title="bbox 2182 4424 3748 4497">
     <span class='ocr_line' id='line_1_88' title="bbox 2182 4424 3748 4497; baseline 0 -19"><span class='ocrx_word' id='word_1_738' title='bbox 2182 4426 2250 4496; x_wconf 77' lang='grc' dir='ltr'>τῷ</span> <span class='ocrx_word' id='word_1_739' title='bbox 2272 4426 2443 4497; x_wconf 76' lang='grc' dir='ltr'>ἑτέρῳ</span> <span class='ocrx_word' id='word_1_740' title='bbox 2470 4428 2770 4497; x_wconf 85' lang='grc' dir='ltr'>συνήπτετο</span> <span class='ocrx_word' id='word_1_741' title='bbox 2792 4425 2869 4495; x_wconf 83' lang='grc' dir='ltr'>τῷ</span> <span class='ocrx_word' id='word_1_742' title='bbox 3128 4427 3237 4479; x_wconf 81' lang='grc' dir='ltr'><strong>Καὶ</strong></span> <span class='ocrx_word' id='word_1_743' title='bbox 3263 4429 3320 4480; x_wconf 84' lang='grc' dir='ltr'><strong>ὲν</strong></span> <span class='ocrx_word' id='word_1_744' title='bbox 3348 4432 3467 4492; x_wconf 88' lang='grc' dir='ltr'>ταῖς</span> <span class='ocrx_word' id='word_1_745' title='bbox 3494 4428 3748 4497; x_wconf 77' lang='grc' dir='ltr'>Πρὰξεσι</span> 
     </span>
    </p>
   </div>
   <div class='ocr_carea' id='block_1_89' title="bbox 494 4513 2070 4584">
    <p class='ocr_par' dir='ltr' id='par_1_89' title="bbox 494 4513 2070 4584">
     <span class='ocr_line' id='line_1_89' title="bbox 494 4513 2070 4584; baseline -0.001 -15"><span class='ocrx_word' id='word_1_746' title='bbox 494 4518 589 4569; x_wconf 75' lang='lat' dir='ltr'><strong>bus</strong></span> <span class='ocrx_word' id='word_1_747' title='bbox 631 4514 993 4584; x_wconf 83' lang='lat' dir='ltr'><strong>apostolorum</strong></span> <span class='ocrx_word' id='word_1_748' title='bbox 1027 4515 1155 4569; x_wconf 89' lang='lat' dir='ltr'><strong>illud</strong></span> <span class='ocrx_word' id='word_1_749' title='bbox 1186 4515 1264 4569; x_wconf 79' lang='lat' dir='ltr'><strong>&quot;z</strong></span> <span class='ocrx_word' id='word_1_750' title='bbox 1308 4531 1325 4565; x_wconf 86' lang='grc' dir='ltr'><strong>ι</strong></span> <span class='ocrx_word' id='word_1_751' title='bbox 1348 4513 1524 4567; x_wconf 84' lang='lat' dir='ltr'><strong>.Filius</strong></span> <span class='ocrx_word' id='word_1_752' title='bbox 1558 4528 1712 4568; x_wconf 87' lang='lat' dir='ltr'><strong>meus</strong></span> <span class='ocrx_word' id='word_1_753' title='bbox 1740 4529 1799 4569; x_wconf 90' lang='lat' dir='ltr'><strong>es</strong></span> <span class='ocrx_word' id='word_1_754' title='bbox 1831 4524 1920 4578; x_wconf 90' lang='lat' dir='ltr'><strong>tu,</strong></span> <span class='ocrx_word' id='word_1_755' title='bbox 1971 4529 2070 4583; x_wconf 88' lang='lat' dir='ltr'><strong>ego</strong></span> 
     </span>
    </p>
   </div>
   <div class='ocr_carea' id='block_1_90' title="bbox 494 4604 2071 4676">
    <p class='ocr_par' dir='ltr' id='par_1_90' title="bbox 494 4604 2071 4676">
     <span class='ocr_line' id='line_1_90' title="bbox 494 4604 2071 4676; baseline -0.003 -13"><span class='ocrx_word' id='word_1_756' title='bbox 494 4607 659 4663; x_wconf 82' lang='lat' dir='ltr'><strong>hodie</strong></span> <span class='ocrx_word' id='word_1_757' title='bbox 688 4607 847 4675; x_wconf 84' lang='lat' dir='ltr'><strong>genui</strong></span> <span class='ocrx_word' id='word_1_758' title='bbox 880 4617 955 4675; x_wconf 85' lang='lat' dir='ltr'><strong>te,</strong></span> <span class='ocrx_word' id='word_1_759' title='bbox 990 4625 1009 4658; x_wconf 79' lang='grc' dir='ltr'>ι</span> <span class='ocrx_word' id='word_1_760' title='bbox 1045 4606 1281 4676; x_wconf 86' lang='lat' dir='ltr'><strong>eprimo</strong></span> <span class='ocrx_word' id='word_1_761' title='bbox 1311 4604 1522 4674; x_wconf 88' lang='lat' dir='ltr'><strong>psalmo</strong></span> <span class='ocrx_word' id='word_1_762' title='bbox 1554 4604 1825 4659; x_wconf 83' lang='lat' dir='ltr'><strong>laudatur.</strong></span> <span class='ocrx_word' id='word_1_763' title='bbox 1868 4624 1887 4656; x_wconf 79' lang='grc' dir='ltr'>ι</span> <span class='ocrx_word' id='word_1_764' title='bbox 1918 4606 2071 4658; x_wconf 89' lang='lat' dir='ltr'><strong>Sicut</strong></span> 
     </span>
    </p>
   </div>
   <div class='ocr_carea' id='block_1_91' title="bbox 486 4694 2067 4769">
    <p class='ocr_par' dir='ltr' id='par_1_91' title="bbox 486 4694 2067 4769">
     <span class='ocr_line' id='line_1_91' title="bbox 486 4694 2067 4769; baseline -0.003 -13"><span class='ocrx_word' id='word_1_765' title='bbox 486 4700 753 4769; x_wconf 86' lang='lat' dir='ltr'><strong>scriptum</strong></span> <span class='ocrx_word' id='word_1_766' title='bbox 786 4710 870 4755; x_wconf 86' lang='lat' dir='ltr'><strong>est</strong></span> <span class='ocrx_word' id='word_1_767' title='bbox 894 4739 909 4763; x_wconf 90' lang='lat'><strong>,</strong></span> <span class='ocrx_word' id='word_1_768' title='bbox 940 4717 958 4751; x_wconf 75' lang='grc' dir='ltr'><strong>ι</strong></span> <span class='ocrx_word' id='word_1_769' title='bbox 1000 4698 1217 4767; x_wconf 89' lang='lat' dir='ltr'><strong>inquit,</strong></span> <span class='ocrx_word' id='word_1_770' title='bbox 1258 4714 1277 4748; x_wconf 80' lang='grc' dir='ltr'>ι</span> <span class='ocrx_word' id='word_1_771' title='bbox 1315 4696 1367 4750; x_wconf 91' lang='lat' dir='ltr'><strong>in</strong></span> <span class='ocrx_word' id='word_1_772' title='bbox 1406 4694 1587 4764; x_wconf 88' lang='lat' dir='ltr'><strong>primo</strong></span> <span class='ocrx_word' id='word_1_773' title='bbox 1622 4695 1834 4765; x_wconf 86' lang='lat' dir='ltr'><strong>psalmo</strong></span> <span class='ocrx_word' id='word_1_774' title='bbox 1858 4733 1877 4759; x_wconf 86' lang='lat'><strong>,</strong></span> <span class='ocrx_word' id='word_1_775' title='bbox 1923 4696 2067 4751; x_wconf 83' lang='lat' dir='ltr'><strong>ﬁlius</strong></span> 
     </span>
    </p>
   </div>
   <div class='ocr_carea' id='block_1_92' title="bbox 492 4790 2064 4862">
    <p class='ocr_par' dir='ltr' id='par_1_92' title="bbox 492 4790 2064 4862">
     <span class='ocr_line' id='line_1_92' title="bbox 492 4790 2064 4862; baseline -0.003 -15"><span class='ocrx_word' id='word_1_776' title='bbox 492 4806 645 4847; x_wconf 80' lang='lat' dir='ltr'><strong>luens</strong></span> <span class='ocrx_word' id='word_1_777' title='bbox 678 4808 736 4847; x_wconf 90' lang='lat' dir='ltr'><strong>es</strong></span> <span class='ocrx_word' id='word_1_778' title='bbox 766 4802 841 4855; x_wconf 86' lang='lat' dir='ltr'><strong>tu,</strong></span> <span class='ocrx_word' id='word_1_779' title='bbox 874 4806 975 4862; x_wconf 77' lang='lat' dir='ltr'><strong>ego</strong></span> <span class='ocrx_word' id='word_1_780' title='bbox 1008 4791 1171 4845; x_wconf 87' lang='lat' dir='ltr'><strong>hodie</strong></span> <span class='ocrx_word' id='word_1_781' title='bbox 1203 4793 1362 4860; x_wconf 85' lang='lat' dir='ltr'><strong>genui</strong></span> <span class='ocrx_word' id='word_1_782' title='bbox 1395 4800 1465 4845; x_wconf 90' lang='lat' dir='ltr'><strong>te.</strong></span> <span class='ocrx_word' id='word_1_783' title='bbox 1494 4807 1516 4843; x_wconf 72' lang='grc' dir='ltr'>ι</span> <span class='ocrx_word' id='word_1_784' title='bbox 1555 4790 1754 4844; x_wconf 85' lang='lat' dir='ltr'><strong>Verum</strong></span> <span class='ocrx_word' id='word_1_785' title='bbox 1781 4790 2064 4858; x_wconf 85' lang='lat' dir='ltr'><strong>exempla-</strong></span> 
     </span>
    </p>
   </div>
   <div class='ocr_carea' id='block_1_93' title="bbox 490 4880 2061 4939">
    <p class='ocr_par' dir='ltr' id='par_1_93' title="bbox 490 4880 2061 4939">
     <span class='ocr_line' id='line_1_93' title="bbox 490 4880 2061 4939; baseline -0.002 -1"><span class='ocrx_word' id='word_1_786' title='bbox 490 4885 569 4939; x_wconf 85' lang='lat' dir='ltr'><strong>ria</strong></span> <span class='ocrx_word' id='word_1_787' title='bbox 596 4884 783 4939; x_wconf 72' lang='lat' dir='ltr'><strong>tirzcca</strong></span> <span class='ocrx_word' id='word_1_788' title='bbox 819 4884 963 4938; x_wconf 90' lang='lat' dir='ltr'><strong>hunc</strong></span> <span class='ocrx_word' id='word_1_789' title='bbox 998 4882 1296 4938; x_wconf 88' lang='lat' dir='ltr'><strong>secundum</strong></span> <span class='ocrx_word' id='word_1_790' title='bbox 1332 4895 1454 4936; x_wconf 85' lang='lat' dir='ltr'><strong>esse</strong></span> <span class='ocrx_word' id='word_1_791' title='bbox 1492 4880 1750 4936; x_wconf 89' lang='lat' dir='ltr'><strong>indicant.</strong></span> <span class='ocrx_word' id='word_1_792' title='bbox 1782 4880 1914 4935; x_wconf 87' lang='lat' dir='ltr'><strong>illud</strong></span> <span class='ocrx_word' id='word_1_793' title='bbox 1963 4896 2061 4935; x_wconf 88' lang='lat' dir='ltr'><strong>au-</strong></span> 
     </span>
    </p>
   </div>
   <div class='ocr_carea' id='block_1_94' title="bbox 490 4970 2063 5041">
    <p class='ocr_par' dir='ltr' id='par_1_94' title="bbox 490 4970 2063 5041">
     <span class='ocr_line' id='line_1_94' title="bbox 490 4970 2063 5041; baseline -0.003 -11"><span class='ocrx_word' id='word_1_794' title='bbox 490 4989 599 5033; x_wconf 89' lang='lat' dir='ltr'><strong>tem</strong></span> <span class='ocrx_word' id='word_1_795' title='bbox 634 4991 739 5031; x_wconf 91' lang='lat' dir='ltr'><strong>non</strong></span> <span class='ocrx_word' id='word_1_796' title='bbox 773 4972 1127 5040; x_wconf 76' lang='lat' dir='ltr'><strong>ignorantium</strong></span> <span class='ocrx_word' id='word_1_797' title='bbox 1154 4980 1239 5028; x_wconf 89' lang='lat' dir='ltr'><strong>est</strong></span> <span class='ocrx_word' id='word_1_798' title='bbox 1267 4972 1318 5026; x_wconf 93' lang='lat' dir='ltr'><strong>in</strong></span> <span class='ocrx_word' id='word_1_799' title='bbox 1352 4970 1634 5027; x_wconf 84' lang='lat' dir='ltr'><strong>Hebraicis</strong></span> <span class='ocrx_word' id='word_1_800' title='bbox 1662 4971 2063 5041; x_wconf 74' lang='lat' dir='ltr'><strong>exemplaribus</strong></span> 
     </span>
    </p>
   </div>
   <div class='ocr_carea' id='block_1_95' title="bbox 487 5062 2062 5136">
    <p class='ocr_par' dir='ltr' id='par_1_95' title="bbox 487 5062 2062 5136">
     <span class='ocr_line' id='line_1_95' title="bbox 487 5062 2062 5136; baseline -0.006 -11"><span class='ocrx_word' id='word_1_801' title='bbox 487 5069 617 5125; x_wconf 77' lang='lat' dir='ltr'><strong>milli</strong></span> <span class='ocrx_word' id='word_1_802' title='bbox 659 5066 867 5136; x_wconf 88' lang='lat' dir='ltr'><strong>psalmo</strong></span> <span class='ocrx_word' id='word_1_803' title='bbox 905 5080 1192 5120; x_wconf 89' lang='lat' dir='ltr'><strong>numerum</strong></span> <span class='ocrx_word' id='word_1_804' title='bbox 1237 5062 1477 5132; x_wconf 86' lang='lat' dir='ltr'><strong>apponi,</strong></span> <span class='ocrx_word' id='word_1_805' title='bbox 1518 5063 1633 5118; x_wconf 86' lang='lat' dir='ltr'><strong>sive</strong></span> <span class='ocrx_word' id='word_1_806' title='bbox 1677 5062 1906 5129; x_wconf 87' lang='lat' dir='ltr'><strong>primus,</strong></span> <span class='ocrx_word' id='word_1_807' title='bbox 1946 5063 2062 5117; x_wconf 87' lang='lat' dir='ltr'><strong>sive</strong></span> 
     </span>
    </p>
   </div>
   <div class='ocr_carea' id='block_1_96' title="bbox 487 5152 2063 5224">
    <p class='ocr_par' dir='ltr' id='par_1_96' title="bbox 487 5152 2063 5224">
     <span class='ocr_line' id='line_1_96' title="bbox 487 5152 2063 5224; baseline -0.004 -10"><span class='ocrx_word' id='word_1_808' title='bbox 487 5161 759 5214; x_wconf 78' lang='lat' dir='ltr'><strong>secundus</strong></span> <span class='ocrx_word' id='word_1_809' title='bbox 789 5198 804 5224; x_wconf 89' lang='lat'><strong>,</strong></span> <span class='ocrx_word' id='word_1_810' title='bbox 859 5158 974 5211; x_wconf 81' lang='lat' dir='ltr'><strong>sive</strong></span> <span class='ocrx_word' id='word_1_811' title='bbox 1028 5156 1222 5208; x_wconf 84' lang='lat' dir='ltr'><strong>tertius</strong></span> <span class='ocrx_word' id='word_1_812' title='bbox 1254 5155 1345 5207; x_wconf 90' lang='lat' dir='ltr'><strong>sit.</strong></span> <span class='ocrx_word' id='word_1_813' title='bbox 1395 5152 1664 5207; x_wconf 67' lang='lat' dir='ltr'><strong>Cancrum</strong></span> <span class='ocrx_word' id='word_1_814' title='bbox 1700 5168 1821 5222; x_wconf 65' lang='lat' dir='ltr'><strong>quae</strong></span> <span class='ocrx_word' id='word_1_815' title='bbox 1866 5152 1956 5207; x_wconf 87' lang='lat' dir='ltr'><strong>hic</strong></span> <span class='ocrx_word' id='word_1_816' title='bbox 1998 5153 2063 5207; x_wconf 87' lang='lat' dir='ltr'><strong>de</strong></span> 
     </span>
    </p>
   </div>
   <div class='ocr_carea' id='block_1_97' title="bbox 486 5241 2059 5319">
    <p class='ocr_par' dir='ltr' id='par_1_97' title="bbox 486 5241 2059 5319">
     <span class='ocr_line' id='line_1_97' title="bbox 486 5241 2059 5319; baseline -0.007 -13"><span class='ocrx_word' id='word_1_817' title='bbox 486 5254 703 5307; x_wconf 88' lang='lat' dir='ltr'><strong>Christo</strong></span> <span class='ocrx_word' id='word_1_818' title='bbox 732 5264 964 5319; x_wconf 87' lang='lat' dir='ltr'><strong>persona</strong></span> <span class='ocrx_word' id='word_1_819' title='bbox 1006 5243 1374 5299; x_wconf 83' lang='lat' dir='ltr'><strong>vaticinatur?</strong></span> <span class='ocrx_word' id='word_1_820' title='bbox 1413 5241 1505 5297; x_wconf 86' lang='lat' dir='ltr'><strong>Vel</strong></span> <span class='ocrx_word' id='word_1_821' title='bbox 1543 5242 1787 5313; x_wconf 91' lang='lat' dir='ltr'><strong>Spiritus</strong></span> <span class='ocrx_word' id='word_1_822' title='bbox 1833 5252 2059 5297; x_wconf 88' lang='lat' dir='ltr'><strong>sanctus</strong></span> 
     </span>
    </p>
   </div>
   <div class='ocr_carea' id='block_1_98' title="bbox 2168 4513 3750 4592">
    <p class='ocr_par' dir='ltr' id='par_1_98' title="bbox 2168 4513 3750 4592">
     <span class='ocr_line' id='line_1_98' title="bbox 2168 4513 3750 4592; baseline 0 -21"><span class='ocrx_word' id='word_1_823' title='bbox 2168 4519 2224 4571; x_wconf 82' lang='grc' dir='ltr'>δὲ</span> <span class='ocrx_word' id='word_1_824' title='bbox 2246 4519 2356 4573; x_wconf 81' lang='grc' dir='ltr'>τῶν</span> <span class='ocrx_word' id='word_1_825' title='bbox 2379 4518 2689 4572; x_wconf 82' lang='grc' dir='ltr'>ἀποστόλων</span> <span class='ocrx_word' id='word_1_826' title='bbox 2714 4517 2795 4582; x_wconf 84' lang='grc' dir='ltr'><strong>τὸ,</strong></span> <span class='ocrx_word' id='word_1_827' title='bbox 2828 4537 2845 4568; x_wconf 85' lang='grc' dir='ltr'><strong>ι</strong></span> <span class='ocrx_word' id='word_1_828' title='bbox 2884 4518 3011 4581; x_wconf 85' lang='grc' dir='ltr'>Υίός</span> <span class='ocrx_word' id='word_1_829' title='bbox 3036 4536 3135 4588; x_wconf 88' lang='grc' dir='ltr'><strong>μου</strong></span> <span class='ocrx_word' id='word_1_830' title='bbox 3167 4513 3219 4571; x_wconf 77' lang='grc' dir='ltr'>εἶ</span> <span class='ocrx_word' id='word_1_831' title='bbox 3248 4520 3334 4584; x_wconf 84' lang='grc' dir='ltr'><strong>σὺ,</strong></span> <span class='ocrx_word' id='word_1_832' title='bbox 3373 4518 3485 4589; x_wconf 73' lang='grc' dir='ltr'><strong>ἐγὼ</strong></span> <span class='ocrx_word' id='word_1_833' title='bbox 3515 4523 3750 4592; x_wconf 71' lang='grc' dir='ltr'>σήμερον</span> 
     </span>
    </p>
   </div>
   <div class='ocr_carea' id='block_1_99' title="bbox 2166 4602 3748 4679">
    <p class='ocr_par' dir='ltr' id='par_1_99' title="bbox 2166 4602 3748 4679">
     <span class='ocr_line' id='line_1_99' title="bbox 2166 4602 3748 4679; baseline -0.001 -18"><span class='ocrx_word' id='word_1_834' title='bbox 2166 4608 2472 4679; x_wconf 83' lang='grc' dir='ltr'>γεγέννηκά</span> <span class='ocrx_word' id='word_1_835' title='bbox 2486 4625 2597 4670; x_wconf 65' lang='lat' dir='ltr'><strong>es,»</strong></span> <span class='ocrx_word' id='word_1_836' title='bbox 2618 4608 2835 4675; x_wconf 74' lang='grc' dir='ltr'>ἐλέγετο</span> <span class='ocrx_word' id='word_1_837' title='bbox 2855 4602 2994 4660; x_wconf 82' lang='grc' dir='ltr'>εἶναι</span> <span class='ocrx_word' id='word_1_838' title='bbox 3016 4607 3109 4661; x_wconf 88' lang='grc' dir='ltr'><strong>τοῦ</strong></span> <span class='ocrx_word' id='word_1_839' title='bbox 3134 4607 3351 4679; x_wconf 77' lang='grc' dir='ltr'>πρώτου</span> <span class='ocrx_word' id='word_1_840' title='bbox 3377 4608 3646 4679; x_wconf 75' lang='grc' dir='ltr'>ψαλμοῦ.ι</span> <span class='ocrx_word' id='word_1_841' title='bbox 3671 4609 3748 4670; x_wconf 81' lang='grc' dir='ltr'>Ὠς</span> 
     </span>
    </p>
   </div>
   <div class='ocr_carea' id='block_1_100' title="bbox 2164 4697 3747 4771">
    <p class='ocr_par' dir='ltr' id='par_1_100' title="bbox 2164 4697 3747 4771">
     <span class='ocr_line' id='line_1_100' title="bbox 2164 4697 3747 4771; baseline -0.002 -18"><span class='ocrx_word' id='word_1_842' title='bbox 2164 4700 2274 4770; x_wconf 84' lang='grc' dir='ltr'><strong>γάρ</strong></span> <span class='ocrx_word' id='word_1_843' title='bbox 2301 4700 2625 4771; x_wconf 80' lang='grc' dir='ltr'>γέγραπται,</span> <span class='ocrx_word' id='word_1_844' title='bbox 2652 4716 2669 4749; x_wconf 78' lang='grc' dir='ltr'>ι</span> <span class='ocrx_word' id='word_1_845' title='bbox 2692 4698 2879 4769; x_wconf 73' lang='grc' dir='ltr'>φησιν,</span> <span class='ocrx_word' id='word_1_846' title='bbox 2904 4716 2921 4749; x_wconf 86' lang='grc' dir='ltr'>ι</span> <span class='ocrx_word' id='word_1_847' title='bbox 2949 4700 3006 4750; x_wconf 84' lang='grc' dir='ltr'>ὲν</span> <span class='ocrx_word' id='word_1_848' title='bbox 3030 4697 3231 4769; x_wconf 84' lang='grc' dir='ltr'>πρώτῳ</span> <span class='ocrx_word' id='word_1_849' title='bbox 3253 4698 3473 4769; x_wconf 72' lang='grc' dir='ltr'>ψαλμῷ·</span> <span class='ocrx_word' id='word_1_850' title='bbox 3494 4700 3622 4761; x_wconf 80' lang='grc' dir='ltr'><strong>Υἱός</strong></span> <span class='ocrx_word' id='word_1_851' title='bbox 3654 4716 3747 4770; x_wconf 77' lang='grc' dir='ltr'><strong>μου</strong></span> 
     </span>
    </p>
   </div>
   <div class='ocr_carea' id='block_1_101' title="bbox 2164 4785 3749 4859">
    <p class='ocr_par' dir='ltr' id='par_1_101' title="bbox 2164 4785 3749 4859">
     <span class='ocr_line' id='line_1_101' title="bbox 2164 4785 3749 4859; baseline 0.001 -18"><span class='ocrx_word' id='word_1_852' title='bbox 2164 4785 2216 4841; x_wconf 80' lang='grc' dir='ltr'>εἶ</span> <span class='ocrx_word' id='word_1_853' title='bbox 2250 4790 2337 4852; x_wconf 84' lang='grc' dir='ltr'><strong>σὺ,</strong></span> <span class='ocrx_word' id='word_1_854' title='bbox 2379 4787 2490 4855; x_wconf 74' lang='grc' dir='ltr'>ἐγὼ</span> <span class='ocrx_word' id='word_1_855' title='bbox 2529 4789 2769 4859; x_wconf 80' lang='grc' dir='ltr'>σήμερον</span> <span class='ocrx_word' id='word_1_856' title='bbox 2809 4787 3117 4857; x_wconf 84' lang='grc' dir='ltr'>γεγέννηκά</span> <span class='ocrx_word' id='word_1_857' title='bbox 3160 4805 3240 4841; x_wconf 89' lang='grc' dir='ltr'><strong>σε.</strong></span> <span class='ocrx_word' id='word_1_858' title='bbox 3284 4808 3302 4840; x_wconf 76' lang='grc' dir='ltr'>ι</span> <span class='ocrx_word' id='word_1_859' title='bbox 3348 4788 3430 4841; x_wconf 84' lang='grc' dir='ltr'><strong>Τὰ</strong></span> <span class='ocrx_word' id='word_1_860' title='bbox 3466 4790 3749 4858; x_wconf 77' lang='grc' dir='ltr'>Ἑλληνικά</span> 
     </span>
    </p>
   </div>
   <div class='ocr_carea' id='block_1_102' title="bbox 2169 4873 3748 4952">
    <p class='ocr_par' dir='ltr' id='par_1_102' title="bbox 2169 4873 3748 4952">
     <span class='ocr_line' id='line_1_102' title="bbox 2169 4873 3748 4952; baseline 0 -19"><span class='ocrx_word' id='word_1_861' title='bbox 2169 4880 2351 4952; x_wconf 80' lang='grc' dir='ltr'>μέντοι</span> <span class='ocrx_word' id='word_1_862' title='bbox 2368 4880 2675 4951; x_wconf 72' lang='grc' dir='ltr'>ἀντίγραφα</span> <span class='ocrx_word' id='word_1_863' title='bbox 2691 4879 2841 4931; x_wconf 79' lang='grc' dir='ltr'>δεῦτε</span> <span class='ocrx_word' id='word_1_864' title='bbox 2852 4895 2942 4949; x_wconf 87' lang='grc' dir='ltr'><strong>ρον</strong></span> <span class='ocrx_word' id='word_1_865' title='bbox 2960 4873 3096 4931; x_wconf 70' lang='grc' dir='ltr'>εἶναι</span> <span class='ocrx_word' id='word_1_866' title='bbox 3122 4878 3313 4933; x_wconf 87' lang='grc' dir='ltr'>τοῦτον</span> <span class='ocrx_word' id='word_1_867' title='bbox 3341 4882 3554 4952; x_wconf 80' lang='grc' dir='ltr'>μηνύει.</span> <span class='ocrx_word' id='word_1_868' title='bbox 3584 4882 3748 4934; x_wconf 86' lang='grc' dir='ltr'>Τοῦτο</span> 
     </span>
    </p>
   </div>
   <div class='ocr_carea' id='block_1_103' title="bbox 2162 4968 3747 5041">
    <p class='ocr_par' dir='ltr' id='par_1_103' title="bbox 2162 4968 3747 5041">
     <span class='ocr_line' id='line_1_103' title="bbox 2162 4968 3747 5041; baseline 0 -16"><span class='ocrx_word' id='word_1_869' title='bbox 2162 4973 2219 5025; x_wconf 82' lang='grc' dir='ltr'>δὲ</span> <span class='ocrx_word' id='word_1_870' title='bbox 2246 4972 2345 5025; x_wconf 81' lang='grc' dir='ltr'><strong>οὐκ</strong></span> <span class='ocrx_word' id='word_1_871' title='bbox 2368 4970 2680 5040; x_wconf 82' lang='grc' dir='ltr'>άγνοητέον,</span> <span class='ocrx_word' id='word_1_872' title='bbox 2697 4971 2778 5023; x_wconf 85' lang='grc' dir='ltr'>ὅτι</span> <span class='ocrx_word' id='word_1_873' title='bbox 2804 4972 2862 5023; x_wconf 74' lang='grc' dir='ltr'>ἐν</span> <span class='ocrx_word' id='word_1_874' title='bbox 2882 4968 2961 5039; x_wconf 83' lang='grc' dir='ltr'>τῷ</span> <span class='ocrx_word' id='word_1_875' title='bbox 2989 4970 3261 5041; x_wconf 78' lang='grc' dir='ltr'>Ἑϐραῖκῴ</span> <span class='ocrx_word' id='word_1_876' title='bbox 3286 4972 3462 5024; x_wconf 78' lang='grc' dir='ltr'>οὐδενὶ</span> <span class='ocrx_word' id='word_1_877' title='bbox 3483 4972 3593 5025; x_wconf 79' lang='grc' dir='ltr'>τῶν</span> <span class='ocrx_word' id='word_1_878' title='bbox 3616 4972 3747 5041; x_wconf 57' lang='lat' dir='ltr'><strong>W-</strong></span> 
     </span>
    </p>
   </div>
   <div class='ocr_carea' id='block_1_104' title="bbox 2168 5061 3745 5134">
    <p class='ocr_par' dir='ltr' id='par_1_104' title="bbox 2168 5061 3745 5134">
     <span class='ocr_line' id='line_1_104' title="bbox 2168 5061 3745 5134; baseline 0.002 -19"><span class='ocrx_word' id='word_1_879' title='bbox 2168 5062 2283 5131; x_wconf 84' lang='grc' dir='ltr'><strong>μῶν</strong></span> <span class='ocrx_word' id='word_1_880' title='bbox 2317 5061 2547 5133; x_wconf 79' lang='grc' dir='ltr'>ἀριθμὸς</span> <span class='ocrx_word' id='word_1_881' title='bbox 2577 5062 2907 5133; x_wconf 86' lang='grc' dir='ltr'>παράκειται</span> <span class='ocrx_word' id='word_1_882' title='bbox 2928 5101 2941 5124; x_wconf 94' lang='grc'><strong>,</strong></span> <span class='ocrx_word' id='word_1_883' title='bbox 2980 5061 3196 5131; x_wconf 83' lang='grc' dir='ltr'>πρῶτος</span> <span class='ocrx_word' id='word_1_884' title='bbox 3225 5064 3273 5115; x_wconf 88' lang='grc' dir='ltr'><strong>εί</strong></span> <span class='ocrx_word' id='word_1_885' title='bbox 3299 5062 3472 5133; x_wconf 81' lang='grc' dir='ltr'>τύχοι,</span> <span class='ocrx_word' id='word_1_886' title='bbox 3499 5063 3531 5134; x_wconf 73' lang='grc' dir='ltr'><strong>ἢ</strong></span> <span class='ocrx_word' id='word_1_887' title='bbox 3566 5064 3745 5119; x_wconf 81' lang='grc' dir='ltr'>δεύτεο</span> 
     </span>
    </p>
   </div>
   <div class='ocr_carea' id='block_1_105' title="bbox 2169 5150 3745 5224">
    <p class='ocr_par' dir='ltr' id='par_1_105' title="bbox 2169 5150 3745 5224">
     <span class='ocr_line' id='line_1_105' title="bbox 2169 5150 3745 5224; baseline 0.001 -21"><span class='ocrx_word' id='word_1_888' title='bbox 2169 5168 2281 5222; x_wconf 87' lang='grc' dir='ltr'>ρος,</span> <span class='ocrx_word' id='word_1_889' title='bbox 2308 5152 2340 5221; x_wconf 83' lang='grc' dir='ltr'>ἢ</span> <span class='ocrx_word' id='word_1_890' title='bbox 2364 5151 2565 5222; x_wconf 89' lang='grc' dir='ltr'>τρίτος.</span> <span class='ocrx_word' id='word_1_891' title='bbox 2612 5151 2676 5203; x_wconf 91' lang='grc' dir='ltr'>Τί</span> <span class='ocrx_word' id='word_1_892' title='bbox 2712 5150 2768 5203; x_wconf 83' lang='grc' dir='ltr'>δὲ</span> <span class='ocrx_word' id='word_1_893' title='bbox 2794 5150 2854 5204; x_wconf 86' lang='grc' dir='ltr'><strong>τδ</strong></span> <span class='ocrx_word' id='word_1_894' title='bbox 2893 5151 3051 5219; x_wconf 86' lang='grc' dir='ltr'>λέγον</span> <span class='ocrx_word' id='word_1_895' title='bbox 3077 5150 3143 5203; x_wconf 83' lang='grc' dir='ltr'><strong>ἂν</strong></span> <span class='ocrx_word' id='word_1_896' title='bbox 3189 5151 3275 5221; x_wconf 74' lang='grc' dir='ltr'>εἴη</span> <span class='ocrx_word' id='word_1_897' title='bbox 3302 5152 3593 5223; x_wconf 84' lang='grc' dir='ltr'>πρόσωπον</span> <span class='ocrx_word' id='word_1_898' title='bbox 3618 5170 3745 5224; x_wconf 78' lang='grc' dir='ltr'>πριι-</span> 
     </span>
    </p>
   </div>
   <div class='ocr_carea' id='block_1_106' title="bbox 2169 5239 3743 5311">
    <p class='ocr_par' dir='ltr' id='par_1_106' title="bbox 2169 5239 3743 5311">
     <span class='ocr_line' id='line_1_106' title="bbox 2169 5239 3743 5311; baseline 0.002 -17"><span class='ocrx_word' id='word_1_899' title='bbox 2169 5240 2395 5311; x_wconf 82' lang='grc' dir='ltr'>φητείαν</span> <span class='ocrx_word' id='word_1_900' title='bbox 2422 5240 2673 5311; x_wconf 83' lang='grc' dir='ltr'>περιέχον</span> <span class='ocrx_word' id='word_1_901' title='bbox 2697 5239 2796 5311; x_wconf 82' lang='grc' dir='ltr'><strong>τὴν</strong></span> <span class='ocrx_word' id='word_1_902' title='bbox 2835 5241 2965 5311; x_wconf 71' lang='grc' dir='ltr'>περὶ</span> <span class='ocrx_word' id='word_1_903' title='bbox 3004 5240 3279 5310; x_wconf 85' lang='grc' dir='ltr'>Χριστοῦ;</span> <span class='ocrx_word' id='word_1_904' title='bbox 3314 5242 3475 5294; x_wconf 79' lang='grc' dir='ltr'>’Πτοι</span> <span class='ocrx_word' id='word_1_905' title='bbox 3498 5242 3559 5295; x_wconf 83' lang='grc' dir='ltr'><strong>τὸ</strong></span> <span class='ocrx_word' id='word_1_906' title='bbox 3587 5242 3743 5297; x_wconf 81' lang='grc' dir='ltr'>Πνεῦ-</span> 
     </span>
    </p>
   </div>
   <div class='ocr_carea' id='block_1_107' title="bbox 558 5361 2077 5430">
    <p class='ocr_par' dir='ltr' id='par_1_107' title="bbox 558 5362 2063 5430">
     <span class='ocr_line' id='line_1_107' title="bbox 558 5362 2063 5430; baseline 0.001 -12"><span class='ocrx_word' id='word_1_907' title='bbox 558 5370 597 5400; x_wconf 78' lang='grc' dir='ltr'>ιι</span> <span class='ocrx_word' id='word_1_908' title='bbox 631 5366 669 5421; x_wconf 89' lang='lat' dir='ltr'><strong>ii</strong></span> <span class='ocrx_word' id='word_1_909' title='bbox 700 5366 842 5422; x_wconf 83' lang='lat' dir='ltr'><strong>Tim.</strong></span> <span class='ocrx_word' id='word_1_910' title='bbox 886 5382 945 5430; x_wconf 88' lang='grc' dir='ltr'>ιι,</span> <span class='ocrx_word' id='word_1_911' title='bbox 985 5364 1070 5420; x_wconf 79' lang='grc'>19.</span> <span class='ocrx_word' id='word_1_912' title='bbox 1148 5368 1191 5396; x_wconf 84' lang='grc'><strong>²¹</strong></span> <span class='ocrx_word' id='word_1_913' title='bbox 1218 5362 1371 5417; x_wconf 85' lang='lat' dir='ltr'><strong>Joan.</strong></span> <span class='ocrx_word' id='word_1_914' title='bbox 1404 5377 1512 5426; x_wconf 87' lang='lat' dir='ltr'><strong>xtv,</strong></span> <span class='ocrx_word' id='word_1_915' title='bbox 1544 5364 1597 5419; x_wconf 87' lang='grc'>6.</span> <span class='ocrx_word' id='word_1_916' title='bbox 1676 5364 1720 5395; x_wconf 79' lang='grc'><strong>’³</strong></span> <span class='ocrx_word' id='word_1_917' title='bbox 1752 5363 1955 5427; x_wconf 83' lang='lat' dir='ltr'><strong>Jerem.</strong></span> <span class='ocrx_word' id='word_1_918' title='bbox 1988 5380 2063 5429; x_wconf 82' lang='lat' dir='ltr'><strong>Vl,</strong></span> 
     </span>
    </p>
   </div>
   <div class='ocr_carea' id='block_1_108' title="bbox 2182 5361 3733 5430">
    <p class='ocr_par' dir='ltr' id='par_1_108' title="bbox 2182 5361 3733 5428">
     <span class='ocr_line' id='line_1_108' title="bbox 2182 5361 3733 5428; baseline 0.001 -11"><span class='ocrx_word' id='word_1_919' title='bbox 2182 5406 2185 5417; x_wconf 82' lang='lat'><strong>.</strong></span> <span class='ocrx_word' id='word_1_920' title='bbox 2262 5363 2309 5394; x_wconf 74' lang='lat'><strong>&quot;</strong></span> <span class='ocrx_word' id='word_1_921' title='bbox 2331 5362 2530 5419; x_wconf 85' lang='lat' dir='ltr'><strong>Cenes.</strong></span> <span class='ocrx_word' id='word_1_922' title='bbox 2561 5378 2643 5428; x_wconf 89' lang='grc' dir='ltr'>ιιι,</span> <span class='ocrx_word' id='word_1_923' title='bbox 2672 5362 2727 5418; x_wconf 89' lang='grc'><strong>9.</strong></span> <span class='ocrx_word' id='word_1_924' title='bbox 2799 5362 2847 5395; x_wconf 79' lang='grc'>⁸⁸</span> <span class='ocrx_word' id='word_1_925' title='bbox 2874 5361 3041 5418; x_wconf 81' lang='lat' dir='ltr'><strong>Marc.</strong></span> <span class='ocrx_word' id='word_1_926' title='bbox 3072 5376 3125 5427; x_wconf 74' lang='grc' dir='ltr'><strong>ν,</strong></span> <span class='ocrx_word' id='word_1_927' title='bbox 3152 5362 3207 5417; x_wconf 90' lang='grc'>9.</span> <span class='ocrx_word' id='word_1_928' title='bbox 3286 5364 3332 5395; x_wconf 79' lang='grc'><strong>³⁸</strong></span> <span class='ocrx_word' id='word_1_929' title='bbox 3373 5362 3507 5418; x_wconf 89' lang='lat' dir='ltr'><strong>Luc.</strong></span> <span class='ocrx_word' id='word_1_930' title='bbox 3538 5380 3622 5428; x_wconf 91' lang='grc' dir='ltr'>ιιι,</span> <span class='ocrx_word' id='word_1_931' title='bbox 3650 5363 3733 5419; x_wconf 71' lang='grc'><strong>45.</strong></span> 
     </span>
    </p>
   </div>
   <div class='ocr_carea' id='block_1_109' title="bbox 487 5434 2145 5499">
    <p class='ocr_par' dir='ltr' id='par_1_109' title="bbox 487 5434 2145 5499">
     <span class='ocr_line' id='line_1_109' title="bbox 487 5434 2145 5499; baseline 0.001 -10"><span class='ocrx_word' id='word_1_932' title='bbox 487 5440 529 5469; x_wconf 77' lang='grc'><strong><em>³⁷</em></strong></span> <span class='ocrx_word' id='word_1_933' title='bbox 561 5438 749 5491; x_wconf 75' lang='lat' dir='ltr'><strong>Matth.</strong></span> <span class='ocrx_word' id='word_1_934' title='bbox 786 5452 865 5499; x_wconf 80' lang='lat' dir='ltr'><strong>xl,</strong></span> <span class='ocrx_word' id='word_1_935' title='bbox 906 5438 996 5489; x_wconf 72' lang='lat'><strong>27.</strong></span> <span class='ocrx_word' id='word_1_936' title='bbox 1072 5436 1117 5467; x_wconf 74' lang='grc'>³⁸</span> <span class='ocrx_word' id='word_1_937' title='bbox 1149 5434 1293 5489; x_wconf 86' lang='lat' dir='ltr'><strong>Psal.</strong></span> <span class='ocrx_word' id='word_1_938' title='bbox 1338 5446 1491 5497; x_wconf 70' lang='lat' dir='ltr'><strong>sun,</strong></span> <span class='ocrx_word' id='word_1_939' title='bbox 1520 5434 1613 5487; x_wconf 65' lang='lat'><strong>‘24.</strong></span> <span class='ocrx_word' id='word_1_940' title='bbox 1687 5436 1732 5471; x_wconf 74' lang='lat'><strong>&quot;</strong></span> <span class='ocrx_word' id='word_1_941' title='bbox 1762 5438 1884 5490; x_wconf 81' lang='lat' dir='ltr'><strong>Act.</strong></span> <span class='ocrx_word' id='word_1_942' title='bbox 1910 5450 2027 5499; x_wconf 84' lang='lat' dir='ltr'><strong>xtu,</strong></span> <span class='ocrx_word' id='word_1_943' title='bbox 2053 5435 2145 5490; x_wconf 78' lang='grc'><strong>53.</strong></span> 
     </span>
    </p>
   </div>
   <div class='ocr_carea' id='block_1_110' title="bbox 557 5526 2052 5598">
    <p class='ocr_par' dir='ltr' id='par_1_110' title="bbox 557 5526 2052 5598">
     <span class='ocr_line' id='line_1_110' title="bbox 557 5526 2052 5598; baseline 0 -16"><span class='ocrx_word' id='word_1_944' title='bbox 557 5529 667 5598; x_wconf 82' lang='lat'><strong>(69)</strong></span> <span class='ocrx_word' id='word_1_945' title='bbox 706 5526 899 5582; x_wconf 73' lang='grc' dir='ltr'><strong>Οὐδὲν</strong></span> <span class='ocrx_word' id='word_1_946' title='bbox 921 5526 1039 5582; x_wconf 76' lang='grc' dir='ltr'><strong>ὑπὸ</strong></span> <span class='ocrx_word' id='word_1_947' title='bbox 1071 5528 1218 5581; x_wconf 84' lang='grc' dir='ltr'>Θεοῦ</span> <span class='ocrx_word' id='word_1_948' title='bbox 1244 5528 1750 5598; x_wconf 61' lang='grc' dir='ltr'>γινώσκεται,ειε.</span> <span class='ocrx_word' id='word_1_949' title='bbox 1795 5526 1835 5580; x_wconf 85' lang='grc' dir='ltr'>Ε</span> <span class='ocrx_word' id='word_1_950' title='bbox 1855 5527 2052 5598; x_wconf 75' lang='lat' dir='ltr'><strong>codice</strong></span> 
     </span>
    </p>
   </div>
   <div class='ocr_carea' id='block_1_111' title="bbox 486 5595 2049 5666">
    <p class='ocr_par' dir='ltr' id='par_1_111' title="bbox 486 5595 2049 5666">
     <span class='ocr_line' id='line_1_111' title="bbox 486 5595 2049 5666; baseline -0.001 -15"><span class='ocrx_word' id='word_1_951' title='bbox 486 5595 833 5651; x_wconf 72' lang='lat' dir='ltr'><strong>B:irticci:uio.</strong></span> <span class='ocrx_word' id='word_1_952' title='bbox 872 5598 1073 5651; x_wconf 83' lang='lat' dir='ltr'><strong>Eadem</strong></span> <span class='ocrx_word' id='word_1_953' title='bbox 1132 5600 1307 5666; x_wconf 89' lang='lat' dir='ltr'><strong>quoad</strong></span> <span class='ocrx_word' id='word_1_954' title='bbox 1368 5614 1588 5654; x_wconf 89' lang='lat' dir='ltr'><strong>sensum</strong></span> <span class='ocrx_word' id='word_1_955' title='bbox 1625 5597 1786 5651; x_wconf 87' lang='lat' dir='ltr'><strong>habet</strong></span> <span class='ocrx_word' id='word_1_956' title='bbox 1841 5596 2049 5650; x_wconf 85' lang='lat' dir='ltr'><strong>Catena</strong></span> 
     </span>
    </p>
   </div>
   <div class='ocr_carea' id='block_1_112' title="bbox 482 5666 2052 5736">
    <p class='ocr_par' dir='ltr' id='par_1_112' title="bbox 482 5666 2052 5736">
     <span class='ocr_line' id='line_1_112' title="bbox 482 5666 2052 5736; baseline -0.001 -14"><span class='ocrx_word' id='word_1_957' title='bbox 482 5667 750 5722; x_wconf 81' lang='lat' dir='ltr'><strong>Corderii.</strong></span> <span class='ocrx_word' id='word_1_958' title='bbox 785 5666 973 5721; x_wconf 82' lang='lat' dir='ltr'><strong>Latine</strong></span> <span class='ocrx_word' id='word_1_959' title='bbox 997 5677 1213 5721; x_wconf 82' lang='lat' dir='ltr'><strong>exstant</strong></span> <span class='ocrx_word' id='word_1_960' title='bbox 1244 5670 1383 5736; x_wconf 86' lang='lat' dir='ltr'><strong>apud</strong></span> <span class='ocrx_word' id='word_1_961' title='bbox 1419 5669 1740 5729; x_wconf 84' lang='lat' dir='ltr'><strong>Barbarum,</strong></span> <span class='ocrx_word' id='word_1_962' title='bbox 1774 5666 2052 5735; x_wconf 78' lang='lat' dir='ltr'><strong>majorque</strong></span> 
     </span>
    </p>
   </div>
   <div class='ocr_carea' id='block_1_113' title="bbox 484 5736 2048 5808">
    <p class='ocr_par' dir='ltr' id='par_1_113' title="bbox 484 5736 2048 5808">
     <span class='ocr_line' id='line_1_113' title="bbox 484 5736 2048 5808; baseline 0.002 -20"><span class='ocrx_word' id='word_1_963' title='bbox 484 5752 611 5808; x_wconf 85' lang='lat' dir='ltr'><strong>pars</strong></span> <span class='ocrx_word' id='word_1_964' title='bbox 644 5736 850 5808; x_wconf 74' lang='lat' dir='ltr'><strong>iisdem</strong></span> <span class='ocrx_word' id='word_1_965' title='bbox 875 5736 988 5808; x_wconf 82' lang='lat' dir='ltr'><strong>fere</strong></span> <span class='ocrx_word' id='word_1_966' title='bbox 1022 5740 1202 5808; x_wconf 80' lang='lat' dir='ltr'><strong>verbis</strong></span> <span class='ocrx_word' id='word_1_967' title='bbox 1249 5740 1517 5808; x_wconf 87' lang='lat' dir='ltr'><strong>reperitur</strong></span> <span class='ocrx_word' id='word_1_968' title='bbox 1558 5738 1700 5808; x_wconf 73' lang='lat' dir='ltr'><strong>apud</strong></span> <span class='ocrx_word' id='word_1_969' title='bbox 1738 5736 2048 5808; x_wconf 85' lang='lat' dir='ltr'><strong>Eusebium.</strong></span> 
     </span>
    </p>
   </div>
   <div class='ocr_carea' id='block_1_114' title="bbox 486 5804 2051 5877">
    <p class='ocr_par' dir='ltr' id='par_1_114' title="bbox 486 5804 2051 5877">
     <span class='ocr_line' id='line_1_114' title="bbox 486 5804 2051 5877; baseline -0.004 -11"><span class='ocrx_word' id='word_1_970' title='bbox 486 5804 753 5866; x_wconf 62' lang='lat' dir='ltr'><strong>Munuila</strong></span> <span class='ocrx_word' id='word_1_971' title='bbox 780 5804 943 5862; x_wconf 81' lang='lat' dir='ltr'><strong>etiam</strong></span> <span class='ocrx_word' id='word_1_972' title='bbox 971 5807 1094 5861; x_wconf 83' lang='lat' dir='ltr'><strong>inde</strong></span> <span class='ocrx_word' id='word_1_973' title='bbox 1120 5804 1348 5877; x_wconf 83' lang='lat' dir='ltr'><strong>alripuit</strong></span> <span class='ocrx_word' id='word_1_974' title='bbox 1373 5807 1635 5871; x_wconf 78' lang='lat' dir='ltr'><strong>Hilarius,</strong></span> <span class='ocrx_word' id='word_1_975' title='bbox 1674 5804 1959 5875; x_wconf 70' lang='grc' dir='ltr'><strong>ιιηιΙιιιιαι.</strong></span> <span class='ocrx_word' id='word_1_976' title='bbox 1998 5808 2051 5860; x_wconf 86' lang='lat' dir='ltr'><strong>in</strong></span> 
     </span>
    </p>
   </div>
   <div class='ocr_carea' id='block_1_115' title="bbox 2158 5525 2726 5595">
    <p class='ocr_par' dir='ltr' id='par_1_115' title="bbox 2158 5525 2726 5595">
     <span class='ocr_line' id='line_1_115' title="bbox 2158 5525 2726 5595; baseline -0.004 -15"><span class='ocrx_word' id='word_1_977' title='bbox 2158 5526 2350 5595; x_wconf 72' lang='lat' dir='ltr'><strong>psalm.</strong></span> <span class='ocrx_word' id='word_1_978' title='bbox 2379 5540 2417 5588; x_wconf 84' lang='lat' dir='ltr'><strong>I,</strong></span> <span class='ocrx_word' id='word_1_979' title='bbox 2450 5541 2601 5579; x_wconf 90' lang='lat' dir='ltr'><strong>num.</strong></span> <span class='ocrx_word' id='word_1_980' title='bbox 2637 5525 2726 5581; x_wconf 77' lang='grc'>19.</span> 
     </span>
    </p>
   </div>
   <div class='ocr_carea' id='block_1_116' title="bbox 2230 5590 3729 5665">
    <p class='ocr_par' dir='ltr' id='par_1_116' title="bbox 2230 5590 3729 5665">
     <span class='ocr_line' id='line_1_116' title="bbox 2230 5590 3729 5665; baseline 0.001 -18"><span class='ocrx_word' id='word_1_981' title='bbox 2230 5596 2341 5665; x_wconf 83' lang='lat'><strong>(70)</strong></span> <span class='ocrx_word' id='word_1_982' title='bbox 2370 5595 2560 5648; x_wconf 76' lang='grc' dir='ltr'>Δυσὶν</span> <span class='ocrx_word' id='word_1_983' title='bbox 2580 5595 2959 5665; x_wconf 63' lang='grc' dir='ltr'>ἐντυχόντες.</span> <span class='ocrx_word' id='word_1_984' title='bbox 2979 5599 3086 5648; x_wconf 90' lang='lat' dir='ltr'><strong>etc.</strong></span> <span class='ocrx_word' id='word_1_985' title='bbox 3106 5590 3151 5645; x_wconf 85' lang='lat' dir='ltr'><strong>E</strong></span> <span class='ocrx_word' id='word_1_986' title='bbox 3166 5593 3356 5665; x_wconf 86' lang='lat' dir='ltr'><strong>codice</strong></span> <span class='ocrx_word' id='word_1_987' title='bbox 3383 5593 3454 5647; x_wconf 84' lang='lat' dir='ltr'><strong>Ba</strong></span> <span class='ocrx_word' id='word_1_988' title='bbox 3464 5594 3729 5661; x_wconf 71' lang='grc' dir='ltr'>τοοοῑεισιο,</span> 
     </span>
    </p>
   </div>
   <div class='ocr_carea' id='block_1_117' title="bbox 2158 5664 3729 5720">
    <p class='ocr_par' dir='ltr' id='par_1_117' title="bbox 2158 5664 3729 5720">
     <span class='ocr_line' id='line_1_117' title="bbox 2158 5664 3729 5720; baseline -0.002 -2"><span class='ocrx_word' id='word_1_989' title='bbox 2158 5676 2212 5718; x_wconf 90' lang='lat' dir='ltr'><strong>et</strong></span> <span class='ocrx_word' id='word_1_990' title='bbox 2241 5664 2457 5720; x_wconf 69' lang='lat' dir='ltr'><strong>Sciiedis</strong></span> <span class='ocrx_word' id='word_1_991' title='bbox 2485 5664 2818 5718; x_wconf 83' lang='lat' dir='ltr'><strong>Combeﬁsii.</strong></span> <span class='ocrx_word' id='word_1_992' title='bbox 2848 5664 3040 5717; x_wconf 85' lang='lat' dir='ltr'><strong>Latine</strong></span> <span class='ocrx_word' id='word_1_993' title='bbox 3074 5673 3292 5716; x_wconf 77' lang='lat' dir='ltr'><strong>exstant</strong></span> <span class='ocrx_word' id='word_1_994' title='bbox 3318 5664 3369 5717; x_wconf 94' lang='lat' dir='ltr'><strong>in</strong></span> <span class='ocrx_word' id='word_1_995' title='bbox 3393 5665 3602 5718; x_wconf 85' lang='lat' dir='ltr'><strong>Catena</strong></span> <span class='ocrx_word' id='word_1_996' title='bbox 3634 5664 3729 5716; x_wconf 79' lang='grc' dir='ltr'>ι)..-</span> 
     </span>
    </p>
   </div>
   <div class='ocr_carea' id='block_1_118' title="bbox 2160 5733 3726 5803">
    <p class='ocr_par' dir='ltr' id='par_1_118' title="bbox 2160 5733 3726 5803">
     <span class='ocr_line' id='line_1_118' title="bbox 2160 5733 3726 5803; baseline 0.001 -16"><span class='ocrx_word' id='word_1_997' title='bbox 2160 5737 2317 5789; x_wconf 90' lang='lat' dir='ltr'><strong>nielis</strong></span> <span class='ocrx_word' id='word_1_998' title='bbox 2344 5734 2588 5787; x_wconf 82' lang='lat' dir='ltr'><strong>Barbari.</strong></span> <span class='ocrx_word' id='word_1_999' title='bbox 2648 5734 2705 5788; x_wconf 92' lang='lat' dir='ltr'><strong>lu</strong></span> <span class='ocrx_word' id='word_1_1000' title='bbox 2754 5733 2961 5789; x_wconf 82' lang='lat' dir='ltr'><strong>Catena</strong></span> <span class='ocrx_word' id='word_1_1001' title='bbox 3013 5733 3258 5788; x_wconf 82' lang='lat' dir='ltr'><strong>Cordcrti</strong></span> <span class='ocrx_word' id='word_1_1002' title='bbox 3314 5747 3602 5803; x_wconf 85' lang='lat' dir='ltr'><strong>perperam</strong></span> <span class='ocrx_word' id='word_1_1003' title='bbox 3640 5736 3726 5791; x_wconf 85' lang='lat' dir='ltr'><strong>tri-</strong></span> 
     </span>
    </p>
   </div>
   <div class='ocr_carea' id='block_1_119' title="bbox 2160 5804 2678 5873">
    <p class='ocr_par' dir='ltr' id='par_1_119' title="bbox 2160 5804 2678 5873">
     <span class='ocr_line' id='line_1_119' title="bbox 2160 5804 2678 5873; baseline -0.008 -14"><span class='ocrx_word' id='word_1_1004' title='bbox 2160 5806 2399 5859; x_wconf 86' lang='lat' dir='ltr'><strong>buuntur</strong></span> <span class='ocrx_word' id='word_1_1005' title='bbox 2425 5804 2678 5873; x_wconf 80' lang='lat' dir='ltr'><strong>Georgio.</strong></span> 
     </span>
    </p>
   </div>
  </div>
