4058 6244
388 320 518 381 Hui

1375 314 1683 375 SEI.ECTA
1718 319 1785 374 IN
1823 319 2160 378 PSALMOS.
2197 342 2265 361 -‘-
2302 320 2494 379 PSAL.
2537 316 2601 378 ll.

3500 332 3637 386 “0‘2

387 458 464 513 μα
486 440 547 491 τὸ
574 439 749 506 ἀγιον,
777 438 808 507 ἢ
838 435 997 497 αὐτὸς
1036 436 1064 487 6
1104 434 1382 504 προφήτης
1408 434 1574 487 ἐστίν.
1614 434 1745 486 Ἀπὸ
1783 434 1840 487 δὲ
1867 434 1948 487 τοῐ

2081 445 2202 499 est,
2236 438 2317 490 vel
2369 438 2483 504 ipse
2527 440 2811 507 pmpheta.
2860 439 2903 493 Α
2942 439 3304 509 Diapsalmate
3350 455 3527 499 autem
3582 450 3639 500 tit

383 531 763 601 Διαψάλματος
816 526 1081 599 μεταϐολὴ
1121 526 1331 594 γίνεται
1378 525 1472 578 τοῦ
1522 525 1804 595 λέγοντος’
1842 525 1958 579 ἐστι

384 621 493 692 γὰρ
542 622 571 673 6
607 616 866 688 Χριστὸς,
906 615 980 678 ὼς
1022 615 1111 667 καὶ
1166 613 1325 666 τοῦτο
1380 616 1807 685 παραστήσομεν
1861 614 1960 678 τὰς

383 709 555 774 λέξεις
580 706 943 774 ἐξετάζοντες.
967 705 1076 757 Καὶ
1103 704 1163 756 ού
1201 702 1512 773 θαυμαστὸν
1543 706 1590 756 εί
1630 705 1688 757 ὲν
1724 704 1803 757 ἑνὶ
1827 703 1962 772 ψαλ-

387 799 473 871 μῷ
503 800 624 869 οὐχὶ
652 799 710 851 ἓν
744 795 1033 869 πρόσωπόν
1074 795 1188 846 ἐστι
1222 794 1283 846 τὸ
1318 794 1503 862 λέγον·
1542 794 1809 864 πολλαχοῦ
1852 794 1961 867 γὰρ

384 890 543 944 τοῦτο
574 889 720 943 ἐστιν
764 888 924 951 ἰδεῖν,
961 887 1035 950 ὡς
1074 886 1352 956 προϊόντες
1392 883 1656 957 δείξομεν.
1696 888 1805 940 Καὶ
1830 887 1960 941 ταῦ-

383 998 453 1036 τα
502 982 600 1053 μὲν
638 980 744 1053 πρὸ
787 978 880 1033 τοῦ
909 977 1122 1048 ψαλμοῦ
1145 1015 1159 1041 ,
1202 977 1625 1048 κατανοήσωμεν
1668 977 1725 1030 δὲ
1751 979 1849 1041 τὰς
1874 978 1960 1031 λέ-

451 1090 517 1135 ις.

385 1074 572 1218 ξειῗρῦ
611 1161 817 1217 αὐτοῦ.
867 1160 1119 1229 Τέσσαρα
1156 1159 1287 1229 γένη
1339 1159 1448 1212 τῶν
1496 1158 1605 1229 (71)
1654 1158 1958 1230 ἀνθρώπων

385 1255 550 1326 φησὶν
594 1256 623 1307 6
662 1254 817 1322 λόγος
856 1250 1277 1322 ὲπιϐεϐληκέναι
1316 1250 1561 1321 Χριστιῖν
1610 1250 1736 1321 ἔθνη
1791 1251 1960 1322 φρυά-

383 1347 548 1412 ξαντα
576 1344 695 1399 κατ’
716 1343 909 1407 αὐτοῦ,
947 1342 1040 1395 καὶ
1068 1341 1232 1403 λαοὺς
1259 1340 1660 1411 μελετήσαντας
1686 1339 1835 1403 κενὰ,
1862 1340 1957 1392 καὶ

384 1438 620 1507 βασιλεῖς
665 1437 766 1507 τῆς
804 1436 909 1506 γῆς
958 1434 1343 1504 παραστάντας
1377 1436 1493 1503 μετ’
1523 1433 1797 1503 ἀρχόντων
1835 1449 1959 1486 συν-

381 1530 654 1599 αχθέντων
684 1528 776 1580 ἐπὶ
796 1527 855 1579 τὸ
877 1526 1027 1580 αὑτό.
1053 1527 1163 1579 Καὶ⁵
1186 1525 1468 1597 ἡγούμεθα
1500 1527 1596 1596 μὲν
1618 1526 1744 1596 ἔθνη
1775 1524 1959 1596 δηλοῦ-

383 1622 506 1675 σθαι
538 1622 665 1682 τοὺς
682 1619 995 1689 ἀλλοτρίους
1015 1619 1114 1688 τῆς
1144 1617 1378 1681 πίστεως
1407 1616 1745 1689 ἀνθρώπους,
1768 1617 1956 1687 ὥσπερ

380 1714 506 1774 τοὺς
539 1709 875 1782 στρατιώτας
906 1713 1031 1773 τοὺς
1066 1710 1411 1782 φρυάξαντας
1450 1710 1569 1763 κατ’
1605 1709 1765 1764 αὐτοῦ
1790 1728 1802 1740 ·
1832 1709 1957 1773 τοὺς

378 1803 436 1855 δὲ
456 1803 617 1863 λαοὺς
643 1802 768 1863 τοὺς
793 1801 901 1853 ἀπὸ
920 1800 1027 1853 τῶν
1057 1799 1239 1869 φυλῶν
1263 1799 1359 1869 τῆς
1382 1799 1691 1869 κατατομῆς
1718 1798 1797 1868 (οὐ
1844 1798 1953 1869 γὰρ

379 1892 582 1964 κυρίως
608 1891 823 1943 λεκτέον
851 1890 1044 1952 αὐτοὺς
1076 1888 1165 1941 τὸν
1190 1888 1418 1959 Σωτῆρα
1450 1887 1526 1958 μὴ
1559 1887 1950 1958 προσιεμένους

381 1985 443 2034 ἐκ
475 1979 825 2051 περιτομῆς),
858 1980 1051 2041 οἵτινες
1103 1976 1232 2031 κενά
1286 1976 1721 2045 μεμελετήκασι,
1765 1975 1855 2028 τὸν
1892 1975 1950 2026 ὲν

379 2078 490 2137 τοῖς
519 2073 910 2144 μελετωμένοις
940 2072 1294 2143 προφητικοῖς
1324 2069 1500 2136 λόγοις
1528 2066 1950 2138 καταγγελλόμε-

380 2181 469 2218 νον
500 2163 735 2233 Χριστὸν
766 2162 826 2214 οὐ
862 2161 1194 2232 νενοηκότες.
1226 2160 1469 2222 Βασιλεῖς
1501 2159 1557 2211 δὲ
1596 2160 1693 2229 τῆς
1726 2158 1829 2227 γῆς
1858 2160 1950 2211 καὶ

379 2257 635 2326 ἄρχοντες
662 2252 905 2324 Ἡρώδης
932 2270 990 2306 τε
1016 2252 1112 2305 καὶ
1140 2252 1361 2314 Πόντιος
1382 2250 1632 2313 Πιλᾶτος,
1657 2250 1750 2302 κα)⁵
1782 2251 1833 2302 οἱ
1854 2249 1947 2301 τοῦ

393 2346 658 2399 Ἰουδαίων
692 2340 820 2398 λαοῦ
861 2344 1170 2415 ἡγούμενοι.
1200 2342 1413 2397 Τούτων
1446 2345 1554 2412 γὰρ
1582 2341 1675 2395 καὶ
1699 2343 1727 2394 6
1755 2340 1949 2393 θεσπέ-

380 2454 492 2498 σιος
553 2436 755 2506 Πέτρος
811 2436 840 2487 6
899 2435 1192 2498 ἀπόστολος
1228 2433 1711 2504 ἀπεμνημόνευσεν
1769 2431 1949 2495 ίδικῶς

377 2528 435 2577 ὲν
471 2528 588 2589 ταῖς
639 2524 900 2592 Πράξεσι
941 2525 1049 2578 τῶν
1086 2524 1397 2578 ἀποστόλων
1437 2523 1535 2594 τὴν
1583 2523 1949 2593 προκειμένην

379 2618 570 2688 χρῆσιν
603 2615 961 2688 παραγαγών.
1007 2617 1071 2669 Εἰ
1102 2616 1160 2668 δὲ
1193 2616 1286 2669 καὶ
1327 2615 1426 2679 τὰς
1458 2615 1720 2686 ἀοράτους
1759 2616 1949 2685 φήσεις

376 2709 665 2779 δυνάμεις,
710 2709 809 2761 οὐκ
849 2707 915 2761 ἂν
954 2708 1237 2778 ἁμάρτοις.
1284 2707 1394 2761 Καὶ
1421 2708 1450 2759 6
1484 2705 1790 2776 σοφώτατος
1821 2701 1948 2774 γοῦν

391 2798 707 2861 Ἀπόστολος
728 2799 788 2851 ού
813 2797 1065 2851 τοσοῦτον
1085 2796 1389 2869 ἀνθρώποις
1412 2799 1657 2870 προσῆψε
1672 2798 1733 2850 τὸ
1753 2800 1947 2850 ἐσταυ-

379 2889 611 2959 ρωκέναι
642 2890 732 2943 τὸν
762 2889 1015 2958 Χριστὸν,
1052 2889 1127 2952 ὡς
1152 2888 1442 2961 δυνάμεσιν
1479 2891 1845 2961 ἀρχοντικαίς,
1870 2887 1949 2939 λέ-

378 2995 487 3044 γων
507 2994 519 3008 δ
570 2996 590 3027 ι
624 2976 821 3047 Σοφίαν
852 2978 908 3030 δὲ
939 2974 1205 3049 λαλοῦμεν
1235 2980 1292 3032 ἑν
1324 2983 1435 3042 τοῖς
1464 2979 1687 3043 τελείοις
1706 2997 1718 3009 ·
1757 2980 1949 3049 σοφίαν

376 3070 433 3124 δὲ
455 3071 517 3123 οὐ
546 3069 639 3123 τοῦ
667 3070 861 3134 αἰῶνος
892 3070 1105 3135 τούτου,
1123 3072 1244 3125 οὐδὲ
1271 3072 1378 3125 τῶν
1400 3073 1675 3144 ἀρχόντων
1696 3072 1791 3126 τοῦ
1819 3072 1951 3127 αἰῶ-

377 3180 465 3225 νος
492 3164 703 3226 τούτου,
734 3164 841 3217 τῶν
865 3165 1342 3236 καταργουμένωνσ
1367 3163 1502 3217 ἀλλά
1530 3164 1797 3234 λαλοῦμεν
1812 3164 1947 3217 Θεοῦ

378 3253 569 3321 σοφίαν
602 3254 660 3306 ὲν
692 3256 990 3326 μυστηρίῳ,
1027 3256 1124 3326 τὴν
1157 3255 1678 3327 ἀποκεκρυμμένην,
1716 3256 1781 3324 ἢν
1820 3272 1946 3325 προ-

375 3342 572 3413 ώρισεν
609 3346 637 3396 6
662 3344 793 3407 Θεὸς
824 3346 931 3416 πρὸ
960 3344 1068 3398 τῶν
1111 3345 1318 3399 αίώνων
1356 3347 1436 3409 είς
1468 3344 1625 3409 δόξαν
1664 3345 1838 3415 ἡμῶν,
1882 3344 1949 3414 ἦν

376 3434 550 3497 οὐδεὶς
578 3434 685 3487 τῶν
715 3435 989 3505 ἀρχόντων
1015 3432 1106 3489 τοῦ
1143 3435 1338 3500 αἰῶνος
1371 3437 1563 3490 τούτου
1593 3436 1858 3504 ἔγνωκεν*
1899 3438 1947 3489 εί

374 3525 483 3595 γὰρ
508 3523 769 3592 ἔγνωσαν,
802 3525 901 3577 οὐκ
923 3524 989 3578 ἂν
1015 3524 1104 3578 τὸν
1132 3525 1335 3596 Κύριον
1364 3526 1462 3594 τῆς
1488 3524 1646 3597 δόξης
1678 3525 1950 3597 ἐσταύρω-

378 3632 495 3668 σαν.
524 3634 543 3667 ι
579 3616 727 3668 Ποῖοι
749 3615 856 3686 γὰρ
884 3616 1141 3687 ἄρχοντες
1181 3615 1532 3687 ἐσταύρωσαν
1561 3616 1652 3669 τὸν
1693 3616 1945 3688 Χριστὸν,

372 3706 465 3760 τὸν
492 3702 591 3776 τῆς
620 3704 776 3777 δόξης
812 3705 1035 3777 Κύριον,
1061 3708 1110 3759 οί
1137 3708 1211 3778 μὴ
1242 3706 1600 3775 γινώσκοντες
1631 3707 1731 3779 τὴν
1758 3706 1948 3775 σοφίαν

372 3793 465 3850 τοῦ
481 3796 637 3858 Θεοῦ,
660 3798 754 3850 καὶ
778 3796 929 3849 αὐτοὶ
950 3796 1138 3866 σοφίας
1161 3797 1309 3860 τινὰς
1331 3796 1472 3866 ἔχειν
1502 3796 1949 3867 ὑπολαμϐανόμε-

372 3905 473 3951 νοι,
491 3888 523 3957 ἢ
542 3888 589 3940 οἱ
606 3886 884 3957 λεγόμενοι
904 3889 961 3938 ὲν
970 3889 1089 3950 ταῖς
1110 3888 1464 3958 προφητείαις
1475 3888 1658 3960 ἄρχων
1675 3886 1947 3957 βασιλείας

372 3978 616 4050 Περσῶν,
649 3978 740 4030 καὶ
767 3977 950 4049 ἄρχων
980 3977 1254 4047 βασιλείας
1289 3978 1576 4049 Ἑλλήνων,
1600 3980 1691 4032 καὶ
1719 3978 1857 4032 κατὰ
1886 3978 1947 4030 τὸ

370 4072 663 4127 ἀκόλουθον
696 4074 743 4125 οἱ
773 4073 881 4126 τῶν
912 4073 1113 4127 λοιπῶν
1147 4074 1348 4135 ἐονῶν;
1383 4093 1401 4124 ι
1438 4072 1518 4126 Τά
1548 4073 1672 4144 ἔθνη
1716 4092 1734 4124 ι
1764 4074 1945 4128 τοίνυν

376 4180 395 4211 ‹
437 4162 731 4233 ἐφρύαξαν·
765 4183 783 4214 ι
816 4163 955 4233 ὅπερ
986 4163 1156 4228 ἐστὶν,
1190 4165 1264 4228 ὼς
1293 4164 1322 4216 6
1366 4165 1590 4227 Ἀκύλας
1614 4166 1945 4235 σαφέστερον

370 4255 747 4323 ήρμήνευσεν,
787 4273 804 4304 ι
841 4254 1272 4327 ἐθορυϐήθησαν.
1301 4274 1318 4306 ι
1355 4256 1510 4309 Ἐστι
1546 4255 1603 4308 δὲ
1634 4258 1668 4327 ἠ
1696 4256 1837 4320 λέξις
1865 4258 1899 4327 ή
1927 4295 1942 4320 ,

376 4360 396 4392 ι
421 4340 720 4413 ἐφρύαξαν,
746 4363 764 4394 ι
814 4346 1384 4418 ὁνοματοπεποιημένη
1406 4386 1420 4411 ,
1468 4347 1562 4401 καὶ
1605 4347 1943 4418 ἐμφαίνουσα

370 4432 461 4486 τὸν
491 4434 704 4504 ἄσημον
732 4431 863 4504 ἦχον
901 4435 1006 4490 τῶν
1030 4436 1401 4507 θορυϐούντων
1423 4457 1435 4468 ο
1480 4439 1710 4493 τοιοῦτοι
1756 4440 1864 4511 γὰρ
1892 4441 1940 4492 οί

2068 541 2313 594 persona:
2338 533 2598 586 mutatio:
2628 532 2877 586 Christus
2899 535 3042 586 enim
3073 544 3177 599 est,
3209 545 3265 591 ut
3298 536 3436 591 infra
3461 549 3638 593 osten-

2068 618 2248 685 detur,
2275 636 2396 673 cum
2424 622 2664 687 singulas
2696 637 2856 677 voces
2881 625 3267 692 expendamus.
3296 625 3405 682 Nec
3437 630 3633 684 mirum

2068 710 2112 764 si
2150 710 2202 763 in
2243 726 2350 764 uno
2391 713 2598 781 psalmo
2635 728 2740 766 non
2782 728 2888 766 una
2915 724 2999 768 est
3037 729 3270 784 persona
3304 732 3425 787 quae
3458 719 3637 791 loqui-

2071 810 2181 856 tur.
2218 802 2332 858 Hoc
2367 806 2511 857 enim
2542 804 2789 872 pluribus
2817 805 2870 859 in
2902 806 3034 860 locis
3064 808 3250 862 videre
3274 801 3379 873 cst,
3409 822 3466 865 ut
3498 814 3634 868 infra

2067 896 2439 949 ostendemus.
2480 895 2698 950 Interim
2738 897 2852 951 haec
2877 913 2973 967 pro
3002 902 3226 956 exordio
3269 905 3462 972 psalmi
3490 907 3634 962 dicta

2065 985 2211 1050 sint,
2247 1000 2392 1040 nunc
2426 986 2538 1055 ipsa
2571 986 2732 1041 verba
2762 989 3134 1043 discutiamus.

2134 1169 2407 1238 Ejusdem.
2440 1168 2689 1235 Quatuor
2720 1168 2996 1225 hominum
3030 1188 3229 1243 genera
3277 1175 3408 1229 dicit
3437 1178 3635 1235 adver-

2062 1276 2156 1316 sus
2181 1262 2456 1315 Christum
2492 1261 2853 1316 insurrexisse
2878 1303 2894 1327 ,
2922 1274 3108 1332 gentes
3140 1281 3263 1335 qua:
3296 1267 3637 1324 [retinuerunt

2061 1360 2254 1407 contra
2290 1352 2485 1420 ipsum,
2527 1354 2752 1420 populos
2772 1354 2868 1421 qui
2901 1356 3140 1410 meditati
3171 1370 3295 1412 sunt
3342 1359 3545 1425 inania,
3580 1374 3655 1415 et.

2059 1458 2214 1512 reges
2270 1453 2431 1498 terra:
2475 1444 2567 1513 qui
2628 1445 2956 1498 adstiterunt
3007 1463 3129 1502 cum
3187 1451 3526 1520 principibus
3579 1454 3631 1508 in

2057 1552 2222 1591 unum
2265 1536 2628 1606 congregatis.
2684 1537 2751 1590 Et
2780 1538 3110 1593 arbitramur
3141 1543 3357 1610 quidem
3385 1546 3630 1614 gentium

2056 1627 2275 1681 nomine
2315 1627 2525 1682 alienos
2568 1643 2596 1680 a
2646 1626 2753 1681 ﬁde
2786 1629 3060 1700 designari
3108 1635 3396 1702 homines,
3444 1638 3634 1705 quales

2055 1727 2212 1772 erant
2246 1717 2447 1772 milites
2478 1718 2569 1787 qui
2600 1718 2863 1774 adversus
2888 1735 3013 1775 eum
3052 1722 3422 1793 fremuerunt;
3462 1744 3633 1800 popu-

2055 1807 2137 1861 los
2162 1821 2332 1872 vero,
2384 1808 2504 1864 illos
2537 1824 2603 1865 ex
2646 1810 2893 1867 tribubus
2942 1814 3044 1869 dici
3084 1816 3175 1886 qui
3218 1820 3422 1873 exsecti
3474 1832 3634 1874 erant

2058 1894 2258 1967 (neque
2280 1898 2424 1952 enim
2450 1902 2671 1971 proprie
2696 1902 2983 1959 dicendum
3011 1916 3094 1960 est
3118 1922 3213 1962 eos
3238 1910 3327 1977 qui
3354 1910 3629 1965 Christum

2058 2003 2163 2041 non
2196 2000 2551 2058 receperunt,
2586 2008 2649 2048 ex
2694 1996 3109 2053 circumcisione
3142 1999 3352 2069 fuisse),
3380 2001 3471 2070 qui
3506 2002 3630 2071 qui-

2056 2078 2176 2134 dem
2213 2096 2349 2135 vana
2382 2084 2624 2139 meditati
2660 2096 2941 2142 suntcum
2976 2090 3028 2143 in
3071 2089 3331 2159 perlectis
3356 2107 3386 2145 a
3414 2107 3474 2147 se
3506 2109 3633 2163 pro-

2056 2169 2285 2237 pheticis
2316 2176 2658 2231 sermonibus
2698 2180 3079 2234 annuntiatum
3105 2181 3381 2237 Christum
3409 2199 3514 2238 non
3549 2185 3633 2238 in-

2057 2262 2402 2320 tellexerunt.
2442 2267 2619 2338 Reges
2652 2278 2812 2327 terrae
2847 2282 2902 2327 et
2934 2275 3211 2345 principes
3242 2284 3403 2331 erunt
3456 2277 3630 2333 Hero--

2057 2352 2151 2405 des
2182 2364 2237 2407 et
2286 2355 2507 2412 Pontius
2538 2358 2763 2427 Pilatus,
2797 2372 2852 2416 et
2883 2362 3091 2420 Iudaici
3128 2367 3313 2436 populi
3346 2369 3629 2437 praesides.

2056 2441 2259 2498 Horum
2306 2447 2454 2500 enim
2499 2458 2553 2503 et
2586 2450 2745 2506 divus
2795 2451 2986 2508 Petrus
3026 2457 3310 2525 apostolus
3344 2459 3629 2527 speciatim

2058 2533 2301 2586 meminit
2346 2534 2398 2588 in
2450 2538 2666 2593 Actibus
2708 2542 3078 2609 apostolorum
3124 2546 3212 2600 ubi
3261 2547 3411 2602 hisce
3462 2549 3633 2604 utitur

2059 2623 2237 2677 verbis
2253 2623 2319 2676 '°.
2354 2623 2505 2690 Quod
2530 2628 2575 2682 si
2598 2639 2650 2683 et
2680 2630 2983 2689 invisibiles
3009 2651 3130 2691 esse
3152 2646 3448 2706 potestates
3477 2640 3632 2695 dixe-

2056 2712 2153 2776 ris,
2175 2728 2283 2768 non
2308 2716 2671 2775 aberraveris.
2703 2722 2866 2778 Certe
2884 2727 3316 2793 sapientissimus
3340 2731 3632 2801 Aposmlus

2056 2803 2161 2857 illis
2213 2806 2382 2862 multo
2411 2808 2581 2880 magis
2627 2827 2790 2882 quam
2826 2816 3138 2874 hominibus
3163 2816 3373 2876 Christi
3413 2837 3628 2879 crucem

2056 2898 2309 2953 attribuit
2355 2900 2539 2958 dicens
2569 2904 2648 2959 ³¹ε
2687 2924 2706 2957 ι
2743 2906 3082 2977 Sapientiam
3134 2921 3314 2967 autem
3358 2913 3632 2985 loquimur

2057 2984 2200 3041 inter
2233 2989 2533 3058 perfectos:
2562 2999 2889 3065 sapientiam
2924 3016 3054 3057 vero
3091 3018 3198 3058 non
3225 3004 3385 3074 hujus
3412 2984 3629 3077 saeculi.

2057 3091 2233 3145 neque
2268 3080 2576 3152 principum
2646 3087 2808 3157 hujus
2846 3091 3029 3146 sasculi
3092 3096 3182 3162 qui
3233 3096 3628 3165 destruantur;

2056 3167 2151 3220 sed
2183 3167 2455 3237 loquimur
2472 3172 2567 3228 Dei
2594 3177 2917 3245 sapientiam
2947 3181 3001 3236 in
3040 3187 3322 3253 mysterio,
3348 3202 3469 3256 quae
3498 3190 3628 3245 abs-

2053 3256 2269 3311 condita
2302 3268 2387 3315 est
2414 3299 2430 3325 ,
2468 3277 2629 3331 quam
2663 3268 3072 3336 pnedestinavit
3101 3273 3243 3329 Deus
3275 3285 3401 3332 ante
3427 3280 3624 3334 saecula

2054 3344 2106 3398 iu
2141 3346 2369 3415 gloriam
2405 3362 2650 3408 nostram
2676 3398 2691 3423 ,
2727 3372 2891 3427 quam
2935 3376 3090 3416 nemo
3120 3364 3427 3434 principum
3466 3370 3627 3439 hujus

2052 3436 2231 3491 saeculi
2264 3442 2557 3510 cognovit:
2596 3446 2641 3499 si
2689 3449 2833 3503 enirn
2884 3455 3313 3523 cognovissent,
3348 3475 3623 3530 nunquam

2051 3527 2335 3585 Dominum
2355 3535 2541 3603 glorias
2557 3539 2972 3596 cruciﬁxissent.
3006 3564 3024 3597 ι
3046 3545 3277 3611 Quinam
3297 3552 3443 3605 enim
3460 3527 3621 3623 prin-

2050 3620 2197 3687 cipes
2227 3621 2501 3678 Christum
2536 3628 2723 3698 gloria:
2754 3632 3037 3689 Dominum
3068 3620 3488 3711 crucllixerunt',
3522 3644 3617 3701 Dei

2050 3714 2369 3782 sapientiam
2420 3731 2527 3772 non
2563 3732 2919 3789 agnoscentes
2950 3735 3006 3781 et
3051 3744 3110 3785 se
3158 3746 3372 3801 quoque
3406 3736 3624 3804 sapien-

2052 3805 2180 3858 tiam
2214 3808 2503 3875 quamdam
2550 3811 2752 3867 habere
2798 3815 3221 3887 existimantes,
3273 3824 3373 3879 nisi
3408 3825 3484 3879 illi
3527 3828 3619 3896 qui

2052 3894 2103 3949 in
2135 3898 2413 3966 prophetis
2441 3915 2961 3973 commemorantur,
2996 3910 3248 3981 princeps
3281 3913 3444 3986 539
3469 3894 3621 3989 regni

2047 3983 2359 4053 Persarum,
2388 3998 2445 4043 et
2471 3990 2724 4062 princeps
2753 3996 2905 4063 regni
2941 3996 3255 4055 Crtecorum
3283 3983 3311 4067 ,ί
3340 3983 3622 4063 et'conse—

2048 4084 2280 4142 quenter
2313 4078 2644 4147 reliquarum
2683 4085 2926 4152 gentium
2961 4089 3273 4159 principes?
3313 4112 3332 4145 ι
3360 4094 3564 4155 Gentes
3595 4122 3616 4155 ι

2048 4164 2228 4235 itaque
2260 4168 2666 4239 «fremuerunt,
2695 4194 2714 4227 ι
2760 4177 2813 4232 id
2852 4188 2957 4245 est,
2983 4190 3041 4235 ut
3065 4181 3259 4252 Aquila
3297 4188 3498 4246 clarius
3529 4193 3617 4248 iu—

2049 4267 2371 4326 terpretatus
2421 4274 2542 4328 est,
2594 4282 2612 4316 ι
2658 4269 3037 4325 turbaverunt.
3082 4291 3101 4324 ι
3158 4276 3329 4333 Dictio
3382 4290 3562 4338 autem
3600 4325 3618 4351 ,

2051 4368 2071 4401 ι
2096 4350 2451 4421 fremuerunt,
2480 4374 2498 4407 ι
2539 4359 2871 4416 inconditum
2903 4375 3258 4433 repraesentat
3287 4350 3621 4431 tumultuan-

2048 4442 2178 4496 tium
2215 4446 2533 4514 strepitum,
2581 4449 2890 4519 cuiusmodi
2938 4469 3067 4512 sunt
3097 4461 3132 4515 ii
3162 4463 3254 4531 qui
3308 4480 3373 4520 ex
3405 4468 3615 4526 insidiis

371 4525 725 4595 σεσοϐημένοι
778 4526 915 4579 κατὰ
959 4529 1082 4591 τοὺς
1140 4531 1360 4601 καιροὺς
1415 4531 1509 4584 τοῦ
1573 4533 1943 4589 ἐπιϐουλεύειν

2053 4536 2314 4591 concitate
2350 4537 2600 4594 feruntur
2633 4542 2687 4596 in
2719 4544 2920 4601 hostes.
2956 4549 3109 4616 Quod
3149 4554 3193 4608 si
3224 4555 3413 4625 reliqui
3450 4560 3620 4614 inter-

371 4614 703 4686 ὑπάρχουσιν
736 4617 873 4670 κατά
910 4618 1015 4673 τῶν
1053 4619 1143 4673 ὑπ’
1171 4621 1348 4675 αὐτῶν
1378 4622 1810 4693 πολεμουμένων.
1832 4628 1938 4679 Καὶ

368 4709 417 4759 εί
446 4708 519 4778 μὴ
548 4709 597 4759 οί
622 4707 797 4761 λοιποί¹
825 4709 1153 4780 ὲρμηνευταὶ
1179 4713 1426 4783 εἰρήκασι
1456 4714 1537 4776 τὸ,
1567 4734 1585 4764 ι
1610 4714 1940 4787 ἐθορυϐήθη-

370 4815 488 4861 σαν,
510 4818 527 4849 ι
547 4799 659 4863 καὶ,
681 4817 698 4850 ι
719 4802 880 4871 κυκᾷ,
908 4820 925 4850 ι
944 4800 1020 4863 ὼς
1036 4802 1350 4873 Σύμμαχος,
1367 4799 1435 4875 ἧν
1456 4804 1703 4857 ἐκλαϐεῖν
1723 4807 1829 4859 ἀπὸ
1845 4807 1937 4861 τοῦ

373 4911 390 4942 ι
419 4893 721 4965 ἐφρύαξαν,
755 4913 771 4945 ι
800 4896 883 4955 τὸ,
921 4912 939 4946 ι
964 4895 1439 4967 ὲμεγαλαύχησανο
1466 4916 1484 4948 ι
1521 4897 1596 4960 ὡς
1628 4899 1685 4949 ὲν
1715 4900 1793 4952 ἐνὶ
1830 4900 1937 4954 τῶν

366 4984 659 5055 προφητῶν
698 4984 922 5055 οἰόμεθα
957 4985 1116 5038 τοῦτο
1147 4986 1337 5055 δηλοῦν
1383 4987 1481 5057 τὴν
1516 4989 1690 5055 λέξιν·
1730 5008 1748 5040 ι
1781 4992 1939 5045 Κατὰ

364 5076 433 5128 τὰ
462 5073 792 5145 φρυάγματα
807 5074 899 5127 τοῦ
917 5076 1203 5145 Ἰορδάνου.
1218 5077 1353 5131 »Καὶ
1375 5078 1493 5131 ἐπεὶ
1514 5096 1533 5129 ι
1555 5082 1583 5132 6
1609 5080 1937 5151 ἀρνούμενος

364 5167 454 5218 τὸν
482 5166 629 5229 Υίὺν,
661 5166 782 5219 οὐδὲ
803 5166 893 5219 τὸν
916 5166 1134 5236 Πατέρα
1165 5166 1298 5235 ἔχει,
1323 5167 1417 5221 καὶ
1442 5170 1470 5220 6
1492 5167 1777 5239 δεχόμενος
1804 5189 1821 5222 ι
1848 5171 1937 5225 τὸν

366 5256 618 5328 Χριστὸν,
639 5276 656 5307 ι
676 5256 889 5325 δέχεται
910 5257 999 5309 τὸν
1024 5257 1416 5312 ἀποστείλαντα
1435 5260 1615 5324 αὑτὸν,
1642 5280 1659 5309 ι
1680 5261 1767 5314 διὰ
1780 5263 1937 5316 τοῦτο

361 5351 391 5402 6
418 5347 558 5402 κατὰ
586 5348 821 5419 Χριστοῦ
861 5349 1285 5421 στρατευόμενος
1318 5352 1397 5413 είς
1427 5351 1518 5404 τὸν
1560 5353 1775 5425 Πατέρα
1806 5356 1935 5408 ἀσε-

433 5470 479 5501 ⁸’
508 5468 629 5525 Act.
659 5485 733 5524 tv.
818 5470 860 5502 ³⁸
888 5469 1057 5528 lCor.
1091 5488 1151 5537 ιι,
1183 5472 1215 5527 6
1250 5482 1302 5530 et
1330 5488 1486 5545 seqq.

430 5588 545 5660 (7|)
576 5587 849 5660 Τέσσαρα
889 5592 1031 5659 γένη
1070 5592 1209 5659 τῶν,
1233 5603 1335 5648 etc.
1365 5594 1407 5647 E
1431 5595 1617 5651 codice
1644 5598 1923 5653 Baroccia-

2048 4636 2229 4693 pretes
2259 4643 2366 4682 non
2398 4634 2712 4701 vertissent,
2751 4654 2770 4688 ι
2806 4641 3182 4709 turbaverunt,
3210 4664 3228 4696 ι
3261 4656 3336 4710 et,
3377 4668 3393 4699 ι
3422 4654 3619 4704 tumul-

2048 4726 2287 4781 tuantur.
2318 4738 2338 4771 ι
2376 4730 2432 4774 ιιι
2462 4722 2838 4792 Symmachus,
2881 4746 2911 4784 a
2943 4732 3126 4799 verbo,
3166 4751 3185 4784 ι
3207 4734 3566 4804 fremuerunt,
3593 4761 3612 4792 ι

2045 4806 2226 4864 dicere
2272 4810 2498 4880 liceret,
2553 4835 2571 4867 ι
2601 4832 2723 4872 sese
2756 4820 3123 4889 iactaverunt,
3156 4843 3175 4875 ι
3228 4828 3370 4893 quod
3409 4828 3460 4881 in
3510 4846 3615 4882 uno

2045 4903 2431 4970 prophetarum
2477 4918 2728 4976 putamus
2764 4913 2848 4966 his
2879 4914 3103 4968 indicari
3142 4917 3324 4972 verbis
3349 4918 3429 4974 “:
3468 4938 3487 4972 ι
3517 4922 3616 4977 Se-

2044 4994 2276 5048 cundmn
2331 5000 2642 5067 superbiam
2689 4999 2962 5057 Jordanis.
2998 5023 3014 5055 ι
3056 5005 3120 5060 Et
3166 5009 3422 5077 quoniam
3475 5017 3615 5083 (qui

2046 5095 2202 5155 negat
2239 5086 2434 5142 Filium
2468 5129 2485 5155 ,
2536 5105 2637 5145 nec
2681 5091 2897 5148 Patrem
2949 5097 3111 5152 habet
3158 5100 3222 5165 ³³,
3260 5119 3279 5151 ι
3324 5112 3377 5157 et
3422 5106 3555 5174 «qui
3591 5126 3610 5157 ι

2044 5176 2319 5231 Christum
2350 5196 2370 5229 ι
2400 5180 2612 5249 recipit,
2640 5182 2837 5251 recipit
2866 5185 3015 5239 illum
3059 5191 3150 5257 qui
3179 5191 3323 5245 misit
3342 5211 3362 5244 ι
3397 5208 3519 5247 eum
3546 5195 3611 5255 ³⁸.

2045 5268 2167 5324 ideo
2201 5271 2295 5338 qui
2327 5271 2522 5326 militat
2566 5274 2828 5331 adversus
2856 5277 3133 5334 Christum
3165 5322 3181 5346 ,
3233 5297 3360 5352 erga
3391 5284 3610 5339 Patrem

2045 5359 2243 5429 impius
2270 5371 2375 5416 est.
2422 5363 2527 5429 Qui
2574 5380 2704 5436 ergo
2735 5365 3106 5440 fremuerunt,
3143 5382 3198 5427 et
3227 5374 3408 5429 inania
3440 5378 3606 5432 medi-

1575 5476 1619 5507 "
1650 5476 1853 5539 Jerem.
1891 5496 1942 5534 xi

2053 5484 2076 5535 ι.
2114 5482 2279 5538 Zach.
2304 5499 2383 5549 χι,
2406 5486 2459 5540 5.
2538 5488 2623 5543 ³³1
2654 5488 2809 5546 Joan.
2851 5507 2913 5559 ιι,
2952 5490 3043 5546 25.
3134 5494 3180 5526 ”
3207 5493 3398 5553 Matth.
3430 5511 3487 5563 ι,
3519 5497 3601 5551 40.

2035 5612 2191 5679 teme
2223 5605 2603 5679 codiceRegio
2635 5612 2792 5679 l8l8,
2826 5613 2878 5667 in
2906 5617 3078 5670 lucem
3110 5615 3299 5671 Graece
3327 5617 3495 5671 edidit
3524 5616 3610 5667 vir

361 5669 533 5757 no.1‘et
560 5659 775 5713 schedis
796 5662 1134 5757 .Combelisii.‘
1167 5663 1355 5757 Latine
1389 5666 1607 5757 exhibet
1648 5667 1923 5757 Barbarus
2033 5659 3448 5757 clarissiuins.tloiii(iitis_llerilarduvaontel’alcouius
3467 5699 3599 5757 pidu-

362 5732 413 5783 in
440 5730 664 5795 Catena,
693 5742 1021 5799 postremam
1048 5743 1228 5789 autem
1266 5734 1428 5801 hujus
1474 5734 1761 5806 fragumuti
1788 5754 1921 5809 par-

2033 5745 2209 5799 liutin.
2244 5749 2309 5801 ad
2346 5746 2587 5819 llexapla
2609 5750 2880 5823 Origenis,
2914 5771 3033 5826 pag.
3069 5756 3161 5810 85.
