4058 6244
433 352 574 409 H05

1820 345 1909 400 ΕΧ
1946 344 2244 401 ORIGENE

3574 350 3749 402 ιιξλι

433 470 529 524 tati
559 479 705 533 sunt,
734 476 783 521 et
816 467 1147 522 adstiterunt
1174 468 1224 521 iu
1254 482 1417 520 unum
1452 481 1515 519 ac
1545 469 1856 536 congregati
1890 475 2013 519 sunt

2124 466 2218 520 δεῖ.
2269 468 2331 521 Oi
2376 466 2506 537 γοῦν
2542 467 2914 539 φρυάξαντες,
2962 470 3054 521 καὶ
3099 470 3228 521 κενά
3258 468 3699 539 μελετήσαντες
3726 494 3767 529 ,-

433 560 617 622 simul,
656 558 837 627 specie
865 556 1085 626 quidem
1135 565 1327 609 contra
1372 555 1648 610 Christum
1688 556 1861 611 solmn
1897 564 2012 608 tur-

433 651 530 703 has
561 656 879 710 moverunt,
911 646 990 701 sic
1023 656 1200 699 autem
1232 647 1374 714 quod
1419 646 1685 711 fecerunt,
1730 646 1836 700 illis
1864 661 2013 699 com-

433 750 679 809 putatum
729 747 833 804 est,
869 753 932 792 ac
979 738 1022 793 si
1057 736 1271 791 Patrem
1306 739 1479 807 ipsum
1529 739 1773 808 aggressi
1806 749 2008 793 essent.

434 834 776 900 Quapropter
808 830 1005 883 dicitur
1033 830 1149 883 lucc
1193 843 1286 884 eos
1334 830 1510 900 egisse
1551 848 1567 881 ι
1605 831 1869 885 adversus
1904 830 2011 884 Do-

435 924 637 978 minum
683 932 735 977 et
773 923 1035 976 adversus
1068 922 1343 976 Christum
1376 922 1509 990 ejus.
1544 941 1561 974 ι
1605 923 1794 991 Operae
1826 932 2007 977 autem

432 1015 666 1081 pretium
704 1023 785 1067 est
831 1013 974 1069 scire
1005 1012 1055 1065 id
1092 1012 1233 1080 quod
1271 1014 1412 1080 apud
1446 1012 1668 1067 Grmcos
1695 1014 2012 1065 enuntiatur

434 1122 566 1160 voce
610 1106 833 1175 Κύριος,
889 1105 937 1156 id
992 1113 1074 1157 est
1115 1122 1132 1153 ι
1167 1104 1457 1167 Dominus,
1507 1124 1524 1155 ι
1566 1106 1705 1172 apttd
1757 1104 2010 1157 llehrzcos

432 1212 564 1251 vero
588 1214 718 1251 voce
753 1217 769 1246 ι
802 1195 1036 1249 Adonai.
1074 1214 1090 1245 ›
1130 1195 1325 1250 Decem
1356 1199 1499 1250 enim
1535 1196 1841 1250 uominihus
1871 1197 2009 1264 apud

437 1292 694 1345 Hebraeos
718 1290 859 1342 Deus
884 1288 1205 1357 appellatur.
1232 1304 1459 1357 quorum
1498 1304 1663 1341 unttm
1698 1299 1773 1341 est
1814 1306 1831 1337 ι
1863 1289 1995 1340 Ado-

434 1385 553 1445 nai,
588 1401 605 1433 ι
646 1382 785 1448 quod
818 1382 1210 1449 interpretatur
1261 1401 1277 1429 ι
1327 1380 1605 1434 Dominus.
1634 1401 1649 1431 ι
1691 1380 1752 1434 Et
1801 1382 2009 1447 quoties

434 1472 572 1540 apud
628 1470 879 1523 llebrmns
914 1471 1112 1523 dicitur
1152 1471 1381 1529 Adonai,
1419 1470 1581 1523 toties
1613 1472 1751 1539 apud
1788 1470 2010 1525 Grmcos

437 1567 666 1616 hahetur
703 1581 719 1611 ι
759 1561 1039 1623 Dominus,
1073 1581 1089 1611 ι
1127 1561 1419 1627 Scriptum}
1449 1561 1685 1614 dictione
1719 1562 1767 1613 id
1802 1562 2013 1626 signiti-

434 1660 610 1702 rautc.
644 1648 875 1714 Quando
923 1660 1105 1701 autem
1157 1649 1395 1700 occurrit
1452 1647 1558 1710 lae,
1602 1651 1741 1717 apud
1794 1649 2010 1703 Cra-ros

432 1740 759 1809 exprimitur
792 1738 1150 1806 appellatione
1198 1737 1422 1808 Κύριος,
1473 1759 1495 1789 κ
1527 1737 1811 1801 Dominus,
1861 1759 1878 1789 ι
1916 1740 2008 1793 scd

436 1848 540 1885 non
575 1833 702 1885 item
752 1831 894 1900 apud
950 1828 1206 1883 llehrreos
1230 1869 1244 1892 ,
1283 1840 1341 1882 ut
1392 1830 1446 1883 in
1478 1830 1570 1885 illo
1598 1830 1679 1882 πε
1719 1852 1734 1877 ‹
1769 1830 2009 1883 Laudato

436 1925 746 1986 Dominum,
782 1922 1039 1990 quoniam
1074 1920 1243 1972 huuus
1284 1930 1365 1973 est
1398 1920 1658 1987 psalmus.
1686 1940 1701 1969 ι
1753 1920 2009 1973 Dominus

433 2019 576 2072 enim
626 2018 727 2070 hoe
763 2015 879 2067 loco
932 2027 1027 2080 pro
1057 2009 1152 2064 Iac
1187 2012 1382 2065 dicitur
1409 2053 1422 2071 ,
1465 2024 1516 2063 ct
1564 2012 1771 2064 initium
1822 2011 2008 2079 psalmi

434 2111 575 2178 apud
608 2108 863 2163 llebrmos
889 2116 971 2158 est
1010 2122 1027 2155 ι
1064 2102 1313 2157 Alleluia.
1351 2123 1367 2154 ι
1404 2104 1492 2156 Est
1524 2104 1685 2156 etiam
1718 2104 1859 2171 apud
1895 2102 2011 2155 illos

432 2201 707 2257 iueil'ahile
731 2198 999 2268 quoddam
1041 2210 1236 2250 nomen
1282 2205 1761 2263 tetragrammaton
1783 2235 1796 2259 ,
1831 2194 2010 2256 idest,

434 2305 667 2364 quatuor
692 2290 865 2345 literis
896 2298 1177 2353 constans,
1212 2289 1264 2341 in
1299 2302 1460 2341 aurea
1490 2287 1685 2340 summi
1712 2285 2014 2339 sacerdotis

435 2384 636 2437 lamina
676 2381 996 2446 inscriptum
1023 2421 1036 2442 ,
1072 2387 1127 2431 et
1157 2393 1291 2431 voce
1327 2396 1343 2427 ι
1369 2376 1575 2429 Adonai
1609 2396 1627 2427 ι
1657 2376 2005 2437 enuntiatur,

433 2476 561 2529 licet
600 2475 701 2528 hoc
734 2488 839 2526 non
867 2470 1132 2539 scriptum
1165 2471 1235 2522 sit
1265 2469 1317 2521 in
1351 2478 1803 2537 tetragrammato
1827 2513 1839 2535 ,
1872 2467 2013 2538 apud

433 2567 652 2620 Grmcos
688 2578 817 2617 vero
848 2562 1174 2631 exprimitur
1223 2576 1358 2615 voce
1414 2580 1431 2610 ι
1472 2561 1752 2616 Dominus.
1788 2582 1806 2613 ›
1844 2564 1918 2616 Ac
1960 2565 2012 2616 in

436 2638 869 2712 accttratiorihus
901 2651 1299 2719 exemplaribus
1350 2652 1451 2704 hoc
1504 2668 1702 2707 nomen
1751 2654 2011 2721 scriptmn

435 2759 516 2805 est
545 2748 827 2802 Hebraicis
855 2745 1050 2809 literis,
1078 2743 1353 2798 hebraicis
1376 2746 1595 2811 quidem
1622 2744 1877 2811 antiquis.
1910 2759 2013 2798 non

435 2856 615 2897 autem
645 2840 941 2896 hodieruis.
982 2837 1218 2891 Narrant
1250 2838 1392 2888 enim
1434 2836 1659 2888 Esdram
1700 2836 1750 2887 iu
1783 2837 2017 2904 captivi-

436 2945 545 2987 tate
573 2932 711 2987 alios
741 2930 874 2999 ipsis
898 2929 1245 2982 characteres
1273 2928 1393 2980 loco
1425 2926 1667 2996 priurum
1701 2926 2013 2981 tradidisse.

437 3025 643 3079 llorum
693 3031 872 3076 autem
929 3018 1278 3075 meminimus
1337 3018 1460 3087 quia
1533 3027 2014 3085 tetragrammatmt

436 3116 582 3186 quod
612 3123 696 3169 est
729 3132 748 3164 ι
776 3113 1055 3177 Dominus,
1084 3131 1104 3163 ι
1131 3111 1273 3180 jacet
1308 3110 1361 3162 in
1396 3110 1498 3163 hoc.
1521 3108 1592 3162 “z
1634 3128 1651 3159 ι
1679 3108 1783 3162 Sed
1819 3109 1869 3160 iu
1905 3108 2017 3177 lege

439 3208 684 3272 Domini;
723 3224 741 3257 ι
786 3214 838 3259 et
882 3205 934 3257 in
987 3204 1122 3257 hoc:
1183 3222 1199 3252 ι
1232 3200 1498 3267 Quoniam
1552 3199 1704 3253 novit
1760 3198 2015 3254 Dominus

436 3300 583 3352 viam
607 3296 912 3365 justorum;
942 3313 961 3345 ι
1000 3303 1056 3347 et
1088 3307 1266 3346 nunc:
1305 3308 1321 3340 ι
1349 3292 1620 3345 Adversus
1654 3290 1934 3343 Dominum
1964 3298 2018 3343 et

440 3390 704 3442 adversus
723 3386 998 3442 Christum
1032 3382 1170 3451 ejus.
1202 3401 1222 3434 ›
1257 3382 1595 3436 llludautem
1618 3381 2017 3435 observandum

440 3490 525 3536 est
565 3480 915 3552 Septuaginta
949 3488 1004 3533 el
1037 3478 1468 3533 Theodotioncm
1511 3477 1694 3531 omnia
1728 3477 1781 3531 in
1827 3486 2019 3545 prwte-

442 3574 546 3625 rito
568 3571 909 3640 exprimere;
945 3568 1194 3638 Aquilam
1239 3582 1370 3622 vero
1411 3567 1571 3622 modo
1599 3568 1651 3621 in
1702 3566 1978 3636 praeterito
2002 3604 2016 3628 .

440 3664 602 3719 modo
631 3664 683 3717 in
712 3662 929 3727 futuro;
961 3660 1346 3730 Symmachum
1378 3668 1560 3714 autem
1585 3660 1770 3714 omnia
1803 3659 1854 3712 in
1886 3674 2025 3728 pra:-

442 3756 580 3811 senti
614 3754 881 3826 proferre.
917 3752 1107 3808 Solent
1138 3754 1341 3822 quippe
1386 3749 1744 3822 Septuaginta
1778 3765 2025 3820 smpenu-

440 3863 593 3903 mero
622 3860 741 3916 quae
770 3844 931 3917 540
958 3844 1025 3899 de
1052 3843 1275 3898 Christo
1307 3842 1563 3911 praedicta
1591 3850 1737 3905 sunt,
1771 3855 1833 3895 ea
1866 3840 2021 3908 quasi

436 3940 549 4007 jam
591 3938 988 4009 contigissent,
1022 3935 1334 3999 enuntiare,
1368 3941 1425 3987 ut
1455 3933 1505 3986 in
1540 3931 1631 3987 illo
1662 3933 1705 3964 ³⁷
1735 3950 1747 3985 :
1796 3950 1814 3982 ι
1849 3932 2023 3985 Dede-

446 4041 567 4086 runt
614 4032 667 4085 in
697 4044 878 4085 escam
935 4042 1115 4080 meam
1166 4025 1273 4088 fel,
1301 4034 1357 4077 et
1395 4022 1449 4075 in
1502 4021 1591 4075 siti
1638 4037 1755 4075 mea
1799 4030 2024 4091 potaved

445 4134 570 4175 runt
604 4138 688 4174 me
744 4128 923 4172 aceto.
962 4116 1273 4169 Diviserttnt
1330 4113 1432 4165 sihi
1489 4113 1806 4165 vestimenta
1861 4126 2021 4173 mea,

444 4224 499 4267 et
519 4228 679 4283 super
713 4220 920 4263 vestem
945 4222 1118 4262 meam
1158 4206 1423 4260 miserunt
1464 4213 1665 4257 sortem
1696 4204 1760 4256 ³⁸.
1799 4221 1817 4255 ι
1845 4204 1909 4256 Ει
1931 4203 1974 4234 ⁸⁹
2008 4220 2022 4256 :

451 4325 469 4355 ι
498 4303 733 4372 Populus
765 4316 924 4370 quem
951 4316 1052 4353 nun
1085 4297 1332 4367 cognovi,
1357 4296 1583 4351 servivit
1616 4295 1771 4359 mihi,
1792 4297 1843 4348 in
1872 4296 2027 4347 audi-

446 4410 501 4449 tu
551 4397 698 4450 auris
741 4396 979 4449 obedivit
1029 4393 1183 4447 tnihi.
1220 4412 1235 4441 ι
1288 4393 1639 4447 Arbitramur
1694 4402 1875 4446 autem
1930 4404 2025 4445 eos

2115 561 2208 613 καὶ
2245 562 2623 632 παραστάντες
2655 563 2747 614 ἐπὶ
2784 562 2845 614 τὸ
2867 562 3016 622 αὐτὸ,
3055 562 3146 613 καὶ
3174 562 3544 632 συναχοέντες
3569 564 3751 631 ἅμα,

2114 653 2491 723 ὲνηργήθησαν
2526 654 2622 723 μὲν
2648 652 2725 723 τῷ
2754 653 2929 705 δοκεῖν
2962 651 3100 705 κατὰ
3121 652 3215 705 τοῦ
3243 652 3490 723 Χριστοῦ
3519 658 3749 723 μόνου,

2114 742 2420 812 λελόγισται
2458 745 2515 797 δὲ
2549 745 2736 807 αὐτοῖς
2781 745 2810 797 ὃ
2852 744 3182 813 πεποιήκασι
3220 745 3530 814 πρότερον,
3572 746 3753 796 κατὰ

2112 834 2209 886 τοῦ
2246 836 2477 907 Πατρός.
2533 837 2623 888 Διὸ
2655 836 2870 904 λέγεται
2906 834 3078 887 ταῦτα
3110 834 3303 897 αὐτοὺς
3330 837 3751 905 πεποιηκέναι

2118 946 2136 976 ε
2167 927 2307 979 κατὰ
2351 928 2444 980 τοῦ
2492 928 2697 999 Κυρίου
2742 928 2834 980 καὶ
2878 926 3018 980 κατὰ
3050 921 3141 978 τοῦ
3184 927 3421 996 Χριστοῦ
3450 926 3681 978 αὑτοῦ-
3722 947 3745 977 ι

2114 1022 2225 1072 Οὐκ
2254 1019 2543 1088 ἀγνοητέον
2572 1020 2627 1072 δὲ
2659 1018 2786 1089 περὶ
2829 1018 2920 1071 τοῦ
2958 1018 3367 1087 ὲκφωνουμένου
3409 1018 3582 1088 παρὰ
3625 1021 3749 1087 μὲν

2116 1108 2339 1179 Ἕλλησι
2368 1113 2432 1179 τῇ
2468 1128 2483 1158 ι
2508 1109 2708 1178 Κύριος
2732 1128 2749 1158 ι
2780 1108 3139 1180 προσηγορίᾳ,
3171 1106 3321 1177 παρά
3339 1107 3395 1159 δὲ
3425 1108 3750 1177 Ἑϐραίοις

2114 1202 2177 1270 τῇ
2216 1218 2232 1249 r
2273 1199 2513 1252 Ἀδωναΐ.
2550 1221 2567 1249 ι
2622 1200 2761 1251 Δέκα
2810 1198 2915 1269 γὰρ
2970 1198 3199 1267 ὀνόμασι
3242 1198 3370 1267 παρ’
3417 1197 3746 1268 Ἑϐραί⁰²ἶ

2112 1290 2433 1361 ὀνομάζεται
2464 1295 2491 1343 ὁ
2517 1293 2670 1353 Θεὸς,
2694 1285 2768 1343 ὧν
2796 1292 2943 1343 ἐστιν
2961 1289 3018 1342 ἓν
3048 1289 3109 1341 τὸ
3130 1307 3149 1339 ι
3174 1288 3452 1352 Ἀδωναῖ,›
3480 1289 3595 1341 καὶ
3628 1292 3744 1357 ἑρ-

2117 1388 2406 1453 μηνεύεται
2467 1403 2481 1432 ι
2512 1384 2734 1453 Κύριος.
2766 1407 2779 1431 ι
2828 1380 2939 1433 Καὶ
2989 1381 3136 1433 ἔστιν
3173 1381 3306 1432 ὅπου
3364 1379 3606 1447 λέγεται
3668 1380 3743 1432 τὸ

2120 1494 2136 1523 ι
2163 1473 2386 1526 Ἀδωναῒ
2426 1494 2442 1524 ι
2474 1475 2600 1542 παρ’
2641 1474 2946 1542 Ἑϐραίοις,
2993 1474 3084 1524 καὶ
3133 1472 3260 1541 παρ’
3283 1469 3513 1540 Ἕλλησι
3563 1488 3585 1518 σ
3615 1468 3747 1520 Κύ-

2115 1583 2247 1635 ριος,
2266 1586 2282 1615 ι
2304 1568 2399 1636 τῆς
2424 1565 2617 1629 λέξεως
2637 1567 2735 1635 τῆς
2757 1564 3150 1635 γεγραμμένης
3172 1564 3229 1616 ἐν
3247 1566 3308 1634 τῇ
3330 1562 3521 1633 Γραφῇ
3550 1563 3740 1615 ταῦτα

2113 1657 2581 1725 ἁπαγγελλούτης.
2624 1656 2778 1708 Ἔστι
2812 1657 2867 1708 δὲ
2902 1656 2989 1708 ὅτε
3015 1654 3076 1706 τὸ
3122 1653 3237 1723 Ἰαὴ
3266 1654 3440 1705 κεῖται
3463 1694 3478 1715 ,
3516 1656 3734 1719 ἐκφω-

2114 1747 2281 1797 νεῖται
2304 1744 2360 1797 δὲ
2393 1746 2457 1814 τῇ
2486 1763 2501 1792 ι
2524 1742 2726 1814 Κύριος
2749 1764 2767 1794 ι
2789 1743 3129 1815 προσηγορίᾳ
3157 1743 3285 1813 παρ’
3310 1743 3563 1813 Ἕλλησι.
3601 1743 3734 1794 εὶς-ς

2114 1836 2175 1886 οὐ
2216 1837 2345 1906 παρ’
2391 1835 2680 1905 Ἑϐραίοις,
2710 1836 2785 1897 ὡς
2817 1837 2875 1888 ἐν
2912 1834 3017 1905 τῷ·
3054 1854 3071 1885 ι
3101 1835 3305 1888 Αἰνεῖτε
3347 1836 3439 1887 τὸν
3474 1837 3733 1905 Κύριον,

2118 1925 2197 1977 ὅτι
2250 1925 2450 1992 ἀγαθὸς
2482 1925 2713 1995 ψαλμός.
2752 1944 2770 1977 ›
2803 1924 3023 1992 Κύριον
3063 1926 3171 1996 γὰρ
3203 1924 3391 1977 ἐνθάδε
3436 1926 3562 1977 ἀντὶ
3623 1926 3734 1977 τοῦ

2132 2013 2246 2080 Ἰαῖι
2276 2014 2513 2085 εἴρηκεν.
2557 2018 2665 2069 Καὶ
2713 2015 2859 2067 ἔστιν
2902 2016 2935 2084 ἡ
2976 2017 3119 2086 ἀρχὴ
3162 2015 3255 2068 τοῦ
3314 2016 3537 2086 ψαλμοῦ
3576 2020 3731 2085 παρ’

2132 2107 2405 2178 Ἑϐραίοις
2439 2106 2808 2177 «Ἀλληλυύῖω
2839 2128 2857 2159 ι
2895 2109 3010 2161 ἔστι
3042 2108 3099 2161 δέ
3131 2125 3182 2161 τι
3211 2110 3733 2180 τετραγράμματον

2119 2198 2500 2269 ἀνεκφώνητον
2530 2200 2658 2266 παρ’
2697 2200 2897 2263 αὐτοῖς,
2933 2201 3069 2270 ὅπερ
3096 2201 3191 2253 καὶ
3220 2201 3312 2252 ἐπὶ
3343 2200 3436 2252 τοῦ
3470 2202 3729 2255 πετάλου

2118 2289 2215 2342 τοῦ
2244 2288 2448 2359 χρυσοῦ
2482 2290 2578 2341 τοῦ
2617 2290 2918 2360 ἀρχιερέως
2953 2290 3386 2362 ἀναγέγραπται,
3422 2294 3521 2345 καὶ
3548 2293 3725 2361 λέγε-

2118 2397 2208 2433 ται
2244 2381 2339 2449 μὲν
2370 2383 2436 2450 τῇ
2478 2398 2494 2429 ι
2516 2380 2744 2434 Ἄδωναῖ
2772 2399 2790 2431 ›
2828 2381 3190 2451 προσηγορίᾳ,
3226 2382 3347 2451 οὐχὶ
3379 2382 3571 2433 τούτου
3609 2400 3717 2449 γε-

2120 2470 2437 2541 γραμμένου
2480 2472 2537 2521 ἐν
2572 2471 2649 2539 τῷ
2677 2470 3151 2542 τετραγραμμάτῳ
3171 2486 3185 2498 ’
3214 2470 3361 2541 παρὰ
3386 2468 3443 2522 δὲ
3479 2470 3717 2539 Ἕλλησι

2119 2560 2189 2627 τῇ
2226 2576 2241 2605 ι
2270 2558 2472 2627 Κύριος
2505 2578 2520 2607 ι
2557 2561 2903 2626 ἐκφωνεῖται.
2938 2560 3047 2611 Καὶ
3070 2562 3127 2612 ὲν
3148 2563 3259 2623 τοῖς
3294 2560 3717 2631 ἀκριϐεστέροις

2121 2647 2177 2700 δὲ
2222 2647 2331 2700 τῶν
2375 2649 2723 2720 ἀντιγράφων
2760 2650 3033 2721 Ἑϐραίοις
3062 2653 3404 2723 χαρακτῆρσι
3436 2656 3610 2704 κεῖται
3642 2655 3714 2705 τὸ

2120 2739 2290 2809 ὄνομα
2312 2779 2325 2803 ,
2370 2740 2676 2811 Ἐὅραῖκοῖς
2699 2740 2753 2794 δὲ
2784 2744 2843 2794 οὐ
2876 2746 2987 2805 τοῖς
3019 2743 3136 2805 νῦν,
3177 2742 3315 2795 ἀλλὰ
3342 2747 3451 2806 τοῖς
3480 2746 3711 2815 ἀρχαιο-

2122 2832 2323 2894 τάτοις.
2359 2831 2494 2884 Φασὶ⁵
2528 2832 2634 2902 γὰρ
2667 2833 2757 2886 τὸν
2783 2834 3017 2901 ’Ἑσδραν
3043 2836 3102 2886 ὲν
3128 2838 3193 2904 τῇ
3225 2835 3566 2906 αἰχμαλωσίᾳ
3586 2838 3708 2887 ἐτέ-

2125 2937 2252 2990 ρους
2285 2922 2466 2986 αὐτοῖς
2488 2924 2842 2994 χαρακτῆρας
2874 2925 3023 2996 παρὰ
3050 2928 3175 2989 τοὺς
3199 2928 3495 2998 πρστὲρονς
3520 2945 3707 2998 παρα-

2121 3011 2429 3066 δεδωκέναι.
2460 3014 2676 3067 Τούτων
2706 3015 2760 3067 δὲ
2797 3017 3245 3088 ὑπεμνήσθημεν,
3270 3021 3383 3072 ἐπεὶ
3411 3018 3465 3070 τὸ
3496 3035 3697 3088 τετραο

2124 3105 2450 3175 γράμματον
2472 3106 2547 3169 ὡς
2577 3127 2594 3155 ι
2622 3107 2826 3178 Κύριος
2854 3128 2873 3159 ι
2899 3112 3071 3161 κεῖται
3103 3109 3161 3164 ὲν
3192 3111 3274 3181 τῷ
3292 3129 3307 3145 ο
3341 3131 3358 3161 ι
3394 3110 3521 3163 Ἀλλ’
3549 3110 3582 3181 ἦ
3623 3114 3687 3163 ἐν

2119 3195 2268 3263 νόμῳ
2290 3196 2548 3266 Κυρίου·›
2572 3196 2663 3249 καὶ
2688 3198 2746 3249 ἐν
2771 3196 3036 3267 τῴ·ι”οτι
3066 3200 3324 3267 γινώσκει
3360 3201 3542 3270 Κύριος
3568 3201 3692 3255 ὁδὸν

2118 3286 2394 3340 δικαίωνη
2430 3288 2525 3339 καὶ
2558 3287 2674 3341 νῦν⁹
2714 3306 2732 3338 ι
2756 3289 2913 3343 Κατὰ
2944 3289 3036 3342 τοῦ
3068 3292 3275 3363 Κυρίου
3307 3294 3399 3345 καὶ
3436 3293 3570 3345 κατὰ
3600 3292 3699 3346 τοῦ

2120 3374 2355 3444 Χριστοῦ
2384 3377 2568 3428 αὑτοῦ.
2606 3396 2622 3425 ι
2658 3376 2828 3429 Τοῦτο
2852 3375 2908 3429 δὲ
2936 3379 3375 3449 παρατηρητέον,
3410 3381 3490 3432 ὅτι
3519 3381 3563 3431 οἱ
3605 3380 3703 3450 μὲν

2134 3467 2535 3537 Ἑϐδομήκοντα
2563 3468 2656 3520 καὶ
2680 3470 2708 3519 ὁ
2731 3467 3021 3521 Θεοδοτίων
3046 3470 3222 3522 πάντα
3245 3472 3325 3533 είς
3344 3471 3435 3523 τὸν
3468 3472 3706 3541 παρελη-

2121 3558 2319 3613 λυθότα
2349 3560 2559 3630 χρόνον,
2605 3560 2833 3623 Ἀκύλας
2864 3559 2921 3612 δὲ
2964 3560 2999 3614 ἂ
3037 3562 3136 3631 μὲν
3164 3564 3243 3624 είς
3275 3563 3367 3615 τὸν
3402 3563 3709 3632 παρεληλυ-

2124 3653 2273 3716 θότα,
2310 3654 2345 3707 ἃ
2372 3655 2427 3706 δὲ
2466 3655 2543 3717 είς
2569 3655 2659 3706 τὸν
2700 3655 2978 3724 μέλλοντα,
3007 3654 3300 3725 Σύμμαχος
3332 3656 3390 3708 δὲ
3430 3657 3602 3709 πάντα
3628 3660 3707 3719 εἰς

2123 3750 2213 3802 τὸν
2236 3750 2562 3820 ἐνεστηκότα
2584 3749 2798 3815 ἔταξαν.
2824 3749 2982 3812 Ἐθος
3012 3749 3121 3819 γὰρ
3151 3752 3263 3811 τοῖς
3308 3748 3709 3821 Ἐεδομήκοντα

2127 3840 2385 3904 πολλάκις
2417 3841 2516 3903 τὰς
2558 3841 2684 3911 περὶ
2720 3841 2959 3912 Χριστοῦ
2995 3840 3331 3912 προφητείας
3359 3843 3435 3904 ὡς
3468 3844 3566 3912 ἥδη
3615 3860 3711 3910 γε·

2124 3926 2355 3996 νομένας
2378 3924 2738 3993 ἀπαγγέλλειν
2759 3941 2772 3954 ο
2802 3924 3051 3995 καθάπερ
3082 3927 3139 3977 ὲν
3159 3924 3236 3994 τῷ
3256 3942 3271 3955 ’
3310 3944 3327 3975 ι
3352 3926 3596 3979 Ἔδωκαν
3628 3931 3711 3988 εἰς

2125 4020 2185 4072 τὸ
2219 4018 2415 4089 βρῶμά
2442 4036 2541 4087 μου
2566 4017 2748 4087 χολὴν,
2773 4018 2867 4068 καὶ
2892 4019 2969 4079 εἰς
2998 4016 3096 4086 τὴν
3122 4016 3280 4085 δίψαν
3318 4034 3419 4087 μου
3451 4019 3707 4070 ὲπὸτισάν

2130 4129 2198 4181 με
2232 4111 2383 4174 ὅξοςι
2427 4109 2803 4180 διεμερίσαντο
2852 4108 2922 4161 τὰ
2970 4108 3161 4178 ἱμάτιά
3194 4127 3295 4178 μου
3336 4113 3580 4175 ἑαυτοῖς,
3612 4112 3713 4164 καὶ

2128 4205 2221 4256 ἐπὶ
2248 4204 2339 4256 τὸν
2360 4202 2650 4271 ἱματισμόν
2683 4218 2783 4271 μου
2818 4200 3006 4253 ἔϐαλον
3024 4201 3414 4273 κλῆρον.»Καί·
3442 4202 3614 4265 «me;
3648 4202 3710 4254 ὃν

2127 4295 2227 4346 οὑκ
2260 4293 2452 4361 ἔγνων,
2480 4291 2757 4345 ἐδούλευσε
2790 4309 2901 4361 μοι,
2944 4293 3023 4355 είς
3046 4293 3213 4363 ἀκοὴν
3244 4293 3405 4345 ὠτίου
3433 4293 3713 4363 ὑπήκουσέ

2134 4404 2243 4457 μοι.
2279 4406 2296 4437 ι
2336 4384 2575 4454 Οίόμεοα
2606 4383 2664 4435 δὲ
2699 4384 2915 4445 αὐτοὺς,
2956 4383 3033 4453 τῷ
3082 4384 3174 4437 τὸν
3230 4385 3362 4437 Θεὸν
3409 4386 3607 4437 εἰδέναι
3640 4387 3712 4437 τὰ

447 4490 569 4559 quia
607 4491 750 4543 Deus
798 4490 947 4541 novit
994 4488 1179 4541 omnia
1224 4498 1513 4555 antequam
1554 4486 1721 4548 fiant,
1758 4486 1877 4539 ideo
1906 4500 2016 4553 qua

2132 4479 2308 4531 πάντα
2344 4477 2471 4547 πρὶν
2502 4474 2769 4545 γενέσεως
2794 4475 2994 4536 αὐτῶν,
3020 4474 3115 4526 καὶ
3148 4473 3238 4525 τὸν
3266 4476 3498 4545 Χριστὸν
3520 4474 3709 4536 αὑτοῦ,

448 4586 513 4635 ad
544 4582 819 4636 Christum
856 4581 1131 4648 pertinent
1163 4591 1216 4632 et
1256 4594 1375 4647 qua:
1408 4579 1457 4630 iu
1493 4578 1865 4631 incarnatione
1906 4576 2022 4642 ejus

448 4676 627 4729 futura
662 4682 852 4738 erant,
888 4673 1071 4726 dicere
1098 4711 1113 4735 ,
1144 4672 1286 4739 quod
1318 4680 1706 4738 reputarentur
1736 4670 1845 4736 jam
1880 4669 2024 4721 acci-

450 4769 595 4821 disse
624 4767 672 4819 ei
705 4765 793 4834 qui
823 4766 934 4819 haec
961 4765 1041 4817 vel
1075 4764 1159 4816 illa
1193 4778 1452 4831 passurus
1482 4770 1621 4814 erat.
1662 4760 1835 4814 Simili
1867 4762 2025 4814 modo

449 4870 497 4913 et
528 4855 763 4927 Spiritus
800 4864 1044 4919 sanctus,
1080 4857 1122 4909 si
1158 4854 1285 4922 quid
1329 4853 1395 4906 de
1440 4852 1529 4903 illo
1581 4853 1937 4920 pronuntiat,
1974 4851 2023 4903 id

451 4958 706 5015 tanquam
734 4948 786 4999 in
811 4947 1064 5014 prwscnti
1099 4944 1277 4998 elicit.
1312 4942 1424 4995 Non
1459 4942 1559 4995 hoc
1586 4948 1762 4993 autem
1792 4940 2023 4994 dicimus

452 5038 606 5104 quasi
653 5050 917 5102 nusquam
950 5036 1000 5088 in
1032 5033 1213 5087 iuturo
1238 5043 1475 5101 tempore
1503 5033 1883 5100 exprimantur
1907 5047 2026 5098 qua:

454 5130 518 5182 de
543 5143 607 5183 eo
630 5132 1016 5197 praedicuntur.
1060 5147 1078 5177 ε
1106 5126 1245 5181 Ecce
1266 5144 1287 5176 ι
1319 5126 1487 5189 enim,
1521 5124 1698 5193 inquit
1719 5123 1783 5187 ‘°,
1818 5142 1835 5173 ι
1870 5122 2028 5176 intel-

454 5217 581 5285 liget
610 5232 743 5288 puer
774 5232 958 5283 meus,
1009 5227 1063 5271 et
1112 5216 1551 5285 gloritieahitur,
1595 5221 1651 5268 et
1696 5210 2028 5268 exaltabitur

454 5308 630 5371 valde,
658 5327 678 5361 ι
712 5319 815 5364 etc.

530 5400 691 5455 Vens.
722 5404 776 5458 5.
799 5403 1172 5471 Dirumpamus
1208 5399 1417 5454 vincula
1447 5415 1649 5462 eorum,
1688 5410 1792 5453 etc.
1835 5398 2032 5452 Viden-

459 5502 542 5543 tur
577 5496 707 5548 mihi
752 5494 945 5564 angeli,
985 5494 1075 5563 qui
1113 5508 1218 5545 una
1254 5506 1376 5546 cum
1415 5490 1698 5545 Salvatore
1735 5490 2032 5546 descende-

527 5628 572 5660 ³³
601 5625 745 5681 l’sal.
773 5641 952 5691 exui,
991 5626 1038 5680 Ι.
1119 5626 1163 5658 ³⁸
1193 5624 1334 5681 Psal.
1364 5640 1402 5690 ι,
1434 5624 1487 5679 6.

1567 5624 1608 5655 ³⁷
1639 5622 1779 5679 Psal.
1799 5641 1987 5693 Lxuu,
2016 5626 2104 5680 2‘2.

2134 4573 2225 4627 καὶ
2256 4570 2325 4624 τὰ
2360 4574 2416 4623 ὲν
2450 4574 2513 4640 τῇ
2547 4570 2956 4640 ὲνανθρωπήσει
2986 4568 3375 4638 συμϐησόμενα
3408 4568 3592 4638 αὐτῷ,
3623 4569 3712 4621 λέ-

2132 4683 2269 4733 γειν,
2304 4664 2382 4734 τῷ
2410 4661 2717 4731 λελογίσθαι
2751 4660 2889 4714 αὺτά
2916 4660 3014 4731 ἤδη
3050 4661 3331 4728 γεγονέναι
3358 4660 3433 4730 τῷ
3460 4661 3583 4714 τάδε
3615 4662 3715 4713 καὶ

2130 4757 2256 4812 τάδε
2315 4754 2622 4808 πεπονθότι.
2674 4753 2903 4823 Ὁμοίως
2944 4752 2999 4804 δὲ
3047 4754 3141 4804 καὶ
3198 4752 3246 4804 εί
3290 4752 3350 4804 τὸ
3398 4752 3623 4823 Πνεῦμα
3652 4753 3717 4805 τὺ

2135 4853 2286 4919 ἅγιον
2303 4850 2371 4903 τὰ
2391 4849 2518 4920 περὶ
2542 4846 2705 4900 αὐτοῦ
2724 4848 2979 4917 διηγοῖτο,
3012 4844 3201 4916 ὥσπερ
3215 4846 3308 4898 ἐπὶ
3331 4845 3423 4898 τοῦ
3449 4847 3717 4917 παρόντττς

2131 4942 2263 5013 ἔχει.
2299 4943 2373 4994 Οὐ
2407 4939 2564 4993 τοῦτο
2613 4939 2669 4991 δέ
2727 4956 2905 5009 φαμεν
2937 4939 3013 5001 ὡς
3046 4937 3301 4990 οὐδέποτε
3341 4939 3421 5000 είς
3452 4938 3714 5007 μέλλοντα

2131 5038 2321 5107 χρόνον
2368 5032 2758 5103 ἐκκλινομένων
2791 5031 2898 5084 τῶν
2931 5028 3420 5102 προφητευομένων
3450 5031 3555 5083 τῶν
3584 5031 3716 5101 περὶ

2134 5124 2330 5179 αὐτοῦ·
2372 5144 2390 5175 ι
2430 5125 2595 5176 Ἰδοὺ)
2631 5140 2771 5195 γαρ,
2821 5124 2974 5194 φησι,
3022 5141 3041 5173 ι
3068 5124 3288 5192 συνήσει
3322 5124 3351 5176 ὁ
3395 5126 3525 5182 erat;
3567 5139 3667 5190 μου
3696 5161 3711 5182 ,

2136 5220 2231 5272 καὶ
2266 5217 2797 5289 δοξασθήσεται,ηκαὶ
2830 5214 3171 5286 ὑψωθήσεται
3206 5215 3431 5286 σφόδρα,
3465 5234 3483 5266 ι
3513 5215 3608 5267 καὶ
3644 5213 3712 5265 τὰ

2142 5310 2290 5380 ἑξῆς.

2209 5396 2622 5467 Διαῤῥὴξωμεν
2649 5398 2791 5463 τοὺς
2818 5395 3078 5461 δεσμοὺς
3096 5395 3317 5459 αὐτῶν,
3344 5413 3396 5449 κ.
3415 5413 3466 5449 τ.
3486 5396 3533 5447 ὲ.
3555 5395 3712 5447 Δοκεί

2142 5508 2231 5561 μοι
2280 5489 2391 5560 (7:2)
2437 5490 2563 5553 τοὺς
2616 5488 3065 5558 συγκαταὸἀντας
3097 5485 3175 5557 τῷ
3207 5486 3419 5560 Σωτῆρι
3450 5486 3713 5554 ἀγγέλους

2182 5625 2228 5658 ³⁸
2262 5623 2405 5678 Psal.
2437 5638 2549 5690 tm,
2578 5624 2663 5679 i9.
2742 5624 2785 5659 "
2811 5622 2954 5680 Psal.
2982 5637 3110 5684 xm,
3132 5622 3221 5676 45.
3303 5622 3345 5654 ⁸ο
3371 5621 3475 5677 lsa.
3502 5635 3597 5688 ιιι,
3622 5620 3709 5676 t3.

534 5767 646 5841 (72)
675 5764 979 5835 Δοκεῑμοι,
1006 5774 1112 5821 etc.
1162 5764 1202 5817 E
1236 5766 1448 5820 schcdis
1482 5763 1664 5819 Grabii
1713 5774 1762 5817 et
1814 5763 2000 5819 codice
2032 5762 2382 5819 Coisiiniauo.
