4058 6244
352 402 498 458 1105

1349 394 1657 450 SELECTA
1699 394 1763 450 IN
1805 393 2149 450 PSALMOS.
2186 424 2255 434 —
2286 392 2480 448 PSAL.
2525 391 2587 446 ll.

3477 389 3613 445 H08

350 521 801 592 ἀγανακτοῦντας
851 521 946 574 ἐπὶ
993 523 1058 591 τῇ
1114 519 1234 574 κατ’
1277 520 1448 575 αὐτοῦ
1473 519 1731 591 ἐπιϐουλῇ
1783 519 1921 590 βασι-

2045 527 2197 582 rant,
2237 515 2626 585 iudignabnndi
2664 515 2732 568 ob
2762 513 3112 569 iuvisibilinm
3150 529 3334 582 regunt
3367 529 3429 566 ar.
3473 514 3616 582 prin-

352 615 496 666 λέων
519 615 612 666 καὶ
636 616 911 684 ἀρχόντων
950 612 1058 665 τῶν
1095 611 1343 683 ἀοράτων
1369 612 1648 684 εἰρηκέναι
1674 612 1798 675 τοὺς
1820 611 1940 664 τέσ-

355 719 536 772 σαρας
577 701 822 774 πρώτους
867 701 1116 772 στίχους,
1161 703 1277 772 ἅμα
1316 701 1408 755 καὶ
1446 702 1853 775 ἐπαποροῦντσς
1887 703 1938 754 τί

347 792 555 862 δήποτε
606 792 778 848 ταῦτα
821 792 1049 860 γίνεται.
1092 787 1201 844 Εἶτ’
1238 791 1469 862 ἐπείπερ
1503 789 1656 843 αὐτοὶ
1696 786 1837 862 ἦσαν
1888 793 1936 844 οἱ

349 883 483 946 τοὺς
513 883 832 954 ἀνθρώπους
861 884 1142 953 δήσαντες,
1181 883 1276 936 καὶ¹
1303 881 1392 936 τὸν
1424 882 1632 936 ἑαυτῶν
1659 883 1937 949 ἐπιθέντες

351 971 541 1032 αὐτοῖς
565 968 748 1038 ζυγὸν,
777 971 1133 1042 ἀποκρίνεται
1164 969 1301 1038 πρὸς
1329 970 1452 1034 τοὺς
1483 970 1788 1039 ἀγγέλουςὸ
1815 973 1936 1036 Υἱὸς

348 1060 450 1112 τοῦ
478 1060 634 1125 Θεοῦ,
660 1063 984 1134 προτρέπων
1016 1062 1212 1124 αὐτοὺς
1251 1063 1344 1115 ἐπὶ
1371 1062 1431 1115 τὸ
1461 1061 1804 1134 μιμήσασθαι
1833 1065 1933 1118 αύ-

345 1153 447 1204 τὸν
505 1155 775 1224 ῥηγνύντα
821 1157 948 1218 τοὺς
990 1155 1222 1225 δεσμοὺς
1269 1155 1376 1208 τῶν
1422 1155 1784 1226 ἁμαρτωλῶν,
1840 1156 1934 1210 καὶ

347 1243 797 1314 ἀπορριπτοῦντα
828 1245 920 1298 τὸν
955 1243 1119 1313 ζυγὸν
1158 1245 1355 1299 αὐτῶν.
1401 1245 1790 1316 Διαρρήξωμεν
1839 1247 1934 1300 καὶ

346 1333 514 1400 ἡμεῖς
541 1333 666 1397 τοὺς
692 1335 924 1406 δεσμοὺς
961 1329 1043 1397 οἷς
1079 1335 1339 1406 ἐδέθημεν
1377 1336 1780 1406 ἁμαρτάνοντες
1803 1377 1817 1400 ,
1851 1338 1931 1389 ὅτι

349 1424 561 1491 σειραῖς
587 1423 693 1476 τῶν
727 1423 917 1477 ἑαυτοῦ
944 1424 1226 1495 ἁμαρτιῶν
1242 1424 1470 1488 ἕκαστος
1493 1425 1801 1494 σφίγγεται.
1825 1428 1932 1481 Καὶ

342 1511 492 1582 τάχα
524 1517 770 1585 κρεῖττον
798 1517 858 1568 τὸ
891 1515 1180 1587 διαρρῆξαι
1210 1517 1335 1579 τοὺς
1366 1516 1599 1587 δεσμοὺς
1623 1557 1637 1581 ,
1673 1517 1748 1581 ὡς
1782 1519 1930 1589 Σαμ-

339 1600 488 1670 ψὼν,
521 1603 615 1656 τοῦ
645 1604 805 1659 λῦσαι
836 1606 1055 1668 αὐτοὺς,
1086 1606 1160 1669 ὡς
1193 1607 1410 1660 λέλυται
1439 1607 1540 1677 τῆς
1577 1609 1930 1682 Ἰερουσαλὴμ

342 1695 376 1762 ὴ
415 1695 690 1766 ἀμαρτίω
722 1697 804 1748 ὃτι
835 1695 1048 1760 ἐδέξατο
1090 1700 1154 1751 ἐκ
1187 1699 1366 1770 χειρὸς
1414 1701 1618 1770 Κυρίου
1666 1700 1830 1755 διπλᾶ
1863 1702 1928 1756 τὰ

2042 610 2222 678 cipum
2270 619 2456 661 contra
2489 605 2768 661 Christum
2816 605 3064 668 insidias,
3096 606 3302 672 primos
3327 604 3457 657 istos
3481 620 3615 670 qna-

2043 710 2162 754 tuor
2195 699 2492 754 versiculos
2521 697 2930 768 pronuntiasse,
2965 706 3020 750 et
3048 696 3205 750 simul
3237 695 3613 748 subdubilasse

2041 791 2105 845 ad
2133 792 2264 860 quid
2292 791 2390 844 ista
2425 791 2637 843 lierent.
2676 787 2876 842 Deinde
2907 787 3165 856 quoniam
3203 786 3301 852 ipsi
3335 795 3490 838 erant
3519 785 3609 854 qui

2040 881 2286 935 homines
2314 878 2572 950 ligabaut,
2600 887 2656 933 et
2686 893 2840 932 suum
2870 876 3204 946 ipsisjugum
3239 877 3608 945 imponebant,

2037 973 2111 1026 ait
2134 972 2200 1025 ad
2235 972 2456 1040 angelos
2490 986 2616 1026 suos
2645 969 2816 1024 Filius
2845 968 2962 1033 Dei,
2999 969 3296 1022 adhortans
3327 963 3439 1027 eo's',
3469 981 3525 1020 ιιι
3554 983 3612 1022 se

2038 1064 2381 1117 imitarentur
2415 1061 2630 1116 vincula
2663 1069 3010 1129 peccatorum
3056 1059 3481 1128 disrumpentem
3511 1099 3526 1123 ,
3556 1070 3612 1114 et

2030 1155 2216 1224 jugmn
2253 1154 2492 1223 ipsorum
2539 1151 2942 1221 projicientem.
2979 1150 3362 1218 Dirnmpamns
3408 1158 3462 1204 et
3513 1165 3612 1203 nos

2036 1245 2248 1298 vincula
2275 1282 2290 1306 ,
2334 1245 2531 1312 quibus
2571 1251 2861 1312 peccantes
2907 1240 3053 1311 ligati
3103 1256 3311 1306 sumus,
3349 1241 3608 1308 quoniam

2036 1335 2256 1390 funibus
2288 1344 2636 1403 peccatorum
2669 1348 2891 1386 suormn
2927 1334 3157 1402 quisque
3197 1333 3608 1400 constringitur.

2037 1427 2102 1480 Et
2143 1427 2282 1481 forte
2313 1435 2535 1497 przestat
2590 1425 2875 1481 confestim
2926 1426 3140 1480 vincula
3176 1426 3517 1493 disrumpere
3551 1434 3608 1478 ut

2035 1517 2284 1581 Samson,
2306 1532 2475 1585 quam
2508 1516 2826 1578 dissolvere,
2859 1514 2997 1568 sicut
3044 1523 3323 1584 peccatum
3357 1512 3611 1567 Hieroso-

2031 1607 2188 1679 lyma:
2217 1609 2450 1664 solutum
2485 1607 2624 1673 fuit;
2659 1607 2913 1677 quoniam
2951 1607 3154 1672 recepit
3189 1606 3256 1660 de
3301 1622 3464 1658 manu
3509 1606 3609 1659 Do-

2033 1700 2161 1754 mini
2196 1700 2431 1770 duplicia
2459 1707 2692 1770 peccata
2727 1715 2845 1753 sua.
2877 1697 2980 1764 Qui
3019 1713 3146 1751 vero
3174 1697 3488 1765 praedictum
3518 1697 3609 1766 ju-

340 1786 721 1856 ἁμαρτήματα
750 1787 941 1858 αὐτῆς.
980 1789 1037 1840 Ὀ
1066 1789 1122 1841 δὲ
1151 1789 1460 1859 ἀπορρίψας
1491 1790 1583 1860 ἀφ’
1613 1793 1806 1847 ἑαυτοῦ
1835 1794 1921 1848 τὸν

2029 1809 2156 1863 gum
2189 1808 2218 1846 a
2247 1808 2305 1846 se
2334 1791 2569 1861 proiicit,
2607 1800 2780 1861 potest
2814 1805 2984 1846 suave
3015 1788 3137 1844 Jesu
3169 1790 3357 1860 jugum
3399 1791 3603 1851 tollere,

340 1873 744 1941 προειρημένον
776 1874 941 1942 ζυγὸν
986 1875 1205 1930 δύναται
1260 1879 1494 1949 χρηστὸν
1545 1881 1718 1950 Ἰησοῦ
1765 1883 1921 1953 ζυγὸν

2029 1862 2080 1936 et
2130 1884 2244 1936 leve
2286 1883 2454 1951 ipsius
2487 1898 2624 1937 onus
2662 1883 2834 1945 ferre,
2867 1893 2922 1936 et
2957 1883 3073 1936 fieri
3125 1882 3404 1952 subjugale
3446 1881 3602 1951 ejus:

339 1955 495 2029 ἆραι,
527 1963 623 2015 καὶ
656 1963 842 2037 φέρειν
875 1966 936 2018 τὸ
967 1966 1200 2040 ἐλαφρὸν
1230 1969 1394 2022 αὐτοῦ
1429 1973 1669 2042 φορτίον,
1706 1976 1797 2028 καὶ
1832 1993 1924 2044 γε-

339 2048 532 2102 νέσθαι
563 2051 853 2121 ὑποζύγιον
881 2053 1079 2107 αὑτοῦ·
1111 2057 1202 2111 καὶ
1234 2055 1454 2112 λύσουσι
1482 2058 1575 2112 τὸν
1609 2058 1805 2131 δεσμὸν
1830 2062 1926 2114 αύ-

338 2139 438 2192 τοῦ
463 2143 512 2193 οί
539 2141 798 2214 μαθηταί.

423 2233 559 2286 Τότε
592 2235 854 2304 λαλήσει
886 2236 1038 2305 πρὸς
1065 2238 1288 2305 αὐτοὺς
1318 2241 1390 2293 ἐν
1413 2240 1561 2310 ὀργῇ
1593 2243 1799 2308 αὐτοῦ,
1824 2244 1924 2298 καὶ
1955 2303 1960 2308 _

336 2323 414 2374 ἐν
462 2321 540 2388 τῷ
581 2325 745 2392 θυμῷ
780 2326 967 2380 αὑτοῦ
1012 2328 1253 2395 ταράξει
1305 2333 1551 2398 αὐτούς,
1596 2350 1648 2386 κ.
1680 2351 1729 2388 τ.
1765 2335 1810 2386 ἐ.
1859 2336 1920 2388 Ol

338 2413 488 2480 λόγοι
527 2412 636 2466 τῶν
665 2415 907 2471 ἀπειλῶν
941 2417 1076 2488 (75),
1101 2419 1249 2489 λόγοι
1293 2423 1430 2475 εἰσὶν
1459 2424 1517 2475 ἐν
1554 2425 1692 2496 ὀργῇ
1739 2427 1920 2494 ἀπαγ-

335 2504 675 2575 γελλόμενοι.
722 2507 1088 2578 ’Υπισχνεῖται
1118 2510 1174 2564 δὲ
1206 2513 1235 2564 6
1259 2512 1390 2576 Θεὸς
1423 2517 1774 2586 μετανοήσειν
1813 2518 1921 2572 ἀπὸ

334 2593 446 2648 τῶν
477 2595 663 2648 κακῶν
693 2591 769 2650 ὧν
797 2597 948 2650 λαλεί
973 2600 1067 2653 τοῦ
1098 2601 1353 2671 ποιῆσαι,
1387 2605 1481 2657 ἐὰν
1518 2608 1936 2678 μετανοήσωσιν-

335 2687 386 2737 οἱ
419 2687 725 2751 ἀκούοντες.
769 2689 1025 2761 Ἐλαλησε
1054 2692 1110 2744 δὲ
1134 2695 1192 2746 ἐν
1223 2695 1358 2765 ὀργῇ
1383 2695 1546 2748 αὑτοῦ
1576 2697 1662 2751 διὰ
1703 2699 1856 2752 Ἰωνᾶ
1891 2703 1920 2753 6

331 2778 471 2840 Θεὸς
506 2781 620 2842 τοῖς
659 2780 992 2846 Νινευτταις·
1018 2785 1111 2837 καὶ
1139 2786 1260 2839 ἐπεὶ
1291 2787 1348 2839 ἐν
1386 2787 1574 2859 σάκκῳ
1602 2789 1694 2842 καὶ
1734 2790 1918 2861 σποδῷ

337 2871 703 2941 μετενόησαν,
752 2873 906 2926 οὐδὲν
945 2875 1276 2930 πεπόνθασιν
1316 2871 1390 2933 ὦν
1437 2880 1726 2950 ἀκηκόασι.
1776 2882 1919 2954 Προο

333 2958 600 3025 εγίνωσκέ
624 2978 682 3014 τε
712 2964 740 3015 6
769 2963 920 3028 Θεὸς,
952 2965 1186 3036 πέμπων
1229 2969 1322 3022 τὸν
1365 2970 1567 3038 Ἰωνᾶν,
1592 2972 1688 3044 τὴν
1717 2974 1913 3046 ἐσομέ-

333 3062 432 3116 νην
477 3049 795 3118 μετάνοιανο
827 3054 921 3106 ἐπὶ
955 3057 1199 3129 σωτηρίᾳ
1235 3059 1477 3128 δηλονότι
1503 3062 1664 3118 αὑτὸν
1700 3063 1915 3135 ἔπεμπε

333 3135 438 3254 τὸνλ
468 3138 675 3254 ἰωΪᾶν.
713 3143 866 3214 Τάχα
890 3145 947 3198 δὲ
971 3149 1064 3201 καὶ
1092 3147 1277 3202 ἐνθάδε
1301 3151 1394 3202 ἐπὶ
1425 3154 1668 3226 σωτηρίᾳ
1693 3154 1915 3225 λαλήσει
1942 3195 1986 3254 C

334 3229 471 3298 πρὸς
504 3231 700 3296 αὐτοὺς
730 3238 855 3300 τοὺς
883 3238 1316 3309 ἁμαρτάνοντας,
1357 3244 1416 3294 ἐν
1454 3243 1588 3314 ὀργῇ
1622 3246 1808 3302 αὑτοῦ.
1836 3248 1930 3301 Οὐ.

332 3319 442 3391 γὰρ
488 3317 608 3374 εἷπε
633 3341 646 3355 ·
691 3327 925 3380 Κολάσει
960 3331 1156 3393 αὐτοὺς
1195 3332 1252 3383 ἐν
1285 3332 1421 3403 ὀργῇ
1463 3334 1628 3388 αὑτοῦ
1677 3338 1770 3390 καὶ
1809 3341 1916 3411 μὴν

339 3415 795 3486 μετανοήσαντας.

411 3505 520 3559 Τοῦ
571 3509 780 3563 αὐτοῦ.
823 3511 1078 3580 Διαφέρει
1121 3511 1179 3564 δὲ
1220 3512 1390 3584 θυμὸς
1437 3515 1611 3586 ὀργῆς
1643 3519 1752 3589 (74)
1785 3559 1801 3586 ,
1838 3522 1915 3586 ῶς

334 3610 462 3662 φασι
502 3595 597 3649 καὶ
629 3599 679 3650 ot
711 3599 839 3668 περὶ
873 3598 942 3652 τὰ
979 3600 1215 3669 ὀνόματα
1264 3602 1446 3668 δεινοὶ,
1495 3605 1572 3676 τῷ
1604 3605 1775 3678 θυμὸν
1815 3611 1914 3680 μὲν

332 3680 470 3738 εἶναι
514 3685 686 3758 ὀργὴν
733 3689 1194 3764 ἀναθυμιωμένην
1244 3693 1338 3746 καὶ
1391 3694 1470 3747 ἔτι
1512 3696 1912 3771 ἐκκαιομένην,

331 3776 498 3848 ὀργὴν
533 3776 588 3829 δὲ
617 3777 796 3849 ὄρεξιν
827 3779 1324 3852 ἀντιτιμωρήσεως.
1380 3785 1553 3837 υἱονεὶ
1601 3782 1692 3840 οὖν
1730 3789 1914 3842 ἀτελέ-

334 3881 519 3934 στερος
571 3866 671 3936 τῆς
714 3867 887 3939 ὀργῆς
917 3871 1062 3923 ἐστιν
1097 3871 1126 3922 6
1169 3871 1360 3942 θυμὸς,
1402 3875 1495 3926 καὶ
1537 3875 1636 3948 ἤδη
1680 3878 1816 3949 πρὸς
1851 3881 1913 3934 τὸ

330 3954 676 4027 ἀποτέλεσμα
703 3975 754 4010 τι
794 3960 945 4014 ἐστὶν
969 3963 1000 4030 ἡ
1025 3963 1184 4034 ὀργή.
1230 3964 1546 4018 Ἀκουστέον
1573 3966 1631 4018 δὲ
1674 3969 1772 4040 τῆς
1813 3972 1909 4025 ἀν-

2026 1987 2190 2044 atque
2223 1974 2472 2045 discipuli
2505 1974 2780 2029 vinculum
2814 1975 2981 2045 ipsius
3022 1973 3252 2030 solvent.

2098 2241 2260 2298 Vens.
2302 2241 2356 2296 5.
2395 2241 2542 2294 Tum:
2575 2240 2815 2310 loquetur
2849 2241 2918 2294 ad
2949 2257 3034 2296 eos
3086 2241 3137 2294 in
3170 2240 3252 2293 ira
3293 2256 3388 2292 sua
3413 2280 3426 2304 ,
3471 2249 3519 2293 et
3550 2244 3605 2292 in

2025 2330 2206 2399 furore
2237 2347 2334 2384 suo
2377 2330 2712 2384 conturbabit
2739 2347 2860 2395 eos,
2895 2341 3000 2384 etc.
3041 2329 3336 2384 Sermones
3377 2329 3604 2384 commi-

2025 2419 2218 2472 natorii
2244 2427 2670 2473 suntsermones
2689 2420 2780 2489 qui
2814 2419 2863 2472 in
2893 2420 2967 2472 ira
2997 2417 3434 2488 pronuntiantur.
3466 2417 3603 2470 Mala

2023 2518 2202 2560 autem
2239 2522 2359 2578 qua:
2389 2507 2602 2562 dixerat
2635 2507 2776 2562 Deus
2814 2524 2872 2562 se
2907 2510 3268 2577 irrogatnrum
3291 2549 3304 2573 ,
3336 2507 3606 2576 promittit

2021 2614 2080 2651 se
2117 2607 2558 2663 retractaturum,
2583 2597 2626 2651 si
2654 2599 3031 2667 pumilentiam
3065 2599 3275 2669 egerint
3305 2599 3601 2654 auditores.

2020 2688 2260 2743 Locutus
2292 2700 2374 2743 est
2409 2691 2460 2743 in
2494 2690 2570 2743 ira
2606 2707 2701 2744 sua
2733 2691 2872 2746 Deus
2903 2707 2996 2760 per
3021 2690 3213 2744 lunam
3247 2689 3505 2745 Ninivitis
3533 2691 3599 2756 ";

2019 2791 2072 2835 et
2096 2781 2352 2850 quoniam
2378 2781 2430 2834 in
2459 2797 2620 2838 sacco
2663 2793 2717 2836 et
2745 2782 2928 2837 cinere
2951 2784 3330 2851 pmuitentiaut
3352 2791 3598 2852 egerunt,

2021 2873 2151 2926 nihil
2194 2872 2339 2942 passi
2372 2882 2499 2928 sunt
2533 2889 2722 2928 eorum
2755 2890 2873 2942 qua:
2905 2873 3253 2928 audiverant.
3302 2874 3597 2928 Przescive—

2023 2975 2104 3023 rat
2132 2980 2323 3034 nempe
2348 2965 2507 3032 Deus,
2540 2982 2660 3024 cum
2689 2965 2882 3022 Jonam
2918 2968 3188 3032 mittebat,
3217 2967 3458 3023 facturos
3491 2983 3602 3037 pm-

2021 3056 2303 3112 nitentiam
2349 3056 2619 3126 siquidem
2685 3056 2877 3114 Jonam
2939 3057 3004 3115 iis
3078 3060 3222 3112 misit
3259 3060 3310 3113 in
3347 3060 3597 3115 salutent.

2021 3147 2182 3204 Forte
2215 3163 2346 3204 vero
2377 3149 2543 3202 etiam
2585 3149 2674 3204 hic
2707 3152 2770 3203 ad
2808 3150 3035 3206 salutem
3071 3151 3321 3220 loquetur
3350 3155 3414 3206 ad
3455 3157 3599 3224 ipsos

2019 3251 2339 3308 peccatores
2369 3241 2420 3293 iu
2466 3240 2544 3293 ira
2584 3257 2702 3295 sua.
2730 3240 2844 3294 Non
2884 3243 3030 3296 enim
3065 3243 3239 3296 dixit:
3273 3244 3468 3300 l’uuiet
3503 3262 3598 3303 eos

2019 3331 2073 3384 iu
2111 3331 2189 3384 ira
2225 3346 2344 3396 sua,
2382 3331 2600 3385 etiamsi
2633 3333 3010 3401 pmnilentiam
3044 3335 3276 3403 egerint.

2088 3509 2244 3582 541
2295 3511 2570 3580 Ejusdem.
2624 3510 2892 3567 Cancrum
2926 3513 3078 3568 furor
3107 3515 3188 3584 (ut
3233 3516 3384 3569 aiunt
3427 3518 3593 3586 periti

2017 3601 2319 3672 nominum)
2363 3602 2542 3658 dichrt
2585 3605 2651 3658 ab
2691 3605 2794 3671 ira,
2827 3607 2970 3674 quod
3004 3607 3155 3661 furor
3187 3607 3266 3661 ira
3311 3609 3382 3663 sit
3427 3609 3594 3665 furni-

2015 3709 2150 3762 gans
2172 3705 2226 3749 et
2256 3695 2436 3750 adhuc
2467 3712 2721 3762 accensa,
2755 3699 2831 3750 ira
2861 3714 2987 3752 vero
3016 3701 3278 3769 appetitio
3317 3701 3591 3758 vindictae.

2014 3783 2157 3850 Ergo
2198 3783 2364 3839 veluti
2412 3785 2782 3855 imperfectior
2816 3787 2893 3842 ira
2923 3797 3006 3842 est
3039 3787 3225 3854 furor,
3261 3788 3374 3857 jam
3409 3801 3592 3844 autem

2015 3875 2422 3944 inperfectione
2453 3877 2686 3945 quadam
2714 3887 2801 3931 est
2839 3881 2946 3932 ira.
2998 3878 3150 3934 Nunc
3193 3880 3430 3935 vindicta
3470 3892 3590 3936 tau-

2012 3983 2175 4035 quam
2215 3969 2266 4022 in
2297 3969 2587 4024 utilitatem
2645 3981 2890 4024 nostram
2941 3988 3044 4042 pro
3079 3974 3342 4043 supplicio
3379 3974 3592 4032 delictis

330 4052 740 4121 τιτιμωρήσεως
771 4052 866 4106 νῦν
885 4053 962 4118 ὠς
983 4057 1118 4127 πρὸς
1139 4055 1236 4128 τὴν
1264 4059 1540 4130 ἡμετέραν
1573 4063 1769 4132 χρῆσιν
1789 4065 1910 4118 ἀντὶ

2022 4061 2234 4126 debito,
2268 4070 2324 4115 et
2370 4061 2630 4130 appetitio
2679 4079 2778 4132 pro
2818 4065 3098 4118 voluntate
3124 4067 3439 4135 accipienda
3484 4078 3588 4124 est.

330 4140 422 4210 τῆς
457 4142 730 4208 κολάσεως
772 4147 870 4216 τῆς
910 4148 1002 4199 ἐπὶ
1047 4151 1161 4211 τοῖς
1199 4151 1626 4222 ἡμαρτημένοις,
1665 4155 1757 4207 καὶ
1807 4158 1908 4228 τῆς

2022 4152 2162 4218 Quod
2198 4162 2375 4206 autem
2402 4151 2554 4206 furor
2588 4153 2765 4207 minor
2796 4155 2866 4208 sit
2896 4155 2971 4207 ira
3013 4157 3181 4225 liquet
3211 4173 3274 4211 ex
3304 4158 3588 4228 Scriptura

330 4234 555 4305 ὀρέξεως
584 4237 702 4290 ἀντὶ
737 4238 833 4308 τῆς
865 4238 1153 4310 θελήσεως.
1193 4243 1314 4296 Ὅτι
1344 4243 1591 4315 μέντοιγε
1634 4248 1728 4300 καὶ
1764 4248 1908 4301 κατὰ

2022 4243 2245 4311 licente,
2282 4247 2758 4315 reprehensionem
2807 4249 2855 4300 iu
2913 4251 3134 4313 furore,
3178 4252 3587 4320 castigationem

331 4327 423 4396 τὴν
446 4325 596 4378 Θείαν
624 4327 845 4398 Γραφὴν
871 4329 1090 4384 ἔλαττόν
1114 4335 1166 4386 τί
1182 4335 1330 4387 ἐστιν
1352 4335 1380 4387 6
1403 4335 1573 4406 θυμὸς
1594 4338 1692 4410 τῆς
1713 4340 1902 4412 ὀργῆς,

2022 4353 2066 4388 ιιι
2103 4337 2178 4389 ira
2219 4337 2358 4392 ﬁeri.
2405 4338 2621 4394 Dicitur
2670 4343 2814 4395 enim
2842 4341 2888 4372 δ’
2921 4359 2934 4395 :
2973 4361 2989 4392 ι
3032 4342 3278 4406 Domine,
3313 4359 3377 4396 ne
3411 4343 3461 4395 in
3499 4341 3586 4395 lu-

331 4417 480 4487 δῆλον
516 4421 580 4472 ἐκ
614 4419 708 4472 τοῦ
749 4420 1001 4489 λέγεσθαι
1037 4423 1257 4496 ἔλεγχον
1292 4429 1389 4498 μὲν
1426 4428 1583 4501 θυμῷ
1618 4431 1903 4501 γίνεσθαι,

2022 4444 2133 4484 rore
2155 4437 2248 4485 tuo
2271 4444 2468 4501 arguas
2496 4448 2603 4497 me,
2627 4450 2798 4504 neque
2828 4434 2878 4487 in
2915 4435 2990 4486 ira
3021 4444 3107 4487 tua
3138 4434 3405 4502 corripias
3436 4449 3575 4487 mea

333 4507 606 4561 παίδευσιν
649 4508 705 4562 δὲ
747 4511 904 4582 ὀργῇ.
961 4513 1172 4586 (Κύριε
1198 4535 1215 4568 ι
1255 4516 1400 4588 γὰρ,
1447 4522 1613 4590 φησὶ,
1665 4541 1684 4573 ι
1720 4524 1794 4596 μὴ
1828 4526 1907 4598 τῷ

2022 4521 2272 4591 Arguitur
2314 4523 2360 4577 is
2400 4524 2490 4592 qui
2519 4526 2696 4580 adhuc
2731 4541 2882 4594 spem
2923 4526 3091 4581 habet
3123 4525 3236 4579 fore
3265 4537 3322 4580 ut
3360 4535 3586 4580 sanetur

333 4599 481 4669 θυμῷ
507 4615 599 4654 σου
639 4600 861 4673 ἐλέγξῃς
888 4620 980 4672 με,
1018 4605 1150 4674 μηδὲ
1197 4609 1263 4676 τῇ
1297 4609 1434 4679 ὀργῇ
1479 4628 1570 4665 σου
1607 4614 1902 4688 παιδεύσῃς

2022 4612 2191 4666 verbis
2213 4613 2420 4684 absque
2446 4617 2732 4683 examine;
2764 4620 2854 4674 cui
2885 4627 3067 4673 autem
3100 4617 3448 4688 reprehensio
3477 4633 3582 4672 non

335 4707 412 4761 με.
447 4711 464 4742 ι
496 4690 806 4760 Ἑλέγχεται
832 4693 888 4745 δὲ
910 4695 938 4745 6
962 4691 1042 4746 ἔτι
1073 4693 1262 4748 ἐλπίδα
1301 4695 1439 4767 έχων
1471 4698 1769 4770 θεραπείας
1803 4705 1904 4775 τῆς

2022 4703 2231 4770 proluit,
2289 4704 2334 4762 is
2387 4706 2591 4778 indiget
2641 4713 2986 4781 correptione
3019 4725 3142 4779 qua:
3179 4710 3234 4762 lit
3269 4708 3491 4779 ﬂagellis
3528 4717 3604 4762 et-

332 4783 485 4852 χωρὶς
517 4781 765 4850 βασάνων
796 4782 884 4835 διὰ
916 4782 1075 4851 λόγου
1108 4785 1518 4858 καθαπτομένου
1541 4807 1553 4819 ·
1586 4793 1614 4844 6
1645 4791 1700 4844 δὲ
1737 4794 1903 4865 μηδὲν

2022 4797 2194 4866 virgis.
2219 4796 2512 4869 Correptio
2542 4810 2724 4857 autem
2756 4804 2942 4857 statim
2969 4803 3189 4870 quidem
3227 4816 3332 4853 non
3371 4800 3584 4852 videtur

328 4874 414 4927 ἀπ’
453 4873 678 4943 ἐλέγχου
722 4875 1024 4946 ὠφεληθεὶς
1067 4877 1258 4948 χρῄζει
1304 4879 1636 4946 παιδεύσεως
1679 4885 1778 4956 τῆς
1815 4885 1902 4939 διὰ

333 4967 598 5036 μαστίγων
651 4966 744 5020 καὶ
785 4966 1020 5037 passm.
1071 4970 1226 5023 Πᾶσα
1260 4970 1365 5042 γὰρ
1406 4972 1619 5027 παιδεία
1659 4976 1793 5047 πρὸς
1837 4976 1898 5028 τὸ

331 5058 493 5128 παρὸν
526 5058 588 5110 ού
616 5057 762 5112 δοκεί
786 5060 959 5129 χαρᾶς
993 5055 1148 5126 εἶναι,
1188 5059 1323 5114 ἀλλὰ
1355 5061 1551 5134 λύπης·
1587 5063 1809 5136 ὕστερον
1836 5066 1896 5120 δὲ

331 5151 528 5221 καρπὸν
554 5151 827 5222 εἰρηνικὸν
850 5154 963 5214 τοῖς
993 5152 1060 5204 δι’
1082 5153 1249 5225 αὐτῆς
1268 5157 1737 5226 γεγυμνασμένοις
1759 5157 1894 5212 ἁπο-

329 5241 497 5294 δίδωσι
516 5240 878 5312 δικαιοσύνης.
913 5241 1152 5312 Λαλήσει
1171 5244 1350 5297 τοίνυν
1380 5247 1408 5298 6
1437 5245 1569 5310 Θεὸς
1611 5248 1747 5319 πρὸς
1770 5249 1896 5312 τοὺς

330 5333 705 5403 ἡμαρτηκότας
734 5333 830 5396 οὒς
859 5334 1059 5405 ἐκγελᾷ
1104 5337 1198 5388 καὶ
1237 5338 1557 5410 μυκτηρίζει
1605 5339 1684 5393 ἔτι
1736 5341 1896 5405 ὄντας

332 5424 379 5475 ὲν
401 5425 510 5486 τοῖς
543 5423 970 5521 παραπτώμασι,
1004 5427 1098 5479 καὶ
1129 5425 1196 5478 δι’
1226 5427 1576 5499 ἀναισθησίαν
1601 5430 1742 5500 μέγα
1766 5449 1899 5504 φρο-

388 5557 430 5587 ⁸²
458 5557 583 5613 Jon.
612 5574 693 5616 ιιι.
769 5558 814 5590 ⁵³
840 5557 928 5614 Ps.
963 5573 1035 5627 vt,
1072 5561 1121 5614 l.

389 5671 495 5744 (7'5)
540 5674 604 5724 01
625 5675 724 5744 λόπ
740 5693 791 5729 οι
821 5676 938 5729 τῶν
964 5675 1248 5742 ἀπειλῶν,
1285 5687 1390 5733 elc.
1456 5677 1496 5731 E
1555 5680 1738 5736 codice
1792 5681 1886 5736 Ba-

331 5743 588 5805 rm-ciano,
623 5757 676 5797 et
702 5743 732 5798 ο
777 5746 982 5803 Catena
1011 5747 1277 5804 tiordcrii.
1312 5747 1505 5804 Latine
1546 5759 1766 5808 exstant
1829 5754 1882 5808 in

329 5814 511 5866 Catulla
539 5811 780 5871 Barbari.

1999 4885 2242 4954 jucunda
2275 4899 2329 4945 et
2357 4891 2494 4946 citra
2528 4892 2863 4957 molestiam,
2907 4901 3097 4961 postea
3134 4906 3264 4944 vero
3291 4891 3579 4960 paciﬁcum

2002 4979 2228 5048 justitiaa
2257 4983 2490 5039 fructum
2523 4985 2686 5040 allert
2719 4986 2787 5040 iis
2819 4983 2909 5053 qui
2933 4986 2983 5036 in
3012 4998 3072 5036 ea
3097 4982 3318 5037 exerciti
3355 4981 3578 5037 fuerint.

1999 5072 2079 5125 ΑιΙ
2117 5083 2433 5143 peccatores
2471 5077 2633 5147 igitur
2655 5092 2794 5146 quos
2835 5076 3025 5131 irridet
3049 5077 3424 5130 ctsubsannat
3451 5076 3578 5129 dum

1999 5166 2175 5220 adhuc
2202 5166 2253 5221 in
2286 5168 2529 5236 peccatis
2563 5177 2710 5229 sunt.
2750 5175 2804 5223 et
2832 5181 2944 5236 prae
2973 5167 3301 5223 hebetudine
3323 5181 3576 5222 sensuum

2000 5254 2066 5308 de
2101 5257 2339 5326 prepriis
2367 5260 2524 5314 malis
2578 5269 2832 5329 lanquaut
2881 5259 3038 5314 bonis
3096 5275 3216 5315 sese
3251 5257 3482 5314 elierunt
3511 5272 3575 5311 ac

2001 5346 2323 5418 gloriantur,
2345 5349 2595 5420 loquetur
2619 5351 2765 5406 Deus
2793 5352 2845 5407 itt
2875 5352 2952 5408 ira
2981 5368 3101 5416 sua,
3131 5365 3186 5408 et
3211 5351 3328 5405 illos
3353 5359 3574 5405 oste-uso

2005 5437 2191 5495 lurore
2216 5443 2589 5500 conturbabit.
2632 5443 2768 5500 Cum
2791 5445 2938 5501 enim
2969 5459 3149 5502 sermo
3182 5445 3364 5498 lurore
3381 5443 3573 5512 plenus

2070 5685 2180 5762 (7})
2205 5687 2470 5762 Διαφέρει
2495 5691 2563 5743 δὲ
2590 5693 2776 5760 θυμὸς
2802 5693 3005 5762 ὀργῆς,
3041 5701 3148 5747 etc.
3171 5693 3211 5748 E
3246 5697 3435 5753 codice
3466 5693 3570 5751 BR:-

1997 5757 2268 5813 rocciano.
2299 5759 2488 5817 Latine
2516 5757 2781 5819 habentur
2812 5757 3104 5819 iit'Catena
3129 5763 3374 5822 Barbari.
