4058 6244
511 381 650 436 ttu'l

1882 387 1970 440 EX
2005 384 2304 442 OlthENE

3623 384 3811 439 μσς

511 497 590 547 t'is
625 494 822 549 timore
850 506 1012 564 queat
1040 498 1421 565 pmnitentiam
1463 502 1672 567 indere,
1715 520 1819 556 non
1851 510 2059 571 repente

2175 501 2397 566 νοῦντας
2430 503 2505 566 ὡς
2538 498 2629 556 ἐπὶ
2652 504 2873 574 ἀγαθοῖς
2896 505 3007 567 τοῖς
3035 502 3184 566 ἰδίοις
3200 504 3410 564 κακοῖς,
3437 500 3497 553 ὲν
3524 501 3596 570 τῇ
3624 501 3804 568 ὁρῒῇ

509 587 668 639 infert
718 588 981 656 supplicia
1036 600 1090 642 et
1122 592 1395 645 cruciatus
1440 594 1755 663 priusquam
1788 595 2074 663 rejecerint

506 696 621 732 cant
658 696 775 747 quin
816 680 1111 735 lenioribus
1162 682 1413 736 remediis
1449 685 1787 752 proponitur,
1832 687 2073 739 curatio-

508 785 650 823 nem.
687 770 1028 840 Quapropter
1057 773 1249 826 beatus
1293 773 1490 828 Paulus
1526 777 1593 827 ad
1620 775 2073 831 Thessalonicen-

506 876 593 914 ses
624 863 873 917 scribens
907 865 972 916 de
1002 863 1204 917 Judwis
1226 864 1316 932 qui
1350 866 1633 919 Dominum
1660 869 2069 935 crucilixerunt,

507 953 579 1006 ait
603 952 688 1010 “z
727 972 744 1003 ι
783 953 1047 1009 Ριωνειιίι
1084 969 1245 1022 super
1272 956 1395 1009 illos
1424 956 1501 1009 ira
1541 972 1714 1026 usque
1751 959 1801 1012 in
1827 959 2006 1013 tinent.
2046 981 2065 1013 ι

502 1046 584 1098 An
638 1060 743 1098 non
794 1046 1152 1113 przenuutiata
1196 1059 1292 1114 per
1341 1048 1635 1117 prophetas
1678 1050 1757 1103 ira
1815 1052 2073 1119 pratveuit

501 1152 665 1201 super
696 1134 815 1189 illos
849 1134 937 1202 qui
973 1135 1294 1201 gravissima
1341 1152 1570 1208 quaeque
1619 1152 1675 1195 et
1717 1143 2068 1197 acerbissima

498 1241 528 1277 a
567 1223 823 1277 Romanis
847 1224 1084 1292 perpessi
1126 1228 1301 1279 sunt?

573 1495 733 1549 Vsus.
770 1496 824 1552 8.
851 1496 1069 1552 Postula
1096 1518 1125 1553 η
1163 1518 1262 1563 me,
1290 1514 1335 1556 et
1360 1504 1495 1556 dabo
1529 1505 1623 1557 tibi
1646 1514 1820 1574 gentes
1844 1506 2066 1559 Incredi-

500 1595 657 1640 tulent
700 1599 866 1650 luam,
914 1602 959 1642 et
993 1594 1372 1659 possessionem
1416 1604 1559 1646 tuam
1599 1597 1852 1650 terminos
1882 1606 2058 1659 terru',

496 1686 603 1733 etc.
643 1678 983 1735 Constitutus
1032 1683 1175 1739 enim
1227 1694 1331 1749 est,
1369 1688 1844 1754 quatenushomo,
1892 1690 2063 1743 [neres

494 1772 735 1828 onmium
768 1789 864 1843 per
893 1776 1379 1845 dispensationem,
1414 1786 1473 1831 ut
1501 1777 1776 1846 deinceps,
1806 1786 2061 1848 tanquam

495 1868 563 1921 ad
594 1883 653 1922 se
677 1878 1012 1939 spectantem
1048 1878 1101 1924 et
1144 1871 1417 1939 propriam
1460 1887 1613 1926 suam
1652 1871 2059 1939 lizereditatem,

492 1969 845 2016 conservaret
877 1976 971 2018 eos
997 1964 1090 2032 qui
1116 1963 1168 2016 in
1196 1973 1339 2019 terra
1364 1962 1627 2033 sacrilege
1647 1963 1875 2032 dispersi
1906 1972 2064 2018 erant

492 2064 521 2102 a
554 2050 793 2117 diabolo,
825 2053 1095 2122 sociisque
1128 2053 1246 2123 ejus
1278 2054 1573 2109 virtutibus
1614 2053 1888 2122 malignis.
1922 2054 2060 2122 Quin

492 2148 547 2192 et
578 2149 793 2207 peracta
825 2139 935 2206 jam
966 2142 1392 2211 dispensatione,
1432 2142 1501 2198 de
1533 2144 1691 2198 nobis
1738 2144 1804 2196 ad
1846 2142 2061 2198 Patrem

494 2243 652 2282 suum
704 2231 836 2284 dicit
860 2231 905 2262 “
936 2248 950 2284 :
986 2250 1004 2283 ι
1049 2231 1194 2299 Quos
1245 2233 1437 2288 dedisti
1479 2234 1610 2287 mihi
1640 2234 1705 2289 de
1732 2235 1954 2297 mundo,
1985 2235 2061 2289 tui

492 2328 677 2384 erant,
705 2329 760 2375 et
806 2321 938 2376 mihi
981 2336 1076 2376 eos
1108 2322 1323 2378 dedisti.
1359 2343 1376 2375 ι
1413 2323 1709 2378 Considera
1755 2339 1884 2380 vero
1926 2340 2061 2395 quo-

492 2414 651 2469 modo
675 2416 742 2469 ad
767 2414 984 2470 divitias
1006 2415 1107 2470 sibi
1131 2416 1428 2473 secundum
1456 2432 1674 2473 carnem
1695 2428 2062 2487 competentes

495 2505 932 2558 ascendatetiam
950 2520 1070 2560 cum
1101 2520 1289 2561 carne.
1314 2506 1369 2561 Si
1394 2506 1538 2560 enim
1573 2507 1629 2573 ii,
1665 2509 1754 2575 qui
1778 2509 1829 2562 in
1864 2510 2062 2564 mundo

492 2603 672 2656 erant,
697 2593 875 2649 Patris
902 2604 1080 2661 erant,
1112 2597 1302 2666 utique
1341 2597 1567 2669 intelligi
1617 2609 1843 2669 possunt
1891 2602 2056 2657 etiam

493 2698 615 2739 esse
646 2683 827 2752 aliquo
870 2686 1027 2740 modo
1059 2686 1237 2751 Verbi,
1272 2686 1427 2755 cujus
1450 2688 1682 2743 consilio
1725 2698 1919 2744 cuncta
1964 2706 2061 2759 ge-

492 2775 599 2841 rit;
633 2775 902 2846 siquidem
928 2778 1090 2832 etiam
1118 2777 1349 2833 dixit":
1379 2797 1396 2830 ι
1421 2779 1610 2834 Omnia
1642 2796 1758 2835 mea
1786 2790 1872 2835 tua
1910 2792 2057 2846 sunt,

491 2876 544 2924 et
581 2877 669 2921 tua
701 2883 842 2933 mea,
876 2878 932 2922 et
983 2868 1314 2927 clariﬁcatus
1351 2887 1470 2927 sum
1504 2872 1557 2927 in
1589 2872 1686 2927 eis.
1725 2891 1743 2925 ι
1779 2872 2061 2939 Quomodo

494 2958 663 3026 igitur
688 2960 962 3028 postulare
984 2961 1226 3031 jubetur.
1261 2971 1315 3017 et
1342 2962 1541 3034 accipit
1572 2961 1789 3032 quidem
1814 2963 1866 3018 in
1895 2963 2061 3017 haere-

496 3043 719 3098 ditatem
760 3056 979 3115 gentes,
1015 3050 1414 3118 possessionem
1452 3066 1583 3106 vero
1618 3050 1751 3106 facit
1798 3052 2058 3107 terminos

2092 1838 2138 1897 B

503 3136 700 3190 terrae?
733 3137 935 3209 Nempe
979 3155 1099 3193 cum
1127 3141 1401 3197 hominem
1426 3158 1455 3196 a
1486 3142 1668 3197 divino
1691 3144 1912 3198 servitio
1942 3144 2057 3198 ina-

493 3224 634 3279 uiter
664 3226 992 3283 resilieutcm
1050 3231 1245 3285 salvari
1279 3231 1438 3306 542
1477 3234 1656 3299 vellet,
1709 3233 1936 3288 Genitor
1992 3250 2058 3290 ac

490 3315 651 3373 Pater
682 3319 917 3374 Verbum
951 3322 1284 3392 unigenitum
1317 3325 1368 3377 in
1400 3324 1656 3379 mundum
1711 3328 1855 3380 hunc
1886 3325 2055 3390 misit,

491 3415 551 3461 ut.
597 3422 725 3463 caro
778 3408 999 3474 factum,
1032 3420 1084 3465 et
1118 3413 1599 3481 comprehensum,
1633 3424 1685 3470 et
1723 3427 1913 3473 natura
1949 3430 2055 3470 non

490 3503 1110 3571 mutatum,prmdicaret
1137 3505 1366 3575 captivis
1393 3508 1800 3579 indulgentiam,
1828 3520 1882 3565 et
1902 3511 2058 3567 catcis

490 3589 687 3643 visunt.
720 3589 904 3660 Itaque
937 3595 1185 3663 quamvis
1215 3597 1285 3651 ob
1317 3598 1708 3654 humanitatem
1732 3600 1943 3655 dicatur
1965 3616 2056 3656 ac-

490 3684 692 3752 cipere.
730 3693 785 3739 et
838 3686 1013 3741 haeres
1062 3688 1392 3746 constitutus
1425 3706 1571 3758 esse,
1614 3707 1717 3747 nou
1747 3694 2056 3764 ignoremus

486 3774 969 3841 dispensationem.

559 3862 839 3935 Ejusdem.
864 3867 969 3923 Per
994 3870 1364 3926 haereditatem
1393 3874 1640 3945 intelligit
1665 3877 1892 3932 rationis
1913 3892 2058 3933 com-

487 3963 667 4023 potem
692 3966 968 4025 naturam,
1002 3976 1120 4030 qua:
1149 3962 1265 4032 ipsa
1310 3964 1615 4034 luereditat,
1663 3968 1804 4023 sicut
1842 3960 2056 4038 sapien-

488 4046 644 4111 tiam,
670 4045 743 4099 ita
791 4056 843 4100 et
880 4049 1191 4115 scientiam,
1238 4060 1292 4105 et
1324 4054 1633 4120 veritatem,
1676 4065 1729 4111 et
1758 4055 2049 4124 justitiam.

484 4138 580 4192 Est
605 4148 787 4194 autem
819 4140 1114 4197 hmreditas
1158 4152 1367 4197 natura:
1416 4146 1761 4203 rationabilis
1807 4159 2053 4205 contem-

483 4229 651 4297 platio
677 4244 1062 4300 corporearum
1095 4242 1149 4289 et
1174 4233 1618 4306 incorporearum
1648 4252 1851 4305 rerum,
1881 4249 1936 4296 et
1958 4240 2054 4297 Dei

483 4320 573 4388 qui
602 4322 844 4377 omnium
883 4340 1043 4381 causa
1078 4336 1181 4382 est.

560 4411 719 4466 Vens.
755 4415 807 4470 9.
840 4412 1033 4471 Pasce:
1063 4434 1149 4471 eos
1179 4420 1230 4471 in
1260 4419 1401 4489 virga
1426 4420 1621 4490 ferrea,
1654 4432 1900 4493 tanquam
1929 4443 2052 4483 vara

480 4504 631 4573 ﬁguli
658 4506 953 4577 confringe:
996 4525 1105 4573 eos,
1153 4518 1260 4565 etc.
1311 4510 1402 4565 Sic
1460 4522 1513 4568 et
1548 4516 1689 4584 apud
1735 4517 2050 4588 Apostolum
2084 4519 2131 4575 D

482 4596 727 4653 severior
756 4597 1037 4669 disciplina
1067 4614 1172 4670 qua
1198 4602 1439 4674 indigent
1477 4617 1795 4674 peccatores
1822 4620 1873 4665 et
1903 4611 2052 4665 iutir-

2085 3184 2125 3240 ε

481 4687 680 4741 miores
715 4687 767 4742 in
804 4687 930 4756 ﬁde,
957 4689 1107 4761 virga
1136 4693 1467 4761 nominatur,
1491 4711 1613 4750 cum
1640 4697 1715 4751 ait
1740 4697 1786 4728 "
1814 4716 1827 4752 :
1858 4716 1877 4750 ι
1912 4699 2050 4766 Quid

480 4778 691 4834 vultis?
725 4778 779 4834 in
814 4779 966 4853 virga
1000 4782 1214 4837 veniam
1256 4783 1323 4839 ad
1358 4798 1476 4851 vos,
1507 4798 1573 4839 an
1600 4785 1651 4839 in
1687 4786 1958 4842 charitate
1996 4799 2051 4845 et

480 4873 675 4947 spiritu
706 4875 1179 4932 mansuetudinis?
1214 4895 1232 4928 ι
1262 4876 1326 4931 Ει
1356 4878 1536 4933 adhuc
1556 4879 1710 4949 prius
1745 4880 1885 4951 apud
1912 4880 2045 4937 Pro-

481 4964 698 5039 phetam
754 4968 1134 5037 peccatoribus
1171 4968 1388 5026 divinus
1417 4984 1601 5027 sermo
1656 4971 1896 5028 minatur
1936 4975 2045 5029 vir-

480 5072 605 5129 gam
641 5068 695 5113 et
718 5058 951 5129 ﬂagella,
981 5076 1046 5118 eo
1077 5062 1221 5133 quod
1250 5062 1684 5120 misericordiam
1713 5080 1820 5121 non
1867 5081 2046 5122 remo-

480 5159 635 5203 turus
670 5148 747 5204 εει
774 5151 842 5205 ab
884 5166 1072 5207 eorum
1119 5152 1303 5218 Patre,
1350 5155 1455 5211 hoc
1486 5164 1601 5222 est,
1631 5156 1870 5212 Christo.
1908 5156 2044 5211 Nam

476 5238 741 5309 ejusmodi
775 5242 1060 5298 curatione
1086 5242 1351 5317 indigent.
1387 5264 1407 5297 ι
1436 5244 1682 5302 Visitabo
1711 5266 1729 5299 ι
1773 5248 1937 5315 enim,
1965 5248 2046 5302 in-

475 5329 596 5401 quit
617 5329 686 5395 δ’,
725 5347 744 5383 ι
782 5331 835 5385 in
865 5332 1019 5404 virga
1051 5334 1362 5407 iniquitates
1388 5352 1601 5405 eorum,
1637 5350 1690 5394 et
1719 5338 1771 5393 iu
1800 5340 2044 5395 verberi-

475 5420 575 5473 bus
600 5431 819 5489 peccata
841 5438 1054 5490 eorum,
1087 5426 1517 5482 misericordiam
1536 5439 1716 5484 autem
1739 5445 1909 5484 meam
1939 5446 2039 5486 non

2176 591 2371 656 αὑτοῦ,
2406 593 2499 645 καὶ
2529 594 2775 664 ἐμφήνας
2805 594 2865 647 τὸ
2902 591 3225 663 θυμοῦσθαι,
3262 590 3491 662 ταράξει
3534 589 3802 648 αὐτούς.

2176 682 2250 734 Ού
2279 682 2386 751 γὰρ
2420 681 2631 752 ἀθρόως
2663 683 2876 750 ἐπάγει,
2912 678 3443 752 προεπιστρεπτικοῦ
3470 678 3647 745 λόγου
3698 694 3808 728 τε·

2175 770 2498 841 θυμωμένου
2532 771 2681 842 φόϐῳ
2718 772 3006 842 μετάνοιαν
3036 772 3215 834 αὐτοῖς
3252 769 3566 840 ἐμποιῆσαι
3601 768 3807 820 δυνα-

2177 862 2359 932 μένου,
2390 862 2653 932 βασάνους
2686 865 2779 917 καὶ
2805 863 3054 926 κολάσεις
3085 863 3215 933 πρὶν
3247 862 3504 915 ἀπειπεῖν
3557 860 3807 922 nil/=05;

2172 954 2269 1024 τὴν
2308 952 2393 1007 διὰ
2434 952 2541 1006 τῶν
2578 952 3095 1025 φιλανθρωποτέρων
3130 949 3446 1021 θεραπείαν·
3478 949 3803 1002 Θεσσαλο-

2170 1046 2378 1100 νικεῦσι
2394 1045 2523 1113 γοῦν
2542 1045 2766 1116 γράφων
2782 1046 2810 1097 ὁ
2828 1046 3094 1116 μακάριος
3110 1043 3318 1106 Παῦλος
3333 1042 3463 1113 περὶ
3477 1040 3805 1094 Ἰουδαίων

2169 1137 2275 1191 τῶν
2311 1137 2740 1207 σταυρωσάντων
2769 1136 2859 1189 τὸν
2899 1135 3102 1205 Κύριον
3126 1173 3140 1197 ,
3176 1134 3371 1203 φησίν·
3407 1150 3427 1182 ι
3470 1130 3803 1198 Ἔφθαπν

2170 1230 2255 1282 ἐπ’
2285 1229 2479 1293 αὐτοὺς
2512 1231 2545 1299 ή
2584 1227 2722 1299 ὀργὴ
2759 1227 2840 1288 εἰς
2874 1225 3043 1289 τέλος.
3072 1244 3089 1277 ι
3133 1225 3202 1277 Ἢ
3239 1224 3341 1276 ούκ
3379 1221 3636 1291 ἔφθασεν
3683 1221 3799 1272 ἐπ’

2169 1321 2361 1384 αὐτοὺς
2394 1320 2481 1373 διὰ
2519 1321 2800 1391 προφήτας
2840 1318 2873 1386 ἡ
2913 1314 3433 1388 προαναφωνηθείσα
3467 1312 3623 1383 ὀργὴ
3664 1328 3796 1362 πει-

2169 1412 2357 1474 θὸντας
2386 1410 2492 1463 ὑπὸ
2527 1409 2810 1479 Ῥωμαίων
2838 1408 3012 1461 πάντα
3046 1404 3195 1459 δεινὰ
3223 1405 3315 1457 καὶ
3343 1404 3676 1472 άνήκεστα;

2237 1503 2489 1570 Αἷτησαι
2546 1502 2681 1569 παρ’
2711 1501 2879 1569 ἐμοῦ,
2937 1500 3036 1552 καί
3087 1497 3259 1551 δώσω
3301 1513 3395 1549 σοι
3430 1497 3587 1563 ἔθνη
3650 1496 3791 1563 τὴν

2168 1594 2573 1663 κληρονομίαν
2623 1607 2770 1656 σου,
2814 1590 2911 1646 καὶ
2944 1589 3061 1656 τὴν
3102 1586 3477 1656 κατάσχεσιν
3503 1601 3638 1639 σου
3696 1586 3792 1640 τὰ

2167 1687 2390 1754 πέρατα
2426 1683 2537 1752 τῆς
2564 1681 2699 1751 γῆς,
2732 1699 2785 1735 κ.
2825 1700 2874 1735 τ.
2908 1683 2957 1735 έ.
2992 1679 3240 1733 Τέθειται
3277 1676 3386 1748 γὰρ
3417 1678 3496 1739 ὡς
3526 1677 3776 1748 ἄνθρωο

2168 1794 2266 1840 πος
2303 1774 2634 1846 κληρονόμος
2664 1772 2881 1827 πάντων
2910 1768 3287 1841 οἰκονομικῶς,
3333 1769 3420 1822 ῐνα
3454 1767 3664 1821 λοιπὸν
3690 1769 3785 1831 ὡς

2167 1866 2314 1936 αύτῷ
2342 1863 2687 1937 προσήκοντά
2715 1879 2775 1916 τε
2806 1862 2899 1916 καὶ
2939 1861 3066 1914 ἴδιον
3102 1859 3356 1930 ἀνασώσῃ
3382 1858 3594 1929 κλῆρον
3632 1861 3781 1921 20-2»;

2166 1956 2257 2008 ἐπὶ
2283 1955 2383 2025 τῆς
2412 1954 2516 2023 γῆς
2545 1954 2775 2016 ἀνοσίως
2805 1950 3231 2023 διεσπαρμένους
3267 1948 3374 2000 ὑπὸ
3399 1964 3458 1999 τε
3496 1947 3597 2001 τοῦ
3637 1948 3778 1999 δια-

2166 2046 2321 2100 ϐόλου
2342 2047 2435 2099 καὶ
2453 2044 2559 2097 τῶν
2587 2045 2683 2097 σὺν
2704 2043 2852 2113 αύτῷ
2869 2042 3147 2112 δυνάμεων
3166 2036 3416 2108 πονηρῶν
3431 2053 3444 2066 ·
3470 2028 3533 2090 οὗ
3550 2036 3663 2088 καὶ
3684 2036 3777 2098 εἰς

2167 2142 2339 2213 πέρας
2375 2138 2754 2210 ὲνηνεγμένου,
2790 2136 2925 2209 πρὸς
2958 2136 3049 2188 τὸν
3095 2131 3288 2186 ἑαυτοῦ
3327 2129 3547 2202 Πατέρα
3614 2130 3775 2198 φησὶ

2113 2266 2122 2278 -
2164 2234 2291 2304 περί
2322 2231 2507 2302 ἡμῶν·
2549 2250 2566 2282 ι
2596 2228 2701 2292 Οῦς
2750 2227 2985 2289 δέδωκάς
3021 2243 3108 2296 μοι
3149 2225 3213 2277 ἐκ
3251 2222 3345 2275 τοῦ
3392 2222 3633 2289 κόσμου,

2161 2302 2335 2393 ἦσαν,
2366 2320 2459 2373 καὶ
2498 2318 2622 2389 ἐμοὶ
2681 2317 2876 2378 αὐτοὺς
2923 2314 3178 2375 δέδωκας.
3210 2329 3229 2362 ι
3282 2309 3470 2379 Ἀθρει
3526 2308 3591 2377 δὴ
3658 2302 3767 2359 οὖν

2162 2416 2309 2478 ὅπως
2338 2414 2417 2476 εἰς
2453 2411 2543 2464 τὸν
2577 2410 2892 2481 ὑπάρχοντα
2923 2404 3071 2475 αύτῷ
3118 2402 3346 2456 πλοῦτον
3393 2399 3539 2454 κατά
3579 2400 3769 2467 φύσιν

2164 2506 2335 2559 ἄνεισι
2379 2503 2472 2555 καὶ
2527 2500 2665 2573 μετὰ
2706 2499 2926 2571 σαρκός.
2957 2499 3019 2550 Εἰ
3049 2495 3157 2565 γὰρ
3182 2490 3324 2565 ἦσαν
3362 2494 3413 2545 οἰ
3449 2494 3507 2543 ὲν
3550 2492 3765 2561 κόσμῳ

2162 2596 2257 2649 τοῦ
2288 2593 2520 2665 Πατρὸς,
2550 2591 2693 2644 κατά
2724 2607 2849 2644 τινα
2877 2589 3077 2658 τρόπον
3103 2586 3343 2656 νοηθεῖεν
3374 2583 3439 2637 ἂν
3465 2581 3563 2635 τοῦ
3598 2598 3758 2651 συμ-

2163 2685 2503 2749 ϐουλεύοντος
2555 2683 2705 2754 αύτῷ
2759 2683 2963 2753 Λόγου⁶
3013 2679 3288 2749 τοιγάρτοι
3347 2677 3440 2729 καὶ
3497 2674 3753 2742 ἔφασκε-

2168 2799 2186 2829 ι
2214 2778 2397 2831 Πάντα
2429 2776 2496 2829 τὰ
2536 2775 2645 2846 ἐμὰ
2683 2775 2753 2827 σά
2788 2776 2924 2837 ἐστι,
2966 2772 3061 2824 καὶ
3088 2772 3157 2822 τὰ
3188 2768 3258 2821 σὰ
3290 2768 3431 2837 ἐμά·
3469 2766 3566 2818 καὶ
3593 2764 3756 2816 δεδό-

2164 2870 2364 2939 ξασμαι
2396 2869 2453 2920 ἐν
2493 2867 2693 2930 αὐτοῖς.
2721 2884 2739 2916 ι
2786 2863 2911 2927 Πῶς
2955 2859 3048 2917 οῦν
3087 2862 3257 2914 αἰτεῖν
3300 2856 3707 2929 προστάττεται
3730 2900 3747 2916 ,

2160 2960 2253 3012 καὶ
2277 2958 2488 3028 δέχεται
2523 2957 2621 3027 μὲν
2650 2957 2729 3016 εἰς
2759 2954 3123 3025 κληρονομίαν
3152 2951 3301 3020 ἔθνη,
3320 2950 3653 3016 κατάσχεσιν
3681 2946 3748 2999 δὲ

2163 3054 2392 3103 ποιεῖται
2426 3049 2494 3103 τὰ
2528 3049 2739 3119 πέρατα
2766 3047 2869 3116 τῆς
2903 3046 3033 3114 γῆς;
3090 3043 3598 3113 Ἀποσκιρτήσαντα
3626 3038 3748 3109 γαρ

2162 3141 2418 3213 ἑξιτήλως
2446 3140 2537 3194 τὸν
2562 3140 2846 3210 ἄνθρωπον
2872 3136 3114 3198 δουλείας
3148 3133 3251 3203 τῆς
3282 3132 3387 3185 ὑπὸ
3415 3128 3574 3191 Θεοῦ,
3620 3127 3746 3179 δια-

2164 3230 2333 3284 σῶσαι
2376 3229 2545 3283 θέλων
2586 3228 2773 3281 τοῦτον
2820 3224 3201 3297 Γενεσιουργὸς
3252 3220 3349 3276 καὶ
3400 3221 3591 3291 Πατὴρ
3635 3220 3739 3271 πέ-

2161 3338 2374 3393 πομφεν
2411 3322 2490 3384 εἰς
2528 3321 2679 3375 τόνδε
2726 3320 2817 3373 τὸν
2856 3316 3181 3389 ἐνεστηκότα
3211 3317 3414 3385 κόσμον
3444 3313 3534 3367 τὸν
3578 3328 3741 3381 μονο-

2158 3413 2292 3483 γενῆ
2318 3412 2508 3481 Λόγον,
2545 3412 2631 3465 ἴνα
2658 3411 2946 3481 γενόμενος
2981 3407 3136 3479 σὰρξ,
3171 3408 3266 3460 καὶ
3316 3404 3610 3476 χωρηθεὶς,
3641 3405 3738 3455 καὶ

2158 3507 2319 3577 φύσει
2368 3503 2688 3577 ἀστραφὴς,
2727 3502 2937 3574 κηρύξῃ
2972 3499 3336 3571 αἰχμαλώτοις
3375 3498 3590 3566 ἄφεσιν,
3639 3495 3738 3546 καὶ

2157 3595 2375 3665 τυφλοῖς
2403 3592 2711 3663 ἀνάϐλεψιν.
2743 3590 2952 3644 Οὐκοῦν
2980 3588 3086 3643 κᾶν
3108 3590 3154 3640 εἰ
3175 3587 3386 3655 λέγοιτο
3413 3585 3617 3647 λαϐεῖν,
3640 3586 3737 3635 καὶ

2156 3685 2425 3740 τεθεῖσθαι
2456 3684 2787 3756 κληρονόμος
2817 3681 2906 3735 διὰ
2931 3680 2993 3733 τὸ
3019 3678 3378 3749 ἀνθρώπινον,
3406 3677 3503 3729 οὑκ
3529 3675 3732 3743 ἀγνοής-

2158 3796 2339 3849 σωμεν
2365 3780 2465 3850 τὴν
2496 3776 2824 3846 οἰκονομίαν.

2234 3892 2345 3947 Τοῦ
2386 3890 2589 3946 αὐτοῦ.
2635 3887 2744 3959 Τὴν
2779 3884 3139 3958 κληρονομίαν
3175 3882 3288 3951 (75)
3325 3881 3469 3948 λέγει
3513 3877 3611 3948 τὴν
3642 3877 3733 3929 λου

2156 3983 2317 4054 γικὴν
2344 3981 2522 4051 φύσιν,
2549 3981 2583 4050 ἢ
2604 3980 2697 4032 καὶ
2728 3975 2866 4049 αὑτὴ
2898 3973 3221 4045 κληρονομεῖ
3244 3972 3320 4035 ὡς
3344 3970 3553 4039 σοφίαν,
3586 3969 3733 4021 οὕτω

2157 4076 2252 4129 καὶ
2284 4072 2504 4143 γνῶσιν,
2535 4072 2627 4124 καὶ
2651 4069 2927 4139 ἀλήθειαν,
2960 4067 3052 4119 καὶ
3080 4063 3445 4133 δικαιοσύνην.
3478 4062 3634 4113 Ἐστι
3673 4060 3731 4112 δὲ

2155 4170 2188 4241 ἠ
2220 4164 2554 4237 κληρονομία
2602 4161 2701 4231 τῆς
2732 4160 2957 4230 λογικῆς
2998 4158 3210 4228 φύσεως
3239 4156 3440 4226 θεωρία
3473 4152 3582 4205 τῶν
3627 4169 3732 4205 σωο

2158 4254 2401 4331 ματικῶν
2454 4251 2548 4306 καὶ
2596 4251 2703 4305 τῶν
2748 4249 3052 4321 ἀσωμάτων
3073 4286 3087 4313 ,
3117 4248 3211 4299 καὶ
3238 4245 3442 4298 τούτων
3471 4242 3729 4295 ἁπάντων

2155 4346 2328 4400 αἰτίου
2355 4343 2510 4399 Θεοῦ.

2222 4437 2539 4509 Ποιμανεῖς
2575 4436 2797 4501 αὐτοὺς
2828 4434 2897 4487 ἐν
2918 4430 3119 4501 ῥάϐδῳ
3144 4426 3391 4497 σιδηρᾷ·
3423 4428 3503 4492 ὡς
3537 4425 3729 4489 σκεύη

2158 4529 2454 4601 κεραμέως
2495 4528 2846 4596 συντρίψας
2887 4525 3141 4589 αὐτούς,
3172 4538 3228 4573 κ.
3260 4538 3310 4573 τ.
3345 4521 3389 4572 ὲ.
3424 4518 3534 4572 Καὶ
3576 4515 3730 4601 παρὰ

2159 4616 2235 4687 τῷ
2291 4599 2595 4687 ’Άπστὸλῳ
2647 4615 2756 4686 (76)
2809 4616 2842 4685 ἡ
2897 4609 3389 4682 ὲκπληκτικωτέρα
3419 4607 3634 4676 ἀγωγὴ,
3663 4599 3730 4674 ἦς

2156 4708 2363 4763 δέονται
2409 4706 2459 4760 οἰ
2506 4705 2909 4778 ἁμαρτάνοντες
2967 4704 3060 4756 καὶ
3110 4704 3156 4754 οἱ
3210 4698 3589 4769 ἀσθενέστεροι
3622 4696 3729 4748 τῶν

2157 4796 2569 4852 πεπιστευκέναι
2604 4793 2989 4866 νομιζομένων,
3028 4794 3217 4865 ῥάϐδος
3267 4788 3609 4862 ὀνομάζεται,
3642 4789 3731 4842 λέ-

2156 4906 2324 4958 γοντι*
2368 4909 2385 4940 ι
2419 4888 2484 4940 Τί
2518 4886 2732 4951 θέλετε;
2778 4886 2834 4937 ὲν
2864 4883 3043 4954 ῥάϐδῳ
3074 4883 3210 4937 ἔλθω
3239 4884 3378 4954 πρὸς
3409 4883 3573 4953 ὑμᾶς,
3604 4881 3636 4948 ἢ
3669 4881 3729 4931 ἐν

2153 4982 2361 5052 ἀγάπῃ,
2398 4980 2669 5051 πνεύματί
2703 4999 2761 5034 τε
2803 4981 3137 5051 πραότητος;
3177 4997 3195 5030 ι
3232 4978 3344 5032 Καὶ
3362 4976 3440 5028 ἐτι
3464 4974 3730 5044 πρότερον

2156 5074 2305 5146 παρὰ
2334 5074 2411 5144 τῷ
2445 5075 2704 5147 Προφήτῃ
2741 5077 2854 5137 τοῖς
2878 5072 3280 5144 ἁμαρτάνουσιν
3322 5070 3353 5121 ὁ
3390 5067 3532 5128 θεῖος
3572 5064 3729 5131 λόγος

2154 5166 2364 5221 ἀπειλεῖ
2397 5166 2588 5237 ῥάϐδον
2624 5167 2718 5218 καὶ
2760 5165 3047 5236 μάστιγας,
3093 5163 3185 5217 ἐπὶ
3214 5162 3291 5232 τῷ
3320 5160 3413 5214 τὸν
3461 5158 3609 5210 έλεον
3652 5155 3727 5225 μὴ

2151 5257 2454 5327 ἀποστῆσαι
2514 5257 2622 5311 ἀπὸ
2682 5256 2777 5310 τοῦ
2832 5255 3045 5326 Πατρὸς
3091 5253 3297 5317 αὐτῶν,
3343 5249 3589 5305 τουτέστι
3631 5247 3725 5299 τοῦ

2150 5346 2412 5418 Χριστοῦ,
2446 5346 2700 5416 τοιαύτης
2746 5345 3038 5415 θεραπείας
3082 5343 3366 5413 δεομένων.
3408 5359 3425 5390 ι
3472 5335 3727 5390 Ἐπισκέ-

2151 5443 2323 5511 ψομαι
2350 5460 2367 5490 ι
2406 5438 2534 5510 γὰρ,
2565 5439 2726 5508 φησὶν
2744 5478 2757 5503 ,
2796 5458 2812 5488 ι
2838 5439 2894 5489 ἐν
2925 5437 3103 5509 ῥάϐδῳ
3131 5436 3229 5497 τὰς
3263 5431 3490 5525 ἀνομίας
3519 5429 3721 5493 αὐτῶν,

545 5557 632 5613 ⁸³1
668 5560 858 5619 Thess.
890 5580 951 5631 tt,
984 5566 1071 5621 16.
1148 5566 1194 5599 ’⁵⁵
1227 5563 1384 5621 Joan.
1411 5584 1544 5635 xvn,
1577 5570 1631 5625 6.
1707 5569 1753 5601 “
1792 5571 1921 5625 ibid.
1970 5571 2056 5626 10.

2162 5575 2178 5605 ⁸
2207 5573 2223 5627 Ι
2256 5573 2381 5627 Cor.
2418 5587 2494 5638 tv,
2528 5572 2616 5626 21.
2694 5573 2737 5604 ⁸⁷
2769 5573 2858 5628 Ps.
2885 5588 3149 5637 Luxvut,
3178 5573 3267 5637 5'3,
3292 5572 3379 5626 54.

685 5704 801 5779 Tit?
836 5710 1258 5779 κληρονομίαν,
1282 5723 1388 5765 ctc.
1427 5714 1467 5767 E
1494 5714 1707 5769 scltcdis
1740 5715 1943 5769 Grahii.

546 5775 657 5845 (Ili)
692 5774 801 5828 Καὶ
831 5778 987 5844 παμά
1022 5774 1108 5844 τῷ
1141 5774 1494 5847 Ἀποιγτόιίιιῃ
1523 5793 1628 5837 ctc.
1659 5786 1697 5837 Ε
1726 5788 1911 5840 codice
1936 5787 2039 5843 lia-

2148 5715 2500 5843 lgocfianuxt
2533 5716 2747 5773 schedia
2773 5717 3100 5777 Conibeﬁsii.
3125 5716 3307 5774 Latine
3334 5725 3553 5774 exstant
3579 5718 3721 5787 apud

2195 5803 2253 5838 .tl'
2280 5801 2467 5838 ιλιιυιιι.

2195 5806 2218 5836 .Ι
2232 5801 2319 5838 I'Dit
2331 5801 2387 5837 ιύ
2398 5802 2443 5837 ιιι
2455 5818 2467 5838 δ
