4058 6244
402 251 438 311 ι’
453 253 555 312 Ϊο9

1442 245 1753 307 SELECTA
1794 248 1860 303 IN
1890 239 2224 302 PSALMDS.
2258 276 2327 292 -
2356 244 2553 303 PSAL.
2585 243 2652 302 ll.

3551 241 3689 298 HlD

404 379 512 431 καὶ
545 378 602 428 ἑν
635 374 854 447 μάστιξι
884 374 981 439 τὰς
1011 373 1284 445 ἁμαρτίας
1314 372 1517 426 αὐτῶνθ
1548 373 1608 426 τὸ
1638 373 1693 427 δὲ
1725 373 1870 436 ἔλεός
1904 390 1993 443 μοι⁴

2115 372 2430 441 dispergam
2479 369 2547 422 ab
2586 383 2671 424 eo.
2711 386 2728 417 ι
2762 365 2944 434 Quare
2994 373 3046 419 et
3091 365 3202 432 ipse
3231 362 3485 418 Christus
3539 363 3692 430 virga

403 468 475 521 οὐ
508 467 582 537 μὴ
609 466 945 519 διασκεδὰσω
988 466 1083 518 ἀπ’
1116 463 1303 516 αύτοῦ.
1340 483 1358 514 ι
1396 463 1492 515 Διά
1530 462 1689 515 τοῦτο
1722 463 1816 516 καὶ
1847 462 2006 526 αὐτὸς

404 559 440 613 ὁ
502 556 735 621 Χριστὸς
790 554 982 628 ρἅδος
1041 551 1181 609 εἶναι
1233 555 1385 626 παρὰ
1422 554 1499 625 τῷ
1534 554 1734 623 Ἡσαΐᾳ
1767 553 2005 621 λέγεται.

422 648 571 700 Ἀλλ’
605 648 737 701 ἑπεί
770 665 915 710 τινες
947 647 1007 700 ού
1046 646 1251 699 δέονται
1279 647 1376 716 τῆς
1406 648 1462 697 ἑν
1491 645 1817 717 σκληρότητι
1864 646 2009 713 ἀγω-

406 737 524 807 γῆς
548 739 776 801 ἑαυτοὺς
807 738 1143 810 παρέχοντες
1166 737 1352 801 ἀξίους
1376 737 1477 806 τῆς
1497 737 1866 809 χρηστότητος
1896 736 2007 789 τῶν

410 825 793 898 θεωρημάτων
850 828 943 881 τοῦ
994 828 1186 896 λόγου,
1224 828 1318 880 καὶ
1360 827 1518 890 ἄνθος
1565 828 1717 899 παρὰ
1744 826 1823 897 τῷ
1860 818 2012 893 αύτῷ

410 921 677 992 προφήτῃ
709 920 1064 991 ὀνομάζεταισ
1113 937 1131 972 ι
1181 916 1553 983 Ἐξελεύσεται
1627 918 1775 989 γὰρ,
1832 918 2003 989 φησι,

415 1010 617 1082 ῥάϐδος
648 1016 712 1067 ὲκ
744 1015 843 1086 τῆς
910 1012 1067 1084 ῥίζης
1102 1012 1320 1077 Ἱεσσαῖ,
1347 1012 1439 1064 καὶ
1460 1010 1617 1074 ἄνθος
1645 1012 1708 1063 ὲκ
1727 1008 1827 1081 τῆς
1853 1011 2007 1081 ῥίζης

414 1103 774 1174 ἀναϐήσεται,
812 1103 905 1156 καὶ
934 1101 1307 1155 ἀναπαύσεται
1340 1104 1424 1155 ἐπ’
1448 1103 1607 1156 αὑτὸν
1646 1102 1873 1172 Πνεῦμα
1913 1103 2006 1156 τοῦ

411 1194 575 1257 Θεοῦ,
613 1194 826 1265 πνεῦμα
859 1196 1048 1265 σοφίας
1087 1197 1181 1249 καὶ
1225 1195 1525 1258 συνέσεως,
1564 1194 1780 1265 πνεῦμα
1814 1194 2007 1266 βουλῆς

413 1285 515 1338 καί
565 1284 781 1356 ἰσχύος,
824 1286 1042 1358 πνεῦμα
1094 1286 1348 1357 γνώσεως
1407 1288 1499 1340 καὶ
1549 1287 1852 1351 εὐσεϐείας,
1910 1289 2007 1341 καὶ

412 1377 685 1448 ἐμπλήσει
708 1378 868 1431 αὐτὸν
896 1376 1111 1450 πνεῦμα
1144 1378 1313 1447 φόϐου
1348 1377 1502 1431 Θεοῦ.
1531 1396 1548 1427 i
1568 1377 1794 1431 Ῥάϐδου
1824 1380 2006 1432 τοίνυν

410 1468 625 1522 δέονται
656 1487 746 1522 ποι
753 1471 942 1540 μαινού
951 1488 1047 1542 σης
1063 1473 1109 1523 οῖ
1128 1471 1461 1541 κτηνωδέστε
1470 1488 1552 1539 ροι
1578 1470 1683 1524 τῶν
1700 1470 1776 1541 τῷ
1788 1471 1906 1542 Θεῷ
1921 1472 2006 1525 διὰ

415 1560 659 1630 Χριστοῦ
706 1562 1181 1632 προσερχομένων.
1228 1561 1540 1631 Ἀναγκαῖον
1591 1562 1647 1614 δὲ
1697 1562 2005 1627 ἀκολούθως

417 1650 593 1702 σῶσαι
624 1650 740 1714 πῶς
771 1654 798 1704 6
827 1652 1016 1724 Πατὴρ
1045 1653 1122 1724 τῷ
1156 1653 1271 1723 Υῖῷ
1303 1671 1465 1725 φησιν
1489 1656 1517 1707 6
1538 1654 1660 1718 δοὺς
1688 1656 1836 1725 αύτῷ
1871 1655 2003 1727 κλη-

2110 463 2311 517 dicitur
2341 463 2409 515 ab
2433 461 2603 525 Isaia;
2634 462 2730 515 sed
2755 460 3013 530 quoniam
3043 467 3169 511 sunt
3195 456 3438 510 nonnulli
3468 457 3558 525 qui
3587 470 3691 509 non

2111 554 2357 621 indigent
2385 552 2651 621 asperiori
2676 550 2983 619 disciplina,
3011 565 3134 603 cuiu
3163 549 3372 615 seipsos
3402 548 3694 602 exhibeant

2114 646 2305 716 dignos
2340 645 2676 712 benignitate
2724 653 3117 712 praeceptorum
3158 642 3333 703 verbi,
3382 640 3481 693 flos
3524 642 3691 694 etiam

2113 738 2180 790 ab
2205 737 2395 791 eodem
2425 738 2695 805 propheta
2734 735 3071 788 nominatur.
3103 752 3121 784 ι
3161 734 3480 801 Egredietur
3511 735 3685 796 enim.

2110 829 2289 898 inquit
2321 828 2392 892 “‘,
2428 829 2578 896 virga
2627 826 2693 881 de
2749 827 2930 880 radice
2969 824 3141 888 Jessc,
3173 836 3228 880 et
3270 826 3367 880 llos
3396 827 3462 879 de
3502 824 3690 878 radice

2109 922 2396 983 ascendet,
2443 929 2498 973 et
2536 920 2839 987 requiescet
2880 933 3046 985 super
3090 933 3213 971 eum
3263 918 3502 986 Spiritus
3553 915 3685 982 Dei,

2110 1011 2334 1079 spiritus
2360 1010 2640 1079 sapientia:
2672 1022 2727 1063 et
2761 1009 3095 1073 intellectus,
3129 1010 3357 1076 spiritus
3386 1010 3603 1065 consilii
3635 1020 3693 1065 et

2109 1102 2471 1165 fortitudinis,
2503 1102 2728 1171 spiritus
2765 1102 3009 1156 scientiae
3050 1111 3105 1155 et
3137 1102 3378 1169 pietatis,
3428 1112 3481 1155 et
3514 1102 3691 1171 reple-

2110 1196 2187 1249 bit
2217 1210 2338 1250 eum
2378 1195 2605 1263 spiritus
2632 1194 2845 1248 timoris
2872 1193 2987 1247 Dei.
3035 1213 3052 1245 ι
3089 1192 3340 1263 Iudigeut
3379 1209 3510 1263 ergo
3541 1197 3690 1263 virga

2110 1296 2368 1355 pascente
2404 1295 2681 1355 quotquot
2732 1301 2799 1339 ex
2834 1286 2901 1339 iis
2931 1286 3023 1354 qui
3096 1286 3163 1337 ad
3199 1286 3366 1338 Deum
3408 1300 3506 1355 per
3534 1285 3693 1339 Chri-

2108 1390 2252 1433 stum
2287 1380 2576 1441 accedunt,
2622 1378 2888 1449 pecudum
2947 1393 3097 1432 more
3160 1378 3366 1430 vivunt.
3424 1377 3691 1431 Cieieriim

2109 1472 2463 1526 considerare
2484 1487 2619 1539 opus
2642 1480 2725 1525 est
2758 1470 3032 1539 quomodo
3060 1470 3217 1523 Pater
3246 1471 3335 1539 qui
3372 1469 3520 1522 dedit
3554 1467 3695 1521 Filio

2108 1575 2295 1634 gentes
2326 1568 2377 1616 in
2425 1564 2827 1627 limreditatein,
2869 1572 2923 1616 et
2968 1564 3021 1616 iu
3060 1563 3465 1632 possessionem
3502 1564 3692 1614 termi-

2111 1672 2208 1710 nos
2235 1665 2423 1713 terrae.
2453 1656 2501 1708 ei
2533 1656 2679 1708 dicat
2706 1675 2718 1709 ;
2750 1673 2767 1705 ι
2805 1653 3087 1722 Tanquam
3124 1668 3227 1706 ras
3260 1652 3407 1723 figuli
3447 1652 3693 1706 confrin-

416 1741 674 1812 ρονομίαν
731 1743 799 1796 τά
834 1719 995 1815 ἔθνη,
1043 1719 1136 1798 καὶ
1172 1719 1497 1817 κατάσχεσιν
1539 1746 1606 1800 τὰ
1653 1719 1868 1817 πέρατα
1902 1719 1993 1818 της

2108 1761 2204 1815 ges
2239 1746 2529 1811 eos.iQtiis
2561 1746 2704 1799 enim
2732 1743 2825 1798 dat
2849 1745 3249 1807 haereditatein,
3296 1754 3353 1797 ut
3376 1755 3693 1797 conteratur

412 1829 540 1899 γῆς·
572 1849 590 1880 ι
614 1829 702 1895 Ὧς
739 1831 933 1896 σκεῦος
966 1836 1249 1905 κεραμέως
1279 1836 1587 1908 συντρίψεις
1612 1838 1827 1901 αὐτούς.
1850 1859 1867 1889 ι
1906 1840 2002 1903 Τίς

412 1922 527 1993 γὰρ
558 1922 740 1975 δίδωσι
784 1925 1148 1997 κληρονομίαν
1191 1927 1289 1980 ἐπὶ
1324 1927 1403 1999 τῷ
1448 1929 1798 2001 συντριϐῆναι
1833 1931 2001 2002 αὐτὴν

414 2015 523 2067 ὑπὸ
546 2015 637 2068 τοῦ
663 2016 1156 2087 κληρονομοῦντος;
1192 2021 1442 2074 Δεικτέον
1471 2017 1562 2076 οὖν
1582 2022 1699 2075 ἀπὸ
1720 2023 1828 2076 τῶν
1859 2026 1896 2076 Γ
1902 2043 1999 2095 ρα-

414 2108 532 2175 φῶν
565 2108 662 2178 τὴν
692 2108 984 2181 συντριϐήν
1012 2128 1171 2164 τινων
1218 2112 1429 2167 κεῖσθαι
1480 2115 1566 2167 ἐπ’
1610 2116 1866 2188 ὠφελείᾳ.
1899 2118 2001 2171 E6;-

417 2218 581 2272 ρομεν
632 2201 695 2272 δὴ
760 2202 818 2255 ἑν
850 2202 926 2274 τῷ
985 2205 1351 2277 πεντηκοστῷ
1387 2206 1590 2279 ψαλμῷ
1627 2210 1716 2274 τὸ,
1777 2229 1794 2260 i
1831 2210 2003 2265 Θυσία

414 2290 493 2362 τῷ
544 2291 663 2363 Θεῷ
713 2293 932 2365 πνεῦμα
979 2298 1477 2369 συντετριμμένονθ
1539 2300 1769 2373 καρδίαν
1812 2320 1998 2357 συντε-

414 2384 721 2456 τριμμένην
761 2386 859 2439 καῖ
905 2390 1383 2461 τεταπεινωμένην
1427 2393 1455 2444 6
1500 2392 1633 2456 Θεὸς
1692 2393 1791 2447 ούκ
1850 2396 2000 2461 ἐξου-

411 2474 659 2530 δενώσει·
704 2496 720 2527 ι
788 2478 881 2530 καί
942 2480 1000 2533 ἑν
1052 2481 1222 2551 ἑτέρῳ
1271 2485 1528 2557 προφήτῃ
1583 2489 2001 2557 προστακτικῶς

411 2568 701 2640 λεγόμενον
733 2571 825 2635 τὸ,
885 2591 903 2623 ‹
949 2573 1080 2625 Ἀπὸ
1134 2575 1425 2646 συντριϐἧς
1481 2578 1789 2649 πνεύματος
1847 2581 2000 2652 ὑμῶν

411 2659 708 2727 ὀλολύξετε.
741 2682 759 2713 υ
822 2663 1031 2718 Οὐκοῦν
1080 2665 1299 2737 πνεῦμά
1349 2669 1495 2722 ἐστιν
1534 2670 1593 2721 ἑν
1626 2673 1755 2741 ἡμῖν
1796 2672 1823 2725 ὃ
1877 2690 2000 2725 συν-

411 2749 595 2820 τρῖψαι
648 2752 747 2817 δεῖ,
793 2754 879 2807 ἵνα
932 2754 1212 2826 συντριϐὲν
1259 2756 1481 2828 γένηται
1529 2760 1689 2815 θυσία
1732 2762 1809 2832 τῷ
1856 2764 1993 2835 Θεῷ.

412 2840 521 2895 Καὶ
569 2842 621 2894 τί
660 2842 726 2905 ἂν
766 2843 892 2898 ἄλλο
954 2845 1107 2899 τοῦτο
1152 2847 1236 2917 εἴη
1268 2848 1299 2919 ἢ
1350 2850 1412 2902 τὸ
1442 2855 1643 2924 χεῖρον,
1678 2855 1812 2925 ὅπερ
1848 2856 1999 2924 ὑγιὲς

414 2932 515 3001 μὲν
566 2931 702 2990 εἶναι
762 2937 911 2991 δοκεῖ
980 2940 1069 2992 ὅτε
1133 2942 1382 3013 ἑνεργεῖο
1453 2946 1831 3018 συντέτριπται
1894 2950 1993 3015 δὲ’,

2107 1840 2173 1892 ab
2198 1839 2433 1892 limredc?
2455 1837 2861 1893 Osteudcndiim
2890 1838 3055 1908 igitur
3068 1846 3151 1891 est
3178 1852 3206 1890 e
3229 1837 3528 1907 Scripturis
3555 1852 3693 1905 quo-

2105 1932 2351 1983 rumdam
2383 1931 2770 1985 contritionem
2801 1932 2924 2000 poni
2948 1943 3204 1999 tanquam
3234 1930 3441 1983 utilem.
3472 1930 3692 1982 Inveni-

2105 2041 2224 2080 inus
2249 2027 2445 2095 quippe
2478 2026 2530 2078 in
2558 2025 3011 2096 quinquagesimo
3038 2024 3247 2093 psalmo
3277 2023 3404 2077 illud
3426 2023 3505 2077 δτι
3535 2041 3553 2073 ι
3587 2022 3690 2077 Sa-

2104 2117 2370 2171 crificium
2391 2117 2499 2171 D‘eo
2520 2118 2747 2187 spiritus
2765 2116 3183 2179 contribulatus.
3201 2130 3296 2170 cor
3318 2115 3614 2170 contritum
3634 2121 3692 2168 et

2105 2208 2446 2263 liuiuiliatiiin
2472 2208 2613 2264 Deus
2638 2224 2741 2263 non
2762 2208 3046 2277 despiciet.
3073 2227 3091 2260 ι
3117 2208 3180 2261 Et
3204 2208 3272 2261 ab
3299 2208 3405 2260 alio
3428 2205 3688 2276 propheta

2102 2301 2468 2371 pra'cipiendo
2501 2301 2699 2355 dicitur
2723 2300 2855 2353 illud
2877 2300 2955 2352 ⁵ος
2984 2318 3003 2351 ‹
3033 2299 3147 2352 Ριτιε
3175 2297 3505 2352 contritione
3523 2296 3691 2366 spiri-

2106 2405 2193 2449 tus
2221 2394 2384 2448 vestri
2415 2393 2718 2448 ululabilis.
2735 2391 3002 2462 iSpiritus
3021 2406 3150 2460 ergo
3169 2391 3221 2444 in
3242 2391 3396 2444 nobis
3418 2398 3501 2444 est
3526 2403 3687 2458 quem

2104 2484 2263 2557 543
2292 2482 2577 2540 eoiiterere
2609 2494 2850 2553 oportet,
2902 2494 2959 2539 ut
3007 2484 3278 2538 contritus
3330 2482 3424 2535 fiat
3468 2479 3687 2535 sacrifi-

2102 2577 2246 2629 cium
2292 2575 2427 2630 Deo.
2480 2575 2549 2630 Et
2584 2577 2710 2645 quis
2744 2575 2882 2630 alius
2926 2581 3027 2630 iste
3061 2574 3225 2628 fuerit
3256 2588 3418 2642 quam
3448 2573 3689 2626 deterior

2101 2669 2192 2737 qui
2258 2683 2422 2722 sanus
2461 2670 2677 2738 quidem
2727 2684 2847 2722 esse
2902 2668 3156 2731 videtur,
3218 2681 3342 2720 cuin
3386 2674 3681 2733 operatur;

2103 2761 2409 2816 conteritur
2456 2771 2661 2828 autem,
2696 2776 2820 2814 cum
2857 2760 3025 2814 verbo
3077 2759 3167 2812 Dei
3212 2758 3356 2811 vires
3389 2757 3506 2825 ejus
3549 2772 3683 2810 con-

2105 2853 2386 2924 fregimus.
2421 2851 2624 2907 Verum
2680 2861 2735 2905 et
2788 2853 2840 2904 in
2892 2852 3048 2905 nobis
3095 2865 3192 2902 cur
3241 2848 3512 2918 quoddam
3568 2857 3684 2912 est,

2102 2948 2245 3017 quod
2276 2945 2593 3015 aliquando,
2626 2959 2748 2999 cum
2771 2943 2840 2997 ob
2871 2957 3127 3012 perversa
3158 2941 3410 3011 dogmata
3444 2941 3682 2994 inunum

406 3026 498 3081 ὅτε
531 3026 674 3098 λόγῳ
707 3029 841 3083 Θεοῦ
887 3031 987 3095 τὰς
1028 3031 1287 3104 δυνάμεις
1319 3036 1484 3089 αὑτοῦ
1523 3039 1991 3112 συνεθραύσαμεν.

2102 3038 2271 3093 velati
2336 3037 2561 3089 noxium
2612 3049 2813 3103 corpus
2865 3043 3250 3103 coagmentata
3302 3030 3583 3086 cﬂ'erimur
3629 3040 3685 3085 et

426 3118 586 3172 Ἀλλά
618 3119 714 3174 καῖ
742 3122 940 3193 καρδία
988 3140 1072 3187 τις
1112 3127 1169 3177 ὲν
1212 3128 1344 3197 ήμῖν
1392 3128 1626 3199 ὑπάρχει
1672 3132 1799 3184 ποτὲ
1852 3134 1994 3203 μέγα

411 3210 702 3281 φρονοῦσιν
734 3214 828 3265 ἐπὶ
859 3215 1157 3287 μοχθηροῖς
1194 3218 1425 3289 δόγμασι
1473 3226 1995 3297 σεσωματοποιημέ-

411 3317 522 3364 νοις
553 3306 638 3364 εἰς
666 3303 893 3373 ἑνότητα
932 3307 1125 3378 είρμοῦ
1162 3310 1428 3383 ἑπιϐλάϐη
1459 3312 1751 3384 ὁλόκληρος
1781 3317 1995 3389 νομιζο-

414 3392 546 3464 μένη
573 3394 667 3447 καὶ
699 3396 989 3469 μετέωρος,
1026 3399 1091 3469 ἢν
1118 3400 1415 3469 ἀναγκαῖον
1457 3407 1741 3477 συντρίψαι
1776 3410 1869 3462 καὶ
1897 3428 1993 3464 τα-

412 3484 692 3550 πεινῶσαι,
727 3488 814 3550 ἶν’,
844 3489 1015 3554 οὕτως
1039 3492 1353 3566 ἀποθεμένη
1382 3496 1443 3548 τὸ
1471 3497 1564 3551 τοῦ
1597 3499 1991 3564 ὲξουθενεῖσθαι

413 3576 515 3629 ὑπὸ
540 3576 674 3630 Θεοῦ
704 3574 844 3633 εἶναι
867 3580 1014 3645 ἀξία,
1041 3584 1264 3654 γένηται
1290 3589 1346 3639 ὲν
1378 3595 1709 3663 προσαγωγῇ
1739 3593 1890 3665 παρά
1913 3594 1991 3665 τῷ

409 3665 753 3739 ἀμειϐομένω
783 3670 909 3734 τοὺς
956 3673 1315 3745 αἰσθομένους
1341 3678 1568 3745 ἑαυτῶν,
1613 3683 1705 3735 καὶ
1738 3685 1993 3748 κακίζον-

411 3773 504 3820 τας
540 3758 638 3829 μὲν
676 3760 774 3831 τὴν
818 3762 1062 3833 πονηρὰν
1096 3766 1276 3819 αὐτῶν
1315 3768 1574 3835 διάθεσιν,
1620 3776 1991 3845 προσφεύγον-

408 3865 505 3913 τας
525 3849 581 3902 δὲ
611 3854 676 3922 τῇ
710 3855 1036 3927 χρηστότητι
1069 3858 1163 3911 τοῦ
1201 3859 1364 3929 μόνου
1400 3863 1759 3936 εὐεργετῆσαι
1792 3869 1989 3934 αὐτοὺς

403 3938 698 4011 δυναμένου
736 3944 893 3999 Θεοῦ.
922 3948 1098 4018 Σαφὲς
1129 3950 1184 4003 δὲ
1220 3952 1314 4005 καὶ
1343 3954 1407 4005 ὲκ
1438 3954 1545 4007 τῶν
1576 3960 1988 4030 προειρημένων

408 4032 496 4085 καὶ
508 4032 589 4100 τὸ,
613 4054 631 4086 ι
676 4036 807 4090 Ἀπὸ
825 4041 1112 4113 συντριϐἧς
1134 4044 1441 4114 πνεύματος
1460 4048 1488 4099 ὑ
1496 4048 1613 4118 μῶν
1629 4049 1925 4118 ὀλολύξετε.
1964 4073 1982 4104 ι

409 4121 571 4178 Ὅνπε
578 4144 610 4197 ρ
626 4122 717 4180 οῦν
732 4130 932 4199 τρόπον
950 4132 1166 4205 πνεῦμα
1181 4140 1637 4209 συντετριμμένον
1652 4142 1811 4197 θυσία
1828 4163 1989 4217 προσ-

407 4215 593 4267 ακτέον
652 4217 729 4288 τῷ
773 4220 911 4290 Θεῷ,
960 4224 1054 4276 καὶ
1102 4225 1327 4296 καρδίαν
1374 4233 1840 4303 συντετριμμένην
1875 4215 1987 4290 καὶ

405 4309 877 4380 τεταπεινωμένην
905 4313 984 4383 τῷ
1017 4316 1196 4380 καλῶς
1245 4318 1416 4389 αὐτὴν
1462 4323 1520 4374 ὲν
1565 4323 1777 4389 τούτοις
1821 4344 1982 4397 γεγο-

2103 3129 2396 3201 magnifice
2424 3128 2718 3190 sentimus,
2750 3126 3022 3194 integrum
3056 3132 3109 3178 et
3141 3124 3372 3178 sublime
3398 3123 3683 3177 existima-

2105 3229 2215 3275 tur.
2277 3219 2408 3272 llliid
2439 3217 2833 3272 conterendum
2885 3223 2967 3269 est
2999 3223 3058 3269 ut
3087 3215 3336 3285 deposito
3364 3228 3428 3267 eo
3457 3223 3683 3282 propter

2098 3313 2241 3381 quod
2273 3328 2303 3365 a
2363 3311 2471 3365 Deo
2510 3308 2940 3379 despiciebatiir,
2995 3309 3224 3362 accedat
3271 3307 3338 3358 ad
3392 3304 3541 3358 illum
3586 3305 3680 3375 qui

2097 3412 2412 3457 reinuncrat
2439 3417 2533 3457 cos
2565 3404 2658 3473 qui
2689 3403 2770 3457 sui
2806 3416 3027 3456 sensum
3062 3401 3294 3463 habent,
3330 3400 3534 3470 quiQIic
3554 3414 3682 3469 pra-

2096 3513 2192 3552 vos
2224 3511 2352 3552 suos
2385 3496 2699 3566 improbant
2731 3495 2977 3559 habitus,
3011 3504 3067 3550 et.
3095 3493 3416 3564 confugiunt
3461 3495 3528 3549 ad
3577 3494 3676 3549 Dei

2095 3592 2398 3645 bonitatem
2449 3590 2544 3660 qui
2596 3590 2743 3643 soliis
2783 3598 2965 3659 potest
2999 3589 3079 3643 eis
3115 3588 3459 3643 benefacere.
3501 3586 3678 3643 Mani-

2095 3682 2292 3738 festum
2349 3690 2430 3737 est
2482 3682 2647 3736 etiam
2674 3693 2743 3732 ex
2774 3680 3054 3750 praedictis
3089 3679 3222 3733 illud
3261 3699 3293 3733 εν
3317 3699 3335 3730 ι
3396 3680 3511 3734 Prae
3546 3695 3677 3735 cou-

2095 3773 2327 3828 triiione‘
2362 3772 2585 3853 spiritus
2602 3770 2769 3826 vestri
2794 3769 3089 3824 ululabilis.
3134 3788 3152 3822 ι
3174 3798 3177 3799 ν
3203 3769 3677 3837 Quemadmodum

2096 3863 2264 3934 igitur
2291 3864 2517 3931 spiritus
2546 3862 2814 3917 contritus
2846 3859 3161 3915 offerendos
3205 3870 3291 3915 est
3337 3859 3447 3916 Deo
3497 3862 3550 3915 in
3583 3876 3675 3916 sa-

2089 3956 2381 4021 crificium,
2436 3964 2627 4010 ct’cor
2681 3954 2981 4009 contritum
3016 3963 3071 4007 ct
3123 3953 3468 4007 liumiliatum
3524 3956 3674 4024 quod

2091 4048 2319 4118 pulchre
2356 4064 2416 4104 se
2459 4049 2511 4102 in
2550 4047 2632 4102 his
2671 4045 2929 4114 gesserit;
2972 4059 3079 4099 non
3132 4045 3367 4113 despicit
3423 4046 3582 4112 Deus,
3619 4058 3675 4103 et

2091 4138 2353 4193 ululatum
2394 4154 2514 4209 prae
2547 4138 2879 4194 contritione
2920 4140 3145 4207 spiritus
3195 4140 3456 4193 emissum
3504 4143 3675 4195 exau-

2089 4232 2197 4297 dit;
2249 4233 2330 4287 sic
2360 4233 2614 4287 contritio
2647 4232 2894 4301 quaedam
2934 4231 3287 4303 intelligenda
3334 4235 3463 4297 erit,
3503 4249 3671 4302 quam

2088 4337 2348 4398 operatur
2380 4325 2634 4380 Christus
2663 4324 2754 4393 qui
2789 4335 2846 4377 ut
2893 4323 3115 4377 obediat
3144 4323 3291 4377 Patri
3323 4339 3350 4377 a
3383 4339 3489 4394 quo
3514 4340 3672 4380 accc.

405 4396 552 4489 νέναι
582 4396 685 4448 οὐκ
712 4397 1037 4489 ἐξουθενεῖό
1070 4404 1222 4471 Θεὸς,
1259 4406 1355 4459 καὶ⁸
1386 4408 1682 4482 ὀλολυγμὸν
1719 4415 1827 4469 ἀπὸ
1861 4396 1983 4471 συν-

2098 4396 2161 4488 pii
2195 4426 2387 4488 gentes
2418 4414 2473 4468 in
2506 4414 2906 4475 limreditatem,
2938 4422 2995 4467 et
3033 4414 3085 4467 in
3127 4415 3525 4484 possessionem
3560 4425 3671 4470 ter-

407 4485 593 4556 τριϐῆς
625 4488 936 4560 πνεύματος
972 4494 1430 4568 ἀναπεμπόμενον
1464 4505 1776 4573 προσίεται’
1811 4508 1983 4575 οὓτως

407 4579 691 4671 συντριϐήν
738 4593 860 4638 τινα
910 4589 1174 4659 νοήσομεν
1221 4591 1287 4660 ἥν
1336 4592 1630 4663 ἐργάζεται
1680 4600 1710 4650 6
1748 4600 2005 4671 Χριστὸς

406 4669 717 4763 πειθόμενος
749 4676 828 4747 τῷ
858 4677 999 4734 δόντι
1027 4681 1270 4752 αὐτῶντά
1298 4684 1425 4758 ἔθνη
1458 4669 1847 4763 κληρονομίαν,
1886 4698 1982 4749 κα)⁸

404 4760 494 4831 τὴν
538 4764 865 4836 κατάσχεσιν
898 4770 966 4824 τά
1005 4772 1216 4843 πέρατα
1263 4776 1362 4847 τῆς
1404 4779 1527 4849 γῆς,
1560 4782 1620 4833 τὸ
1655 4760 1855 4851 γεῶδες
1886 4790 1981 4841 καὶ

405 4851 578 4906 ὑλικὸν
594 4856 703 4948 ἀπὸ
722 4859 829 4912 τῶν
856 4862 1045 4917 παθῶν
1065 4865 1160 4917 καῖ
1185 4866 1294 4919 τῶν
1314 4869 1412 4938 τῆς
1440 4868 1638 4936 κακίας
1669 4875 1975 4948 ίδιωμάτων

403 4947 828 5019 προσγενόμενον
867 4957 934 5025 τῇ
964 4954 1108 5027 ψυχῇ
1146 4958 1483 5031 συνθραύων,
1518 4964 1641 5018 καθ’
1690 4968 1720 5019 ὃ
1761 4947 1977 5025 είδωλοο

405 5034 586 5134 λάτραι
778 5045 872 5096 καὶ
897 5047 1104 5119 πόρνοι.
1134 5050 1245 5103 Καὶ
1273 5050 1382 5122 γὰρ
1407 5052 1625 5121 λέγεται
1657 5059 1714 5111 ἑν
1743 5060 1975 5134 ἑϐδομη-

403 5127 569 5219 κοστῴ
614 5130 828 5204 ἑϐδόμῳ
879 5135 1111 5209 ψαλμῷ·
1152 5160 1171 5191 ι
1214 5141 1343 5195 Ὅτε
1385 5146 1708 5203 ἀπέκτεινεν
1752 5127 1970 5219 αὐτοὺς,

400 5215 509 5315 τότε
554 5220 780 5315 ἑςήτουν
833 5227 1015 5291 αὑτὸν,
1065 5232 1159 5283 καὶ
1191 5234 1526 5305 ἐπέστρεφον
1573 5240 1666 5292 καί
1706 5215 1973 5315 ὤρθριζον

401 5306 529 5406 πρὸς
563 5310 652 5406 τὸν
683 5313 837 5382 Θεὸν,
873 5319 967 5371 καὶ
1013 5322 1382 5393 ἐμνήσθησαν,
1421 5328 1502 5380 ὃτι
1535 5330 1564 5382 6
1597 5330 1730 5396 Θεὸς
1757 5306 1973 5406 ’βόηθὸς

399 5396 569 5494 αὐτῶν
608 5404 744 5468 ἑστι,
777 5408 872 5461 καὶ
914 5410 943 5461 6
990 5412 1122 5477 Θεὸς
1153 5415 1182 5466 ό
1216 5414 1438 5485 ὕψιστος
1471 5419 1751 5494 λυτρωτὴς
1781 5396 1972 5482 ἀὐτῶν

400 5488 548 5543 ἐστιν.
599 5512 620 5544 ι
655 5496 769 5548 Οὐκ
792 5498 991 5554 ἄτοπον
1015 5504 1195 5558 τοίνυν
1226 5507 1288 5560 τὸ
1316 5509 1489 5574 οὓτως
1518 5512 1960 5585 ἀποκτίννυσθαι,

2084 4509 2275 4563 minos
2318 4519 2515 4569 terrae,
2553 4514 2829 4559 terrenum
2880 4512 2955 4558 ρι’
2985 4505 3266 4559 materiale
3314 4519 3473 4559 omne
3523 4507 3668 4575 quod

2082 4598 2263 4651 anima
2292 4604 2647 4651 contraxerat
2671 4608 2737 4649 ex
2769 4592 3056 4649 aﬂizctibus
3083 4605 3143 4650 et
3171 4596 3392 4650 malitiae
3426 4599 3672 4666 pr0prie-

2082 4691 2304 4753 tatibus,
2324 4689 2576 4759 quodque
2606 4702 2701 4742 eos
2730 4686 3043 4741 idololairas
3070 4699 3126 4742 et
3145 4687 3507 4743 fornicatores
3531 4688 3667 4742 ell‘e-

2079 4792 2230 4836 cerat
2264 4782 2580 4849 confringit.
2626 4780 2831 4833 Dicitur
2859 4781 3009 4833 enim
3048 4781 3101 4833 in
3133 4781 3535 4851 septuagesimo
3577 4798 3668 4837 sc-

2084 4875 2254 4943 ptimo
2286 4872 2560 4943 psalmo“
2597 4888 2609 4924 :
2649 4888 2666 4920 ι
2704 4870 2841 4924 Cum
2873 4869 3154 4925 occideret
3182 4883 3298 4933 eos,
3344 4870 3666 4938 quwrebant

2082 4980 2231 5031 eum,
2281 4976 2335 5020 et
2390 4970 2827 5037 revertebantur,
2874 4979 2931 5025 et
2969 4967 3208 5024 diluculo
3259 4970 3554 5024 veniebant
3596 4973 3662 5024 ad

2084 5059 2276 5128 Deum,
2303 5070 2358 5117 et
2390 5067 2733 5119 rcmeuiorati
2764 5075 2891 5120 sunt
2945 5070 3089 5136 quod
3127 5070 3267 5125 Deus
3300 5070 3517 5138 adjutor
3567 5085 3664 5124 eo»

2084 5167 2203 5205 rum
2254 5163 2361 5219 est,
2386 5164 2442 5210 et
2473 5155 2613 5211 Deus
2651 5158 2901 5213 excelsus
2935 5162 3246 5232 redemptor
3267 5179 3457 5218 eorum
3484 5173 3587 5217 est.
3637 5181 3658 5215 ι

2079 5241 2198 5296 Non
2243 5243 2414 5313 igitur
2441 5248 2737 5302 absurdum
2774 5261 2859 5306 est
2903 5253 2974 5306 ita
3018 5256 3215 5318 occidi,
3273 5267 3441 5324 atque
3482 5266 3540 5310 ut
3568 5271 3664 5311 vas

2080 5335 2228 5405 figuli
2265 5339 2493 5391 conteri.
2532 5341 2668 5395 Nam
2699 5357 3021 5412 peccatores
3044 5386 3060 5409 ,
3093 5357 3364 5416 quatenus
3407 5358 3660 5419 peccato-

2079 5441 2188 5488 res.
2217 5439 2274 5480 ut
2317 5429 2392 5481 ait
2425 5433 2692 5500 prOpIieta
2723 5432 2992 5490 Jeremias
3033 5438 3104 5503 ⁸⁸,
3135 5454 3233 5493 ceu
3265 5455 3392 5494 vasa
3421 5450 3659 5497 testacea

2075 5536 2243 5589 opera
2287 5538 2542 5578 manuum
2589 5525 2736 5595 figuli
2774 5532 3180 5598 rcputatisunt.

459 5666 502 5754 ’ξ
529 5667 653 5726 lsai.
689 5691 762 5742 Il,
796 5676 810 5730 Ι
841 5687 890 5732 ct
927 5696 1079 5751 seqq.
1158 5685 1200 5715 δί’
1232 5683 1317 5741 Ps.
1355 5704 1402 5752 L,
1439 5688 1521 5744 19.
1600 5692 1643 5722 ¹⁹⁰
1669 5691 1793 5748 lsai.
1836 5710 1958 5763 LW,
1992 5748 1993 5751 η

2156 5700 2199 5732 ⁸⁸
2240 5701 2324 5757 Ps.
2372 5717 2579 5771 Luvii,
2608 5704 2695 5758 δι.
2778 5706 2864 5761 ".l
2893 5722 3044 5763 irem.
3081 5723 3151 5775 iv,
3180 5709 3234 5767 2.
