4058 6244
424 166 553 223 ιιιι

1811 188 1905 246 EX
1941 191 2240 250 ORIGENE

3567 185 3742 239 illi

422 290 456 358 ἢ
493 289 568 351 ὡς
611 288 803 354 σκεῦος
852 294 1138 364 κεραμέως
1187 297 1601 369 συντρίϐεσθαι·
1650 303 1742 356 καὶ
1781 303 1889 374 γὰρ
1937 307 1985 358 οἱ
2021 307 2360 380 ἁμαρτωλοὶ,
2415 311 2536 362 ὅσον
2598 309 2734 360 εἰσιν
2773 306 3111 377 ἁμαρτωλοὶ,
3164 303 3598 373 ἐλογίσθησαν,
3653 299 3740 358 ὗς

418 398 581 452 φησιν
612 383 641 435 ὁ
674 384 958 454 προφήτης
1005 385 1292 458 Ἱερεμίας,
1339 392 1419 453 εἰς
1444 391 1642 461 ἀγγεῖα
1671 395 1985 466 ὀστράκινα,
2027 397 2162 468 ἔργα
2191 399 2387 470 χειρῶν
2412 397 2712 468 κεραμέως.

494 473 772 543 Ejusdem.
823 477 878 529 Si
914 478 1051 548 regit
1082 484 1384 537 secundum
1414 488 1832 554 promissionem
1876 490 1991 554 Dei,
2023 500 2070 554 Α

421 580 550 637 ergo
607 582 697 620 rex
749 577 834 621 est
887 568 1156 626 Christus.
1199 572 1310 628 Rex
1363 587 1546 632 autem
1593 589 1678 634 est
1712 596 1904 651 regens
1941 583 1993 636 in

423 659 572 726 virga
605 658 806 722 ferrea,
837 670 891 712 et
917 672 1105 730 pastor
1139 666 1333 721 bonus.

488 748 772 816 Ejusdem.
801 749 963 822 Virga
1012 752 1128 821 Dei,
1162 765 1243 810 est
1275 767 1520 827 potestas
1565 761 1681 828 ejus
1707 771 1761 815 et
1790 764 1995 834 suppli-

417 838 560 892 cium
595 839 918 910 inlidelium,
953 843 1056 898 hoc
1092 855 1198 910 εει,
1243 847 1296 902 in
1339 865 1538 918 cruce;
1587 855 1745 925 cujus
1774 857 1992 926 quidem

417 931 648 986 materia
684 931 859 1004 lignea
895 945 1000 1002 est,
1037 938 1118 993 vis
1144 950 1323 995 autem
1365 943 1565 1001 ferrea.

488 1021 652 1078 Vens.
694 1025 779 1080 10.
823 1027 891 1080 Et
938 1045 1100 1095 nunc,
1143 1047 1310 1102 reges,
1347 1035 1648 1106 iutelligile,
1689 1041 1990 1110 erudimini,

422 1130 601 1170 omnes
649 1117 742 1187 qui
782 1117 1047 1186 judicalis
1079 1131 1294 1187 terram,
1347 1135 1457 1180 etc.
1509 1128 1622 1184 Non
1675 1132 1992 1206 alienutn‘a

419 1206 727 1263 Salvatoris
755 1210 1001 1267 bonitate
1031 1223 1114 1269 est
1137 1216 1472 1287 principibus
1495 1233 1552 1276 et
1578 1225 1797 1294 regibus
1833 1239 1992 1284 terra:

417 1303 509 1371 qui
549 1305 807 1361 adversus
838 1307 984 1362 illum
1019 1312 1367 1382 adstiterunt,
1403 1319 1583 1374 dicere
1618 1339 1632 1376 :
1674 1340 1692 1373 ι
1732 1323 1800 1378 Et
1823 1340 1989 1392 nunc,

420 1409 600 1461 reges,
641 1395 948 1469 iatelligite.
1007 1421 1026 1453 ι
1085 1403 1198 1459 Etsi
1249 1418 1407 1462 antea
1452 1410 1820 1479 imprudentes
1860 1418 1990 1474 mihi

421 1483 644 1539 insidias
673 1489 928 1555 parastis,
957 1500 1010 1545 at
1037 1509 1178 1548 nunc
1210 1497 1498 1563 prudentes
1523 1502 1846 1570 resipiscite.
1878 1505 1991 1561 Cte-

420 1585 593 1629 terum
621 1579 747 1645 quia
779 1595 881 1634 γωι
909 1582 1010 1636 ista
1042 1601 1060 1633 ι
1097 1595 1251 1640 terrm
1290 1606 1309 1639 ι
1348 1589 1525 1656 alteri,
1566 1611 1584 1642 ι
1620 1609 1793 1662 reges,
1843 1619 1862 1650 ι
1905 1600 1994 1651 ad-

417 1661 528 1714 dita
563 1679 669 1718 non
707 1675 810 1728 est,
840 1667 980 1724 forte
1008 1685 1193 1741 regum
1223 1676 1440 1732 nomine
1466 1691 1684 1737 sanctos
1712 1685 1986 1757 intelligit.

416 1750 550 1806 Nam
582 1757 796 1825 proprie
824 1773 917 1813 rex
942 1769 1026 1816 est
1049 1763 1140 1832 qui
1169 1765 1489 1822 innocenter
1513 1770 1780 1840 imperare
1805 1777 1975 1830 novit.

2175 491 2282 545 T013
2325 492 2531 546 αὐτοῦ.
2584 493 2646 544 Ei
2694 490 2966 560 ποιμαίνει
3011 488 3122 558 (77)
3170 487 3288 539 κατ’
3342 482 3748 552 ἐπαγγελίαν

2097 582 2252 649 Θεοῦ,
2280 583 2480 655 ποιμὴν
2511 579 2603 637 οῦν
2637 586 2664 636 ὁ
2695 582 2945 652 Χριστός.
2982 578 3270 649 Ποιμὴνδέ
3303 579 3427 630 ἐστι
3465 571 3748 646 maga!-

2097 692 2199 728 νων
2228 677 2284 728 ὲν
2315 675 2493 745 ῥάϐδῳ
2523 674 2738 744 σιδηρᾷ,
2770 675 2863 726 καὶ
2895 673 3097 746 ποιμὴν
3127 669 3308 734 καλός.

2173 764 2285 818 Τοῦ
2311 763 2516 818 αὑτοῦ.
2561 763 2780 826 Ῥάὸδος
2807 760 2942 815 Θεοῦ
2984 763 3017 832 ἡ
3051 759 3284 824 ἐξουσία,
3321 760 3356 830 ἡ
3400 756 3574 811 κατὰ
3603 754 3746 807 τῶν

2096 852 2459 906 ἀπειθούντων
2498 852 2756 924 τιμωρία,
2801 850 3078 904 τουτέστιν
3119 852 3175 901 ὲν
3225 849 3301 919 τῷ
3347 847 3632 920 σταυρῷ·
3693 847 3738 916 ἡ

2098 945 2197 1014 μὲν
2225 943 2333 1015 γὰρ
2367 943 2465 1014 ῦλη
2498 944 2674 1008 ξύλου,
2704 946 2737 1015 ή
2769 942 2825 996 δὲ
2864 943 3014 1012 ἰσχὺς
3050 941 3264 1012 σιδηρᾶ.

2163 1037 2271 1091 Kal
2307 1036 2438 1102 νῦν,
2467 1034 2766 1101 βασιλεῖς,
2800 1036 3035 1097 σύνετε,
3068 1030 3740 1099 παιδεύθητε,πόντες

2094 1131 2146 1181 οἱ
2165 1129 2471 1196 κρίνοντες
2493 1127 2607 1195 τὴν
2629 1127 2764 1198 γῆν,
2787 1144 2840 1179 κ.
2864 1143 2914 1179 τ.
2939 1127 2986 1178 ὲ.
3007 1125 3120 1178 Οὐκ
3141 1124 3418 1196 ἀλλότριον
3438 1121 3559 1193 μὲν
3582 1121 3732 1191 (78}

2094 1221 2190 1290 τῆς
2238 1219 2602 1290 χρηστότητος
2659 1217 2751 1270 τοῦ
2795 1217 3048 1288 Σωτῆρος
3094 1216 3154 1268 τὸ
3194 1219 3306 1278 τοῖς
3351 1214 3730 1284 meas-dm

2095 1311 2374 1382 βασιλεῦσι
2393 1312 2491 1382 τῆς
2515 1311 2617 1382 γῆς
2647 1308 2786 1380 μετά
2807 1309 2914 1362 τῶν
2940 1309 3216 1380 ἀρχόντων
3236 1306 3342 1359 τῶν
3377 1303 3730 1376 συναχθέν-

2093 1423 2200 1458 των
2229 1404 2347 1458 κατ’
2377 1402 2538 1458 αὑτοῦ
2567 1402 2743 1471 λέγειν
2774 1401 2859 1466 τὸ,
2901 1421 2918 1451 ι
2952 1401 3062 1455 Καὶ
3087 1399 3202 1464 νῦν,
3242 1397 3508 1467 βασιλεῖς,
3557 1396 3725 1449 σύν-

2095 1513 2183 1550 ετε
2204 1514 2216 1525 ·
2262 1515 2280 1547 ι
2311 1497 2360 1548 εἰ
2399 1494 2506 1564 γὰρ
2527 1494 2622 1547 καὶ
2649 1493 2914 1565 πρότερον
2948 1493 3309 1561 ἀγνοήσαντες
3335 1485 3724 1542 ἐπεϐουλεύ-

2097 1604 2246 1653 σατε,
2293 1585 2428 1640 ἀλλά
2477 1584 2572 1637 νῦν
2615 1584 2867 1646 συνέντες
2911 1582 3300 1653 μετανοήσατε.
3355 1579 3447 1647 Τῳ
3486 1577 3560 1629 δὲ
3620 1573 3721 1648 μὴ

2097 1676 2450 1751 προσκεῖσθαι
2479 1677 2539 1729 τὸ
2577 1694 2594 1726 ι
2648 1674 2747 1745 τῆς
2789 1673 2928 1744 γῆς,
2983 1691 3001 1722 ›
3059 1672 3269 1742 μήποτε
3307 1686 3325 1719 ι
3366 1666 3637 1737 βασιλεῖς
3683 1683 3710 1716 ι

2093 1771 2218 1833 τοὺς
2263 1769 2452 1837 ἁγίους
2493 1767 2691 1838 φησίν·
2734 1765 2937 1837 κυρίως
2968 1762 3077 1833 γὰρ
3120 1760 3370 1833 βασιλεὺς
3406 1762 3436 1813 ὁ
3485 1758 3718 1829 ἄρχειν

418 1844 702 1911 Quomodo
729 1859 908 1903 autem
937 1867 1030 1907 rex
1061 1868 1166 1909 non
1192 1857 1320 1923 erit,
1351 1861 1441 1930 qui
1471 1877 1698 1932 regnum
1721 1866 1982 1922 cmlorum

2095 1864 2450 1934 ἐπιστάμενος
2499 1858 2904 1921 ἀνυπευθύνως.
2953 1858 3076 1921 Πῶς
3124 1856 3180 1910 δὲ
3237 1855 3296 1908 οὐ
3343 1851 3618 1924 βασιλεὺς
3679 1854 3716 1902 ὁ

421 1935 784 2004 lnereditabit,
804 1938 967 2014 5M
989 1943 1191 2014 quique
1225 1946 1438 2007 futurus
1460 1965 1543 2008 est
1571 1954 1622 2009 in
1661 1972 1831 2027 regno
1855 1959 1987 2014 Dei?

416 2025 643 2098 Oportet
677 2041 857 2088 autem
895 2045 953 2089 ut
983 2039 1066 2092 vir
1105 2051 1351 2110 sanctus,
1384 2048 1473 2115 qui
1513 2025 1782 2118 imperare
1813 2067 1981 2108 cona-

419 2130 526 2187 tur,
563 2138 592 2177 a
643 2125 823 2195 seipso
871 2133 1215 2203 propriisque
1258 2135 1540 2196 alfectibus
1590 2141 1834 2213 incipiat.
1892 2145 1988 2200 His

416 2214 558 2267 enim
614 2217 883 2288 imperare
907 2237 1030 2277 eum
1059 2239 1199 2295 opus
1232 2238 1334 2293 est,
1367 2244 1467 2285 nec
1499 2232 1732 2302 amplius
1766 2245 1988 2305 peccato

418 2305 562 2362 vinci
594 2310 738 2377 quod
768 2311 820 2367 in
860 2327 1052 2372 nostro
1085 2319 1300 2374 mortali
1346 2334 1578 2390 corpore
1607 2340 1834 2394 regnare
1865 2327 1989 2382 niti-

419 2409 524 2452 tur.
575 2399 797 2457 Videtur
841 2421 967 2460 vero
1013 2411 1268 2475 verbum,
1304 2415 1726 2488 ὲπιστημὼθητε
1772 2437 1790 2469 ι
1841 2419 1988 2475 edis-

418 2491 548 2556 cite,
592 2510 611 2544 ι
648 2504 704 2545 ιιι
730 2495 924 2564 Aquila
956 2501 1141 2567 vertit,
1176 2503 1433 2570 majorem
1469 2507 1772 2576 emphasim
1831 2509 1991 2564 habe-

417 2597 497 2647 re,
527 2598 687 2654 quam
715 2587 861 2653 illud,
890 2590 1076 2648 σύνετε
1111 2613 1129 2647 ι
1165 2595 1470 2666 intelligite.
1506 2618 1524 2650 ι
1559 2599 1809 2670 Praecipit
1841 2603 1987 2657 enim

419 2683 477 2729 ut
501 2675 733 2731 scientia
766 2680 980 2751 regibus
1011 2685 1144 2740 solis
1188 2689 1402 2757 propria
1432 2691 1764 2760 accipiatur.
1799 2710 1817 2744 ι
1856 2693 1989 2748 Eru-

416 2765 830 2828 dimiui,ontnes
859 2773 949 2839 qui
989 2772 1250 2841 judicatis
1280 2786 1476 2832 terram
1507 2820 1518 2837 .
1559 2799 1577 2831 ι
1617 2779 1987 2847 Quemadmo-

413 2852 547 2910 dum
579 2855 779 2926 duplici
814 2861 974 2918 modo
1008 2877 1163 2934 reges
1191 2869 1521 2938 accepimus,
1565 2872 1648 2926 sic
1667 2881 1722 2927 et
1745 2886 1842 2929 eos
1891 2872 1984 2943 qui

409 2943 658 3012 judicant
704 2958 906 3008 terram
954 2953 1256 3026 intelligere
1317 2973 1628 3029 possumus.
1691 2962 1785 3020 Vel
1839 2964 1986 3020 enim

424 3037 695 3109 principes
724 3046 1039 3116 congregati
1090 3047 1140 3102 in
1199 3064 1364 3104 unum
1395 3053 1660 3110 adversus
1696 3055 1986 3112 Dominum

414 3147 470 3190 et
501 3136 766 3196 adversus
801 3141 1080 3199 Christum
1110 3143 1248 3215 ejus,
1277 3147 1526 3204 dicentur
1554 3149 1590 3206 ii
1613 3152 1706 3222 qui
1734 3150 1988 3221 iudicant

419 3236 646 3299 terram,
683 3246 808 3288 cum
865 3237 1169 3307 principum
1212 3241 1493 3310 pr0prium
1535 3257 1676 3312 opus
1722 3245 1794 3300 sit
1837 3244 1986 3313 judi-

416 3335 542 3376 care
580 3339 594 3385 ;
632 3324 713 3380 vel
770 3327 860 3396 qui
899 3326 1150 3395 judicant
1195 3339 1430 3397 terram,
1478 3335 1656 3389 sancti
1700 3346 1884 3403 erunt,
1932 3347 1989 3393 ut

411 3413 782 3472 ostendemus.
817 3419 946 3475 Illud
977 3431 1178 3486 autem,
1228 3439 1248 3474 ι
1298 3425 1612 3490 erudimini,
1651 3446 1670 3479 ι
1710 3428 1793 3483 vel
1821 3430 1989 3499 signi-

413 3507 541 3563 ﬁcat
580 3507 772 3564 istud:
819 3512 1016 3569 tradite
1081 3529 1176 3572 vos
1225 3518 1551 3588 correptioni
1600 3530 1658 3574 et
1702 3522 1987 3590 doctrinae,

413 3598 501 3654 vel
549 3600 725 3668 poenis
757 3617 880 3670 qua:
905 3603 1166 3660 erudiunt
1188 3622 1284 3663 eos
1309 3609 1404 3678 qui
1428 3611 1695 3681 ejusmodi
1732 3617 1988 3672 remediis

412 3691 686 3762 indigent.
715 3692 934 3760 Quaeret
979 3697 1212 3755 fortasse
1241 3702 1518 3773 quispiam
1550 3719 1617 3760 an
1655 3708 1812 3776 juxta
1866 3723 1986 3765 eam

414 3797 533 3849 qua:
587 3782 640 3842 in
676 3786 857 3854 pinnis
883 3795 985 3843 est.
1021 3790 1364 3860 disciplinain
1405 3794 1662 3865 jubeatur
1703 3799 1826 3869 quis
1857 3814 1984 3854 eru-

414 3875 541 3942 diri,
568 3887 624 3930 et
655 3877 890 3934 libenter
915 3880 1153 3952 seipsum
1174 3883 1223 3939 ei
1256 3885 1498 3942 tradere.
1529 3886 1985 3959 Respondendum

411 3974 496 4020 est
525 3967 652 4025 huic
688 3970 972 4038 quaestioni
1022 3974 1087 4027 de
1118 3989 1226 4043 qua
1261 3977 1448 4032 multis
1482 3978 1650 4035 lueret
1675 3997 1839 4050 aqua,
1865 3997 1988 4040 esse

411 4057 555 4113 forte
591 4061 880 4130 quosdam,
931 4063 1044 4131 qui,
1079 4066 1222 4134 quod
1261 4066 1498 4124 infantes
1545 4070 1678 4138 sint,
1716 4073 1872 4128 inviti
1916 4075 1984 4131 ad

409 4148 552 4204 hanc
582 4151 929 4220 disciplinam
971 4157 1281 4212 trahuntur.
1315 4159 1382 4214 Et
1427 4159 1480 4216 hi
1523 4171 1650 4216 sunt
1683 4163 1749 4219 de
1789 4165 1987 4234 quibus

410 4240 680 4312 Propheta
712 4244 844 4301 dicit
875 4247 920 4280 ⁸³
955 4264 969 4302 :
1006 4267 1024 4302 ι
1062 4247 1120 4304 Si
1154 4251 1552 4322 dereliquerint
1595 4254 1690 4310 lilii
1741 4255 1859 4327 ejus
1909 4255 1985 4312 le-

408 4349 530 4401 gent
577 4350 777 4404 meam,
811 4349 866 4396 et
895 4340 946 4396 in
994 4341 1219 4410 iudiciis
1256 4346 1392 4401 meis
1425 4361 1530 4401 non
1559 4349 1983 4419 ambulaverint,

405 4436 451 4479 st
495 4424 731 4492 justitias
772 4445 924 4488 meas
981 4434 1407 4502 profanaverint,
1459 4448 1514 4494 et
1554 4441 1807 4496 mandata
1863 4458 1981 4498 mea

2093 1953 2445 2028 κληρονομῶν
2499 1950 2775 2022 βασιλείαν
2828 1947 3094 2021 οὐρανῶν,
3163 1947 3257 1999 καὶ
3307 1945 3576 2014 ἐσόμενος
3607 1944 3711 2053 ἐν

2093 2048 2338 2122 βασιλεία
2373 2045 2466 2100 τοῦ
2502 2044 2674 2120 Θεοῦ;
2711 2043 2819 2097 Καὶ
2866 2041 2947 2093 δεῖ
2978 2058 3040 2109 γε
3071 2039 3161 2092 τὸν
3198 2039 3373 2106 ἅγιον,
3409 2035 3712 2104 ἀγωνιζό-

2095 2159 2252 2214 μενον
2282 2137 2608 2212 βασιλεύειν,
2643 2133 2907 2208 ἄρξασθαι
2942 2135 3033 2203 ἀφ’
3063 2130 3229 2186 αὑτοῦ
3260 2130 3355 2186 καὶ
3379 2128 3488 2184 τῶν
3526 2128 3702 2182 ἰδίων

2091 2233 2428 2304 κινημάτων.
2465 2229 2681 2283 Τούτων
2732 2226 2840 2298 γὰρ
2890 2225 3153 2298 πρότερον
3201 2220 3517 2294 βασιλεῦσαι
3570 2219 3696 2281 δεῖ,

2096 2325 2291 2396 μηκέτι
2324 2319 2739 2394 βασιλευόμενον
2755 2319 2859 2372 ὑπὸ
2883 2318 2983 2388 τῆς
3002 2315 3274 2420 ἁμαρτίας
3296 2313 3409 2422 ,τῆς
3441 2312 3692 2422 μεμελε;

2091 2417 2318 2488 τηκυίας
2351 2413 2652 2486 βασιλεύειν
2677 2412 2735 2465 ὲν
2756 2411 2834 2482 τῷ
2859 2409 3037 2481 θνητῷ
3063 2407 3218 2480 ήμῶν
3245 2407 3480 2477 σώματι.
3513 2407 3686 2456 Δοκεῖ

2092 2510 2148 2563 δὲ
2165 2509 2248 2572 τὸ,
2288 2527 2306 2558 ι
2337 2503 2778 2578 ὲπιστημώθητε,
2805 2521 2822 2555 ι
2847 2503 2920 2568 ὡς
2951 2501 3182 2563 Ἀκύλας
3217 2498 3537 2561 ἐκδέδωκεν,
3567 2497 3680 2565 ἐμ.-

2094 2598 2464 2670 φατικὼτερον
2495 2593 2633 2650 εἶναι
2672 2595 2764 2650 τοῦ
2796 2613 2816 2647 ι
2862 2593 3072 2657 σύνετε,
3111 2609 3130 2643 ι
3176 2588 3519 2659 προστάσσον
3550 2586 3678 2636 ἐπι-

2095 2694 2192 2763 στή
2201 2708 2307 2762 μην
2347 2689 2633 2743 ἀναλαϐεῖν
2659 2687 2863 2741 οἰκείαν
2890 2680 3054 2738 οὖσαν
3077 2680 3356 2782 olm-int?)
3381 2696 3460 2748 τῳ
3491 2679 3523 2748 ᾖ
3556 2678 3675 2782 τοῖς

2093 2782 2394 2853 βασιλεῦσιο
2449 2801 2467 2832 ‹
2527 2776 3106 2849 Παιδεύθητε,πάντες
3148 2773 3199 2826 οἱ
3244 2772 3673 2874 κρίνονὶτεςῆτῂν

2092 2875 2215 2946 γῆν.
2255 2893 2272 2925 ι
2310 2876 2408 2927 Ὃν
2435 2873 2634 2944 τρόπον
2665 2869 2827 2942 διχῶς
2855 2866 3219 2938 ὲξεδεξάμεθα
3250 2864 3377 2927 τοὺς
3402 2861 3659 2932 βασιλεῖς,

2091 2967 2263 3031 οὕτως
2291 2967 2524 3031 καὶτοὺς
2553 2964 2836 3037 κρίνοντας
2863 2961 2958 3032 τὴν
2983 2960 3088 3030 γῆν
3117 2951 3650 3054 νοῆσαιΔήμωῑςδυντξ⁹

2093 3059 2202 3114 τόν.
2241 3059 2313 3112 Ἢ
2347 3058 2454 3128 γὰρ
2481 3058 2530 3109 οί
2564 3057 2824 3126 ἄρχοντες
2859 3053 2909 3106 οἱ
2939 3050 3295 3121 συναχθέντες
3318 3046 3400 3103 ἐπὶ
3434 3043 3494 3096 τὸ
3517 3039 3646 3094 αὐτὸ

2095 3147 2236 3203 κατά
2259 3148 2352 3202 τοῦ
2378 3147 2583 3219 Κυρίου
2605 3146 2699 3199 καὶ
2728 3144 2868 3198 κατὰ
2892 3143 2985 3196 τοῦ
3010 3140 3246 3213 Χριστοῦ
3275 3135 3433 3194 αὑτοῦ
3451 3133 3656 3206 κρίνον-

2089 3260 2180 3306 τες
2207 3241 2447 3312 λέγοιντο
2467 3239 2533 3292 ἂν
2565 3239 2662 3309 τὴν
2688 3238 2809 3308 γῆν,
2842 3235 3043 3290 οἰκείου
3070 3235 3182 3296 τοῖς
3216 3231 3473 3304 ἄρχουσιν
3501 3226 3660 3298 ἔργου

2089 3334 2441 3406 τυγχάνοντος
2462 3332 2554 3386 τοῦ
2572 3332 2777 3404 κρίνειν
2797 3347 2808 3360 °
2836 3330 2869 3401 ἢ
2894 3330 3168 3401 κρίνοντες
3190 3327 3287 3398 τὴν
3310 3326 3414 3396 γῆν
3430 3326 3480 3376 οἱ
3502 3323 3664 3390 ἆγιοι,

2088 3430 2162 3494 ὼς
2204 3427 2470 3500 δείξομεν.
2500 3426 2574 3478 Τὸ
2617 3425 2692 3490 δὲ,
2745 3443 2762 3475 ι
2800 3422 3144 3494 παιδεύθητε,
3188 3440 3206 3473 ›
3245 3420 3364 3521 {pret
3397 3417 3549 3521 δηλρῖ
3583 3414 3666 3521 τί),

2088 3523 2153 3592 τῇ
2183 3520 2400 3592 παιδεία
2429 3519 2522 3572 καὶ
2555 3516 2873 3586 διδασκαλίᾳ
2904 3515 3132 3576 ἑαυτοὺς
3163 3509 3452 3581 παράδοτε,
3489 3507 3524 3577 ἢ
3556 3507 3671 3616 τοῖς

2089 3613 2466 3683 κολαστηρίοις
2501 3614 2614 3675 τοῖς
2648 3607 2962 3664 παιδεύουσι
3001 3607 3128 3669 τοὺς
3155 3603 3409 3658 τοιούτων
3441 3603 3669 3704 φαρμά-

2089 3721 2198 3757 κων
2237 3702 2607 3775 δεδεημένους.
2641 3701 2802 3764 Εἰκὸς
2827 3700 2903 3766 δὲ,
2943 3697 3169 3770 ζητήσει
3195 3712 3276 3758 τις
3322 3694 3368 3746 εί
3401 3692 3542 3744 κατὰ
3571 3692 3669 3760 τὴν

2088 3798 2145 3850 ἐν
2175 3795 2427 3850 κολάσεσι
2467 3795 2714 3848 παιδείαν
2749 3787 3149 3864 προστάσσεταί
3177 3804 3261 3850 τις
3284 3782 3670 3852 παιδευθῆναι,

2088 3888 2180 3942 καὶ
2205 3887 2464 3950 ἑκουσίως
2497 3883 2686 3939 ἑαυτὸν
2718 3883 2892 3953 ταύτῃ
2920 3876 3271 3952 παραδοῦναι.
3314 3871 3667 3943 Ἀποκριτέον

2086 3982 2141 4034 δὲ
2168 3980 2302 4052 πρὸς
2344 3977 2438 4050 τὴν
2472 3978 2699 4049 ζήτησιν
2739 3973 3002 4028 πλειόνων
3031 3970 3173 4026 κατὰ
3210 3969 3301 4022 τὸν
3331 3967 3493 4022 τόπον
3527 3965 3666 4017 ἀπο-

2089 4073 2386 4146 ρουμένων,
2421 4070 2503 4124 ὅτι
2545 4069 2686 4140 τάχα
2717 4066 2818 4138 μέν
2848 4083 3014 4131 τινες,
3057 4062 3134 4135 τῷ
3166 4057 3304 4115 εἶναι
3333 4060 3536 4132 νήπιοι,
3573 4057 3666 4110 καὶ

2086 4163 2310 4226 ἄκοντες
2353 4161 2446 4214 ἐπὶ
2491 4158 2589 4232 τὴν
2635 4157 2888 4228 τοιαύτην
2942 4154 3218 4210 παίδευσιν
3271 4151 3534 4206 ἕλκονταιο
3573 4147 3666 4200 καὶ

2085 4247 2226 4306 οὗτοί
2247 4269 2310 4320 γε
2337 4251 2464 4322 περὶ
2491 4242 2564 4304 ὧν
2587 4251 2615 4302 ὁ
2654 4249 2944 4320 Προφήτης
2972 4243 3134 4318 φησιν
3154 4261 3168 4274 ο
3206 4264 3224 4294 ‹
3275 4243 3402 4298 Ἐὰν
3431 4243 3667 4308 ἐγκατα-

2084 4343 2342 4397 λείπωσιν
2374 4342 2425 4394 οἱ
2470 4340 2578 4394 υἱοὶ
2619 4338 2783 4393 αὐτοῦ
2811 4339 2903 4392 τὸν
2945 4338 3110 4408 νόμον
3155 4352 3279 4407 μου,
3323 4333 3419 4386 καὶ
3465 4333 3523 4382 ἐν
3553 4330 3665 4390 τοῖς

2086 4433 2316 4507 κρίμασι
2377 4449 2477 4503 μου
2524 4431 2598 4504 μὴ
2648 4428 3012 4502 πορευθῶσιν·
3065 4427 3162 4481 ὲάν
3207 4425 3277 4481 τὰ
3322 4419 3665 4493 δικαιώματά

408 4531 512 4570 non
547 4521 926 4591 custodierint,
948 4525 1180 4582 visitabo
1202 4527 1252 4582 in
1275 4528 1421 4601 virga
1440 4530 1752 4599 iniquitates
1767 4548 1980 4602 eorum,

2095 4544 2193 4599 μου
2228 4523 2628 4597 βεϐηλώσωσιν,
2660 4523 2752 4576 καὶ
2790 4522 2886 4585 τὰς
2916 4519 3136 4583 ἐντολάς
3180 4535 3279 4589 μου
3294 4516 3388 4590 ,μὴ
3418 4513 3662 4585 φυλάξων

406 4620 462 4662 ει
491 4609 541 4664 in
571 4613 888 4670 verberibus
923 4628 1144 4686 peccata
1171 4633 1382 4686 eorum,
1424 4622 1848 4679 misericordiam
1882 4641 1982 4680 au-

406 4707 516 4752 tem
547 4717 721 4760 meam
768 4720 872 4761 non
909 4707 1213 4782 dispergam
1247 4712 1423 4766 abeo.
1471 4730 1491 4763 ι
1531 4710 1694 4768 Forte
1727 4715 1896 4769 etiam
1925 4716 1979 4772 in

405 4798 794 4854 conscientiam
848 4801 1193 4870 propriorum
1248 4803 1495 4873 lapsuum
1529 4804 1808 4862 venientes
1850 4808 1974 4878 qui-

405 4893 555 4958 dam,
582 4890 814 4960 seipsos,
853 4893 1051 4964 quippe
1089 4894 1203 4963 qui,
1237 4905 1291 4949 ut
1321 4906 1606 4962 curentur,
1644 4895 1888 4970 indigent
1911 4914 1976 4956 eo

403 4982 498 5050 qui
550 4984 780 5038 curandi
837 4988 1042 5054 peritus
1093 4997 1198 5054 est,
1241 4988 1458 5042 tradunt
1490 4990 1828 5060 aSperritnis,
1860 5007 1981 5060 qua;

401 5091 496 5130 eos
542 5077 795 5132 meliores
841 5078 1070 5133 reddere
1110 5087 1336 5147 queunt,
1384 5081 1816 5137 medicamentis.
1851 5081 1978 5151 Opi-

401 5184 501 5221 nor
532 5178 712 5223 autem
751 5184 818 5224 ex
853 5170 954 5225 hoc
986 5185 1212 5226 numero
1246 5187 1366 5227 esse
1395 5187 1488 5228 eos
1525 5174 1589 5228 de
1619 5174 1820 5243 quibus
1837 5175 1975 5246 apud

471 5329 516 5360 ⁸³
544 5327 634 5384 Ρε.
662 5345 929 5400 Lxxxvm,
954 5332 1044 5400 51,
1075 5333 1164 5399 52,
1191 5333 1280 5401 55,
1307 5333 1395 5387 54.

625 5468 692 5548 Et
719 5467 1037 5536 ποιμαίνει,
1075 5477 1182 5526 etc.
1232 5468 1274 5522 E
1309 5468 1523 5548 schedis
1559 5466 1765 5548 Graltii.
1815 5472 1974 5548 illiille

402 5532 649 5662 indigem~
660 5531 1032 5608 depromptum
1055 5549 1138 5594 est
1163 5554 1394 5612 sequens
1416 5535 1798 5611 fragmentum,
1819 5531 1974 5587 Ῥάϐ-

422 5619 489 5662 υς
565 5618 673 5662 εον.
713 5615 817 5662 ctc.

422 5629 486 5666 th.
519 5629 673 5670 mw,
713 5629 817 5662 υιυ.

1399 6237 1432 6242 _
1547 6231 1596 6244 _._
1633 6229 1714 6240 -___.
1733 6233 1768 6238 __
1785 6229 1850 6234 _._-

2087 4637 2190 4684 σιν,
2226 4617 2592 4688 ἐπισκέψομαι
2622 4617 2678 4668 ὲν
2715 4614 2896 4683 ῥάϐδῳ
2921 4612 3022 4676 τὰς
3060 4609 3288 4682 ἀνομίας
3325 4606 3525 4671 αὐτῶν,
3568 4603 3664 4657 καὶ

2084 4713 2140 4767 ὲν
2178 4707 2394 4781 μάστιξι
2421 4707 2518 4771 τὰς
2549 4705 2824 4777 ἁμαρτίας
2856 4703 3055 4768 αὐτῶν,
3089 4703 3148 4755 τὸ
3176 4702 3233 4755 δὲ
3269 4701 3414 4764 ἔλεός
3457 4716 3559 4770 μου
3588 4696 3662 4768 μή

2081 4801 2416 4857 διασκεδάσω
2444 4798 2538 4851 ἀπ’
2561 4797 2746 4852 αὑτοῦ.
2781 4818 2798 4849 ι
2827 4796 2979 4866 Τάχα
3006 4795 3064 4848 δὲ
3092 4795 3185 4849 καὶ
3206 4796 3284 4856 είς
3311 4789 3661 4860 συναίσθησιν

2087 4893 2330 4956 ἐλθόντες
2366 4891 2475 4946 τῶν
2522 4889 2665 4942 ἰδίων
2700 4887 3056 4958 πταισμάτων
3097 4885 3240 4946 τινὲς
3275 4879 3662 4956 παραδιδόασιν

2084 4986 2335 5048 ἑαυτοὺς,
2364 4981 2438 5045 ὡς
2466 4981 2556 5034 ἐπὶ
2590 4979 2856 5052 θεραπεία
2893 4977 3132 5050 δεόμενοι
3174 4975 3266 5028 τοῦ

2088 5097 2194 5148 μην
2220 5075 2420 5148 ταύτην
2454 5073 2687 5145 ἔχοντος,
2721 5074 2834 5135 τοῖς
2862 5069 3284 5131 ὲπιπονωτάτοις
3311 5066 3406 5120 καὶ
3442 5063 3662 5162 βελτιιυὶ

2085 5187 2173 5222 σαι
2201 5168 2536 5239 δυναμένοις.
2574 5161 2738 5236 Οἶμαι
2771 5163 2829 5216 δὲ
2859 5161 3061 5216 τούτων
3092 5156 3228 5214 εἶναι
3260 5158 3386 5220 τοὺς
3410 5153 3560 5228 παρὰ
3581 5153 3661 5225 τῷ

2177 5458 2265 5535 _78)
2302 5459 2437 5535 Οὐκ.
2460 5457 2781 5535 ἀρότριον
2805 5454 2950 5535 μένζ
2973 5463 3078 5535 εις.
3111 5450 3389 5535 Eae-inedi};
3421 5449 3649 5535 Ctomhef

2086 5521 2211 5587 lisii,
2235 5521 2289 5580 et
2317 5528 2505 5584 codice
2533 5521 2890 5583 Barocciano.
2931 5523 3122 5580 Latine
3154 5521 3320 5577 babes
3355 5521 3406 5575 in
3447 5521 3651 5575 Catena

2083 5598 2252 5660 Barba
2263 5597 2324 5655 ri.
