4058 6244
233 331 471 415 ’1115

308 551 559 590 καυστοι
581 550 595 564 ·
640 553 657 584 ι
697 531 942 595 καὶτοὺς
965 531 1290 601 εὐχομένους
1314 531 1452 585 κατά
1485 531 1575 584 τὸν
1622 530 1912 604 Ἱερεμίαν,

309 625 429 678 καλ⁵
475 623 764 692 λέγονταςο
827 641 844 670 ι
892 620 1188 674 Παίδευσον
1225 621 1394 692 ἡμᾶς,
1444 620 1638 690 Κύριε,
1672 619 1810 690 πλὴν
1858 621 1914 672 ἐν

306 716 534 788 κρίσει,
568 716 661 769 καὶ
698 714 772 786 μὴ
803 717 860 768 ὲν
893 712 1071 782 θυμῷ,
1103 713 1190 767 ἵνα
1219 711 1294 786 μὴ
1334 712 1547 780 ὀλίγους
1573 713 1724 782 ἡμᾶς
1765 711 1914 780 ποιῆ·

307 826 454 881 σῃς.
489 828 509 860 ι
537 808 617 861 Τά
643 807 748 879 γὰρ
775 807 1008 861 ἐπίπονα
1037 806 1129 861 καὶ
1153 804 1223 859 τά
1253 805 1583 878 σφοδρότερα
1615 804 1912 877 παραιτού-

317 914 509 967 μενοι,
544 897 642 960 τὰς
676 896 927 959 κολάσεις
969 897 1030 950 οὐ
1079 894 1258 968 πάντη
1301 894 1694 965 παραιτοῦνται
1740 893 1807 947 δι’
1839 886 1913 946 ὧν

316 989 603 1057 λέγουσιν.
646 989 1060 1060 Ἐπιστήσωμεν
1086 987 1143 1041 δὲ
1173 988 1222 1040 εἰ
1265 987 1343 1062 μὴ
1377 985 1484 1041 τῶν
1515 985 1777 1048 ἑκουσίως
1819 1001 1912 1038 κο-

315 1079 647 1151 λαζομένων
687 1080 838 1133 ἐστὶν
875 1081 907 1150 ή
937 1078 1170 1147 λέγουσα
1197 1079 1348 1149 φωνή
1372 1095 1385 1109 ο
1424 1096 1443 1129 ι
1485 1076 1683 1148 Ὀργὴν
1707 1075 1913 1146 Κυρίου

317 1171 563 1237 ὑποίσω,
593 1173 674 1232 ὅτι
707 1173 953 1247 ἥμαρτον
987 1170 1155 1242 αὐτῷ,
1191 1169 1297 1234 ἕως
1319 1169 1411 1223 τοῦ
1439 1169 1728 1224 δικαιῶσαι
1753 1167 1914 1222 αὑτὸν

318 1261 430 1330 τὴν
459 1262 613 1333 δίκην
643 1279 764 1333 μου.
805 1281 822 1313 ι
868 1262 1019 1332 Τάχα
1051 1258 1144 1316 οὖν
1171 1263 1264 1314 καὶ
1297 1263 1346 1314 οἱ
1377 1261 1653 1330 κρίνοντες
1685 1259 1782 1330 τὴν
1812 1258 1915 1328 γῆν

317 1353 390 1405 οὐ
432 1353 902 1422 παιδευθήσονται,
946 1352 1039 1406 ἐὰν
1081 1352 1155 1424 μὴ
1188 1353 1414 1415 ἑαυτοὺς
1568 1349 1914 1404 παιδεύεσθαι

321 1444 665 1516 παραδῶσιν.
737 1444 954 1514 Ἐπειδὴ
1006 1445 1062 1500 δὲ
1117 1445 1313 1516 μᾶλλον
1365 1440 1794 1514 προσετιθὲμεθα
1837 1439 1916 1510 τῷ

320 1535 576 1605 βασιλεῖς
624 1532 764 1590 εἶναι
818 1537 944 1599 τοὺς
992 1537 1084 1588 ἐπὶ
1138 1537 1238 1607 τὴν
1282 1535 1498 1588 σύνεσιν
1549 1533 1916 1603 καλουμένους

318 1627 539 1695 ἁγίους,
576 1627 708 1698 φέρε
732 1625 1127 1697 παραπλησίως
1149 1625 1348 1696 ἴδωμεν
1368 1625 1459 1677 καὶ
1482 1625 1607 1685 τοὺς
1634 1625 1916 1694 κρίνοντας

319 1721 431 1790 τὴν
461 1719 583 1789 γῆν.
616 1719 775 1772 Ἰδιον
798 1716 853 1768 δὲ
883 1716 1041 1769 τοῦτο
1062 1715 1168 1768 τῶν
1208 1715 1376 1784 ἀγίων
1409 1715 1756 1787 εὑρίσκομεν,
1791 1715 1912 1784 κρί-

320 1827 444 1862 νειν
465 1809 530 1861 δι’
564 1801 638 1860 ὧν
677 1803 735 1860 εὖ
774 1807 1126 1881 πεποιήκασι,
1179 1809 1304 1871 τοὺς
1345 1808 1420 1878 μὴ
1467 1807 1534 1860 τά
1578 1807 1738 1877 ὅμοια
1785 1806 1910 1878 ἐζη-

320 1898 592 1962 λωκότας.
629 1919 645 1948 ι
689 1898 912 1970 Ἀνδρες
953 1918 970 1949 ι
1011 1898 1119 1970 γὰρ
1150 1917 1168 1948 ι
1195 1899 1475 1952 Νινευῐται
1515 1898 1908 1968 ἀναστήσονται

323 1990 388 2041 ὲν
432 1992 497 2059 τῇ
535 1989 713 2060 κρίσει
749 1991 842 2043 καὶ
884 1989 1271 2060 κατακρινοῦσι
1301 1991 1427 2052 τοὺς
1467 1987 1784 2060 ἀνθρώπους
1813 1988 1911 2057 τῆς

325 2083 525 2147 γενεᾶς
542 2080 765 2153 ταύτης,
787 2082 868 2134 ὅτι
895 2081 1224 2152 μετενόησαν
1243 2082 1321 2144 εἰς
1346 2081 1405 2133 τὸ
1435 2081 1695 2152 κήρυγμα
1734 2081 1908 2144 Ἰωνᾶ,

327 2171 430 2222 καὶ
469 2170 576 2224 ἰδοὺ
615 2169 797 2224 πλεῖον
834 2172 990 2225 Ἰωνᾶ
1011 2164 1135 2238 ὦδε,
1175 2191 1192 2221 ι
1239 2172 1402 2244 φησιν
1431 2174 1459 2226 6
1489 2172 1698 2243 Σωτήρ.
1752 2170 1912 2223 Ἀλλά

329 2261 428 2313 καί
466 2279 482 2310 ι
511 2260 798 2330 βασίλισσα
834 2261 987 2315 νότου
1029 2263 1387 2334 ἐγερθήσεται
1421 2263 1478 2318 ἐν
1502 2264 1568 2336 τῇ
1597 2263 1794 2333 κρίσει,
1817 2262 1912 2314 καὶ

329 2358 656 2422 κατακρινεῖ
683 2355 808 2419 τοὺς
840 2354 1161 2430 ἀνθρώπους
1196 2356 1296 2427 τῆς
1325 2356 1518 2424 γενεᾶς
1557 2354 1780 2425 ταύτης,
1828 2355 1910 2407 ὅτι

326 2444 494 2518 ἦλθεν
530 2449 638 2500 ἀπὸ
681 2447 790 2506 τῶν
831 2449 1082 2520 περάτων
1124 2449 1221 2518 τῆς
1263 2447 1366 2518 γῆς
1411 2445 1640 2502 ἀκοῦσαι
1683 2446 1780 2518 τῆς
1821 2463 1910 2498 σο·-

330 2540 463 2608 φίας
488 2538 852 2610 Σολομῶντος,
886 2540 980 2594 καὶ
1013 2538 1121 2593 ἰδοὺ
1159 2539 1341 2591 πλεῖον
1367 2537 1709 2608 Σολομῶντος
1732 2531 1855 2590 ὧδε.
1885 2555 1904 2589 ι

330 2629 544 2682 Οὐκοῦν
583 2631 862 2684 Νινευῖται
897 2631 988 2684 καὶ
1029 2633 1062 2701 ή
1105 2629 1392 2700 βασίλισσα
1435 2629 1585 2682 νότου
1629 2628 1738 2681 τῶν
1790 2645 1912 2699 κρι-

331 2717 532 2771 νόντων
573 2719 680 2772 εἰσὶ
715 2719 842 2782 τοὺς
875 2719 969 2772 τοῦ
1012 2718 1267 2790 Σωτῆρος
1313 2717 1672 2781 ἀκούσαντας,
1705 2717 1799 2771 καὶ
1835 2717 1910 2788 μὴ

336 2809 759 2879 μεταὸαλόντας,
790 2811 884 2864 καὶ
921 2811 1046 2874 τοὺς
1077 2812 1594 2883 καταφρονήσαντας
1628 2810 1726 2880 τῆς
1766 2807 1910 2862 διδα-

335 2901 565 2965 σκαλίας
609 2901 804 2972 Ἰησοῦ.
839 2902 993 2972 Τάχα
1035 2902 1091 2956 δὲ
1119 2902 1290 2966 οὕτως
1334 2901 1425 2955 καὶ
1453 2903 1502 2954 οί
1538 2900 1632 2954 τοῦ
1674 2897 1910 2970 Χριποῦ

333 2993 622 3049 ἀπόστολοι
669 2995 910 3066 κρινοῦσι
952 2995 1049 3058 τὰς
1085 2994 1292 3048 δώδεκα
1331 2993 1503 3063 φυλάς
1548 2991 1643 3046 τοῦ
1698 2990 1913 3063 Ἰσραὴλ

1357 324 1666 381 SELECTA
1705 324 1767 380 IN
1805 321 2144 381 PSALMOS.
2183 357 2250 366 -—
2275 326 2469 383 ΡΞΑΙ..
2506 327 2568 381 ll.

322 444 547 514 Ἰισαῖᾳ
575 433 931 510 λεγομένους·
968 459 985 489 ι
1024 439 1372 509 Θελήσουσιν,
1399 441 1446 493 εἰ
1474 441 1721 508 ἐγένοντο
1752 439 1912 511 πυρί-

2024 438 2216 494 lsaiam
2269 441 2473 496 dicitur
2500 443 2547 474 ⁸³
2587 459 2601 494 :

3451 323 3588 384 ll”

2653 461 2670 493 ι
2707 441 2923 506 Volent,
2955 441 2996 496 si
3033 442 3152 512 igne
3183 443 3447 499 combusti
3474 443 3591 497 t'ue-

2017 531 2152 597 rint,
2216 551 2234 584 )
2283 543 2339 587 et
2390 535 2510 588 illos
2558 535 2648 605 qui
2715 535 3006 589 secundum
3063 535 3345 589 Jeiemiam
3389 546 3584 595 orant,

2016 632 2070 678 et
2109 625 2294 678 dicunt
2330 626 2375 656 "
2407 642 2420 678 :
2466 646 2482 675 ι
2517 626 2743 696 Corripe
2771 642 2887 693 nos,
2923 627 3166 689 Domine,
3202 637 3585 680 verumtamen

2017 715 2068 769 in
2100 715 2333 786 judicio,
2361 728 2416 771 et
2447 734 2551 770 non
2610 719 2662 771 in
2722 717 2928 782 furore,
2961 728 3018 772 ut
3051 735 3158 772 non
3193 733 3390 786 paucos
3421 718 3590 770 facias

2017 821 2135 860 nos.
2179 825 2195 854 ι
2234 806 2387 861 Licet
2415 807 2559 862 enim
2585 808 2988 863 vehementiam
3033 819 3088 864 et
3117 808 3468 863 acerbitatem
3501 809 3588 862 ni-

2019 898 2179 952 miam
2239 913 2520 968 pmnarum
2577 907 2851 964 recusent,
2898 915 3087 970 pinnas
3143 910 3321 954 tamen
3367 900 3588 953 omnino

2023 1005 2132 1043 non
2170 999 2446 1045 recusant.
2490 991 2906 1046 Considercmus
2958 1002 3134 1045 autem
3180 1007 3356 1046 annon
3403 1006 3588 1046 eorum

2017 1082 2111 1149 qui
2155 1092 2347 1150 sponte
2377 1083 2694 1152 puniuntur.
2730 1083 2801 1138 sit
2836 1085 2950 1138 hazc
2973 1099 3074 1136 vox
3113 1085 3158 1115 "‘
3192 1102 3206 1140 :
3243 1104 3261 1136 ι
3306 1085 3444 1138 Iram
3484 1085 3589 1136 Do-

2018 1171 2147 1225 mini
2187 1173 2434 1240 portabo,
2473 1175 2727 1243 quoniam
2782 1174 2996 1243 peccavi
3043 1174 3114 1238 ei,
3154 1175 3325 1229 donec
3370 1191 3588 1228 causam

2018 1277 2190 1316 meam
2240 1262 2462 1331 judicet.
2511 1282 2528 1315 ι
2566 1263 2840 1319 Fortassis
2899 1265 3063 1335 igitur
3105 1273 3156 1320 et
3203 1266 3296 1333 qui
3349 1267 3590 1333 judicant

2018 1361 2238 1414 terrain,
2274 1367 2378 1404 non
2406 1353 2745 1416 erudienlur,
2779 1353 2880 1406 nisi
2912 1354 3118 1423 scipsos
3143 1353 3441 1422 disciplinae
3483 1365 3591 1408 tra-

2018 1441 2274 1497 diderint.
2307 1442 2574 1508 Quoniam
2608 1458 2737 1496 vero
2766 1444 2918 1497 nobis
2953 1445 3121 1512 magis
3150 1443 3401 1512 placebat
3439 1460 3593 1513 rcges

2017 1547 2134 1590 esse
2157 1540 2376 1586 sanctos
2399 1532 2491 1600 qui
2535 1532 2600 1587 ad
2640 1532 2984 1601 prudentiam
3025 1533 3350 1598 invitantur,
3381 1549 3498 1602 age,
3527 1535 3593 1588 si-

2018 1622 2127 1677 mili
2149 1623 2307 1678 modo
2333 1625 2744 1679 consideremus
2769 1625 2931 1679 etiam
2962 1640 3057 1680 eos
3087 1625 3176 1692 qui
3217 1625 3461 1692 jmlicaut
3484 1634 3593 1679 tero

2019 1714 2272 1770 ram.lloc
2290 1725 2468 1769 autem
2493 1717 2797 1769 invenimus
2813 1717 3089 1784 proprium
3108 1732 3227 1771 esse
3251 1725 3591 1781 sanctorum.

2017 1813 2073 1857 nt
2112 1818 2206 1871 per
2249 1819 2344 1858 sua
2381 1815 2528 1860 recte
2575 1805 2713 1858 facta
2746 1805 2990 1872 judicent
3016 1823 3109 1861 eos
3141 1808 3230 1878 qui
3260 1808 3445 1862 eadem
3484 1823 3590 1861 non

2011 1904 2132 1947 sunt
2155 1896 2409 1952 :emulati.
2440 1894 2571 1948 Nam
2597 1913 2614 1945 ι
2637 1895 2734 1948 viri
2762 1895 3012 1950 Ninivitze
3037 1909 3266 1969 surgent
3287 1899 3337 1951 in
3363 1897 3588 1965 judicio,

2011 2000 2057 2042 et
2090 1987 2701 2059 eondemnabnntsﬁs
2733 1991 2978 2044 homines
3023 1991 3386 2060 generationis
3408 1991 3587 2060 hujus,

2011 2079 2135 2147 quia
2175 2080 2546 2148 paenitentiam
2593 2089 2820 2149 egerunt
2868 2081 2920 2134 in
2985 2082 3360 2148 przedieatione
3408 2083 3588 2148 Invia),

2011 2180 2064 2224 et
2093 2186 2218 2224 ecce
2239 2169 2359 2239 plus
2387 2185 2547 2239 quam
2576 2170 2741 2226 Jonas
2772 2172 2882 2236 hic,
2917 2192 2934 2224 ι
2975 2173 3149 2241 inquit
3175 2172 3447 2226 Salvator.
3480 2173 3587 2229 Sed

2011 2265 2064 2310 et
2103 2275 2121 2307 ι
2159 2257 2342 2326 regina
2382 2259 2552 2312 austri
2596 2269 2782 2328 surget
2811 2261 2862 2313 in
2886 2260 3179 2328 judicio,ct
3200 2262 3588 2316 condemnabit

2014 2349 2261 2404 homines
2276 2351 2638 2418 generationis
2654 2353 2833 2422 lmjns,
2850 2353 2974 2421 quia
2995 2353 3141 2407 venit
3163 2369 3192 2407 a
3213 2353 3406 2408 finibus
3429 2363 3590 2409 terra:

2012 2441 2200 2495 audire
2247 2442 2572 2512 sapientiam
2622 2442 2965 2510 Salomonis,
2995 2455 3051 2499 ct
3094 2461 3222 2500 ecce
3267 2446 3381 2514 plus
3423 2463 3586 2516 quam

2015 2530 2266 2588 Salomon
2297 2534 2463 2588 hic".
2505 2551 2522 2584 ι
2553 2532 2803 2588 Ninivita:
2827 2535 2991 2604 igitur
3027 2545 3080 2589 et
3105 2537 3286 2606 regina
3320 2538 3493 2590 austri
3521 2553 3587 2592 ex

2013 2638 2200 2676 eorum
2225 2638 2454 2679 numero
2486 2634 2613 2679 sunt
2654 2625 2745 2694 qui
2777 2625 3103 2693 judicabnnt
3133 2641 3228 2680 eos
3270 2627 3359 2694 qui
3406 2628 3590 2682 audito

2015 2712 2298 2768 Salvatore
2333 2715 2400 2768 ad
2431 2715 2708 2770 meliorem
2751 2716 2957 2787 frugem
2995 2732 3102 2771 non
3131 2732 3189 2771 se
3242 2728 3585 2788 receperunt,

2013 2805 2104 2860 sed
2143 2807 2449 2861 dcctrin'ain
2479 2806 2604 2862 Jesu
2631 2797 3096 2878 contempserunt.
3123 2809 3212 2864 Sic
3235 2812 3398 2865 etiam
3449 2810 3590 2866 forte

2013 2893 2212 2952 Chﬁsti
2248 2898 2476 2967 apostoli
2511 2899 2829 2969 judicabunt
2863 2899 3146 2954 duodecim
3191 2903 3366 2957 tribus
3402 2901 3588 2968 Israel,

2013 2999 2132 3057 qum
2162 3002 2265 3041 non
2299 2987 2350 3041 in
2381 3002 2504 3042 eum
2547 2989 2918 3044 crediderunt.
2953 2989 3016 3042 Et
3063 2990 3115 3042 in
3151 2990 3406 3046 universa
3441 3000 3584 3045 terra

337 3082 414 3154 μὴ
447 3083 803 3150 πιστευούσας
843 3085 922 3149 είς
962 3085 1055 3138 τὸν
1088 3084 1344 3156 Χριστόν.
1382 3084 1494 3138 Καὶ
1526 3085 1706 3138 πᾶσαν
1731 3082 1786 3135 δὲ
1811 3082 1912 3154 τὴν

2016 3078 2250 3147 dispersi
2302 3093 2399 3147 per
2447 3079 2637 3134 orbem
2687 3079 3002 3134 universum
3053 3079 3236 3135 ﬁdeles
3287 3080 3480 3151 singuli
3531 3083 3589 3136 in

335 3175 437 3244 γῆν
461 3175 510 3226 oi
545 3175 601 3227 ἐν
635 3174 784 3246 πάσῃ
817 3177 881 3246 τῇ
911 3177 983 3246 γῇ
1019 3174 1441 3238 πεπιστευκότες
1473 3171 1750 3243 κρινοῦσιν
1782 3171 1910 3223 ’ἐκα-

338 3281 452 3318 στοι
489 3265 595 3318 τῶν
638 3266 696 3318 ὲν
743 3265 896 3336 μέρει
935 3266 1062 3331 τοὺς
1120 3267 1238 3322 ἐκεῖ
1282 3265 1565 3328 ἀπίστους.
1598 3261 1914 3335 Παρακαλεῐ

337 3356 516 3408 τοίνυν
547 3357 576 3408 6
607 3339 765 3424 λόγος
793 3358 921 3420 τοὺς
953 3357 1242 3427 κρίνοντας
1287 3357 1382 3428 τὴν
1413 3356 1516 3426 γῆν
1553 3356 1645 3408 ἐπὶ
1669 3355 1766 3426 τὴν
1797 3353 1917 3408 παίε-

338 3444 516 3500 δευσιν
566 3445 662 3517 τὴν
709 3447 849 3501 κατά
893 3449 1188 3520 παράδοσιν
1237 3450 1567 3519 ἐπιστήμης,
1625 3446 1701 3509 ὡς
1744 3445 1838 3498 καὶ
1887 3446 1916 3498 6

340 3537 590 3607 Σολομῶν
641 3540 698 3591 ὲν
743 3541 863 3603 ταῖς
901 3541 1247 3610 Παροιμίαις
1273 3541 1364 3593 ἐπὶ
1411 3539 1474 3591 τὸ
1522 3539 1654 3592 αὐτὸ
1701 3536 1912 3604 λέγων·

347 3646 365 3678 ι
392 3629 596 3683 Λάϐετε
619 3630 884 3695 παιδείαν,
909 3632 1003 3684 καὶ
1027 3631 1101 3704 μὴ
1121 3631 1402 3704 ἀργύριον,
1426 3631 1518 3685 καὶ
1546 3630 1744 3699 γνῶσιν
1773 3627 1913 3699 ὑπὲρ

343 3723 558 3792 χρυσίον
582 3722 1058 3794 δεδοκιμασμένον.
1099 3743 1116 3775 ι

416 3837 526 3892 Τοῦ
569 3837 776 3892 αὐτοῦ.
815 3838 883 3892 Ἣ
926 3837 1081 3892 καλεί
1117 3837 1314 3900 αὐτοὺς
1342 3839 1422 3900 εἰς
1470 3835 1775 3908 μετάνοιαν,
1823 3831 1917 3886 καὶ

344 3927 576 3994 βασιλεῖς
620 3928 794 3992 καλεῖ,
845 3930 924 3992 είς
970 3929 1106 4000 ὅπερ
1135 3923 1284 3999 εἶχον
1334 3927 1552 3997 ἀξίωμα
1599 3924 1918 3996 ἀνατρέχειν

345 4020 560 4072 πείθων.
605 4018 800 4071 Σύνετε
833 4015 946 4083 οὖν,
979 4012 1024 4072 ὦ
1061 4018 1318 4088 βασιλεῖς,
1360 4016 1448 4070 διά
1481 4017 1536 4069 τί
1581 4033 1670 4086 μοι
1710 4014 1915 4068 δέδοται

344 4113 406 4171 τὰ
431 4112 555 4182 ἔθνη
589 4110 937 4184 κληρονομία.

409 4305 784 4359 Δουλεύσατε
812 4304 892 4370 τῷ
913 4306 1109 4373 Κυρίῳ
1129 4305 1198 4360 ἐν
1218 4307 1397 4374 φόϐῳ,
1423 4305 1520 4359 καὶ
1538 4305 1910 4376 ἀγαλλιᾶσθε

345 4395 496 4460 αὐτῷ
523 4396 592 4448 ἐν
623 4399 834 4466 τρόμῳ,
872 4415 924 4451 κ.
949 4414 1000 4450 τ.
1037 4399 1081 4450 ὲ.
1113 4396 1264 4462 Δόξει
1302 4397 1400 4468 μέν
1431 4415 1572 4451 τισιν
1599 4398 1706 4466 (79)
1737 4401 1764 4451 6
1791 4398 1910 4451 δου-

345 4488 505 4542 λεύων
534 4488 755 4551 πάντως
778 4488 963 4552 δοῦλος
990 4485 1148 4553 εἶναι,
1184 4490 1277 4542 καὶ
1311 4489 1545 4559 μάλιστα
1575 4489 1760 4543 ἐνθάδε
1786 4489 1909 4542 ἐπεὶ

346 4578 652 4648 πρόσκειται
677 4579 768 4642 τὸ,
814 4598 831 4630 ι
873 4580 932 4631 ὲν
977 4579 1146 4650 φόϐῳ,
1193 4601 1211 4633 ι
1252 4579 1345 4633 τοῦ
1378 4581 1658 4652 εἰληφότος
1695 4580 1910 4651 πνεῦμα

345 4667 576 4732 δουλείας
601 4669 752 4732 ὄντος
805 4688 823 4721 ι
860 4671 918 4722 ἐν
965 4671 1132 4741 φόϐῳ.
1165 4690 1181 4721 ι
1208 4672 1318 4724 Καὶ
1344 4673 1402 4724 οὐ
1430 4671 1638 4741 ψευδῶς
1657 4689 1720 4740 γε
1747 4672 1907 4736 δόξει.

347 4757 564 4812 Δύναται
602 4759 660 4812 δὲ
707 4762 801 4813 καὶ
842 4762 870 4814 6
917 4761 1030 4824 υίὸς
1070 4760 1360 4816 δουλεύειν.
1412 4763 1520 4816 Καὶ
1567 4764 1628 4817 ού
1677 4763 1836 4834 μόνος
1881 4763 1910 4816 6

346 4849 496 4918 φόϐος
518 4848 688 4914 αἴτιος
710 4849 802 4904 τοῦ
829 4851 1099 4905 δουλεύειν
1121 4853 1396 4923 τυγχάνει,
1421 4853 1554 4907 ἀλλά
1581 4853 1675 4906 καὶ
1696 4854 1904 4924 ἀγάπη.

345 4939 430 4992 Διά
454 4939 550 5011 τῆς
579 4940 798 5012 ἀγάπης
817 4941 948 5010 γοῦν
973 4944 1002 4995 6
1035 4943 1352 5005 Ἀπόστολος
1375 4943 1613 4997 διδάσκει
1638 4943 1905 4998 δουλεύειν

344 5027 476 5096 ἡμᾶς
505 5027 775 5098 ἀλλήλοις.
816 5029 976 5084 Ἀλλά
1003 5032 1097 5084 καὶ
1121 5032 1280 5095 αὐτὸς
1305 5034 1333 5085 6
1369 5034 1557 5103 Σωτὴρ
1580 5034 1671 5086 καὶ
1700 5033 1902 5104 Κύριος

345 5117 486 5186 ἡμῶν
526 5119 751 5187 γέγονεν
793 5123 850 5174 ὲν
889 5123 1040 5194 μέσῳ
1069 5125 1174 5177 τῶν
1209 5125 1465 5195 μαθητῶν
1499 5125 1662 5179 αὑτοῦ
1703 5128 1802 5198 οὐχ
1829 5128 1905 5192 ὡς

344 5208 702 5280 ἀνακείμενος,
739 5213 852 5266 ἀλλ’
882 5217 958 5277 ὡς
1003 5218 1031 5268 6
1064 5215 1344 5279 διακονῶν,
1386 5216 1650 5270 δουλεύων
1695 5219 1787 5270 καὶ
1821 5219 1897 5271 νί-

346 5311 478 5350 πτων
511 5300 637 5362 τοὺς
680 5301 846 5366 πόδας
885 5303 1084 5356 αὐτῶν.
1121 5305 1232 5357 Καὶ
1276 5305 1501 5358 ούδέπου
1548 5305 1718 5358 ταῦτα
1755 5307 1904 5377 φόϐῳ

346 5383 545 5456 θεμιτὸν
583 5391 748 5444 αὑτὸν
777 5395 1166 5465 πεποιηκέναι’
1210 5396 1377 5464 σαφὲς
1423 5395 1552 5467 γὰρ,
1595 5397 1674 5449 δτι
1710 5398 1898 5472 ἀγάπῃ

402 5569 440 5602 ⁸⁵
478 5569 602 5626 lsai.
637 5588 714 5640 Ix,
743 5573 795 5628 5.
874 5576 920 5606 "
947 5573 1148 5634 Jcrem.
1178 5593 1230 5644 κ,
1262 5577 1352 5630 24.
1430 5577 1475 5608 ⁸⁸
1499 5575 1660 5635 lilich.
1682 5595 1776 5643 vn,
1801 5581 1856 5636 9.

402 5724 508 5799 (79)
532 5728 698 5797 Δόξει
721 5731 838 5803 μέν
866 5748 1042 5799 τισιν,
1075 5745 1177 5788 ctc.
1219 5733 1417 5788 Ibidem
1459 5736 1571 5790 hmo
1619 5739 1980 5808 reperiuntur.

1932 5584 1974 5616 ⁵⁷
1999 5582 2189 5640 Matth.
2218 5596 2315 5649 xn,
2342 5581 2428 5648 4t,
2451 5591 2503 5638 et
2533 5598 2682 5655 seqq.

2021 3170 2241 3238 regione
2272 3185 2372 3224 sua
2404 3169 2729 3238 judicabant
2778 3185 2873 3224 eos
2902 3171 2994 3239 qui
3039 3170 3151 3227 illic
3194 3185 3300 3224 non
3341 3173 3588 3228 credunt.

2020 3259 2129 3313 Eos
2157 3259 2324 3328 igitur
2355 3260 2448 3329 qni
2485 3268 2682 3314 terram
2705 3258 2978 3327 judicaut,
3007 3263 3264 3314 hortatur
3295 3277 3476 3317 sermo
3519 3264 3588 3317 ad

2017 3351 2356 3418 disciplinam
2379 3367 2498 3422 qua:
2532 3351 2772 3406 scientiae
2805 3351 3094 3406 traditione
3122 3363 3354 3417 constat,
3390 3367 3586 3422 quem-

2015 3441 2302 3496 admodum
2342 3442 2594 3497 Salomon
2649 3441 2700 3496 in
2765 3440 3061 3495 Proverbiis
3112 3443 3166 3496 in
3225 3441 3368 3498 hunc
3413 3443 3586 3512 ipsum

2019 3547 2234 3586 sensum
2277 3534 2352 3588 ait
2385 3533 2432 3565 ⁸⁸
2468 3554 2479 3588 :
2523 3551 2540 3583 ι
2587 3533 2836 3603 Accipite
2868 3533 3232 3602 disciplinain,
3264 3543 3318 3588 et
3362 3549 3467 3588 non
3497 3551 3584 3588 ar-

2019 3635 2238 3693 gentum
2265 3663 2281 3690 ,
2319 3633 2375 3680 et
2408 3625 2692 3681 scientiam
2727 3625 2899 3694 magis
2949 3640 3113 3696 quam
3151 3640 3345 3679 aurum
3389 3626 3586 3696 proba-

2026 3725 2161 3768 ιυιιι.
2187 3735 2207 3770 ﬁ

2036 3898 2038 3900 _
2097 3827 2374 3898 Ejusdem.
2405 3828 2503 3884 Vel
2547 3829 2738 3883 invitat
2783 3829 2930 3897 ipsos
2973 3830 3039 3884 ad
3085 3829 3485 3897 pmuitentiam,
3535 3831 3589 3884 et

2019 3933 2176 3990 reges
2227 3929 2408 3987 vocat,
2457 3920 2692 3974 suadens
2740 3931 2797 3974 ut
2851 3930 3196 3974 revertantur
3249 3921 3315 3974 ad
3357 3921 3588 3991 dignita-

2020 4021 2125 4064 tem
2177 4027 2340 4081 quam
2421 4012 2747 4069 habuerunt.
2804 4010 3091 4082 lntelligite
3159 4011 3356 4080 igitur,
3415 4027 3447 4063 ο
3503 4027 3587 4066 τρε

2018 4116 2145 4171 ges,
2192 4102 2257 4155 ad
2299 4103 2428 4172 quid
2477 4103 2605 4158 mibi
2654 4103 2792 4158 data
2825 4103 2935 4158 sint
2975 4111 3162 4172 gentes
3188 4103 3242 4158 in
3299 4102 3586 4157 hmredita—

2019 4202 2146 4247 tem.

2097 4307 2260 4363 Vens.
2291 4305 2376 4362 11.
2425 4305 2628 4360 Sct'vite
2662 4305 2884 4360 Domino
2919 4307 2972 4362 in
3017 4307 3223 4370 timore,
3248 4317 3296 4361 ει
3329 4308 3584 4366 exsultatc

2015 4398 2063 4452 ei
2117 4414 2233 4451 cum
2280 4409 2524 4460 tremore,
2567 4407 2672 4452 etc.
2711 4396 2988 4450 Videbitur
3029 4399 3354 4465 quihusdam
3402 4399 3446 4453 is
3483 4400 3576 4468 qui

2013 4491 2180 4545 servit
2203 4489 2426 4542 omnino
2453 4504 2644 4543 servus
2674 4503 2815 4554 e5se,
2843 4499 2897 4543 et
2923 4491 3154 4542 maxime
3201 4489 3252 4542 in
3304 4490 3401 4543 hoc
3430 4488 3575 4554 loco,

2015 4579 2102 4633 ubi
2140 4577 2304 4632 etiam
2337 4577 2557 4632 additur
2606 4594 2626 4628 ι
2684 4579 2736 4632 ltt
2769 4580 2984 4642 timore,
3027 4597 3058 4632 -›
3095 4594 3218 4636 nam
3256 4579 3345 4649 qui
3380 4563 3588 4647 accepit

2013 4669 2267 4736 spiritum
2297 4668 2599 4732 servitutis,
2630 4679 2714 4723 est
2743 4686 2762 4720 ι
2797 4670 2848 4722 in
2883 4669 3098 4725 timore.
3146 4688 3164 4720 ι
3202 4669 3312 4723 Nec
3343 4669 3480 4723 falso
3509 4671 3581 4722 ita

2013 4761 2310 4816 videbitur.
2345 4759 2534 4814 Potest
2565 4761 2728 4814 etiam
2762 4759 2908 4814 ﬁlius
2934 4761 3163 4816 servire.
3213 4759 3319 4812 Nec
3345 4759 3491 4813 solus
3517 4761 3584 4813 ti-

2015 4867 2156 4918 mor,
2176 4852 2270 4906 sed
2296 4860 2350 4905 et
2385 4852 2632 4908 Charitas
2657 4852 2940 4907 servitutis
2969 4862 3048 4905 est
3073 4865 3256 4906 causa.
3286 4848 3588 4904 Dilectione

2011 4941 2172 5010 igitur
2199 4943 2427 4998 invicem
2462 4943 2670 4998 servire
2703 4943 2860 4996 docet
2893 4940 3206 5010 Apostolus.
3229 4939 3364 5006 Quin
3389 4947 3443 4996 et
3466 4939 3588 5006 ipse

2009 5032 2261 5087 Salvator
2298 5043 2352 5086 et
2379 5034 2646 5088 Dominus
2685 5041 2878 5086 noster
2915 5030 3018 5084 fuit
3049 5029 3099 5082 in
3147 5031 3322 5084 medio
3349 5031 3582 5098 discipu-

2010 5124 2178 5176 lnt‘ttttt
2219 5140 2461 5186 suorum,
2515 5140 2620 5177 non
2674 5132 2731 5175 ut
2787 5122 2877 5191 qui
2933 5121 3221 5186 recumbit,
3271 5121 3367 5177 scd
3399 5123 3582 5191 utqui

2009 5216 2298 5277 ministrat,
2358 5215 2601 5269 serviens
2651 5223 2705 5267 et
2754 5215 2918 5284 pedes
2963 5229 3153 5270 eorum
3205 5216 3413 5270 lavans.
3471 5212 3581 5281 Nec

2007 5323 2139 5362 sane
2164 5307 2246 5360 t'as
2277 5316 2357 5360 est
2392 5322 2512 5362 eum
2549 5307 2744 5361 timore
2780 5307 2894 5361 tunc
2920 5307 3116 5362 fecisse
3145 5303 3348 5363 dicere.
3380 5306 3580 5376 Liquet,

2006 5402 2148 5454 enim
2190 5399 2306 5453 haec
2338 5400 2404 5453 ab
2451 5400 2566 5467 ipso
2603 5398 2848 5470 perfecta
2903 5400 3173 5458 cbaritate
3202 5401 3344 5458 facta
3376 5402 3566 5461 fuisse.

2761 5583 2805 5615 "‘
2835 5582 2994 5639 Prov.
3023 5596 3142 5651 vltt,
3173 5582 3259 5649 10.
