4058 6244
485 348 620 407 lli5

478 465 535 524 Si
562 485 693 540 ergo
739 470 831 540 qui
870 476 1028 524 antea
1062 485 1217 542 reges
1248 479 1409 527 terrae
1438 470 1697 541 appellati
1733 478 1878 534 sunt,
1910 483 2055 524 nunc
2089 472 2126 529 Α

476 562 643 617 etiam
687 577 842 631 reges
879 561 1159 629 dicuntur,
1212 564 1434 634 przecipi
1484 565 1566 619 eis
1620 573 1799 632 potest
1840 572 1898 617 ut
1942 579 2060 617 ser-

479 656 629 706 viant
676 652 905 707 Domino
933 652 988 707 in
1018 653 1235 721 timore,
1272 664 1529 725 tanquam
1572 656 1717 711 servi
1762 655 1832 710 ab
1879 655 2060 721 initio,

479 745 568 810 qui
621 744 868 812 spiritum
898 746 1211 815 adoptionis
1248 746 1488 801 ﬁliorum
1523 748 1775 816 accipere
1817 761 1921 800 non
1960 761 2064 815 po-

488 846 730 888 tuerunt.
774 836 950 906 Atque
986 837 1037 891 in
1085 838 1168 893 Itis
1207 840 1608 894 observandum
1640 848 1724 893 est
1756 838 1908 904 illud,
1943 854 1963 888 ι
2008 837 2062 891 in

482 925 703 991 timore,
745 945 762 978 ι
793 941 954 995 quem
988 929 1080 997 qui
1110 942 1303 998 poenas
1332 931 1548 996 metuit,
1582 944 1689 984 non
1738 929 1923 992 habet,
1967 942 2065 981 ne-

478 1031 588 1084 que
637 1017 912 1085 perfectus
960 1029 1068 1075 est.
1117 1020 1186 1074 Et
1229 1036 1350 1091 qua:
1396 1030 1727 1091 sequuntur,
1780 1020 2061 1085 nimirum,

485 1124 505 1157 ε
560 1107 843 1164 Exsultate
891 1111 937 1165 ei
968 1127 1090 1166 cum
1148 1122 1410 1181 tremore,
1456 1134 1473 1165 ι
1507 1113 1860 1183 intelligenda
1912 1120 2060 1166 sunt.

480 1197 633 1262 Quod
665 1198 710 1253 si
745 1214 922 1266 reges,
951 1202 1126 1255 sancti
1159 1211 1306 1263 sunt,
1352 1213 1405 1256 et
1432 1204 1524 1272 qui
1560 1201 1809 1270 judicant
1837 1210 2061 1265 terram,

482 1285 519 1336 ii
550 1294 676 1339 sunt
712 1300 849 1353 quos
883 1304 1046 1358 supra
1074 1305 1195 1344 esse
1238 1291 1544 1357 docuimus,
1577 1308 1699 1345 cum
1726 1290 1820 1344 lilii
1849 1303 2064 1361 quoque

481 1377 689 1432 servire
720 1377 949 1435 Domino
994 1383 1224 1451 possint,
1268 1385 1431 1438 timor
1475 1385 1822 1455 accipiendus
1851 1394 1935 1441 est
1968 1399 2065 1454 pro

480 1479 542 1517 ea
584 1480 705 1533 quae
747 1469 889 1536 apud
922 1471 1186 1538 quosdam
1223 1472 1526 1541 appellatur
1571 1474 1897 1538 reverentia,
1944 1489 2064 1542 qua:

481 1570 756 1625 nunquam
804 1576 1018 1629 poenam
1055 1563 1237 1616 habet.
1274 1563 1427 1629 Quod
1462 1572 1643 1617 autem
1696 1565 1859 1620 timor
1901 1564 2063 1637 546

483 1655 576 1723 qui
607 1670 823 1724 pugnam
857 1672 963 1709 non
1000 1656 1183 1720 habet,
1223 1657 1524 1725 appellatur
1550 1658 1600 1710 itt
1637 1657 1919 1727 Scriptura
1940 1674 2063 1728 per-

483 1745 609 1800 fecti
640 1746 741 1799 viri
789 1745 1027 1808 facinus,
1078 1747 1249 1814 liquet
1296 1762 1359 1803 ex
1394 1762 1502 1800 eo:
1543 1765 1559 1797 ι
1608 1745 1724 1801 Non
1754 1758 1839 1802 est
1881 1749 2061 1819 inopia

482 1839 799 1893 timentibus
823 1853 966 1892 eum.
1003 1858 1020 1889 ›
1041 1836 1358 1892 Videbimur
1388 1840 1494 1893 vim
1536 1838 1832 1910 Scriptum
1855 1840 2061 1909 facere,

479 1928 701 1982 additur
745 1928 934 1983 enim:
973 1947 992 1979 ‹
1044 1942 1163 1984 cum
1210 1937 1469 1985 tremore.
1517 1949 1535 1981 ι
1573 1930 1680 1985 Sed
1726 1933 1849 1987 vide
1882 1947 2062 1987 annon

479 2018 702 2089 perteCti
743 2035 898 2091 reges
932 2020 1063 2087 sint,
1111 2029 1166 2074 et
1220 2021 1310 2090 qui
1346 2024 1545 2076 timore
1583 2024 1926 2091 erudiuntur,
1970 2024 2062 2094 ju-

479 2110 629 2166 dices
660 2121 839 2177 terrae,
884 2112 1084 2179 quibus
1118 2112 1362 2182 prmcipit
1408 2112 1663 2168 Salvator
1708 2124 1765 2169 ut
1811 2131 1916 2170 non
1950 2116 2064 2172 disc

480 2204 656 2260 solute
689 2219 863 2274 neque
892 2205 1118 2259 remisse
1149 2205 1443 2268 exsultent,
1476 2222 1543 2261 ne
1579 2206 1747 2261 inﬂati
1782 2209 1979 2263 cadant
2007 2208 2061 2262 in

481 2297 826 2367 superbiam,
879 2297 973 2352 sed
1015 2314 1033 2347 t
1082 2312 1203 2351 cum
1250 2306 1509 2364 tremore,
1562 2319 1580 2352 ι
1619 2310 1675 2355 et
1714 2301 1877 2356 veluti
1927 2318 2060 2357 con-

481 2401 673 2457 tracte,
705 2392 865 2445 simul
892 2391 1292 2446 considerando
1324 2392 1638 2460 possibilem
1667 2409 1786 2449 esse
1823 2394 2057 2465 lapsum,

480 2480 527 2534 si
560 2481 740 2534 divina
776 2496 906 2534 cura
949 2482 1302 2550 dereliquerit
1326 2498 1449 2537 eum
1490 2485 1582 2553 qui
1621 2486 1837 2542 deditus
1868 2496 1947 2542 est
1984 2487 2058 2542 rei

479 2570 715 2639 cuipiam
746 2571 921 2640 digna:
957 2587 1076 2642 qua:
1110 2575 1310 2628 merito
1339 2574 1586 2631 laudibus
1621 2574 1903 2631 efferatur.
1945 2579 2063 2634 Cae-

486 2669 671 2715 terum
704 2663 948 2725 verbum,
977 2680 995 2714 ι
1024 2663 1325 2730 exsultare,
1362 2683 1380 2717 ο
1417 2666 1470 2720 in
1504 2683 1604 2721 usu
1629 2676 1712 2721 est
1740 2668 2057 2737 Scriptura),

488 2766 598 2822 quo
644 2752 941 2821 signiﬁcari
995 2760 1250 2822 putamus
1302 2758 1561 2827 gaudium
1600 2758 1652 2812 in
1702 2770 1880 2815 mente
1915 2763 2059 2830 quod

480 2845 534 2898 in
595 2845 780 2899 anima
849 2845 1013 2899 habet
1074 2846 1549 2916 participationem
1602 2849 1837 2919 Spiritus
1885 2853 2059 2908 sancti

477 2936 875 3005 congaudentis
901 2935 950 2990 ei
976 2935 1070 3006 qui
1103 2947 1323 2991 sanctus
1349 2946 1454 2992 est.

550 3025 714 3081 Vens.
736 3026 821 3080 12.
840 3026 1223 3096 Apprehendite
1247 3030 1611 3098 disciplinam,
1627 3048 1689 3086 ne
1710 3033 1921 3098 quando
1948 3034 2060 3088 ira—

475 3129 657 3174 scatur
697 3120 977 3188 Dominus,
1019 3132 1066 3177 et
1092 3124 1318 3192 pereatis
1349 3125 1414 3177 de
1444 3125 1524 3178 via
1564 3126 1739 3194 justa,
1764 3135 1871 3183 etc.
1918 3128 2053 3183 Pro-
2084 3146 2131 3210 α

480 3212 682 3267 fectum
732 3213 952 3284 quidem
1002 3228 1121 3284 per,
1166 3233 1185 3265 ι
1247 3215 1561 3281 erudimini,
1595 3236 1613 3269 ι
1661 3219 2053 3287 perfectionem

478 3319 609 3359 vero
651 3306 903 3374 praponit
953 3321 1069 3375 per,
1127 3323 1147 3358 ι
1197 3307 1588 3376 appreltendite
1631 3309 1992 3379 disciplinam.
2032 3333 2051 3366 ι

481 3394 776 3465 Diligenter
818 3405 996 3451 autem
1035 3397 1405 3451 consideranti
1459 3396 1633 3466 liquet
1678 3399 2055 3469 imperfectum

486 3486 538 3538 in
562 3486 873 3557 disciplina,
901 3498 955 3543 ct
979 3503 1086 3543 non
1115 3489 1576 3558 progredientem,
1616 3492 1793 3547 adhuc
1825 3493 1919 3547 ira:
1944 3493 2054 3547 Do-

481 3577 613 3631 tnini
648 3594 772 3633 esse
813 3579 1131 3644 obnoxium,
1177 3580 1477 3649 perfectum
1511 3599 1640 3639 vero
1668 3598 1788 3638 eam
1820 3587 2057 3655 experiri

481 3682 587 3721 non
620 3683 796 3737 posse.
830 3670 886 3723 Si
924 3671 1070 3725 enim
1097 3670 1321 3740 jubetur
1366 3674 1491 3743 quis
1527 3678 1940 3745 apprehendere
1975 3678 2058 3731 di-

476 3760 785 3830 sciplinam,
819 3770 875 3816 ut
924 3777 1029 3818 non
1077 3763 1346 3820 irascatur
1395 3768 1445 3821 ei
1485 3768 1765 3833 Dominus,
1810 3769 1905 3823 ira:
1951 3768 2060 3823 erit

484 3852 770 3922 particeps,
800 3855 1040 3910 nondum
1073 3858 1411 3926 apprehensa
1452 3858 1739 3931 disciplina
1767 3861 1820 3915 in
1848 3876 1951 3930 qua
1986 3870 2059 3915 ta-

478 3960 604 3998 men
652 3960 968 4015 prOgressus
1014 3949 1222 4017 aliquot
1275 3948 1405 4005 fecit
1448 3969 1462 4005 :
1515 3951 1582 4006 ab
1634 3952 1701 4007 iis
1733 3952 1826 4023 qui
1871 3968 1938 4006 ex
1974 3953 2053 4008 ira

475 4036 731 4088 oriuntur
756 4034 1042 4091 aﬂ'ectibus
1060 4036 1300 4106 perfecte
1330 4039 1596 4094 liberante
1621 4041 2058 4110 appreltensione

478 4124 806 4192 disciplinae.
861 4142 965 4181 non
996 4142 1130 4182 vero
1159 4130 1461 4200 disciplina:
1498 4130 1653 4185 initio
1685 4143 1739 4187 et
1790 4134 1856 4189 ad
1909 4134 2055 4189 illam

478 4213 882 4270 introductione
918 4235 933 4273 :
965 4217 1190 4273 omnino
1238 4219 1387 4273 enim
1425 4220 1517 4290 qui
1565 4222 1748 4276 adhuc
1778 4225 2055 4290 eruditur,

480 4305 832 4375 imperfectus
857 4318 962 4375 est,
1006 4308 1359 4378 imperfectus
1387 4320 1569 4365 autem
1604 4311 1739 4366 iram
1768 4312 1861 4368 Dei
1892 4328 2058 4385 expe-

484 4396 576 4449 riri
609 4407 806 4466 potest.
838 4398 944 4453 Sed
977 4400 1234 4470 quoniam
1267 4415 1443 4470 neque
1476 4401 1529 4456 in
1559 4400 1851 4466 llebraico,
1881 4419 2057 4474 neque

1870 348 1958 402 EX
2000 347 2302 404 ORIGENE

3694 343 3721 396 ί
3731 340 3820 397 fit?

2158 467 2340 537 τελείᾳ
2365 468 2538 521 ταῦτα
2576 466 2724 538 αὐτῷ
2765 467 3096 540 πέπρακται.
3139 468 3196 521 Εἰ
3244 467 3382 538 μὲν
3426 460 3542 519 οὖν
3592 464 3815 534 Denisi;

2164 560 2214 611 οἱ
2240 561 2298 611 ὲν
2334 562 2444 623 τοῖς
2475 559 2580 630 πρδ
2607 559 2812 612 τούτων
2849 560 3089 630 βασιλεῖς
3116 561 3215 629 γῆς
3251 556 3719 629 ὠνομασμένοι
3744 561 3823 609 καὶ

2165 650 2260 703 νῦν
2290 650 2563 718 λέγονται,
2601 652 2785 714 αὐτοῖς
2817 652 3247 723 προστάττεσθαι
3283 649 3580 703 δύναται
3621 648 3688 700 τὸ
3718 649 3822 701 διε)-

2164 742 2353 797 λεῦσαι
2388 743 2467 814 τῷ
2514 744 2706 816 Κυρίῳ
2746 745 2805 796 ὲν
2842 744 3013 815 φόϐῳ,
3051 742 3127 807 ὡς
3163 744 3416 805 δούλοις
3468 739 3741 811 ἀρχῆθεν
3773 742 3822 792 οἱ

2164 835 2483 906 δυναμένοις
2522 836 2770 908 χωρῆσαι
2808 837 2869 890 τὸ
2899 835 3115 907 πνεῦμα
3152 836 3248 905 τῆς
3302 833 3677 895 υἱοθεσίας.
3733 835 3825 885 Kal

2164 927 2426 999 τηρητέον
2455 928 2540 979 ἐπ’
2569 926 2750 981 αὐτῶν
2770 927 2854 993 τὸ,
2882 948 2901 979 ‹
2932 930 2990 983 ὲν
3020 928 3191 997 φόϐῳ,
3225 948 3241 979 ι
3276 927 3360 982 ὃν
3400 928 3438 978 ὁ
3476 924 3826 994 φοὸοὐμεπιος

2164 1019 2384 1072 κόλασιν
2419 1020 2518 1072 οὐκ
2550 1018 2684 1089 ἔχει,
2732 1022 2828 1074 καὶ
2870 1022 2931 1073 οὐ
2970 1020 3357 1073 τετελείωται.
3396 1018 3544 1073 Καὶ
3588 1016 3669 1070 τὰ
3710 1017 3827 1069 ἀκό-

2164 1111 2327 1165 λουθα
2355 1112 2412 1165 δὲ
2454 1114 2581 1183 περὶ
2609 1111 2726 1175 τοῦ,
2760 1131 2779 1163 ι
2813 1111 3163 1180 Ἀγαλλιᾶσθε
3190 1111 3365 1183 αὐτῷ
3421 1111 3499 1162 ὲν
3545 1110 3772 1179 τρόμῳ,
3806 1127 3822 1157 ι

2162 1205 2401 1276 νοητέον.
2446 1204 2509 1257 Εἰ
2542 1202 2599 1255 δὲ
2644 1202 2885 1273 βασιλεῖς
2922 1205 2970 1256 οἱ
3010 1203 3153 1272 ἆγιοι
3193 1205 3287 1256 καὶ
3344 1203 3695 1275 κρίνοντες
3739 1201 3824 1270 τὴν

2162 1294 2267 1365 γῆν
2293 1295 2342 1346 οἰ
2376 1294 2516 1347 κατά
2542 1293 2640 1364 τὴν
2666 1294 2918 1364 διήγησιν
2946 1291 3428 1363 ὲρμηνευθέντες,
3483 1290 3829 1359 δυναμένων

2162 1386 2435 1440 δουλεύειν
2473 1385 2567 1439 καὶ
2600 1385 2706 1439 τῶν
2739 1384 2870 1439 υἱῶν
2901 1384 2979 1455 τῷ
3008 1386 3218 1456 Κυρίῳ,
3250 1384 3354 1437 τὸν
3397 1383 3611 1452 φόϐον
3658 1399 3821 1452 μετα-

2163 1479 2395 1549 ληπτέον
2422 1480 2503 1541 είς
2534 1477 2633 1548 τὴν
2660 1478 2812 1547 παρά
2834 1494 2977 1530 τισιν
3014 1476 3298 1531 εὐλάϐειαν
3328 1476 3821 1546 ὠνομασμένην,

2162 1567 2283 1636 ἥτις
2333 1564 2583 1635 οὐδαμῶς
2614 1564 2834 1617 κόλασιν
2868 1564 3001 1635 ἔχει.
3040 1564 3161 1617 Ὅτι
3196 1566 3253 1618 δὲ
3283 1565 3496 1633 φόϐος
3545 1565 3582 1615 ὁ
3620 1564 3706 1635 μὴ
3740 1566 3823 1617 κά·

2162 1659 2316 1715 λασιν
2350 1658 2486 1728 ἔχων
2520 1656 2835 1727 ὠνόμασται
2867 1659 2924 1709 ὲν
2963 1659 3033 1727 τῇ
3079 1657 3269 1727 Γραφῇ
3296 1657 3563 1709 τελείου
3620 1656 3821 1726 κατόρ-

2168 1749 2328 1820 θωμα
2363 1749 2665 1819 τυγχάνων,
2716 1748 2885 1818 σαφὲς
2926 1750 2990 1801 ἐκ
3030 1748 3154 1801 τοῦ·
3196 1768 3215 1799 ι
3256 1750 3380 1802 Οὐκ
3436 1749 3624 1801 ἐστιν
3660 1749 3816 1802 ὑστέ-

2170 1858 2320 1913 ρημα
2350 1843 2460 1905 τοῖς
2492 1840 2844 1910 φοϐουμένοις
2875 1840 3055 1894 αὐτόν.
3108 1860 3126 1891 ι
3178 1841 3435 1910 Δόξομεν
3497 1842 3570 1894 δὲ
3622 1840 3812 1911 βιάζε-

2167 1934 2312 1998 σθαι,
2348 1933 2435 1986 διὰ
2482 1934 2540 1986 τὸ
2586 1933 2944 2005 ἐπιφέρεσθαι
2989 1934 3050 1986 τὸ
3098 1952 3115 1983 ι
3172 1935 3229 1985 ὲν
3270 1934 3519 2006 τρόμῳ.
3577 1953 3599 1984 ι
3655 1934 3811 1985 Ἀλλά

2169 2026 2376 2096 μήποτε
2423 2026 2471 2078 οἱ
2524 2024 2623 2095 μὲν
2670 2024 2867 2077 τέλειοι
2916 2023 3151 2093 βασιλεῖς
3190 2025 3624 2093 τυγχάνουσιν,
3672 2027 3724 2076 οἱ
3754 2026 3805 2076 δὲ

2164 2116 2268 2170 κᾶν
2310 2116 2387 2187 τῷ
2426 2116 2575 2187 φόϐῳ
2616 2116 3117 2186 παιδαγωγούμενοι
3159 2118 3344 2187 κριταὶ
3399 2117 3559 2186 γῆς,
3610 2119 3677 2169 ὲν
3729 2111 3808 2178 οἷς

2165 2206 2495 2278 προστάσσει
2540 2208 2568 2258 ό
2602 2205 2791 2276 Σωτὴρ
2834 2204 3100 2274 ἀγαλλιᾷν
3141 2204 3218 2276 μὴ
3250 2206 3617 2276 ἀνειμένως,
3662 2205 3797 2274 μηδὲ

2162 2295 2600 2366 ἀπολελυμένως,
2635 2294 2723 2349 ἵνα
2769 2294 2843 2366 μὴ
2878 2295 3184 2348 ἐκπέσωσιν
3221 2297 3301 2357 εἰς
3338 2296 3664 2364 χαύνωσιν
3704 2295 3795 2345 καὶ

2162 2386 2360 2457 οἴησιν,
2390 2386 2502 2439 ἀλλ’
2537 2406 2555 2438 ι
2586 2388 2643 2440 ὲν
2672 2387 2879 2458 τρόμῳ,
2920 2405 2938 2437 ι
2969 2388 3061 2440 καὶ
3085 2387 3249 2440 οἱονεὶ
3275 2387 3786 2459 συνεσταλμένως.

2167 2477 2307 2548 μετά
2333 2476 2426 2530 τοῦ
2462 2482 2685 2532 σκοπεῖν
2718 2479 2778 2532 τὸ
2809 2478 3067 2533 δύνασθαι
3104 2482 3309 2543 πεσεῖν,
3345 2481 3397 2532 εἰ
3434 2479 3781 2533 καταλείποι

2164 2573 2197 2642 ἡ
2245 2573 2519 2643 ὲπισκοπὴ
2573 2573 2665 2627 τὸν
2713 2576 3003 2645 γενόμενον
3050 2574 3106 2627 ἔν
3162 2593 3267 2628 τινι
3299 2574 3442 2647 ἀξίῳ
3476 2575 3585 2629 τοῦ
3618 2574 3773 2629 εὐλό-

2162 2681 2276 2733 γως
2310 2664 2649 2736 ἐπαίρεσθαι.
2675 2666 2747 2719 Τὸ
2769 2666 2824 2719 δὲ
2857 2686 2874 2718 ι
2911 2667 3269 2736 ἀγαλλιᾶσθαι
3308 2689 3326 2721 ι
3363 2670 3478 2722 ἀπὸ
3506 2670 3615 2740 τῆς
3646 2684 3774 2720 συν-

2162 2757 2353 2827 ηθείας
2386 2759 2501 2810 ἐστὶ
2537 2758 2635 2830 τὴς
2663 2758 2914 2831 Γραφῆς·
2958 2760 3095 2831 ὅπερ
3132 2760 3357 2830 οίόμεθα
3393 2754 3543 2815 εἶναι
3581 2758 3760 2831 χαράν

2162 2848 2218 2900 ὲν
2260 2850 2324 2918 τῇ
2373 2848 2608 2918 ἐπινοίᾳ,
2660 2848 2890 2918 ἔχουσαν
2936 2848 3034 2920 τὴν
3080 2850 3174 2903 τοῦ
3221 2851 3378 2919 ἁγίου
3429 2851 3758 2920 Πνεύματος

2162 2941 2241 3002 εἰς
2272 2940 2371 3011 τὴν
2399 2939 2574 3011 ψυχὴν
2610 2941 2890 2993 κοινωνίαν
2923 2942 3308 3014 συγχαίροντος
3337 2943 3414 3013 τῷ
3446 2945 3612 3012 ἁγίῳ.

2230 3031 2537 3099 Δράξιισθε
2576 3033 2877 3100 παιδείας,
2920 3034 3156 3103 μήποτε
3212 3036 3455 3105 ὁργισθῇ
3492 3037 3739 3101 Κιὶοιοςρ

2162 3123 2259 3177 καὶ
2283 3123 2609 3178 ἀπολεῖσθε
2645 3125 2714 3189 ἐξ
2758 3124 2903 3178 ὀδοῦ
2945 3125 3201 3192 δικαίας,
3236 3145 3289 3179 κ.
3314 3143 3358 3178 τ.
3392 3125 3571 3194 ὲ.Τὴν
3619 3122 3729 3192 μὲν

2164 3217 2447 3287 προκοπὴν
2484 3217 2592 3286 (80)
2639 3216 2726 3270 διά
2770 3217 2887 3282 τοῦ,
2929 3237 2946 3268 ι
2997 3217 3346 3288 παιδεύθητε,
3402 3237 3419 3267 ι
3464 3214 3723 3287 παριστᾷ,

2158 3308 2258 3377 τὴν
2303 3307 2358 3359 δὲ
2402 3306 2679 3362 τελείωσιν
2715 3307 2804 3361 διὰ
2848 3307 2965 3371 τοῦ,
3007 3327 3025 3358 t
3082 3306 3357 3378 δράξασθε
3404 3307 3667 3368 παιδείας.
3706 3324 3724 3353 ι

2160 3396 2250 3465 Τῷ
2292 3396 2348 3448 δὲ
2383 3398 2657 3467 ἐπιμελῶς
2688 3398 3090 3469 παρατηροῦντι
3127 3399 3296 3467 σαφές
3329 3401 3499 3459 ἐστιν,
3532 3400 3613 3451 ὅτι
3647 3396 3729 3446 ὲν-

2160 3487 2373 3557 δέχεται
2399 3488 2491 3541 τὸν
2513 3490 2675 3560 ἀτελῆ
2702 3492 2760 3542 ὲν
2792 3489 3007 3561 παιδείᾳ
3028 3491 3222 3561 καὶμὴ
3255 3492 3635 3559 προκόπτοντα
3659 3488 3734 3539 ἔτι

2159 3578 2326 3651 ὀργῆς
2357 3582 2560 3651 Κυρίου
2599 3579 3058 3651 μεταλαμϐάνειν,
3093 3581 3183 3634 τὸν
3216 3580 3274 3634 δὲ
3309 3581 3516 3633 τέλειον
3548 3580 3728 3634 ἀδύνα-

2160 3689 2251 3724 τον
2281 3672 2483 3744 ταύτης
2518 3673 2787 3743 μετέχειν.
2824 3676 2886 3727 Εί
2916 3675 3025 3746 γὰρ
3061 3673 3358 3745 δράξασθαί
3388 3692 3472 3737 τις
3503 3672 3733 3731 παιδείας

2161 3763 2440 3817 κελεύεται
2468 3765 2607 3835 ὑπὲρ
2631 3766 2722 3818 τοῦ
2759 3766 2833 3837 μὴ
2861 3766 3177 3837 ὀργισθῆναι
3210 3765 3358 3836 αὐτῷ
3384 3767 3476 3818 τὸν
3519 3766 3731 3837 Κύριον,

2162 3855 2263 3910 κᾶν
2300 3856 2559 3926 μετάσχοι
2588 3858 2686 3927 τῆς
2711 3857 2881 3929 ὀργῆς
2904 3858 2980 3928 μὴ
3000 3856 3332 3928 δραξάμενος
3359 3859 3458 3928 τῆς
3480 3858 3729 3919 παιδείας·

2162 3951 2219 4003 ὲν
2253 3952 2501 4020 προκοπῇ
2540 3950 2787 4020 μέντοιγε
2821 3950 2921 4019 τῆς
2954 3948 3203 4013 παιδείας
3240 3948 3336 4013 ὣν,
3368 3950 3554 4003 τέλεον
3594 3951 3733 4003 ἐλευ-

2162 4041 2426 4112 θερούσης
2450 4040 2558 4093 ἀπὸ
2586 4039 2695 4092 τῶν
2727 4041 2795 4092 ὲκ
2818 4041 2915 4111 τῆς
2944 4038 3114 4112 ὀργῆς
3144 4042 3531 4111 ἐπερχομένων
3566 4042 3733 4110 παθη·

2165 4134 2348 4204 μάτων
2390 4133 2489 4203 τῆς
2534 4131 2904 4203 περιδράξεως
2946 4133 3044 4201 τῆς
3085 4132 3351 4195 παιδείας,
3393 4135 3514 4203 οὐχ).
3554 4132 3733 4203 δὲθτῆς

2162 4224 2453 4294 ἐπαγωγῆς
2484 4222 2687 4292 καὶτῆς
2709 4223 2883 4294 ἀρχῆς
2898 4224 2996 4294 τῆς
3012 4224 3152 4276 κατά
3172 4225 3271 4296 τὴν
3293 4225 3541 4278 παιδείαν
3561 4243 3575 4257 ο
3606 4226 3733 4279 πάν-

2160 4335 2267 4380 τως
2295 4317 2402 4386 γὰρ
2422 4317 2449 4368 ὁ
2479 4316 2558 4369 ἔτι
2595 4316 2978 4385 παιδευόμενος
3005 4316 3200 4388 ἀτελής
3244 4319 3411 4378 ἐστιν,
3447 4316 3647 4388 ἀτελὴς
3686 4318 3733 4369 δὲ

2162 4408 2239 4461 ὢν
2276 4408 2447 4478 ὀργῆς
2494 4407 2716 4460 δύναται
2767 4410 2960 4477 πεῖραν
3006 4406 3190 4460 λαϐεῖν
3234 4407 3393 4460 Θεοῦ,
3442 4407 3581 4459 Ἀλλ’
3623 4407 3736 4459 ἐπεὶ

489 4488 542 4541 in
591 4489 718 4543 aliis
776 4490 1328 4560 interpretationibus
1360 4494 1593 4549 habetur
1623 4509 1727 4549 vox
1766 4513 1785 4547 ι
1823 4495 1993 4565 justa,
2036 4519 2054 4552 ι

2167 4499 2291 4553 οὗτε
2326 4500 2383 4551 ὲν
2415 4498 2491 4567 τῷ
2528 4497 2799 4568 Ἐὁραῖκῷ
2829 4498 3172 4568 πρόσκειται,
3217 4496 3340 4550 οὗτε
3372 4499 3431 4551 ὲν
3472 4501 3595 4561 ταῖς
3635 4499 3738 4550 λοι·

481 4582 822 4649 suspicamur
866 4598 934 4638 ne
974 4581 1113 4639 forte
1170 4585 1254 4640 vel
1300 4601 1397 4656 per
1445 4587 1908 4657 dispensationem
1959 4590 2062 4645 ltoc

481 4675 873 4744 apposuerint,
929 4676 1012 4731 vel
1064 4691 1221 4732 error
1269 4679 1340 4732 sit
1380 4679 1432 4732 in
1484 4678 1913 4748 exemplaribus.
1955 4681 2061 4736 Per

477 4767 932 4837 dispensationem
952 4769 1169 4840 quidem
1194 4778 1251 4823 ut
1275 4770 1347 4824 sit
1374 4784 1601 4824 sensus:
1622 4768 1734 4824 Nisi
1760 4773 2060 4841 apprehen-

479 4858 671 4914 deritis
700 4859 1075 4930 disciplinam,
1107 4860 1356 4930 peribitis
1395 4862 1461 4917 de
1487 4862 1571 4917 via
1619 4861 1790 4932 justa,
1824 4872 1879 4918 et
1904 4866 2051 4919 exci-

469 4950 619 5007 ﬂetis
640 4957 709 5007 ab
748 4968 839 5019 ea,
871 4953 1104 5011 Domino
1130 4954 1286 5010 vobis
1328 4954 1625 5010 irascente.
1664 4955 1864 5010 Verum
1898 4972 2058 5013 accu-

479 5051 599 5095 rate
626 5058 737 5097 rem
776 5046 1196 5115 perpendamus,
1222 5061 1345 5101 cum
1377 5049 1454 5101 ira
1486 5046 1579 5103 Dei
1611 5048 1917 5117 corrigendi
1944 5048 2055 5105 vim

474 5132 697 5198 habeat,
758 5137 1031 5204 quomodo
1088 5152 1185 5206 per
1220 5139 1325 5193 hoc
1372 5138 1517 5207 quod
1571 5138 1716 5195 Deus
1762 5138 2052 5207 irascatur,

476 5235 665 5291 pereat
696 5228 818 5297 quis
841 5228 907 5283 de
928 5229 1015 5282 via
1043 5226 1190 5297 justa
1219 5228 1245 5283 ἲ
1282 5228 1481 5300 Utique
1507 5232 1922 5302 haudquaquam
1946 5248 2056 5287 om-

478 5314 610 5370 nino
643 5327 867 5388 propter
900 5319 1037 5373 iram
1069 5320 1321 5389 peribitis
1370 5322 1437 5376 de
1474 5323 1559 5376 via
1598 5322 1769 5391 justa,
1805 5324 1900 5379 sed
1952 5325 2054 5379 hoc

480 5406 635 5462 vobis
684 5420 907 5480 prapter
936 5422 1160 5480 peccata
1207 5421 1388 5469 vestra
1418 5415 1653 5468 eveniet.
1685 5414 1839 5481 Quod
1866 5416 1910 5470 si
1944 5432 2051 5470 non

473 5496 641 5552 fuerit
670 5502 916 5570 apposita
964 5519 1064 5559 vox
1112 5523 1130 5557 ι
1178 5504 1349 5573 iusta,
1398 5523 1417 5556 ι
1454 5520 1575 5559 cum
1628 5505 1665 5560 ii
1695 5506 1785 5576 qui
1825 5522 1929 5561 non
1960 5521 2054 5575 3P"

472 5587 818 5657 prehendunt
867 5598 1238 5670 disciplinam,
1284 5598 1507 5654 omnino
1547 5597 1660 5653 sint
1707 5600 1762 5653 itt
1806 5599 1888 5653 via
1944 5615 2049 5654 non

2167 4595 2294 4655 παῖς
2327 4589 2641 4662 ἑρμηνείαις
2670 4590 2752 4653 τὸ,
2790 4608 2808 4640 ι
2844 4588 3080 4653 δικαίας,
3134 4610 3151 4641 ι
3208 4590 3591 4661 ὑποπτεύομεν
3638 4594 3735 4661 pd;-

2164 4700 2293 4736 ποτε
2350 4682 2383 4753 ἢ
2436 4683 2552 4735 κατ’
2595 4681 2906 4751 οἰκονομίαν
2966 4680 3312 4752 προσέθηκαν
3355 4682 3536 4746 τοῦτο,
3591 4682 3623 4752 ἢ
3670 4682 3736 4734 τὰ

2164 4777 2470 4847 ἀντίγραφα
2531 4774 2863 4846 ἡμάρτηται.
2920 4775 3056 4826 Κατ’
3119 4773 3432 4844 οἰκονομίαν
3497 4776 3615 4844 μὲν,
3672 4776 3735 4825 ἶν’

2160 4868 2333 4931 οὕτως
2357 4868 2655 4939 νοήσωμεν·
2716 4864 2841 4917 Ἐὰν
2886 4866 2961 4935 μὴ
3000 4864 3270 4937 δράξησθε
3298 4866 3562 4929 παιδείας,
3608 4868 3739 4918 ἀπο-

2154 4961 2334 5015 λεῖσθε
2403 4960 2461 5023 ἐξ
2515 4957 2636 5011 ὀδοῦ
2696 4957 2932 5021 δικαίας,
3010 4959 3106 5011 καὶ
3189 4958 3507 5011 ὲκπεσεῖσθε
3543 4959 3738 5028 αὖτῆς,

2155 5050 2502 5123 ὀργισθέντος
2551 5051 2681 5119 ὑμῖν
2734 5048 2827 5101 τοῦ
2882 5050 3110 5119 Κυρίου·
3182 5049 3294 5103 ἀλλ’
3350 5052 3425 5115 ὡς
3486 5052 3623 5121 πρὸς
3680 5052 3740 5105 τὸ

2155 5142 2400 5213 ἀκριϐὲς,
2469 5142 2517 5191 εἰ
2586 5139 2905 5211 παιδευτική
2966 5143 3114 5194 ζεστιν
3158 5144 3190 5211 ἡ
3244 5141 3380 5213 ὀργὴ
3433 5140 3528 5194 τοῦ
3578 5142 3735 5209 Θεοῦ,

2158 5234 2295 5297 πῶς,
2333 5233 2421 5286 διὰ
2446 5232 2508 5284 τὸ
2535 5230 2802 5302 ὠργίσθαι
2827 5232 3055 5302 Κύριον,
3092 5232 3381 5292 ἀπολεῖταί
3406 5250 3490 5296 τις
3523 5233 3583 5298 ἐξ
3616 5233 3737 5287 ὁδοῦ

2155 5326 2405 5389 δικαίας;
2440 5325 2514 5378 Οὐ
2549 5325 2763 5387 πάντως
2795 5325 2853 5377 δὲ
2894 5324 2981 5378 διὰ
3012 5326 3109 5396 τὴν
3156 5326 3324 5396 ὀργὴν
3356 5326 3643 5379 ἀπολεῖσθε
3678 5326 3739 5392 ἐξ

2156 5418 2276 5472 ὁδοῦ
2304 5418 2537 5481 δικαίας,
2567 5417 2703 5471 ἀλλὰ
2741 5418 2897 5472 τοῦτο
2935 5419 3122 5488 ἕψεται
3158 5422 3286 5489 ὑμῖν
3328 5421 3416 5475 διὰ
3450 5420 3517 5473 τὰ
3554 5422 3734 5492 ἀμαρ-

2156 5512 2395 5581 τήματα.
2437 5510 2563 5562 Ἐάν
2598 5510 2671 5580 μὴ
2776 5510 3026 5579 κείμενον
3046 5510 3164 5576 τδ,σ
3213 5512 3448 5575 δικαίας,
3477 5532 3495 5563 ι
3535 5512 3657 5565 ἐπεὶ
3686 5513 3737 5565 οἱ

2161 5599 2237 5671 μὴ
2280 5598 2603 5670 δραξάμενοι
2643 5599 2888 5663 παιδείας
2931 5600 3147 5665 πάντως
3192 5602 3329 5655 εἰσὶν
3372 5603 3432 5654 ἐν
3481 5602 3587 5673 ὀδῷ
3633 5604 3733 5657 οὐκ

548 5748 666 5820 (80)
701 5748 945 5819 Tip‘yér
986 5750 1325 5821 προκοπήν,
1360 5759 1464 5808 etc.
1498 5751 1539 5806 Ε
1569 5752 1689 5808 cod.
1718 5751 2061 5821 Burocciano,

2186 5757 2388 5812 Catena
2412 5756 2679 5812 Corderii.
2715 5754 2906 5813 Latine
2937 5768 3113 5813 exstat
3142 5758 3279 5826 apud
3309 5757 3627 5815 Barbarum.
