4058 6244
331 338 504 393 1117

1371 332 1682 389 SELECTA
1723 332 1788 386 IN
1829 329 2167 386 PSALMOS.
2210 357 2279 367 —-
2312 318 2508 382 PSAL.
2544 326 2634 381 III.

3495 321 3635 378 ms

335 459 569 531 ἀγαθῇ,
600 458 821 512 δύναται
850 453 1149 526 λεληθότως
1187 452 1462 521 λέγεσθαι,
1496 453 1577 505 ὅτι
1619 452 1693 522 μὴ
1721 452 1947 522 δρασσο-

2066 448 2242 512 bona;
2297 454 2476 517 potest
2520 446 2757 499 latenter
2805 440 2913 496 dici
2943 482 2958 510 ,
2996 439 3249 510 quoniam
3277 423 3628 493 νοιιίειιίεεί-

346 552 549 622 μένων
580 549 733 621 ὑμῶν
788 546 1033 610 παιδείας
1075 544 1458 617 όργισθήσεται
1500 542 1722 614 Κύριος,
1759 544 1821 594 ὲκ
1853 541 1947 594 τοῦ

342 641 664 696 ἀπολέσθαι
710 641 855 711 ὑμᾶς
899 640 964 691 ὲκ
999 639 1096 709 τῆς
1140 635 1260 692 ὁδοῦ
1310 640 1367 692 ὲν
1486 635 1815 707 διατρίϐετε,
1863 636 1949 688 ἵνα

350 735 570 807 μηκέτι
599 732 883 803 ὑπάρχητε
910 731 968 783 ὲν
994 730 1150 800 αὐτῇ.

440 920 630 975 Ὅταν
668 914 933 985 ἐκκαυθῇ
974 914 1044 968 ἐν
1085 913 1249 983 τάχει
1294 916 1327 967 ό
1371 911 1557 982 θυμὸς
1595 910 1802 974 αὐτοῦ,
1832 925 1948 979 μα-

351 1009 561 1078 κάριοι
608 1007 831 1074 πάντες
857 1009 912 1061 οἱ
956 1008 1301 1071 πεποιθότες
1352 1003 1445 1057 ἐπ’
1481 1002 1662 1068 αὐτῷ,
1713 1019 1766 1054 κ.
1800 1019 1852 1058 τ.
1899 1003 1946 1054 ὲ.

348 1101 427 1155 Ei
469 1103 563 1155 καὶ
600 1100 849 1172 δεύτερον
886 1098 998 1171 (81)
1027 1097 1241 1167 λέγεται
1290 1098 1319 1149 6
1365 1095 1537 1168 θυμὸς
1598 1095 1701 1166 τῆς
1758 1095 1948 1165 ὀργῆς,

354 1191 509 1244 ἀλλά
540 1191 617 1262 τῷ
637 1190 894 1261 τηροῦντι
923 1188 1021 1260 τὴν
1051 1188 1364 1259 σύμφρασιν
1411 1187 1513 1257 τῆς
1561 1186 1806 1257 Γραφῆς,
1850 1204 1950 1255 φα-

354 1283 524 1353 νερὸν
556 1283 637 1335 ὅτι
660 1280 939 1335 ὲκκαίεται
990 1280 1204 1351 πρῶτον
1234 1282 1263 1333 6
1290 1279 1492 1350 θυμὸς,
1528 1279 1624 1332 καὶ
1670 1277 1950 1349 ὀργισθέν-

351 1390 459 1437 τος
486 1373 579 1427 τοῦ
612 1373 748 1427 Θεοῦ
783 1372 1081 1428 ἀπόλλυταί
1104 1390 1189 1436 τις
1234 1373 1343 1426 ἀπὸ
1385 1372 1483 1442 τῆς
1514 1370 1656 1426 ὁδοῦ.
1683 1371 1757 1424 T6
1788 1370 1846 1424 δὲ
1892 1372 1949 1426 ὲν

351 1463 523 1533 τάχει
563 1463 818 1517 καίεσθαι
862 1463 954 1515 τὸν
998 1461 1190 1531 θυμὸν,
1226 1461 1259 1531 ἢ
1309 1462 1425 1531 μετ’
1475 1443 1673 1529 ὀλίγον,
1720 1461 1754 1530 ἢ
1812 1459 1949 1531 μετά

357 1551 542 1623 βραχὺ
590 1551 965 1606 ἀναπαύεσθαι
1000 1551 1183 1615 αὑτὸν,
1229 1549 1466 1604 διδάσκει
1516 1550 1612 1621 τὴν
1665 1550 1804 1621 μετά
1854 1548 1954 1620 τὴν

355 1639 544 1707 ἔξοδον
570 1642 664 1695 τοῦ
698 1642 813 1712 βίου
847 1641 1092 1697 κόλασιν.

434 1733 726 1803 Μακάριοι
750 1734 971 1800 πάντες
987 1736 1039 1787 oi
1056 1734 1402 1799 πεποιθότες
1430 1732 1523 1785 ἐπ’
1552 1731 1732 1798 αὐτῷ,
1750 1751 1803 1787 κ.
1824 1752 1873 1786 τ.
1899 1734 1946 1786 ὲ.

2057 546 2258 615 pliuam
2303 560 2408 598 non
2454 539 2994 613 apprehendenlibus
3040 538 3309 591 irascetur
3349 531 3627 591 Dominus,

2056 651 2121 691 eo
2152 635 2297 704 quod
2340 634 2579 700 pereatis
2622 632 2689 687 de
2721 630 2828 696 via,
2860 630 2914 683 in
2938 643 3045 698 qua
3076 624 3390 689 versamini,
3428 632 3487 675 ut
3521 634 3630 673 non

2058 725 2286 794 amplius
2315 724 2436 779 silis
2479 723 2534 778 in
2564 737 2653 777 ea.

2127 899 2291 954 Vens.
2328 899 2415 954 15.
2460 897 2591 952 Cum
2623 897 2883 953 exarserit
2916 897 2968 950 in
3019 894 3160 949 breui
3200 894 3281 947 ira
3321 894 3458 960 ejus,
3500 890 3638 943 beati

2057 1006 2236 1045 omnes
2277 988 2437 1062 547
2464 990 2552 1058 qui
2583 989 2856 1058 conﬁdunt
2887 989 2943 1041 in
2973 1003 3057 1051 eo,
3105 996 3213 1040 etc.
3261 983 3518 1050 Quamvis
3558 978 3636 1033 ira

2059 1084 2208 1152 prior
2262 1083 2474 1136 dicatur
2519 1096 2682 1150 quant
2738 1080 2913 1144 furor,
2971 1088 3151 1131 tamen
3191 1076 3279 1143 qui
3335 1074 3632 1142 Scriptura:

2058 1174 2471 1229 consensionem
2509 1169 2981 1237 animadverterit,
3005 1169 3240 1222 furorem
3272 1167 3508 1235 priorem
3545 1178 3627 1216 ac-

2058 1264 2236 1331 cendi,
2271 1275 2323 1320 et
2362 1265 2501 1318 irato
2531 1263 2641 1318 Deo
2674 1262 2909 1331 aliquem
2956 1275 2988 1315 e
3030 1260 3115 1313 via
3164 1260 3344 1329 perire
3372 1257 3631 1326 reperiet.

2058 1355 2211 1423 Quod
2260 1371 2393 1410 vero
2430 1355 2584 1411 furor
2618 1356 2673 1409 in
2711 1354 2865 1409 brevi
2905 1353 3155 1417 exardet,
3186 1351 3269 1405 vel
3302 1358 3426 1419 post
3455 1347 3630 1402 modi-

2058 1461 2181 1502 cum
2218 1446 2300 1501 vel
2354 1455 2481 1516 post
2526 1445 2692 1500 breve
2740 1453 2953 1513 tempus
2991 1443 3237 1507 sedatur,
3277 1439 3458 1495 futura
3508 1447 3631 1506 post

2058 1538 2262 1593 exitum
2284 1537 2408 1592 vita:
2437 1536 2700 1607 supplicia
2729 1536 3005 1607 exprimit.

2129 1741 2281 1796 Beati
2310 1759 2489 1797 omnes
2513 1744 2602 1811 qui
2624 1742 2894 1811 conﬁdunt
2918 1740 2973 1793 in
2992 1754 3073 1804 eo,
3091 1746 3196 1794 etc.
3232 1734 3635 1791 Attendendum

358 1826 783 1880 Κατακουστέον
808 1825 924 1889 τοῦ,
967 1844 984 1877 ι
1022 1824 1361 1887 πεποιθότες,
1398 1845 1415 1875 ι
1450 1824 1633 1878 πίστιν
1666 1826 1951 1896 ἐμφαίνον-

2057 1844 2138 1890 est
2172 1836 2237 1889 ad
2276 1836 2405 1891 illud
2430 1854 2443 1891 :
2478 1855 2496 1888 ι
2527 1836 2630 1903 Qui
2655 1835 2969 1900 conﬁdunt,
2998 1854 3017 1887 ι
3045 1835 3187 1904 quod
3212 1832 3450 1888 declarat
3479 1832 3636 1886 [idem

356 1932 458 1980 τος
491 1916 607 1987 μετ’
634 1915 848 1980 ὲὶσείδος
873 1917 1182 1971 ἀνυπόπτου
1208 1916 1583 1989 βεϐαιοτάτην,
1602 1919 1693 1970 καὶ
1708 1918 1950 1987 ἑδραίαν,

359 2006 460 2059 καὶ
497 2007 763 2072 ἄσειστον,
797 2006 917 2059 οὐδὲ
953 2008 1009 2061 ὲν
1028 2010 1139 2072 τοῖς
1161 2008 1376 2062 δοκοῦσι
1403 2008 1807 2078 χαλεπωτάτοις
1830 2026 1952 2063 και-

360 2101 482 2168 ροῖς
511 2098 604 2151 τοῦ
639 2098 961 2163 πεποιθότος
992 2099 1463 2169 ἀπογινώσκοντος
1492 2099 1591 2171 τήν
1611 2099 1705 2153 τοῦ
1741 2100 1949 2172 Κυρίου

357 2191 445 2255 είς
478 2190 641 2245 αὐτὸν
663 2191 983 2262 παρουσίαν,
1003 2190 1216 2254 οὐδενὸς
1246 2189 1609 2261 παρέλκοντος
1641 2190 1823 2245 αὐτόν.

956 2487 1247 2543 ΨΑΛΜΟΣ
1276 2489 1355 2545 Γν.

437 2578 685 2648 Ψαμὸς
733 2578 815 2646 τῷ
868 2580 1069 2643 Δαυῒδ,
1130 2582 1308 2635 ὁπότε
1345 2579 1791 2650 ἀπεδίδρασκεν
1831 2581 1951 2636 ἀπὸ

360 2672 688 2741 προσώπου
734 2670 1115 2741 Ἀϐεσσαλὼμ
1155 2670 1265 2725 τοῦ
1307 2670 1443 2725 υἱοῦ
1470 2672 1679 2735 αὐτοῦ,
1711 2690 1765 2725 κ.
1797 2690 1848 2724 τ.
1898 2674 1946 2727 ὲ.

361 2769 520 2820 Δοκεῖ
548 2767 578 2819 6
599 2763 811 2835 ψαλμὸς
843 2762 950 2835 (82)
978 2763 1229 2837 εἰρῆσθαι
1253 2762 1332 2838 τῷ
1354 2764 1536 2831 Δαυῒδ,
1568 2764 1731 2819 ὁπότε
1766 2764 1951 2818 ἀπεδί-

361 2857 596 2929 δρασκεν
623 2857 729 2913 ἀπὸ
764 2854 1056 2928 προσώπου
1098 2854 1453 2927 Ἀϐεσσαλὼμ
1482 2855 1577 2910 τοῦ
1608 2857 1727 2910 υίοῦ
1760 2857 1947 2911 αὐτοῦ.

364 2950 501 3003 Ὀλα
532 2948 588 3004 δὲ
620 2949 688 3003 τὰ
718 2950 776 3001 ὲν
807 2947 883 3018 τῷ
902 2946 1102 3017 ψαλμῷ
1125 2946 1295 3004 σῶσαι
1324 2947 1461 3017 πρὸς
1488 2942 1589 3021 τὴν
1617 2948 1856 3018 ἱστορίαν
1893 2948 1953 3001 οὐ

363 3040 606 3094 δυνατόν·
651 3040 702 3093 τί
728 3039 837 3109 γὰρ
878 3037 1245 3109 συμϐάλλεται
1292 3039 1430 3109 πρὸς
1474 3038 1536 3091 τὸ
1569 3039 1950 3111 προκείμενον

2059 1938 2180 1980 eum
2251 1942 2369 1997 spe,
2397 1942 2518 1995 quae
2572 1927 2881 1994 suspicione
2928 1934 3118 1981 careat
3164 1922 3557 1986 ﬁrmissimam,
3585 1931 3640 1975 et

2057 2018 2345 2086 stabilem,
2382 2028 2435 2074 et
2468 2019 2886 2084 inconcussam;
2938 2033 3062 2073 cum
3099 2030 3272 2084 neque
3310 2012 3641 2068 dillicillimis

2058 2109 2224 2164 etiam
2280 2109 2615 2180 temporibus
2670 2109 2717 2164 is
2763 2108 2855 2178 qui
2903 2106 3167 2171 conlidit,
3213 2103 3425 2160 Domini
3480 2104 3531 2158 in
3579 2117 3639 2157 se

2058 2200 2404 2267 praesentiam
2458 2200 2742 2271 desperet,
2789 2213 2965 2269 neque
3012 2197 3308 2269 quisquam
3355 2195 3507 2251 illum
3552 2195 3636 2250 di-

2056 2298 2261 2346 vertat.

2632 2487 2952 2545 PSALMUS
2993 2487 3079 2543 Ill.

2135 2584 2299 2639 Vens.
2338 2584 2391 2639 I.
2430 2581 2677 2637 Psalmus
2707 2582 2897 2647 David,
2935 2582 3144 2651 quando
3172 2581 3402 2648 fugiebat
3443 2596 3474 2632 η
3503 2579 3640 2647 {acie

2057 2677 2302 2731 Absalom
2328 2675 2429 2744 ﬁlii
2461 2676 2567 2739 sui,
2594 2685 2702 2729 etc.
2735 2674 2963 2728 Videtur
2998 2673 3086 2727 hic
3113 2672 3353 2743 psalmus
3387 2688 3414 2724 a
3441 2671 3641 2725 Daviile

2056 2768 2232 2823 dictus
2277 2782 2396 2821 esse
2425 2766 2643 2836 quando
2694 2765 2934 2835 fugiebat
2989 2780 3020 2817 a
3060 2763 3202 2817 facie
3230 2764 3490 2818 Absalom
3542 2763 3637 2818 filii

2061 2858 2168 2913 sui.
2205 2855 2401 2912 Omnia
2434 2864 2613 2909 autem
2639 2869 2760 2925 qua:
2794 2853 3034 2923 psalmus
3074 2854 3341 2917 continet,
3374 2855 3440 2905 ad
3470 2852 3641 2907 histo-

2064 2950 2202 3004 riam
2245 2947 2440 3002 rel'erri
2488 2961 2596 3000 non
2639 2954 2887 3015 possunt.
2924 2942 3064 3010 Quid
3102 2945 3246 2998 enim
3287 2945 3353 2997 ad
3392 2944 3641 3014 proposi-

2066 3050 2177 3095 tum
2213 3039 2489 3109 pertinet:
2522 3054 2541 3088 ι
2574 3036 2689 3106 Ego
2737 3035 2993 3098 dormivi,
3046 3043 3102 3088 et
3147 3044 3433 3103 soporatus
3481 3050 3636 3099 sum,

369 3122 390 3183 ι
444 3129 585 3198 Ἐγὼ
613 3128 934 3200 ὲκοιμήθην,
967 3130 1061 3182 καὶ
1095 3127 1345 3192 ὓπνωσα,
1373 3129 1699 3200 ὲξηγέρθην,
1733 3131 1816 3183 ὅτι
1849 3130 1951 3183 Κύ-

2064 3128 2375 3192 exsurrexi,
2440 3126 2566 3196 quia
2595 3124 2858 3179 Dominus
2906 3125 3169 3192 suscipiet
3198 3139 3284 3178 me
3305 3124 3432 3177 "ii
3484 3124 3639 3190 Quod

369 3237 479 3292 ριος
507 3218 854 3288 ἀντιλήψεταί
889 3233 1027 3288 μους
1069 3237 1088 3268 ι
1126 3219 1239 3271 Καὶ
1269 3220 1315 3271 εί
1356 3218 1595 3288 βούλοιτο
1627 3219 1683 3277 δέ
1713 3237 1794 3283 τις
1826 3220 1950 3274 δου-

366 3309 538 3363 λεύειν
564 3311 630 3379 τῇ
658 3308 826 3375 λέξει,
862 3308 1024 3362 πλέον
1051 3309 1223 3379 αὐτῆς
1256 3308 1421 3380 μηδὲν
1446 3309 1742 3383 ἐπιζητῶν,
1776 3329 1952 3383 παρα-

370 3399 616 3472 στησάτω
639 3398 754 3462 πῶς
770 3398 1020 3471 ἀληθεύει
1040 3399 1212 3468 λέγων
1236 3400 1263 3451 6
1294 3400 1605 3473 Προφήτης·
1641 3421 1659 3452 ι
1704 3402 1953 3465 Ὀδόντας

368 3492 703 3564 ἁμαρτωλῶν
764 3490 1109 3562 συνέτριψας.
1151 3511 1168 3541 ι
1220 3492 1311 3544 Δεῖ
1365 3492 1423 3546 δὲ
1487 3492 1720 3563 ζητῆσαι
1784 3494 1869 3557 τίς
1924 3495 1952 3550 ὁ

370 3584 545 3649 Δαυῖδ,
580 3585 675 3637 καὶ
698 3584 781 3647 τίς
812 3586 841 3637 6
882 3580 1257 3659 Ἀϐεσσαλῲμ,
1280 3584 1374 3636 καὶ
1399 3585 1431 3652 ἡ
1453 3583 1695 3647 ἐπίθεσις
1726 3585 1888 3637 αὑτοῦ
1917 3587 1949 3657 ή

372 3677 504 3732 κατά
535 3676 627 3729 τοῦ
663 3677 889 3746 πατρὸς,
914 3677 949 3747 ἤ
979 3693 1037 3728 τε
1061 3678 1205 3746 φυγὴ
1221 3675 1315 3729 τοῦ
1349 3673 1610 3745 βασιλέως
1638 3675 1827 3746 πράως
1858 3677 1952 3745 φέ-

374 3787 547 3841 ροντος
570 3768 666 3841 τὴν
698 3769 1061 3823 ἐπανάστασιν
1081 3766 1175 3820 τοῦ
1203 3768 1302 3838 τῆς
1334 3765 1612 3835 βασιλείας
1636 3768 1800 3820 αὑτοῦ
1830 3769 1951 3821 επι-

371 3860 705 3931 θυμήσαντος
739 3858 877 3925 υίοῦ,
925 3861 1019 3913 καὶ
1052 3859 1433 3929 ὲντελλομένου
1479 3862 1591 3922 τοῦς
1642 3860 1737 3912 ὑπ’
1785 3861 1950 3913 αὐτὸν

371 3948 650 4017 φείσασθαι
681 3946 773 4000 τοῦ
803 3947 1089 4019 παιδαρίου
1134 3947 1508 4017 Ἀϐεσσαλώμ.
1540 3947 1816 4019 Πολλαχοῦ
1851 3951 1950 4021 τῆς

371 4040 586 4111 Γραφῆς
619 4039 854 4115 εὕρομεν
893 4038 1055 4091 Δαυῖδ
1086 4033 1229 4092 εἶναι
1271 4040 1363 4092 τὸν
1390 4038 1645 4110 Χριστὸν,
1678 4038 1867 4111 ῶσπερ
1891 4043 1949 4094 ἐν

370 4131 441 4202 τῷ
469 4131 809 4205 ὀγδοηκοστῷ
825 4131 997 4203 ὀγδόῳ
1023 4130 1242 4202 ψαλμῷο
1277 4150 1294 4183 ι
1331 4125 1504 4203 Εὗρον
1527 4130 1688 4184 Δαυῖδ
1720 4131 1810 4185 τὸν
1837 4132 1952 4185 806'-

372 4221 455 4274 λόν
494 4239 614 4292 μου·
644 4223 701 4274 ἐν
734 4222 898 4293 ἐλαίῳ
924 4222 1066 4293 ἁγίῳ
1094 4221 1287 4295 ἕχρισα
1307 4223 1489 4276 αὐτόν’
1518 4224 1551 4293 ή
1573 4223 1681 4294 γὰρ
1706 4224 1827 4294 χείρ
1847 4241 1947 4294 μου

375 4303 713 4382 ἀντιλήψεται
742 4311 910 4383 αὐτῷ,
942 4314 1036 4366 καὶ
1061 4316 1088 4367 6
1111 4313 1352 4384 βραχίων
1385 4332 1488 4385 μου
1520 4315 1831 4384 ἀντισχύσει
1861 4316 1951 4368 αὑ-

376 4403 474 4456 τόν.
500 4403 613 4455 Οὐκ
643 4402 912 4473 ὠφελήσει
943 4404 1133 4477 ἐχθρὸς
1154 4407 1212 4461 ἐν
1243 4406 1412 4477 αὐτῷ,
1448 4408 1541 4459 καὶ
1570 4407 1683 4471 υἱὸς
1716 4408 1949 4477 ἀνομίας

2057 3222 2103 3274 si
2141 3218 2264 3288 quis
2308 3216 2542 3271 voluerit
2601 3215 2799 3267 litterae
2846 3213 3092 3277 servire,
3148 3212 3389 3278 nihilque
3440 3221 3639 3278 praeter

2057 3325 2176 3366 eam
2198 3322 2465 3379 quaerere,
2494 3306 2745 3359 ostendat
2783 3301 3057 3371 quomodo
3093 3315 3280 3354 verum
3323 3301 3467 3354 dicat
3502 3299 3638 3354 Pro-

2058 3403 2239 3471 pheta,
2263 3414 2386 3454 cnnt
2416 3399 2493 3452 ait
2513 3399 2590 3451 3°:
2616 3415 2633 3448 ι
2665 3396 2862 3449 Dentes
2892 3400 3237 3461 peccatorum
3270 3391 3631 3444 contrivisti.»

2059 3491 2423 3563 Quaerendum
2459 3498 2541 3543 est
2570 3488 2693 3559 quis
2724 3486 2910 3549 David,
2958 3485 3081 3555 quis
3106 3484 3382 3547 Absalom,
3423 3493 3477 3538 et
3512 3485 3635 3552 qni-

2057 3602 2182 3642 nam
2227 3584 2391 3639 fuerit
2422 3583 2540 3653 ejus
2589 3582 2855 3635 adversus
2890 3587 3099 3647 patrem
3146 3578 3398 3646 impetus,
3433 3588 3485 3631 et
3517 3593 3638 3646 qua:

2060 3679 2183 3747 fuga
2221 3677 2383 3746 regis,
2414 3676 2503 3745 qui
2540 3674 2772 3743 benigne
2801 3672 2906 3725 lert
2943 3670 3036 3723 lilii
3080 3685 3305 3739 regnum
3350 3668 3467 3737 ejus
3514 3667 3640 3725 alie-

2058 3770 2277 3833 ctantis,
2318 3767 2705 3827 rebellionem,
2763 3774 2818 3819 et
2865 3763 3100 3818 subditis
3151 3762 3265 3817 suis
3310 3762 3540 3830 imperat
3579 3771 3641 3815 nt

2057 3870 2287 3928 parcant
2346 3859 2455 3913 [Ilio
2508 3858 2786 3911 Ahsalom.
2849 3852 3103 3909 Pluribus
3151 3868 3284 3907 sane
3335 3852 3636 3922 Scriptura:

2059 3951 2195 4006 Iocis
2237 3951 2547 4005 invenimus
2571 3948 2831 4003 Davidem
2868 3961 2991 4002 esse
3016 3946 3319 4010 Christum,
3371 3944 3638 4013 quemad-

2061 4045 2279 4099 modum
2332 4045 2384 4097 in
2435 4042 2767 4112 octogesimo
2805 4051 2998 4096 octavo
3032 4038 3237 4109 psalmo
3258 4038 3344 4092 “:
3393 4037 3630 4092 «Inveni

2062 4135 2230 4189 David
2267 4148 2486 4189 servum
2528 4147 2729 4195 meum,
2768 4131 2888 4186 oleo
2931 4141 3123 4185 sancto
3164 4130 3292 4183 unxi
3330 4144 3475 4192 eum,
3518 4142 3634 4180 tna-

2058 4244 2159 4285 nus
2200 4229 2346 4283 enim
2394 4242 2509 4281 mea
2552 4225 2908 4280 auxiliabitur
2934 4225 3006 4288 ei,
3041 4232 3095 4278 et
3125 4222 3407 4277 brachium
3459 4234 3635 4273 meum

2058 4319 2384 4375 confortabit
2411 4333 2558 4375 eum.
2603 4318 2748 4370 Nihil
2785 4316 3034 4386 proﬁciet
3068 4316 3322 4369 inimicus
3362 4314 3413 4367 in
3454 4327 3538 4377 eo,
3582 4320 3637 4364 et

2061 4410 2201 4464 (ilius
2248 4408 2552 4478 iniquitatis
2599 4423 2703 4461 non
2742 4418 2979 4476 apponet
3014 4421 3215 4460 nocere
3249 4405 3321 4469 ei,
3357 4414 3411 4458 et
3450 4402 3637 4457 conci-

376 4490 430 4542 οὑ
464 4490 759 4561 προσθήσει
795 4491 889 4545 τοῦ
928 4493 1178 4548 κακῶσαι
1208 4496 1389 4549 αὐτόν.
1420 4496 1529 4549 Καὶ
1565 4494 1820 4564 συγκόψω
1842 4496 1950 4551 ἀπὸ

2058 4499 2178 4553 dam
2222 4514 2251 4550 a
2287 4497 2425 4551 faeie
2470 4497 2639 4566 ipsius
2682 4498 2934 4551 inimicos
2974 4497 3111 4566 ejus,
3147 4505 3202 4549 et
3236 4495 3482 4549 odientes
3510 4508 3634 4546 eum

379 4580 657 4652 προσώπου
677 4581 839 4636 αὑτοῦ
862 4583 987 4647 τοὺς
1005 4585 1233 4659 ἐχθροὺς
1265 4585 1453 4652 αὐτοῦ,
1472 4586 1708 4649 καὶτοὺς
1730 4584 1948 4657 μισοῦν-

378 4688 465 4733 τας
490 4670 657 4726 αὐτὸν
699 4673 1072 4745 τροπὼσομαι.
1122 4676 1232 4728 Καί
1265 4678 1298 4747 ἡ
1327 4676 1553 4747 ἀλήθειά
1599 4694 1701 4747 μου
1758 4677 1852 4729 καὶ
1886 4675 1947 4728 τὸ

380 4763 513 4828 ἕλεός
541 4781 641 4835 μου
678 4768 792 4835 μετ’
817 4766 1001 4819 αὐτοῦ’
1038 4768 1132 4821 καὶ
1158 4769 1215 4820 ὲν
1248 4768 1325 4839 τῷ
1345 4768 1567 4839 ὀνόματί
1599 4786 1699 4839 μου
1731 4767 1949 4839 ὑψωθή-

383 4870 518 4907 σεται
558 4854 619 4907 τὸ
650 4855 815 4926 κέρας
842 4854 1029 4918 αὑτοῦ,
1064 4858 1156 4909 καὶ
1183 4856 1420 4930 θήσομαι
1454 4861 1510 4910 ὲν
1528 4857 1769 4928 θαλάσσῃ
1787 4861 1946 4928 χεῖρα

380 4943 552 5009 αὑτοῦ,
579 4946 673 4999 xui.
699 4947 755 4997 ὲν
788 4949 1051 5017 ποταμοῖς
1073 4947 1252 5014 δεξιὰν
1282 4947 1464 5001 αὐτοῦ.
1498 4948 1667 5011 Αὐτὸς
1692 4946 1946 5001 ἐπικαλέ-

381 5036 517 5088 σεταί
549 5053 635 5106 με·
666 5038 857 5109 Πατήρ
888 5055 989 5109 μου
1020 5033 1068 5091 εἷ
1101 5040 1186 5103 σὺ,
1226 5038 1382 5107 κάγὼ
1410 5039 1752 5109 πρωτότοκον
1784 5039 1944 5111 θήσο-

382 5145 465 5197 μαι
488 5128 671 5193 αὐτδν,
696 5128 899 5201 ὑψηλὸν
934 5130 1084 5201 παρά
1116 5133 1228 5196 τοῖς
1255 5130 1531 5201 βασιλεῦσι
1558 5134 1657 5203 τῆς
1694 5133 1822 5203 γῆς.
1852 5133 1950 5196 Εἰς

377 5219 453 5273 τὸν
484 5220 655 5275 αίῶνα
686 5221 904 5290 φυλάξω
928 5222 1077 5293 αὐτῷ
1105 5222 1166 5275 τὸ
1195 5223 1339 5287 ἔλεός
1375 5241 1497 5294 μου,
1534 5227 1626 5278 καὶ
1657 5227 1689 5295 ἡ
1720 5224 1948 5295 διαθήκη

383 5328 468 5378 μου
528 5313 695 5382 πιστὴ
736 5312 906 5383 αὐτῷ.
953 5313 1065 5366 Καὶ
1109 5314 1346 5384 θήσομαι
1405 5316 1486 5377 εἰς
1527 5314 1618 5368 τὸν
1651 5315 1825 5368 αἰῶνα
1854 5314 1950 5367 τοῦ

379 5402 557 5465 αἰῶνος
583 5404 643 5456 τὸ
665 5403 886 5475 σπέρμα
912 5404 1100 5469 αὐτοῦ,
1123 5406 1216 5458 καὶ
1240 5406 1332 5459 τὸν
1363 5406 1549 5477 θρόνον
1574 5406 1740 5460 αὐτοῦ
1764 5408 1838 5471 ὡς
1854 5408 1952 5470 τὰς

381 5492 573 5562 ἡμέρας
612 5494 706 5547 τοῦ
759 5494 1009 5566 οὐρανοῦ.
1058 5516 1076 5546 ι
1117 5497 1227 5550 Καὶ
1266 5499 1324 5550 ἐν
1353 5497 1430 5567 τῷ
1477 5499 1673 5570 Ἡσαΐᾳ
1721 5498 1949 5568 λέγοντι·

436 5611 478 5640 ⁸³
512 5611 597 5665 Ps.
632 5628 714 5677 I‘l,
740 5613 794 5667 6.
871 5613 916 5644 ⁸⁸
955 5612 1083 5666 ibid.
1114 5615 1170 5669 8.
1246 5615 1289 5646 ⁶¹
1319 5614 1408 5669 Ps.
1438 5631 1701 5680 Lxxxvnt,
1727 5616 1789 5668 ει
1817 5626 1871 5669 et
1900 5628 2054 5684 seqq.

2057 4588 2108 4643 in
2152 4588 2327 4657 fugam
2378 4596 2720 4642 convertam.
2768 4587 2837 4641 Et
2886 4586 3094 4641 veritas
3138 4602 3278 4653 mea,
3322 4596 3379 4641 et
3418 4586 3635 4640 miseri-

2053 4681 2234 4735 cordia
2272 4695 2387 4734 tnea
2424 4694 2543 4733 cum
2588 4679 2706 4748 ipso
2745 4698 2763 4734 -.
2816 4688 2870 4732 et
2910 4679 2960 4732 in
3002 4679 3221 4731 nomine
3267 4691 3387 4731 meo
3423 4676 3635 4730 exalta-

2051 4772 2198 4826 bitur
2236 4786 2407 4825 cornu
2455 4771 2592 4839 ejus,
2625 4779 2679 4823 et
2723 4785 2918 4838 ponam
2962 4769 3015 4822 in
3058 4769 3193 4821 mari
3238 4782 3454 4820 manum
3493 4767 3629 4832 ejus,

2049 4873 2102 4916 et
2131 4863 2181 4915 in
2214 4861 2524 4915 ﬂuminibus
2551 4861 2829 4914 dexteram
2862 4858 2998 4925 ejus.
3038 4859 3157 4928 Ipse
3192 4856 3464 4911 invocabit
3495 4869 3582 4909 me
3612 4875 3627 4909 :

2050 4953 2210 5005 I’ater
2236 4968 2387 5007 meus
2414 4967 2472 5006 es
2500 4963 2575 5015 tu,
2606 4961 2658 5003 et
2688 4968 2787 5020 ego
2816 4951 3230 5017 primogenitum
3261 4964 3455 5017 ponam
3482 4949 3630 5002 illum

2049 5043 2323 5099 excelsum
2369 5058 2478 5111 pra:
2521 5043 2739 5113 regibus
2792 5053 2971 5094 terrm.
3012 5041 3065 5094 In
3097 5050 3356 5095 mternutn
3402 5041 3631 5094 serVabo

2052 5136 2127 5189 illi
2182 5134 2611 5189 misericordiam
2651 5148 2860 5197 nteant,
2911 5143 2968 5187 et
3014 5142 3396 5187 testamentum
3449 5148 3627 5185 IllClltlI

2055 5227 2210 5281 lidcle
2245 5225 2369 5294 ipsi.
2420 5225 2488 5279 Et
2510 5223 2675 5296 548
2701 5240 2897 5293 ponam
2935 5224 2987 5277 in
3027 5224 3280 5279 szeculum
3323 5224 3501 5277 saaeuli
3544 5238 3628 5277 se-

2057 5334 2176 5372 tnen
2206 5317 2346 5386 ejus,
2375 5327 2430 5371 et
2460 5318 2713 5370 thronum
2747 5318 2862 5383 ejus
2892 5317 3033 5370 sicut
3065 5317 3182 5371 dies
3214 5315 3356 5371 cwli.
3387 5333 3405 5365 ι
3464 5314 3526 5367 Et
3574 5316 3625 5369 in

2056 5405 2193 5460 Isaia
2242 5406 2521 5460 dicente"
2549 5423 2562 5458 :
2593 5424 2612 5457 ι
2645 5407 2709 5460 Et
2761 5406 3024 5476 dirigetur
3070 5421 3190 5460 cum
3256 5406 3625 5460 misericordia

2060 5498 2306 5557 thronus,
2346 5506 2397 5549 et
2426 5496 2638 5551 sedebit
2679 5497 2731 5551 in
2763 5512 2828 5551 eo
2859 5510 2980 5549 cunt
3018 5495 3243 5551 veritate
3284 5496 3335 5549 in
3370 5493 3625 5551 taberna-

2142 5613 2185 5644 ⁵³
2222 5612 2343 5666 lsai.
2388 5629 2495 5680 μοι,

437 5707 546 5771 (8|)
582 5709 649 5759 Ei
685 5708 780 5759 καὶ
815 5707 1111 5773 δεύτερον.
1143 5717 1249 5762 etc.
1274 5710 1449 5763 Codex
1506 5708 1619 5762 Iloe
1645 5709 1696 5773 4,
1743 5710 1924 5763 Daniel
1961 5708 2257 5763 Barbarus.

439 5774 738 5846 (δὲμοκεί
769 5781 800 5833 ὁ
858 5780 1124 5853 ψαλμός,
1167 5788 1273 5835 etc.
1326 5780 1503 5837 Codex
1555 5778 1936 5847 Datum-anns,
1974 5779 2287 5848 Cordetius,
2329 5780 2583 5836 Barbare.
