4058 6244
344 371 475 426 1121

1379 363 1689 419 SEIJJICTA
1721 365 1784 417 IN
1821 366 2157 426 PSALMOS.
2189 402 2254 411 —
2292 368 2487 426 PSAL.
2534 367 2620 424 Ill.

3477 384 3616 442 tia-2

335 502 539 547 νοντες.
584 483 693 536 Καὶ
741 480 931 552 ὥσπερ
964 496 1026 547 γε
1061 481 1123 532 οὐ
1168 479 1310 532 κατὰ
1353 479 1608 551 πρόθεσιν
1643 481 1736 534 τοῦ
1765 499 1914 536 κακο

2037 494 2212 541 tamen
2246 487 2457 557 allligit,
2491 486 2591 540 hoc
2631 489 2775 542 enim
2816 505 2878 543 ex
2928 494 3099 559 patris
3135 496 3186 550 in
3221 496 3391 552 lilintn
3425 519 3615 557 amori:

339 577 511 629 ποιεῖν
533 575 622 628 τὸν
658 573 870 643 πατέρα
904 571 1077 624 θλίϐει
1106 570 1379 642 μοχθηρὸς
1418 571 1533 634 υἱὸς
1560 571 1652 624 τὸν
1674 589 1934 644 γεγεννη-

337 669 491 732 κότα,
541 666 676 720 ἀλλὰ
727 665 814 719 διὰ
867 665 964 736 τὴν
1009 664 1221 717 ἐκείνου
1277 664 1514 735 στοργὴν
1551 665 1837 718 ἀκολουθεῖ
1873 667 1934 719 τὸ

336 760 553 822 πάντως
601 757 876 811 θλίϐεσθαι
925 757 1089 810 αὑτὸν
1132 755 1228 808 ἐπὶ
1269 758 1382 819 τοῖς
1420 757 1783 828 ἁμαρτήμασι
1837 757 1931 810 τοῦ

339 851 478 905 υἱοῦο
526 852 615 905 τὸν
660 850 821 904 αὐτὸν
860 848 924 920 δὴ
957 848 1159 919 τρόπον
1192 849 1287 901 καὶ
1336 849 1369 919 ή
1405 848 1529 912 ἑνὸς
1563 850 1795 904 ἑκάστου
1825 851 1934 904 τῶν

339 943 758 1016 ἁμαρτανόντων
793 943 960 996 κακία
987 942 1158 995 θλίϐει
1188 942 1280 994 τὸν
1307 942 1436 994 Υἱὸν
1463 941 1556 994 τοῦ
1593 943 1748 997 Θεοῦ.
1782 946 1932 1014 Ὅσῳ

332 1035 390 1088 δέ
421 1052 505 1098 τις
533 1036 591 1088 ἐν
617 1035 858 1089 πλείοσιν
894 1032 1117 1101 ἀγαθοῖς
1163 1031 1348 1102 ἔργοις
1377 1033 1590 1100 γίνεται
1624 1036 1718 1087 καὶ
1749 1036 1929 1103 ὑγιέσι

328 1129 624 1199 δόγμασιν,
657 1129 732 1192 ὡς
762 1127 960 1199 μείζων
995 1127 1098 1180 ὑπὸ
1129 1127 1390 1180 πλειόνων
1427 1127 1690 1193 θλίϐεται,
1724 1129 1930 1182 πολλῶν

332 1222 787 1292 ’ἐπανισταμένων
820 1221 990 1292 αὐτῷ,
1026 1220 1155 1274 ὥστ’
1181 1219 1244 1272 ἂν
1280 1221 1506 1285 πολλοὺς
1543 1221 1705 1275 πάλιν
1735 1223 1926 1286 εἰπεῖν,

333 1331 359 1360 1
396 1313 508 1364 Οὑκ
542 1310 654 1363 ἔστι
685 1311 928 1380 σωτηρία
963 1310 1112 1381 αύτῷ
1142 1310 1202 1363 ὲν
1234 1309 1312 1379 τῷ
1344 1309 1483 1379 Θεῷ,
1529 1329 1547 1360 ι
1591 1309 1927 1378 ἀπογνόντας

330 1401 402 1455 τά
433 1401 750 1467 κατάύτὸν,
769 1403 817 1454 εἰ
849 1402 953 1455 ὑπὸ
986 1401 1209 1473 μηδενὸς
1234 1401 1342 1454 τῶν
1368 1401 1624 1454 τοιούτων
1645 1403 1725 1465 εἰς
1754 1418 1928 1470 σωτη-

332 1491 458 1562 ρίαν
493 1493 841 1564 βλαϐήσεται.
893 1492 1111 1563 Ἀφίησι
1147 1492 1202 1544 δὲ
1242 1493 1271 1544 ό
1301 1492 1433 1554 Θεὸς
1467 1493 1694 1555 πολλοὺς
1727 1491 1926 1544 θλίϐειν

332 1583 422 1636 τὸν
449 1584 674 1647 δίκαιον,
701 1585 876 1647 διδοὺς
909 1584 1058 1653 αὐτῷ
1098 1582 1352 1654 ἀφορμὴν
1383 1581 1583 1655 βάρους
1612 1584 1770 1653 δόξης
1819 1583 1928 1636 ἀπὸ

331 1674 441 1728 τῶν
462 1675 912 1746 ὑπερῶλλουσῶν
933 1674 1164 1743 θλίψεων
1192 1676 1584 1747 ὑφισταμένης.
1604 1677 1712 1728 Καὶ
1742 1673 1926 1726 εἴποτε

325 1766 361 1816 6
388 1765 591 1830 δίκαιος
609 1766 901 1837 ὲπαπορῶν
922 1766 1070 1833 λέγοι
1093 1765 1170 1836 τῷ
1198 1767 1335 1837 Θεῷι
1363 1785 1381 1818 ι
1423 1768 1486 1820 Τί
1512 1765 1925 1836 ὲπληθύνθησαν

2037 579 2306 644 sequitur,
2343 588 2399 631 ut
2427 580 2541 646 ipse
2569 581 2810 646 peccatis
2843 583 2935 635 lilii
2970 584 3296 655 oll‘endatnr,
3333 593 3403 647 ita
3441 607 3494 648 et
3519 616 3614 651 tte.-

2035 671 2207 737 quitia
2267 671 2695 740 uniuscujusque
2749 685 3092 742 peccatorum
3146 682 3370 738 tribulat
3413 688 3612 743 Filium

2033 761 2148 816 Dei.
2176 764 2248 816 At
2273 775 2482 832 quanto
2515 768 2638 835 quis
2663 767 2912 836 pluribus
2937 771 3194 838 operibus
3218 773 3376 831 bonis
3399 778 3613 835 deditus

2033 861 2136 918 est,
2174 862 2228 908 et
2250 855 2403 908 sanis
2430 855 2795 924 dogmatibus,
2831 869 2888 912 ut
2919 864 3268 927 praestantior
3296 881 3324 920 a
3367 868 3610 936 pluribus

2035 944 2343 1010 tribulatur,
2395 948 2582 1002 multis
2635 948 3048 1017 insurgentibus
3099 954 3152 1006 in
3209 970 3368 1022 cum,
3425 960 3496 1012 ita
3555 973 3613 1016 ut

2032 1035 2184 1087 multi
2225 1049 2416 1091 rursus
2439 1037 2661 1092 dicant:
2701 1056 2720 1090 ι
2761 1037 2879 1093 Νοιι
2921 1049 3007 1095 est
3030 1043 3176 1098 salus
3209 1045 3307 1114 ipsi
3336 1048 3388 1100 in
3425 1049 3552 1115 Deo,
3581 1072 3600 1102 ι

2032 1124 2385 1193 desperantes
2419 1128 2484 1181 de
2525 1128 2685 1184 rebus
2713 1131 2902 1198 ipsius,
2941 1133 2985 1186 si
3018 1147 3048 1186 a
3077 1134 3225 1189 nullo
3257 1137 3518 1204 ejusmodi
3556 1145 3608 1196 in

2030 1216 2206 1269 salute
2231 1219 2611 1285 eonsequenda
2653 1220 2904 1275 Imitatur.
2939 1222 3214 1278 Permittit
3245 1241 3426 1282 autem
3471 1233 3610 1286 Dens

2025 1303 2232 1373 justum
2266 1321 2294 1358 a
2323 1307 2568 1374 pluribus
2599 1307 2785 1380 atlligi,
2820 1324 2878 1365 ιιι
2907 1313 2954 1366 ei
2980 1315 3236 1383 ponderis
3261 1317 3449 1388 gloriae
3490 1337 3610 1390 qua!

2031 1399 2442 1454 tribulationum
2478 1404 2848 1472 magnitudine
2870 1420 3234 1478 comparatur.
3260 1415 3608 1469 occasionem

2030 1492 2289 1559 prasbeat.
2325 1492 2479 1558 Quod
2511 1495 2555 1548 si
2583 1495 2764 1563 justus
2804 1498 3076 1554 lntcrdmn
3111 1516 3311 1570 anceps
3353 1519 3414 1558 ac
3448 1493 3608 1558 mesi-

2032 1593 2155 1639 tans
2199 1585 2344 1640 dicat
2378 1587 2510 1652 Deo,
2553 1604 2572 1638 ι
2603 1589 2742 1655 Quid
2775 1591 3117 1662 multiplicati
3161 1605 3286 1648 sunt
3318 1597 3408 1665 qui
3438 1597 3609 1652 tribu-

2028 1677 2139 1730 lant
2187 1679 2318 1732 me?
2365 1680 2542 1734 adhuc
2587 1696 2654 1734 eo
2703 1682 2974 1752 loquente
3007 1686 3178 1740 dicit:
3210 1688 3346 1743 Ecce
3393 1693 3604 1756 adsum,

2030 1775 2088 1820 ut
2121 1779 2502 1824 momentanea
2538 1771 2821 1828 tribulatio
2848 1775 3168 1831 immensum
3195 1779 3378 1846 gloriae
3401 1782 3608 1848 pondus

330 1856 382 1906 οἱ
430 1855 702 1920 θλίὸοντές
753 1874 851 1928 με;
913 1858 993 1910 ἔτι
1047 1857 1210 1910 αὐτοῦ
1254 1857 1544 1922 λαλοῦντος
1597 1859 1733 1928 ὲρεῖ·
1784 1856 1914 1909 Ἰδοὺ

2022 1858 2115 1912 tibi
2148 1871 2446 1930 comparet.
2488 1884 2507 1916 ι
2536 1865 2878 1935 Quapropter
2933 1885 2952 1917 ι
3004 1869 3184 1923 multa:
3217 1882 3344 1922 sunt
3382 1873 3602 1925 tribula-

332 1948 585 2018 πάρειμι,
604 1949 691 2001 ἵνα
725 1949 889 2021 βάρος
904 1950 1061 2020 δόξης
1090 1950 1390 2022 ἐργάσηταί
1412 1967 1494 2002 σοι
1514 1950 1575 2002 τὸ
1602 1948 1918 2020 παραυτίκα

331 2035 566 2106 ἐλαφρὸν
588 2038 685 2107 τῆς
716 2037 945 2107 θλίψεως
967 2039 1086 2092 καθ’
1118 2039 1478 2111 ὑπερϐολήψ»
1515 2040 1595 2092 διὸ
1626 2041 1719 2092 καὶ
1746 2058 1763 2089 ι
1795 2038 1918 2091 πολ-

2028 1951 2205 2005 tiones
2240 1952 2509 2021 justorum
2535 1958 2599 2010 ⁸⁷.
2639 1975 2657 2008 ι
2711 1957 2768 2011 Si
2813 1958 2961 2014 salus
3008 1973 3112 2023 est,
3165 1977 3271 2016 non
3323 1955 3505 2018 autem
3552 1967 3604 2018 in

2026 2041 2154 2104 Deo,
2188 2045 2383 2101 merito
2411 2048 2808 2115 additnr‘illud,
2841 2067 2859 2100 ι
2897 2051 2948 2104 in
2980 2050 3110 2106 Deo.
3155 2072 3173 2103 ι

331 2126 420 2180 λαὶ
455 2128 509 2180 αἰ
545 2127 752 2198 θλίψεις
782 2129 891 2182 τῶν
922 2129 1162 2184 δικαίων.
1199 2151 1217 2182 ι
1260 2131 1322 2183 Εἰ
1359 2131 1474 2184 ἔστι
1523 2131 1766 2201 σωτηρία
1803 2131 1922 2202 μὲν,
1977 2133 2077 2186 οὐκ
2116 2135 2176 2188 ὲν
2226 2135 2305 2207 τῷ
2342 2137 2460 2210 Θεῷ
2495 2140 2574 2204 δὲ,
2611 2140 2835 2205 δικαίως
2873 2143 3188 2214 πρόσκειται
3236 2147 3314 2210 τὸ,
3356 2165 3374 2196 ι
3421 2149 3479 2201 ἐν
3526 2149 3606 2219 τῷ

327 2215 469 2286 Θεῷ.
518 2235 537 2266 ι

403 2311 486 2364 Σὺ
520 2310 607 2374 δὲ,
643 2313 836 2379 Κύριε,
865 2312 1240 2381 ἀντιλήπτωρ
1258 2332 1378 2382 μου
1406 2311 1478 2379 εΤ,
1510 2314 1660 2378 δόξα
1680 2333 1800 2384 μου
1817 2315 1916 2368 καὶ

329 2399 506 2469 ὑψῶν
531 2401 646 2469 τὴν
678 2402 951 2471 κεφαλήν
978 2421 1118 2472 μου,
1154 2420 1210 2456 κ.
1241 2420 1291 2455 τ.
1330 2405 1374 2455 ὲ.
1418 2404 1542 2458 Ἐάν
1571 2405 1670 2474 μὲν
1695 2405 1724 2455 6
1751 2403 1915 2456 Δαυῒδ

327 2492 463 2565 λέγῃ
478 2493 608 2565 (84),
631 2494 914 2566 πρέπουσα
938 2498 1002 2565 τῇ
1031 2496 1210 2548 πίστει
1239 2496 1332 2548 τοῦ
1358 2497 1644 2568 Προφήτου
1672 2500 1704 2568 ή
1739 2496 1911 2567 φωνὴ,

324 2586 594 2648 ἀσείστως
627 2586 880 2658 φέροντος
913 2587 1010 2652 τὰς
1041 2587 1372 2659 τηλικαύτας
1399 2591 1769 2661 περιστάσεις,
1819 2591 1913 2642 καὶ

330 2675 672 2741 πεποιθότος,
713 2678 793 2730 ὅτι
839 2677 936 2731 οὐκ
986 2680 1564 2752 ὲγκαταλειφθήσεται,
1604 2682 1740 2734 ἀλλὰ
1775 2681 1912 2750 πρὸς

328 2765 409 2835 τῷ
436 2765 746 2837 βοηθεῖσθαι
779 2767 872 2819 καὶ
903 2768 960 2820 ὲν
988 2767 1107 2838 Θεῴ
1134 2767 1527 2840 δοξασθήσεται
1560 2770 1653 2821 καὶ
1692 2767 1915 2837 ὑψωθή-

2103 2321 2260 2369 νειιε.
2306 2314 2361 2368 4.
2407 2313 2483 2367 Tu
2523 2329 2722 2387 autent,
2761 2317 3003 2382 Domine,
3031 2331 3303 2388 susceptor
3341 2338 3485 2377 meus
3522 2341 3605 2388 es,

2022 2404 2192 2475 gloria
2218 2421 2330 2458 mea
2368 2415 2419 2458 et
2463 2407 2706 2461 exultans
2735 2419 2890 2474 caput
2934 2426 3125 2475 meum,
3173 2421 3277 2464 etc.
3330 2413 3386 2466 Si
3430 2413 3601 2468 David

2025 2496 2113 2549 hic
2143 2495 2406 2564 loquitur,
2457 2505 2824 2550 consentanea
2863 2509 2951 2552 εει
2994 2512 3098 2552 vox
3136 2499 3417 2572 Propheta
3451 2503 3604 2568 ﬁdei,

2020 2588 2250 2642 viriliter
2283 2597 2361 2640 tot
2389 2588 2768 2644 tribulationcs
2797 2589 3142 2658 perferentis,
3175 2602 3230 2646 et
3273 2609 3333 2647 se
3370 2611 3475 2648 non
3508 2596 3602 2649 de-

2021 2680 2270 2734 relictum
2299 2681 2386 2745 iri,
2408 2682 2500 2736 sed
2525 2689 2725 2750 praeter
2753 2683 3013 2736 auxilium
3041 2685 3182 2754 quod
3204 2695 3410 2753 sperat,
3430 2688 3599 2741 etiam

2017 2770 2225 2840 ingenti
2259 2770 2310 2823 in
2345 2769 2459 2825 Deo
2497 2771 2674 2842 gloria
2705 2785 3028 2841 summoque
3057 2777 3260 2829 honore
3286 2776 3337 2828 in
3371 2791 3596 2846 regnum

333 2874 485 2910 σεται
529 2843 1033 2929 ἀποκαθιστάμενος
1071 2861 1150 2924 εἰς
1185 2860 1282 2930 τὴν
1330 2860 1628 2930 βασιλείαν·
1669 2860 1762 2913 ἐὰν
1790 2859 1847 2912 δὲ
1888 2861 1914 2912 6

2019 2862 2328 2916 restitutum
2375 2862 2440 2914 iri
2481 2861 2840 2930 conlidentis.
2894 2863 2950 2917 Si
3003 2875 3185 2919 autem
3221 2843 3474 2920 Christus
3519 2869 3596 2921 lu-

330 2947 566 3020 Χριστὸς
614 2951 642 3003 ό
682 2950 852 3021 λέγων
884 2953 1240 3027 τυγχάνῃ.....
1282 2956 1573 3008 πεπεῖσθαι
1603 2955 1777 3018 οὕτως
1823 2955 1914 3008 καὶ

2019 2952 2220 3020 quitur,
2275 2953 2387 3006 hare
2435 2953 2570 3007 dicit
2603 2962 2794 3022 utpote
2828 2955 2918 3022 qui
2949 2953 3190 3010 conﬁdat
3235 2972 3294 3012 se
3337 2960 3594 3014 omnibus

331 3041 458 3110 περὶ
493 3041 586 3094 τοῦ
633 3043 1034 3114 ἀναστήσεσθαι
1077 3045 1170 3097 καὶ
1213 3046 1373 3098 πάλιν
1406 3047 1479 3108 ὡς
1516 3047 1642 3117 περὶ
1672 3045 1766 3100 τοῦ
1798 3047 1914 3098 ἐπι-

2019 3045 2397 3098 insidiatornm
2422 3046 2670 3100 consiliis
2685 3047 2962 3116 dissipatis
2993 3050 3045 3101 in
3080 3050 3249 3103 vitam
3277 3062 3592 3106 revocntum

327 3131 785 3205 δουλευθήσεσθαι
811 3135 913 3189 ὑπὸ
933 3136 1255 3208 ἀνθρώπων,
1289 3139 1383 3190 καὶ
1419 3138 1548 3209 περὶ
1578 3138 1670 3190 τοῦ
1710 3138 1784 3210 μὴ
1817 3139 1912 3207 ὲγ-

2021 3139 2124 3203 iri,
2161 3139 2490 3206 suscipiente
2519 3140 2668 3192 illum
2699 3138 2881 3204 Patre,
2915 3151 2966 3196 et
3005 3142 3054 3193 in
3091 3142 3382 3209 pristinum
3414 3145 3602 3214 gloria:

330 3225 878 3295 καταλειφθήσεσθαι,
916 3228 1339 3300 ἀντιληψομένου
1378 3230 1540 3282 αὐτὸν
1571 3229 1666 3283 τοῦ
1703 3231 1914 3300 Πατρὸς

331 3317 423 3368 καὶ
456 3318 996 3388 ἀποκαταστήσοντος
1013 3321 1172 3374 αὑτὸν
1204 3321 1295 3372 ἐπὶ
1329 3321 1425 3391 τήν
1456 3320 1516 3385 ἐξ
1535 3322 1709 3393 ἀρχῆς
1734 3321 1910 3386 δόξαν,

333 3407 644 3482 ὑψὼσανστός
665 3425 722 3460 τε
739 3409 922 3472 αὐτὸν,
954 3411 987 3480 ἢ
1019 3413 1113 3464 καὶ
1140 3411 1594 3483 ὑπερυψώσαντος
1609 3413 1729 3466 καθ’
1758 3413 1794 3467 ἃ
1821 3416 1914 3468 καὶ

331 3499 359 3548 6
407 3498 720 3562 Ἀπόστολός
747 3516 926 3569 φησιν’
955 3519 972 3550 ι
998 3501 1095 3553 Διὰ
1128 3501 1286 3554 τοῦτο
1317 3506 1344 3556 6
1371 3503 1502 3566 Θεὸς
1545 3505 1704 3557 αὐτὸν
1752 3506 1915 3576 ὑπερ-

331 3587 510 3658 ύψωσε
547 3591 640 3643 καὶ
672 3593 1143 3663 ἐχαρίσατο-αῦτῷ
1189 3595 1357 3664 ὄνομα
1397 3595 1456 3648 τὸ
1490 3596 1629 3666 ὑπὲρ
1658 3598 1765 3649 πᾶν
1798 3597 1916 3650 δνο-

332 3698 426 3751 μα,
457 3682 542 3735 ἵνα
571 3685 628 3736 ἐν
652 3683 730 3754 τῷ
751 3683 977 3754 ὀνόματι
1017 3685 1191 3755 Ἰησοῦ
1226 3687 1332 3738 πᾶν
1362 3687 1491 3754 γόνυ
1523 3687 1717 3760 κάμψῃ
1748 3689 1911 3740 ὲπου-

331 3774 550 3844 ρανίων,
588 3774 678 3826 καὶ
713 3775 991 3842 ἐπιγείων,
1033 3776 1126 3828 καὶ
1175 3777 1566 3846 καταχθονίων.
1602 3779 1711 3831 Καὶ
1761 3780 1910 3833 πᾶσα

329 3865 546 3934 γλῶσσα
575 3866 1045 3939 ἐξομολογήσεται,
1082 3869 1162 3922 ὅτι
1197 3868 1398 3940 Κύριος
1443 3868 1652 3940 Ἰησοῦς
1677 3871 1911 3943 Χριστὸς

328 3959 407 4020 εἰς
440 3955 595 4020 δόξαν
629 3957 764 4010 Θεοῦ
817 3960 1048 4030 Πατρός.
1089 3979 1107 4011 ι
1147 3960 1301 4012 Ἐστι
1333 3959 1389 4012 δὲ
1418 3959 1678 4032 διάφορος
1713 3964 1746 4032 ή
1783 3961 1907 4026 δόξα

327 4047 434 4101 τῶν
461 4048 720 4119 οἰομένων
749 4043 886 4103 εἶναι
918 4053 976 4104 ὲν
1007 4051 1165 4122 αὐτῇο
1204 4052 1297 4104 καὶ
1324 4052 1352 4102 6
1377 4051 1478 4122 μέν
1501 4069 1585 4114 τις
1615 4051 1773 4116 δόξαν
1803 4054 1907 4125 φή-

328 4157 430 4194 σαιο
461 4142 526 4195 ἂν
560 4140 697 4197 εἶναι
741 4143 906 4197 αὑτοῦ
942 4143 1038 4215 τὴν
1081 4143 1338 4216 πατρίδα⁶
1370 4144 1398 4195 6
1430 4143 1486 4196 δέ
1519 4161 1602 4208 τις
1640 4144 1700 4198 τὸ
1729 4145 1905 4213 γένος,

326 4232 484 4296 ἄλλος
507 4233 564 4285 δέ
596 4252 676 4298 τις
702 4234 764 4287 τὸ
786 4235 996 4297 κάλλος
1030 4235 1136 4287 εἰσὶ
1159 4235 1215 4287 δὲ
1237 4233 1286 4287 οἳ
1320 4233 1420 4304 τὴν
1451 4232 1644 4305 ῥώμην
1673 4234 1768 4288 τοῦ
1805 4235 1908 4288 σώ-

331 4343 518 4396 ματος,
541 4327 634 4379 καὶ
655 4327 755 4397 τὴν
785 4329 841 4379 ἐν
872 4327 949 4398 τῷ
971 4326 1330 4396 ἀγωνίζεσθαι
1359 4327 1686 4396 σωματικῶς
1711 4328 1907 4400 τέχνην

327 4418 482 4484 δόξαν
510 4418 643 4472 ἰδίαν
673 4413 810 4473 εἶναι
842 4419 1176 4490 νενομίκασι,
1201 4420 1342 4490 μέγα
1364 4419 1685 4490 φρονοῦντες
1713 4420 1806 4473 ἐπὶ
1830 4421 1907 4492 τῷ

327 4509 576 4564 τοσούσδε
629 4511 1183 4566 καταπεπαλαικέναι.
1229 4513 1339 4566 Καὶ
1380 4512 1432 4565 τί
1475 4514 1557 4566 δεῖ
1585 4512 1901 4581 καταλέγειν

327 4603 393 4654 τὰ
439 4603 522 4673 ἐφ’
548 4598 628 4665 οἷς
660 4601 1012 4673 σεμνύνονται
1035 4603 1083 4654 οἱ
1117 4602 1227 4656 θεοὶ
1260 4603 1582 4670 ἀγνοοῦντες
1615 4622 1632 4655 ι
1669 4597 1744 4659 ὧν
1770 4602 1900 4656 πολ·-

326 4691 481 4756 λάκις
505 4693 679 4764 ήδόξα
704 4694 760 4746 ὲν
777 4695 840 4764 τῇ
865 4692 1093 4765 αἰσχύνῃ
1115 4711 1132 4744 ι
1163 4693 1417 4763 τυγχάνει
1447 4693 1590 4748 κατὰ
1620 4694 1709 4749 τὸν
1744 4694 1902 4748 Ἀπό-

330 4783 542 4849 στολον;
576 4783 682 4837 Τοῦ
714 4783 770 4836 δὲ
797 4783 949 4852 ἁγίου
966 4783 1092 4848 δόξα
1119 4783 1270 4849 Θεὸς,
1290 4778 1334 4853 ᾧ
1351 4785 1596 4851 πέποιθε,
1621 4787 1896 4856 τυγχάνει·

328 4877 420 4930 καὶ
445 4877 543 4946 οὐχ
574 4876 649 4940 ὡς
676 4875 831 4946 ἔτυχε
865 4874 1292 4948 πεπιστευμένη,
1323 4876 1458 4930 ἀλλὰ
1477 4877 1656 4930 πίστει
1689 4876 1901 4946 λογιζο-

331 4969 465 5040 μένῃ
489 4969 569 5032 είς
600 4964 964 5039 δικαιοσύνην,
985 4966 1050 5020 δι’
1080 4967 1148 5038 ἢν
1180 4968 1271 5019 καὶ
1302 4969 1500 5040 σημεῖα
1527 4968 1661 5022 Θεοῦ
1696 4985 1902 5040 παρου-

329 5061 446 5125 σίας
505 5060 598 5114 καί.
638 5058 738 5131 τῆς
787 5059 1066 5130 δυνάμεως
1103 5058 1265 5112 αὑτοῦ
1310 5059 1593 5122 κοινωνίας
1631 5059 1906 5133 θεωρῆσαι

325 5152 546 5207 δυνατόν
578 5152 745 5206 ἐστιν·
789 5147 898 5205 οἷον
930 5150 1055 5216 δόξα
1087 5151 1367 5216 Μωῦσέως
1398 5152 1427 5205 ό
1453 5150 1586 5215 Θεὸς
1619 5152 1712 5205 καὶ
1744 5153 1906 5224 μέχρι

326 5243 613 5316 προσώποθ
646 5241 810 5297 αὑτοῦ
861 5242 1155 5315 μαρτυρῶν
1198 5245 1264 5315 τῇ
1310 5245 1461 5316 φιλίᾳ
1503 5243 1598 5297 τοῦ
1624 5246 1906 5316 προφήτου

325 5336 417 5388 καὶ
463 5337 556 5388 ἐπὶ
613 5337 813 5399 παντὸς
863 5334 955 5389 τοῦ
1002 5334 1266 5407 Ἐϐραίων
1298 5335 1426 5388 λαοῦ
1454 5337 1546 5389 καὶ
1591 5336 1906 5404 Αἰγυπτίων

325 5427 600 5496 ἐμφανῶς.
641 5427 777 5493 Δόξα
809 5427 865 5480 δὲ
914 5427 1094 5479 Ἠλίου
1125 5427 1217 5479 τοῦ
1261 5428 1542 5498 προφήτου
1587 5430 1614 5480 6
1643 5427 1776 5492 Θεὸς
1812 5425 1901 5500 ἦν,

323 5519 644 5583 ἁνιστῶντος
674 5519 765 5573 τὸν
803 5518 903 5588 τῆς
931 5520 1106 5590 χήρας
1140 5520 1274 5584 υἱὸν,
1311 5523 1404 5574 καὶ
1441 5521 1734 5592 εὐχομένου
1776 5525 1904 5595 περὶ

2017 3230 2361 3298 splendorem
2411 3231 2761 3294 restituente,
2798 3242 2960 3300 atque
2991 3233 3268 3286 exultante
3300 3235 3382 3288 vel
3426 3236 3592 3289 etiam

2016 3319 2457 3390 superexaltante
2523 3321 2712 3386 illum,
2793 3322 3247 3390 quetnadmodnm
3308 3323 3384 3376 ait
3447 3327 3598 3393 Apu-

2015 3416 2185 3468 stolns
2212 3416 2294 3468 '9:
2335 3431 2354 3464 ι
2389 3413 2684 3481 Propterea
2727 3414 2865 3467 Deus
2887 3414 3150 3468 exaltavit
3195 3413 3367 3478 illum,
3413 3423 3468 3468 et
3501 3417 3600 3469 do-

1997 3505 2175 3559 -navit
2197 3503 2271 3558 illi
2297 3517 2494 3557 nomen
2520 3499 2663 3570 quod
2697 3508 2780 3553 est
2806 3514 2970 3568 super
2995 3515 3156 3554 omne
3183 3516 3405 3567 nomen,
3442 3513 3503 3558 ut
3543 3505 3595 3558 in

2027 3595 2250 3649 nomine
2276 3593 2405 3650 Jesu
2431 3606 2592 3646 omne
2616 3605 2756 3660 genu
2781 3589 3045 3654 ﬂectatur,
3073 3590 3394 3656 caelestium,
3425 3602 3602 3648 ωτι-υ..

2012 3691 2230 3750 διγιιιιιι,
2276 3698 2331 3738 ct
2363 3687 2724 3753 internarum,
2753 3696 2807 3741 et
2849 3688 3028 3741 onmis
3058 3687 3239 3756 lingua
3270 3688 3597 3740 conlitcatur

2011 3782 2138 3850 quia
2200 3779 2457 3832 Dominus
2516 3777 2679 3834 Jesus
2734 3779 2990 3834 Christus
3043 3778 3095 3833 in
3141 3780 3310 3850 gloria
3363 3790 3447 3835 est
3497 3781 3590 3835 Dei

2011 3874 2212 3929 Patris.
2245 3893 2264 3927 ι
2293 3872 2566 3931 Ceterum
2594 3874 2647 3926 in
2681 3872 2846 3926 variis
2874 3872 3122 3927 homines
3163 3872 3391 3940 gloriam
3437 3888 3587 3926 suam

2013 3975 2244 4035 ponunt,
2275 3965 2411 4021 alius
2433 3967 2486 4020 in
2518 3967 2714 4036 patria,
2750 3967 2886 4022 alius
2915 3966 2968 4020 in
3003 3980 3226 4036 genere,
3256 3965 3394 4021 alius
3427 3965 3592 4036 550

2010 4056 2063 4109 in
2092 4056 2513 4125 pulchritudine,
2543 4058 2635 4110 alii
2656 4058 2708 4110 in
2732 4058 2976 4126 corporis
3005 4058 3295 4121 rohore,et
3319 4057 3370 4110 in
3397 4059 3590 4125 peritia

2009 4149 2322 4204 decertandi
2379 4153 2429 4203 in
2473 4164 2665 4220 agone,
2709 4151 2934 4205 multum
2989 4151 3118 4204 elati
3171 4151 3315 4219 quod
3359 4152 3460 4205 hos
3505 4151 3591 4204 vel

2009 4239 2132 4294 illos
2168 4240 2427 4295 luctando
2457 4241 2715 4296 vicerint.
2753 4242 2820 4296 Et
2848 4243 2979 4311 quid
3011 4256 3228 4296 necesse
3272 4253 3352 4296 est
3402 4256 3592 4297 recen-

2008 4345 2128 4385 sere
2152 4347 2214 4387 ea
2252 4334 2320 4388 de
2351 4334 2548 4401 quibus
2585 4335 2894 4403 gloriantur
2922 4335 2994 4388 dii
3033 4335 3373 4404 ignorantes,
3417 4349 3590 4404 «qun—

2010 4437 2130 4475 rum
2163 4438 2306 4494 smpe
2335 4424 2506 4495 gloria
2555 4428 2608 4478 in
2663 4425 2984 4480 confusione
3023 4434 3124 4489 est,
3165 4445 3183 4476 ι
3226 4433 3283 4479 ιιι
3327 4426 3406 4479 ait
3448 4426 3594 4492 Apo-

2009 4513 2181 4569 stolus
2211 4513 2290 4566 σει
2314 4516 2501 4571 Sancti
2529 4526 2710 4572 autem
2736 4517 2906 4587 gloria
2941 4516 3086 4571 Deus
3115 4526 3198 4572 cst
3227 4519 3311 4572 cui
3339 4517 3592 4582 conlidit,

2010 4606 2202 4676 gloria,
2238 4608 2480 4680 inquam,
2528 4625 2637 4665 non
2683 4618 2888 4664 temere
2938 4611 3169 4675 credita,
3204 4610 3300 4664 sed
3339 4611 3441 4664 lide
3472 4623 3593 4679 qua:

2012 4709 2298 4768 reputatur
2345 4701 2410 4755 ad
2458 4701 2761 4772 justitiam,
2804 4718 2902 4772 per
2940 4718 3102 4772 quam
3144 4713 3197 4757 et
3249 4706 3402 4773 s'gna
3449 4717 3588 4770 prie-

2009 4791 2197 4846 sentiae
2225 4791 2322 4847 Dei
2347 4801 2402 4848 et
2433 4793 2836 4848 communionis
2859 4795 3079 4849 virtutis
3100 4794 3217 4862 ejus
3247 4797 3437 4850 videre
3477 4803 3588 4848 est.

2011 4881 2104 4937 Sic
2150 4881 2357 4954 Moysis
2404 4885 2576 4952 gloria
2612 4894 2734 4941 erat
2773 4885 2914 4938 Deus
2943 4887 3032 4953 qui
3073 4896 3334 4953 quantum
3378 4895 3590 4938 amaret

2009 4973 2354 5043 prophetam,
2390 4976 2554 5029 etiam
2585 4991 2757 5045 usque
2788 4977 2854 5028 ad
2888 4974 3047 5029 faciei
3083 4990 3193 5029 suae
3221 4977 3587 5031 ostensionem

2011 5066 2310 5120 declaravit
2347 5077 2402 5120 et
2449 5083 2633 5121 coram
2684 5067 2831 5120 omni
2887 5067 3238 5121 Hebraeorum
3281 5067 3480 5138 populo
3530 5077 3588 5122 et

2009 5171 2195 5213 coram
2251 5156 2543 5228 Egyptiis.
2613 5157 2743 5212 Erat
2789 5158 2955 5212 etiam
3011 5159 3154 5213 Deus
3221 5159 3396 5229 gloria
3457 5158 3588 5212 Elite

2014 5247 2292 5316 prophetae
2329 5250 2419 5316 qni
2453 5249 2624 5300 vidua-
2657 5247 2823 5301 lllium
2869 5250 3172 5316 suscitavit,
3208 5260 3263 5305 et
3301 5251 3480 5305 oravit
3513 5251 3584 5304 ad

2011 5340 2363 5395 obtinendam
2397 5340 2652 5407 pluviam,
2693 5349 2748 5395 et
2791 5341 3050 5394 continuo
3085 5342 3373 5395 exauditus
3400 5351 3484 5394 est
3517 5339 3586 5393 '°.

2015 5431 2187 5485 Verax
2225 5445 2355 5502 ergo
2386 5429 2550 5492 Dens,
2584 5447 2708 5484 Cttllt
2743 5432 2817 5484 ait
2847 5452 2860 5487 :
2902 5449 2922 5484 ι
2961 5431 3343 5486 Gloritieantes
3365 5446 3450 5483 me
3471 5428 3587 5501 glo-

2013 5523 2255 5578 riticabo.
2294 5541 2313 5575 ι
2352 5522 2467 5576 Non
2507 5523 2685 5578 minus
2709 5533 2891 5578 autem
2922 5539 3085 5594 quam
3114 5524 3328 5578 illorum
3361 5523 3452 5594 qui
3487 5522 3588 5575 ini-

393 5661 437 5693 ⁶⁷
466 5660 606 5716 Psal.
639 5661 952 5726 xxuttﬂltl.
1027 5662 1072 5694 ⁸⁸
1102 5661 1340 5734 Phil-ipp.
1374 5681 1434 5727 tt,
1473 5664 1527 5720 9.
1607 5666 1650 5698 ⁵³
1685 5665 1882 5739 Philip.

2044 5667 2130 5724 19.
2207 5667 2252 5698 ⁷ο
2281 5665 2302 5719 Ι
2339 5666 2473 5737 Reg.
2505 5680 2562 5731 ll,
2596 5665 2684 5721 50.

396 5794 506 5866 (84)
546 5797 863 5866 Ἐὰνμὲνό
900 5795 1084 5850 Δαυῒδ
1111 5798 1281 5869 λέγῃ,
1325 5806 1430 5855 etc.
1467 5796 1648 5856 Codex
1695 5800 1914 5860 Barocci

2019 5819 2066 5860 ts
2121 5811 2175 5859 ct
2208 5801 2398 5856 Daniel
2429 5800 2719 5857 Barbarus.
2811 5783 2820 5790 ’
