4058 6244
328 373 489 431 11⁸2ιὸ

1336 369 1648 425 SELECTA
1690 369 1755 424 l.\'
1793 370 2133 428 PSAIMOS.
2172 404 2236 413 -—
2270 372 2463 429 PSAL.
2503 374 2589 430 111.

3450 376 3586 430 Ηὲῢ

327 498 433 549 καὶ
463 494 611 563 παρὰ
643 492 720 563 τῷ
745 490 1049 561 Σολομῶντι
1077 491 1110 560 ὴ
1141 489 1321 557 σοφία,
1354 491 1475 560 ἦτις
1503 493 1535 560 ἡ
1575 490 1713 561 αὑτὴ
1748 492 1907 562 ὑπάρ-

2031 503 2183 547 stans
2221 495 2309 547 Dei
2363 495 2594 549 V'erbum
2635 509 2848 565 semper
2879 496 3098 559 clamat.
3143 499 3599 567 quemadmodum

328 604 423 656 χει
452 585 528 655 τῷ
551 585 708 655 Λόγῳ
739 584 834 636 τοῦ
862 581 996 635 Θεοῦ
1025 581 1165 635 κατὰ
1194 580 1293 651 τὴν
1325 581 1644 644 ὑπόστασιν,
1682 581 1921 634 καλοῦσα

335 678 483 747 μετὰ
528 676 732 746 ὑψηλοῦ
783 675 1137 745 κηρύγματος
1185 674 1277 725 ἐπὶ
1325 673 1598 745 κρατῆρα,
1654 673 1916 742 λέγουσα·

336 785 359 817 ι
411 768 512 831 Ὃς
544 767 690 819 ἐστιν
726 764 880 835 ὑμῶν
925 764 1135 834 ἄφρων,
1177 763 1479 817 ἐκκλινάτω
1522 763 1656 835 πρὸς
1703 764 1801 834 μέ·
1836 764 1922 817 ἐν-

330 856 488 909 δεέσι
520 855 576 907 δὲ
631 853 841 927 φρενῶν
889 852 1330 924 παρακελεύομαι
1368 852 1635 921 λέγουσα·
1677 852 1917 917 Ἔλθετε,

316 947 544 1017 ,φάγετε
570 946 677 999 τῶν
705 945 851 1015 ἐμῶν
877 946 1076 1017 ἄρτων,
1099 944 1192 998 καλ⁴
1222 946 1372 997 πίετε
1396 941 1535 998 οἶνον
1558 946 1616 998 ὃν
1642 947 1919 1017 κεκέρακα

330 1040 492 1108 ὑμῖν.
535 1056 552 1088 ι
600 1038 663 1089 Ἦ
694 1036 845 1107 φωνὴ
870 1035 1155 1106 τοιγαροῦν
1186 1034 1279 1089 τοῦ
1311 1036 1452 1088 κατὰ
1482 1035 1572 1089 τὸν
1599 1036 1810 1106 ψαλμὸν
1831 1037 1919 1089 λέ-

331 1145 529 1196 γοντος
552 1127 913 1197 ἐπιτεταμένη
936 1126 1068 1195 πρὸς
1095 1126 1299 1197 Κύριον
1332 1126 1681 1190 ἐπακούεται,
1704 1128 1804 1180 οὑκ
1828 1126 1919 1181 άλ-

332 1220 495 1274 λοθέν
533 1221 693 1274 ποθεν
727 1221 758 1290 ἢ
794 1222 859 1272 ἐκ
892 1218 983 1272 τοῦ
1016 1219 1176 1289 ὅρους
1206 1219 1299 1273 τοῦ
1342 1220 1519 1288 ἁγίου,
1550 1221 1827 1273 τουτέστιν
1860 1219 1919 1283 ἐξ

329 1313 592 1385 ούρανοῦ,
624 1314 744 1366 ἐπεὶ
776 1314 869 1366 καὶ
903 1314 960 1366 ἐν
990 1312 1169 1377 ἄλλοις
1202 1312 1438 1380 λέγεται·
1470 1333 1486 1363 ι
1525 1314 1917 1367 Ἐπακούσεται

326 1406 506 1460 αὑτοῦ
529 1405 587 1469 ἐξ
615 1404 844 1475 οὐρανοῦ
870 1406 1024 1474 ἁγίου
1046 1404 1228 1458 αὑτοῦ.
1265 1424 1281 1455 ι
1308 1406 1417 1458 Καὶ
1438 1406 1495 1469 ἐξ
1519 1404 1684 1473 ὕψους
1707 1405 1914 1469 ἀκούει,

326 1498 463 1549 ἐπεὶ
493 1496 825 1567 γέγραπται·
869 1514 888 1547 ι
940 1494 1330 1548 Ἐπακούσεται
1359 1494 1520 1547 αὑτοῦ
1548 1494 1606 1559 ἐξ
1632 1495 1798 1565 ὑψους
1825 1498 1917 1550 καὶ

323 1588 401 1640 ἐκ
434 1588 561 1641 ναοῦ
590 1588 746 1654 ἁγίου
778 1585 964 1640 αὑτοῦ.
1009 1606 1028 1637 ι

418 1678 569 1748 Ἐγὼ
606 1677 952 1747 ἐκοιμήθην,
986 1677 1083 1730 καί
1123 1676 1374 1730 ὕπνωσα
1396 1695 1408 1707 ·
1447 1678 1795 1747 ἐξηγέρθην,
1827 1679 1915 1733 ὅτι

330 1772 552 1837 Κύριος
577 1768 970 1837 ἀντιλήψεταί
992 1786 1132 1837 μου,
1157 1786 1210 1821 κ.
1241 1788 1288 1825 τ.
1324 1772 1371 1823 ἐ.
1410 1771 1597 1841 Ἡμεῖς
1626 1772 1723 1841 μὲν
1752 1772 1915 1843 ἡγού-

2030 596 2085 638 et
2137 588 2275 654 apud
2323 585 2670 640 Salomonem
2710 589 2970 656 sapientia
3002 605 3123 658 qua:
3166 591 3459 644 secundum
3500 594 3597 663 hy-

2029 674 2287 742 postasim
2317 676 2506 728 eadem
2543 684 2627 729 est
2671 690 2734 729 ac
2780 677 3015 731 Verbum
3051 679 3167 743 Dei,
3204 679 3443 734 inritans
3470 697 3595 735 cum

2031 777 2227 831 magno
2260 762 2499 817 clamore
2525 766 2594 818 ad
2627 764 2899 833 poculum,
2938 767 3068 821 dicit
3090 768 3137 798 "
3166 786 3178 820 :
3221 790 3238 819 ι
3277 769 3333 823 Si
3371 772 3493 837 quis
3519 782 3602 827 est

2030 851 2310 921 insipiens,
2364 853 2605 907 declinet
2639 856 2705 907 ad
2745 869 2850 920 me,
2898 865 2954 910 et
3001 856 3182 911 stultis
3216 859 3472 928 praecipio
3513 862 3598 913 di-

2026 958 2209 998 cens:
2259 944 2479 1009 Venite,
2537 946 2807 1001 comedite
2866 963 3033 1016 panes
3088 964 3259 1014 meos,
3312 959 3365 1002 et
3425 952 3603 1006 bibito

2027 1036 2209 1089 viuum
2246 1036 2389 1103 quod
2425 1037 2613 1090 miscui
2648 1038 2823 1093 vobis.
2867 1057 2884 1089 ι
2929 1038 3113 1107 Itaque
3150 1040 3239 1108 qui
3291 1040 3342 1092 in
3389 1041 3600 1108 ps'almo

2027 1128 2093 1180 ad
2150 1129 2315 1181 Deum
2372 1142 2560 1181 vocem
2615 1128 2869 1195 intemlit,
2922 1145 3027 1182 non
3073 1130 3291 1186 aliunde
3350 1148 3511 1199 quam
3564 1146 3603 1192 ι

2026 1233 2210 1276 monte
2246 1230 2461 1287 sancto,
2496 1223 2598 1277 hoc
2631 1232 2710 1277 est
2744 1237 2773 1276 e
2803 1223 2955 1283 cmlo.
2993 1226 3307 1290 exauditur,
3347 1227 3596 1295 quando-

2025 1314 2242 1383 quidem
2272 1315 2400 1368 alibi
2439 1330 2655 1384 quoque
2695 1315 2897 1369 dicitur
2940 1318 2986 1347 '“'
3030 1337 3043 1371 :
3085 1336 3103 1369 ι
3138 1318 3399 1372 Exaudiet
3440 1319 3593 1372 illum

2025 1407 2089 1459 de
2117 1406 2255 1459 caelo
2284 1416 2473 1461 saneto
2500 1421 2617 1461 suo.
2654 1428 2672 1460 ι
2710 1409 2785 1461 Ex
2814 1409 3029 1463 sublimi
3066 1426 3284 1480 quoque
3324 1411 3549 1464 exaudit
3576 1428 3591 1465 :

2025 1513 2147 1550 nam
2185 1498 2449 1567 scriptmu
2490 1510 2613 1555 est:
2650 1518 2668 1552 ι
2708 1500 2971 1555 Exaudict
3017 1502 3189 1571 ipsum
3226 1502 3293 1556 ab
3327 1502 3437 1557 alto
3476 1512 3529 1557 et
3562 1516 3595 1556 a

2026 1590 2230 1656 templo
2261 1598 2454 1643 sancto
2488 1606 2606 1645 suo.
2647 1610 2666 1642 ι
3582 1654 3587 1657 .

2096 1679 2255 1734 Vens.
2288 1680 2340 1734 6.
2372 1680 2483 1750 Ego
2511 1682 2737 1735 dormivi
2757 1691 2806 1736 et
2829 1692 3107 1751 soporatus
3126 1700 3264 1747 sum,
3290 1687 3593 1752 exsurrexi,

2020 1774 2144 1842 quia
2180 1772 2436 1829 Dominus
2468 1774 2717 1842 suscipiet
2759 1790 2861 1840 me,
2896 1784 3001 1829 etc.
3053 1773 3159 1829 Nos
3187 1777 3402 1844 quidem
3448 1778 3593 1830 arbi-

326 1861 483 1931 μεθα
514 1859 621 1931 (86)
654 1861 820 1929 μηδὲν
852 1860 1189 1932 ἀνθρώπινον
1226 1862 1365 1932 ἔχειν
1396 1860 1463 1914 τὰ
1492 1861 1761 1930 λεγόμενα
1791 1865 1907 1918 ἁκό-

2022 1872 2229 1916 tramur
2260 1861 2397 1915 nihil
2436 1861 2552 1917 htec
2583 1862 2785 1916 habere
2824 1863 3120 1916 humanum
3150 1868 3291 1933 quod
3324 1876 3593 1934 congruat

334 1953 527 2005 λουθον
560 1956 626 2023 τῇ
658 1953 785 2025 περὶ
816 1952 905 2005 τὸν
935 1953 1115 2016 Δαυῒδ,
1145 1954 1233 2007 ὅτε
1264 1953 1459 2022 ἔφυγεν
1483 1954 1593 2006 ἀπὸ
1627 1954 1915 2026 προσώπου

347 2045 724 2116 ’Δϐεσσαλὼμ,
774 2046 1001 2118 ἱστορίᾳ,
1054 2047 1102 2097 εί
1147 2044 1394 2117 θέλοιμεν
1440 2047 1674 2116 τηρῆσαι
1722 2046 1808 2100 διὰ
1857 2049 1917 2101 τὸ

328 2138 502 2209 ῥητὸν
535 2138 592 2191 τὸ
622 2138 716 2191 τοῦ
755 2140 918 2192 Δαυῒδ
942 2139 1251 2210 πρόσωπον,
1276 2138 1371 2192 καὶ
1399 2138 1487 2192 διὰ
1512 2139 1670 2192 τοῦτό
1700 2157 1763 2209 γε
1792 2140 1917 2193 δυσ-

333 2231 663 2301 ωπήσαιμεν
696 2229 762 2283 ἂν
796 2231 890 2283 καὶ
920 2232 1045 2293 τοὺς
1083 2230 1159 2301 μὴ
1195 2228 1549 2301 βουλομένους
1584 2232 1917 2300 ἀναγκάζον-

333 2336 429 2384 τες
458 2322 676 2390 ἀνάγειν
710 2323 807 2394 τὴν
839 2323 1080 2393 ἱστορίαν
1120 2324 1213 2376 καὶ
1245 2322 1565 2395 προσίεσθαι
1602 2325 1818 2388 πάντως
1851 2328 1915 2378 ἐκ

334 2410 629 2483 προσώπου
646 2412 882 2484 Χριστοῦ
899 2409 1036 2466 εἶναι
1055 2412 1124 2465 τὰ
1144 2412 1605 2483 ἐπαγγελλόμενα.
1628 2415 1741 2466 Ἵνα
1755 2414 1811 2467 δὲ
1840 2415 1913 2486 μὴ

333 2500 580 2570 δοκῶμεν
614 2502 916 2573 προδιδόναι
944 2502 1033 2555 τὸν
1064 2502 1219 2571 λόγον
1248 2502 1338 2556 τὸν
1367 2503 1507 2556 κατὰ
1534 2504 1594 2556 τὸ
1627 2504 1787 2575 ῥητὸν
1822 2502 1914 2555 δυ-

334 2593 566 2663 νάμενον
600 2591 889 2660 σώζεσθαι,
922 2594 1014 2647 καὶ
1042 2594 1215 2647 ταῦτα
1245 2595 1461 2649 λεκτέον
1481 2612 1493 2625 ·
1523 2596 1706 2665 Φαμὲν
1736 2594 1913 2648 τοίνυν

335 2686 501 2739 αὑτοῦ
545 2687 948 2758 κατηγοροῦντα
993 2688 1082 2740 τὸν
1120 2687 1280 2741 Δαυῒδ
1320 2688 1497 2742 ταῦτα
1540 2688 1769 2757 φάσκειν
1822 2688 1914 2740 ἐπὶ

333 2778 413 2848 τῷ
442 2779 515 2849 μὴ
542 2780 897 2850 ἐγρηγορέναι
942 2779 1102 2832 αὑτὸν
1142 2780 1273 2851 περὶ
1312 2780 1413 2849 τῆς
1444 2780 1738 2849 βασιλείας,
1780 2779 1913 2852 μηδὲ

334 2871 609 2943 προσοχὴν
641 2872 737 2942 τὴν
774 2871 997 2924 δέουσαν
1026 2873 1356 2940 είσαγαγεῖν,
1386 2871 1524 2924 ὥστε
1553 2872 1738 2943 καιρὸν
1770 2872 1913 2941 ἔχειν

334 2963 620 3017 ἐπιθέσθαι
665 2965 785 3034 μὲν,
812 2964 938 3017 τάδε
980 2964 1304 3017 πεπονθέναι
1334 2964 1496 3016 αὑτὸν
1541 2964 1629 3017 διὰ
1656 2964 1756 3033 τῆς
1790 2966 1911 3018 ἐπι-

341 3052 541 3118 θέσεως
597 3054 689 3107 τοῦ
751 3054 1123 3126 Ἀϐεσσαλώμ.
1182 3054 1346 3126 Ἐμοῦ
1389 3054 1499 3126 γὰρ
1544 3055 1908 3126 κοιμωμένου,

2019 1969 2140 2008 cum
2193 1953 2413 2008 Davidis
2473 1953 2700 2008 historia
2752 1954 3007 2022 fugientis
3045 1970 3074 2009 a
3125 1955 3261 2009 facie
3309 1956 3590 2017 Ahsalom.

2019 2047 2064 2100 si
2120 2044 2459 2101 voluerimus
2514 2054 2740 2115 propter
2795 2046 3029 2097 litteram
3098 2060 3322 2099 scrvare
3374 2047 3591 2101 Davidis

2019 2151 2306 2206 personam
2333 2176 2349 2201 ,
2401 2146 2458 2190 et
2501 2149 2787 2206 propterea
2840 2137 3029 2205 pudori
3085 2138 3239 2191 nobis
3283 2140 3356 2192 sit
3395 2154 3593 2210 cogere

2018 2228 2220 2283 invitos
2264 2230 2408 2283 hanc
2445 2228 2728 2283 historiam
2764 2228 2829 2282 ad
2852 2229 3151 2297 spiritalem
3183 2246 3403 2284 sensum
3431 2247 3590 2284 revo-

2016 2333 2175 2383 care,
2233 2328 2288 2373 et
2341 2320 2567 2374 omnino
2628 2320 2782 2374 fateri
2834 2322 2946 2375 ha:c
2992 2336 3057 2375 ex
3110 2336 3338 2390 persona
3384 2322 3588 2376 Christi

2016 2410 2158 2464 dicta
2194 2424 2333 2464 esse.
2368 2410 2445 2466 Ne
2491 2420 2668 2465 tamen
2719 2412 3006 2467 videamur
3059 2426 3368 2467 sermonem
3424 2414 3557 2467 dere

2016 2499 2263 2569 linquere
2290 2502 2381 2570 qui
2413 2504 2716 2557 secundum
2745 2501 2981 2557 litteram
3013 2506 3220 2558 servari
3248 2513 3446 2573 potest,
3476 2504 3589 2557 haec

2013 2610 2230 2664 quoque
2274 2595 2498 2649 dicenda
2534 2604 2661 2649 sunt
2688 2614 2699 2649 :
2738 2594 2939 2664 Nempe
2971 2596 3319 2663 semetipsum
3351 2596 3434 2648 his
3465 2609 3588 2648 vcr-

2016 2687 2099 2739 bis
2128 2701 2390 2742 accusare
2420 2686 2699 2751 Davidem,
2746 2700 2811 2739 eo
2863 2687 3009 2755 quod
3054 2688 3207 2756 regni
3248 2701 3434 2739 curam
3479 2700 3585 2737 nou

2017 2776 2297 2839 habuerit,
2342 2786 2395 2829 et
2430 2775 2500 2829 ita
2542 2773 2703 2827 omcii
2748 2774 3023 2844 negligens
3075 2775 3259 2840 fuerit,
3309 2786 3367 2829 ut
3413 2773 3587 2829 rebel-

2014 2864 2161 2919 landi
2204 2865 2542 2920 occasionem
2589 2873 2780 2917 nactus
2820 2864 2891 2917 sit
2935 2864 3212 2927 Absalom,
3250 2875 3302 2919 et
3333 2865 3455 2920 inde
3486 2865 3587 2921 has

2013 2957 2062 3010 ei
2124 2956 2399 3009 molestias
2449 2955 2723 3024 pariendi.
2774 2955 2902 3009 Mihi
2961 2958 3129 3020 enim,
3197 2958 3393 3025 inquit,
3461 2958 3586 3013 dor-

2015 3048 2204 3101 mienti
2254 3056 2309 3101 et
2358 3057 2612 3115 soporato
2656 3047 2768 3099 hanc
2810 3047 3181 3115 contigerunt.
3224 3048 3327 3102 Sed
3367 3060 3585 3104 erectus

335 3144 489 3214 φησι.
520 3146 615 3197 καὶ
640 3143 929 3207 ὑπνοῦντος
952 3144 1077 3197 τάδε
1099 3144 1219 3197 τινὰ
1254 3142 1565 3214 συμϐέϐηκέ
1597 3160 1705 3213 μοι.
1751 3140 1907 3195 Ἀλλὰ

2013 3151 2157 3199 sum,
2183 3138 2308 3205 quia
2346 3136 2602 3189 Dominus
2647 3136 2908 3203 suscipiet
2960 3151 3064 3199 me,
3118 3147 3170 3191 et
3213 3146 3429 3192 erectus
3475 3156 3582 3193 non

2016 3226 2173 3248 -..Α
2213 3228 2410 3248 ιτ--ΛΙ--
2480 3225 2687 3248 -.ΞΑ---2
2728 3225 2911 3248 AA--.“
2962 3226 3124 3248 mill!“
3176 3229 3353 3248 _-_---I!
3407 3230 3417 3248 9
3468 3246 3478 3248 μ

333 3235 637 3304 διανέστην,
672 3236 792 3286 ἐπεὶ
822 3234 1024 3307 Κύριος
1052 3234 1399 3306 ἀντιλήψεταί
1442 3251 1563 3303 μου,
1606 3235 1698 3287 καί
1728 3234 1909 3287 διανα-

336 3326 465 3389 στὰς
490 3324 766 3398 μυριάδων
792 3324 920 3378 λαοῦ
946 3326 1282 3396 ἐπιθεμένων
1309 3343 1399 3397 μοι
1417 3325 1477 3378 οὑ
1508 3324 1905 3395 φοϐηθήσομαι.

336 3418 445 3470 Καὶ
488 3416 760 3478 ἀϐιάστως
803 3415 871 3468 τὰ
916 3416 1042 3486 tea;
1089 3417 1229 3483 δόξει
1263 3416 1563 3482 σώζεσθαι·
1607 3419 1701 3471 καὶ
1736 3418 1908 3471 ταῦτα

339 3509 435 3580 μὲν
483 3507 764 3579 ἡγούμεθα
818 3507 894 3571 ὡς
944 3507 1078 3579 πρὸς
1132 3508 1229 3579 τὴν
1278 3507 1424 3572 λέξιν
1487 3509 1905 3579 ἑρμηνεύεσθαι,

336 3598 467 3669 πρὸς
491 3597 548 3649 δὲ
574 3595 884 3666 ἀναγωγὴν,
911 3595 987 3657 ὡς
1018 3597 1445 3667 προειρήκαμεν,
1477 3596 1584 3650 ἀπὸ
1616 3596 1906 3668 προσώπου

335 3690 536 3761 Κυρίου
567 3688 738 3742 ταῦτα
763 3687 1196 3756 ἀπαγγέλλεσθαι
1225 3688 1322 3758 τὴν
1362 3688 1495 3742 ἰδίαν
1523 3689 1774 3761 κοίμησιν
1812 3689 1906 3743 νῦν

334 3780 707 3853 διηγουμένου,
736 3781 830 3833 καὶ
854 3778 1019 3832 ὕπνον
1040 3780 1132 3832 τὸν
1156 3778 1298 3833 κατὰ
1324 3780 1385 3831 τὸ
1412 3779 1604 3843 πάθος.
1656 3781 1907 3833 Ἐπισκε-

334 3872 562 3943 ψώμεθα
589 3871 653 3942 δὴ
687 3870 949 3943 πρότερον
985 3869 1248 3940 διαφορὰν
1282 3870 1589 3941 κοιμήσεως
1614 3870 1706 3923 καὶ
1737 3870 1903 3924 ὕπνου

335 3962 685 4033 νομιζομένου
714 3963 790 4026 ὡς
820 3961 957 4033 πρὸς
986 3961 1081 4033 τὴν
1112 3961 1284 4025 λέξιν·
1327 3962 1584 4033 κοίμησιν
1632 3963 1730 4033 μὲν
1763 3958 1905 4016 εἶναι

334 4053 405 4117 ὡς
430 4054 563 4126 πρὸς
588 4054 689 4125 τὴν
717 4052 968 4125 ἡσυχίαν,
1018 4053 1147 4123 περὶ
1182 4047 1249 4123 ἦς
1284 4053 1376 4107 καὶ
1420 4055 1448 4105 ὁ
1488 4051 1701 4116 Παῦλός
1734 4070 1899 4123 φησι·

339 4165 357 4198 ι
407 4146 613 4209 Πάντες
662 4142 1131 4215 κοιμηθησόμεθα,
1173 4144 1234 4197 οὑ
1278 4145 1476 4207 πάντες
1508 4145 1564 4197 δὲ
1597 4145 1902 4216 ἀλλαγησό-

338 4238 498 4309 μεθα·
540 4258 558 4289 ι
594 4236 760 4290 ὑπνον
794 4236 852 4289 δὲ
880 4237 1064 4289 ἄνεσιν
1095 4237 1195 4305 τῆς
1228 4236 1404 4306 ψυχῆς
1434 4237 1752 4309 χαλωμένης
1794 4239 1902 4291 ἀπὸ

339 4327 421 4379 τοῦ
453 4326 703 4396 σώματος
733 4326 825 4378 καὶ
852 4324 949 4395 τὴν
977 4326 1133 4379 τάσιν
1163 4326 1557 4397 ὑπεκλυούσης,
1585 4326 1663 4397 τῷ
1699 4327 1775 4398 μὴ
1808 4327 1902 4396 τρέο

340 4436 444 4488 ρειν
475 4416 817 4469 ἀδιάλειπτον
844 4416 935 4468 τὸν
960 4416 1129 4469 τόνον.
1186 4416 1272 4469 Ἐν
1301 4416 1358 4469 δέ
1389 4416 1465 4486 τῷ
1509 4415 1627 4469 Ἰὼϐ
1667 4416 1901 4487 μάλιστα

338 4510 425 4580 τὴν
456 4508 713 4577 διαφορὰν
759 4506 1122 4578 παρίστασθαι
1161 4507 1611 4579 ὑπολαμϐάνομεν
1653 4508 1741 4562 διὰ
1778 4508 1897 4561 τούέ

336 4611 466 4648 των·
508 4614 526 4645 ι
562 4593 678 4647 Νῦν
718 4595 783 4648 ἂν
824 4594 1104 4665 κοιμηθεὶς
1136 4596 1413 4666 ἡσύχασα·
1452 4596 1707 4659 ὑπνώσας
1734 4598 1790 4650 δὲ
1831 4597 1896 4651 ἂν

336 4684 650 4755 ἐπαυσάμην
692 4683 828 4755 μετὰ
854 4682 1136 4751 βασιλέων,
1167 4684 1466 4753 βουλευτῶν
1491 4685 1611 4755 γῆς.
1650 4703 1668 4736 ι
1715 4684 1898 4755 Ἐδεή-

336 4774 499 4846 θημεν
526 4776 581 4829 δὲ
614 4777 711 4847 τῆς
742 4776 1002 4847 διαφορᾶς
1032 4774 1127 4828 τοῦ
1160 4776 1485 4847 κοιμηθῆναι
1520 4778 1614 4831 καὶ
1655 4777 1899 4830 ὑπνῶσαι

334 4868 463 4937 ὑπὲρ
500 4865 593 4919 τοῦ
628 4867 863 4920 συνιέναι
893 4866 1009 4929 πῶς
1036 4866 1102 4919 ἂν
1129 4867 1219 4920 ἐπὶ
1245 4867 1336 4921 τοῦ
1368 4868 1620 4939 Σωτῆρος
1647 4867 1784 4939 αῦτη
1808 4868 1901 4940 δη-

333 4960 484 5012 λοῖτο.
512 4956 748 5028 Σύνηθες
779 4955 877 5026 μὲν
903 4956 1011 5026 γὰρ
1034 4956 1133 5025 τὴν
1166 4956 1273 5009 ἀπὸ
1295 4956 1389 5009 τοῦ
1422 4956 1537 5025 βίου
1562 4956 1753 5009 τούτου
1782 4957 1898 5023 ἐξο-

332 5047 412 5101 ὼν
445 5048 699 5118 κοίμησιν
725 5045 998 5114 λέγεσθαι,
1034 5045 1143 5099 ἐσθ’
1172 5047 1259 5100 ὅτε
1286 5046 1341 5099 δὲ
1364 5048 1458 5099 καὶ
1490 5046 1657 5099 ὑπνον
1683 5048 1895 5118 μεμνή-

336 5139 463 5211 μεθα
491 5138 865 5210 ὀνομάζεσθαι.
908 5157 927 5188 ι
964 5138 1256 5209 Ἐκοιμήθη
1305 5158 1323 5191 ι
1357 5138 1488 5211 γὰρ,
1516 5139 1667 5209 φησὶ,
1702 5158 1720 5189 ι
1761 5138 1897 5209 μετὰ

333 5231 431 5285 τῶν
462 5231 713 5304 πατέρων
738 5231 931 5285 αὑτοῦ·
976 5248 993 5281 ι
1030 5232 1143 5295 καὶ,
1174 5249 1191 5281 ι
1223 5230 1397 5285 Πολλὰ
1426 5234 1657 5302 σώματα
1678 5230 1784 5284 τῶν
1810 5246 1900 5283 κε-

334 5323 670 5395 κοιμημένων
702 5323 871 5392 ἁγίων
898 5324 1208 5396 ἠγέρθησαν
1259 5326 1338 5389 είς
1379 5325 1478 5396 τὴν
1506 5323 1668 5391 ἁγίαν
1709 5322 1886 5388 πόλιν,

332 5414 417 5469 καὶ
447 5415 876 5485 ἐνεφανίσθησαν
922 5415 1170 5479 πολλοῖς·
1216 5435 1234 5468 ι
1277 5416 1393 5481 καὶ,
1432 5436 1450 5468 ι
1504 5415 1641 5469 Νυνὶ
1670 5414 1727 5469 δὲ
1760 5415 1890 5485 ἐγή-

332 5522 513 5577 γερται
545 5507 778 5577 Χριστος
815 5508 879 5560 ἐκ
902 5507 1132 5578 νεκρῶν,
1170 5508 1391 5581 ἀπαρχὴ
1415 5509 1522 5563 τῶν
1555 5507 1889 5581 κεκοιμημέ-

2012 3226 2175 3296 552
2213 3228 2438 3289 timebo,
2475 3225 2689 3280 etiamsi
2724 3225 2912 3279 decem
2962 3226 3128 3279 millia
3176 3229 3354 3295 p0puli
3406 3230 3584 3283 insur-

2012 3326 2137 3386 gant
2176 3317 2463 3370 adversum
2498 3330 2605 3370 me.
2643 3317 2735 3370 Sic
2764 3318 2883 3371 sine
2914 3315 3018 3369 ulla
3062 3318 3135 3381 vi,
3186 3333 3306 3387 qua:
3346 3334 3583 3391 sequun-

2016 3416 2106 3461 tur
2136 3407 2468 3461 videbuntur
2494 3408 2701 3462 servari
2731 3423 2745 3471 ;
2797 3416 2852 3460 et
2888 3405 3002 3460 ha‘c
3050 3408 3290 3476 quidem,
3320 3422 3580 3479 quantum

2011 3500 2075 3555 ad
2112 3501 2345 3555 litteram
2385 3501 2602 3567 attinet,
2652 3500 2984 3554 arbitramur
3028 3502 3309 3571 explicari,
3354 3504 3446 3557 sed
3494 3519 3583 3557 se-

2010 3591 2247 3645 cundum
2301 3592 2601 3661 spiritalem
2654 3608 2873 3649 sensum
2931 3609 2995 3648 ex
3060 3610 3292 3664 persona
3362 3594 3578 3648 Domini

2008 3682 2139 3747 dici,
2173 3684 2266 3753 qui
2301 3684 2579 3754 propriam
2623 3698 2775 3738 suam
2830 3686 3219 3740 dormitionem
3272 3695 3477 3749 narrat,
3526 3693 3583 3740 et

2007 3791 2259 3830 somnum
2292 3790 2451 3844 quem
2506 3782 2751 3843 tempore
2786 3776 3058 3841 passionis
3108 3775 3319 3829 habuit.
3360 3775 3578 3845 Expen-

2007 3867 2202 3921 damus
2221 3875 2404 3920 autem
2438 3865 2587 3935 prius
2623 3866 2972 3921 dormitionis
2998 3866 3291 3921 discrimen
3319 3875 3375 3921 et
3398 3868 3575 3921 somni

2005 3958 2302 4014 secundum
2339 3956 2574 4012 litteram
2601 3958 2831 4027 accepti.
2879 3957 3143 4012 Dormitio
3173 3968 3255 4012 est
3282 3972 3379 4012 ceu
3408 3957 3578 4013 silen-

2007 4051 2141 4105 tium
2196 4051 2262 4105 de
2307 4064 2415 4119 quo
2459 4049 2657 4104 Paulus
2696 4050 2770 4103 ait
2798 4049 2881 4103 "z
2923 4066 2941 4099 ι
2978 4048 3179 4104 Omnes
3219 4048 3584 4115 dormiemus,

2004 4144 2098 4199 sed
2128 4158 2232 4197 non
2253 4140 2908 4206 omnesimmutabimur;
2948 4160 2967 4194 ι
3004 4156 3228 4196 somnus
3263 4151 3347 4195 est
3377 4142 3576 4196 anima

2011 4232 2260 4286 remissio
2291 4247 2320 4285 a
2352 4245 2583 4301 corpore
2611 4231 2885 4295 relaxatae,
2926 4240 2979 4285 et
3012 4232 3371 4286 intensionem
3397 4232 3575 4286 seclu-

2006 4322 2206 4385 deutis,
2249 4322 2393 4391 quod
2424 4321 2820 4377 indesinentem
2854 4332 3099 4378 tenorem
3136 4338 3243 4377 non
3273 4323 3435 4378 ferat.
3462 4322 3575 4379 lloc

2003 4411 2294 4465 discrimen
2347 4412 2399 4465 in
2447 4411 2548 4466 Job
2603 4422 2856 4481 putamus
2908 4413 3049 4467 tradi
3101 4413 3184 4467 his
3232 4413 3412 4468 verbis
3465 4414 3510 4444 ⁷⁷
3553 4428 3570 4468 :

2010 4518 2028 4551 ι
2062 4500 2212 4555 Nunc
2253 4502 2439 4569 utique
2475 4503 2748 4557 dormiens
2796 4504 3157 4573 quiescerem,
3212 4512 3267 4557 et
3319 4519 3569 4558 somnum

2002 4592 2224 4661 capiens
2281 4592 2690 4662 requiescercm
2740 4610 2863 4648 cum
2931 4598 3187 4661 regibus,
3245 4596 3574 4649 consiliariis

2001 4693 2178 4739 terrae.
2212 4704 2231 4738 ι
2280 4683 2427 4755 Opus
2485 4698 2665 4741 autem
2719 4688 2874 4743 nobis
2925 4686 3028 4741 fuit
3058 4687 3375 4742 discrimine
3418 4687 3564 4755 quod

1995 4783 2080 4828 est
2114 4775 2277 4839 inter,
2324 4794 2342 4825 ι
2376 4777 2638 4840 dormire,
2676 4796 2694 4827 ι
2722 4786 2796 4844 et,
2828 4795 2847 4827 ι
2884 4791 3133 4830 somnum
3186 4791 3410 4845 capere,
3447 4792 3467 4827 ι
3509 4786 3569 4829 ιιι

1999 4864 2367 4936 intelligamus
2425 4868 2698 4937 quomodo
2756 4868 2807 4922 id
2870 4869 2923 4922 in
2994 4866 3278 4921 Salvatore
3352 4867 3566 4920 ostendi

1997 4960 2180 5021 queat.
2235 4954 2382 5007 Solet
2434 4956 2579 5008 enim
2648 4954 2717 5008 ab
2772 4956 2876 5009 hac
2926 4955 3035 5008 vita
3088 4954 3268 5009 exitus
3316 4954 3570 5009 dormitio

1997 5046 2125 5110 dici,
2162 5046 2457 5115 aliquando
2488 5046 2651 5100 etiam
2704 5060 2961 5100 somnum
3009 5044 3271 5113 appellari
3320 5044 3573 5097 memini-

1998 5154 2140 5193 mus.
2174 5157 2192 5189 ι
2229 5137 2495 5192 Dormivit
2524 5156 2543 5188 ι
2575 5136 2743 5201 enim,
2797 5136 2968 5204 inquit
2998 5135 3065 5199 ⁷⁸,
3105 5155 3122 5185 ι
3148 5150 3269 5190 cum
3326 5133 3571 5204 patribus

1998 5229 2147 5295 suis;
2188 5247 2206 5279 ι
2242 5238 2297 5283 et
2328 5231 2373 5261 "
2404 5245 2420 5284 :
2460 5246 2478 5279 ι
2514 5228 2681 5282 Multa
2718 5242 2947 5297 corpora
2974 5235 3288 5281 sanctorum
3316 5226 3408 5293 qui
3441 5224 3569 5279 dor-

1996 5322 2248 5386 mierant,
2300 5329 2715 5377 resurrexeront
2767 5320 2820 5375 in
2864 5328 3108 5375 sanctam
3163 5318 3461 5383 civitatem,
3502 5323 3568 5383 et

1997 5425 2365 5483 apparuerunt
2403 5414 2609 5471 multis.
2647 5433 2666 5467 ι
2704 5415 2810 5469 Et:
2856 5432 2874 5465 ι
2907 5411 3227 5467 Resurrexit
3255 5408 3502 5462 Christus
3535 5422 3565 5459 a

1997 5502 2251 5569 mortuis,
2292 5503 2543 5573 primitiae
2572 5504 3003 5569 dormientium;
3047 5519 3067 5554 ι
3114 5508 3169 5556 et
3219 5499 3266 5531 “
3292 5518 3335 5556 ει
3358 5498 3561 5554 Omnes

392 5622 433 5653 “
458 5621 700 5685 Provux,
725 5623 777 5675 4.
852 5624 897 5655 ⁷⁸
928 5622 1069 5678 Psal.
1103 5639 1217 5689 xu,
1241 5624 1293 5679 7.
1364 5626 1409 5657 ⁷⁸
1430 5625 1448 5679 Ι
1470 5624 1597 5680 Cor.
1623 5640 1715 5692 xv,
1738 5624 1830 5689 ευ,
1862 5622 1907 5678 51

2030 5621 2074 5654 ⁷⁷
2098 5618 2218 5678 Job.
2244 5637 2326 5677 ιιι.
2402 5622 2449 5656 ⁷⁸
2474 5622 2611 5681 Gen.
2643 5637 2812 5690 ιιινιι,
2838 5621 2929 5676 50.
2987 5614 3241 5671 "Matth.
3268 5625 3440 5680 xxvii,
3465 5610 3559 5670 5i.

336 5692 375 5724 '°
399 5694 416 5744 l
439 5692 564 5745 Cor.
605 5709 690 5755 xv,
714 5693 803 5747 20.

394 5802 497 5871 (86)
536 5801 725 5871 Ἡμεῖς
752 5802 868 5873 μὲν
899 5803 1219 5874 ἡγούμεθα,
1250 5810 1356 5859 etc.
1390 5802 1649 5861 Indidem.
