4058 6244
460 360 601 418 H27

1837 349 1924 404 EX
1963 347 2052 403 Oli
2064 344 2264 402 lGE‘NE

3611 355 3742 408 ιιεςς

462 477 812 532 dormietuus.
857 497 874 526 ι
926 474 1162 527 Somnus
1207 473 1371 526 etiam
1411 471 1746 541 appellatur,
1786 469 2027 538 quando.

2133 485 2269 521 νων·
2314 490 2329 520 ι
2371 472 2482 533 καὶ,
2531 492 2546 521 ι
2591 473 2792 534 Πάντες
2835 471 3313 542 κοιμηθησόμεθα·
3383 493 3399 520 ι
3449 472 3631 522 ὕπνον
3667 473 3743 530 ἑὲ.

459 571 674 638 quidem
733 567 871 619 idem
934 573 1017 619 est
1077 565 1340 627 dormire,
1396 577 1458 614 ac
1512 577 1761 615 souuuun
1812 574 2030 626 capere.

463 681 480 712 ι
518 658 672 712 Multi
713 658 780 712 dc
810 657 895 710 his
936 657 1025 724 qui
1073 669 1324 710 somnum
1358 653 1582 721 capiunt
1623 654 1676 705 in
1726 661 1884 704 terra:
1915 650 2035 719 pul-

456 763 605 810 vere,
641 745 1074 815 evlgilabunt“.
1117 764 1133 796 ι
1184 744 1285 810 Qui
1337 743 1488 798 locus
1541 739 1902 796 conlerendus
1951 748 2036 794 est

457 859 580 896 cum
631 842 699 896 iis
750 856 870 910 qua:
921 840 1062 893 dicta
1095 846 1222 891 sunt
1267 837 1332 890 de
1367 834 1575 891 sanctis
1613 834 2030 888 dormientibus.

456 934 660 987 Prazter
687 934 889 986 exitum
927 945 991 983 ex
1027 930 1129 984 hac
1154 929 1285 989 vita,
1318 927 1583 996 signiﬁcat
1609 926 1770 980 etiam
1811 939 2034 978 somnus

464 1037 736 1092 torporem
777 1023 989 1085 animae,
1027 1035 1148 1072 cttm
1196 1018 1428 1070 attentio
1477 1017 1755 1086 vigilantia
1799 1017 2030 1071 dicatur.

466 1111 666 1168 Voleus
721 1113 867 1164 enim
911 1126 1006 1163 nos
1054 1110 1270 1162 divinus
1293 1122 1472 1160 sermo
1513 1121 1541 1158 a
1571 1117 2031 1175 torpore.arcerc,

463 1209 537 1260 ait
565 1207 610 1236 η’
643 1222 656 1259 :
711 1224 728 1254 ι
767 1203 842 1258 Ne
871 1203 967 1254 des
996 1199 1172 1253 oculis
1215 1196 1323 1252 tuis
1373 1211 1645 1262 somnum,
1678 1206 1733 1251 et
1763 1179 2033 1267 palpebris

462 1298 571 1350 tuis
595 1292 1056 1353 dormitationem,
1091 1299 1147 1342 ut
1189 1297 1444 1356 tanquam
1483 1285 1702 1340 damula
1735 1289 1972 1342 serveris
2002 1301 2029 1340 a

456 1385 690 1454 laqueis,
743 1394 796 1436 et
845 1392 1102 1449 tanquam
1151 1379 1268 1432 aris
1300 1393 1329 1430 ιι
1365 1388 1498 1432 rete.
1544 1397 1562 1429 ι
1622 1377 1689 1431 Ει
1744 1378 2033 1432 ostendere

456 1480 648 1535 roleus
681 1477 950 1544 Propheta
987 1483 1258 1542 torporem
1283 1481 1336 1525 et
1364 1472 1651 1538 segnitiem
1685 1480 2030 1542 peccatorum

456 1573 532 1624 ait
559 1569 604 1599 ⁸³
641 1588 653 1622 :
711 1587 728 1618 ι
783 1567 1131 1620 Dormicruut
1166 1579 1419 1618 somnum
1454 1575 1634 1624 suum,
1689 1569 1743 1614 et
1790 1561 1920 1614 nihil
1955 1560 2030 1612 itt-

453 1667 740 1713 veueruut.
793 1677 810 1708 ι
865 1656 929 1709 Et
980 1657 1108 1709 illud
1147 1656 1216 1720 ⁸⁵,
1267 1673 1286 1706 ι
1345 1656 1518 1723 Surge
1562 1653 1655 1721 qui
1708 1651 1936 1714 dormis,
1980 1659 2034 1704 et

452 1765 682 1820 exsurge
733 1763 762 1802 a
812 1749 1062 1813 mortuis,
1107 1756 1160 1802 et
1215 1747 1494 1801 illucescet
1535 1745 1630 1798 tibi
1685 1743 1954 1796 Christus.
2006 1755 2026 1792 ι

453 1839 591 1895 lluic
635 1855 824 1895 somno
856 1840 945 1907 qui
985 1838 1115 1892 nihil
1147 1837 1292 1891 aliud
1335 1846 1418 1890 est
1462 1851 1622 1904 quam
1657 1845 1862 1902 torpor,
1901 1847 2032 1886 ana-

452 1933 590 2001 logia
639 1931 868 2001 quadam
916 1930 1203 1998 respondet
1251 1927 1567 1982 dormitatio
1625 1927 1822 1979 animae
1870 1937 2030 1993 quam

455 2023 701 2095 prohibet
757 2021 1061 2084 Salomon,
1117 2021 1316 2074 docens
1362 2035 1469 2074 non
1534 2035 1787 2074 somnum
1856 2016 2030 2071 solum

455 2114 746 2169 arcemlum
772 2128 893 2167 esse
917 2110 984 2166 ab
1011 2113 1210 2174 oculis,
1236 2111 1331 2166 sed
1363 2113 1528 2164 etiam
1571 2111 2030 2165 dormitationem.

453 2207 590 2273 Quin
623 2216 678 2259 et
698 2203 983 2258 Psalmista
1039 2204 1089 2256 in
1138 2203 1469 2269 vituperitun
1515 2203 1796 2271 accipiens
1831 2201 2034 2256 dormi-

453 2298 672 2352 talionis
721 2311 938 2358 nomen,
994 2296 1069 2348 ait
1105 2296 1152 2328 ”
1192 2311 1208 2349 τ
1262 2313 1280 2347 ι
1330 2294 1781 2349 Dorutitavcrnnt
1838 2307 2030 2348 omnes

448 2392 538 2458 qui
569 2389 939 2441 ascenderunt
972 2401 1159 2455 cquos.
1192 2406 1210 2440 ι
1253 2387 1495 2440 Dicimus
1527 2399 1656 2457 ergo
1685 2386 2024 2442 Salvatorcm

447 2490 689 2534 rostrum
721 2477 902 2532 Jesum
931 2478 1226 2542 Christum,
1256 2476 1475 2546 quando
1507 2489 1852 2530 communem
1883 2491 2030 2529 mor-

447 2581 556 2626 tetu
585 2586 686 2640 pro
721 2571 878 2623 nobis
905 2569 1184 2633 sustinuit,
1205 2580 1331 2622 tunc
1363 2569 1674 2632 dormiisse,
1707 2578 2020 2637 soporatum

443 2675 575 2716 vero
605 2660 792 2720 fuisse,
823 2675 946 2712 cum
972 2660 1149 2711 anima
1188 2659 1307 2728 ejus
1335 2674 1362 2710 a
1391 2673 1620 2727 corpore
1646 2667 1893 2726 separata
1923 2667 2025 2711 est.

449 2753 911 2823 Quemadmodum
964 2751 1107 2804 enim
1135 2751 1227 2819 qui
1257 2765 1506 2804 somnum
1537 2749 1780 2816 capiunt,
1811 2747 2029 2816 jacente

447 2858 679 2914 corpore
713 2854 1007 2912 operantur
1047 2843 1343 2895 secundum
1391 2849 1648 2906 tuentem,
1685 2839 2029 2910 imaginatio-

451 2937 610 2990 uibus
648 2937 971 3006 quibusdam
1017 2936 1432 2988 occursantibus
1464 2933 1738 2998 obsecuti,
1773 2944 1827 2988 et
1863 2943 2028 3001 agunt

449 3027 649 3096 aliquid
684 3027 889 3095 absque
916 3026 1026 3080 ullo
1049 3026 1293 3094 corporis
1321 3027 1643 3090 ministerio,
1667 3042 1774 3096 quo
1808 3041 1912 3080 non
1943 3027 2026 3079 itt-

2136 560 2321 631 ἐπειδὴ
2356 563 2548 615 ταυτόν
2582 565 2698 616 ἐστι
2731 565 2794 616 τὸ
2829 564 3112 616 καθεύδειν
3143 564 3221 633 τῷ
3257 561 3492 615 ὑπνοῦν·
3541 581 3560 612 ι
3608 563 3743 616 Ilo).-

2135 650 2216 703 λοὶ
2241 652 2350 704 τῶν
2377 653 2744 708 καθευδόντων
2778 657 2835 708 ἐν
2863 654 2967 726 γῆς
2997 656 3212 726 χώματι
3243 655 3686 724 ἀναστήσονται.
3722 674 3739 704 ι

2136 743 2460 815 Συγκριτέον
2487 744 2541 798 δὲ
2574 749 2687 810 τοῖς
2717 747 3030 817 λεγομένοις
3072 747 3502 818 κεκοιμημένων
3539 748 3741 814 ἁγίων.

2137 834 2398 905 Σημαίνει
2437 835 2686 907 μέντοιγε
2723 839 2816 891 καί⁵
2851 839 2880 891 ὁ
2908 838 3074 902 ὕπνος
3109 839 3276 910 χωρὶς
3313 839 3416 908 τῆς
3460 839 3614 892 κατὰ
3644 839 3744 908 τὴν

2135 926 2310 992 ἔξοδον
2336 927 2430 980 τοῦ
2456 926 2573 997 βίου
2598 927 2695 999 τὴν
2716 928 3047 996 ἀπροσεξίαν
3076 929 3175 998 τῆς
3192 919 3400 998 tiara?
3433 930 3538 996 τῆς
3562 943 3744 997 1:90:-

2134 1019 2267 1090 οκῆς
2317 1021 2738 1090 ὲγρηγορήσεως
2789 1021 3150 1091 καλουμένης.
3197 1019 3576 1072 Φυλάττεσθαι
3630 1019 3741 1089 γάρ

2133 1112 2282 1181 ἡμᾶς
2313 1111 2410 1180 τὴν
2440 1110 2766 1180 ἀπροσεξίαν
2799 1110 3121 1180 βουλόμενος
3146 1111 3174 1162 ὁ
3202 1109 3344 1172 θεῖος
3375 1109 3543 1175 λόγος
3577 1111 3738 1178 ’,ξ-τισί·

2141 1222 2158 1253 ι
2204 1203 2295 1274 Μὴ
2325 1203 2429 1273 δῷς
2463 1203 2631 1256 ὕπνον
2668 1205 2778 1266 σοῖς
2807 1203 3038 1274 ὄμμασι,
3079 1203 3213 1274 μηδὲ
3253 1201 3576 1270 νυσταγμὸν
3627 1204 3742 1262 σοῖς

2137 1294 2444 1366 βλεφάροις,
2473 1295 2560 1347 ἵνα
2610 1292 2756 1368 σώζῃ
2788 1293 2977 1366 ῶσπερ
3004 1295 3202 1364 δορκάς
3245 1294 3308 1346 ἐκ
3349 1293 3608 1364 βρόχων,
3646 1289 3742 1345 καὶ

2133 1386 2324 1459 ῶσπερ
2353 1387 2536 1457 ὄρνεον
2569 1388 2632 1439 ἐκ
2676 1386 2920 1454 παγίδος.
2973 1405 2990 1438 ι
3029 1389 3140 1440 Καὶ
3179 1384 3510 1455 βουλόμενος
3548 1401 3740 1454 παρα-

2137 1479 2332 1549 στῆσαι
2377 1478 2437 1532 τὸ
2478 1477 2674 1548 χαῦνον
2723 1480 2820 1532 καὶ
2853 1477 3135 1548 ἀνειμένον
3181 1477 3288 1529 τῶν
3319 1475 3683 1546 ἁμαρτωλῶν
3715 1477 3743 1526 ὁ

2135 1571 2429 1642 Προφήτης
2463 1568 2646 1639 φησίνυ
2679 1587 2697 1617 ι
2731 1568 3025 1620 ’Ύπνωσαν
3061 1566 3224 1618 ὕπνον
3247 1565 3450 1627 αὐτῶν,
3494 1566 3594 1616 καὶ
3639 1565 3743 1633 οὐχ

2135 1657 2290 1731 εὗρον
2335 1661 2523 1713 οὐδέν·
2577 1680 2594 1712 ι
2635 1660 2727 1714 καὶ
2771 1659 2850 1721 τὸ,
2907 1679 2924 1710 ι
2974 1660 3195 1728 Ἔγειρε
3228 1661 3254 1712 ὁ
3286 1656 3607 1717 καθεύδων,
3645 1656 3744 1708 καὶ

2137 1754 2341 1806 ἀνάστα
2384 1754 2447 1804 ὲκ
2490 1752 2598 1806 τῶν
2649 1751 2879 1823 νεκρῶν,
2927 1752 3020 1804 καὶ
3064 1749 3352 1818 ἐπιφαύσει
3390 1765 3472 1801 σοι
3528 1750 3560 1800 ὁ
3595 1749 3746 1817 X9:-

2139 1845 2278 1906 στος.
2332 1861 2350 1894 ι
2407 1843 2691 1918 Ἀνάλογον
2730 1843 2786 1895 δὲ
2813 1841 2891 1911 τῷ
2923 1839 3075 1911 ὕπνῳ
3104 1839 3181 1910 τῷ
3211 1838 3350 1892 κατὰ
3383 1837 3487 1907 τὴν
3528 1839 3749 1907 ἀπροτ-

2133 1933 2279 1998 εξίαν
2331 1934 2445 1987 ἐστὶ
2474 1933 2783 2005 νυσταγμὸς
2819 1932 2996 2002 ψυχῆς
3034 1930 3092 1984 δν
3132 1931 3460 2001 ἀπαγορεύει
3499 1931 3532 1982 ὁ
3569 1929 3746 1982 Σολο-

2136 2027 2276 2096 μῶν,
2306 2027 2365 2078 ού
2401 2026 2558 2096 μόνον
2593 2026 2758 2080 ὕπνον
2788 2025 3054 2078 διδάσκων
3085 2023 3232 2093 ἡμᾶς
3266 2021 3340 2092 μὴ
3367 2021 3584 2073 διδόναι
3620 2024 3744 2082 τοῖς

2131 2116 2395 2186 ὄμμασιν,
2423 2115 2560 2169 ἀλλά
2598 2116 2691 2168 καὶ
2718 2115 3046 2184 νυσταγμόν.
3079 2113 3184 2164 Καὶ
3212 2111 3482 2174 αὐτὸςδὲὸ
3516 2116 3745 2180 ’Υξινῳ-

2133 2206 2242 2269 δὸς,
2261 2207 2352 2258 ἐπὶ
2372 2206 2541 2275 ψόγου
2561 2205 2773 2258 τάσσων
2786 2206 2847 2258 τὸ
2870 2205 2962 2258 τοῦ
2981 2201 3289 2274 νυσταγμοῦ
3304 2202 3501 2271 ὄνομα,
3534 2202 3736 2270 ἓξησὶνο

2140 2316 2158 2348 ι
2212 2296 2538 2364 Ἐνύσταξαν
2573 2298 2770 2360 πάντες
2794 2299 2842 2350 οἱ
2870 2294 3256 2365 ἐπιϐεϐηκότες
3283 2294 3412 2354 τοὺς
3437 2293 3669 2355 ἵππους.
3709 2312 3729 2342 ι

2131 2390 2311 2461 Φαμὲν
2343 2391 2521 2443 τοίνυν
2550 2390 2642 2443 τὸν
2693 2390 2869 2442 κοινὸν
2903 2389 3132 2441 θάνατον
3161 2387 3220 2439 δν
3267 2386 3548 2438 ἀπέθανεν
3585 2385 3731 2454 ὑπὲρ

2131 2482 2288 2554 ἡμῶν
2321 2481 2648 2552 κοιμηθῆναι
2671 2479 2760 2533 τὸν
2789 2481 3015 2551 Σωτῆρα
3037 2479 3190 2550 ἡμῶν
3227 2477 3432 2550 Ἰησοῦν
3468 2477 3563 2530 τὸν
3590 2478 3730 2548 Χρι-

2133 2574 2280 2641 στὸν,
2323 2571 2569 2627 ὑπνῶσαι
2602 2572 2678 2637 δὲ,
2715 2571 3077 2643 χωρισθείσης
3105 2571 3204 2641 τῆς
3243 2569 3425 2640 ψυχῆς
3472 2569 3584 2622 ἀπὸ
3625 2569 3723 2621 τοῦ

2133 2659 2403 2732 σώματος.
2441 2659 2708 2731 Καθάπερ
2746 2659 2855 2730 γὰρ
2891 2661 2938 2712 οἱ
2983 2657 3274 2722 ὑπνοῦντες
3315 2659 3573 2728 κειμένου
3621 2658 3721 2710 τοῦ

2134 2752 2383 2824 σώματος
2399 2751 2676 2825 ἐνεργοῦσι
2703 2751 2843 2805 κατά
2859 2751 3054 2822 ψυχὴν,
3081 2751 3402 2820 φαντασίαις
3421 2753 3531 2803 τισί
3547 2769 3718 2822 προσο

2129 2846 2460 2910 πιπτούσαις
2500 2845 2785 2916 ἑπόμενοι,
2833 2845 2928 2898 καὶ
2975 2843 3272 2914 πράττουσί
3310 2859 3361 2895 τι
3407 2844 3527 2895 κατ’
3561 2843 3713 2896 οὐδὲν

2127 2938 2221 2995 τοῦ
2269 2941 2521 3012 σώματος
2574 2941 2847 3011 δεόμενοιο
2897 2937 2988 2992 τὸν
3033 2937 3194 2990 αὐτὸν
3241 2936 3438 3007 τρόπον
3482 2937 3580 2988 οὐκ
3627 2939 3711 2999 είς

2131 3035 2306 3088 πάντα
2333 3031 2431 3102 τῆς
2467 3031 2672 3094 εἰκόνος
2704 3027 3126 3101 ὲξομοιουμένης
3159 3027 3334 3098 τούτῳ
3365 3022 3418 3080 οὗ
3442 3029 3589 3078 ἐστιν
3619 3030 3699 3078 εξα

448 3122 664 3190 uigent;
695 3117 854 3190 553
889 3117 985 3183 sic,
1029 3119 1152 3174 licet
1202 3120 1254 3173 in
1286 3120 1540 3174 omnibus
1572 3135 1677 3172 non
1730 3120 1926 3173 similis
1951 3121 2023 3173 sit

2133 3125 2259 3188 κὼν,
2294 3123 2408 3177 ἀλλ’
2443 3123 2529 3176 ἵνα
2559 3120 2773 3193 δηλωθῇ
2820 3123 2852 3192 ἡ
2892 3120 3138 3192 ἐνέργεια
3173 3121 3205 3189 ἡ
3239 3118 3394 3189 χωρὶς
3421 3115 3683 3185 σώματος.

450 3212 628 3278 imago
659 3210 705 3264 ei
737 3209 892 3276 cujus
915 3219 997 3262 est
1029 3209 1226 3277 imago,
1262 3218 1635 3261 verumtamen
1667 3217 1724 3260 ιιι
1759 3212 1876 3262 sine
1900 3223 2025 3260 cor-

448 3315 578 3370 pore
609 3301 786 3353 anima
823 3315 940 3368 qua!
979 3301 1045 3353 ab
1085 3299 1200 3366 ipso
1246 3309 1498 3368 separata
1529 3307 1636 3362 est,
1675 3307 1728 3351 et
1782 3311 2028 3351 somnum

451 3394 614 3462 capit,
657 3394 977 3447 ostendatur
1023 3391 1261 3458 operari,
1303 3402 1585 3460 postquam
1639 3391 1845 3445 dictum
1894 3399 1974 3444 est
2010 3405 2026 3442 :

453 3504 472 3536 ι
524 3485 635 3554 Ego
671 3483 924 3545 dormivi,
964 3501 980 3534 ι
1007 3483 1244 3545 additur,
1277 3499 1295 3532 ι
1331 3490 1384 3535 et
1415 3490 1702 3550 soporatus
1735 3495 1872 3534 sum.
1906 3499 1923 3532 ι
1967 3480 2029 3534 Et.

449 3576 575 3642 quid
613 3574 809 3626 mirum
862 3574 906 3626 si
937 3570 1198 3639 ejusmodi
1244 3585 1466 3625 somnus
1508 3573 1561 3624 in
1597 3571 1878 3624 Salvatore
1922 3587 2024 3624 non

451 3665 675 3718 omnino
709 3665 903 3717 anima:
935 3661 1104 3716 otium
1141 3662 1263 3726 fuit,
1303 3661 1394 3717 sed
1423 3662 1654 3717 cessatio
1681 3662 1923 3730 quaedam
1961 3663 2026 3716 ab

447 3771 548 3810 usu
593 3756 840 3824 corporei
883 3754 1407 3823 ittstrumcnti‘IIpsa
1452 3753 1652 3807 etenim
1693 3768 1788 3820 per
1827 3766 1886 3806 se
1930 3767 2026 3806 sua

448 3861 672 3901 munera
725 3847 862 3910 obit,
915 3845 1350 3915 quandoquidem
1409 3845 1606 3900 idem:
1654 3840 1790 3898 Jobo
1821 3843 2022 3897 dictum

445 3940 771 3994 ostenditur.
796 3957 814 3989 ι
839 3938 1014 4006 Quare
1039 3956 1056 3988 ι
1076 3938 1241 4002 enim,
1264 3935 1562 4004 inquit",.t
1583 3949 1687 3989 non
1707 3951 1770 3988 cx
1790 3943 1944 3988 utero
1974 3933 2023 3985 in

448 4041 857 4086 monumentum
893 4032 1000 4084 abii
1026 4029 1219 4084 ?Nunc
1249 4031 1435 4096 utique
1459 4028 1734 4082 dormiens
1772 4027 2025 4095 quiesce-

450 4138 582 4185 rem,
620 4137 868 4174 somnum
895 4131 1075 4173 autem
1110 4120 1332 4185 capiens
1364 4119 1761 4186 requiescerent
1791 4132 1913 4170 cum
1941 4129 2027 4167 re-

448 4216 602 4283 gibus
625 4255 637 4275 ,
675 4213 1007 4268 consiliariis
1042 4224 1232 4277 torrat,
1271 4211 1363 4280 qui
1409 4209 1784 4280 gloriabantur
1813 4209 1865 4260 in
1902 4206 2023 4276 sla-

448 4305 573 4366 diis,
604 4313 697 4358 aut
739 4320 859 4358 cmn
906 4303 1241 4375 principibus
1269 4303 1468 4373 quibus
1513 4301 1737 4354 multum
1780 4299 1880 4354 fuit
1925 4315 2024 4352 an-

450 4413 590 4449 rtun.
631 4415 649 4447 ι
683 4393 792 4450 Νἰεὶ
839 4397 986 4450 enim
1021 4395 1257 4465 aliquam
1294 4397 1489 4450 animae
1540 4393 1908 4461 operationem
1943 4392 2025 4445 in-

451 4487 716 4556 telligeret
759 4489 810 4540 in
859 4501 964 4556 qua
1014 4487 1280 4541 bonorum
1341 4484 1699 4552 quorumdam
1750 4482 2021 4550 particeps
2056 4479 2102 4534 ι)

450 4578 642 4633 ell'et-ta
675 4621 690 4644 ,
727 4595 850 4632 cum
890 4579 1038 4633 hisce
1082 4577 1471 4646 requiesceret,
1513 4591 1618 4630 non
1652 4575 1838 4643 utique
1876 4574 2021 4628 dice-

453 4684 532 4727 ret
564 4689 576 4725 :
603 4691 621 4724 ι
669 4672 929 4726 Somnum
958 4671 1175 4740 capiens
1203 4671 1595 4735 requiesceretn
1629 4682 1750 4720 cum
1785 4665 2019 4736 regibus,

451 4766 778 4820 consiliariis
811 4775 989 4828 terr:e,
1027 4761 1118 4833 qui
1167 4759 1535 4832 gloriabantur
1568 4760 1618 4812 itt
1655 4757 1866 4828 gladiis.
1907 4776 1924 4808 ι
1959 4755 2021 4810 Hi

453 4869 634 4912 autem
663 4859 834 4911 sancti
863 4854 1064 4908 fuerint
1094 4852 1309 4922 pietatis
1339 4851 1534 4905 milites
1565 4851 1654 4919 qui
1689 4849 1853 4902 verbo
1877 4849 2022 4902 muni

451 4954 632 5020 gladio
672 4950 891 5021 ancipiti
919 4950 1165 5005 acutiore
1213 4955 1436 5001 utuntur
1473 4955 1661 5000 contra
1693 4957 1908 4998 onmem
1941 4956 2026 4994 ve-

453 5045 630 5099 ritatis
673 5044 1067 5098 adversarium.
1111 5039 1393 5109 Principes
1440 5040 1633 5110 quibus
1684 5039 1912 5092 tunltmn
1942 5047 2024 5093 est

451 5154 662 5203 aurum,
699 5137 733 5192 ii
759 5147 920 5192 erunt
943 5137 1034 5206 qui
1065 5135 1248 5190 multis
1274 5134 1610 5203 praecellunt,
1641 5141 1696 5187 et
1733 5131 1850 5185 ideo
1879 5132 2024 5200 priu-

451 5232 598 5298 («ipes
636 5231 836 5295 vocati,
879 5227 930 5282 in
972 5225 1525 5296 contemplationilms
1565 5234 1616 5277 et
1655 5221 2025 5289 speculationi-

454 5322 550 5374 lwus
587 5319 838 5375 veritatis
867 5320 1066 5374 divites
1098 5329 1250 5374 sunt.
1289 5316 1434 5370 Nihil
1461 5331 1588 5384 ergo
1621 5316 1814 5367 mirum
1844 5313 2026 5366 Salva-

452 5419 620 5462 lorem
646 5408 826 5464 dicere
858 5428 871 5465 :
911 5428 929 5461 ι
965 5407 1196 5464 Dormivi
1221 5417 1274 5461 et
1307 5414 1587 5476 soporatus
1620 5413 1757 5467 Sum,
1791 5404 2026 5471 tquippe

455 5501 548 5557 qui
581 5501 645 5551 ad
697 5501 1000 5553 animarum
1039 5499 1265 5554 salutem
1301 5498 1451 5567 plura
1486 5496 1654 5563 egerit
1688 5505 1753 5548 eo
1785 5503 2026 5562 tempore

451 5603 558 5657 quo
585 5605 614 5642 a
655 5605 881 5659 corpore
927 5601 1206 5662 separatus
1233 5602 1335 5654 est,
1367 5587 1820 5659 quemadmodum
1855 5587 1907 5640 in
1943 5602 2027 5637 ca-

524 5709 568 5740 ⁸¹
599 5708 733 5760 Itan.
769 5725 870 5773 xu,
899 5709 955 5763 2.

457 5778 542 5843 15,
597 5779 679 5842 Η,
713 5779 791 5833 l5.

1044 5711 1089 5744 ⁸⁸
1116 5710 1275 5767 Prov.
1308 5725 1381 5775 Vt,
1417 5709 1468 5762 4.

1570 5708 1616 5739 ⁸³
1647 5706 1790 5762 Psal.
1823 5719 1986 5772 uxr,
2017 5704 2069 5758 6.

2130 3215 2228 3288 τῆς
2273 3215 2450 3286 ψυχῆς
2500 3215 2600 3285 τῆς
2659 3212 3072 3284 κεχωρισμένης
3133 3211 3317 3275 αὐτοῦ,
3383 3209 3470 3262 καὶ
3523 3205 3687 3276 τοῦτῳ

2132 3308 2466 3371 ὑπνωκυίας,
2532 3305 2748 3373 λέγεται
2807 3304 2946 3375 μετά
2990 3301 3068 3366 τὸ,
3120 3320 3140 3354 ‹
3175 3302 3491 3374 ἐκοιμήθην,
3545 3319 3560 3350 ι
3609 3298 3692 3360 τι,

2137 3417 2154 3450 ι
2199 3398 2445 3452 ὕπνωσα.
2487 3417 2504 3447 ι
2534 3396 2645 3448 Καὶ
2665 3397 2717 3448 τί
2739 3394 3050 3466 θαυμαστὸν
3077 3396 3126 3447 εἰ
3156 3391 3247 3446 ἐπὶ
3274 3393 3366 3446 τοῦ
3401 3393 3653 3463 Σωτῆρος
3679 3393 3708 3444 ὁ

2127 3491 2368 3553 τοιοῦτος
2390 3486 2556 3551 ὕπνος
2579 3485 2639 3541 οὺ
2668 3487 2843 3556 πάντη
2871 3483 3020 3539 ἐστὶν
3045 3484 3212 3556 ἀργία
3235 3483 3333 3555 τῆς
3358 3483 3560 3553 ψυχῆς,
3593 3484 3708 3536 ἀλλ’

2127 3584 2295 3655 ἀργία
2325 3581 2400 3646 ὡς
2431 3581 2568 3653 πρὸς
2599 3581 2658 3634 τδ
2684 3580 2900 3651 ὀργάνῳ
2924 3578 3001 3650 τῷ
3033 3577 3242 3648 σώματι
3276 3577 3545 3648 χρῆσθαις
3583 3577 3707 3630 ’ἰδία

2131 3674 2377 3744 μέντοιγε
2417 3673 2510 3725 καὶ
2541 3670 2660 3726 καθ’
2692 3671 2890 3740 ἑαυτὴν
2918 3671 3150 3741 ἐνεργεῖ,
3177 3670 3312 3723 ὅπου
3353 3671 3446 3721 καὶ
3480 3667 3585 3720 ὑπὸ
3611 3664 3707 3722 τοῦ

2140 3766 2258 3819 Ἰὼϐ
2285 3767 2344 3819 τὸ
2369 3763 2500 3819 αὐτὸ
2525 3765 2814 3834 λεγόμενον
2835 3762 3107 3834 δηλοῦται.
3141 3780 3159 3814 ι
3193 3761 3289 3816 Διά
3313 3762 3362 3815 τί
3397 3780 3414 3813 ι
3443 3761 3571 3832 γὰρ,
3597 3779 3704 3830 φηα

2129 3857 2234 3923 civ,
2281 3877 2300 3910 ι
2348 3859 2411 3910 ὲκ
2442 3854 2678 3927 γαστρὸς
2716 3855 2795 3918 είς
2827 3855 3018 3925 μνῆμα
3058 3855 3158 3907 οὐκ
3192 3855 3542 3925 ἀπηλλάγηνς
3589 3853 3706 3905 Νῦν

2126 3949 2193 4002 ἂν
2239 3947 2523 4019 κοιμηθεὶς
2578 3945 2850 4017 ἡσύχασα,
2906 3944 3161 4010 ὑπνώσας
3204 3942 3262 3998 δὲ
3311 3946 3705 4014 ἀνεπαυσάμην

2131 4041 2266 4112 μετὰ
2315 4038 2576 4110 βασιλέων
2627 4036 2927 4106 βουλευτῶν
2970 4032 3094 4106 γῆς,
3141 4038 3189 4089 οἳ
3239 4034 3572 4107 ἑγαυριῶντο
3609 4035 3703 4086 ἐπὶ

2129 4128 2325 4198 ξίφεσι,
2352 4127 2445 4180 καὶ
2489 4125 2624 4196 μετά
2648 4125 2924 4197 ἀρχόντων
2953 4118 3026 4178 ὧν
3060 4124 3224 4189 πολὺς
3253 4126 3284 4178 ὁ
3325 4125 3540 4195 χρυσός.
3587 4143 3603 4175 ι
3637 4125 3700 4178 Ei

2127 4220 2236 4292 γάρ
2266 4219 2340 4292 μὴ
2370 4221 2507 4273 ὲνόει
2541 4219 2819 4290 ὲνέργειάν
2851 4234 2971 4271 τινα
3001 4213 3136 4270 εἶναι
3167 4219 3293 4290 περὶ
3322 4218 3416 4289 τὴν
3443 4218 3615 4288 ψυχὴν
3641 4221 3701 4272 ὲν

2127 4307 2161 4386 ᾗ
2192 4311 2468 4366 ἐπαύσατο
2491 4309 2832 4379 τυγχάνουσα
2859 4307 3076 4377 ἀγαθῶν
3104 4324 3267 4361 τινων
3298 4308 3434 4378 μετά
3461 4307 3699 4369 τοιῶνδε,

2127 4403 2226 4455 οὐκ
2259 4402 2324 4456 ἂν
2363 4401 2577 4468 ἔλεγεν·
2618 4417 2639 4451 ι
2697 4395 2982 4459 ’Υπνὼσας
3017 4397 3410 4468 ἀνεπαυσάμην
3442 4396 3579 4466 μετὰ
3606 4395 3704 4464 βα-

2129 4475 2319 4545 σιλέων
2359 4486 2656 4559 βουλευτῶν
2687 4486 2813 4556 γῆς,
2839 4484 2888 4538 οἳ
2918 4467 3250 4555 ὲγαυριῶντο
3284 4487 3375 4537 ἐπὶ
3406 4485 3628 4554 ξίφεσιν.
3679 4505 3700 4534 ν

2131 4581 2252 4639 Εἶεν
2291 4584 2333 4637 δ’
2367 4581 2432 4636 ἂν
2476 4575 2620 4635 οὗτοι
2666 4580 2808 4648 ἀγιοι
2851 4578 3174 4649 στρατιῶται
3213 4577 3521 4642 θεοσεϐείας
3560 4579 3706 4649 λόγῳ

2129 4675 2208 4748 τῷ
2237 4673 2531 4746 τομωτέρῳ
2560 4672 2741 4742 πάσης
2772 4670 2873 4740 τῆς
2904 4670 3172 4740 μαχαίρας
3197 4669 3452 4740 διστόμου
3484 4670 3701 4740 χρώμε-

2131 4786 2210 4822 νοι
2242 4765 2380 4820 κατά
2425 4761 2624 4824 παντὸς
2661 4759 2754 4813 τοῦ
2800 4759 3041 4812 ἐναντίου
3081 4757 3180 4827 τῆς
3223 4757 3480 4828 ἀληθείας
3522 4759 3702 4827 λόγου.

2135 4855 2428 4931 ’Λρχοντές
2464 4871 2523 4906 τε
2565 4843 2638 4904 ὧν
2686 4850 2852 4913 πολὺς
2879 4850 2907 4902 ὁ
2951 4849 3171 4920 χρυσὸς,
3211 4849 3595 4920 ἐρμηνεύοιντο
3636 4851 3707 4903 ἂν

2131 4953 2178 5004 οἱ
2201 4950 2306 5003 τῶν
2336 4944 2540 4999 πολλῶν
2565 4941 2932 5012 διαφέροντες,
2959 4939 3210 4994 καὶκατὰ
3239 4938 3399 4993 τοῦτο
3421 4941 3703 5012 ἄρχοντες,

2133 5035 2582 5110 χρηματίζοντες,
2620 5031 2978 5094 πλουτοῦντες
3001 5032 3060 5083 ὲν
3091 5029 3412 5100 διανοήμασι
3458 5032 3552 5083 καὶ
3593 5034 3708 5096 τοῖς

2132 5130 2260 5201 περὶ
2289 5124 2543 5187 ἀληθείας
2572 5121 2908 5193 θεωρήμασι.
2947 5121 3110 5174 Οὐδὲν
3139 5117 3231 5174 οὖν
3270 5121 3582 5192 θαυμαστὸν
3611 5122 3706 5174 καὶ

2132 5221 2221 5274 τδν
2268 5217 2496 5287 Σωτῆρα
2531 5215 2741 5282 λέγειν’
2783 5230 2803 5264 ι
2859 5211 3210 5283 Ἐκοιμήθην,
3256 5213 3351 5265 καὶ
3385 5211 3629 5276 ὕπνωσα,
3676 5229 3698 5264 ι

2135 5310 2314 5380 πολλῷ
2344 5308 2508 5360 πλέον
2533 5305 2900 5378 ἐνεργήσαντα
2936 5304 3063 5376 περὶ
3096 5305 3367 5376 σωτηρίας
3394 5305 3580 5374 ψυχῶν
3610 5303 3706 5356 καὶ

2136 5402 2283 5475 παρὰ
2311 5399 2399 5453 τὸν
2422 5397 2610 5469 καιρὸν
2643 5394 2735 5449 τοῦ
2758 5395 3036 5467 χωρισμοῦ
3068 5395 3160 5448 τοῦ
3193 5395 3300 5448 ἀπὸ
3327 5395 3421 5448 τοῦ
3455 5394 3706 5464 σώματος

2135 5494 2275 5546 κατά
2304 5491 2371 5544 τὰ
2391 5488 2658 5560 λεγόμενα
2682 5489 2740 5540 ὲν
2767 5488 2833 5558 τῇ
2851 5486 3124 5557 Καθολικῇ
3153 5485 3438 5557 Ἐπιστολῇ
3462 5484 3610 5557 παρά
3627 5485 3706 5557 τῷ

2137 5586 2326 5656 Πέτρῳ
2345 5601 2357 5614 ο
2397 5602 2416 5635 ι
2462 5583 2548 5635 Ἐν
2571 5575 2616 5649 ᾧ
2641 5581 2734 5634 καὶ
2760 5583 2871 5643 τοῖς
2896 5581 2954 5633 ὲν
2979 5579 3191 5650 φυλακῇ
3223 5578 3494 5648 πνεύμασι
3517 5593 3708 5648 πορευ-

2145 5702 2190 5734 ⁸⁸
2220 5700 2414 5770 Epltes.
2440 5713 2493 5764 ν,
2519 5696 2606 5751 14.
2683 5696 2726 5727 ⁸⁸
2749 5692 2892 5750 Psal.
2934 5707 3059 5758 un,
3095 5692 3146 5746 5.
3253 5691 3299 5724 ⁸⁸
3331 5688 3450 5745 Job.
3497 5702 3580 5754 ut,
3612 5687 3704 5750 ιι.
