4058 6244
317 291 450 346 “99

1311 281 1620 341 SELECTA
1663 278 1729 332 IN
1763 274 2105 333 PSALMOS.
2143 307 2213 318 —
2249 274 2442 332 PSAL.
2490 275 2575 332 ill.

3432 280 3564 334 1150

313 407 426 469 θεὶς
447 403 710 476 ἐκήρυξεν
737 399 1067 472 ἀπειθήσασι
1097 415 1249 461 ποτε,
1271 400 1359 451 ὅτε
1382 395 1778 464 ἀπεξεδέχετοή
1794 390 1887 446 τοῦ

1998 390 2196 446 tltolica
2234 405 2332 446 sna
2379 389 2614 460 Epistola
2652 390 2845 448 Petrus
2873 392 2951 448 ait
2983 394 3066 448 ’τι
3106 412 3124 444 ι
3165 392 3224 448 in
3255 408 3362 464 quo
3395 407 3450 450 et
3483 397 3566 450 his

312 495 449 548 θεοῦ
481 493 831 565 μακροθυμία
860 493 917 543 ὲν
938 491 1172 562 ἡμέραις
1193 488 1313 542 Νῶε
1340 485 1892 555 κατασκευαζομένης

315 585 570 648 κιϐωτοῦ,
601 587 680 648 εἰς
709 585 776 654 ἦν
806 583 998 652 ὀλίγοι,
1023 581 1296 635 τουτέστιν
1325 578 1471 632 ὀκτὼ
1495 577 1684 649 ψυχαὶ,
1707 575 1894 630 διεσώ-

313 674 486 746 θησαν
518 673 583 726 δι’
612 673 822 736 ὕδατος.
856 690 874 723 ›
904 670 1060 724 Μετὰ
1079 669 1281 741 ταύτην
1313 669 1412 739 τὴν
1445 667 1702 739 κοίμτσιν
1726 666 1756 718 ὁ
1783 665 1894 720 [Ια-

313 766 419 838 τὴρ
443 763 974 836 ἀντιλαμϐανόμενος
1003 761 1283 834 ἐξήγειρεν
1319 760 1499 814 αὐτόν.

389 1038 473 1092 Οὐ
505 1034 923 1106 φοϐηθήσομαι
951 1033 1069 1088 ἀπὸ
1093 1029 1398 1102 μυριάδων
1427 1031 1582 1085 λαοῦ
1628 1028 1746 1084 τῶν
1791 1031 1894 1083 κύρ

315 1130 444 1190 κλῳ
471 1125 1015 1195 συνεπιτιθεμένων
1047 1142 1170 1193 μοι,
1198 1140 1250 1176 κ.
1286 1140 1336 1176 τ.
1365 1123 1412 1174 ὲ.
1440 1121 1732 1194 Ιίρέπουσα
1754 1120 1895 1190 ἁγίῳ

315 1221 469 1293 φωνὴ
499 1221 608 1291 (87)
639 1218 1024 1290 κατωρθωκότι
1069 1217 1334 1288 μεγίστην
1369 1215 1589 1288 ἀρετὴν,
1623 1213 1724 1284 τὴν
1758 1215 1894 1283 ἀφος

313 1313 457 1376 ϐίαν,
517 1312 605 1366 διὰ
659 1311 756 1383 τὴν
813 1311 948 1382 πρὸς
999 1309 1132 1362 Θεὸν
1187 1307 1548 1376 ’πεποίθησιν⁹
1697 1305 1890 1374 ὁμοία·

319 1421 340 1454 s
394 1405 521 1458 Ἐάν
561 1404 938 1475 παρατάξηται
979 1401 1064 1454 ἐπ’
1102 1400 1204 1470 ὲμὲ
1239 1399 1582 1472 παρεμϐολὴ,
1631 1400 1691 1452 οὑ
1728 1398 1897 1470 90611-

313 1495 539 1568 θήσεται
575 1499 608 1568 η
641 1497 840 1567 καρδία
875 1514 998 1568 μου.
1027 1513 1044 1547 ι
1085 1495 1193 1548 Καὶ
1237 1496 1266 1548 ὁ
1297 1495 1487 1564 Σωτὴρ
1537 1495 1595 1546 ὲν
1625 1492 1896 1563 πνεύματι

312 1588 600 1658 γινώσκων
629 1589 726 1653 τὰς
751 1589 1076 1657 αίτουμένας
1101 1586 1263 1640 αὐτὸν
1292 1585 1673 1656 σταυρωθῆναι
1700 1584 1898 1655 μυριάο

312 1678 408 1742 δας
437 1678 565 1732 λαοῦ
599 1679 698 1748 τῆς
726 1678 1061 1747 κατατομῆς,
1096 1677 1190 1730 καὶ
1226 1675 1366 1748 ὁρῶν
1403 1676 1463 1728 τὸ
1498 1677 1767 1746 ἀτάραχον
1801 1677 1897 1728 αὐ-

313 1769 407 1822 τοῦ
448 1768 610 1839 (κατά
659 1770 838 1839 σάρκα
875 1768 931 1821 δὲ
975 1767 1148 1820 ταῦτά
1190 1769 1388 1839 φημι),
1425 1767 1572 1835 λέγοι
1604 1766 1668 1819 ἂν
1701 1766 1890 1820 ταῦτα.

327 1861 453 1915 Ἐάν
477 1861 533 1916 δέ
556 1878 638 1924 τις
658 1861 966 1933 κατανοήσῃ
983 1861 1044 1913 τὸ
1067 1859 1268 1930 πλῆθος
1292 1858 1396 1911 τῶν
1423 1859 1527 1912 ὑπὸ
1547 1859 1655 1913 τῶν
1681 1859 1894 1929 ἐχθρῶν

317 1952 680 2024 βαλλομένων,
718 1951 1106 2022 ἐπιτιθεμένων
1131 1953 1196 2021 τῇ
1222 1950 1365 2021 ψυχῇ
1393 1952 1486 2005 καὶ⁵
1513 1952 1895 2023 ταρασσόντων

316 2045 410 2104 καὶ
437 2046 810 2116 κυμαινόντων
837 2045 1024 2116 αὐτὴν,
1056 2047 1114 2098 ὲν
1141 2045 1316 2115 καιρῷ
1346 2044 1410 2098 ἂν
1451 2045 1759 2114 φθέγγοιτο,
1803 2044 1896 2096 ἐπὶ

313 2135 404 2189 τὸν
435 2136 566 2189 Θεὸν
609 2135 990 2205 καταφεύγων,
1028 2140 1118 2198 τ’),
1171 2155 1188 2187 t
1247 2137 1321 2190 Ού
1364 2136 1743 2207 φοϐηθήσομαι
1789 2136 1897 2189 ἀπὸ

317 2227 594 2298 μυριάδων
637 2225 788 2288 λαοῦ,
822 2227 930 2279 τῶν
971 2225 1156 2298 κύκλῳ
1191 2225 1682 2298 συνεπιτιθεμένων
1723 2243 1831 2296 μοι.
1870 2245 1890 2278 s

399 2317 668 2380 Ἀνάστα,
701 2319 896 2386 Κύριε,
931 2318 1140 2372 σῶσόν
1159 2335 1256 2388 με,
1283 2322 1316 2373 ὀ
1339 2320 1483 2385 θεός
1507 2336 1647 2388 μου,
1685 2317 1774 2370 ὅτι
1813 2316 1895 2371 σὺ

312 2408 618 2474 ἑπάταξας
638 2408 867 2474 πάντας
889 2410 1032 2476 τοὺς
1046 2407 1477 2479 ἐχθραίνοντάς
1491 2427 1590 2478 μοι
1608 2409 1892 2478 ματαίως,

313 2499 565 2565 ὀδόντας
622 2499 982 2570 ἁμαρτωλῶν
1037 2501 1430 2568 συνέτριψας,
1488 2516 1543 2552 κ.
1591 2516 1640 2551 τ.
1698 2499 1746 2552 ὲ.
1805 2496 1896 2567 Τῷ

325 2591 596 2664 Ἐϐραῖκῷ
631 2595 940 2666 ἐντυχόντες
975 2592 1182 2663 (88),τὸ
1220 2612 1238 2644 ι
1281 2591 1523 2663 ματαίως
1593 2611 1612 2643 ι
1644 2589 1896 2660 οὐδαμῶς

312 2683 545 2755 εὕρομεν
572 2685 868 2755 δυνάμενον
902 2683 1213 2756 δηλοῦσθαι.
1249 2684 1314 2736 Τί
1343 2683 1452 2755 γάρ
1484 2683 1661 2737 κοινὸν
1682 2681 1783 2752 τῆς
1812 2682 1898 2735 λέ-

315 2774 450 2840 ξεως
475 2776 574 2846 τῆς
609 2795 626 2826 ι
663 2776 903 2846 ματαίως
933 2795 952 2826 ›
983 2774 1119 2846 πρὸς
1151 2774 1250 2844 τὴν
1286 2775 1542 2842 σιαγόνα;
1572 2773 1680 2826 Καὶ
1703 2775 1753 2826 oi
1783 2771 1892 2825 λοι-

313 2868 406 2919 ποὶ
426 2867 481 2920 δὲ
513 2867 588 2930 ώς
613 2866 673 2919 τὸ
709 2866 994 2937 Ἐϐραῖκὺν
1014 2864 1341 2918 τεθείκασιν.
1371 2865 1530 2929 Εἰκὸς
1558 2861 1672 2932 οὖν,
1706 2863 1780 2928 ὦς
1809 2879 1895 2918 τι·

313 2977 403 3024 νες
449 2959 714 3033 Ἐϐραίων
746 2960 984 3028 λέγουσι,
1020 2959 1088 3013 τὰ
1122 2961 1324 3030 ἀρχαῖα
1357 2958 1661 3032 ἀντίγραφα
1695 2957 1898 3028 ἑτέρως

1994 482 2088 553 qui
2115 484 2168 538 in
2199 497 2418 538 carcere
2451 494 2632 546 erant,
2672 485 2954 554 spiritibus
2983 486 3277 540 adveniens
3307 488 3568 554 praedic..-

1995 573 2095 637 vit,
2123 573 2215 642 qui
2251 573 2517 627 increduli
2553 574 2771 630 fuerant
2803 576 3114 646 aliquando,
3143 579 3360 647 quando
3382 594 3571 648 exspe-

1993 663 2178 720 etabat
2220 663 2313 719 Dei
2340 664 2602 730 patientia
2632 667 2686 721 in
2723 667 2914 722 diebus
2949 667 3082 732 Noe,
3113 683 3234 721 cum
3267 668 3568 723 fabricare-

1993 763 2082 809 tur
2113 769 2262 820 arca,
2285 755 2337 808 in
2365 771 2470 824 qua
2500 758 2676 826 pauci,
2713 758 2764 810 id
2795 768 2882 812 est
2903 767 3030 813 octo
3063 759 3258 813 animze
3291 759 3454 812 salva:
3481 759 3568 812 fao

1993 853 2095 900 cla:
2118 853 2243 900 sunt
2275 861 2369 916 per
2401 861 2623 915 aquam.
2646 865 2664 898 ι
2690 846 2814 901 ιὀει
2836 847 2976 903 lianc
2997 848 3376 903 dormitionem
3408 848 3570 902 Pater

1995 938 2169 1008 ipsum
2193 938 2496 1010 suscipiens
2527 940 2807 994 excitavit.

2065 1049 2230 1106 Vens.
2279 1051 2331 1103 7.
2374 1051 2498 1106 Non
2545 1053 2734 1105 timebo
2779 1053 2947 1106 millia
2973 1054 3151 1122 populi
3192 1053 3570 1107 circumdantis

1994 1158 2095 1208 nte,
2128 1153 2236 1197 etc.
2268 1141 2378 1196 Vox
2417 1143 2578 1212 plane
2608 1153 2854 1198 sanctum
2906 1144 3126 1208 decens,
3159 1144 3250 1212 qui
3287 1145 3352 1196 ad
3397 1147 3570 1199 maxi-

1999 1248 2140 1287 lnam
2173 1234 2449 1298 virtutem,
2495 1235 2749 1289 nimirum
2789 1236 3180 1299 securitatem,
3229 1236 3474 1302 pervenit
3500 1237 3571 1290 οι.

1999 1326 2246 1380 lidnciam
2289 1325 2342 1379 in
2395 1325 2583 1380 Deum.
2634 1325 2768 1382 Huic
2817 1327 3010 1382 similis
3054 1335 3137 1381 est.
3188 1327 3288 1380 ista
3322 1326 3367 1358 ⁸⁸
3404 1346 3418 1380 :
3454 1347 3472 1378 ι
3512 1332 3569 1383 Si

1997 1414 2300 1470 ecusistant
2348 1415 2636 1468 adversum
2673 1431 2757 1470 me
2812 1426 2989 1470 castra
3016 1455 3033 1478 ,
3070 1431 3175 1469 non
3223 1416 3434 1470 timebit
3475 1433 3572 1470 cor

1998 1520 2199 1560 meum.
2239 1522 2260 1554 ι
2311 1503 2376 1557 Et
2411 1501 2664 1560 Salvator
2695 1504 2748 1558 in
2796 1505 2990 1573 spiritu
3038 1519 3372 1571 cognoscens
3406 1506 3570 1559 millia

2000 1593 2177 1662 populi
2205 1593 2656 1658 circumcisionis,
2683 1609 2801 1663 quae
2832 1593 3166 1663 postulatura
3194 1605 3350 1649 erant
3375 1605 3432 1648 ut
3454 1610 3576 1648 cru-

1998 1685 2341 1753 ciﬁgeretur,
2373 1694 2427 1739 et
2461 1699 2692 1740 cernens
2740 1688 2977 1740 animum
3029 1701 3187 1740 suum
3243 1686 3573 1754 intrepidum

2000 1775 2320 1843 (scentulum
2360 1791 2580 1828 carnetn
2637 1784 2816 1829 autem
2873 1775 2988 1830 haec
3039 1775 3160 1846 aio)
3193 1775 3376 1832 dicere
3408 1778 3574 1832 etiam

1999 1866 2100 1920 ista
2129 1865 2318 1934 possit.
2347 1865 2404 1920 Si
2434 1870 2558 1935 quis
2596 1877 2774 1921 autem
2813 1867 3145 1936 perspexerit
3176 1867 3574 1923 multitudinem

1997 1968 2186 2009 eorum
2226 1953 2318 2022 qui
2351 1955 2420 2007 ab
2467 1955 2711 2008 hostibus
2745 1963 3180 2022 prosternuntur,
3210 1956 3444 2010 animam
3477 1958 3576 2011 ob-

1999 2045 2321 2110 sidentibus,
2351 2045 2792 2114 perturbantibus
2817 2055 2981 2114 atque
3008 2045 3425 2114 exagitantibns,
3445 2057 3577 2101 tem-

1999 2139 2205 2207 pestivc
2225 2139 2290 2190 ad
2323 2140 2487 2192 Deum
2543 2137 2859 2206 confugiens
2905 2140 3102 2194 merito
3125 2139 3363 2197 dixerit:
3399 2157 3420 2194 s
3455 2138 3571 2196 Non

2001 2230 2200 2282 timebo
2240 2227 2403 2282 millia
2438 2227 2615 2298 populi
2647 2229 3040 2286 circnmdantis
3073 2245 3172 2286 me.
3211 2249 3229 2284 ι

2076 2317 2240 2372 \‘ens.
2281 2317 2336 2373 8.
2379 2317 2641 2387 Exsurge,
2674 2317 2914 2383 Domine,
2941 2321 3143 2374 salt-um
3176 2337 3259 2374 me
3297 2319 3406 2390 fac,
3437 2319 3575 2374 Deus

1999 2409 2163 2481 554
2187 2425 2352 2475 meus,
2374 2411 2622 2481 quoniam
2651 2419 2706 2464 tu
2737 2413 3040 2480 percussisti
3078 2411 3410 2467 adversantes
3446 2412 3577 2466 mihi

1997 2503 2111 2556 sine
2138 2516 2298 2554 causa
2323 2516 2342 2554 :
2377 2502 2554 2555 dentes
2604 2511 2940 2570 peccatorum
2983 2502 3298 2567 contrivisti,
3335 2512 3440 2558 etc.
3473 2503 3580 2558 lier-

2000 2593 2245 2648 braicum
2281 2593 2558 2662 exetnplar
2585 2593 2956 2656 consulentes,
2981 2593 3130 2658 illud,
3158 2613 3176 2646 ι
3207 2594 3324 2648 sine
3349 2608 3571 2658 causa,»

1999 2699 2341 2754 nequaquam
2395 2684 2605 2739 Ostendi
2657 2698 2814 2753 posse
2863 2687 3184 2752 reperimus.
3237 2684 3378 2750 Quid
3428 2684 3574 2738 enim

1997 2791 2286 2832 commune
2312 2776 2474 2830 liabet
2505 2793 2524 2828 ι
2562 2777 2680 2830 sine
2723 2791 2910 2841 causa,
2942 2795 2960 2828 ι
2989 2791 3109 2830 cum
3139 2777 3358 2830 maxilla
3385 2775 3407 2830 i
3434 2775 3575 2843 Quin

1998 2868 2162 2925 etiam
2200 2867 2394 2940 reliqui
2428 2878 2724 2938 posuerunt
2756 2869 2897 2923 sicut
2939 2877 3122 2923 textus
3147 2867 3425 2924 llcbrazus.
3470 2867 3574 2923 Ve-

2000 2961 2242 3017 rosimile
2281 2961 2448 3031 igitur
2495 2970 2600 3026 est,
2652 2961 2796 3030 quod
2833 2960 3042 3016 llebraai
3098 2961 3342 3016 nonnulli
3385 2962 3575 3025 aiunt,

313 3051 625 3126 ὶσχηκέναι,
657 3053 689 3123 ἢ
724 3052 784 3105 τὸ
810 3054 1025 3116 εὐτελὲς
1063 3052 1515 3123 περιϊσταμένους
1542 3052 1668 3114 τοὺς
1719 3049 1893 3106 Ἑϐδο-

2003 3055 2221 3124 antiqua
2255 3054 2585 3121 exemplaria
2617 3054 2776 3109 aliter
2803 3052 3076 3117 habuisse,
3112 3053 3194 3108 vel
3223 3052 3575 3124 Septuaginta

317 3147 562 3216 μήκοντα
596 3141 693 3215 τῆς
725 3145 940 3210 λέξεως,
978 3147 1370 3218 τετολμηκέναι
1409 3145 1530 3198 ἀντὶ
1561 3143 1655 3196 τοῦ
1701 3161 1718 3194 t
1777 3161 1894 3194 σια-

315 3236 472 3303 γόνα,
507 3254 526 3288 s
567 3236 785 3303 ποιῆσαι
831 3254 849 3286 ι
906 3235 1168 3306 ματαίως.
1221 3254 1240 3286 ι
1289 3235 1590 3304 Νοήσωμεν
1629 3233 1808 3285 τοίνυν
1833 3231 1894 3284 τὸ

317 3325 478 3396 ῥητὸν
525 3323 667 3379 κατὰ
712 3326 836 3388 τοὺς
890 3325 1320 3396 Ἑϐδομηκοντα·
1375 3323 1732 3393 διεξέλθωμεν
1779 3321 1895 3384 πῶς

314 3416 395 3468 δεῖ
425 3415 721 3489 λαμϐάνειν
743 3415 810 3468 τά
833 3417 1320 3488 ἀνθρωπικώτερον
1368 3415 1632 3486 εἰρημένα
1669 3413 1772 3467 ὑπὸ
1800 3412 1894 3466 τοῦ

315 3504 474 3570 Θεοῦ,
525 3507 582 3574 ἐξ
635 3499 708 3558 ὧν
774 3507 998 3578 εὐχερές
1067 3508 1215 3560 ἐστιν
1282 3507 1407 3559 ἰδεῖν
1465 3506 1580 3568 πῶς
1639 3505 1890 3572 λέγεται’

323 3616 344 3648 s
393 3598 644 3661 Ἀνάστα,
680 3597 872 3670 Κύριε,
906 3597 1078 3651 σῶσόν
1111 3615 1200 3670 με,
1237 3601 1264 3650 ὁ
1301 3598 1433 3660 Θεός
1484 3615 1604 3668 μου.
1661 3616 1679 3647 ι
1719 3592 1894 3652 Οίονεὶ

301 3685 424 3763 ’γάρ
465 3687 804 3760 κοιμώμενον
844 3691 997 3759 ἡμῖν,
1041 3691 1128 3743 ὅτε
1180 3692 1326 3760 ἡμᾶς
1373 3689 1652 3760 παρέδωκε
1699 3687 1892 3758 πείρας

315 3781 500 3833 ἕνεκεν
552 3783 672 3843 ταῖς
723 3781 1127 3851 ἀντικειμέναις
1177 3782 1504 3852 ἐνεργείαις,
1562 3780 1896 3849 διανίστησιν

315 3872 495 3928 αὐτόν.
526 3873 678 3942 Τάχα
702 3872 758 3926 δὲ
789 3873 883 3926 καὶ
909 3874 998 3926 ὅτε
1023 3874 1113 3925 τὸν
1137 3873 1365 3944 Σωτῆρα
1399 3872 1539 3943 ὑπὲρ
1570 3870 1724 3941 ἡμῶν
1758 3869 1895 3921 πάν-

313 3981 422 4018 των
451 3964 788 4036 παρέδωκεν,
821 3965 1082 4036 ἐκοιμᾶτο
1110 3963 1260 4033 αὐτῷ
1295 3966 1322 4016 ὁ
1353 3964 1574 4033 Πατήρ·
1613 3961 1896 4015 ἀνίσταται

313 4057 369 4111 δὲ
406 4057 593 4122 σώζων
633 4056 796 4109 αὑτὸν
831 4057 925 4108 καλ⁹
958 4057 1250 4108 πατάσσων
1284 4055 1410 4117 τοὺς
1451 4053 1676 4125 ἐχθροὺς
1707 4049 1894 4114 αὑτοῦ,

313 4147 422 4202 εἴτε
443 4149 568 4211 τοὺς
591 4150 654 4205 ὲκ
680 4148 999 4222 περιτομῆς,
1019 4149 1126 4200 εἴτε
1149 4146 1246 4209 τὰς
1266 4145 1528 4216 ἀοράτους
1552 4143 1776 4214 ἐχθροὺς
1798 4142 1894 4210 τῆς

313 4237 566 4310 ἀληθείας
605 4237 883 4307 δυνάμεις.
947 4237 1172 4308 Ἐχθροῦ
1217 4237 1272 4289 δὲ
1309 4235 1426 4288 κατ’
1466 4234 1619 4287 οὐδέν
1664 4237 1779 4286 ἐστι
1813 4233 1898 4284 λύ-

315 4345 435 4395 70"
477 4328 612 4397 μετὰ
644 4327 752 4395 γὰρ
791 4329 899 4380 τῶν
936 4329 1235 4398 μισούντων
1283 4328 1379 4397 τὴν
1419 4327 1639 4396 εἰρήνην
1667 4328 1695 4378 ὁ
1741 4324 1894 4392 ἅγιός

2003 3146 2261 3200 dictionis
2288 3145 2444 3200 istius
2469 3148 2734 3200 vilitatem
2764 3147 3086 3207 dcvitantes,
3116 3159 3214 3212 pro
3239 3163 3258 3198 ι
3290 3147 3525 3211 maxilla,
3551 3166 3570 3202 ι

1998 3254 2158 3292 ausos
2195 3239 2360 3291 fuisse
2389 3251 2588 3305 ponere
2613 3255 2632 3288 ι
2666 3236 2785 3290 sine
2813 3250 2998 3289 causa.
3041 3253 3058 3286 ι
3095 3235 3474 3304 Expendentcs
3490 3252 3579 3292 cr-

2001 3343 2066 3395 go
2093 3328 2236 3380 hunc
2264 3341 2483 3381 versum
2509 3327 2806 3380 scentulum
2833 3324 3206 3394 Septuaginta,
3243 3325 3578 3381 disseramus

1999 3417 2272 3487 quomodo
2294 3417 2610 3479 accipienda
2632 3416 2737 3470 sint
2759 3431 2878 3485 qua:
2897 3416 3130 3469 humano
3155 3429 3302 3470 more
3320 3431 3348 3470 tt
3373 3415 3478 3472 Deo
3496 3416 3580 3471 di-

1998 3519 2082 3561 cta
2104 3517 2246 3570 sunt,
2262 3521 2328 3560 ex
2347 3505 2543 3574 quibus
2560 3504 2715 3560 lacile
2729 3516 2809 3560 est
2833 3506 3014 3560 videre
3031 3519 3138 3574 quo
3154 3517 3312 3575 pacto
3329 3507 3573 3562 dicatur:

2005 3616 2022 3649 ι
2059 3597 2334 3668 Exsurge,
2379 3596 2624 3662 Domine,
2660 3595 2862 3650 salvum
2897 3611 2983 3650 me
3017 3596 3126 3662 lac,
3159 3595 3301 3652 Deus
3341 3612 3512 3652 mens.
3549 3615 3570 3654 ι

1999 3685 2167 3741 Νυιιὶδ
2214 3686 2360 3740 enim
2411 3702 2511 3740 ceu
2565 3669 2950 3750 dormientem,
2989 3688 3206 3754 quando
3259 3685 3573 3743 tentationis

2001 3792 2163 3830 causa
2201 3791 2298 3831 nos
2345 3776 2566 3831 tradidit
2596 3777 2928 3830 adversariis
2957 3777 3337 3846 potestatibus,
3367 3778 3572 3834 excitat

2002 3869 2170 3922 illum.
2200 3867 2360 3921 Forte
2414 3867 2578 3922 etiam
2609 3881 2730 3923 eum
2779 3867 3114 3922 Salvatorem
3143 3883 3240 3936 pro
3269 3870 3423 3925 nobis
3455 3883 3574 3924 ont-

2001 3961 2158 4013 nibus
2209 3959 2451 4022 tradidit,
2483 3958 2785 4013 dormiebat
2809 3958 2858 4013 ei
2892 3957 3070 4012 Pater.
3105 3957 3362 4029 Exsurgit
3385 3968 3566 4019 autem

2000 4067 2120 4103 rum
2157 4050 2364 4105 salvum
2396 4051 2570 4119 ipsum
2601 4047 2751 4114 facit,
2786 4060 2840 4104 et
2877 4050 3112 4118 percutit
3146 4050 3396 4105 inimicos
3432 4051 3568 4120 ejus,

1999 4141 2080 4194 vel
2104 4158 2196 4194 eos
2223 4143 2314 4210 qni
2349 4157 2413 4196 ex
2453 4141 2866 4195 circumcisione
2887 4149 3033 4204 sunt,
3057 4139 3136 4193 vel
3165 4139 3376 4195 veritati
3412 4155 3572 4208 repnp

1999 4246 2227 4304 gnantes
2270 4243 2568 4304 potestates
2606 4233 2930 4288 invisibiles.
2966 4232 3134 4292 Porro
3177 4235 3323 4292 nulla
3365 4232 3572 4292 inimici

2003 4327 2141 4379 ratio
2181 4326 2429 4389 habetur,
2455 4340 2576 4378 cum
2611 4325 2691 4377 vir
2712 4333 2936 4381 sanctus
2969 4345 3090 4381 cuttt
3127 4328 3192 4382 iis
3213 4329 3304 4396 qui
3336 4329 3575 4388 oderunt

318 4423 459 4472 ἱστιν
490 4422 783 4493 εἰρηνικὸς,
827 4421 1054 4488 ἀγαπῶν
1094 4422 1218 4484 τοὺς
1255 4419 1504 4490 ἐχθρούς.
1546 4418 1702 4482 Δόξαι
1749 4417 1791 4469 δ’
1826 4417 1891 4469 ἂν

1998 4431 2206 4485 pacem,
2232 4417 2304 4470 sit
2334 4415 2611 4484 paciticns,
2647 4424 2702 4470 et
2730 4415 2981 4474 inimicos
3015 4420 3228 4490 diligat.
3255 4419 3440 4478 Videri
3473 4439 3572 4474 an.-

316 4527 456 4572 τινος
481 4509 779 4582 ὲχθραίνειν
812 4529 892 4574 τις
929 4512 990 4564 οὐ
1032 4530 1049 4562 ι
1084 4513 1348 4582 ματαίως,
1398 4531 1416 4560 ι
1462 4511 1580 4580 ἢτοι
1620 4509 1895 4580 ἀνθρωπιο

315 4601 550 4671 κώτερον
579 4601 669 4653 τὸν
699 4601 887 4672 ἐχθρὸν
920 4605 952 4671 ἠ
963 4603 1076 4672 μῶν
1103 4602 1462 4667 ὲξεταζύντων
1500 4603 1530 4672 ἦ
1559 4602 1652 4656 καὶ
1675 4601 1896 4653 εὐσεϐέ-

318 4706 532 4762 στερονο
565 4691 1051 4763 ἀνθρωπικώτερον
1097 4695 1216 4764 μὲν,
1252 4694 1420 4758 ὲπάν,
1450 4695 1541 4747 τὸν
1584 4709 1894 4765 προκαταρ-

317 4783 542 4853 ξάμενόν
570 4802 620 4838 τι
653 4789 966 4838 κακοποιεῖν
994 4788 1390 4858 ἀποστραψεὶς,
1427 4786 1732 4858 ἀμύνεσθαι
1770 4786 1892 4856 βού-

317 4874 502 4943 ληταιο
542 4873 714 4938 οὕτως
745 4876 851 4949 γὰρ
895 4876 961 4930 ἂν
1008 4878 1342 4949 ὑποληφθείη
1397 4879 1470 4949 μὴ
1509 4898 1526 4928 ‹
1573 4878 1815 4949 ματαίως
1865 4897 1885 4929 ι

317 4962 616 5034 ὲχθραίνειν
637 4965 712 5037 τῷ
751 4966 1159 5037 προηδικηκότι·
1200 4969 1584 5040 εὐσεϐέστερον
1617 4969 1692 5031 δὲ,
1725 4966 1777 5019 εἴ
1806 4983 1889 5028 τις

318 5053 503 5125 ἐχθρὸς
523 5055 732 5124 γένοιτο
756 5057 842 5110 διὰ
869 5059 927 5111 τὸ
954 5059 1168 5128 ἀληθὲς,
1195 5059 1268 5122 ώς
1295 5060 1323 5112 ὁ
1360 5058 1676 5121 Ἀπόστολός
1701 5073 1884 5125 φησιν·

321 5163 338 5194 ⁸
387 5146 608 5217 Ἐχθρὸς
648 5148 774 5218 ὑμῖν
824 5149 1020 5217 γέγονα
1069 5149 1348 5219 ἀληθεύων
1387 5150 1544 5220 ὑμῖν·
1606 5168 1624 5200 ›
1673 5148 1767 5202 καὶ
1806 5145 1884 5197 16'

323 5256 339 5286 ι
380 5239 510 5308 Οὐχὶ
553 5241 677 5305 τοὺς
713 5240 1001 5310 μισοῦντάς
1042 5257 1123 5302 σε,
1161 5239 1354 5312 Κύριε,
1387 5241 1661 5310 ἐμίσησας
1707 5257 1726 5288 ι
1777 5233 1885 5288 Καὶ

386 5419 427 5448 ⁸⁷
466 5418 655 5476 ll’etr.
695 5437 778 5488 ιιι,
805 5421 889 5476 l9.

383 5597 493 5666 (87)
525 5599 846 5666 Πρέπουσα
870 5599 1016 5668 ἁγίῳ
1042 5599 1230 5670 φωνή,
1256 5610 1359 5655 etc.
1379 5600 1693 5668 Corderins,
1715 5601 1886 5656 codex

325 5669 703 5722 [inruet-ianus.
737 5671 947 5721 scheibe
973 5672 1310 5731 Combelisii,
1346 5671 1638 5724 Barbarus.

383 5737 494 5806 (88)
533 5737 620 5800 Τῷ
665 5738 948 5806 Ἐϐραϊκῷ
993 5739 1371 5806 ἐντυχόντες,
1399 5754 1502 5794 ctc.
1565 5743 1744 5797 Codex
1777 5740 1881 5798 Ba—

628 5831 892 5891 l’t'ruot.
928 5831 1046 5893 Gtt.
1094 5832 1236 5894 ΧΗ.

967 5421 1012 5452 ⁸⁸
1037 5421 1182 5479 Psal.
1213 5439 1364 5488 xxvi,
1401 5425 1453 5480 5.
1530 5424 1574 5454 ⁸³
1596 5423 1714 5478 Gal.
1747 5438 1818 5486 tv,
1851 5420 1938 5477 i6.

1998 4516 2104 4561 tem
2131 4507 2298 4572 possit
2328 4507 2601 4575 quispiam
2639 4523 2744 4564 non
2785 4527 2802 4560 ι
2834 4510 2952 4565 sine
2992 4526 3154 4567 causa
3194 4531 3214 4566 ι
3246 4526 3366 4572 cum
3393 4513 3574 4584 aliquo

1995 4597 2338 4652 inimicitiam
2368 4599 2668 4670 suscipere,
2709 4601 2752 4655 si
2794 4602 2876 4656 vel
2919 4603 3210 4661 humanius
3238 4605 3322 4660 vel
3356 4604 3575 4673 religio:-

1993 4687 2108 4742 sius
2158 4687 2411 4744 inimicus
2457 4698 2755 4758 spectetur.
2801 4693 3102 4749 llumanius
3133 4695 3352 4765 quidem
3382 4733 3396 4756 ,
3446 4711 3574 4748 ctttn

1992 4777 2187 4832 ltedere
2222 4779 2565 4848 incipientem
2605 4793 2886 4838 aversatus
2929 4784 3111 4839 ulcisci
3152 4785 3383 4838 voluerit
3424 4799 3440 4844 :
3495 4786 3576 4836 sic

1997 4870 2141 4924 enim
2175 4887 2280 4924 non
2312 4889 2328 4921 ι
2361 4874 2475 4926 sine
2505 4887 2669 4928 causa
2705 4894 2724 4926 ι
2753 4889 2874 4929 eum
2908 4877 3001 4944 qui
3030 4876 3178 4943 prior
3209 4873 3579 4940 lmsit,odisse

1999 4961 2166 5013 videri
2201 4972 2396 5030 queat;
2442 4963 2745 5034 religiosius
2784 4982 2934 5030 vero,
2954 4967 2997 5020 si
3034 4967 3155 5035 quis
3191 4967 3445 5027 inimicus
3484 4969 3578 5020 liat

1997 5052 2063 5102 ob
2094 5051 2869 5120 veritatem,quemadmodum
2902 5057 3197 5124 Apostolus
3229 5058 3386 5114 ait":
3415 5073 3432 5108 t
3467 5056 3571 5109 lni-

1998 5143 2172 5195 tnicus
2203 5141 2374 5196 laetus
2402 5161 2520 5203 sum
2553 5147 2705 5204 vobis
2735 5161 2923 5205 verum
2951 5149 3157 5206 dicens.
3192 5168 3210 5201 ι
3245 5150 3311 5211 ΕΙ.
3332 5150 3462 5204 illud
3501 5150 3605 5199 νοτ·

1999 5249 2018 5283 ι
2062 5229 2247 5286 Nonne
2305 5234 2397 5303 qui
2447 5235 2678 5290 oderunt
2723 5245 2794 5304 te,
2844 5238 3093 5304 Domine,
3125 5239 3406 5298 oderam?
3445 5258 3462 5290 ι
3509 5238 3576 5292 lit

2014 5419 2058 5448 ὀ
2093 5417 2234 5472 Psal.
2280 5433 2542 5487 cxxxvnt,
2581 5422 2672 5478 Sil.

1997 5611 2110 5671 τοο..
2149 5595 2441 5671 Barbarus,
2482 5600 2784 5671 partimque
2818 5602 3041 5657 (ἷιιΓιΙιιΓ.
3093 5605 3326 5662 Plurima
3379 5621 3566 5668 autem

1997 5667 2188 5722 iisdcttt
2233 5667 2346 5722 l’erc
2381 5671 2556 5724 verbis
2589 5667 2801 5727 cht'attt
2832 5679 2968 5745 apud
3009 5677 3206 5732 Euseb.

3210 5848 3288 5908 36
