4058 6244
346 302 483 356 “55
1320 295 1631 354 SELECTA
1665 294 1731 350 IN
1772 293 2110 350 PSALMOS.
2156 325 2220 333 -—
2257 291 2458 347 PSAL.
2497 288 2586 344 IV.
3470 290 3611 345 H56

343 410 604 481 λούμενον
665 407 772 463 ὑπο
838 407 937 479 τῆς
996 405 1197 474 λέξεως
1250 406 1396 460 νοῦν.
1458 406 1657 460 ’ἰστέον
1699 406 1778 470 δὲ,
1826 407 1921 471 ὅτι,

2042 404 2198 472 hujus
2242 402 2495 459 dictionis
2524 414 2770 454 sensum.
2798 397 3097 454 Sciendum
3129 407 3239 467 est,
3266 410 3324 456 ut
3352 403 3488 456 artis
3519 416 3612 453 cu-

344 502 533 574 ῶσπερ
564 501 747 573 πάσης
774 500 988 572 τέχνης·
1011 500 1107 554 καὶ
1138 498 1451 569 ἐπιστήμης
1485 499 1604 551 ἐστὶ¹
1649 498 1711 551 τὸ
1756 497 1921 562 τέλος,

2030 493 2253 563 juslibet
2300 500 2464 560 atque
2513 487 2755 543 scientiae
2790 488 3011 557 quidam
3047 487 3169 543 linis
3198 500 3305 556 est,
3336 506 3497 563 quem
3528 492 3613 545 in-

345 594 430 663 ἐφ’
462 594 491 646 δ
527 591 750 647 σπεύδει
779 592 808 643 6
830 588 1073 660 γνησίως
1119 588 1220 658 τὴν
1262 588 1459 659 τέχνην
1500 588 1533 659 ἢ
1564 588 1664 660 τὴν
1707 588 1934 658 ἐπιστή-

347 702 455 756 μην
479 682 699 756 μετιὼν,
730 682 873 737 οὕτω
907 681 1003 735 καὶ
1035 680 1135 750 τῆς
1166 680 1392 749 λογικῆς
1425 679 1641 748 φύσεως
1670 681 1751 733 δεῖ
1782 680 1933 743 τέλος
1980 752 1983 755 _

343 776 637 845 τυγχάνειν
658 791 674 807 ·
707 772 866 830 τοῦτο
905 772 963 826 δέ
997 774 1112 829 ἐστι
1150 771 1212 824 τὸ
1240 773 1298 824 ἐν
1332 770 1554 842 Χριστῷ
1592 770 1931 842 ζωοποιηοῆ-

344 882 432 918 ναι
452 865 592 919 κατὰ
618 865 711 919 τὸν
746 862 1090 919 ’Λπόστολον.
1116 861 1427 932 Νομίζομεν
1447 861 1626 916 τοίνυν
1648 863 1775 924 τοὺς
1806 882 1822 911 ι
1852 864 1932 925 εἰς

343 959 406 1012 τὸ
448 958 602 1021 τέλος
645 976 664 1009 ι
716 954 1233 1027 ἐπιγεγραμμένους
1281 952 1534 1025 ψαλμοὺς
1585 951 1682 1008 τοῦ
1744 952 1931 1015 τέλους

343 1049 466 1104 τινὰ
492 1049 817 1120 ἐπιγράφειν
843 1047 986 1114 νοῦν,
1029 1046 1122 1103 καὶ
1166 1045 1253 1101 ἐπ’
1285 1048 1461 1101 ἐκεῖνο
1492 1044 1617 1107 τοὺς
1652 1042 1930 1107 συνιέντας

342 1140 413 1193 τὰ
434 1140 701 1210 λεγόμενα
735 1137 1087 1210 παρακαλεῖν.
1120 1136 1290 1191 Παντὶ
1314 1136 1371 1189 δὲ
1416 1133 1807 1204 ἀγωνιζομένῳ
1839 1134 1930 1187 τέ-

344 1228 435 1294 λος
469 1232 501 1301 i)
532 1231 654 1300 νίκη
684 1228 962 1298 τυγχάνει.
1000 1227 1153 1283 Ἐπεὶ
1185 1223 1300 1293 οὖν,
1328 1225 1405 1289 ὡς
1436 1224 1928 1296 προαπεδείξαμεν,

346 1321 508 1379 Δαυῒδ
536 1324 564 1374 6
606 1320 843 1392 Χριστὸς
893 1318 1133 1387 λέγεται,
1168 1318 1219 1369 oi.
1272 1317 1744 1388 ἐπιγεγραμμένοι
1793 1333 1811 1367 ι
1852 1317 1932 1380 εἰς

345 1413 406 1467 τὸ
438 1413 589 1476 τέλος
629 1432 649 1465 ο
699 1410 776 1483 τῷ
807 1410 968 1468 Δαυῒδ
999 1410 1060 1464 τὸ
1097 1408 1251 1474 τέλος
1284 1409 1378 1463 καὶ
1410 1408 1509 1479 τὴν
1542 1408 1701 1479 νίκην
1741 1409 1928 1477 ἀπαγ-

344 1504 596 1573 γέλλουσι
634 1504 728 1563 τοῦ
780 1502 1043 1574 Χριστοῦ,
1099 1499 1373 1554 νικοποιοῦ
1416 1500 1817 1571 λεχθησομένου
1864 1500 1930 1553 ἂν

346 1597 486 1652 κατὰ
519 1598 610 1649 τὸν
644 1595 896 1659 Ἀκύλαν,
933 1594 1094 1647 παντὶ
1135 1591 1472 1663 νενικημένῳ
1506 1591 1663 1662 νίκην
1705 1608 1931 1662 περιπεο

346 1688 654 1760 ποιηκότος,
684 1688 807 1742 ἐπεὶ
838 1689 867 1741 6
898 1686 1003 1740 ὑπὸ
1042 1683 1278 1755 Χριστοῦ
1313 1682 1613 1753 νικώμενος
1650 1682 1748 1753 τὴν
1790 1700 1927 1753 συμσ-

2036 584 2209 639 tendit
2258 584 2304 638 is
2335 582 2424 650 qui
2456 589 2630 635 artem
2665 580 2744 632 vel
2774 581 3057 634 scientiam
3092 581 3236 637 serio
3272 592 3515 645 exercet,
3536 585 3617 639 sic

2034 677 2197 732 etiam
2252 685 2462 727 natura:
2501 672 2781 725 rationalis
2828 675 2987 725 linem
3029 673 3268 741 aliquem
3303 690 3423 729 esse
3454 690 3615 744 opor-

2034 779 2168 823 tere.
2216 766 2316 822 llic
2369 774 2549 819 autem
2608 772 2692 817 est
2745 761 3098 819 vivilicari'in
3142 766 3364 822 Christo
3415 782 3615 822 secun-

2034 860 2160 915 dum
2208 856 2548 927 Apostolum.
2598 855 2987 911 Existimantus
3022 858 3205 928 itaque
3249 858 3489 929 psalmos
3518 860 3613 929 qui

2038 969 2058 1002 ι
2094 952 2146 1005 in
2182 950 2344 1004 linem
2382 969 2400 1001 ι
2445 948 2849 1008 inscribuntur,
2890 964 3109 1003 sensum
3163 951 3451 1020 quemdam
3492 952 3616 1007 linis

2034 1060 2149 1114 pra:
2176 1059 2234 1098 se
2266 1042 2434 1110 ferre,
2463 1053 2520 1098 et
2548 1043 2615 1097 ad
2644 1042 2791 1097 illum
2832 1042 2994 1094 linem
3029 1057 3123 1096 eos
3146 1044 3234 1112 qui
3270 1060 3389 1115 qu:e
3421 1046 3614 1099 dicunt-

2037 1145 2154 1199 tur,
2198 1134 2537 1204 intelligunt,
2577 1130 2877 1188 cohortari.
2924 1129 3084 1186 Omni
3140 1145 3319 1189 autem
3380 1135 3615 1190 certanti

2036 1225 2159 1279 linis
2176 1236 2267 1280 est
2294 1224 2548 1279 victoria.
2580 1228 2789 1291 Quare,
2822 1243 2966 1289 tum,
3000 1235 3057 1277 ιιι
3092 1236 3216 1278 ante
3245 1227 3613 1290 ostendimus,

2036 1315 2204 1369 DaViil
2258 1314 2471 1370 dicatur
2503 1315 2776 1382 Christus,
2828 1318 3015 1383 psalmi
3077 1318 3168 1387 qui
3224 1336 3241 1367 ι
3291 1318 3341 1371 in
3389 1320 3549 1372 linem
3592 1340 3611 1373 ι

2040 1405 2208 1461 David
2242 1406 2486 1475 inscripti
2513 1415 2658 1469 sunt,
2692 1405 2854 1461 linem
2900 1418 2949 1463 et
2983 1411 3261 1465 \ictoriatn
3292 1413 3618 1467 aununtiant

2032 1497 2261 1562 Christi,
2285 1497 2615 1567 quemjuxta
2650 1501 2896 1568 aquilam
2927 1501 3107 1557 dicere
3137 1503 3299 1556 lceat
3329 1506 3613 1562 victorem.

2031 1588 2189 1645 Omni
2235 1587 2399 1662 556
2436 1588 2583 1644 enim
2636 1593 2776 1646 vieto
2810 1595 3091 1648 victoriam
3126 1595 3341 1662 tribuit,
3369 1598 3617 1665 quando.

2032 1682 2249 1752 quidem
2284 1681 2533 1750 quisquis
2562 1699 2590 1735 a
2615 1683 2837 1738 Christo
2868 1686 3483 1749 vincitur,accidentetn
3511 1688 3615 1743 sibi

346 1778 642 1849 ὁεὸηκυῖαν
694 1776 843 1846 αὑτῷ
894 1775 1091 1831 κακίαν
1142 1775 1414 1845 νενίκηκε,
1462 1774 1557 1827 καὶ
1608 1773 1921 1843 ἐξαφανίζει

2031 1750 2287 1830 malitiam
2323 1772 2493 1827 vincit
2523 1783 2579 1828 et
2615 1776 2683 1829 de
2718 1777 2894 1830 medio
2932 1776 3096 1841 tollit,
3158 1787 3345 1846 utpote
3395 1777 3616 1833 Christo

344 1870 535 1940 αὐτὴν,
569 1868 791 1941 Χριστῴ
825 1867 1286 1937 ὑποτεταγμένος.
1340 1864 1541 1923 Οὐδένα
1577 1865 1683 1937 γάρ
1724 1867 1926 1922 ἄκοντα

345 1962 471 2033 νικᾷ
511 1961 540 2013 6
569 1958 822 2030 Χριστὸς,
859 1957 996 2011 ἀλλὰ
1022 1954 1342 2025 πείθων,τῷ
1373 1955 1543 2023 Λόγος
1575 1950 1712 2008 εἷναι
1764 1956 1921 2011 Θεοῦ.

346 2055 441 2117 Et;
465 2050 623 2108 τοῦτο
650 2050 713 2122 δὴ
741 2051 802 2103 τὸ
824 2053 975 2113 νῖκος
1006 2046 1408 2118 ἐπιγράφεσθαί
1448 2064 1581 2119 φησι
1631 2047 1925 2101 Θεοδοτίων

346 2142 550 2215 ὕμνους
609 2142 642 2212 ἢ
703 2140 951 2211 ψαλμοὺς
997 2140 1125 2201 τοὺς
1174 2135 1329 2208 παρὰ
1372 2139 1486 2203 τοῖς
1527 2138 1925 2209 Ἐεδομήκοντα

351 2253 370 2285 ι
408 2236 488 2297 είς
511 2233 573 2286 τὸ
597 2233 750 2296 τέλος
783 2251 801 2284 ι
856 2230 1405 2303 ἐπιγεγραμμένους·
1452 2231 1481 2283 6
1520 2229 1577 2285 δὲ
1628 2229 1925 2302 Σύμμαχος

352 2344 370 2376 ι
402 2324 700 2388 ἐπινικίους
734 2345 751 2376 ι
784 2324 878 2381 τοῦ
928 2320 1165 2395 Χριστοῦ
1204 2320 1352 2390 λέγοι
1400 2322 1466 2375 ἂν
1514 2317 1654 2374 εἶναι
1696 2322 1923 2387 τούτους

343 2418 469 2480 τοὺς
501 2416 749 2491 ψαλμοὺς
786 2416 818 2487 ἢ
854 2415 1015 2486 ᾠδάς.
1059 2414 1185 2468 Ἐάν
1234 2414 1290 2467 δὲ
1331 2412 1404 2484 μὴ
1457 2413 1616 2483 μόνον
1653 2413 1731 2484 τῷ
1761 2414 1925 2471 Δαυῒδ

342 2508 440 2562 καὶ
473 2527 491 2559 ι
537 2511 616 2571 είς
671 2507 823 2571 τέλος
859 2527 878 2559 ι
911 2507 1199 2576 λέγωνται,
1260 2504 1397 2558 ἀλλὰ
1447 2505 1543 2559 καὶ
1598 2505 1676 2575 τῷ
1727 2506 1920 2577 Ἀσάφ,

344 2600 463 2672 ῆτοι
486 2601 598 2663 τοῖς
625 2600 761 2662 υίοῖς
804 2599 971 2673 Κορὲ,
1005 2598 1105 2651 οὐκ
1156 2597 1358 2651 ἄτοπον
1398 2595 1482 2657 τὸ,
1537 2598 1747 2661 πάντας
1796 2599 1922 2663 τοὺς

343 2691 532 2758 ἁγίους
573 2690 672 2761 τὴν
700 2691 793 2744 τοῦ
848 2690 1085 2763 Χριστοῦ
1128 2689 1312 2743 εἰκόνα
1361 2689 1818 2760 άναδεδεγμένους
1861 2694 1923 2746 τὸ

342 2783 529 2841 ἐνθάδε
559 2785 847 2860 εἰρημένον
881 2785 974 2839 καὶ
1014 2786 1101 2838 ἐπ’
1134 2787 1357 2843 ἐκείνων
1386 2790 1524 2843 νοεῖν
1558 2789 1726 2859 ἡμᾶς.
1758 2787 1831 2839 Τὸ
1861 2786 1919 2838 δὲ

350 2895 368 2928 ι
402 2879 459 2933 ὲν
482 2876 715 2948 ψαλμοῖς
760 2896 778 2929 ι
816 2877 968 2949 παρὰ
1001 2881 1113 2943 τιίς
1150 2878 1552 2952 Ἐϐδομήκοντα
1586 2881 1680 2934 καὶ
1720 2879 1921 2949 Ἀκύλα

341 2970 633 3043 εἰρημένον
655 2965 808 3040 οἶμαι
835 2970 1170 3042 σαφέστερον
1204 2971 1644 3042 ἀπαγγέλλεσθαι
1692 2970 1781 3025 διὰ
1824 2970 1918 3025 τοῦ

2027 1863 2325 1933 subjectus.
2369 1862 2652 1918 Neminem
2683 1866 2829 1919 enim
2875 1866 3105 1919 invitum
3146 1867 3610 1932 vineitChristus,

2027 1959 2120 2011 sed
2147 1956 2420 2019 suasione,
2454 1970 2578 2009 cum
2608 1957 2679 2011 sit
2709 1958 2943 2012 Verbum
2978 1959 3089 2015 Dei.
3110 1959 3164 2013 In
3202 1960 3339 2013 hanc
3369 1976 3501 2030 ergo
3535 1962 3614 2013 vi—

2027 2050 2256 2103 ctoriam
2307 2049 2536 2119 hymnos
2576 2065 2670 2102 sen
2723 2050 2959 2117 psalmos
3004 2050 3253 2113 inscribi,
3283 2051 3479 2120 quibus
3510 2051 3613 2106 Se-

2026 2140 2312 2211 ptuaginta
2342 2159 2360 2191 ι
2399 2141 2452 2195 in
2508 2145 2667 2197 linem
2702 2160 2721 2192 ι
2756 2142 2969 2195 titulum
3014 2141 3280 2207 fecerunt,
3314 2143 3614 2197 Theodotin

2026 2242 2218 2286 auctor
2239 2242 2353 2285 est:
2375 2241 2429 2287 at
2447 2231 2810 2304 Symmachus
2832 2250 2850 2286 ι
2878 2233 3236 2305 triumphales
3260 2252 3277 2286 ι
3302 2235 3503 2289 Christi
3533 2237 3581 2289 di
3599 2265 3614 2278 ο

2027 2320 2168 2375 xerit
2214 2318 2477 2387 ejusmodi
2525 2323 2764 2389 psalmos
2799 2337 2893 2376 seu
2938 2322 3172 2377 cantica.
3222 2321 3611 2376 Verumtamen

2026 2427 2150 2467 cum
2184 2429 2289 2466 non
2337 2422 2546 2467 tantum
2595 2415 2697 2482 ipsi
2734 2414 2925 2481 David,
2949 2414 3043 2469 sed
3075 2415 3256 2483 Asaph
3298 2430 3515 2486 quoque
3559 2427 3613 2471 et

2026 2504 2153 2560 ﬁliis
2180 2504 2318 2559 Care
2351 2522 2371 2558 Ι
2404 2505 2455 2558 in
2484 2506 2644 2560 linem
2680 2525 2699 2556 ι
2734 2507 3007 2571 dicantur,
3035 2521 3140 2560 non
3170 2508 3465 2561 absurdum
3497 2509 3613 2562 l'ue-

2028 2597 2099 2651 rit
2138 2610 2235 2651 nos
2281 2597 2351 2651 de
2397 2598 2654 2651 omnibus
2702 2599 2910 2652 sanctis
2951 2598 3045 2666 qui
3074 2598 3276 2652 Christi
3314 2599 3607 2669 imaginem

2024 2702 2333 2757 suscepere,
2373 2690 2518 2757 quod
2579 2689 2666 2743 hic
2716 2691 2921 2742 dictum
2964 2698 3048 2743 est
3098 2688 3418 2759 intelligere.
3453 2690 3607 2755 Quod

2025 2799 2154 2839 vero
2191 2788 2332 2854 apud
2361 2783 2714 2853 Septuaginta
2748 2794 2800 2837 et
2832 2781 3079 2851 Aquilam
3133 2783 3340 2837 dictum
3378 2793 3460 2837 est
3497 2801 3515 2836 ι
3551 2783 3605 2838 in

2022 2876 2264 2945 psalmis,
2309 2896 2329 2930 ι
2377 2878 2427 2930 id
2470 2878 2712 2947 apertius
2754 2887 2883 2944 pnto
2919 2876 3152 2931 edidisse
3187 2875 3605 2948 Symmachum,

2026 2990 2047 3024 ι
2082 2974 2132 3026 in
2167 2971 2456 3043 psaltet'iis,
2501 2990 2518 3023 ι
2546 2985 2667 3025 cum
2722 2979 2835 3024 tres
2882 2984 2978 3023 nos
3026 2970 3255 3023 doceant
3288 2969 3339 3022 in
3380 2971 3607 3039 organis

339 3060 637 3131 Συμμάχου
669 3078 686 3111 ι
715 3059 802 3113 διὰ
821 3060 1155 3133 ψαλτηρίων,
1184 3083 1201 3113 ι
1236 3064 1595 3121 διδασκόντων
1623 3065 1773 3135 ἡμᾶς
1806 3064 1917 3120 τῶν

2024 3078 2144 3133 quae
2190 3062 2442 3129 psalteria
2498 3062 2773 3124 dicuntur,
2828 3061 3135 3129 huiusmodi
3180 3062 3454 3117 canticum
3505 3076 3604 3115 seu

338 3150 505 3221 τριῶν
532 3152 668 3225 πρὸς
699 3152 767 3205 τὰ
798 3152 1006 3223 ὄργανα
1039 3154 1347 3225 καλούμενα
1369 3155 1645 3225 ψαλτήρια
1666 3155 1918 3226 εἰρῆσθαι

338 3240 436 3313 τὴν
465 3241 607 3312 ᾠδὴν
629 3242 834 3313 ταύτην
867 3244 900 3314 ἢ
930 3244 992 3297 τὸ
1030 3245 1343 3315 μελῴδημα.
1370 3245 1598 3300 Πλείονα
1621 3245 1730 3316 γὰρ
1756 3246 1921 3316 ὄργα-

341 3348 408 3384 να
442 3332 702 3401 ζητητέον
733 3333 800 3386 δι’
830 3328 903 3387 ὧν
928 3334 1112 3405 ᾄδεται
1145 3336 1205 3389 τὸ
1234 3355 1252 3387 ι
1289 3338 1367 3400 είς
1403 3336 1463 3390 τὸ
1495 3335 1667 3399 τέλος,
1711 3358 1729 3389 ι
1765 3336 1798 3407 ἢ
1834 3356 1851 3388 ι
1891 3338 1920 3389 6

340 3422 625 3487 ἐπινίκιος,
664 3423 736 3493 »ἢ
763 3441 780 3474 ι
818 3425 893 3496 τῷ
919 3427 1196 3499 νικοποιῷ.
1231 3446 1247 3480 ι
1276 3428 1507 3484 Δύναται
1528 3430 1585 3484 δὲ
1617 3429 1790 3483 καὶτὸ
1814 3429 1918 3481 ὑπὸ

343 3514 695 3578 Θεοὸοτίωνος
737 3517 857 3587 είρη
868 3517 1025 3587 μένον
1050 3521 1128 3583 εἰς
1154 3520 1215 3573 τὸ
1249 3523 1397 3583 νῖκος
1425 3522 1482 3575 ὲν
1506 3513 1513 3519 ’
1535 3521 1726 3591 ὕμνοις
1761 3520 1919 3573 τοῦτο

340 3606 553 3677 δηλοῦν.
597 3606 743 3678 Αῦτη
776 3609 953 3661 τοίνυν
982 3610 1014 3682 η
1047 3609 1226 3683 ιξ)δὴ,ἢ
1256 3612 1316 3664 τὸ
1342 3611 1700 3685 μελῴδημα,ἢ
1731 3614 1759 3665 ὁ
1779 3613 1916 3681 ψαλ-

340 3699 462 3769 μὸς,
514 3698 613 3770 τὴν
644 3700 942 3780 εἰρημένην
976 3702 1229 3755 ὑπόθεσιν
1288 3703 1446 3773 ἔχων,
1503 3705 1571 3758 τὰ
1620 3707 1917 3777 προδιηγη-

339 3788 500 3842 Οέντα
528 3791 659 3859 ἡμῖν
711 3791 1126 3860 ἐπαγγέλλεται,
1169 3795 1476 3864 κοινότερον
1522 3797 1622 3867 μὲν
1668 3797 1746 3868 τῷ
1781 3815 1915 3873 προ-

337 3882 483 3953 φήτῃ
512 3882 691 3947 Δαυῒδ,
733 3884 1135 3955 μυστικώτερον
1166 3884 1221 3937 δὲ
1266 3885 1346 3956 τῷ
1379 3888 1601 3961 Χριστῷ
1633 3890 1693 3943 τὸ
1739 3891 1912 3963 πρόσ-

338 3990 487 4027 ωπον
533 3974 640 4028 τῶν
678 3975 847 4044 ἁγίων
896 3977 1347 4047 ἀναλαμϐάνοντι,
1408 3981 1501 4032 καὶ
1547 3982 1635 4035 ὁτὲ
1687 3982 1784 4051 μὲν
1816 3983 1913 4047 τὰς

337 4062 544 4131 θλίψεις
567 4064 748 4116 αὐτῶν
776 4064 855 4129 ὡς
891 4064 1027 4128 ἰδίας
1058 4066 1366 4137 ἡγουμένῳ,
1406 4069 1500 4121 καὶ
1536 4070 1661 4133 τοὺς
1693 4073 1750 4123 ἐν
1791 4072 1915 4124 ταύ-

333 4171 453 4217 ταις
485 4155 665 4207 αὐτῶν
707 4154 1240 4226 πλατυσμοὺς,(ἐπεὶ
1272 4159 1444 4227 ἁγίων
1477 4161 1593 4212 ἐστὶ
1635 4163 1785 4233 φωνὴ
1832 4163 1910 4225 τὸ,

339 4263 357 4295 ι
402 4246 489 4297 Ἑν
515 4246 679 4298 παντὶ
714 4246 1038 4316 Θλιὸόμενοι,
1073 4248 1187 4301 ἀλλ’
1219 4250 1280 4301 οὐ
1324 4252 1849 4323 στενοχωρούμενοι,
1889 4279 1906 4311 ι

334 4336 423 4389 ὁτὲ
452 4335 508 4387 δέ
539 4336 915 4407 ἐπιστρέφοντι
965 4338 1090 4399 τοὺς
1125 4337 1520 4411 βαρυκαρδίους
1562 4344 1655 4394 καὶ
1689 4345 1812 4407 τοὺς
1845 4346 1911 4398 τὰ

2024 3151 2447 3205 modulationem
2524 3149 2691 3203 luisse
2748 3150 3105 3219 persolutum.
3166 3150 3300 3205 Nam
3365 3152 3601 3222 plurima

2020 3243 2307 3313 quaerenda
2344 3253 2468 3297 sunt
2519 3258 2743 3311 organa,
2795 3243 2990 3310 quibus
3044 3244 3171 3298 illud
3212 3261 3231 3295 ι
3277 3246 3328 3297 in
3375 3244 3536 3301 linem
3576 3265 3597 3297 ι

2020 3336 2260 3400 canitur,
2290 3336 2372 3389 vel
2395 3355 2414 3387 ι
2442 3353 2536 3406 pro
2564 3347 2714 3405 parta
2749 3336 3001 3399 victoria,
3024 3356 3041 3388 ι
3072 3335 3153 3390 vel
3186 3355 3203 3387 ι
3229 3336 3476 3391 victori.)
3500 3337 3604 3393 Po.

2023 3434 2126 3481 test
2155 3437 2335 3481 autem
2360 3438 2414 3481 et
2439 3429 2578 3496 quod
2608 3427 2909 3482 'l‘beodotio
2950 3429 3143 3491 edidit,
3171 3446 3189 3479 ι
3232 3429 3280 3482 in
3319 3428 3601 3486 tictoriam

2020 3519 2074 3572 in
2096 3518 2367 3589 hymnis,»
2405 3521 2505 3572 hoe
2530 3521 2702 3587 ipsum
2728 3520 3057 3590 signiﬁcare.
3083 3519 3198 3575 lloc
3234 3522 3395 3591 igitur
3421 3524 3598 3579 canti-

2017 3624 2164 3673 cum,
2193 3607 2278 3662 vel
2303 3609 2549 3670 ntelodia,
2581 3609 2696 3662 sive
2728 3609 2968 3678 psalmus
3000 3623 3358 3665 memoratum
3390 3612 3600 3674 habens

2019 3709 2417 3768 argumentum,
2472 3716 2591 3767 qme
2640 3710 2799 3755 antea
2851 3718 2879 3754 a
2932 3704 3089 3757 nobis
3140 3703 3407 3773 esplicata
3446 3717 3595 3771 sunt,

2017 3792 2319 3861 pollicetur,
2350 3810 2414 3849 ex
2445 3795 2751 3865 vulgariore
2779 3797 3045 3850 sententia
3076 3797 3354 3866 prophetae
3386 3795 3597 3863 Davidi,

2016 3880 2315 3935 secundum
2379 3900 2633 3940 arcanam
2692 3900 2820 3939 vero
2878 3886 3331 3954 signiﬁcationem
3378 3888 3598 3943 Christo

2017 3983 2327 4028 sanctorum
2357 3992 2641 4044 personam
2666 3979 2987 4043 assumenti,
3026 3979 3370 4048 ipsorumque
3398 3996 3599 4035 aerum-

2017 4081 2114 4119 nas
2142 4068 2296 4133 quasi
2332 4068 2602 4134 proprias,
2639 4079 2694 4122 et
2722 4068 3066 4123 dilatationes
3091 4070 3249 4124 modo
3278 4071 3382 4125 sibi
3425 4073 3599 4127 ascri-

2014 4157 2161 4210 bcnti
2191 4159 2524 4227 (sanctorum
2550 4162 2692 4213 enim
2728 4160 2817 4214 illa
2846 4176 2949 4214 vox
2973 4171 3058 4215 est
3084 4160 3164 4209 θαι
3202 4181 3221 4214 ι
3256 4160 3312 4215 ln
3342 4163 3597 4219 omnibus

2018 4248 2415 4304 tribulationem
2442 4251 2731 4319 patientes,
2754 4251 2845 4306 sed
2873 4269 2978 4306 non
3006 4254 3300 4320 angustiati
3325 4254 3371 4323 r)
3393 4297 3406 4320 ,
3436 4256 3596 4309 modo

2015 4346 2193 4391 autem
2220 4352 2313 4393 eos
2343 4342 2681 4396 couvet'tenti
2710 4344 2798 4411 qui
2824 4344 2974 4412 gravi
3000 4345 3163 4398 corde
3192 4359 3342 4410 sunt,
3369 4358 3421 4400 et
3440 4348 3593 4401 vauiv

340 4426 543 4479 μάταια
582 4426 925 4494 ἀγαπῶντας.
971 4429 1046 4481 Οὐ
1077 4432 1218 4486 πάνυ
1265 4430 1321 4484 δέ
1355 4432 1634 4503 ζητήσεως
1662 4434 1844 4504 ἔχεται
1877 4439 1908 4507 ἡ

2024 4438 2184 4483 tatem
2206 4431 2451 4500 diligunt.
2474 4433 2737 4487 Cancrum
2763 4450 2870 4489 non
2896 4436 3054 4503 longa
3080 4437 3431 4506 inquisitione
3454 4441 3595 4495 indi-

334 4518 568 4588 διαφορὰ
602 4517 709 4569 τῶν
730 4516 928 4581 λέξεων
947 4518 1089 4591 ᾠδῆς
1115 4523 1210 4573 καὶ
1247 4521 1649 4592 μελῳδὴματος.
1680 4526 1776 4582 Διὰ
1814 4528 1912 4597 μὲν

333 4608 443 4679 γὰρ
478 4610 578 4679 τῆς
607 4608 753 4679 ᾠδῆς
776 4608 1017 4674 ἔκκλισις
1048 4612 1147 4681 τῆς
1184 4614 1369 4683 φωνῆς
1396 4614 1651 4686 δηλοῦται
1703 4618 1795 4671 τοῦ
1829 4619 1917 4671 λέ-

333 4717 543 4770 γοντος,
562 4700 649 4755 διὰ
671 4701 726 4754 δὲ
756 4702 847 4756 τοῦ
880 4703 1264 4777 μελῳδήματος
1292 4708 1433 4780 τάχα
1462 4710 1551 4765 καὶ
1582 4711 1645 4762 τὸ
1669 4712 1914 4781 τεχνικὶν

331 4793 425 4845 τοῦ
454 4794 718 4864 μυστικοῦ
752 4794 949 4866 μέλους
983 4796 1248 4867 ᾀδομένου
1292 4801 1348 4850 ἐν
1399 4801 1610 4871 ῥυθμῷ.
1661 4801 1816 4853 Κατὰ
1855 4802 1913 4859 δὲ

331 4886 457 4948 τοὺς
484 4885 582 4954 τῆς
604 4886 897 4955 ἀναγωγῆς
923 4887 1120 4956 νόμους
1150 4890 1182 4959 ἡ
1218 4888 1490 4959 εῦρυθμος
1524 4890 1614 4944 καὶ
1647 4890 1785 4944 κατὰ
1825 4891 1913 4945 λό-

332 4990 427 5041 γον
477 4974 795 5045 ἐξεταστικὴ
846 4974 1088 5028 πολιτεία
1141 4979 1223 5039 είς
1280 4977 1438 5043 δόξαν
1476 4978 1611 5031 Θεοῦ
1646 4981 1906 5051 γινομένη

333 5065 473 5136 μετὰ
513 5066 800 5136 δογμάτων
836 5066 1004 5135 ὑγιῶν
1043 5068 1138 5121 καὶ
1189 5068 1360 5137 λόγων
1395 5070 1488 5123 καὶ
1516 5070 1719 5143 ἑτέροις
1767 5070 1912 5141 thes,

330 5158 504 5228 λίμων
541 5161 626 5229 εἴη
658 5158 725 5212 ἂν
758 5160 819 5213 τὸ
859 5159 1173 5231 μελῴδημα.

414 5252 509 5303 Ἐν
538 5252 618 5317 τῷ
646 5252 1064 5309 ἐπικαλεῖσθαί
1084 5272 1180 5323 με,
1203 5253 1529 5321 εἰσήκουσέ
1551 5271 1668 5323 μου
1694 5256 1725 5306 ό
1762 5254 1905 5320 Θεὸς

328 5342 439 5409 τῆς
476 5342 868 5411 δικαιοσύνης
896 5363 1034 5414 μου.
1065 5362 1117 5397 κ.
1150 5364 1198 5400 τ.
1238 5348 1283 5403 ἐ.
1316 5347 1389 5399 Τὸ
1413 5346 1571 5414 λέγον
1609 5344 1900 5416 πρόσωπον

330 5436 442 5505 (9i)
481 5434 599 5506 ἦτοι
632 5437 659 5487 6
690 5435 979 5507 Προφήτης
1022 5437 1191 5505 ἐστὶν,
1223 5438 1255 5508 ἦ
1284 5440 1313 5490 6
1345 5435 1578 5509 Χριστὸς
1625 5437 1765 5491 κατὰ
1800 5436 1898 5508 τὴν

396 5532 442 5565 οδ
481 5529 523 5583 ll
575 5530 700 5585 Cor.
746 5546 818 5594 tv,
860 5530 913 5584 8.

2017 4529 2106 4590 get
2136 4522 2429 4577 discrimen
2460 4539 2646 4576 vocum
2676 4528 2876 4581 cantici
2899 4537 2955 4582 et
2987 4529 3248 4584 melodite.
3280 4529 3385 4587 Per
3418 4535 3596 4588 canti-

2015 4626 2139 4664 cum
2165 4628 2264 4667 vox
2294 4615 2524 4669 dicentis
2555 4616 2839 4685 inclinata,
2861 4635 2958 4687 per
2989 4621 3272 4677 tuelodiam
3298 4626 3591 4679 artilieinm

2016 4705 2272 4760 carminis
2301 4707 2609 4778 rhytlttniee
2652 4713 2857 4765 cantati
2896 4713 3233 4783 designatur.
3278 4715 3590 4770 Secundum

2015 4806 2193 4851 autem
2231 4813 2423 4853 sensus
2466 4802 2744 4871 anagogiei
2780 4803 2944 4874 leges,
2975 4805 3116 4859 bene
3153 4807 3514 4873 compositum
3540 4816 3596 4858 et

2013 4890 2079 4943 ad
2129 4891 2359 4946 rationis
2412 4908 2656 4948 normam
2713 4906 2962 4949 exactum
3015 4895 3138 4948 vita:
3184 4895 3490 4950 institutum
3522 4899 3591 4949 ad

2016 4981 2105 5033 Dei
2139 4983 2395 5051 gloriam,
2423 5000 2546 5039 cum
2576 4987 2824 5042 doctrina
2859 5002 2990 5041 sana
3038 4988 3326 5057 verbisque
3355 4990 3420 5042 ad
3449 4991 3588 5042 alio-
3624 5048 3627 5053 ν

2012 5088 2129 5126 runt
2160 5072 2443 5130 utilitatem
2478 5077 2835 5142 concinnatis,
2866 5077 2977 5132 erit
3002 5078 3250 5134 ntelodia.

2084 5256 2244 5313 \‘sns.
2275 5257 2331 5310 2.
2370 5255 2501 5311 Cum
2525 5258 2846 5324 invocarem,
2881 5260 3148 5313 exaudivit
3186 5276 3266 5314 me
3307 5258 3449 5314 Deus
3486 5261 3585 5331 ju-

2007 5348 2166 5402 ssiria'
2192 5366 2337 5409 mere.
2376 5362 2481 5405 etc.
2510 5350 2640 5417 Qua:
2665 5351 2752 5407 hic
2783 5352 3021 5420 loquitur
3047 5367 3306 5420 persona,
3333 5351 3417 5407 vel
3446 5353 3583 5407 Pro-

2008 5436 2192 5506 pheta,
2225 5439 2309 5493 vel
2338 5440 2589 5495 Cbristus
2615 5450 2699 5494 est
2748 5443 3046 5496 secundum
3090 5443 3381 5498 humanam
3417 5454 3582 5499 natu-

396 5655 505 5723 (91)
538 5654 603 5707 Τὸ
634 5652 816 5724 λέγω»
848 5654 1193 5720 πρόσωπον,
1229 5662 1333 5707 ειν.
1394 5651 1573 5705 Codex
1632 5649 1921 5705 Barocciau

2024 5691 2031 5714 ,
2084 5646 2375 5702 Barbarus.
2438 5643 2628 5701 Exstat
2682 5646 2937 5701 etiamin
2993 5647 3179 5703 codice
3227 5647 3339 5704 Roe
3378 5648 3431 5719 4,
3484 5651 3580 5709 sed

322 5739 573 5779 mancum
612 5735 664 5778 et
698 5724 967 5778 mutilum.
