4058 6244
360 353 499 412 H37

1347 348 1653 407 SELECTA
1695 350 1762 406 ΙΝ
1803 347 2139 405 PSALMOS.
2183 376 2247 386 --
2282 343 2478 399 I’S.\L.
2504 341 2607 399 όν.

3499 338 3553 390 Η

358 472 449 524 λαὶ
476 491 493 522 ι
516 469 645 541 γὰρ,
666 470 850 541 φησὶν,
880 487 898 520 ι
925 469 979 524 αί
998 468 1205 539 θλίψεις
1221 466 1329 521 τῶν
1343 466 1585 520 δικαίων·
1616 463 1790 529 »καὶ,ι
1812 463 1915 516 Πολ

2051 473 2229 516 vocat.
2281 461 2414 515 Nam
2459 480 2475 511 ι
2506 460 2708 523 multm,
2747 456 2988 526 inquit',
3036 455 3417 510 tribulatioues
3451 453 3630 523 justu-

359 565 451 618 λαὶ⁸
466 564 522 617 αί
555 563 818 635 μάστιγες
847 562 942 617 τοῦ
970 560 1486 635 ἁμαρτωλοῢδΚαὶ
1501 559 1940 630 παραδείγματος

360 657 549 709 ἕνεκεν
576 654 830 726 ἐροῦμεν,
864 654 900 708 ἃ
936 655 1033 725 μὲν
1075 652 1340 707 πέπονθεν
1376 650 1513 714 Ἰὼϐ,
1544 650 1750 720 θλίψεις
1775 644 1938 711 εἶναι,

363 751 455 803 καὶ
487 749 524 803 ἃ
564 748 765 818 Ἰωσὴφ
789 748 849 800 ὲν
868 746 1128 817 Αίγύπτῳ
1152 762 1164 775 ·
1210 744 1247 799 ἆ
1285 743 1342 796 δὲ
1375 741 1536 796 Δαυῖδ
1586 741 1675 795 διὰ
1715 741 1815 811 τὴν
1844 739 1938 793 τοῦ

361 840 556 911 Οὐρίου
581 840 676 893 καὶ
705 838 792 892 διὰ
830 839 891 891 τὸ
924 838 1293 910 ἡριθμηκέναι
1327 838 1419 890 τὸν
1459 836 1603 899 λαὸν,
1638 835 1935 906 μάστιγας.

361 932 785 1003 Παρατηρητέον
821 931 1095 1002 μέντοιγε,
1142 933 1215 1002 μή
1240 946 1294 983 τι
1337 929 1573 1002 λανθάνῃ
1596 930 1745 999 ἡμᾶς
1784 928 1842 981 ὲν
1872 929 1937 998 τῇ

361 1021 573 1091 Γραφῇ,
604 1021 687 1073 ὅτι
709 1020 886 1089 θλίψις
918 1021 1067 1073 ἐστὶν
1094 1020 1187 1072 ἐπὶ
1230 1019 1571 1090 ἁμαρτωλῶν
1606 1016 1936 1087 τεταγμένη,

360 1113 455 1165 καὶ
491 1110 689 1183 μάστιξ
731 1115 823 1167 ἐπὶ
860 1113 966 1165 τῶν
995 1113 1098 1184 ἤδη
1131 1112 1378 1165 δικαίων.
1407 1112 1530 1163 "Ott
1587 1110 1644 1163 δὲ
1689 1108 1870 1178 θλίψις
1910 1109 1938 1160 6

357 1207 469 1265 τοῖς
502 1205 677 1273 ἁγίοις
712 1205 987 1275 διδόμενος
1026 1202 1331 1276 πειρασμὸς
1370 1201 1620 1257 ἀθλοῦσιν
1668 1201 1934 1264 καλεῖται,

356 1294 466 1347 ἀπὸ
498 1295 705 1349 πολλῶν
752 1297 931 1368 ῥητῶν
975 1296 1279 1366 κινούμεθα
1321 1295 1415 1348 καὶ
1454 1294 1656 1365 ἑτέρων
1678 1293 1829 1364 παρὰ
1866 1293 1935 1346 τὰ

357 1388 749 1459 προειρημένα.
786 1390 861 1443 Οὐ
903 1388 1212 1459 θαυμαστὸν
1240 1387 1350 1457 γὰρ
1394 1388 1441 1439 εί
1479 1384 1675 1452 μάστιξ
1705 1384 1934 1438 ἅπτεται

354 1476 485 1529 υίῶν
510 1478 928 1550 ἡμαρτηκότων,
958 1478 1034 1542 ῶς
1072 1495 1235 1548 φησιν
1258 1480 1286 1531 6
1311 1475 1578 1546 Σολομὼν·
1606 1495 1623 1525 ι
1666 1478 1937 1543 Μαστιγοῐ

352 1567 410 1620 δὲ
445 1568 625 1622 πάντα
659 1569 795 1631 υίδν,
830 1570 889 1622 δν
924 1569 1310 1639 παραδέχεται.
1337 1589 1351 1618 ι
1375 1570 1484 1620 Καὶ
1511 1569 1671 1621 πάλιν
1705 1569 1931 1620 ἐπιστα-

353 1663 468 1713 τεῖν
503 1662 607 1731 χρὴ
645 1661 913 1732 μάστιγας
943 1662 1129 1715 καλεῖν
1148 1661 1215 1715 τὰ
1244 1663 1357 1725 τοῖς
1385 1660 1701 1729 Αἰγυπτίοις
1730 1659 1817 1713 διὰ
1842 1660 1932 1712 τὸν

368 1752 582 1822 Ἰσραήλ
610 1752 994 1824 συμϐεϐηκότα
1012 1769 1025 1782 ·
1070 1752 1193 1807 ἐπεὶ
1217 1752 1348 1805 υίῶν
1377 1756 1524 1806 ἐστιν
1557 1752 1616 1804 τὸ
1640 1751 1929 1821 μαστιγοῦ-

355 1842 499 1896 σθαι.
530 1844 639 1896 Καὶ
670 1843 780 1915 γὰρ
801 1846 857 1897 ὲν
878 1844 957 1914 τῷ
984 1842 1326 1915 ὀγδοηκοστῷ
1351 1842 1521 1914 ὀγδόῳ
1548 1842 1747 1913 ψαλμῷ
1777 1842 1928 1914 εἴρη-

352 1950 470 1987 ται·
504 1952 521 1984 ι
571 1933 696 1987 Ἐὰν
727 1935 1126 1988 καταλείπωσιν
1153 1935 1258 1987 υἱοὶ
1302 1935 1465 1987 αὐτοῦ
1492 1934 1581 1987 τὸν
1610 1934 1772 2005 νόμον
1803 1951 1924 2004 μου,

354 2026 448 2077 καὶ
481 2026 539 2078 ὲν
579 2029 689 2089 τοῖς
720 2027 949 2097 κρίμασί
978 2044 1079 2097 μου
1124 2026 1197 2098 μὴ
1228 2027 1583 2097 πορευθῶσιν,
1618 2026 1712 2079 ὲὰν
1744 2026 1813 2078 τὰ
1851 2026 1927 2078 διο·

350 2116 641 2188 καιώματὰ
683 2137 781 2189 μου
814 2119 1217 2190 βεϐηλώσωσιν,
1270 2120 1363 2173 καὶ
1412 2119 1508 2183 τὰς
1555 2120 1773 2183 ἐντολάς
1824 2137 1924 2190 μου

354 2209 428 2281 μὴ
469 2210 794 2279 φυλάξωσιν,
832 2212 1199 2282 ἐπισκέψομαι
1246 2213 1304 2265 ὲν
1335 2211 1515 2281 ῥάϐδῳ
1557 2210 1656 2273 τὰς
1695 2210 1925 2281 ἀνομίας

346 2302 551 2356 αὐτῶν.
597 2322 615 2354 ι
654 2303 868 2356 Τούτων
925 2303 982 2357 δὲ
1030 2303 1357 2373 εἰρημένων,
1395 2302 1455 2355 τὸ
1507 2303 1604 2373 μὲν
1649 2302 1925 2356 θλίϐεσθαι

345 2390 449 2442 οὐκ
482 2390 547 2442 ἂν
577 2391 661 2460 εἴη
712 2392 820 2445 τῶν
860 2393 947 2461 ἐφ’
979 2393 1110 2462 ήμίν
1130 2409 1142 2422 ·
1172 2391 1233 2444 τὸ
1278 2392 1334 2445 δὲ
1358 2392 1807 2464 δυσαρεστεῖσθαι
1833 2396 1926 2448 καὶ

346 2480 605 2535 ἐνδιδόναι
657 2482 765 2535 τῶν
801 2484 887 2553 ἐφ’
929 2486 1061 2555 ἡμῖν
1098 2484 1349 2554 ψεκτῶνο
1396 2488 1530 2559 ὅπερ
1576 2491 1925 2560 στενοχωρεῖ-

345 2570 470 2625 σθαι
489 2573 843 2644 ὀνομάζουσιν
867 2577 922 2629 αί
957 2576 1191 2648 Γραφαί.
1217 2578 1290 2631 Τὸ
1315 2578 1372 2632 δὲ
1402 2579 1539 2651 πρὸς
1570 2579 1649 2650 τῷ
1678 2579 1751 2650 μὴ
1787 2580 1923 2632 ἐνδι-

342 2662 490 2717 δόναι
515 2667 611 2719 καὶ
645 2667 1035 2738 εὐφραίνεσθαι
1078 2670 1135 2722 ὲν
1168 2671 1383 2734 αὐταῖς,
1429 2670 1505 2734 ὼς
1557 2670 1746 2735 οὔσαις
1789 2687 1924 2742 προ-

343 2757 540 2824 φάσεσι
576 2757 836 2828 μειζόνων
866 2759 1042 2813 ἄθλων
1067 2761 1160 2814 καὶ
1186 2762 1538 2830 ἐπαγγελιῶν
1556 2802 1571 2827 ,
1626 2764 1800 2832 ἁγίων
1830 2764 1921 2834 ἔρ·-

341 2861 458 2913 γον,
494 2847 635 2901 καθά
663 2866 827 2920 φησιν
854 2851 883 2903 6
927 2850 1275 2916 Ἀπόστολος·
1300 2871 1319 2904 ι
1365 2854 1453 2907 Ἑν
1484 2853 1649 2909 παντὶ
1672 2854 1922 2926 θλιϐόμε-

340 2953 443 3001 νοι,
462 2936 577 2991 ἁλλ’
601 2940 663 2993 οὐ
690 2940 1196 3013 στενοχωρούμενοι.
1211 2963 1230 2997 ›
1249 2943 1358 2997 Καὶ
1378 2944 1700 3017 αἰτιώμενος
1724 2948 1921 3019 Κοριν-

339 3026 491 3093 θίους
524 3030 688 3103 φησὶν
722 3032 906 3096 αὐτοῖς
930 3034 1211 3105 προσιέναι
1240 3037 1621 3108 στενοχωρίαν,
1652 3037 1795 3091 οὕτω
1834 3038 1920 3092 λέ-

2047 570 2198 618 rum;
2234 574 2251 605 ι
2293 553 2384 608 et“
2418 571 2431 606 :
2463 570 2479 601 ι
2510 551 2672 605 Multa
2698 550 2912 617 ﬂagella
2965 548 3284 617 peccatoris.
3314 566 3332 597 ι
3377 547 3625 615 Exmnpli

2043 659 2237 709 causa,
2270 660 2389 713 quae
2422 643 2645 714 pertulit
2674 641 2801 702 Job,
2838 652 2893 695 et
2924 656 3043 709 qua:
3082 654 3276 709 passus
3305 649 3388 692 est
3419 638 3621 708 Ioseph

2044 735 2096 789 in
2130 731 2389 804 Aigypm,
2418 732 2804 786 tribulationes
2829 729 3111 792 dicemus;
3142 743 3263 797 qua:
3292 736 3471 780 autem
3500 744 3623 793 pro-

2043 834 2161 895 pter
2195 839 2421 879 uxorem
2456 822 2600 878 Uriae
2646 833 2701 875 et
2746 822 2929 891 pepuli
2961 835 3186 876 censum
3220 834 3511 889 perpessus
3541 827 3627 873 est

2042 918 2237 981 David,
2289 915 2501 987 ﬂagella
2559 913 2972 984 appellabimus.
3029 911 3194 982 558
3239 910 3503 966 Caeterum
3558 926 3624 963 ue

2041 1011 2169 1079 quid
2199 1010 2250 1063 in
2283 1008 2585 1079 Scriptnris
2627 1021 2726 1060 nos
2757 1006 2943 1069 lateat,
2975 1003 3376 1059 observandum
3409 1012 3488 1056 est
3520 1004 3609 1054 tri-

2042 1103 2374 1158 bulationem
2407 1102 2572 1155 etiam
2606 1099 3011 1169 peccatoribus,
3041 1106 3092 1151 et
3137 1095 3408 1165 ﬂagellum
3445 1098 3619 1150 homi—

2041 1196 2199 1250 nibus
2244 1195 2356 1264 jam
2405 1193 2570 1263 justis
2608 1192 2794 1247 tribui.
2828 1189 2984 1257 Quod
3032 1202 3165 1243 vero
3211 1190 3459 1252 tentatio,
3497 1205 3619 1257 quze

2038 1287 2248 1342 sanctis
2301 1286 2436 1340 viris
2482 1284 2823 1340 certantibus
2876 1281 3212 1345 immittitur,
3250 1280 3619 1335 tribulationis

2039 1377 2259 1432 nomine
2286 1390 2534 1440 vocetur,
2573 1390 2636 1429 ex
2671 1374 2854 1428 multis
2883 1380 3083 1442 praeter
3116 1385 3178 1424 ea
3209 1385 3328 1440 qum
3358 1370 3620 1435 diximus,

2037 1468 2238 1535 verbis,
2266 1476 2323 1521 ut
2359 1466 2652 1521 credamus
2697 1465 3039 1519 adducimur.
3078 1462 3195 1517 Non
3242 1462 3387 1517 enim
3421 1462 3619 1516 mirum

2036 1570 2141 1623 est,
2172 1559 2215 1614 si
2261 1558 2536 1629 ﬂagellum
2584 1558 2963 1627 delinquentes
2994 1558 3135 1612 lilios
3164 1555 3410 1622 corripit,
3441 1564 3499 1607 ut
3544 1556 3620 1605 ait

2036 1651 2295 1707 Salomon
2319 1652 2337 1682 ⁷
2367 1670 2378 1704 :
2411 1667 2429 1700 ι
2462 1648 2722 1719 Flagellat
2763 1656 2945 1702 autem
2980 1663 3200 1703 omnem
3242 1647 3413 1700 lilium
3454 1661 3615 1713 quem

2037 1742 2245 1812 recipit.
2278 1761 2297 1795 ι
2332 1742 2397 1795 Ει
2447 1756 2636 1796 rursus
2684 1740 3232 1795 auimadrerteudmn
3275 1751 3359 1794 est
3404 1738 3612 1805 ﬂagella

2030 1836 2135 1891 dici
2163 1850 2285 1905 qua:
2312 1833 2587 1905 Egyptiis
2618 1832 3023 1904 prepterlsrael
3047 1835 3414 1904 contigerunt.
3450 1832 3615 1886 Filiu-

2034 1944 2149 1981 rum
2182 1928 2327 1982 enim
2354 1926 2636 1996 proprium
2664 1936 2747 1981 est
2782 1924 2995 1993 ﬂagello
3029 1926 3304 1993 vapulare.
3340 1925 3608 1991 Quare-in

2031 2019 2238 2088 psalmo
2268 2018 2600 2089 octogesimo
2626 2027 2821 2073 octavo
2852 2018 3053 2073 dicitur
3075 2018 3095 2048 ⁸
3121 2039 3134 2069 .
3170 2036 3187 2068 ι
3217 2018 3270 2070 Si
3300 2018 3610 2083 derelique-

2030 2115 2138 2166 rint
2178 2112 2271 2165 ﬂlii
2311 2111 2430 2181 ejus
2461 2111 2635 2179 legem
2679 2127 2878 2175 meam,
2915 2122 2971 2165 et
3009 2113 3060 2165 in
3087 2111 3310 2180 judiciis
3340 2110 3475 2163 meis
3503 2128 3606 2162 non

2030 2200 2463 2268 ambulaverint,
2505 2202 2549 2255 si
2590 2202 2829 2271 justitias
2878 2218 3024 2257 meas
3070 2202 3506 2271 profanaverint,
3556 2212 3611 2254 et

2030 2293 2282 2346 mandata
2326 2307 2443 2346 mea
2482 2306 2587 2346 non
2631 2292 3011 2355 custodierint,
3058 2293 3291 2347 visitabo
3339 2292 3391 2345 in
3456 2292 3607 2359 virga

2028 2386 2342 2455 iniquitates
2379 2400 2589 2440 eorum.
2616 2401 2636 2437 ι
2675 2383 2798 2438 ilice
2837 2400 2959 2439 cum
3007 2385 3147 2438 dicta
3197 2384 3325 2448 sint,
3364 2384 3607 2437 tribulati

2027 2492 2133 2531 non
2169 2484 2252 2532 est
2299 2476 2352 2530 in
2401 2477 2593 2542 nobis;
2636 2477 2867 2531 moleste
2924 2486 3108 2530 autem
3144 2474 3289 2531 ferre
3328 2486 3381 2530 et
3414 2478 3607 2529 cedere

2026 2569 2183 2624 nobis
2207 2581 2291 2625 est
2318 2568 2546 2624 liberum
2579 2568 2852 2637 simulque
2874 2567 3259 2637 vituperabile;
3284 2568 3426 2638 quod
3455 2568 3604 2622 Scri-

2023 2671 2197 2732 ptura:
2251 2671 2449 2717 vocant
2494 2664 2820 2732 angustiari.
2866 2662 2981 2716 Non
3036 2661 3209 2715 solum
3266 2672 3443 2716 autem
3498 2678 3603 2715 non

2024 2758 2240 2819 cedere,
2272 2758 2365 2811 sed
2399 2757 2449 2809 in
2484 2756 2616 2825 ipsis
2651 2755 2848 2821 laetari,
2873 2767 3061 2825 utpote
3084 2771 3203 2823 quae
3233 2753 3439 2822 majora
3468 2770 3605 2823 prm-

2024 2849 2131 2902 mia
2164 2848 2531 2918 consequendi
2558 2850 2905 2903 occasionem
2954 2846 3254 2917 praebcant,
3291 2857 3600 2901 sanctorum

2024 2941 2265 2995 virorum
2306 2956 2443 3011 opus
2490 2949 2593 3006 est,
2626 2941 3084 3011 quemadmodum
3119 2941 3195 2993 ait
3223 2935 3556 3010 Apostolus9
3584 2958 3598 2993 :

2027 3051 2045 3084 ι
2072 3032 2126 3087 In
2155 3033 2410 3087 outriibns
2451 3032 2862 3087 tribulationem
2910 3033 3202 3101 patientes,
3236 3032 3329 3086 sed
3362 3048 3468 3085 non
3500 3048 3600 3084 au-

338 3141 485 3192 γωνο
526 3143 543 3175 ι
583 3125 658 3178 Οὐ
695 3126 1200 3196 στενοχωρεῖσθε-ὲν
1224 3129 1376 3198 ἡμῖν,
1409 3130 1830 3201 στενοχωρεῖσθε
1858 3131 1916 3185 δὲ

2025 3123 2264 3191 gustiati.
2296 3140 2315 3174 ι
2358 3122 2420 3177 Et
2443 3136 2672 3192 carpens
2694 3123 3009 3177 Corinthios
3051 3125 3127 3177 ait
3158 3125 3437 3194 angustias
3471 3126 3603 3193 ipsis

338 3219 399 3269 ἑν
441 3219 553 3280 τοῖς
583 3216 910 3288 σπλάγχνοις
943 3219 1114 3288 ὐμῶν.
1142 3238 1160 3271 ι
1196 3216 1327 3273 Εἶτα
1354 3221 1687 3292 παρακαλῶν
1719 3222 1915 3286 αὐτοὺς

337 3305 430 3360 διὰ
454 3307 554 3377 τὴν
584 3307 691 3359 τοῦ
711 3308 865 3375 ἁγίου
898 3308 1255 3371 κατάστασιν,
1274 3310 1438 3380 φησίν
1463 3328 1477 3340 °
1512 3329 1530 3361 ι
1569 3310 1914 3384 Πλατύνθητε

338 3397 437 3450 καὶ
486 3399 661 3467 ὑμεῖς.
701 3418 722 3452 ι
760 3401 870 3452 Καὶ
902 3393 1005 3453 ὧδε
1046 3400 1225 3454 τοίνυν
1272 3402 1587 3474 εὐχαριστεῖ
1620 3402 1697 3474 τῷ
1735 3404 1855 3475 Θεῷ
1885 3406 1914 3458 6

338 3487 632 3559 Προφήτης
656 3488 980 3561 βοηθήσαντι
1008 3492 1152 3562 αὐτῷ
1187 3494 1281 3546 καὶ
1314 3494 1650 3567 εὐρυχωρίαν
1673 3497 1915 3569 δωρησαδ

341 3580 488 3651 μένῳ
514 3583 579 3652 τῇ
606 3583 924 3654 προαιρέσει
951 3583 1113 3638 αὐτοῦ
1140 3585 1196 3636 ὲν
1225 3585 1402 3657 καιρῷ
1429 3586 1675 3657 θλίψεως.
1706 3589 1915 3645 mm-

336 3688 416 3725 νει
447 3672 555 3741 γὰρ
592 3675 621 3726 6
672 3673 804 3739 Θεὸς
835 3676 896 3729 οὐ
930 3675 1118 3731 παύων
1148 3677 1274 3742 τοὺς
1307 3679 1527 3744 κακοὺς,
1579 3680 1713 3734 ἁλλὰ
1745 3698 1913 3753 μεγα-

336 3761 594 3835 λοψυχίαν
617 3764 813 3829 διδούς.

411 3948 529 4002 Υἱοὶ
563 3948 909 4019 ἀνθρώπων,
948 3951 1059 4017 ἓως
1086 3952 1231 4006 πότε
1253 3954 1680 4023 ,βαρυκάρδιοι;
1709 3958 1829 4013 Ἵνα
1853 3961 1910 4015 τί

332 4037 600 4106 ἀγαπᾶτε
620 4043 1001 4111 ματαιότητα,
1047 4044 1147 4097 καί
1168 4043 1387 4113 ζῆτε-ἴτε
1409 4047 1655 4116 ψεῦδος,
1689 4067 1741 4106 κ.
1776 4068 1827 4107 τ.
1858 4054 1904 4106 ὲ.

328 4129 429 4194 τὸ,
452 4152 479 4180 α
499 4130 617 4185 Υἱοὶ
643 4132 945 4204 ἀνθρώπων
972 4133 1137 4205 (95),›
1174 4138 1202 4189 6
1233 4138 1335 4207 μέν
1366 4156 1448 4202 τις
1474 4141 1717 4212 οἰήσεται
1744 4160 1903 4214 περι-

330 4222 644 4290 φραστικῶς
692 4224 963 4296 εἰρῆσθαι,
1024 4226 1097 4290 ὼς
1154 4229 1248 4281 καὶ
1281 4229 1538 4302 Ἕλλησιν
1572 4231 1725 4295 ἔθοςο
1779 4230 1905 4299 Υἷες

342 4311 605 4380 Ἀχαιῶν⁹
637 4314 812 4384 ἕτεροι
842 4316 897 4368 δὲ
924 4318 1032 4371 ἀπὸ
1063 4318 1157 4372 τοῦ
1181 4322 1430 4392 Σωτῆρος
1458 4321 1753 4393 ἀρξάμενοι
1785 4326 1907 4379 πολ.

328 4402 493 4472 λοιχοῦ
547 4405 978 4476 χρηματίζοντος
1025 4410 1156 4464 Υἱοῦ
1213 4412 1524 4485 ἀνθρώπου,
1582 4416 1679 4487 τὴν
1726 4418 1904 4473 αἰτίαν

2023 3215 2229 3278 inesse,
2267 3213 2454 3268 dicens
2477 3214 2520 3246 ¹⁰
2549 3230 2564 3265 :
2600 3232 2619 3265 ι
2649 3212 2763 3268 Non
2798 3214 3185 3283 angustiamini
3211 3215 3262 3266 iu
3301 3213 3477 3275 nobis,
3501 3231 3597 3267 an-

2022 3305 2345 3375 gustiamini
2389 3316 2574 3360 autem
2611 3306 2662 3359 in
2713 3306 3010 3361 visceribus
3052 3306 3265 3360 vestris.
3293 3325 3310 3356 ι
3354 3305 3470 3358 Mox
3507 3323 3599 3359 cos

2021 3412 2118 3464 per
2141 3397 2450 3452 sanctitatis
2494 3406 2691 3451 statum
2718 3399 3040 3461 exhortans,
3074 3397 3204 3453 dicit
3230 3398 3268 3428 “
3301 3416 3313 3452 :
3342 3417 3358 3447 ι
3392 3397 3595 3451 Dilata-

2021 3490 2152 3545 tniui
2181 3499 2239 3544 et
2268 3504 2386 3545 vos.
2413 3508 2431 3541 ι
2469 3490 2561 3545 Sic
2594 3490 2758 3561 igitur
2782 3491 3051 3559 Propheta
3100 3491 3306 3561 gratias
3331 3492 3441 3560 agit
3479 3491 3592 3544 Deo

2019 3582 2109 3651 qui
2149 3582 2406 3643 auxilium
2441 3584 2489 3640 ei
2523 3582 2709 3639 attulit
2743 3592 2798 3637 et
2824 3583 3197 3637 dilatationem
3221 3584 3366 3638 dedit
3406 3584 3599 3638 volun—

2022 3674 2118 3728 tati
2173 3674 2289 3743 ejus
2340 3676 2392 3729 in
2451 3685 2693 3746 tempore
2754 3676 3140 3730 tribulationis.
3189 3675 3386 3729 Dilatat
3448 3677 3593 3730 enim

2018 3764 2182 3831 Deos,
2214 3782 2321 3821 non
2358 3767 2529 3823 malos
2557 3768 2883 3835 cobibendo,
2911 3771 3009 3824 sed
3056 3769 3220 3823 animi
3265 3770 3592 3838 magnitudi-

2017 3872 2140 3912 nem
2164 3858 2542 3929 impertienda.

2087 3947 2249 4004 Vens.
2280 3950 2331 4005 5.
2370 3950 2502 4004 Filii
2530 3951 2818 4016 hominum,
2852 3967 3115 4023 nsquequo
3135 3952 3280 4022 gravi
3308 3956 3500 4007 corde?
3524 3953 3590 4008 Ut

2015 4045 2139 4114 quid
2171 4045 2390 4116 diligitis
2422 4047 2706 4099 vanitatem
2737 4056 2784 4100 et
2814 4049 3051 4116 qnwn'lis
3077 4048 3449 4102 mendacium!
3477 4063 3586 4105 etc.

2015 4134 2182 4200 Istud,
2218 4156 2235 4188 ι
2262 4138 2359 4191 .‘ilii
2391 4137 2692 4203 hominum,
2721 4157 2739 4189 ι
2775 4139 3019 4192 nonnulli
3045 4139 3458 4193 arbitrabuntur
3493 4157 3589 4208 per

2013 4227 2554 4286 circumlocutionem
2577 4232 2779 4285 dictum
2798 4245 2939 4293 esse,
2966 4234 3424 4300 quemadmodum
3449 4234 3589 4299 apud

2012 4321 2255 4388 Graecos,
2286 4322 2384 4377 lilii
2424 4323 2782 4378 Achivorum.
2832 4323 2933 4377 Alii
2967 4339 3096 4379 vero
3124 4342 3152 4377 a
3192 4325 3476 4379 Salvatore
3515 4325 3593 4377 in-

2011 4412 2295 4481 cipientes,
2331 4414 2422 4483 qui
2454 4414 2773 4484 plerumque
2810 4412 2977 4469 Filius
3010 4416 3242 4471 hominis
3264 4418 3588 4485 appellatur,

329 4492 702 4563 βουλεύσονται
727 4496 1031 4566 ἐξιχνεῦσαι
1055 4502 1148 4555 καὶ
1178 4505 1305 4574 περὶ
1330 4504 1438 4559 τῶν
1469 4505 1774 4576 ἀνθρώπων
1802 4511 1902 4581 οὐχ

2023 4520 2231 4558 rausam
2256 4521 2499 4574 quaerere
2524 4508 2705 4561 volent
2727 4522 2827 4560 cur
2861 4508 3088 4576 quidam
3126 4523 3229 4561 non
3267 4508 3587 4575 Silllpilt'ilt‘l'

329 4586 515 4649 ἁπλῶς
544 4586 872 4657 λεγομένων,
916 4591 1174 4657 πολλάκις
1202 4596 1332 4649 υἱῶν
1358 4597 1662 4669 ἀνθρώπων
1684 4618 1786 4673 χρη
1797 4620 1902 4671 μα-

323 4675 596 4740 τιζόντων.
627 4679 866 4733 Οὐδέπου
892 4681 1002 4753 γάρ
1034 4686 1128 4738 καὶ
1168 4689 1294 4759 περὶ
1343 4689 1436 4742 τοῦ
1472 4692 1726 4763 Σωτῆρος
1749 4694 1901 4767 περί-

325 4784 525 4837 φρασις
550 4769 616 4823 ἂν
650 4770 736 4841 εἴη
756 4770 818 4825 τὸ
847 4774 974 4826 Υίον
1004 4775 1297 4847 ἀνθρώπου
1325 4781 1485 4834 αὐτὸν
1515 4785 1898 4853 ὀνομάζεσθαι,

318 4859 442 4913 ἐπεὶ
464 4858 682 4929 λέγεται
701 4878 714 4893 ·
744 4883 762 4914 ι
797 4864 1073 4931 Ἐξουσίαν
1086 4868 1285 4923 ἔδωκεν
1310 4872 1458 4943 αὐτῷ
1491 4875 1672 4945 κρίσιν
1702 4881 1897 4941 ποιεῖν,

316 4949 400 5004 δτι
429 4951 557 5014 Υίὺς
586 4952 875 5025 ἀνθρώπου
900 4957 1069 5010 ἐστί.»
1102 4961 1220 5032 Χρὴ
1247 4963 1426 5016 τοίνυν
1472 4965 1699 5018 καθόλου
1734 4968 1893 5023 τοῦτο

318 5042 626 5109 γινώσκειν,
653 5045 789 5117 ὄτιή
828 5046 1115 5119 ἄνθρωπος
1150 5057 1510 5126 προσηγορία,
1550 5058 1638 5109 ὅτε
1671 5060 1718 5111 οί
1746 5060 1893 5127 ἅγιοι

318 5134 430 5188 θεοὶ
463 5140 979 5209 προσαγορεύονται,
1016 5144 1107 5197 ἐπὶ
1128 5145 1295 5214 ψόγου
1323 5147 1691 5219 λαμϐάνεται·
1722 5153 1808 5205 ὅτε
1837 5152 1893 5206 δὲ

316 5227 486 5298 κτήνη
527 5229 621 5283 καὶ
659 5230 820 5302 θηρία
878 5236 927 5287 οί
970 5235 1305 5309 ἁμαρτωλοὶ,
1332 5242 1424 5294 ἐπὶ
1466 5243 1689 5297 ἐπαίνου
1725 5244 1890 5298 καλοῦ

313 5319 593 5406 τάσσεται.
625 5326 735 5378 Καὶ
768 5327 861 5380 τοῦ
894 5329 993 5392 μὲν
1021 5332 1286 5401 προτέρου
1320 5336 1684 5406 παράδειγμα*
1706 5355 1725 5388 ι
1751 5337 1891 5405 Ἐγὼ

314 5404 476 5463 εἴπω
509 5416 631 5468 θεοί
682 5420 825 5483 ὲστε,
860 5422 955 5473 καὶ
999 5423 1103 5475 υἱοὶ
1142 5404 1409 5492 Ὑψίστου
1447 5404 1676 5492 πάντες·
1734 5431 1891 5500 ὑμεῖς

312 5501 369 5554 δὲ
430 5504 504 5567 ὡς
559 5506 835 5577 ἄνθρωποι
892 5513 1293 5585 ἁποθνήσκετε,
1364 5520 1456 5571 καὶ
1521 5520 1597 5584 ὡς
1653 5514 1733 5585 εἷς
1781 5521 1891 5575 τῶν

604 5618 796 5660 xxxiii.
834 5605 923 5659 20.
1018 5608 1039 5638 ⁸
1068 5608 1208 5661 Psal.
1246 5627 1394 5675 τιτι,
1430 5614 1513 5666 10.

312 5664 419 5719 ¹¹¹ἸΙ
449 5672 573 5724 (lor.
609 5688 683 5736 Vl,
723 5675 808 5729 1‘2.
889 5678 928 5708 “
960 5678 999 5733 ll
1031 5678 1155 5733 Cor.
1189 5695 1258 5745 ιι,
1296 5682 1374 5735 l3.

1627 5615 1645 5644 ⁷
1678 5615 1834 5669 Prov.
1876 5632 1997 5675 xm,
2030 5615 2084 5669 ‘2.

1460 5686 1500 5713 ¹¹
1530 5683 1689 5738 Joan.
1722 5702 1771 5739 ν.
1804 5685 1893 5739 27.
1972 5686 2015 5718 ’³
2050 5686 2194 5743 Psal.
2225 5702 2410 5749 Lxxxt,
2451 5688 2503 5753 6,
2534 5688 2583 5742 7.

2008 4597 2281 4664 homines,
2334 4601 2529 4669 sapius
2565 4599 2655 4652 lilii
2691 4599 2969 4653 hominum
3022 4600 3389 4668 appellentur.
3429 4601 3584 4665 Quod

2005 4691 2152 4744 enim
2207 4690 2462 4747 Salvator
2504 4703 2733 4747 vocetur
2778 4691 2950 4748 Filius
2984 4695 3241 4757 hominis,
3271 4696 3581 4761 neutiquam

2007 4782 2347 4851 periphrasis
2393 4798 2515 4840 esse
2560 4786 2752 4854 possit,
2808 4786 3077 4855 siquidem
3109 4786 3369 4839 dicitur"
3398 4801 3409 4835 :
3447 4803 3463 4833 ι
3494 4785 3585 4836 Uc-

2003 4872 2083 4925 dit
2105 4873 2152 4927 ei
2178 4883 2506 4941 potestatem
2533 4876 2798 4942 judicium
2826 4879 3031 4941 facere,
3059 4879 3183 4946 quia
3211 4877 3381 4931 Filius
3412 4877 3584 4929 horni-

2002 4963 2086 5016 nis
2120 4973 2219 5019 est.
2253 4984 2270 5017 ι
2307 4965 2417 5020 lloc
2442 4968 2605 5037 igitur
2633 4971 2931 5038 generatim
2959 4971 3239 5025 sciendum
3291 4978 3375 5026 est
3416 4968 3585 5021 homi-

2002 5053 2089 5108 nis
2146 5058 2566 5126 appellationem
2615 5062 2874 5126 additam,
2910 5079 3030 5117 eum
3076 5064 3175 5118 viri
3208 5066 3379 5119 sancti
3415 5067 3586 5118 nomi-

2006 5156 2217 5199 nantur
2239 5146 2336 5211 dii,
2390 5148 2443 5201 iu
2488 5150 2814 5222 vituperinm
2851 5154 2991 5207 sumi
3023 5170 3036 5206 :
3065 5173 3191 5211 cum
3232 5172 3359 5212 vero
3397 5174 3584 5226 pecca-

2006 5248 2150 5295 tores
2177 5239 2308 5294 l'era:
2332 5249 2385 5293 et
2418 5256 2613 5310 pecora
2650 5247 2928 5314 dicuntur,
2959 5250 3013 5304 in
3056 5249 3270 5304 laudem
3304 5252 3575 5315 deputari.

2000 5333 2209 5391 Prioris
2250 5336 2624 5407 intelligentite
2675 5341 2981 5409 exetuplum
3029 5342 3388 5410 est“:cEgo
3440 5343 3575 5402 dixi,

2000 5427 2083 5481 Dii
2136 5429 2295 5493 estis,
2337 5438 2389 5482 et
2422 5429 2511 5484 lilii
2550 5431 2762 5487 Excelsi
2815 5450 3030 5500 omnes,
3067 5451 3164 5488 vos
3214 5445 3395 5488 autem
3435 5437 3576 5487 δίε-ιιι

2002 5521 2255 5576 homines
2295 5522 2602 5576 moriemini
2653 5534 2709 5578 et
2767 5526 2909 5579 sicut
2961 5542 3103 5581 mnis
3134 5529 3199 5579 de
3236 5527 3574 5595 principibus

2181 5617 2202 5647 ⁸
2230 5615 2371 5669 Psal.
2408 5631 2671 5683 nurui,
2700 5619 2792 5683 5i,
2821 5619 2909 5685 52,
2935 5621 3022 5675 55.
3133 5623 3151 5653 ⁹
3186 5622 3221 5675 ll
3249 5623 3373 5679 (lor.
3406 5637 3480 5687 ιν,
3517 5624 3570 5677 8.

393 5783 506 5853 ('35)
544 5785 632 5850 Τό,
666 5786 781 5840 Υἱοὶ
819 5787 1162 5861 ἀναγώπων,
1212 5802 1313 5850 etc.
1364 5795 1496 5851 Cod.
1534 5796 1667 5853 live.
1712 5799 1913 5856 But'oce

2023 5816 2096 5868 us,
2125 5802 2339 5857 scheda:
2369 5799 2705 5872 Combolisii,
2735 5803 3027 5864 Barbarus.
