4058 6244
494 340 635 397 “1'59

492 455 721 511 cadetis.
748 472 768 507 ι
799 454 863 508 Et
914 452 1101 507 illud“
1129 473 1143 508 :
1178 471 1197 504 ι
1224 452 1357 508 Cum
1387 455 1535 509 enim
1564 454 1631 509 sit
1665 453 1806 509 inter
1836 468 1933 508 vos
1977 465 2061 505 ze-
2092 452 2138 509 Α

498 549 605 613 lus,
638 557 689 601 et
727 545 1029 612 contentio,
1073 561 1254 599 nonne
1298 546 1549 601 carnales
1603 546 1758 612 estis,
1786 554 1840 599 et
1873 558 2067 599 secun-

492 641 620 694 dum
657 640 928 694 hominem
959 637 1284 692 ambulatis?
1308 657 1327 690 ι
1359 637 1684 693 Posterioris
1714 652 1876 692 vero:
1906 635 2070 706 559

497 749 515 778 ο
547 730 805 784 Homines
831 738 882 784 et
915 743 1105 799 pecora
1130 728 1385 787 salvabis.
1414 729 1641 783 Domine
1668 728 1763 781 ¹¹.ι
1795 728 2065 783 Czeterum

491 820 657 875 tilium
712 820 970 885 hominis,
1020 820 1301 874 definitam
1361 819 1412 873 in
1470 820 1747 889 Scriptura
1781 835 2066 889 personam

492 926 613 980 qua!
634 923 858 965 vocatur
893 910 1037 965 Deus
1069 910 1358 982 (quatenus
1384 911 1544 965 modo
1572 912 1834 966 memoria
1863 912 2064 983 teneo),

493 1001 771 1057 Danielem
801 1002 1035 1073 primum
1060 1010 1112 1054 et
1144 1010 1329 1069 postea
1356 1000 1697 1057 Ezechielem
1723 1002 2065 1071 prophetam,

493 1109 615 1148 cmn
665 1104 851 1149 essent
886 1094 939 1147 in
984 1094 1326 1163 captivitate.
1358 1104 1699 1164 nuncupatos
1732 1095 2063 1162 invenimus,

491 1186 761 1241 neminem
798 1200 927 1239 vero
968 1195 1093 1239 ante
1124 1185 1492 1252 captivitatem
1533 1186 1824 1256 (quatenus
1856 1202 2065 1241 memo‘

491 1278 588 1331 ria?
624 1275 980 1345 prodiderunt
1008 1275 1129 1329 libri
1164 1274 1254 1343 qui
1279 1275 1398 1330 sine
1429 1277 1809 1330 controversia
1836 1286 1895 1330 nt
1926 1276 2067 1331 divi-

491 1368 640 1421 nitus
694 1366 943 1436 inspirati
1007 1366 1491 1437 circumferuntur)
1566 1370 1669 1422 hac
1711 1368 2071 1437 appellatione

492 1466 885 1524 nuncupatum.
924 1457 989 1511 Et
1023 1456 1149 1525 qttid
1174 1470 1308 1524 opus
1335 1466 1415 1509 est
1448 1458 1633 1512 dicere
1663 1459 1729 1511 de
1756 1458 2067 1523 Salvatore,

492 1565 615 1603 cum
648 1549 936 1619 Evangelia
977 1548 1241 1617 ejusmodi
1270 1565 1402 1605 voce
1437 1549 1594 1619 plena
1622 1550 1774 1604 sint?
1797 1549 2067 1617 Quoniam

491 1641 582 1706 qui
623 1651 781 1694 erant
817 1642 867 1694 in
911 1642 1246 1710 captivitate,
1288 1652 1605 1711 peccatores
1651 1650 1827 1707 erant,
1876 1642 2069 1697 existi-

494 1747 706 1785 mamus
742 1732 1019 1787 Danielem
1046 1734 1243 1797 solum,
1274 1734 1417 1802 quod
1463 1742 1707 1787 servaret
1746 1733 2065 1800 dignitatem

494 1822 729 1877 hominis
747 1823 837 1892 qui
865 1825 931 1876 ad
966 1824 1253 1892 imaginem
1290 1833 1343 1878 et
1374 1824 1783 1879 similitudinem
1815 1825 1906 1880 Dei
1942 1841 2070 1879 cons

494 1916 641 1969 ditus
694 1924 812 1981 est,
868 1915 935 1968 ad
991 1930 1181 1968 eorum
1250 1916 1601 1984 opprobrium
1654 1917 1841 1971 audire
1886 1917 2068 1971 istud:

498 2024 518 2056 ι
544 2002 643 2059 Fili
673 2004 929 2061 hominis.
958 2024 977 2057 ι
1014 2003 1131 2059 Hoc
1162 2006 1334 2073 ipsum
1366 2006 1433 2060 de
1469 2006 1750 2062 Etechiele
1781 2007 2070 2062 dicendum

492 2108 597 2152 cst.
632 2095 803 2151 Homo
834 2097 976 2152 enim
1003 2097 1095 2167 qui
1131 2097 1197 2151 ad
1249 2097 1541 2167 imaginem
1566 2108 1622 2153 et
1662 2099 2071 2154 similitudinem

495 2190 588 2244 Dei
619 2189 796 2244 lactus
831 2184 934 2251 est.
974 2192 1180 2260 primus
1236 2188 1335 2244 hac
1371 2189 1738 2258 appellatione
1765 2193 2073 2248 nominatus

493 2285 601 2339 est,
633 2286 687 2330 et
711 2276 800 2331 hic
836 2279 1052 2345 pr0prie
1097 2278 1259 2331 homo
1293 2292 1415 2332 esse
1442 2279 1660 2348 poterit.
1696 2280 1753 2334 In
1793 2280 2074 2337 Salvatore

491 2380 713 2435 quoque
779 2367 1231 2421 considerandum
1282 2377 1397 2431 est,
1454 2382 1523 2421 au
1592 2369 1905 2425 humanitas
1957 2372 2075 2440 ejus

497 2459 670 2514 Filius
697 2459 935 2514 hominis
960 2460 1191 2525 dicatur,
1228 2469 1279 2514 et
1310 2471 1518 2530 patrem
1552 2460 1824 2517 hominem
1878 2464 2076 2519 habeat

497 2552 816 2605 humanitas
838 2551 1092 2621 imaginis
1124 2553 1215 2606 Dei
1244 2552 1556 2608 invisibilis.
1588 2553 1740 2620 Quod
1772 2565 1949 2609 autem
1992 2557 2075 2611 di-

493 2654 641 2698 ctqu
672 2652 759 2697 est
784 2639 828 2676 ⁸⁸
859 2658 874 2696 :
912 2661 932 2693 ι
958 2644 1167 2712 Quique
1197 2645 1481 2713 terrigenae
1511 2655 1562 2700 et
1592 2646 1687 2700 ﬁlii
1723 2648 2028 2712 hominum,
2051 2666 2077 2719 ε

495 2734 879 2790 excellentiam
907 2734 1149 2788 ostendit
1197 2734 1429 2788 filiorum
1463 2736 1741 2790 hominum
1776 2752 1886 2805 pra:
1917 2740 2078 2791 terri-

2101 1793 2144 1849 Β

496 2826 670 2895 genis.
697 2824 803 2880 Sed
827 2824 969 2894 quod
993 2823 1057 2877 ad
1094 2824 1332 2879 litteram
1358 2826 1578 2888 attinet,
1610 2826 1869 2894 quoniam
1902 2828 2076 2882 corri-

494 2917 721 2988 piuntur
755 2917 841 2972 hic
884 2916 961 2970 illi
1006 2915 1204 2985 quibus
1256 2916 1458 2971 dicitur
1485 2932 1497 2968 :
1527 2934 1546 2967 ι
1580 2917 1873 2987 Usquequo
1926 2920 2074 2990 gravi

495 3009 685 3073 corde,
716 3025 735 3057 ι
770 3018 902 3072 etc.,
935 3022 1043 3061 nou
1081 3009 1217 3061 bene
1259 3006 1584 3062 videbuntur
1624 3007 1742 3063 haec
1786 3023 1908 3077 quae
1937 3009 2080 3065 invia

1872 337 1963 392 EX
2004 330 2310 391 ORIGENE

3640 320 3821 374 συθ

2166 447 2444 521 ἀρχόντων
2471 445 2697 500 πίπτετε
2720 459 2735 474 ο
2768 462 2787 496 ι
2831 441 2944 495 καί⁹
2971 459 2990 489 ι
3017 440 3193 493 Ὅπου
3216 437 3323 509 γὰρ
3354 436 3413 489 ἐν
3443 436 3580 505 ὑμῖν
3612 433 3817 504 ζῆλος

2170 543 2267 596 καὶ
2308 542 2445 613 ἔρις,
2485 537 2608 609 οὺχί
2654 532 2908 607 σαρκικοί
2954 533 3101 596 ἐστε,
3146 530 3242 583 καὶ
3276 529 3418 582 κατά
3470 527 3814 597 ἄνθρωπον

2170 634 2560 706 περιπατεῖτες
2601 648 2619 681 ι
2654 627 2749 680 τοῦ
2799 625 2859 679 δέ
2900 621 3191 693 δευτέρου·
3234 617 3649 707 «Ἀνθρώπους
3692 616 3807 669 καὶ

2169 727 2339 797 κτήνη
2382 722 2597 785 σώσεις.
2643 718 2841 790 Κύριε.
2894 734 2915 767 ›
2957 712 3185 785 Πρῶτον
3224 711 3334 780 γὰρ
3374 710 3493 763 υἱὸν
3544 708 3807 777 ἀνθρὼ-

2171 829 2302 882 που,
2358 814 2647 886 πρόσωπον
2693 808 2999 879 ὡρισμένον
3066 806 3125 857 ἐν
3183 804 3374 874 Γραφῇ
3421 801 3812 871 ὀνομαζόμε-

2170 927 2258 964 νον
2300 904 2454 973 Θεόν,
2500 906 2592 959 ἐπὶ
2630 902 2697 974 τῇ
2752 902 3009 973 παρούσῃ
3044 899 3237 971 μνήμῃ
3274 896 3368 950 τὸν
3415 894 3626 965 Δανιὴλ
3700 895 3811 946 εὗ-

2172 1003 2433 1075 ρίσκομεν
2470 999 2565 1053 καὶ
2604 996 2742 1069 μετά
2782 990 2973 1048 τοῦτον
3014 991 3109 1045 τὸν
3173 988 3433 1059 Ἰεζεκιὴλ
3472 988 3806 1059 προφήτας

2171 1074 2231 1150 ἐν
2276 1097 2342 1165 τῇ
2391 1090 2739 1163 αἰχμαλωσίᾳ
2781 1086 3147 1157 γενομένους’
3191 1074 3385 1136 οὐδένα
3423 1078 3484 1132 δὲ
3526 1076 3647 1149 πρὸ
3688 1078 3806 1147 τῆς

2168 1185 2569 1258 αἰχμαλωσίας,
2604 1183 2728 1236 ὅσον
2748 1179 2832 1249 ἐφ’
2857 1173 2938 1242 οἷς
2966 1172 3290 1246 ἱστοροῦμεν
3320 1170 3463 1224 κατά
3502 1169 3574 1221 τὰ
3598 1169 3801 1220 ἀναν-

2167 1279 2404 1350 τίρῤητα
2453 1276 2561 1329 τῶν
2612 1270 3035 1344 ἀναφερομένων
3094 1262 3314 1337 βιϐλίων
3357 1260 3798 1322 θεοπνεύστων,

2170 1370 2340 1440 ταύτῃ
2380 1370 2447 1439 τῇ
2492 1361 2837 1438 προσηγορίᾳ
2875 1359 3230 1430 καλούμενον.
3274 1354 3428 1409 Τίδέ
3465 1354 3552 1407 δεῖ
3584 1353 3801 1419 λέγειν

2172 1462 2301 1533 περί
2339 1460 2433 1513 τοῦ
2467 1458 2740 1529 Σωτῆρος,
2788 1454 2895 1508 τῶν
2922 1452 3275 1523 Εὐαγγελίων
3305 1448 3799 1520 πεπληρωμένων

2170 1555 2374 1625 ταύτης
2399 1553 2498 1622 τῆς
2532 1550 2754 1620 φωνῆς;
2784 1548 2892 1602 Καὶ
2922 1546 3168 1618 οἰόμεθα,
3200 1544 3289 1599 διὰ
3312 1543 3373 1597 τὸ
3396 1540 3798 1614 ἁμαρτωλοὺς

2170 1643 2453 1715 γεγονέναι
2501 1642 2628 1705 τους
2671 1640 2727 1693 ἐν
2773 1642 2837 1710 τῇ
2897 1636 3265 1707 αἰχμαλωσίᾳ,
3317 1636 3398 1698 εἰς
3448 1631 3797 1701 ὀνειδισμὸν

2172 1739 2397 1793 ἐκείνων
2425 1737 2515 1789 τὸν
2560 1733 2756 1804 Δανιὴλ
2806 1732 2966 1801 μόνον
3015 1728 3266 1782 σώσαντα
3308 1727 3370 1780 τὸ
3406 1725 3641 1795 ἀξίωμα.
3677 1723 3795 1793 τῆς

2170 1830 2263 1885 τοῦ
2300 1825 2589 1899 ἀνθρώπου
2622 1824 2719 1878 καὶ
2759 1822 2879 1876 κατ’
2909 1819 3095 1875 εἰκόνα
3123 1818 3216 1873 καὶ
3242 1818 3507 1889 ὁμοίωσιν
3532 1815 3794 1885 γενομέ-

2172 1938 2270 1992 νης
2310 1919 2544 1988 φύσεως.
2580 1912 2798 1971 ἀκούειν
2835 1916 2918 1973 τὸ.
2968 1930 2987 1964 ι
3038 1910 3135 1964 Υἱὲ
3172 1908 3481 1980 ἀνθρώπου.
3528 1926 3550 1958 ι
3612 1902 3707 1959 Τδ
3742 1906 3791 1960 δ’

2172 2010 2303 2067 αὐτὸ
2324 2010 2542 2064 λεκτέον
2580 2008 2673 2062 καὶ
2696 2007 2824 2078 περί
2852 2003 2947 2057 τοῦ
2983 2001 3264 2073 Ἱεζεκιήλ.
3296 1998 3623 2070 Ἀνθρωπος
3661 1998 3791 2069 γάρ

2173 2105 2389 2176 πρῶτος
2427 2101 2717 2172 ὠνομάσθη
2761 2100 2789 2152 6
2834 2099 2952 2151 κατ’
2987 2090 3171 2149 εἰκόνα
3221 2094 3316 2147 καὶ
3355 2091 3623 2162 ὁμοίωσιν
3671 2107 3785 2143 πε-

2173 2195 2466 2267 ποιημένος
2505 2191 2611 2245 ὑπὸ
2649 2190 2745 2244 τοῦ
2790 2188 2945 2255 Θεοῦ,
2987 2186 3081 2241 καὶ
3120 2181 3292 2247 οὕτως
3331 2182 3397 2237 ἄν
3429 2182 3512 2252 εἴη
3555 2182 3783 2252 κυρίως

2173 2286 2485 2357 ἄνθρωπος.
2529 2276 2919 2335 Ἔπισκεπτέον
2943 2277 3000 2330 δέ
3032 2276 3128 2329 καὶ
3160 2272 3253 2327 ἐπὶ
3277 2272 3377 2327 τοῦ
3402 2271 3684 2342 Σωτῆρος,
3728 2272 3781 2324 εἰ

2173 2379 2235 2432 τὸ
2263 2374 2605 2449 ἀνθρώπινον
2636 2371 2803 2427 αὐτοῦ
2835 2369 2961 2433 Υἱὸς
2986 2366 3294 2439 ἀνθρώπου,
3328 2364 3622 2436 ἀνθρώπου
3655 2380 3777 2418 πα-

2173 2468 2303 2540 τρὸς
2328 2455 2482 2530 ὄντος
2506 2465 2586 2536 τῷ
2615 2463 2940 2536 ἀνθρωπίνῳ
2971 2461 3072 2530 τῆς
3104 2458 3312 2521 εἰκόνος
3355 2456 3450 2509 τοῦ
3484 2454 3625 2509 Θεοῦ
3660 2451 3773 2509 τοῦ

2175 2560 2428 2632 ἀοράτου.
2460 2558 2570 2612 Καὶ
2600 2557 2662 2610 τὸ
2697 2555 2983 2627 εἰρημένον
3015 2550 3096 2617 δὲ,
3144 2569 3162 2603 ‹
3195 2550 3263 2605 Οἵ
3290 2567 3352 2602 τε
3384 2550 3638 2619 γηγενεξ
3663 2544 3768 2633 καὶ

2178 2651 2286 2704 υἱοί¹
2316 2649 2425 2703 τῶν
2444 2647 2540 2703 ἀνθ
2550 2646 2767 2716 ρώπων,
2804 2666 2825 2698 ι
2844 2642 3117 2715 ὑπεροχὴν
3155 2640 3306 2712 δηλοῖ
3337 2640 3448 2693 τῶν
3477 2637 3607 2691 υἱῶν
3641 2634 3760 2689 τῶν

2174 2743 2272 2797 ἀνθ
2284 2742 2478 2816 ρώπων
2499 2740 2650 2811 παρά
2668 2740 2797 2803 τοὺς
2821 2737 3091 2808 γηγενεῖς.
3130 2733 3291 2787 Ἀλλά
3311 2732 3449 2803 πρὸς
3470 2730 3567 2802 τὴν
3588 2730 3765 2795 λέξιν,

2183 2835 2310 2889 ἐπεὶ
2357 2833 2779 2904 ἐπιπλήττονται
2829 2826 3016 2884 ἐνθάδε
3064 2824 3357 2886 ἀκούοντες
3401 2823 3484 2887 τὸ,
3532 2841 3551 2873 σ
3610 2822 3765 2883 Ἕως

2178 2925 2311 2980 πότε
2346 2923 2719 2996 βαρυκάρδιοι,
2754 2940 2775 2973 ι
2808 2920 2904 2974 καὶ
2930 2918 3002 2974 τὰ
3022 2915 3173 2986 ἑξῆς.
3206 2915 3268 2968 οὐ
3306 2912 3478 2973 καλῶς
3509 2909 3762 2972 δόξουσιν

2175 3017 2527 3087 ἀντιρρήσεις
2566 3014 2694 3085 περὶ
2724 3011 2856 3064 υἰῶν
2885 3006 3191 3080 ἀνθρώπων
3228 3000 3658 3075 παρατεθεῖσθαι,
3693 3001 3754 3051 εὶ

494 3111 617 3158 cem
668 3100 771 3155 sibi
823 3111 1193 3168 opponuntur,
1244 3102 1310 3157 de
1356 3100 1479 3154 {iliis
1529 3101 1810 3155 hominum
1870 3100 2071 3170 aiierri,

2182 3109 2258 3182 μὴ
2302 3109 2409 3181 ἄρα
2453 3106 2627 3161 διττὸν
2669 3104 2761 3158 τὸν
2806 3102 3090 3173 ἄνθρωπον
3136 3098 3219 3151 δεῖ
3252 3093 3550 3165 λαμϐάνειν,
3592 3088 3744 3142 καθά

500 3193 605 3247 nisi
643 3191 785 3246 forte
811 3192 1010 3262 duplex
1066 3194 1225 3249 homo
1253 3193 1327 3247 sit
1371 3193 1776 3263 intelligendus,
1809 3194 2071 3262 quemad-

498 3284 720 3338 modum
756 3283 968 3353 accepit
1013 3284 1309 3355 Apostolus
1352 3284 1540 3340 dicens
1563 3285 1603 3317 ¹⁷
1637 3303 1650 3340 :
1686 3302 1706 3337 ι
1737 3285 1949 3340 Primus
1977 3286 2075 3341 ho-

499 3392 589 3431 mo
616 3377 683 3431 de
718 3386 861 3432 terra
896 3388 1164 3445 terrenus,
1192 3380 1464 3434 secundus
1505 3379 1689 3443 homo,
1723 3379 1984 3436 Dominus
2009 3381 2077 3436 de

498 3459 658 3517 ctelo.
691 3462 881 3531 Qualis
934 3475 1203 3530 terrenus,
1249 3466 1385 3521 tales
1437 3476 1492 3521 et
1537 3470 1762 3534 terreni,
1809 3477 1865 3524 et
1902 3469 2078 3539 qualis

502 3553 769 3617 caelestis,
814 3555 948 3611 tales
988 3566 1044 3611 et
1084 3556 1358 3613 ctelestes.
1390 3577 1410 3610 ι
1455 3558 1693 3613 Rursum
1740 3574 1872 3615 vero
1904 3569 1958 3615 et
1999 3561 2079 3616 sic

497 3648 757 3712 quoniam
811 3644 934 3701 filiis
986 3648 1262 3703 hominum
1297 3649 1610 3718 praecipitur
1650 3658 1706 3703 ut
1742 3661 2077 3719 eugnoscant

504 3753 524 3785 ι
550 3735 679 3804 quia
716 3737 1024 3793 mirilicavit
1047 3739 1303 3796 Dominus
1325 3749 1575 3795 sanctum
1608 3755 1764 3795 suum
1784 3741 1883 3807 “,r
1926 3758 2074 3812 quae-

503 3834 658 3883 retur
683 3832 952 3899 quomodo
975 3832 1066 3901 qui
1096 3832 1399 3888 secundum
1437 3832 1762 3887 deteriorem
1804 3835 2079 3904 acceptio-

500 3935 627 3977 nem
676 3930 803 3977 sunt
834 3923 928 3977 lilii
966 3922 1264 3992 hominum,
1289 3924 1587 3995 iubeantur
1612 3939 1748 3994 opus
1796 3926 2078 3981 sanctissi-

502 4030 715 4069 ntorum
773 4016 1014 4070 virorum
1063 4029 1343 4087 peragere.
1384 4018 1725 4086 Cognoscere
1773 4020 1915 4075 enim
1952 4021 2077 4089 quia

500 4104 813 4159 tniriiicavit
856 4105 1119 4161 Dominus
1162 4118 1409 4161 sanctqu
1457 4125 1651 4173 suum,
1703 4111 2078 4166 sanctissimo-

501 4210 621 4248 rum
656 4196 893 4249 virorum
934 4212 1069 4264 opus
1111 4208 1215 4253 est.
1250 4198 1323 4252 At
1368 4199 1469 4255 hoc
1514 4201 1729 4256 solvere
1773 4202 1931 4257 facile
1971 4213 2077 4256 est.

505 4284 638 4338 Nam
671 4288 763 4356 qui
821 4288 874 4342 in
918 4287 1287 4344 deterioribus
1322 4299 1428 4355 est,
1482 4291 1625 4348 illius
1671 4292 1909 4349 hominis
1958 4306 2081 4349 esse

506 4387 687 4446 potest
746 4380 1041 4432 secundum
1105 4389 1378 4434 terrenum
1439 4382 1835 4449 hominem;si
1897 4392 2076 4441 autem

2179 3201 2448 3255 ὑπέλαϐεν
2508 3201 2538 3253 6
2601 3195 2920 3256 Ἀπόστολος
2979 3190 3151 3260 λέγων
3171 3205 3184 3219 ο
3244 3207 3265 3239 ι
3307 3189 3364 3240 ὐ
3407 3183 3607 3255 πρῶτος
3646 3183 3742 3235 ἄν·

2180 3294 2397 3364 θρωπος
2459 3293 2524 3344 ἐκ
2582 3289 2687 3359 γῆς
2741 3286 2964 3359 χοϊκός·
3018 3286 3046 3337 6
3091 3280 3342 3352 δεύτερος
3394 3276 3671 3347 ἄνθρωπος
3718 3274 3755 3327 ὸ

2178 3385 2383 3456 Κύριος
2433 3384 2492 3450 ἐξ
2543 3380 2794 3452 οὐρανοῦ.
2863 3372 2987 3442 Οἷος
3037 3378 3067 3430 6
3120 3374 3325 3445 χοϊκός,
3385 3369 3613 3424 τοιοῦτοι
3664 3366 3764 3420 καὶ

2177 3480 2229 3532 οἱ
2269 3476 2475 3548 χοϊκοί·
2522 3474 2617 3529 καί⁸
2669 3468 2781 3536 οἷος
2825 3474 2853 3525 6
2903 3468 3246 3540 ἐπουράνιος,
3287 3462 3521 3518 τοιοῦτοι
3568 3460 3661 3514 καί
3707 3461 3759 3511 οἰ

2179 3567 2511 3640 ἐπουράνιοι.
2563 3585 2581 3617 ι
2618 3563 2787 3617 Πάλιν
2817 3560 2875 3617 δέ
2910 3561 3008 3616 καὶ
3030 3558 3226 3621 οὕτως.
3259 3554 3349 3609 διὰ
3376 3553 3441 3608 τὸ
3484 3551 3757 3621 προστάσ-

2182 3659 2371 3712 σεσθαι
2398 3657 2624 3726 γνῶναι,
2653 3656 2735 3709 ὅτι
2758 3653 2962 3724 Κύριος
2984 3672 3001 3703 ι
3032 3648 3429 3719 ἐθαυμάστωσε
3490 3643 3582 3696 τὸν
3612 3644 3758 3694 ὅσιον

2181 3752 2371 3814 αὐτοῦ,
2436 3771 2454 3802 ι
2499 3750 2625 3811 τοὺς
2671 3748 2821 3810 υἱοὺς
2867 3745 2978 3798 τῶν
3024 3741 3349 3813 ἀνθρώπων,
3396 3736 3756 3807 ζητηθήσεται

2180 3843 2297 3908 πῶς
2338 3844 2387 3895 οἱ
2418 3841 2559 3896 κατὰ
2584 3839 2643 3893 τὸ
2669 3841 2849 3910 χεῖρον
2876 3835 2982 3889 υἱοί
3009 3834 3117 3887 τῶν
3155 3832 3251 3887 ἀνθ
3262 3830 3460 3904 ρώπων
3486 3826 3751 3899 προστάτ-

2177 3951 2357 3990 τοντσι
2390 3933 2547 4005 ἔργον
2574 3929 2682 3984 τῶν
2707 3927 3025 3997 ἁγιωτάτων
3052 3925 3289 3995 ποιῆσαι.
3316 3921 3390 3975 Τὺ
3417 3919 3527 3991 γὰρ
3556 3918 3750 3987 γνῶναι

2178 4026 2259 4080 ὅτι
2291 4024 2713 4094 ὲθαυμάστωσεν
2740 4024 2768 4075 6
2806 4019 3010 4093 Κύριος
3047 4017 3140 4070 τὸν
3180 4017 3324 4069 ὅσιον
3366 4011 3557 4075 αὑτοῦ,
3591 4011 3749 4078 ἁγιω-

2178 4119 2356 4174 τάτων
2403 4116 2520 4171 ἐστὶ
2572 4112 2925 4184 κατόρθωμα.
2980 4108 3219 4179 Εὑχερές
3267 4106 3323 4159 δὲ
3368 4104 3528 4158 λῦσαι
3575 4101 3745 4163 τοῦτο,

2180 4211 2305 4264 ἐπεὶ
2341 4210 2566 4263 δύναται
2595 4209 2624 4260 ὁ
2653 4204 2818 4268 αὐτὸς
2864 4203 2961 4274 μὲν
2997 4203 3055 4254 ἐν
3100 4199 3340 4270 χείροσιν
3381 4195 3458 4249 ὢν
3500 4194 3624 4257 Υἱὸς
3663 4194 3748 4245 ἀν-

2181 4300 2399 4375 θρώπου
2436 4295 2574 4353 εἶναι
2604 4297 2744 4352 κατά
2782 4295 2874 4351 τὸν
2910 4292 3197 4363 ἄνθρωπον
3224 4289 3317 4344 τὸν
3358 4288 3559 4360 χοῑκόν·
3598 4301 3747 4355 μετα-

2182 4392 2361 4448 ϐαλὼν
2399 4392 2479 4457 δὲ,
2521 4391 2658 4461 ὅπερ
2701 4389 2802 4442 οὐκ
2845 4386 2989 4439 ἐστιν
3030 4384 3310 4444 ἀδύνατον,
3343 4379 3598 4449 γενέσθαι
3631 4376 3746 4438 Υἱὸς

503 4486 799 4528 conversus
824 4472 1011 4538 fuerit,
1034 4474 1175 4543 quod
1197 4489 1303 4529 non
1330 4485 1413 4530 est
1445 4476 1797 4545 impossibile,
1833 4478 1948 4534 ﬁeri
1981 4496 2075 4549 po-

2181 4482 2468 4557 ἀνθρώπου
2499 4482 2641 4543 κατὰ
2670 4480 2763 4535 τὸν
2792 4479 3077 4549 ἄνθρωπον
3106 4476 3196 4530 τὸν
3224 4472 3566 4543 ἐπουράνιον.
3602 4464 3747 4523 Οὗτοι

503 4576 609 4619 test
654 4565 805 4629 illius~
849 4567 1087 4623 hominis
1121 4568 1417 4623 secundum
1450 4569 1724 4625 hominem
1775 4572 2077 4630 caelestem.

504 4656 823 4741 llujusmodi
856 4658 949 4713 lilii
980 4659 1260 4713 hominum
1279 4660 1580 4729 posteriore
1610 4663 1931 4732 acceptione
1953 4682 2076 4721 cum

507 4751 602 4805 lilii
632 4751 742 4806 sint
769 4750 887 4820 ejus
911 4751 1001 4820 qui
1032 4754 1097 4807 de
1124 4760 1268 4806 terra
1307 4760 1559 4807 terrenus
1595 4762 1700 4819 est,
1736 4755 1899 4810 etiam
1925 4758 2077 4827 gravi

505 4845 670 4898 corde
719 4859 840 4900 esse
886 4845 989 4899 dici
1031 4854 1279 4913 possunt,
1326 4843 1653 4914 diligereque
1689 4846 1981 4903 vanitatem
2015 4865 2080 4906 ac

502 4952 751 5004 quzrrere
781 4936 1139 4991 mendacium.
1188 4934 1499 4992 intellectus
1527 4937 1673 4991 enim
1705 4938 1887 4994 carnis
1914 4940 1967 4994 in
2002 4941 2078 5011 ip-

507 5032 584 5085 sis
606 5039 713 5091 est.
750 5038 804 5084 et
827 5044 1123 5098 corporeus
1153 5043 1327 5091 amor,
1357 5038 1413 5083 et
1437 5030 1725 5094 mendacii,
1756 5030 1901 5099 quod
1935 5030 2081 5086 veri.

508 5124 604 5178 tati
652 5125 988 5178 contrarium
1023 5136 1129 5188 est,
1150 5121 1457 5191 inquisitio.
1489 5122 1654 5179 Gravi
1686 5122 1887 5192 quippe
1916 5122 2083 5179 corde

501 5223 628 5269 sunt
678 5214 767 5283 qui
818 5216 1096 5268 sedentem
1128 5215 1178 5268 in
1215 5215 1467 5283 plumbeo
1506 5212 1711 5268 talento
1740 5212 2079 5282 iniquitatem

502 5308 556 5361 in
612 5309 776 5362 corde
830 5306 1051 5370 habent,
1088 5318 1208 5373 qua:
1260 5308 1325 5361 ad
1383 5306 1568 5361 intima
1622 5319 1849 5375 quaeque
1898 5304 2078 5358 delata

502 5415 625 5454 cum
652 5398 924 5470 Egyptiis
973 5398 1023 5453 itt
1064 5400 1222 5468 aquis
1248 5398 1663 5453 vehementibus
1695 5396 1953 5451 ﬂuctuum
1985 5396 2081 5449 hu-

496 5486 587 5554 jus
620 5491 743 5544 vitae
776 5500 1033 5557 tanquam
1064 5489 1339 5557 plumbum
1362 5488 1733 5557 demergetur.
1765 5488 1860 5543 llis
1896 5498 2078 5542 autem

501 5580 591 5646 qui
622 5580 774 5647 gravi
818 5583 981 5636 corde
1020 5590 1166 5647 sunt,
1201 5580 1463 5634 contrarii
1502 5589 1626 5634 sunt
1679 5579 1714 5633 ii
1766 5580 1858 5649 qui
1908 5594 2077 5633 suave

579 5764 620 5795 “
651 5762 667 5817 l
700 5763 826 5820 Cor.
862 5780 943 5832 ttt,
975 5763 1028 5822 5.
1109 5766 1149 5797 ⁸⁵
1181 5764 1321 5820 Psal.
1362 5779 1524 5830 xxxv,
1558 5764 1607 5818 7.
1687 5765 1729 5798 ’⁸
1765 5764 1907 5820 Psal.
1943 5779 2128 5833 xum,

2180 4578 2236 4631 δὲ
2273 4580 2321 4631 οἰ
2354 4576 2463 4629 υἱοὶ
2499 4574 2606 4629 τῶν
2638 4571 2939 4645 ἀνθρώπων
2981 4572 3034 4623 οἰ
3073 4568 3216 4624 κατά
3247 4567 3309 4621 τὸ
3351 4564 3622 4636 δεύτερον,
3659 4563 3744 4615 az;

2181 4669 2287 4722 uici.
2304 4668 2661 4737 τυγχάνοντες
2684 4666 2777 4719 τοῦ
2808 4666 2871 4717 ἐκ
2897 4663 3002 4733 γῆς
3031 4659 3238 4733 χοῖκοῦ,
3268 4658 3365 4712 καὶ
3407 4654 3745 4729 βαρυκάρδιοι

2181 4763 2415 4831 εὐλόγως
2475 4762 2735 4828 λέγοιντο,
2780 4759 2875 4812 καὶ
2915 4756 3135 4825 ἀγαπᾷν
3177 4751 3533 4823 ματαιότητα,
3578 4746 3742 4817 ζητεῖν

2179 4866 2239 4908 τε
2283 4853 2497 4924 ψεῦδος.
2546 4851 2688 4914 Νοῦς
2725 4849 2834 4920 γὰρ
2873 4844 3075 4918 σαρκὸς
3111 4845 3169 4897 ἐν
3210 4842 3393 4905 αὐτοῖς
3434 4842 3527 4894 καὶ
3570 4837 3741 4905 ἀγάπη

2185 4938 2493 5011 σωματικὴ,
2541 4939 2635 4993 καὶ
2681 4939 2907 5009 ζήτησις
2946 4933 3040 4988 τοῦ
3086 4933 3185 5003 τῆς
3225 4929 3487 5002 ἀληθείας
3539 4924 3740 4997 ἐχθροῦ,

2180 5032 2425 5086 τουτέστι
2458 5030 2553 5085 τοῦ
2598 5029 2849 5099 ψεύδους.
2899 5024 3263 5099 Βαρυκάρδιοι
3293 5022 3402 5094 γὰρ
3441 5023 3489 5075 οἱ
3527 5020 3623 5091 τὴν
3663 5034 3744 5071 κα-

2184 5122 2480 5194 θεζομένην
2532 5122 2624 5175 ἐπὶ
2667 5119 2925 5173 τάλαντον
2973 5116 3220 5188 μολίϐδου
3268 5112 3501 5183 ἀνομίαν
3548 5111 3740 5181 ἔχοντες

2183 5217 2242 5269 ἐν
2277 5219 2343 5287 τῇ
2389 5215 2608 5286 καρδίᾳ,
2656 5213 2777 5283 ἥτις
2823 5212 2898 5275 ὡς
2935 5208 3259 5281 κατωφερὴς
3289 5207 3508 5260 δυσεται
3546 5203 3638 5255 συν
3662 5203 3744 5253 Ai-

2185 5310 2435 5377 γυπτίοις
2469 5308 2603 5360 ὡσεὶ
2636 5305 2881 5376 μόλιϐδος
2917 5305 2973 5357 ἐν
3007 5302 3157 5355 ὕδατι
3190 5298 3403 5370 σφοδρῷ
3443 5296 3552 5349 τῶν
3584 5293 3743 5364 κυμά-
3807 5295 3811 5304 ’

2185 5416 2293 5451 των
2334 5398 2423 5451 τοῦ
2458 5399 2595 5467 βίου.
2632 5395 2895 5450 Ἐναντίοι
2924 5395 2981 5447 δὲ
3009 5396 3122 5453 τοῖς
3162 5390 3546 5463 βαρυκαρδίοις
3577 5389 3624 5440 ot
3652 5384 3744 5440 ὑπὸ

2182 5488 2276 5541 τὸν
2298 5487 2460 5558 ζυγὸν
2496 5488 2677 5561 Ἰησοῦ
2697 5487 2928 5558 ἐλαφρὸν
2954 5485 3333 5556 τυγχάνοντες.
3358 5482 3515 5551 Τάχα
3535 5480 3611 5544 δὲ,
3634 5477 3743 5531 ἐπεὶ

2186 5582 2279 5634 καὶ
2306 5583 2356 5635 οἱ
2392 5581 2865 5653 μεμαθητευμένοι
2898 5579 3001 5632 υἱοί
3038 5580 3141 5630 εἰσι
3166 5576 3259 5630 τοῦ
3295 5574 3739 5647 μαθητεύσαντοςο

2152 5766 2187 5803 ι)

2156 5800 2207 5821 ‘0

2302 5763 2342 5796 ³⁷
2366 5760 2388 5817 ι
2416 5761 2539 5819 Cor.
2570 5776 2663 5828 xv,
2688 5759 2774 5815 67.
2858 5759 2899 5791 ³³
2929 5756 3073 5843 Psal.
3109 5772 3184 5824 tv,
3211 5756 3265 5811 ι.
