4058 6244
406 329 541 384 ΗΜ

1397 328 1701 384 SELECTA
1744 330 1808 385 IN
1849 331 2186 390 PSALROS.
2226 365 2290 374 ο-
2326 335 2518 391 Ρεειι.
2564 337 2629 391 Ν

3517 340 3569 394 H
3584 342 3650 392 42

404 452 455 503 οἱ
479 450 536 502 δὲ
559 448 924 512 διδάσκοντες,
957 448 1111 503 αὐτοὶ
1135 450 1253 502 κατ’
1281 450 1461 503 εἰκόνα
1485 452 1579 505 καὶ
1604 453 1857 523 ὁμοίωσιν
1885 471 1950 507 το

2087 455 2390 528 Ξθοιεευ
2414 459 2613 511 Christi
2635 456 2824 527 jugum
2856 458 3088 511 subiere.
3122 456 3283 511 Forte
3313 458 3498 521 etiam,
3522 459 3645 525 quia

404 542 562 605 θεοῦ,
597 544 645 595 oi
683 540 1115 613 μαθητευθέντες
1152 541 1271 610 μὲν,
1306 541 1407 594 οὐκ
1449 541 1588 605 ἄξιοι
1615 544 1671 597 δὲ
1696 545 1803 597 τῶν
1833 547 1980 600 διδα-

407 635 612 699 ξάντων
644 634 1022 703 γεγενημένοι,
1052 631 1393 695 ὀνειδίζοιντο
1419 634 1485 687 ἂν
1523 635 1599 699 ὡς
1645 638 1750 689 υίοὶ
1777 637 1980 709 ἀνθρὼ-

405 744 509 780 που
540 726 911 798 βαρυκάρδιοι,
936 727 1059 789 ταῖς
1087 723 1352 788 δοθείσαις
1384 726 1659 798 ἀφορμαῖς
1683 729 1763 793 είς
1795 728 1856 783 τὸ
1882 747 1971 781 κα-

403 820 575 890 Θαράν
618 817 869 886 γενέσθαι
910 818 1009 888 τὴν
1046 818 1270 889 καρδίαν
1314 820 1373 871 οὐ
1425 820 1973 891 κατηκολουθηκὸτες.

405 910 513 962 Καὶ
544 910 655 980 γὰρ
692 910 812 973 ἔθος
851 910 978 973 τοὺς
1019 908 1457 979 διδασκομένους,
1493 910 1588 963 καὶ
1629 910 1702 981 μὴ
1739 928 1978 983 παρακο-

403 998 721 1064 λουθοῦντας
747 1003 858 1064 τοῖς
882 999 1226 1069 λεγομένοις,
1270 1000 1663 1072 βαρυκαρδίους
1697 1001 1976 1054 καλεῖσθαι

364 1152 368 1160 ι
403 1091 511 1143 ὑπὸ
536 1091 647 1143 τῶν
676 1092 1030 1145 διδασκόντων
1071 1092 1158 1145 διὰ
1203 1092 1264 1144 τὸ
1291 1095 1436 1163 παχὺ
1468 1093 1567 1163 τῆς
1599 1092 1843 1165 καρδίας.
1878 1095 1977 1147 Διά

360 1174 559 1261 ᾖτοῦτο
585 1183 642 1235 δὲ
690 1183 783 1237 καὶ
824 1182 1045 1255 ζητοῦσι
1077 1183 1139 1236 τὸ
1178 1184 1373 1253 ψεῦδος
1409 1184 1485 1248 ὡς
1526 1184 1601 1255 μὴ
1652 1185 1885 1255 ὁρῶντες
1916 1186 1976 1239 τὸ

400 1274 617 1345 ἀληθές.
642 1276 704 1326 Et
729 1275 786 1328 δὲ
812 1274 1131 1347 βαθύτερον,
1156 1275 1277 1327 ἐπεὶ
1296 1274 1526 1346 ἀλήθειά
1546 1277 1692 1328 ἐστιν
1711 1278 1739 1329 ὁ
1764 1276 1972 1347 Σωτὴρ,

399 1366 578 1434 δῆλον,
602 1367 683 1418 ὅτι
712 1366 906 1436 ἐχθρὸς
934 1367 1000 1420 ἂν
1029 1367 1115 1436 εἴη
1139 1366 1315 1437 τούτῳ
1338 1367 1495 1435 λόγος
1521 1366 1719 1437 ψευδὴς
1749 1367 1813 1419 τὸ
1845 1368 1975 1438 ἀλη-

399 1458 489 1522 θὲς
523 1444 1009 1529 ἐπαγγελλόμενος,
1042 1459 1103 1511 ὃν
1132 1459 1472 1536 ἀντίχριστον
1500 1459 1528 1510 ὁ
1566 1458 1813 1529 Ἰωάννης
1847 1459 1974 1512 πολ-

398 1550 553 1613 λάκις
582 1551 763 1620 φησίν.
823 1552 948 1603 Ἐὰν
974 1551 1031 1603 δὲ
1063 1549 1205 1603 κατὰ
1237 1550 1567 1620 περίφρασιν
1604 1549 1852 1623 λαμϐάνῃ
1890 1568 1973 1614 τις

397 1644 480 1703 τὸ,
517 1662 535 1693 ι
561 1644 663 1694 υἱοὶ
690 1641 1008 1712 ἀνθρώπων,
1035 1660 1054 1692 ι
1094 1641 1213 1695 ἀντὶ
1236 1640 1352 1704 τοῦ,
1393 1660 1410 1691 ι
1438 1641 1733 1711 ἄνθρωποι,
1759 1661 1778 1693 ι
1808 1642 1868 1695 τὸ
1897 1644 1972 1706 ὡς

395 1730 488 1782 ἐπὶ
518 1731 579 1783 τὸ
618 1730 864 1783 πλεῖστον
891 1733 946 1784 ἐν
978 1730 1284 1803 ἀνθρώποις
1310 1730 1369 1784 ὂν
1402 1731 1463 1783 τὸ
1490 1730 1848 1802 βαρυκάρδιον
1883 1734 1970 1787 αἱ-

2080 549 2327 617 disctpuli
2363 549 2455 601 ﬁlii
2486 559 2608 603 sunt
2638 550 3009 617 prccceptoris,
3038 559 3091 603 et
3117 560 3473 617 prmccptores
3512 549 3649 600 ima-

2080 640 2261 709 ginem
2291 651 2345 695 et
2379 641 2792 694 similitudinem
2827 640 2919 694 Dei
2952 649 3165 708 gerunt,
3202 640 3402 693 idcirco
3431 638 3521 707 qui
3551 637 3649 691 do-

2078 738 2275 783 centur
2304 731 2544 799 quidem,
2586 729 2677 785 sed
2719 729 3151 798 praeceptoribus
3192 729 3337 797 digni
3366 742 3469 781 non
3495 736 3646 789 sunt,

2081 821 2113 873 ii
2151 829 2406 889 tanquam
2446 823 2540 876 ﬁlii
2574 822 2851 877 hominum
2884 830 2938 876 et
2969 821 3119 891 gravi
3166 822 3331 875 corde
3366 820 3643 888 objurgari

2078 915 2473 990 pos_sunt,qnod
2505 913 2721 968 oblatas
2750 913 2851 965 sibi
2883 912 2949 965 ad
2983 927 3077 965 cor
3111 911 3514 967 etnnndaudnm
3556 926 3649 963 oc-

2077 1005 2329 1059 casiones
2360 1004 2580 1059 minime
2623 1004 2789 1060 secuti
2826 1006 2953 1057 sint.
2986 1003 3098 1059 Mos
3123 1005 3268 1058 enim
3304 1003 3546 1067 inolevit,
3587 1013 3645 1055 ιιι

2076 1097 2167 1166 qui
2204 1096 2563 1150 instituuntur
2612 1104 2668 1149 et
2713 1104 2982 1165 pratcepta
3033 1096 3135 1149 sibi
3170 1096 3363 1148 tradita
3415 1110 3520 1148 non
3555 1109 3644 1171 se-

2076 1192 2335 1252 quuntur,
2362 1185 2433 1240 ob
2463 1185 2647 1240 cordis
2672 1185 2976 1240 crassitiem
3015 1200 3044 1238 a
3080 1186 3502 1254 praceptoribus
3525 1200 3645 1252 gra-

2078 1276 2129 1330 vi
2182 1276 2347 1331 corde
2393 1277 2643 1345 discipuli
2701 1286 3101 1343 nuncupentur.
3144 1277 3350 1331 Idcirco
3396 1280 3647 1344 quterunt

2074 1369 2239 1424 etiam
2282 1369 2647 1431 mendacium.
2677 1372 2876 1441 quippe
2914 1371 3006 1441 qui
3054 1384 3158 1423 non
3198 1368 3415 1421 videant
3444 1367 3644 1419 verita-

2077 1470 2207 1516 tem.
2244 1460 2400 1526 Quod
2449 1461 2494 1515 si
2546 1463 2878 1517 recouditiur
2919 1477 3112 1517 sensus
3157 1459 3513 1515 adducendus
3538 1467 3642 1521 est,

2073 1553 2329 1623 quoniam
2367 1555 2568 1608 veritas
2605 1566 2689 1611 est
2733 1556 3010 1622 Salvator,
3052 1555 3222 1623 liquet
3265 1552 3312 1607 ci
3358 1550 3638 1604 inimicum

2072 1657 2194 1711 esse
2215 1658 2523 1698 sermonem
2547 1646 2866 1700 mendacem
2893 1646 2981 1716 qui
3010 1645 3295 1699 veritatem
3321 1639 3637 1709 pollicetur.

2072 1751 2232 1805 quem
2275 1751 2418 1805 smpe
2476 1736 2714 1792 Joannes
2760 1739 3003 1792 nominat
3052 1735 3434 1790 antichristum
3481 1732 3543 1785 ¹’.
3581 1728 3641 1783 Si

392 1828 602 1894 τιᾶται,
627 1826 713 1879 ἵνα
739 1827 799 1879 τὸ
825 1826 996 1890 οὕτως
1030 1826 1167 1880 εἴπω
1213 1826 1519 1898 βαρυήκοον
1554 1826 1719 1880 αὐτοῦ
1753 1828 1950 1881 ἀποϐα-

2069 1841 2197 1881 vero
2236 1829 2359 1896 quis
2405 1844 2470 1882 ex
2521 1829 2823 1898 periphrasi
2864 1830 3065 1883 dictum
3105 1840 3225 1881 esse
3270 1824 3427 1888 velit,
3467 1840 3486 1872 ι
3542 1820 3641 1874 ﬁlii

394 1914 577 1978 λόντες
612 1916 1097 1969 κατασκευάσωσιν
1140 1915 1439 1985 ἀγχίνοιαν,
1472 1916 1565 1968 καὶ
1593 1915 1961 1986 ἵνατὴν...τοῦ

392 2006 577 2076 ζητεῖν
604 2006 701 2077 τὴν
738 2006 966 2077 δύναμιν
998 2009 1056 2059 ὲν
1080 2009 1146 2077 τῇ
1175 2007 1320 2077 ψυχῇ
1355 2008 1760 2077 ἀποστήσαντες
1798 1998 1873 2058 ὧν
1900 2007 1960 2059 οῦ

392 2101 517 2171 χρὴ,
540 2099 696 2152 ἅτινα
724 2100 890 2171 ψευδῆ
927 2100 1103 2154 πάντα
1130 2100 1306 2162 ἐστὶν,
1332 2102 1417 2169 ἐφ’
1450 2100 1485 2155 ἃ.
1527 2100 1609 2153 δεῖ
1639 2100 1960 2173 μεταγάγω-

390 2212 443 2249 σι
467 2234 481 2258 ,
524 2194 616 2246 καὶ
648 2192 921 2263 ζητήσωσι
946 2192 1044 2263 τὴν
1076 2192 1352 2263 ἀλήθειαν.

2070 1914 2371 1985 hominum,
2394 1939 2413 1971 ι
2451 1936 2551 1989 pro
2585 1941 2603 1973 ι
2634 1922 2904 1985 homines,
2933 1939 2950 1971 ι
2987 1921 3039 1975 id
3071 1919 3213 1989 quod
3248 1915 3639 1987 plcrumqnein

2068 2011 2382 2068 hominibus
2411 2021 2493 2071 est
2520 2028 2621 2067 cor
2646 2028 2811 2083 grave
2842 2012 3284 2082 reprehenditur,
3311 2019 3374 2064 ut
3402 2008 3636 2076 abjecta,

2067 2101 2148 2155 sic
2173 2101 2373 2170 dicam,
2409 2103 2523 2171 ejus
2565 2105 2832 2159 surditate
2867 2102 3287 2171 intelligentiam
3339 2113 3635 2166 assequan-

2070 2203 2183 2260 tur,
2211 2205 2265 2251 et
2319 2212 2471 2251 suam
2518 2197 2796 2252 solertiam
2834 2211 2930 2252 seu
2962 2195 3239 2265 qumrcndi
3272 2194 3380 2247 vim
3413 2207 3443 2245 a
3476 2192 3640 2246 rebus

389 2284 614 2337 minime
662 2285 987 2340 necessariis
1027 2298 1256 2354 qumque
1303 2298 1493 2339 omnes
1545 2283 1768 2340 fallaces
1800 2292 1953 2350 sunt,
1989 2295 2319 2355 avertentes,
2369 2289 2436 2343 ad
2470 2304 2535 2345 ea
2569 2304 2690 2359 quae
2726 2289 3036 2344 necessaria
3077 2298 3204 2343 sunt
3255 2284 3551 2342 adhibeant
3583 2293 3640 2341 et

385 2377 669 2431 veritatem
712 2378 1004 2445 inquirant.

454 2470 669 2537 Κύριος
692 2471 1117 2547 εἰσακούσεταί
1149 2489 1267 2541 μου
1298 2471 1369 2524 ἐν
1400 2470 1480 2537 τῷ
1511 2474 1859 2544 κεκραγέναι
1877 2491 1956 2543 με

384 2559 534 2627 πρὸς
562 2561 767 2623 αὑτὸν,
798 2579 850 2613 κ.
882 2579 931 2613 τ.
968 2563 1014 2616 ὲ.
1044 2562 1269 2631 Μεγάλη
1299 2561 1449 2632 φωνὴ
1474 2562 1582 2634 (94)
1612 2565 1644 2634 ἡ
1678 2562 1954 2631 φθάνουσα

383 2650 518 2719 πρὸς
545 2651 697 2715 Θεὸν,
722 2652 820 2722 οὐχ
845 2651 880 2722 ἢ
907 2652 1053 2722 παρὰ
1079 2654 1190 2715 τοῖς
1214 2652 1521 2723 ἀνθρώποις
1548 2654 1664 2705 ἐστὶ
1686 2656 1957 2721 γεγωνυῖα

384 2744 477 2795 καὶ
534 2742 905 2814 ἐπιτεταμένην
959 2744 1101 2798 κατὰ
1150 2742 1247 2814 τὴν
1317 2744 1540 2814 μείζονα
1598 2744 1810 2815 πληγὴν
1860 2743 1955 2798 τοῦ

381 2831 562 2903 ἀέρος,
608 2834 722 2886 ἀλλ’
759 2837 792 2905 ἡ
813 2835 905 2887 τοῦ
940 2833 1266 2905 ἡγεμονικοῦ
1299 2834 1515 2904 καθαρὰ
1551 2835 1646 2887 καὶ
1688 2835 1956 2899 ἀθόλωτος

379 2920 608 2988 διέξοδος
628 2925 736 2977 τῶν
756 2926 891 2996 πρὸς
916 2926 1046 2979 Θεὸν
1064 2926 1534 2995 ἁναπεμπομένων
1551 2924 1741 2993 λόγων.
1759 2925 1953 2981 Ἰστέον

2138 2465 2305 2522 Vsus.
2336 2464 2389 2519 4.
2424 2464 2681 2519 Dominus
2715 2465 2963 2521 exaudiet
2996 2481 3076 2519 me
3104 2481 3222 2519 cum
3246 2466 3538 2518 clamavero
3565 2464 3635 2515 ad

2059 2577 2201 2624 cum,
2225 2568 2334 2614 etc.
2372 2557 2564 2627 Magna
2595 2571 2696 2612 vox
2725 2572 2847 2626 quas
2894 2559 3144 2627 pervenit
3192 2557 3260 2610 ad
3293 2557 3495 2619 Deum;
3525 2569 3631 2607 non

2059 2665 2143 2711 est
2173 2655 2264 2709 illa
2301 2669 2421 2723 quze
2456 2653 2597 2707 inter
2635 2653 2887 2708 homines
2931 2652 3159 2705 multum
3195 2658 3375 2715 sonat,
3416 2657 3470 2703 et
3515 2662 3630 2701 ma-

2050 2746 2157 2815 jori
2202 2745 2343 2800 aeris
2385 2744 2565 2812 pulsu.
2589 2744 2915 2807 intenditur,
2943 2745 3041 2798 sed
3073 2752 3155 2796 est
3197 2757 3363 2810 purus
3386 2751 3440 2795 et
3472 2757 3629 2793 mttu-

2057 2839 2157 2893 dus
2186 2839 2523 2891 internorum
2554 2836 2756 2891 mentis
2784 2837 3073 2890 verborum
3106 2848 3395 2894 excursus,
3416 2848 3535 2899 «pne
3560 2832 3629 2884 ad

2060 2931 2224 2986 Deum
2278 2943 2448 2998 usque
2486 2929 2820 2999 pertingant.
2869 2927 3161 2981 Sciendum
3210 2926 3350 2980 enim
3394 2933 3478 2979 est
3507 2937 3628 2977 esse

381 3013 511 3084 γὰρ,
552 3016 634 3069 ὅτι
676 3015 789 3069 ἔστι
821 3034 905 3081 τις
935 3018 1027 3071 καὶ
1056 3018 1150 3071 τοῦ
1188 3015 1431 3088 κρυπτοῦ
1461 3016 1557 3086 τῆς
1598 3017 1825 3087 καρδίας
1856 3018 1950 3071 ἀν-

2056 3020 2339 3089 quamdam
2369 3021 2422 3075 ln
2448 3018 2652 3075 intimis
2676 3018 2992 3088 pra-cordiis
3012 3016 3243 3071 hominis
3272 3030 3478 3079 vocem,
3508 3028 3629 3081 quae

382 3105 601 3176 θρώπου
645 3108 794 3179 φωνὴ
842 3109 916 3180 μὴ
960 3109 1320 3181 συγχρωμένη
1355 3108 1431 3179 τῷ
1461 3108 1694 3179 σώματι,
1728 3110 1795 3180 ἢν
1836 3109 1948 3162 ἐσθ’

377 3198 466 3249 ὅτε
495 3201 572 3261 είς
597 3199 756 3251 αὑτὸν
781 3201 1080 3269 συναχθεὶς,
1107 3203 1201 3253 καὶ⁸
1233 3200 1485 3253 εἰσελθὼν
1512 3204 1590 3263 είς
1613 3201 1674 3262 τὸ
1704 3201 1949 3271 ταμιεῖόν

384 3304 496 3349 σου,
547 3288 639 3340 καὶ
681 3290 780 3359 τὴν
820 3291 990 3361 θύραν
1030 3293 1138 3345 τῶν
1182 3293 1550 3363 αἰσθητηρίων
1594 3291 1946 3354 ἀποκλείσας,

380 3379 471 3429 καὶ
499 3381 605 3443 πᾶς
639 3382 922 3451 γενόμενος
953 3385 1057 3448 ἔξω
1087 3386 1332 3457 σώματος
1362 3385 1677 3456 ἀναπέμπει
1698 3385 1833 3455 πρὸς
1857 3384 1947 3437 τὸν

381 3470 539 3537 μόνον
571 3472 833 3527 ἀκούοντα
880 3478 1135 3548 τοιαύτης
1169 3479 1369 3549 φωνῆς.
1405 3477 1503 3530 Διὰ
1536 3477 1693 3530 τοῦτό
1733 3495 1814 3529 τοι
1843 3493 1946 3547 μη-

374 3558 567 3628 δεμιᾶς
610 3564 873 3635 αἰσθητῆς
915 3568 1100 3637 φωνῆς
1145 3569 1251 3621 ὑπὸ
1296 3568 1389 3621 τοῦ
1437 3567 1715 3631 Μωῡσέως
1749 3567 1945 3634 ἀναγε-

372 3653 695 3724 γραμμένης
734 3658 1013 3724 γεγονέναι
1052 3660 1184 3729 φησὶ
1219 3660 1353 3732 πρὸς
1395 3660 1578 3723 αὑτὸν,
1607 3658 1682 3721 ὡς
1705 3657 1813 3710 ἀπὸ
1846 3658 1944 3727 τῆς

384 3740 623 3804 Ἐξόδσυ
658 3746 1086 3819 μεμαθήκαμεντ
1118 3769 1135 3800 ι
1168 3751 1233 3802 Τί
1275 3752 1403 3821 βοᾷς
1444 3750 1580 3821 πρός
1613 3767 1715 3820 με;
1755 3768 1772 3800 ⁹
1804 3750 1943 3820 BP"

380 3838 500 3903 χεῖα
526 3837 583 3889 δὲ
611 3840 759 3891 πᾶσα
782 3841 931 3913 φωνὴ
957 3844 988 3912 ή
1018 3843 1144 3913 περὶ
1165 3843 1273 3896 τῶν
1296 3844 1552 3911 ἐπιγείων
1580 3843 1672 3896 καὶ
1705 3840 1938 3912 μικρῶν,

369 3928 462 3979 καὶ
499 3930 768 3982 ταπεινῶν
815 3931 1063 3998 διέξοδος,
1116 3934 1210 3987 καὶ
1254 3934 1470 4004 αἴτησις
1514 3933 1623 3987 ἀπὸ
1663 3932 1828 3985 Θεοῦ·
1869 3933 1939 4003 ἢν

365 4017 723 4089 ἀπαγορεύων
756 4023 784 4072 ὁ
823 4023 1011 4093 Σωτὴρ
1044 4025 1372 4096 προσφέρειν
1417 4024 1495 4095 τῷ
1532 4025 1705 4095 Πατρί
1750 4041 1933 4094 φησιν·

370 4127 390 4157 ‹
430 4110 639 4163 Αἰτεῖτε
669 4110 735 4163 τὰ
771 4115 997 4182 μεγάλα,
1039 4117 1227 4169 καὶτὰ
1265 4115 1436 4186 μικρὰ
1470 4117 1597 4186 ὑμῖν
1634 4115 1936 4187 προστεθή-

368 4213 544 4251 σεταιο
570 4203 770 4254 αἰτεῖτε
796 4202 862 4256 τὰ
896 4206 1213 4276 ἐπουράνια,
1245 4207 1341 4260 καὶ
1371 4206 1441 4259 τὰ
1468 4207 1685 4275 ἐπίγεια
1706 4223 1943 4278 προστερ-

364 4290 586 4359 θήσεται
612 4292 759 4360 ὑμῖν.
805 4312 824 4345 ι

2056 3110 2304 3177 corporis
2339 3124 2543 3179 organo
2583 3125 2689 3165 non
2736 3109 3030 3177 profertur,
3061 3107 3155 3163 sed
3188 3120 3349 3177 quam
3377 3106 3540 3159 homo
3570 3106 3623 3158 in

2058 3216 2117 3257 se
2142 3200 2402 3257 collectus
2428 3209 2483 3257 et
2514 3202 2565 3255 in
2596 3201 2907 3255 cubiculum
2958 3200 3261 3270 ingressus,
3287 3196 3621 3264 occlusaqne

2054 3308 2310 3348 sensuum
2343 3303 2522 3361 porta,
2552 3296 2804 3359 totusque
2833 3304 2988 3347 extra
3012 3307 3212 3360 corpus
3237 3290 3446 3360 positus
3460 3287 3615 3342 cmit-

2055 3386 2120 3439 tit
2152 3387 2220 3440 ad
2243 3400 2366 3440 eum
2396 3385 2488 3454 qui
2520 3383 2668 3439 solus
2691 3383 2952 3451 ejusmodi
2984 3400 3168 3438 vocem
3198 3382 3387 3436 audire
3420 3387 3620 3449 potest.

2052 3477 2419 3543 Quamobrem
2470 3476 2571 3531 etsi
2617 3492 2723 3531 non
2758 3476 2999 3546 legamus
3031 3474 3195 3529 ullam
3229 3473 3452 3543 Moysen
3498 3485 3621 3525 sen-

2051 3570 2205 3624 silem
2256 3584 2442 3623 vocem
2488 3570 2756 3634 emisisse,
2787 3570 2836 3623 ei
2882 3577 3056 3621 tamen
3110 3566 3309 3619 dicitur
3339 3579 3367 3617 a
3414 3564 3522 3617 Deo
3566 3563 3620 3614 in

2054 3661 2309 3716 Exodo“
2335 3679 2348 3715 :
2370 3679 2389 3711 ι
2415 3661 2554 3727 Quid
2586 3660 2789 3715 clamas
2817 3660 2883 3712 ad
2918 3658 3039 3712 me?
3063 3678 3080 3710 ι
3118 3657 3291 3711 Exilis
3314 3655 3489 3708 onmis
3514 3670 3617 3707 vox

2047 3763 2133 3807 est
2177 3768 2298 3822 quae
2342 3753 2409 3807 de
2451 3751 2683 3807 terrenis
2727 3760 2784 3805 et
2835 3750 2994 3804 [luxis
3020 3751 3184 3803 rebus
3215 3748 3526 3801 obtinendis
3550 3747 3621 3798 ad

2050 3842 2216 3896 Deum
2251 3842 2540 3899 emittitur.
2577 3843 2728 3897 Hanc
2767 3842 3015 3895 Salvator
3060 3842 3125 3894 ad
3182 3841 3395 3895 Patrem
3433 3838 3613 3907 profc-

2050 3934 2269 3988 rendam
2302 3941 2485 4004 negat,
2515 3949 2636 3987 cum
2661 3934 2736 3987 ait
2769 3933 2904 4005 (94‘)
2932 3948 2947 3987 ε
2984 3950 3002 3983 ι
3030 3932 3270 4000 Quzerite
3300 3944 3520 3998 magna,
3556 3938 3614 3981 et

2043 4038 2210 4092 parva
2242 4024 2395 4078 vobis
2430 4023 2754 4092 adjicientnr
2781 4036 2797 4075 :
2821 4025 3049 4094 quum-ite
3104 4022 3455 4085 caelestia,.ct
3498 4030 3611 4075 ter—

2046 4130 2173 4171 rena
2206 4115 2531 4183 adjicicntur
2563 4116 2746 4170 vobis.
2783 4134 2814 4167 )-

449 4370 794 4446 Ὀργίζεσοε,
820 4384 913 4435 καί
933 4385 1018 4453 μὴ
1042 4386 1426 4455 ἁμαρτάνετε,
1454 4406 1509 4441 κ.
1536 4406 1586 4443 τ.
1616 4390 1663 4441 ὲ.
1698 4387 1814 4455 Ἣ,,ι
1843 4388 1939 4459 ὀρ-

2112 4406 2343 4461 Vnns.5.
2367 4406 2689 4471 Irascimini,
2716 4420 2760 4462 et
2787 4409 2946 4463 nolite
2961 4427 3195 4473 peccare,
3216 4410 3443 4465 etc.Vox
3467 4410 3603 4475 lure,

365 4468 598 4536 γίζεσθε,
640 4490 658 4521 ι
691 4474 839 4544 φωνὴ
875 4476 987 4545 (95)
1020 4479 1272 4547 σημαίνει
1314 4480 1374 4532 τὸ
1405 4480 1796 4551 προστακτικὸν
1828 4497 1930 4533 κα-

359 4564 649 4633 τηγόρημα
669 4582 681 4593 ·
733 4568 985 4636 σημαίνει
1010 4568 1066 4621 δὲ
1096 4571 1190 4622 καὶ
1216 4571 1276 4624 τὸ
1312 4573 1586 4642 ὁριστικὸν
1620 4572 1725 4625 ὑπό
1769 4588 1930 4625 τινων

361 4653 691 4725 καλούμενον
722 4658 1186 4726 διαϐεϐαιωτικὸν,
1227 4658 1365 4716 οἷον·
1394 4662 1744 4734 ὀργιζόμεθα,
1771 4662 1928 4733 ὀργί-

358 4745 539 4810 ζεσθε,
574 4749 902 4819 ὀργίζονται.
943 4754 1108 4807 Πάλιν
1140 4755 1280 4808 κατά
1309 4756 1466 4809 ἄλλον
1497 4756 1695 4827 τρόπον
1720 4758 1754 4826 ἡ
1788 4756 1924 4827 ὀργὴ

356 4842 713 4912 προσηγορία,
754 4844 845 4912 ἀφ’
877 4840 944 4916 ἧς
972 4848 1367 4918 ἐσχημάτισται
1392 4850 1474 4912 τὸ,
1509 4867 1528 4900 ι
1561 4849 1865 4920 ὀργίζεσθε,
1898 4867 1919 4900 ι

356 4931 610 4999 σημαίνει
645 4950 695 4984 τι
731 4937 1130 5006 προαιρετικὸν,
1176 4938 1242 5007 ἣν
1269 4937 1535 5008 ὼρίσαντό
1574 4956 1716 5001 τινες
1746 4938 1923 5009 ὄρεξιν

350 5019 886 5093 ἀντιτιμωρήσασθαι
932 5027 1057 5088 τοὺς
1081 5027 1395 5097 ἠδικηκέναι
1426 5028 1734 5092 δοκοῦντας.
1765 5029 1925 5101 Δηλοῖ

351 5108 407 5162 δὲ
441 5112 531 5164 καὶ
572 5114 947 5185 ἀπροαίρετον,
982 5118 1011 5170 ὃ
1039 5118 1261 5171 καλοῦσί
1296 5136 1439 5182 τινες
1466 5120 1804 5189 προπαθειαν
1835 5138 1920 5189 γι-

349 5203 599 5274 νομένην,
657 5206 748 5258 ἐπί
794 5225 902 5261 τισι
950 5209 1006 5261 δὲ
1056 5210 1362 5281 ἐρεθισμοῖς
1412 5198 1671 5267 ἕλκουσαν
1724 5216 1807 5283 ἐφ’
1853 5217 1919 5286 ἢν

349 5297 771 5365 προωρισάμεθα
800 5299 989 5369 ὀργήν.
1020 5301 1093 5353 Τὸ
1124 5301 1310 5371 ἕτερον
1351 5302 1529 5355 τοίνυν
1572 5308 1658 5365 τὸ,
1706 5322 1725 5355 ι
1770 5306 1919 5374 ὀργί-

348 5377 527 5445 ζεσθε,
563 5402 579 5433 ι
612 5386 706 5437 ἐὰν
727 5385 1109 5459 λαμϐάνωμεν,
1141 5389 1285 5457 λέγω
1308 5391 1365 5443 δὲ
1390 5392 1453 5443 τὸ
1477 5393 1837 5464 ἀπροαίρετον
1858 5396 1924 5449 τὸ.

418 5491 460 5522 "
495 5493 509 5545 I
542 5493 696 5552 Jnan.
724 5513 783 5552 ll.
857 5501 902 5532 “
924 5501 1095 5557 Exod.
1121 5520 1230 5570 XIV,
1267 5506 1354 5561 15.

2041 4500 2420 4561 «irascimini,»
2443 4502 2683 4569 designat
2703 4503 3079 4572 imperativum
3102 4503 3342 4564 modum,
3363 4502 3607 4570 designat

2032 4592 2194 4645 etiam
2221 4590 2585 4655 deﬁnitivutn,
2615 4595 2703 4661 qui
2734 4609 2761 4644 a
2790 4592 3107 4662 quibusdam
3137 4608 3348 4661 quoque
3383 4602 3606 4647 vocatur

2032 4677 2401 4737 allirmativus.
2435 4688 2493 4732 ut
2531 4696 2653 4733 cum
2688 4681 2918 4737 dicimus
2946 4700 2958 4734 :
2994 4682 3301 4743 irascimur,
3334 4682 3600 4735 irascimi-

2030 4769 2107 4830 ni,
2135 4769 2461 4824 irascuntnr.
2489 4770 2695 4826 Rursus
2714 4773 2820 4825 alio
2842 4776 2998 4828 modo
3022 4774 3115 4827 ira:
3139 4774 3428 4841 appellatio
3446 4788 3473 4824 a
3496 4787 3599 4839 qua

2029 4861 2318 4916 deductum
2354 4874 2440 4918 est
2485 4866 2633 4929 illud,
2669 4866 3021 4925 «irascimini.
3054 4885 3073 4917 ι
3106 4866 3379 4932 signiﬁcat
3410 4865 3600 4919 volun-

2030 4950 2222 5005 tarium
2250 4954 2549 5027 quidpiam,
2573 4958 2716 5022 quod
2744 4955 2986 5009 nonnulli
3016 4956 3475 5019 deﬁnierunt,eos
3504 4956 3594 5022 qui

2028 5041 2184 5112 561
2226 5044 2427 5099 lazsisse
2459 5046 2728 5109 videntur,
2761 5046 3050 5100 ulciscendi
3084 5048 3469 5114 appetentiam.
3507 5046 3584 5100 Si.

2028 5132 2249 5200 gniﬁcat
2274 5135 2441 5187 etiam
2472 5134 2918 5200 involuntarium,
2953 5138 3095 5206 quod
3126 5153 3154 5189 a
3188 5138 3459 5191 nonnullis
3493 5154 3590 5191 vo-

2026 5232 2183 5276 c:ttur
2208 5225 2377 5294 prima
2409 5228 2733 5288 commotio,
2768 5243 2886 5297 qua:
2914 5229 3080 5284 certis
3111 5229 3429 5297 quihusdam
3464 5230 3589 5283 irri—

2028 5313 2323 5367 tationibus
2358 5315 2526 5368 trahit
2577 5317 2641 5368 ad
2689 5332 2806 5371 eam
2843 5333 3005 5385 quam
3054 5319 3203 5387 prius
3251 5318 3591 5374 deﬁnivimns

2025 5400 2183 5455 iram.
2218 5403 2368 5469 Quod
2399 5407 2444 5459 si
2477 5405 2528 5460 in
2561 5407 2706 5463 hunc
2740 5409 3096 5478 posteriorem
3129 5425 3346 5464 sensum
3380 5410 3588 5479 accipiv

1067 5609 1170 5679 etc.
1212 5602 1440 5679 Schedae
1484 5604 1792 5679 Comheﬁsii
1816 5649 1831 5673 ,
1866 5620 1919 5666 ct
1956 5610 2169 5679 Grabii,
2204 5610 2373 5667 codex
2404 5609 2793 5676 Coislinianus,
2828 5612 3016 5668 Daniel
3047 5615 3341 5669 Barbarus.

574 5661 717 5737 __\'_ide
747 5660 905 5737 Millii
930 5660 1061 5723 Nov.
1101 5670 1341 5726 Tcstam.
1378 5675 1569 5729 Matth.
1608 5660 1803 5737 "7.772737.

416 5729 531 5799 (93)
574 5731 648 5799 Ἡ,
690 5753 706 5783 ι
746 5735 1074 5808 (im-[(5008,
1118 5761 1136 5793 ι
1171 5742 1362 5813 φωνή,
1404 5756 1512 5803 etc.
1556 5729 1950 5809 ιῖυιιὶιξίξειωει

2056 5758 2163 5821 loc,
2198 5753 2411 5811 schcda:
2439 5751 2858 5819 Combcﬁsii,_ct
2887 5752 3072 5809 Daniel
3099 5754 3391 5811 Barbarus.
