3942 6216
336 340 472 397 11ιὸ

1356 335 1664 392 semen
1705 334 1770 388 IN
1803 334 2144 390 PSALMOS.
2179 367 2247 376 —
2289 290 2486 391 psse.
2527 332 2614 387 tv.

3462 337 3596 392 “5‘3

346 455 526 506 Ἡλίου
555 454 676 525 περὶ
715 452 939 524 Ἀχαάϐ·
982 451 1074 506 καὶ
1101 449 1220 505 εἶπε
1259 450 1484 523 Κύριος·
1533 448 1812 522 Ἑώρακας
1836 449 1912 512 ὡς

2023 451 2203 505 Achab
2236 466 2263 502 a
2297 450 2435 503 facie
2465 447 2623 502 mea?
2646 445 2757 500 Non
2786 446 3041 501 inducam
3089 446 3288 501 malum
3328 448 3380 501 in
3409 449 3602 503 diebus

335 543 608 616 κατενύγη
655 543 859 614 Ἀχαὰδ
899 540 1007 596 ἀπὸ
1049 541 1348 613 προσώπου
1389 557 1524 611 μου;
1562 542 1676 593 Οὺκ
1727 540 1915 606 ἐπάξω

333 641 432 708 τὴν
466 637 664 692 κακίαν
714 637 774 690 ὲν
818 639 937 700 ταῖς
977 636 1217 706 ἡμέραις
1266 633 1452 686 αὑτοῦ.
1507 653 1526 683 ι
1588 633 1697 685 Καὶ
1741 635 1797 685 ὲν
1840 631 1917 702 τῷ

335 732 391 784 δὲ
418 729 768 800 πεντηκοστῷ
790 729 996 798 ὲννάτῳ
1018 726 1237 798 ψαλμῷ·
1271 746 1288 776 ι
1321 727 1666 790 Συνέσεισας,
1705 744 1726 775 ι
1760 726 1914 796 φησι,

342 843 360 874 ι
401 825 500 894 τὴν
522 823 648 893 γῆν,
694 823 790 874 καὶ
825 819 1196 891 συνετάραξας
1229 819 1420 889 αὑτήν.
1471 820 1653 872 Ἴασαι
1681 817 1758 871 τὰ
1793 835 1918 871 συν-

333 915 620 985 τρίμματα
667 913 870 982 αὐτῆς,
918 912 999 965 ὅτι
1060 909 1346 981 ἐσαλεύθη.
1393 906 1640 972 "eamea;
1682 907 1761 976 τῷ
1803 907 1918 978 λαῷ

338 1021 432 1056 σου
506 1003 740 1074 σκληράο
795 1002 1054 1065 ὲπότισας
1134 1001 1281 1071 ἡμᾶς
1351 995 1491 1052 οἶνον
1545 997 1913 1063 κατανύξεως.

343 1095 590 1157 Ἔδωκας
615 1097 728 1158 τοῖς
772 1093 1126 1164 φοϐουμένοις
1165 1109 1224 1144 σε
1253 1090 1552 1162 σημείωσιν
1593 1088 1687 1142 τοῦ
1726 1091 1917 1159 φυγεῖν

341 1185 449 1239 ἀπὸ
481 1183 777 1256 προσώπου
806 1184 985 1251 τόξου.
1022 1203 1040 1235 ι
1075 1182 1406 1236 Πεποτίσθαι
1428 1181 1538 1252 γὰρ
1562 1179 1814 1250 ὁμολογεῖ
1841 1177 1919 1250 τῷ

339 1275 467 1346 οἴνῳ
501 1277 600 1345 τῆς
631 1274 983 1340 κατανύξεως.
1015 1276 1043 1326 6
1071 1273 1383 1343 Προφήτης.
1419 1272 1530 1324 Καὶ
1563 1271 1706 1332 ἐπεὶ,
1734 1270 1800 1323 ἵν’
1825 1270 1917 1324 οὖ-

321 1385 447 1429 ·τως
473 1367 631 1429 εἴπω,
664 1366 832 1436 ἔπεψε
873 1366 998 1428 τοὺς
1030 1364 1220 1433 λόγους
1251 1365 1377 1426 τοὺς
1416 1363 1788 1431 ἐλεγκτικοὺς,
1824 1362 1919 1415 καὶ

340 1455 604 1510 πέπονθεν
632 1455 726 1508 ἀπ’
755 1455 935 1509 αὐτῶν
970 1454 1060 1508 τὸν
1095 1453 1465 1522 κατανυγμὸν,
1507 1453 1596 1506 διὰ.
1645 1453 1804 1506 τοῦτο
1838 1454 1917 1504 εξ-

339 1547 570 1617 ληφέναι
619 1547 870 1618 ὁμολογεί
917 1548 1055 1617 μετὰ
1093 1546 1204 1599 τῶν
1254 1545 1604 1615 φοϐουμένων
1650 1545 1711 1598 τὸ
1765 1545 1920 1599 Θεῖον

343 1636 641 1706 σημείωσιν
676 1638 755 1698 εἰς
788 1635 848 1688 τὸ
895 1639 1084 1704 φυγεῖν
1122 1636 1190 1688 τὰ
1222 1635 1360 1705 βέλη,
1388 1634 1455 1686 τὰ
1485 1632 1594 1687 ἀπὸ
1635 1635 1728 1688 τοῦ
1762 1634 1917 1700 τόξου

341 1727 668 1797 πεμπόμενα
698 1725 791 1779 τοῦ
823 1725 956 1778 Θεοῦ
991 1726 1083 1779 ἐπὶ
1108 1728 1233 1787 τοὺς
1257 1724 1470 1787 ἀσεϐεῖς
1503 1726 1598 1777 καὶ
1635 1724 1914 1795 παραμεί-

2019 542 2159 610 ejus.
2193 561 2210 593 ι
2249 541 2312 594 Et
2341 541 2393 592 in
2431 540 2882 608 quinquagesimo
2923 555 3068 593 nono
3098 539 3345 608 psalmo:
3382 560 3401 590 ι
3431 540 3602 593 Corn--

2023 632 2264 696 movisti,
2295 631 2464 700 inquit
2491 633 2560 694 ²²,
2593 642 2816 694 terram,
2839 641 2892 683 et
2919 631 3257 683 conturbasti
3286 647 3427 684 eam.
3457 631 3606 684 Sana:

2020 724 2383 778 contritiones
2409 725 2546 791 ejus,
2581 725 2710 792 quia
2741 732 3012 777 commota
3042 729 3142 774 est.
3167 719 3468 775 Ostendisti
3500 738 3598 792 po-

2018 812 2146 883 pulo
2175 821 2268 866 tuo
2294 815 2454 874 dura,
2500 812 2695 880 potasti
2731 827 2828 864 nos
2859 813 2983 865 vino
3012 810 3468 879 compnnctionis.
3500 811 3598 864 De-

2018 907 2143 961 disti
2179 905 2500 959 timentibus
2535 915 2584 957 te
2613 903 3088 972 significationem,
3124 912 3180 954 ut
3217 902 3423 972 fugiant
3454 919 3481 954 a
3515 902 3600 956 fa-

2019 999 2103 1054 cie
2135 1013 2314 1052 arcus.
2345 1016 2366 1048 ›
2400 997 2623 1050 Fatetur
2649 996 2790 1048 enim
2825 995 3090 1062 PrOpheta
3123 1005 3360 1062 potatum
3389 1010 3449 1047 se
3476 995 3601 1047 vino

2019 1089 2478 1158 compunctionis.
2513 1089 2578 1142 Et
2611 1089 2869 1157 quoniam
2898 1087 3061 1140 verba
3094 1089 3288 1156 quibus
3312 1090 3602 1154 reprehen-

2021 1195 2115 1235 sus
2155 1179 2336 1235 fuerat
2364 1219 2379 1244 ,
2417 1190 2476 1233 ut
2523 1181 2594 1232 ita
2629 1179 2842 1246 dicam,
2883 1189 3213 1234 concoxerat
3240 1220 3254 1241 ,
3285 1189 3340 1234 et
3379 1182 3446 1233 ab
3497 1180 3602 1234 illis

2022 1288 2213 1342 passus
2245 1283 2368 1325 erat
2397 1273 2907 1339 compunctionem,
2941 1271 3145 1324 idcirco
3175 1269 3377 1323 fatetur
3407 1287 3466 1324 se
3499 1289 3598 1324 una

2021 1378 2143 1418 eum
2198 1363 2567 1417 metuent-ibus
2619 1363 2785 1416 Deum
2825 1362 3105 1428 accepisse
3147 1361 3599 1428 signiﬁcationem

2020 1464 2080 1508 ut
2109 1455 2320 1522 ingeret
2348 1453 2595 1522 sagittas,
2625 1468 2744 1521 quae
2773 1454 2842 1507 ab
2873 1468 3000 1506 arcu
3036 1451 3126 1506 Dei
3160 1461 3345 1504 contra
3385 1451 3599 1519 impios,

2019 1555 2073 1600 et
2099 1545 2458 1615 persistentes
2488 1545 2538 1598 in
2583 1546 2856 1614 peccatis,
2894 1558 2995 1597 nec
3026 1545 3402 1614 pcenitentiam
3435 1559 3601 1610 agen-

2023 1648 2100 1692 tes
2124 1638 2507 1692 immittuntur.
2538 1637 2602 1690 Et
2640 1637 2689 1689 in
2720 1634 2904 1689 Genesi
2937 1636 3198 1704 scriptum
3231 1645 3312 1690 est
3340 1637 3422 1690 ’3:
3455 1654 3472 1685 ι
3509 1634 3600 1688 Di-

2021 1731 2098 1783 xit
2141 1741 2318 1784 autem
2360 1729 2498 1782 Esau
2537 1729 2602 1781 ad
2636 1738 2843 1796 patrem
2898 1743 3096 1781 smun:
3135 1725 3382 1796 Nunquid
3433 1727 3600 1779 bene-

339 1835 540 1881 ναντας
570 1817 662 1869 ἐπὶ
684 1820 796 1880 τοῖς
827 1818 1046 1890 άμαρτή
1057 1835 1207 1887 μασι,
1234 1817 1326 1869 καὶ
1352 1815 1425 1887 μὴ
1456 1819 1913 1886 μετανοήσαντας.

2023 1819 2186 1874 dictio
2210 1837 2310 1873 una
2339 1819 2431 1873 tibi
2461 1828 2568 1883 est,
2599 1820 2792 1887 pater?
2825 1819 3161 1888 Compuueto
3194 1829 3375 1872 autem
3413 1816 3563 1872 Isaac
3583 1860 3598 1882 ,

340 1909 451 1961 Καὶ
479 1911 536 1962 ἐν
568 1910 632 1978 τῇ
663 1907 928 1961 Γενέσει·
977 1928 994 1958 ι
1028 1904 1160 1961 Eine
1191 1908 1247 1961 δὲ
1290 1907 1458 1960 Ἦσαῦ
1505 1907 1640 1977 πρὸς
1681 1907 1770 1959 τὸν
1818 1923 1920 1958 πα-

336 1999 476 2074 τέρα
539 1999 727 2053 αὑτοῦ·
781 2003 872 2071 Μὴ
913 2001 1130 2070 εὐλογία
1181 2000 1279 2070 μία
1350 2000 1431 2052 σοί
1490 2001 1640 2063 ἐστι,
1706 1999 1913 2069 πάτερὲ

338 2087 785 2162 Κατανυχῦέντος
809 2089 866 2142 δὲ
899 2090 1102 2154 Ἰσαὰκ,
1130 2089 1392 2160 ἀνεϐόησε
1415 2091 1565 2159 φωνῇ
1603 2087 1793 2150 Ἡσαῦ,
1822 2089 1916 2139 καὶ

337 2183 620 2238 ἔκλαυσεν.
661 2203 678 2235 ι
724 2181 867 2236 Ἀντὶ
895 2181 1075 2251 μέντοι
1104 2180 1218 2245 τοῦ,
1253 2181 1618 2252 κατανύγητε,
1653 2199 1671 2231 ι
1716 2181 1917 2250 σιωπή-

339 2293 471 2330 σατε
511 2295 531 2327 ι
583 2275 813 2339 Ἀκύλας
843 2274 937 2330 καὶ
967 2272 1258 2328 Θεοδοτίων
1285 2271 1647 2326 ἐκδεδώκασιν
1666 2290 1677 2302 ·
1711 2273 1849 2342 ὅπερ
1888 2273 1917 2326 6

338 2367 634 2438 Σύμμαχος
677 2386 696 2420 ι
727 2366 1036 2437 ἡσυχάσατε
1073 2383 1091 2417 ι
1128 2366 1433 2436 έρμήνευσε
1465 2365 1794 2436 σαφέστερον
1827 2364 1919 2416 ἐκ-

336 2457 617 2528 τιθέμενος
682 2458 744 2512 τὸ
794 2459 904 2512 ἀπὸ
958 2457 1067 2510 τῶν
1123 2457 1304 2528 ῥητῶν
1355 2456 1717 2528 δηλούμενσν’
1780 2456 1918 2528 ὅπερ

335 2547 580 2601 τοιοῦτον
604 2547 715 2619 ἔχει
746 2547 868 2601 νοῦν
888 2564 901 2578 ·
949 2547 1072 2599 Ἐπὶ
1097 2547 1196 2617 τῆς
1221 2545 1407 2617 κοίτης
1437 2546 1591 2614 ὑμῶν
1621 2546 1679 2598 ἐν
1706 2545 1918 2609 ἑαυτοῖς

2024 1911 2354 1965 exclamavit
2406 1924 2536 1963 voce
2593 1909 2781 1971 Esau,
2824 1919 2877 1962 et
2927 1909 3092 1962 ﬂevit.
3133 1927 3151 1960 ι
3187 1910 3452 1964 Ca-t’erum
3505 1925 3602 1979 pro

2028 2020 2048 2053 ι
2072 2001 2517 2070 compungimini,
2543 2019 2560 2050 ι
2608 2001 2801 2068 Aquila
2835 2011 2888 2055 et
2929 1997 3262 2060 Theodotio,
3301 2020 3320 2051 ι
3353 2009 3545 2062 tacete,
3579 2021 3595 2051 ι

2023 2094 2392 2156 reddiderunt,
2424 2098 2570 2162 quod
2606 2091 2976 2162 Symmachus
3009 2092 3178 2162 magis
3209 2103 3450 2161 apertam
3482 2109 3600 2146 ver-

2021 2183 2214 2238 borum
2248 2183 2523 2236 notiouem
2557 2182 2874 2252 proferens,
2917 2183 3241 2251 rquiescite,
3278 2202 3297 2235 ι
3334 2185 3606 2252 interpre-

2025 2284 2168 2329 tatus
2196 2283 2298 2328 cst.
2342 2273 2551 2328 Sensus
2579 2285 2662 2329 est
2696 2289 2718 2328 ε·
2763 2274 2818 2327 In
2856 2275 3127 2328 cubilibus
3156 2275 3354 2329 vestris
3387 2287 3608 2328 secreto-

2023 2363 2167 2418 intra
2199 2379 2296 2418 vos
2325 2373 2610 2434 reputate,
2653 2364 2910 2418 nimirum
2943 2380 3062 2433 qua:
3095 2379 3123 2416 a
3155 2365 3305 2418 vobis
3333 2381 3427 2432 per
3456 2366 3600 2418 dietn

2023 2464 2170 2524 gesta
2205 2463 2332 2509 sunt
2356 2493 2372 2518 ,
2410 2465 2463 2508 et
2503 2471 2628 2510 cum
2679 2454 2820 2510 facta
2858 2466 3038 2510 vestra
3078 2455 3450 2527 expenderitis
3476 2495 3491 2521 ,
3523 2457 3603 2509 sic

2025 2548 2238 2599 demum
2273 2547 2559 2615 quiescite.

337 2644 480 2699 κατὰ
524 2644 585 2697 τὸ
625 2643 864 2715 κρυπτὸν
901 2641 1251 2713 διαλέχθητεο
1287 2639 1446 2710 δῆλον
1477 2639 1522 2692 δ’
1567 2638 1648 2694 ὅτι
1689 2639 1757 2692 τὰ
1806 2639 1922 2710 μεθ’
1957 2637 2170 2710 ἡμέραν
2209 2640 2572 2712 πεπραγμένα
2623 2636 2724 2694 καῖ
2773 2639 2841 2695 τὰ
2883 2640 3010 2711 περὶ
3066 2639 3263 2702 αὐτοὺς
3307 2640 3610 2711 ὲπισκεψάοι

341 2754 490 2810 μενοι
518 2737 692 2803 οὕτως
719 2737 1044 2809 ήσυχάσατε.

411 2832 645 2886 Θύσατε
675 2831 896 2885 θυσίαν
925 2829 1336 2897 δικαιοσύνης,
1368 2828 1466 2881 καὶ
1499 2827 1790 2881 ἐλπίσατε
1818 2824 1918 2879 ἐπὶ

338 2926 576 2994 Κύριον,
618 2941 672 2976 κ.
716 2941 767 2976 τ.
815 2924 862 2976 ἐ.
903 2923 961 2976 '0
993 2922 1051 2990 ἐξ
1076 2921 1274 2976 ἀδίκων
1308 2921 1492 2991 πόρων
1529 2919 1638 2989 (97)
1685 2917 1924 2990 προσφέ-

341 3030 450 3088 ρων
476 3014 537 3068 ού
569 3012 914 3082 δικαιοσύνης
945 3010 1063 3065 θύει
1089 3009 1305 3073 θυσίαν,
1329 3011 1424 3063 καὶ
1445 3012 1473 3063 ὁ
1499 3009 1574 3079 μὴ
1603 3007 1722 3060 κατ’
1759 3007 1918 3070 ἀξίαν

2095 2823 2262 2879 Vsus.
2296 2822 2348 2879 6.
2394 2821 2712 2892 Sucri/icate
2756 2820 3081 2888 sacriﬁcium
3116 2821 3366 2889 justitirc,
3395 2830 3445 2876 et
3481 2841 3599 2891 spe--

2024 2926 2145 2971 τοτε·
2169 2919 2221 2969 in
2253 2914 2508 2978 Domino,
2536 2924 2644 2969 etc.
2679 2913 2794 2967 Non
2826 2915 2918 2983 qui
2959 2929 3024 2968 ex
3060 2914 3275 2984 injustis
3305 2910 3473 2969 lucris
3507 2917 3601 2970 do-

2022 3019 2136 3074 nat,
2165 3023 2262 3061 nec
2292 3008 2382 3076 qui
2414 3023 2478 3059 ex
2510 3008 2680 3076 partis
2714 3007 2891 3070 bonis,
2922 3015 2983 3059 ut
3011 3022 3109 3074 par
3138 3015 3240 3071 est,
3271 3007 3602 3076 pauperibus

337 3102 412 3161 ὧν
439 3107 703 3176 κέκτηται
735 3105 971 3175 μερίζων
1003 3106 1116 3166 τοῖς
1141 3102 1437 3173 δεομένοις,
1473 3101 1567 3152 καὶ
1597 3102 1624 3153 6
1649 3101 1712 3152 ὲκ
1743 3099 1916 3169 λύπης

2026 3115 2134 3154 non
2169 3098 2450 3153 distribuit
2483 3139 2497 3159 ,
2544 3114 2641 3153 ncc
2675 3099 2765 3167 qui
2803 3098 2992 3151 dolens
3021 3113 3085 3151 ac
3137 3108 3358 3152 coactus
3387 3098 3479 3152 dat
3502 3139 3517 3161 ,
3559 3101 3610 3150 is.

340 3200 434 3252 καὶ
467 3198 526 3264 ἐξ
567 3198 813 3268 ἀνάγκης
856 3196 1051 3260 διδούς.
1087 3194 1409 3263 Σαφέστατα
1439 3193 1496 3246 δὲ
1528 3193 1790 3256 διδάσκει,
1833 3193 1917 3244 ὃτι

341 3288 402 3340 ού
429 3288 557 3358 περὶ
576 3285 686 3338 τῶν
715 3285 913 3338 θυσιῶν
942 3279 1016 3338 ὧν
1045 3284 1389 3355 ὲξειλήφασιν
1418 3285 1465 3336 οἱ
1497 3281 1917 3352 ἐντυγχάνοντες

341 3383 454 3442 τοῖς
489 3376 732 3447 βιϐλίοις,
762 3376 890 3448 περὶ
923 3375 1127 3430 τούτων
1156 3375 1459 3430 ἐνετείλατο
1487 3375 1515 3427 6
1546 3373 1688 3437 θεῖος
1719 3373 1877 3442 λόγος
1903 3388 1915 3403 ⁸

346 3457 448 3528 ἔφη
469 3459 576 3532 γὰρ
598 3463 655 3514 ἐν
676 3466 1088 3534 τεσσαρακοστῷ
1111 3465 1308 3535 ψαλμῷ
1323 3482 1335 3494 ·
1363 3485 1380 3518 ι
1403 3467 1459 3520 '0
1482 3466 1630 3531 Θεὸς,
1656 3467 1787 3530 Θεός
1815 3484 1909 3520 σου

346 3554 462 3624 είμὶ
489 3552 617 3622 ἐγώ.
643 3554 757 3607 Ούκ
783 3556 873 3608 ἐπὶ
901 3559 1018 3616 ταῖς
1043 3557 1250 3620 θυσίαις
1279 3574 1370 3610 σου
1407 3556 1607 3626 ἐλέγξω
1629 3575 1688 3610 σε
1709 3574 1723 3589 ⁶
1753 3559 1820 3612 τὰ
1851 3558 1910 3614 at

345 3642 774 3713 ὁλοκαυτώματα
799 3661 892 3696 σου
928 3644 1152 3698 ἐνώπιόν
1189 3663 1291 3715 μου
1320 3647 1439 3700 ἐστὶ
1460 3647 1547 3700 διὰ
1583 3649 1800 3712 παντός.
1829 3650 1904 3702 Ού

346 3735 565 3806 δέξομαι
581 3737 643 3787 ὲκ
658 3735 751 3788 τοῦ
772 3735 926 3788 οἴκου
940 3753 1033 3788 σου
1057 3737 1308 3807 μόσχους,
1323 3739 1428 3790 οὐδ’
1444 3741 1508 3792 ὲκ
1526 3740 1632 3792 τῶν
1655 3742 1918 3811 ποιμνίων

352 3843 445 3879 σου
481 3827 847 3898 χειμάρῥους·’
886 3828 999 3898 ἐμά
1032 3829 1138 3900 γάρ
1168 3833 1282 3882 ἐστι
1322 3831 1493 3885 πάντα
1519 3832 1585 3885 τὰ
1625 3833 1790 3906 θηρία
1825 3833 1917 3887 τοῦ

353 3918 544 3988 ἀγροῦ,
570 3920 738 3990 κτήνη
769 3920 826 3972 ὲν
852 3923 962 3982 τοῖς
993 3919 1142 3990 ὄρεσι
1173 3921 1266 3973 καὶ
1297 3920 1434 3990 βόες.
1465 3922 1716 3990 Ἔγνωκα
1745 3923 1919 3977 πάντα

350 4009 419 4061 τὰ
461 4010 680 4061 πετεινὰ
720 4010 813 4060 τοῦ
855 4009 1113 4080 ούρανοῦ,
1155 4013 1248 4064 καὶ
1289 4011 1559 4082 ὡραιότης
1593 4012 1764 4082 ἀγροῦ
1802 4012 1918 4082 μετ’

352 4098 484 4169 ἐμοῦ
511 4100 677 4152 ἐστιν.
703 4098 828 4152 Ἑ>.ν
855 4101 1114 4161 πεινάσω,
1139 4102 1210 4170 μή
1239 4118 1318 4154 σοι
1339 4103 1494 4153 είπω’
1522 4101 1628 4171 ἐμὴ
1649 4103 1756 4172 γάρ
1777 4100 1920 4154 ἐστιν

349 4191 384 4260 ἡ
415 4189 704 4260 οἰκουμένη
744 4189 838 4244 καὶ
882 4191 941 4244 τὸ
985 4191 1256 4262 πλήρωμα
1297 4191 1485 4261 αὐτῆς.
1540 4192 1631 4263 Μὴ
1675 4193 1920 4262 φάγομαι

353 4281 490 4349 κρέα
513 4280 748 4351 ταύρων,
775 4281 807 4352 ἢ
837 4279 975 4352 αἷμα
1005 4283 1222 4352 τράγων
1248 4283 1470 4352 πίομαι;
1495 4284 1666 4337 Θύσον
1700 4285 1776 4356 τῷ
1802 4287 1922 4354 Θεῷ

354 4370 545 4424 θυσίαν
588 4372 872 4436 αἰνέσεως,
907 4375 998 4426 καὶ
1026 4375 1220 4439 ἀπόδος
1248 4375 1325 4444 τῷ
1366 4375 1603 4446 ’Υψίστῳ
1637 4378 1734 4441 τὰς
1763 4383 1923 4445 εὐγά-

349 4479 465 4557 σουᾷ.
508 4465 618 4557 καὶ
659 4465 975 4557 ὲπικάλεσαί
1007 4484 1075 4537 με
1104 4470 1162 4522 ὲν
1185 4469 1369 4539 ἡμέρᾳ
1399 4469 1650 4539 θλίψεως,
1689 4471 1782 4524 καὶ
1830 4470 1916 4535 ὲξ-
1952 4501 1994 4557 D

345 4554 572 4625 ελοῦμαί
593 4573 672 4618 σε,
693 4557 786 4610 καὶ
806 4556 1044 4623 δοξάσεις
1071 4577 1158 4630 με.
1183 4579 1199 4611 ι
1230 4562 1338 4614 Καὶ
1367 4562 1425 4614 ὲν
1439 4562 1516 4633 τῷ
1544 4564 1912 4634 πεντηκοστῷ·

351 4648 524 4705 «Ὅτι,
550 4650 597 4702 εἰ
636 4649 904 4720 ἠθέλησας
934 4649 1143 4715 θυσίαν,
1174 4652 1348 4706 ἔδωκα
1385 4654 1469 4719 ἂν,
1495 4654 1916 4727 ὁλοκαυτώματα

345 4737 446 4790 ούκ
490 4737 820 4810 εύδοκήσεις.
864 4741 1033 4793 Θυσία
1066 4743 1142 4813 τῷ
1180 4737 1296 4814 Θεῷ
1332 4745 1544 4816 πνεῦμα
1594 4766 1914 4819 συντετριμ-

346 4827 506 4896 μένον
533 4869 546 4883 .
575 4832 816 4903 Καρδίαν
843 4835 1306 4906 συντετριμμένην
1332 4841 1423 4892 καὶ
1449 4842 1922 4912 τεταπεινωμένην

342 4917 372 4972 ὁ
402 4919 533 4983 Θεὸς
572 4923 672 4974 οὐκ
700 4923 1041 4985 ἐξουδενὼσει
1093 4945 1111 4978 ι
1157 4929 1266 4980 Καὶ
1295 4930 1352 4982 ὲν
1376 4931 1555 4995 ἄλλοις
1579 4948 1592 4962 °
1632 4952 1650 4983 ‹
1682 4934 1762 4987 Τὰ
1803 4934 1921 4987 ὁλο-

341 5012 679 5084 καυτώματα
698 5015 851 5086 ὑμῶν
875 5017 966 5070 καὶ
987 5019 1042 5071 αἱ
1061 5019 1238 5073 θυσίαι
1261 5022 1360 5092 οὐχ
1383 5023 1582 5092 ἥδυνάν
1615 5043 1725 5096 μοι.
1748 5045 1765 5076 ι
1801 5028 1922 5079 Ἔτι

341 5103 396 5158 δὲ
429 5107 522 5159 καὶ
549 5110 608 5160 ὲν
629 5109 706 5180 τῷ
745 5109 982 5182 Ἱερεμίᾳ
1002 5128 1014 5142 ·
1071 5132 1090 5163 r
1116 5115 1188 5166 Οὐ
1216 5114 1412 5177 ταῦτα,
1437 5118 1619 5186 φησὶν,
1654 5120 1920 5172 ἐνετειλά-

345 5215 450 5268 μην
473 5201 584 5263 τοῖς
610 5204 879 5273 πατράσιν
916 5204 1092 5274 ὑμῶν,
1196 5207 1378 5279 ἡμέρᾳ
1411 5208 1685 5280 ἀνήγαγον
1721 5210 1916 5275 αὐτοὺς

339 5289 405 5342 ἐκ
436 5292 539 5360 γῆς
568 5293 866 5362 Αἰγύπτου,
901 5297 1030 5368 περὶ
1060 5297 1522 5369 ὁλοκαυτωμάτων
1568 5301 1661 5353 καὶ
1688 5300 1877 5365 θυσίας
1899 5320 1911 5333 ο

339 5380 455 5434 ἀλλ’
495 5384 528 5455 ἢ
585 5385 646 5438 τὸ
697 5387 846 5458 ῥῆμα
893 5387 1050 5441 τοῦτο
1093 5389 1442 5462 ἐνετειλάμην
1487 5392 1668 5456 αὐτοῖς
1704 5392 1910 5462 λέγων’

409 5545 453 5575 ³⁸
490 5543 630 5599 Psal.
663 5561 772 5608 Liv.
813 5547 866 5603 4.
896 5546 949 5604 5.
987 5545 1039 5600 6.

1115 5547 1160 5577 ’³
1188 5547 1383 5603 Cenes.
1423 5565 1590 5616 xxv",
1625 5550 1714 5606 58.

337 5613 382 5643 ”
412 5612 588 5667 Jercm
651 5633 743 5680 vn,
777 5619 848 5670 Ἡ
879 5628 932 5672 et
955 5634 1106 5688 seqq.

1791 5551 1836 5584 "
1868 5550 2012 5610 Psal.
2045 5566 2194 5617 XLIX,
2228 5551 2259 5603 7
2285 5562 2336 5606 ct
2366 5568 2519 5623 seqq.

2023 3192 2296 3248 sacriﬁcat
2330 3190 2654 3246 sacriﬁcium
2682 3191 2930 3259 justitim.
2960 3191 3381 3245 Evidentiss-imc
3418 3202 3595 3244 autem

2021 3285 2178 3337 docet
2210 3298 2315 3336 non
2359 3283 2426 3335 de
2459 3282 2751 3337 sacriticiis
2774 3321 2788 3344 ,
2840 3297 2970 3349 quae
3005 3297 3282 3336 sacrorum
3334 3282 3598 3335 librorum

2020 3371 2252 3426 lectores
2301 3382 2705 3442 exposuerunt,
2761 3372 3088 3441 prmeepisse
3124 3372 3314 3427 Deum.
3359 3370 3491 3426 Nam
3546 3372 3600 3424 iu

2021 3465 2440 3533 quadragesimo
2470 3465 2677 3533 psalmo
2705 3465 2782 3516 ait
2807 3464 2888 3517 ’δε
2933 3483 2951 3517 ι
2985 3463 3144 3526 Deus,
3181 3464 3320 3518 Deus
3351 3475 3474 3518 tuus
3499 3480 3610 3535 ego-

2020 3571 2160 3610 sum.
2199 3553 2314 3610 Non
2349 3555 2400 3609 in
2443 3553 2730 3611 sacriﬁciis
2761 3557 2867 3609 tuis
2899 3572 3123 3628 arguam
3163 3567 3246 3613 te:
3281 3557 3606 3612 holocausta

2021 3657 2199 3701 autem
2233 3658 2322 3701 tua
2354 3648 2406 3701 in
2443 3658 2734 3716 conspectu
2776 3663 2894 3702 meo
2929 3659 3059 3702 sunt
3086 3662 3320 3717 semper.
3361 3647 3472 3701 Nan
3505 3664 3598 3703 ac—

2021 3737 2217 3805 cipiam
2283 3738 2348 3793 de
2387 3740 2546 3794 domo
2584 3747 2669 3792 tua
2721 3738 2920 3792 vitulos
2947 3777 2962 3803 ,
3011 3753 3182 3808 neque
3222 3740 3288 3792 de
3339 3739 3597 3810 gregibus

2023 3831 2130 3885 tuis
2163 3830 2379 3886 hircos:
2413 3846 2546 3884 ureae
2580 3831 2724 3886 enim
2756 3842 2883 3885 sunt
2912 3848 3102 3886 omnes
3154 3830 3282 3887 fera:
3317 3834 3430 3900 agri
3458 3873 3472 3894 ,
3504 3832 3595 3897 ju-

2022 3930 2201 3973 menta
2242 3922 2294 3974 in
2327 3922 2600 3976 montibus
2637 3931 2691 3976 et
2728 3923 2913 3976 boves.
2948 3921 3186 3992 Cognovi
3229 3925 3410 3976 omnia
3451 3925 3600 3977 vola-

2022 4010 2132 4064 tilia
2161 4011 2281 4064 cael-i
2309 4051 2324 4075 ,
2358 4023 2410 4065 et
2450 4011 2796 4078 pulchritudo
2827 4014 2941 4081 agri
2995 4029 3202 4066 mecum
3233 4022 3335 4067 est.
3387 4014 3442 4067 Si
3477 4029 3604 4068 eso‘

2022 4103 2186 4168 riero,
2221 4118 2325 4157 non
2374 4104 2548 4158 dicam
2597 4105 2690 4158 tibi
2719 4123 2732 4158 :
2783 4120 2934 4159 meus
2961 4114 3045 4160 est
3073 4105 3217 4160 enim
3265 4106 3412 4160 orbis
3442 4116 3598 4160 terrae

2021 4191 2180 4263 563
2205 4202 2259 4246 et
2285 4193 2561 4263 plenitudo
2587 4194 2723 4263 ejus.
2755 4194 3006 4266 Nunquid
3035 4198 3372 4252 manducabo
3403 4213 3598 4253 carnes

2022 4295 2319 4349 taurorum,
2347 4298 2439 4339 aut
2461 4289 2777 4358 sanguinem
2805 4289 3082 4344 hircorum
3113 4290 3350 4358 potabo?
3375 4291 3595 4344 Immola

2023 4380 2132 4434 Deo
2161 4379 2496 4434 sacrilicium
2529 4380 2724 4445 laudis,
2753 4389 2810 4434 et
2833 4382 3000 4435 redde
3025 4383 3305 4436 Allissimo
3333 4393 3460 4436 vota
3481 4392 3592 4439 tua.

2023 4471 2087 4526 Et
2120 4473 2308 4527 invoca
2354 4489 2441 4526 me
2484 4474 2537 4526 in
2587 4475 2672 4527 die
2704 4472 3103 4537 tribulationis,
3137 4485 3190 4528 et
3218 4491 3406 4529 eruam
3438 4487 3512 4541 te,
3543 4485 3600 4531 et

2025 4565 2411 4620 Itonorilicabis
2446 4582 2551 4620 me.
2589 4585 2608 4617 ι
2642 4566 2703 4620 Et
2732 4567 2784 4618 iu
2811 4567 3262 4636 quinquagesimo
3289 4569 3334 4600 "
3361 4585 3373 4620 :
3398 4587 3417 4620 ι
3455 4569 3601 4634 Quo-

2022 4658 2165 4711 niam
2195 4659 2239 4711 si
2277 4659 2536 4712 voluisses
2570 4659 2920 4725 sacriﬁcium,
2953 4660 3222 4716 dedissem
3262 4662 3464 4729 utique,
3496 4663 3596 4714 ho-

2021 4749 2280 4804 locaustis
2309 4768 2411 4803 non
2446 4750 2823 4805 delectaberis.
2861 4751 3201 4806 Sacriﬁciqu
3235 4752 3344 4806 Deo
3370 4752 3597 4820 spiritus

2023 4841 2437 4895 Contrtbulatus.
2490 4844 2597 4896 Cor
2635 4845 2928 4897 contritqu
2964 4855 3017 4896 et
3069 4843 3405 4895 lmnnliatum
3459 4844 3599 4896 Deus

2021 4949 2126 4987 non
2175 4936 2455 5004 despiciet.
2493 4956 2511 4988 ι
2551 4937 2613 4990 Et
2647 4938 2772 4990 alibi
2797 4937 2876 4990 “z
2915 4953 2935 4986 ε
2967 4936 3292 4991 lloloeausta
3333 4945 3506 4989 vestra
3544 4945 3598 4988 et

2021 5027 2289 5080 sacriﬁcia
2323 5045 2426 5080 non
2464 5029 2875 5082 ltetilicaverunt
2908 5045 3011 5082 me.
3050 5046 3068 5079 ι
3107 5027 3160 5080 In
3189 5026 3426 5082 Ieremia
3462 5043 3591 5096 quo-

2020 5132 2152 5186 que:
2185 5138 2202 5169 ι
2228 5116 2341 5173 Non
2368 5120 2500 5185 haec,
2533 5121 2708 5190 inquit
2730 5121 2799 5187 '7,
2832 5121 3078 5173 mandavi
3110 5120 3351 5188 patribus
3375 5123 3590 5183 vestris,

2021 5223 2126 5275 qua
2163 5210 2248 5264 die
2277 5213 2436 5264 eduxi
2469 5227 2562 5267 eos
2596 5215 2662 5268 de
2696 5224 2837 5267 terra
2875 5211 3089 5282 [Egypti
3111 5252 3126 5273 .
3157 5213 3222 5267 de
3261 5213 3594 5267 holocaustis

2020 5308 2074 5353 et
2109 5300 2401 5358 sacrificio.
2453 5305 2643 5358 Annon
2693 5305 2790 5358 hoc
2831 5305 2936 5359 illis
2975 5305 3153 5374 potius
3209 5305 3466 5372 imperavi
3509 5306 3592 5358 di-

2023 5406 2189 5447 cens:
2227 5392 2608 5465 Unusquisque
2654 5396 2916 5451 adversus
2945 5399 3246 5466 proximum
3280 5413 3434 5451 suum
3477 5416 3593 5451 Ina-

2595 5554 2642 5585 "
2675 5553 2816 5609 l‘sat.
2848 5572 2900 5621 ι,
2935 5555 3018 5610 l8.
3095 5556 3138 5588 “
3161 5556 3362 5611 larem.
3397 5571 3470 5622 vt,
3500 5554 3600 5611 20.

410 5748 524 5817 (97)
571 5747 632 5801 '0
656 5748 723 5813 ἐξ
757 5749 980 5805 ἀδίκων
1011 5751 1229 5819 πόρων,
1263 5765 1370 5809 etc.
1408 5754 1738 5821 Cordcrius,
1790 5755 1916 5812 Bat‘l

2023 5773 2085 5824 ts,
2115 5756 2294 5812 Codex
2322 5755 2688 5813 Barcccianns
2711 5768 2763 5812 ct
2788 5755 2898 5812 lloc
2925 5756 2976 5809 «ἱ.
