3942 6216
532 289 671 344 1147

1936 299 2020 354 EX
2063 297 2364 354 URICENE

3600 323 3688 383 lllS

529 412 700 465 litiam
761 414 1034 468 rescindat
1086 415 1150 468 de
1203 420 1368 472 corde
1414 435 1554 475 suo:
1595 435 1694 476 nec
1736 421 2069 492 jusjurandnt

2172 443 2187 478 ι
2219 423 2489 488 Ἕκαστος
2530 427 2670 480 κατά
2707 428 2796 481 τοῦ
2826 430 3062 500 πλησίον
3097 433 3156 484 ἐν
3182 434 3244 504 τῇ
3278 438 3452 507 καρδίᾳ
3475 443 3626 495 κακίαν
3645 447 3690 514 μὴ

528 507 725 560 falsum
755 505 1028 576 diligatis:
1066 507 1197 562 Nam
1235 511 1349 563 ham-
1387 514 1568 566 omuia
1600 516 1712 578 odi,
1742 515 1817 569 ait
1849 515 2108 572 Dominus

527 599 894 665 oumipotens.
931 619 950 651 ι
1013 599 1297 656 Manifeste
1342 603 1506 672 igitur
1539 606 1622 660 his
1664 608 1918 662 omnibus
1953 611 2111 663 docet

531 688 809 757 inquirere
838 704 1082 756 quzenam
1133 690 1205 744 sit
1253 695 1651 748 sacriliciorum
1700 698 1873 758 ratio,
1910 699 2108 768 quibus

527 780 894 848 iutelligcndis
924 782 1235 836 conducunt
1288 787 1505 839 oracula
1539 788 1716 841 divina
1749 805 1870 859 qua:
1893 791 2104 847 dicunt:

531 889 548 920 ι
581 868 924 925 Sacriﬁcium
967 873 1072 926 Deo
1104 875 1327 942 spiritus
1363 880 1783 948 contrilmlatus,
1809 901 1828 934 ι
1851 887 2108 950 quemad-

523 962 741 1015 modum
782 973 836 1015 et
875 962 961 1016 hic
999 982 1013 1017 :
1054 965 1406 1022 iSacriﬁcate
1439 971 1771 1026 sacriﬁcium
1802 973 2107 1046 justitim,et

521 1065 740 1121 sperate
790 1054 841 1107 in
879 1055 1123 1110 Domino.
1158 1077 1175 1109 ι
1220 1059 1334 1126 Ipse
1373 1076 1585 1130 quoque
1631 1065 1882 1120 Salvator
1909 1077 1963 1123 et
2003 1069 2108 1123 Do-

522 1146 702 1200 minus
736 1158 944 1210 noster.
976 1164 1069 1202 eos
1097 1151 1190 1218 qui
1232 1152 1547 1221 prophetias
1576 1172 1679 1210 nou
1710 1159 2104 1230 intelligebanl,

521 1248 576 1292 et
627 1251 911 1309 pr0pterea
952 1257 1343 1311 corporeorum
1379 1247 1771 1302 sacriﬁciorum
1820 1251 2099 1320 impotenti

519 1345 707 1384 amore
750 1333 816 1385 ad
851 1344 1126 1403 stuporem
1163 1353 1332 1405 usque
1366 1339 1692 1405 ﬂagrabant,
1722 1343 1786 1394 ad
1823 1344 2096 1398 saniorem

517 1433 752 1477 utentem
786 1425 993 1480 reducit
1014 1427 1203 1483 dicens
1225 1428 1308 1484 ":
1347 1450 1363 1482 ι
1397 1431 1453 1485 Si
1489 1441 1670 1486 autem
1698 1435 1934 1492 sciretis.
1965 1438 2095 1505 quid

515 1523 633 1568 est:
673 1514 1098 1573 Misericordiam
1149 1522 1292 1585 volo,
1321 1534 1375 1576 et
1406 1539 1512 1577 non
1550 1525 1879 1580 sacriﬁciutn
1907 1569 1922 1593 ,
1955 1545 2094 1582 nuu-

512 1617 676 1670 quam
737 1609 1201 1664 condemnassetis
1250 1613 1590 1669 innocentes.
1640 1637 1658 1668 ι
1724 1619 1891 1674 Ροιϊο
1940 1622 2092 1676 locus

513 1698 654 1764 apud
683 1714 847 1752 unum
877 1701 942 1754 de
966 1701 1250 1756 duodecim
1287 1708 1584 1772 prophetis,
1614 1709 1666 1762 in
1703 1710 1844 1766 hunc
1870 1717 2086 1771 modmu

512 1790 718 1855 positus
748 1799 830 1844 est
870 1793 949 1845 ”:
1007 1810 1024 1841 ι
1057 1791 1190 1858 Quia
1220 1794 1652 1853 misericordiam
1693 1803 1812 1855 volo
1835 1845 1848 1868 ,
1891 1815 1946 1860 et
1980 1825 2086 1863 non

510 1882 838 1937 sacriﬁcium
869 1905 880 1938 :
920 1884 1204 1940 scientiam
1240 1888 1328 1942 Dei
1374 1890 1654 1960 plusquam
1694 1895 2028 1953 holocausta.
2063 1920 2082 1952 ι

510 1971 634 2028 ΙΙιιιο
671 1982 849 2028 autem
895 1975 962 2028 de
1007 1977 1292 2032 sacriﬁciis
1339 1979 1511 2050 legem
1544 1997 1665 2037 esse
1704 1985 1857 2041 docet
1888 1989 2086 2047 Paulus

505 2064 691 2119 dicens
723 2065 814 2118 ³ος
864 2084 882 2117 ι
917 2065 1016 2132 Qui
1067 2069 1361 2138 exemplari
1418 2081 1470 2126 et
1523 2077 1726 2130 umbrm
1775 2079 2084 2138 deserviunt

505 2156 829 2212 emlestium.
861 2177 879 2211 ι
936 2160 994 2213 Εἰ
1026 2176 1160 2228 ergo
1190 2162 1280 2230 qui
1325 2162 1468 2232 leges
1500 2168 1569 2221 de
1609 2172 1898 2230 sacriﬁciis
1933 2176 2081 2247 legit,

502 2248 662 2301 enixe
693 2247 1048 2303 laboramlum
1073 2261 1156 2306 est
1184 2262 1239 2305 ut
1260 2268 1354 2308 eas
1385 2266 1613 2329 utroque
1638 2264 1798 2319 modo
1821 2269 2080 2339 explicet,

501 2349 554 2390 et
580 2354 674 2393 eas
699 2349 808 2392 ttun
837 2341 988 2410 juxta
1021 2343 1322 2412 ﬁguralem,
1351 2355 1459 2400 tum
1481 2349 1635 2419 juxta
1663 2359 2078 2416 rcconditiorem

499 2441 555 2482 ct
589 2433 874 2500 mysticum
921 2451 1138 2491 sensum
1191 2441 1482 2509 expendat.
1535 2442 1658 2499 Harc
1693 2453 2018 2519 compendio
2047 2470 2078 2509 a

501 2520 658 2574 nobis
690 2526 978 2581 observata
1015 2541 1141 2586 sunt
1171 2572 1185 2595 ,
1237 2535 1659 2601 explauautibus
1701 2539 1864 2595 illud:
1926 2562 1944 2595 ι
1977 2548 2078 2599 Sa-

495 2613 740 2668 criﬁcate
789 2620 1115 2674 sacriﬁcium
1170 2624 1438 2691 iustitia},
1491 2646 1510 2679 ι
1569 2638 1624 2683 et
1677 2647 2076 2704 consequenter

496 2702 670 2758 istud:
708 2725 726 2758 ι
760 2706 986 2776 Sperate
1031 2714 1081 2766 iu
1119 2714 1363 2770 Domino.
1391 2736 1411 2770 ι
1455 2717 1640 2791 Neque
1669 2724 1813 2778 enim
1847 2741 2076 2782 consen-

496 2805 713 2851 taneum
747 2810 829 2854 est
865 2813 917 2855 ut
952 2803 1078 2870 quis
1127 2819 1310 2873 speret
1339 2850 1353 2874 ,
1403 2823 1694 2882 antequam
1725 2817 1870 2886 juste
1905 2833 2067 2887 agat:

491 2888 540 2940 ei
578 2899 757 2943 autem
789 2894 877 2958 qui
908 2893 1053 2962 juste
1084 2898 1230 2968 agit,
1265 2900 1391 2956 licet
1425 2905 1771 2962 conﬁdenter
1802 2924 2025 2978 sperare
2054 2951 2069 2978 ,

490 2986 545 3029 et
578 2977 786 3032 Domini
817 2981 960 3036 bona
990 2996 1330 3054 exspectare.
1356 2989 1489 3058 Spes
1513 2993 1657 3045 enim
1689 3004 1768 3048 est
1801 2977 2066 3051 bonorum

489 3073 850 3138 exspectatio.
889 3073 1154 3139 Quoniam
1213 3094 1340 3133 vero
1370 3096 1400 3134 ιι
1439 3083 1622 3138 multis
1670 3087 1835 3153 qumri
1887 3088 2062 3156 Solet,
2093 3111 2137 3169 ε

489 3175 614 3212 ιιιιιιι
647 3161 726 3213 ι’ἰιν
757 3164 958 3231 probus
997 3166 1196 3237 aliquid
1229 3181 1410 3239 speret
1437 3213 1450 3236 ,
1505 3190 1626 3228 cum
1675 3175 1757 3229 vir
1792 3180 2064 3246 perlectus

488 3254 704 3305 virtutis
732 3256 949 3324 prmmia
974 3256 1085 3324 jant
1116 3263 1402 3332 receperit,
1437 3281 1537 3320 nec
1568 3265 1674 3321 ulla
1709 3285 1766 3323 re
1800 3267 2062 3340 indigeat,

486 3361 550 3398 ec
578 3356 858 3416 propterea
891 3350 1023 3403 nihil
1057 3364 1260 3419 speret,
1291 3370 1476 3409 eorum
1509 3359 1651 3412 enim
1688 3378 1808 3430 qua:
1845 3367 2062 3430 desunt,

485 3447 568 3491 est
596 3454 720 3505 spes
744 3481 758 3505 ,
808 3457 1039 3511 etnnque
1073 3444 1297 3500 alterius
1346 3449 1416 3501 sit
1462 3450 1596 3504 bene
1645 3467 1866 3522 Sperare
1890 3497 1905 3521 ,
1938 3473 2060 3511 nam

485 3529 667 3592 probis
719 3547 936 3601 semper
988 3535 1122 3589 bona
1171 3537 1276 3590 alia
1327 3554 1392 3593 ex
1455 3540 1577 3596 aliis
1617 3546 1871 3600 continua
1919 3548 2062 3603 serie

481 3623 930 3690 succeduntmge
959 3643 1054 3680 nos
1081 3644 1296 3698 quoque
1318 3629 1472 3698 juxta
1505 3633 1913 3703 Scripturarum
1943 3656 2063 3694 scn-

484 3714 748 3780 tentiam,
792 3717 856 3769 de
903 3716 1005 3773 hac
1036 3721 1338 3788 quaestione
1389 3739 1560 3790 pauca
1608 3731 2056 3798 perstringamus.

479 3802 795 3859 Clarissimc
850 3823 978 3862 sane
1007 3850 1022 3875 ,
1082 3819 1138 3863 ut
1171 3827 1451 3881 speremus
1487 3818 1537 3870 in
1592 3819 1818 3875 Domino
1844 3861 1858 3886 ,
1900 3839 2055 3878 sacra

479 3911 576 3949 nos
592 3898 802 3967 eloquia
825 3901 1203 3956 adhortantur.
1233 3923 1250 3955 ι
1277 3904 1469 3976 Spet'et
1491 3931 1510 3958 ι
1534 3911 1702 3976 enim,
1725 3912 2054 3984 inquiunt",

481 4007 503 4040 ι
534 3987 696 4044 Israel
728 3992 780 4044 in
813 3991 1071 4056 Domino;
1101 4014 1118 4046 ι
1159 4006 1212 4048 et
1244 3997 1286 4028 ³³
1309 4037 1323 4062 ,
1373 4017 1392 4050 ι
1431 4001 1628 4054 Domus
1667 4003 1828 4058 Israel
1863 4021 2054 4076 spera-

475 4081 554 4134 \it
603 4082 655 4134 in
710 4081 938 4137 Domino
964 4123 979 4148 ,
1014 4086 1228 4154 adjutor
1257 4103 1443 4142 eorum
1491 4089 1654 4162 564
1688 4105 1740 4147 et
1774 4109 2053 4165 protector

475 4189 662 4226 eorum
694 4183 793 4228 est.
823 4194 840 4226 ι
869 4177 920 4229 In
955 4180 1302 4246 nonagesimo
1331 4191 1508 4235 autem
1538 4186 1766 4252 psalmo,
1795 4207 1896 4244 una
1929 4208 2050 4248 cum

473 4265 612 4343 aliis
643 4269 1097 4336 promissiouibus
1137 4273 1376 4339 perfecto
1415 4275 1528 4329 viro
1565 4279 1765 4334 dicitur
1803 4283 1931 4336 illud
1962 4284 2006 4316 ³³
2036 4307 2049 4340 :

477 4377 498 4410 ι
530 4357 776 4427 Scapulis
806 4364 916 4416 suis
944 4367 1286 4423 obumbrabit
1324 4371 1440 4434 tibi,
1475 4381 1528 4424 et
1563 4375 1662 4428 sub
1709 4377 1900 4442 pennis
1935 4377 2050 4444 ejus

2216 519 2644 586 μνησικα-κείτω,
2700 523 2792 574 καὶ
2830 522 2999 592 ὅρκον
3045 524 3216 595 ψευδῆ
3242 527 3312 597 μὴ
3350 529 3574 597 ἀγαπᾶτεο
3599 538 3691 588 Atria:

2211 604 2382 660 ταῦτα
2424 609 2599 661 πάντα
2629 609 2885 681 ἐμίσησα,
2919 611 3074 681 λέγει
3107 614 3307 685 Κύριος
3331 622 3689 695 παντοκράτωρ.»

2210 699 2406 767 Σαφῶς
2451 699 2581 767 γοῦν
2632 701 2720 754 διὰ
2749 703 2956 757 τούτων
3006 705 3226 760 πάντων
3254 709 3471 763 διδάσκει
3502 713 3695 778 ἐξετάζειν

2208 789 2292 854 τίς
2314 793 2342 843 ὁ
2372 793 2498 863 περὶ
2522 793 2632 846 τῶν
2657 795 2856 849 θυσιῶν
2873 798 3048 862 τόπος
3064 817 3078 829 ·
3117 801 3209 854 καὶ
3229 801 3494 857 ὑποϐάλλει
3519 824 3568 873 γε
3584 809 3696 879 {keep

2211 882 2319 951 μὰς
2344 883 2410 936 τὰ
2436 883 2590 952 λόγια
2618 885 2844 955 λέγοντα
2868 905 2883 919 ⁸
2925 909 2944 941 ι
2970 890 3067 961 Τῷ
3092 891 3214 962 Θεῷ
3235 893 3386 946 θυσία
3416 896 3589 965 πνεῦμα
3614 917 3696 950 συν-

2206 974 2567 1044 τετριμμένον
2588 992 2600 1005 ο
2629 995 2647 1027 ι
2699 975 2888 1050 ὥσπερ
2921 980 3020 1033 καὶ
3044 981 3234 1036 ἐνθάδε
3257 999 3270 1012 ·
3323 1003 3340 1034 ι
3361 984 3542 1037 Θύσατε
3568 986 3695 1041 θυσίαν

2205 1061 2576 1136 δικαιοσύνης,
2625 1068 2718 1120 καὶ
2766 1069 3031 1124 ἐλπίσατε
3078 1072 3175 1124 ἐπὶ
3204 1072 3417 1144 Κύριον.
3443 1093 3464 1124 ι·
3487 1077 3574 1129 Καὶ
3591 1079 3696 1140 αὐτὴ

2202 1151 2258 1204 δὲ
2286 1155 2314 1206 ὁ
2347 1155 2536 1227 Σωτὴρ
2566 1157 2660 1210 καὶ
2693 1158 2895 1231 Κύριος
2923 1161 3090 1232 ἡμῶν
3122 1165 3428 1234 ἐπιστρέψει
3449 1167 3552 1228 τοὺς
3581 1168 3633 1237 μὴ
3648 1186 3697 1219 νιν

2201 1243 2394 1310 οὖντας
2419 1248 2488 1300 τὰ
2514 1252 2849 1321 προφητικῲ
2881 1254 2976 1306 καὶ
3002 1253 3096 1308 διὰ
3131 1254 3288 1309 τοῦτο
3326 1257 3443 1327 περὶ
3466 1257 3547 1320 τὰς
3569 1276 3697 1327 σωμα-

2200 1335 2358 1399 τικὰς
2385 1337 2574 1402 Θυσίας
2605 1341 2999 1412 ἐπτοημένους,
3034 1345 3232 1413 λέγων⁹
3279 1367 3296 1397 ι
3319 1347 3378 1400 ΕΞ
3403 1348 3452 1401 δὲ
3484 1349 3695 1417 ἐγνώκειτε

2197 1429 2250 1482 τί
2281 1432 2458 1485 ἐστιν·
2494 1433 2679 1498 Ἔλεος
2710 1434 2849 1489 θέλω
2887 1439 2986 1491 καὶ
3020 1439 3086 1491 οὑ
3121 1439 3332 1502 Θυσίαν,
3359 1441 3449 1492 οὐκ
3471 1440 3526 1493 ἂν
3549 1443 3696 1493 κατεδι-

2197 1521 2398 1575 κάσατε
2445 1526 2572 1587 τοὺς
2610 1527 2901 1592 ἀναιτίους.
2932 1547 2952 1580 ι
3008 1531 3208 1584 Κεῖται
3256 1531 3311 1584 δὲ
3359 1533 3388 1601 ἡ
3420 1531 3544 1596 λέξις
3577 1533 3621 1583 ἐν
3647 1533 3696 1584 ἐνὶ

2194 1615 2302 1668 τῶν
2333 1615 2538 1670 δώδεκα
2583 1617 2757 1684 οὑτως
2802 1620 3005 1690 ἔχουσα
3027 1638 3043 1653 ο
3100 1641 3120 1673 ι
3164 1623 3306 1676 Διότι
3345 1623 3478 1686 ἔλεος
3506 1624 3615 1677 θέλω
3637 1626 3698 1676 iul.

2195 1705 2255 1756 οὑ
2289 1704 2500 1771 θυσίαν,
2531 1707 2827 1777 ἐπίγνωσιν
2861 1711 3001 1764 Θεοῦ
3037 1712 3070 1782 ἢ
3115 1713 3538 1782 ὁλοκαυτώματα.
3581 1714 3696 1765 ι’θτι

2193 1798 2251 1850 δέ
2278 1799 2449 1852 ταῦτα
2473 1801 2760 1870 νομοθεσία
2786 1803 2901 1856 ἐστὶ
2929 1806 3062 1876 περὶ
3082 1804 3308 1868 θυσιῶν,
3336 1802 3544 1867 ἐδίδαξεν
3562 1807 3584 1855 ὁ
3603 1804 3698 1856 H15-

2191 1889 2282 1952 λος
2309 1889 2478 1944 εἰπὼν
2529 1893 2611 1945 τό*
2649 1911 2666 1943 ι
2695 1894 2906 1958 Οῑτινες
2949 1895 3322 1965 ὑποδείγματι
3365 1893 3452 1946 καὶ
3497 1894 3602 1962 σκιᾷ
3633 1893 3696 1944 λσ-

2187 1982 2437 2053 τρεύουσι
2469 1985 2578 2038 τῶν
2610 1987 2966 2057 ἐπουρανίων.
2997 2008 3015 2039 ι
3076 1988 3426 2056 ’Λγωνιστέον
3469 1986 3615 2039 τοίνυν
3647 1985 3697 2052 τῷ

2185 2075 2563 2145 ἐντυγχάνοντι
2599 2081 2710 2142 τοῖς
2743 2081 2872 2151 περὶ
2914 2080 3126 2134 θυσιῶν
3157 2082 3341 2151 νόμοις
3377 2079 3614 2150 ἑκατέρως
3635 2077 3696 2129 αὖ·

2183 2167 2311 2229 τοὺς
2353 2167 2734 2238 διηγήσασθαι,
2768 2173 2908 2225 κατά
2953 2190 3015 2225 τε
3042 2173 3106 2225 τὸ
3137 2172 3456 2243 συμϐολικὸν
3483 2172 3562 2222 καὶ
3601 2168 3692 2220 κατὰ

2181 2257 2242 2311 τὸ
2274 2259 2710 2332 ἀπορῤητότερον
2756 2263 2850 2316 καὶ
2897 2264 3170 2334 μυστικὸν
3223 2262 3527 2328 ἐξετάζοντι.
3563 2260 3692 2312 Ταῦτα

2182 2352 2240 2403 ἐν
2268 2352 2501 2423 ἐπιτομῇ
2529 2355 2662 2424 ἡμῖν
2709 2356 3089 2425 σεσημείωστο
3118 2356 3457 2428 βουλομένοις
3498 2353 3691 2422 διηγήσει-

2183 2444 2304 2498 σθαι
2333 2445 2418 2508 τὸ,
2450 2465 2467 2497 ι
2493 2447 2702 2501 Θύσατε
2736 2449 2925 2502 θυσίαν
2963 2450 3323 2520 δικαιοσύνης
3342 2466 3355 2478 °
3385 2469 3402 2497 ι
3435 2448 3517 2500 καὶ
3536 2441 3690 2497 ἀκολοῧσ

2179 2532 2288 2597 θως
2315 2534 2401 2598 τὸ,
2439 2555 2456 2587 ι
2497 2537 2781 2592 Ἐλπίσατε
2817 2541 2907 2593 ἐπὶ
2930 2541 3162 2610 Κύριον.
3189 2558 3209 2592 ι
3254 2540 3327 2591 Οὐ
3359 2537 3458 2609 γὰρ
3489 2539 3605 2590 ἔστιν
3628 2533 3687 2583 εὐ-

2176 2625 2351 2694 λόγως
2383 2627 2601 2683 ἐλπίσαι
2656 2633 2788 2703 πρὶν
2827 2633 3246 2702 δικαιοποιῆσαι
3273 2649 3286 2662 ο
3323 2631 3397 2701 τῷ
3442 2630 3690 2694 δικαιοπραο

2175 2715 2359 2785 γοῦντι
2388 2717 2443 2771 δὲ
2476 2721 2810 2785 πεποιθότως
2848 2721 2995 2776 ἔστιν
3023 2724 3267 2787 ἐλπίσαι,
3299 2723 3391 2777 καὶ
3428 2722 3491 2774 τὰ
3514 2717 3684 2771 105K9-

2178 2807 2292 2876 ρίου
2325 2808 2506 2878 ἀγαθά
2550 2813 2950 2884 προσδοκῆσαι·
2988 2817 3151 2879 ἐλπὶς
3181 2817 3290 2886 γάρ
3323 2818 3432 2868 ἐστι
3464 2807 3685 2882 πῳσῶκξι

2172 2899 2413 2968 ἀγαθῶν.
2455 2902 2608 2956 Ἐπεὶ
2637 2904 2682 2957 δ’
2709 2904 2967 2977 ἐζήτηται
2998 2909 3157 2981 παρὰ
3188 2908 3417 2970 πολλοῖς,
3463 2908 3504 2956 εἰ
3531 2899 3683 2957 ὀχυὸς

2171 2989 2266 3042 καὶ
2292 2989 2495 3059 ἀγαθὸς
2534 2991 2743 3045 ἐλπίσει
2775 3011 2848 3058 τι,
2885 2997 2960 3059 ὡς
2993 2997 3089 3049 τοῦ
3124 2997 3332 3049 τελείου
3376 2991 3622 3060 ἀπέχοππ
3642 2981 3688 3034 τά

2171 3080 2372 3149 ἀγαθὰ,
2411 3085 2504 3137 καὶ
2537 3085 2594 3138 ἐν
2633 3086 2808 3141 οὐδενὶ
2846 3089 3214 3153 ἐλλείποντος,
3251 3089 3343 3142 καὶ
3367 3086 3448 3139 διὰ
3479 3083 3604 3135 τοῦτο
3626 3077 3681 3128 0'3-

2203 3169 2261 3222 ἐν
2293 3170 2618 3238 ἐλπίζοντος,
2652 3176 2898 3231 ἀπόντων
2943 3179 3056 3250 γὰρ
3106 3179 3316 3247 ἐστινὴ
3356 3176 3515 3237 ἐλπὶς,
3554 3168 3686 3236 ἑτέρω

2167 3259 2224 3313 δὲ
2265 3261 2359 3314 τοῦ
2393 3260 2532 3318 εἶναι
2565 3267 2809 3337 χρηστὰς
2856 3269 3106 3334 ἐλπίδας,
3164 3272 3254 3324 ἀεὶ
3302 3273 3411 3330 τοῖς
3447 3263 3598 3323 καλοῖς
3623 3257 3684 3308 καὶ

2167 3355 2390 3422 ἀγαθοῖς
2415 3358 2633 3426 ἀγαθῶν
2662 3361 2728 3414 τὰ
2766 3363 2944 3430 ἁγαθά
2975 3365 3161 3418 αὐτῶν
3194 3364 3536 3433 συνεχέστατα
3564 3351 3683 3449 διεξε-

2166 3447 2409 3518 χομένων
2430 3467 2441 3478 ·
2474 3450 2604 3520 φέρε
2629 3451 2723 3504 καὶ
2744 3455 2906 3524 ἡμεῖς
2935 3455 3093 3524 ὀλίγα
3126 3456 3268 3509 κατά
3291 3455 3350 3506 τὸ
3377 3451 3590 3522 βούλημα
3609 3447 3682 3493 τῶν

2164 3537 2205 3588 Γ
2212 3538 2398 3610 ραφῶν
2418 3541 2546 3611 περὶ
2568 3540 2660 3594 τοῦ
2684 3543 3067 3616 προϐλήματος
3089 3546 3446 3614 διαλάϐωμεν.
3473 3534 3682 3604 ῂφέστασ

2161 3647 2232 3684 τα
2263 3631 2326 3703 δὴ
2353 3634 2750 3706 προτρέπουσιν
2773 3638 2919 3708 ἡμᾶς
2940 3638 3186 3702 ἐλπίζειν
3207 3638 3299 3691 ἐπὶ
3319 3634 3509 3704 Κύριον
3528 3625 3582 3678 τὰ
3599 3617 3681 3689 ίερὰ

2161 3721 2341 3791 λόγια.
2389 3744 2405 3776 ι
2433 3726 2735 3780 Ἑλπισάτω
2773 3747 2791 3778 ι
2841 3729 2971 3801 γὰρ,
3002 3732 3194 3801 φησιν,
3223 3751 3241 3781 ε
3291 3725 3494 3799 Ἰσραὴλ
3523 3717 3596 3772 ἐπὶ
3619 3712 3681 3763 τὸν

2160 3813 2386 3884 Κύριον·
2401 3835 2419 3866 ι
2445 3814 2566 3883 καὶ,
2585 3835 2602 3867 ι
2623 3813 2784 3881 Uitta;
2809 3821 3023 3891 Ἰσραὴλ
3041 3822 3274 3894 ἧλπισεν
3302 3821 3390 3872 ἐπὶ
3406 3817 3488 3869 τὸν
3503 3811 3676 3901 Κύριῖνὶ

2157 3905 2354 3976 βοηθὸς
2400 3909 2578 3962 αὑτῶν
2612 3909 2704 3962 καὶ⁸
2759 3911 3178 3986 ὑπερασπιστὴς
3210 3913 3388 3967 αὐτῶν
3419 3912 3538 3961 ἐστι,
3556 3896 3678 4002 ἷῃτῳ

2156 3997 2212 4051 δὲ
2245 3999 2433 4070 τελείῳ
2457 4001 2514 4051 ἐν
2544 4000 2622 4070 τῷ
2656 4001 3023 4074 ἐννενηκοστῴ
3045 4005 3250 4077 ψαλμῷ
3275 4003 3407 4075 μετά
3431 3997 3526 4052 τῶν
3550 3992 3678 4084 ἀλλωῖ

2157 4091 2496 4160 ἐπαγγελιῶν
2523 4091 2740 4161 λέγεται
2773 4091 2864 4158 τὸ,
2891 4114 2908 4146 ι
2934 4097 3020 4150 Ἑν
3053 4102 3163 4162 τοῖς
3192 4093 3537 4182 μεταφρένοις
3555 4083 3676 4182 ait!“

2154 4181 2462 4234 ἐπισκιάσει
2488 4199 2591 4247 σοι,
2625 4183 2718 4236 καὶ
2748 4185 2851 4238 ὑπὸ
2883 4185 2980 4250 τὰς
3015 4189 3292 4260 πτέρυγας
3321 4181 3478 4240 αὑτοῦ
3502 4177 3675 4269 simil;-

2155 4271 2343 4342 Ὀπλῳ
2372 4270 2642 4326 κυκλώσει
2671 4291 2728 4326 σε
2762 4276 2794 4346 ἡ
2828 4275 3051 4347 ἀλήθεια
3076 4258 3262 4331 αὑτοῦ.
3297 4296 3313 4327 ι
3361 4275 3418 4326 ὐ
3445 4269 3496 4322 δὲ
3517 4258 3676 4318 Παῦλος

2153 4363 2211 4416 ἐν
2241 4356 2285 4431 ᾧ
2311 4364 2583 4434 κρέμαται
2619 4367 2648 4418 ὁ
2694 4365 2858 4437 νόμος
2883 4368 2978 4420 καὶ
3005 4371 3051 4422 οἱ
3086 4370 3379 4441 προφῆται,
3413 4356 3676 4434 βουλόμενος

471 4451 718 4516 sperabis
747 4468 761 4516 ;
805 4464 962 4508 scuto
989 4456 1351 4512 circuuulabit
1379 4471 1430 4514 te
1461 4463 1668 4516 veritas
1691 4465 1828 4531 ejus.
1861 4485 1877 4517 ι
1917 4465 2048 4520 Pati-

2172 4456 2501 4526 ταραστῆσαι
2527 4457 2706 4521 ὁποῖός
2733 4460 2869 4520 ἐστι,
2897 4461 3060 4530 (λέγω
3101 4463 3158 4515 δὲ
3187 4463 3285 4534 τὴν
3308 4458 3513 4526 ἀγάπην
3534 4452 3566 4517 ⁸)
3595 4458 3674 4511 φη·

469 4540 553 4599 lus
602 4553 780 4596 autent
817 4543 868 4598 in
911 4563 1018 4614 quo
1052 4549 1247 4616 pendet
1281 4549 1365 4605 lex
1402 4562 1456 4607 et
1506 4557 1783 4624 propheta-3
1809 4596 1824 4619 ,
1858 4558 2046 4615 volens

465 4635 756 4689 ostendere
787 4637 962 4703 qualis
988 4639 1058 4691 sit
1085 4639 1430 4709 (charitateut
1465 4645 1607 4714 dico)
1635 4647 1712 4699 ait
1736 4648 1815 4703 “z
1857 4668 1874 4700 ι
1897 4651 2043 4703 (Ilia-

470 4724 604 4778 ritas
639 4725 818 4778 otnnia
858 4728 1064 4793 credit,
1095 4731 1279 4784 omnia
1320 4744 1502 4802 sperat
1527 4774 1542 4796 .
1572 4738 1752 4790 omnia
1789 4740 2040 4794 sustinet.

465 4820 716 4873 Charitas
749 4838 1019 4891 nunquatu
1055 4823 1272 4878 excidit.
1309 4843 1326 4872 ι
1366 4823 1518 4891 Quod
1560 4828 1604 4880 si
1636 4844 1907 4899 nunquam
1947 4849 2042 4887 ex-

465 4910 648 4965 cidere
685 4913 909 4981 perfecti
952 4915 1050 4967 viri
1084 4925 1166 4968 est
1199 4931 1333 4984 opus
1368 4918 1509 4984 quod
1545 4933 1574 4971 a
1609 4919 1879 4976 charitate
1911 4940 2038 4992 pro-

466 5000 731 5055 liciscitur
754 5043 768 5068 ,
803 5005 944 5058 illius
973 5007 1136 5058 etiam
1167 5007 1257 5076 qui
1289 5023 1345 5061 re
1370 5009 1610 5077 qualibet
1652 5010 1913 5068 laboriosa
1944 5031 2037 5070 su-

461 5094 644 5159 purior
664 5105 767 5162 est,
797 5097 903 5149 erit
926 5098 1106 5148 omnia
1137 5109 1358 5167 pr0ptcr
1381 5102 1710 5156 charitatem
1743 5107 2034 5172 sustinere,

461 5195 516 5236 et
542 5187 720 5239 omnia
755 5188 994 5248 credere,
1028 5190 1284 5244 nimirum
1317 5209 1436 5262 qua:
1467 5203 1612 5259 sunt,
1638 5204 1693 5249 et
1729 5211 1853 5251 vera
1887 5210 2033 5253 sunt.

461 5274 644 5344 Neque
671 5279 814 5332 enim
843 5279 982 5334 inter
1010 5281 1189 5336 omnia
1216 5285 1488 5337 censenda
1521 5295 1647 5340 sunt
1673 5286 1806 5342 falsa
1837 5291 2034 5360 quippe

459 5385 580 5434 qlia:
627 5387 693 5423 ne
726 5373 946 5426 omnino
988 5375 1205 5440 quidem
1255 5386 1404 5430 sunt.
1446 5377 1579 5431 Nam
1631 5379 1720 5448 qui
1769 5381 2036 5436 charitale

447 5460 714 5526 praeditus
748 5473 875 5526 est.
911 5464 1183 5533 perlectus
1225 5476 1279 5522 et
1327 5467 1544 5523 stabilis
1592 5479 1675 5524 est
1709 5470 1761 5524 in
1809 5471 2031 5526 salutari

459 5551 584 5614 lide,
603 5569 723 5622 ψιιιι
751 5567 834 5609 est
862 5558 929 5612 de
949 5574 1160 5628 quaque
1184 5575 1240 5614 re
1268 5560 1333 5615 ad
1355 5563 1684 5616 credendum
1703 5566 2030 5628 necessaria,

559 5670 604 5747 ’ξ
634 5669 968 5747 ΜειιΙΙ-ιηιιιι,
1003 5675 1055 5725 6.
1144 5677 1191 5747 7"
1227 5677 1387 5735 οδω,
1421 5695 1493 5747 γι,
1529 5681 1581 5734 6,

455 5755 541 5808 ια,
571 5740 623 5794 4.
702 5739 746 5772 ³³
779 5742 950 5798 l.tjor.
988 5760 1104 5814 xui,
1139 5746 1191 5801 5.

1681 5682 1724 5712 ³⁰
1747 5682 1915 5740 Hebr.
1945 5699 2037 5741 vni
2069 5726 2084 5754 ,

2153 4549 2235 4602 σίν
2257 4567 2270 4580 ο
2307 4567 2325 4598 ι
2345 4550 2410 4601 Ἡ
2434 4549 2621 4621 ἀγάπη
2649 4550 2824 4604 πάντα
2852 4553 3114 4617 πιστεύει,
3147 4554 3322 4607 πάντα
3345 4544 3693 4646 ἔελιιτίζει,ντξίιιξ;Ι

2147 4657 2218 4694 τα
2260 4640 2520 4711 ὑπομένει
2544 4658 2558 4671 ’
2605 4643 2638 4712 ἢ
2669 4642 2870 4714 ἀγάπη·
2906 4643 3161 4698 οὐδέποτε
3209 4642 3472 4698 ἐκπίπτει.
3505 4652 3521 4683 ι
3559 4627 3607 4679 Ει
3631 4627 3673 4670 ιὲ

2147 4734 2208 4787 τὸ
2253 4735 2522 4806 μηδέποτε
2566 4735 2852 4788 ἐκπίπτειν
2877 4737 3084 4790 τελείου
3111 4738 3258 4792 ἐστὶν
3299 4735 3468 4824 ἔργθνν

2146 4828 2412 4899 ὑπάρχον.
2461 4827 2556 4881 καὶ
2601 4827 2661 4880 τὸ
2691 4827 2868 4880 πάντα
2901 4829 3192 4899 ὑπομένειν
3233 4827 3318 4882 διά
3361 4817 3670 4912 sev-37:1,“?

2147 4917 2402 4988 ὑπεράνω
2445 4916 2726 4986 γινομένου
2759 4916 2955 4980 παντὸς
2996 4920 3272 4981 ἐπιπόνου,
3322 4913 3410 4967 καὶ
3450 4907 3507 4960 τὸ

2147 5010 2442 5075 πιστεύειν,
2475 5009 2632 5080 δῆλον
2659 5010 2704 5063 δ’
2733 5011 2810 5063 ὅτι
2835 5011 2902 5065 τὰ
2927 5011 3056 5064 ὄντα
3079 5013 3169 5064 καὶ
3189 5010 3256 5064 τά
3279 5001 3443 5100 ἀληθῆ
3465 5014 3476 5026 ³
3493 4997 3555 5100 ,οὗ

2144 5105 2202 5157 ἐν
2245 5105 2358 5166 τοῖς
2398 5103 2531 5154 πᾶσι
2569 5102 2638 5155 τὰ
2671 5103 2840 5174 ψευδῆ
2885 5103 3232 5175 ἀριθμητέον,
3265 5100 3359 5170 τὴν
3387 5087 3544 5163 ἀρχὴν
3572 5076 3666 5175 ουδέ

2141 5197 2288 5251 ὄντα.
2339 5162 2401 5248 ;Ο
2443 5194 2551 5264 γὰρ
2594 5162 2696 5265 Thv-
2736 5162 2957 5264 ἀγάπην
2988 5162 3334 5267 κιαέοίοθώταὲ
3375 5183 3555 5282 τέλῗωῗ

2144 5289 2358 5359 βέϐαιος
2385 5287 2441 5339 ἐν
2483 5289 2548 5357 τῇ
2592 5287 2847 5358 σωτηρίῳ
2887 5287 3065 5340 πίστει
3096 5291 3161 5358 τῇ
3186 5284 3309 5355 περὶ
3343 5278 3452 5337 ἐνὸς
3471 5273 3663 5360 ἐκῆστθξδ

2141 5357 2250 5434 τῶν
2300 5379 2621 5434 πιστοῦσθαι
2663 5380 2975 5448 ἀναγκαίων
3009 5382 3164 5434 ἐστί·
3204 5378 3357 5447 δῆλον
3381 5371 3454 5422 ὅτι
3494 5357 3573 5412 καὶ
3607 5363 3659 5454 ’ξπ

2141 5475 2320 5528 πάντα
2351 5473 2613 5537 ἐλπίζειν,
2655 5473 2749 5526 καὶ
2799 5473 2963 5544 μηδὲν
2990 5473 3296 5544 δυναμένων
3330 5461 3457 5530 ἁγίῳ
3476 5456 3659 5544 arrast-

2141 5568 2266 5621 σθαι
2295 5532 2713 5634 ἀπογινῶσκειν,
2745 5532 2955 5630 οὐδε-’νὸς
2990 5532 3151 5621 ἄλλου
3179 5565 3210 5636 ἦ
3240 5557 3328 5615 τοῦ
3355 5547 3515 5617 τελείᾳ
3539 5532 3652 5603 ἁγὼ

2303 5686 2342 5717 ³¹
2379 5683 2526 5741 Psal.
2551 5698 2714 5751 cxxx,
2753 5685 2808 5749 5,
2906 5684 2949 5715 ³³
2985 5683 3125 5739 ιιδυι,
3157 5696 3300 5746 CXI".
3326 5676 3373 5731 9_
3471 5646 3648 5712 “Psal.
