3942 6216
396 341 530 396 1159

1394 339 1700 395 SEUECTA
1738 339 1804 393 lN
1847 337 2182 394 PSALMOS.
2211 368 2281 381 --
2313 337 2509 396 PSAL.
2552 336 2638 392 IV.

3522 346 3661 401 1150

390 475 469 531 πῃ
511 461 923 533 κἐκοσμημένου
960 460 1122 533 ἔργον
1164 462 1232 515 ἂν
1266 461 1435 531 ὑγιῶς
1480 462 1722 530 λέγοιτοο
1763 462 1859 525 ὡς,
1906 479 1926 514 ε

2032 460 2428 525 Lmanilcstum
2482 470 2606 527 est,
2639 460 2820 514 omnia
2875 475 3093 529 sperare
3121 504 3134 527 ,
3178 463 3418 534 nihilque
3470 481 3657 521 eorum

390 555 957 624 κατακερματίζοντες
976 557 1034 609 τὸ
1060 555 1235 608 πάντα
1255 554 1436 619 ὲλπίζε
1447 574 1513 616 ιν,
1544 552 1846 626 βουλόμεθα
1866 555 1981 627 διη-

388 645 685 713 γήσασθαι,
721 646 976 718 ἐροῦμεν,
1017 648 1097 700 ὅτι
1125 646 1531 717 κληρονομῆσαι
1572 647 1848 717 βασιλείαν
1886 647 1978 699 0t)-

391 733 571 805 ρανῶν
598 737 694 791 καὶ
741 738 1186 810 παρακληθῆναι,
1220 740 1316 793 καὶ
1364 737 1471 791 υἱοῖ
1500 738 1635 792 Θεοῦ
1688 738 1977 809 κληθῆναι,

386 828 480 881 καὶ
525 828 657 882 Θεὸν
690 829 938 899 ὄψεσθαι,
971 832 1064 885 καὶ
1094 830 1567 903 χορτασθήσεσθαι
1595 824 1662 899 ἧς
1698 832 1857 900 πεινᾷ
1885 828 1977 883 καὶ

385 918 516 990 διψᾷ
557 918 923 991 δικαιοσύνης,
968 922 1061 975 καὶ
1088 922 1183 975 τοῦ
1218 922 1425 975 τελείου
1471 921 1623 974 ἐλέου
1667 920 1975 991 μεταλήψε-

387 1010 535 1073 σθαι,
568 1010 661 1066 καὶ
688 1013 1023 1080 ἁπαξαπλῶς
1056 1015 1113 1067 ἐν
1146 1016 1315 1068 πᾶσιν
1339 1014 1555 1067 ἔσεσθαι
1586 1008 1668 1077 οἷς
1707 1012 1969 1083 ἐπηγγεί-

380 1100 513 1156 λατο
535 1102 565 1156 6
595 1104 830 1173 ἀψευδὴς
855 1105 1007 1170 Θεὸς,
1043 1098 1137 1160 καὶ
1168 1107 1359 1177 Σωτὴρ
1387 1107 1413 1158 6
1444 1103 1645 1175 Κύριος
1671 1103 1827 1173 ἡμῶν
1864 1104 1968 1173 Ἰη-

380 1192 509 1257 σοῦς
534 1192 786 1266 Χριστός.
815 1215 833 1247 ι
883 1197 1188 1268 Ὀφθαλμός
1215 1198 1324 1269 γὰρ
1366 1196 1467 1250 οὐκ
1498 1190 1600 1248 εἶδε
1628 1195 1721 1248 καὶ
1748 1190 1840 1257 οῦς
1866 1193 1966 1247 οὑκ

376 1282 601 1353 ἢκουσε,
625 1287 717 1339 καὶ
750 1288 842 1341 ἐπὶ
870 1289 1097 1361 καρδίαν
1125 1288 1412 1359 ἀνθρώπου
1435 1288 1534 1342 οὐκ
1560 1286 1728 1355 ἁνέὸη
1750 1284 1787 1339 ἃ,
1818 1282 1965 1354 ἡτοί-

2078 568 2200 624 φιαξ
2248 555 2455 608 sanctis
2487 553 2755 609 reservari
2793 562 3017 621 possunt
3045 595 3059 617 ,
3093 555 3385 621 desperare
3412 596 3427 619 ,
3463 557 3660 610 nullius

2076 645 2298 698 alterius
2320 660 2455 714 Opus
2480 659 2612 697 sane
2639 643 2744 697 dici
2771 658 2949 711 posse,
2975 658 3136 712 quam
3164 646 3279 712 ejus
3301 647 3390 713 qui
3418 646 3654 713 perlecta

2073 737 2341 789 charitate
2371 736 2631 803 praeditus
2658 743 2775 789 est:
2812 736 2883 787 ita
2917 744 2996 798 ut,
3019 735 3063 789 si
3088 736 3333 789 minutim
3365 739 3657 791 enucleare

2075 827 2325 880 volumus
2352 826 2482 895 quid
2508 828 2579 881 sit
2606 830 2789 880 omnia
2823 842 3064 894 sperare,
3092 828 3287 881 dicturi
3320 829 3490 882 simus
3521 829 3652 882 nihil

2072 918 2215 971 aliud
2241 933 2361 973 esse
2387 934 2549 987 quam
2576 920 2726 987 regni
2751 920 3011 973 cmlormn
3054 920 3422 974 lnereditatem
3477 922 3647 984 adire,

2070 1011 2498 1065 consolationem
2533 1012 2781 1077 accipere
2804 1051 2818 1073 ,
2853 1011 2951 1064 ﬁlii
2988 1010 3079 1064 Dei
3116 1010 3326 1075 vocari,
3358 1010 3526 1065 Deum
3567 1013 3649 1065 vi-

2068 1101 2219 1164 dere,
2247 1102 2458 1172 iustitia
2489 1118 2652 1171 quam
2682 1102 2851 1156 esurit
2873 1112 2927 1156 et
2948 1103 3082 1165 sitit,
3104 1102 3381 1166 exsatiari,
3410 1104 3647 1173 perlecta

2068 1191 2172 1245 frui
2228 1194 2639 1258 misericordia,
2695 1202 2788 1257 et,
2846 1202 2903 1246 ut
2950 1192 3108 1246 simul
3163 1193 3347 1247 omnia
3413 1195 3650 1248 breviter

2066 1286 2343 1340 absolvam
2373 1326 2388 1349 ,
2444 1287 2496 1339 in
2533 1287 2789 1341 omnibus
2842 1300 2964 1340 esse
2998 1301 3117 1355 qua:
3152 1299 3315 1339 verax
3367 1287 3544 1350 Deus,
3592 1297 3648 1339 et

378 1388 550 1443 μασεν
577 1378 605 1430 6
623 1377 754 1443 Θεὸς
780 1382 891 1444 τοῖς
914 1380 1200 1449 ἀγαπῶσιν
1226 1379 1412 1434 αὐτόν.
1440 1398 1459 1429 ι

2070 1374 2323 1431 Salvator
2378 1378 2640 1432 Dominus
2675 1388 2861 1433 noster
2888 1377 3045 1433 Jesus
3090 1378 3344 1433 Christus
3374 1380 3641 1447 promisit.

378 1483 401 1521 ι
424 1467 625 1526 Oculus
663 1475 808 1525 enim
844 1489 948 1527 nou
980 1475 1137 1540 vidit,
1170 1490 1271 1529 nec
1306 1475 1455 1529 auris
1473 1474 1701 1541 audivit,
1739 1486 1839 1527 nec
1871 1470 1923 1524 in
1953 1482 2047 1523 cor
2081 1470 2318 1527 hominis
2352 1474 2737 1537 ascenderunt,
2770 1489 2889 1543 qua:
2920 1474 3248 1543 prcharavit
3288 1475 3439 1528 Deus
3462 1475 3525 1527 iis
3551 1475 3641 1543 qui

373 1560 603 1630 diligunt
633 1564 783 1618 illum
818 1566 885 1619 ³³.
920 1586 940 1617 ι

443 1654 668 1707 Πολλοὶ
712 1654 995 1725 λέγουσι·
1049 1658 1145 1725 Τίς
1187 1659 1371 1724 δε.’ξει
1426 1660 1570 1729 ἡμῖν
1611 1660 1683 1713 τὰ
1726 1656 1918 1728 ἀγαθά

2135 1650 2295 1705 Vsus.
2326 1652 2379 1707 6.
2417 1652 2574 1706 Multi
2603 1654 2781 1706 dicunt
2805 1668 2825 1707 .'
2860 1652 2995 1719 Quia
3018 1654 3247 1708 ostendet
3283 1656 3429 1710 nobis
3466 1656 3598 1711 bona
3618 1659 3651 1712 γ

372 1756 429 1795 κ.
459 1759 509 1795 τ.
542 1743 587 1796 ὲ.
626 1746 686 1798 Οἱ
713 1745 812 1815 μὲν
858 1746 1213 1821 ἁπλούστεροι
1249 1750 1358 1821 (98)
1394 1751 1758 1822 ὑπολήψονται
1793 1750 1920 1816 λέγε

2053 1753 2162 1797 etc.
2213 1744 2585 1814 Simpliciores
2631 1745 3018 1800 existimabunt
3075 1749 3232 1818 hujus
3282 1749 3380 1802 loci
3416 1766 3647 1805 sensuur

371 1829 495 1883 σθαι
526 1831 779 1897 ἐνταῦθα,
830 1835 932 1898 ὅτι,
973 1836 1081 1889 τῶν
1127 1839 1509 1909 ἀποκειμένων
1543 1842 1600 1893 ὲν
1650 1839 1926 1908 ὲπαγγελίε

2048 1849 2173 1889 esse
2203 1875 2217 1899 ,
2264 1836 2461 1890 multos
2485 1879 2500 1904 ,
2538 1854 2662 1892 cum
2704 1839 2969 1906 promissa
3006 1842 3413 1895 annuneiantur
3452 1843 3587 1898 bona
3617 1884 3632 1907 ,

368 1923 818 1992 κηρυσσομένων,
854 1927 902 1977 οἱ
945 1926 1127 1979 πολλοὶ
1169 1927 1441 1997 λέγουσιν,
1494 1930 1600 1995 ὅτι,
1651 1930 1745 1993 Τίς
1776 1928 1926 1982 ταῦτ(

2042 1928 2254 1993 dicere,
2277 1927 2412 1995 Quis
2440 1929 2555 1983 hare
2584 1931 2741 1983 nobis
2771 1936 3039 1997 ostendet,
3069 1942 3124 1987 et
3158 1950 3257 1989 nos
3283 1936 3334 1988 in
3370 1936 3473 1989 illis
3503 1953 3638 1991 con-

365 2012 499 2081 ήμῖν
543 2013 727 2081 δείξει,
760 2018 855 2071 καὶ
901 2019 960 2073 ἐν
1000 2020 1186 2085 αὐτοῖς
1226 2022 1481 2090 γενέσθαι
1514 2023 1763 2094 ποιήσει;
1791 2022 1926 2093 δῆλα

2048 2021 2272 2074 stituet?
2304 2036 2493 2074 eorum
2526 2022 2780 2078 videlicet
2814 2035 3071 2093 tanquam
3102 2041 3353 2080 verorum
3392 2029 3632 2082 admira-

366 2104 450 2157 ὃτι
476 2105 806 2177 πληχθέντες
847 2110 944 2180 μὲν
975 2110 1052 2174 ὡς
1086 2113 1213 2183 περὶ
1244 2114 1478 2184 ἀληθῶν,
1511 2116 1604 2168 καὶ
1632 2112 1926 2186 ὀρεχθέντεε

2051 2110 2195 2163 tione
2228 2110 2527 2178 perculsos,
2554 2121 2607 2164 et
2638 2125 2701 2165 ea
2728 2122 3103 2181 peroptantes,
3138 2114 3234 2167 sed
3268 2122 3487 2184 prapter
3524 2116 3629 2168 hu-

361 2194 562 2260 αὐτῶν,
600 2197 688 2250 διὰ
724 2198 781 2252 δὲ
820 2199 919 2271 τὴν
949 2200 1235 2256 ἀσθένειαν
1281 2203 1381 2275 τὴν
1429 2206 1775 2277 ἀνθρωπίνην
1805 2205 1926 2258 κατέ

2044 2217 2263 2255 manam
2293 2201 2740 2267 imbecillitatem,
2764 2219 2884 2271 quae
2904 2220 2971 2259 ex
3001 2215 3348 2274 peccatorum
3383 2207 3628 2260 multitu—

364 2288 537 2342 πολλὰ
568 2290 675 2343 τῶν
707 2292 1170 2364 ἁμαρτανομένων
1210 2295 1271 2348 οὐ
1303 2298 1445 2351 πάνυ
1481 2316 1531 2352 τι
1570 2300 1754 2362 αὐτοῖς
1781 2297 1926 2353 δεδω·

2044 2296 2170 2349 dine
2198 2296 2395 2361 oritur,
2429 2295 2531 2350 sibi
2576 2312 2679 2351 non
2716 2295 3095 2361 ﬁdentes,l‘ore
3139 2306 3197 2350 ut
3228 2313 3289 2352 ea
3315 2299 3536 2353 videant
3569 2307 3626 2353 et

361 2377 518 2442 κότες
547 2379 608 2433 τὸ
635 2380 859 2451 ὄψεσθαι
889 2384 1027 2437 αὐτὰ
1061 2387 1155 2439 καὶ
1183 2387 1240 2439 ὲν
1265 2388 1448 2453 αὐτοῖς
1472 2390 1750 2461 ζήσεσθαι.
1790 2392 1926 2443 Ἔτει

2045 2384 2097 2437 in
2130 2384 2234 2439 illis
2261 2385 2466 2439 vivant.
2516 2385 2623 2439 Alii
2657 2400 2785 2440 vero
2817 2388 2960 2455 quod
2991 2386 3192 2440 dicitur
3217 2426 3233 2450 ,
3263 2388 3342 2442 sic
3382 2390 3626 2457 explica-

363 2482 446 2537 ροι
487 2468 544 2521 δὲ
595 2470 737 2525 οὕτω
776 2472 1127 2545 διηγήσονται
1176 2478 1236 2532 τὸ
1272 2479 1583 2551 λεγόμενον,
1637 2484 1718 2535 ὃτι
1764 2482 1833 2536 τὰ
1884 2484 1926 2537 ὲκ

2042 2472 2196 2538 bunt,
2226 2489 2332 2529 non
2363 2474 2584 2528 omnino
2614 2474 2912 2542 posse,nisi
2944 2490 2973 2527 a
3007 2474 3366 2543 sapientibus,
3387 2476 3536 2531 clare
3568 2486 3623 2532 et

359 2560 660 2637 ἐπαγγελίᾳ
686 2566 1151 2641 ἀναγεγραμμένα
1176 2575 1285 2636 τοῖς
1320 2575 1593 2639 ἐκλεκτοῖς
1619 2575 1926 2647 δοθήσεσθαι

2039 2572 2227 2630 aperte
2274 2564 2505 2635 intelligi
2540 2564 2669 2632 quid
2704 2561 2811 2617 sint
2850 2561 2939 2615 illa
2972 2562 3111 2617 bona
3143 2580 3263 2631 qua:
3308 2579 3403 2631 per
3435 2580 3623 2634 repro-

354 2652 416 2705 οὑ
442 2654 585 2707 πάνυ
620 2656 673 2709 τί
704 2659 820 2712 ἐστι
857 2661 1042 2728 σαφῶς
1070 2663 1164 2716 καὶ
1204 2664 1417 2734 τρανῶς
1447 2667 1685 2721 συνιέναι
1719 2668 1791 2739 μὴ
1819 2670 1926 2739 οὐχΊ

2040 2653 2350 2709 missionem
2406 2660 2669 2725 scriptum
2718 2665 2801 2709 est
2848 2655 3038 2710 electis
3083 2658 3265 2709 datum
3311 2656 3417 2712 iri:
3471 2659 3620 2712 verbi

355 2745 554 2814 σοφοὺς
594 2764 791 2817 γεγενη
805 2751 995 2817 ιιένους
1014 2769 1028 2783 ο
1070 2748 1181 2807 οἷον
1206 2755 1290 2819 τίς
1320 2757 1352 2827 ή
1396 2756 1467 2827 γῆ
1498 2758 1563 2828 ἢν
1594 2758 1926 2831 κληρονομή-

2036 2749 2229 2815 gratia,
2263 2764 2509 2817 quamam
2543 2749 2612 2803 sit
2641 2759 2782 2802 terra
2811 2764 2977 2818 quam
3004 2750 3406 2804 hazreditabunt
3437 2751 3617 2816 mites,

356 2853 539 2893 σουσιν
570 2842 617 2893 οἱ
650 2848 879 2913 πραεῖς⁹
912 2845 1004 2898 καὶ
1027 2844 1079 2898 τί
1104 2847 1165 2900 τὸ
1189 2847 1591 2922 κληρονομῆται
1619 2851 1788 2922 αὐτὴν
1821 2869 1926 2922 νοη-

2034 2841 2166 2906 quid
2200 2840 2537 2895 haereditatis
2568 2841 2788 2895 nomine
2821 2840 3232 2910 intelligendum
3266 2842 3357 2905 sit,
3385 2841 3512 2908 quid
3546 2844 3619 2897 sit

347 2926 492 2992 τίον,
533 2929 565 2999 ἦ
599 2929 651 2982 τί
690 2931 751 2983 τὸ
788 2932 876 2986 διὰ
907 2933 1003 3005 τὴν
1032 2936 1380 3009 καθαρότητα
1413 2939 1511 3009 τῆς
1544 2940 1769 3010 καρδίας
1809 2940 1926 3009 ὅψε-

2036 2942 2257 2999 proptcr
2283 2934 2462 2986 cordis
2508 2932 2794 3000 puritatem
2836 2931 3023 2985 videre
3059 2931 3223 2985 Deum
3261 2932 3613 2998 invisibiletn,

350 3020 472 3073 σθαι
499 3021 632 3076 Θεὸν
660 3024 893 3097 ἀόρατον
910 3030 1263 3099 τυγχάνοντα,
1289 3031 1348 3084 ὃν
1377 3032 1551 3095 οὐδεὶς
1576 3033 1785 3105 ἑώρακε
1814 3032 1926 3087 πώ-

2035 3038 2193 3091 qucm
2230 3040 2387 3079 uerno
2417 3024 2547 3077 vidit
2576 3039 2811 3091 unquam
2839 3042 2852 3076 :
2878 3025 3033 3091 cujus
3064 3025 3138 3079 rei
3170 3039 3351 3089 causa,
3385 3024 3613 3091 quibus-

347 3128 479 3165 ποτε
501 3128 518 3145 ο
554 3115 696 3178 τίνος
724 3117 780 3170 δὲ
806 3121 1089 3190 γινομένου
1113 3123 1205 3177 καὶ
1237 3124 1495 3178 ποταπῶν
1525 3126 1926 3196 συμὸαινόντων

2032 3130 2097 3169 ve
2132 3116 2289 3170 factis
2318 3156 2334 3183 ,
2388 3119 2479 3186 qui
2514 3132 2658 3171 nunc
2688 3117 2890 3186 lugent,
2925 3128 3111 3185 postea
3145 3117 3257 3171 sint
3281 3118 3614 3172 consolatio-

347 3202 397 3253 οί
449 3204 543 3255 ἐπὶ
593 3204 684 3257 τοῦ
724 3208 986 3280 παρόντος
1024 3212 1343 3276 πενθοῦντες
1392 3213 1616 3285 ὕστερον
1645 3216 1926 3287 παρακλη-

2032 3222 2153 3260 nem
2182 3210 2490 3275 accepturi:
2523 3212 2665 3277 quod
2696 3210 2844 3274 item,
2872 3218 2925 3261 et
2950 3208 3107 3278 quale
3138 3210 3210 3262 sit
3243 3224 3470 3281 regnum
3496 3224 3610 3263 co)-

348 3291 639 3362 θήσονται·
692 3298 772 3360 τίς
805 3299 860 3352 δὲ
890 3302 983 3354 καὶ
1015 3302 1232 3374 ποταπὴ
1282 3306 1314 3375 ἡ
1352 3304 1594 3373 βασιλεία
1626 3307 1735 3359 τῶν
1762 3307 1926 3379 οὐρα-

2032 3295 2225 3351 lorum.
2264 3296 2411 3349 Multi
2437 3312 2567 3367 ergo
2602 3299 2885 3353 audientes
2916 3315 3035 3368 qua:
3071 3299 3122 3351 in
3157 3300 3457 3367 Scripturis
3487 3316 3610 3369 pro-

344 3384 472 3471 νῶν.
521 3387 710 3443 Πολλοὶ
740 3387 833 3445 οὖν
866 3393 1153 3459 ἀκούοντες
1201 3397 1268 3449 τὰ
1298 3400 1762 3471 ἀναγεγραμμένα
1788 3402 1925 3469 ἀγα-

2032 3388 2190 3439 missa
2232 3396 2356 3439 sunt
2410 3388 2544 3441 bona
2572 3427 2591 3454 ,
2633 3397 2688 3441 ct
2740 3398 2995 3457 optantes
3046 3402 3106 3441 ea
3162 3390 3519 3458 intelligentia
3552 3396 3605 3441 et

344 3470 413 3527 οι
445 3474 753 3547 βουλόμενοι
785 3482 925 3535 αὐτὰ
947 3486 1011 3553 τῇ
1048 3484 1254 3558 διανοίᾳ
1294 3487 1589 3543 θεάσασθαι
1618 3470 1710 3543 καὶ
1742 3491 1921 3545 συνιέ-

2032 3487 2208 3530 nieute
2262 3477 2561 3546 percipere,
2611 3479 2798 3534 dicunt
2844 3497 2857 3533 :
2914 3499 2934 3532 ‹
2982 3480 3112 3546 Quis
3150 3482 3401 3536 05Iendet
3450 3484 3608 3537 nobis

340 3582 449 3621 ναι.
480 3566 696 3635 λέγουσι
725 3571 807 3634 τὸ,
847 3591 865 3622 ι
903 3573 998 3637 Τίς
1027 3576 1179 3630 ἔσται
1212 3580 1240 3631 6
1275 3578 1463 3643 δείξων
1496 3583 1624 3651 ἡμῖν
1658 3582 1868 3650 ἁγαθά;
1893 3603 1913 3636 ι

341 3656 584 3721 Σπάνιος
610 3660 717 3733 γὰρ
746 3662 961 3736 ἀληθῶς
987 3668 1015 3720 6
1044 3668 1341 3737 δυνάμενος
1371 3669 1662 3735 δεικνύναι,
1702 3673 1777 3736 ὡς
1804 3675 1921 3745 διη-

339 3750 650 3821 γησάμεθα,
686 3755 754 3807 τὰ
780 3755 981 3824 ἀγαθὰ,
1017 3759 1197 3821 ὁποῖος
1228 3760 1256 3811 6
1292 3758 1499 3823 Παῦλος
1531 3757 1598 3830 ἦν
1625 3760 1918 3831 δυνάμενος

338 3841 479 3895 αὐτὰ
511 3844 653 3915 λόγῳ
686 3849 1056 3918 παραστῆσαι,
1090 3849 1163 3913 ὣς
1191 3852 1323 3921 φησί
1349 3868 1451 3903 που
1484 3852 1568 3904 τό⁶
1600 3871 1618 3904 ι
1642 3854 1830 3924 Ἡμεῖς
1860 3855 1918 3908 δὲ

336 3932 461 3985 νοῦν
508 3936 744 4006 Χριστοῦ
798 3938 1014 4010 ἔχομεν,
1060 3942 1145 3995 ῖνα
1178 3943 1372 4013 ἴδωμεν
1390 3944 1457 3997 τὰ
1494 3946 1601 3999 ἀπὸ
1642 3946 1734 3999 τοῦ
1778 3948 1914 4002 Θεοῦ

334 4024 667 4094 χαρισθέντα
715 4028 866 4098 ἡμῖν,
912 4030 947 4084 ἃ
994 4032 1087 4086 καὶ
1112 4033 1376 4105 λαλοῦμεν
1423 4037 1522 4089 οὐκ
1560 4040 1617 4090 ἐν
1646 4039 1915 4104 διδακτοῖς

330 4114 677 4188 ἀνθρωπίνης
706 4120 898 4188 σοφίας
925 4122 1122 4192 λόγοις,
1150 4125 1265 4178 ἀλλ’
1290 4128 1347 4179 ἐν
1372 4117 1638 4193 διδακτοῖς
1670 4131 1913 4200 πνεύμα-

328 4220 438 4268 τος,
476 4210 819 4278 πνευματικὰ
849 4220 1239 4285 πνευματικοῖς
1270 4220 1699 4289 συγκρίνοντες.ι
1740 4223 1912 4294 Terr,-

331 4296 579 4367 ρήκαμεν
611 4300 869 4367 πολλάκις
909 4306 990 4369 τὸ,
1033 4325 1051 4358 ι
1073 4308 1177 4372 τίς,
1204 4328 1222 4361 ι
1265 4312 1323 4363 ὲν
1354 4315 1418 4382 τῇ
1460 4313 1647 4383 Γραφῇ
1682 4315 1774 4367 ἐπὶ
1811 4315 1905 4369 τοῦ

329 4387 556 4440 σπανίου
591 4394 939 4462 τεταγμένον,
973 4395 1163 4470 ὥσπερ
1190 4402 1247 4453 ἐν
1277 4402 1385 4472 τῷ·
1422 4422 1441 4454 ι
1464 4405 1559 4469 Τίς
1592 4408 1780 4472 πιστὸς
1813 4409 1908 4461 καὶ

328 4478 590 4548 φρόνιμος
621 4483 933 4554 οίκονόμοςς
961 4504 980 4537 ι
1025 4490 1141 4541 καί·
1183 4508 1202 4541 ι
1227 4492 1320 4556 Τίς
1354 4494 1514 4563 σοφὸς
1550 4498 1644 4550 καὶ
1687 4500 1907 4569 συνήσει

327 4569 531 4633 ταῦτα;
562 4589 579 4621 ι
632 4574 749 4625 καῖ’
794 4591 813 4625 ι
842 4576 1035 4646 Κύριε,
1085 4579 1168 4642 τίς
1221 4586 1633 4656 κατασκηνώσει
1686 4591 1745 4642 ἐν
1788 4591 1907 4661 ὄρει

324 4653 464 4745 ᾴγίῳ
494 4672 618 4721 σου;
642 4677 660 4709 ι
698 4659 884 4726 Οὕτως
922 4667 1016 4717 καὶ
1046 4667 1234 4722 ἐνθάδε
1264 4653 1482 4742 λέγεται
1509 4678 1594 4745 τὸ,
1633 4697 1651 4730 ι
1673 4680 1768 4745 Τίς
1798 4653 1907 4735 6st-

324 4743 399 4810 ξει
427 4748 557 4817 ἡμῖν
588 4751 657 4804 τὰ
689 4752 906 4820 ἀγαθάς
933 4774 951 4807 ι

334 4836 433 4927 Ἐκ
453 4840 607 4927 Πτοῇ.
633 4844 815 4927 ζόέιρυ
864 4847 1099 4927 τῶνξίς
1115 4854 1249 4927 Δτιδι’
1292 4855 1340 4907 δ’
1384 4860 1629 4927 ψαλμὸν
1675 4863 1762 4927 εἱς
1808 4863 1899 4917 τό·

392 4926 409 4999 ι
446 4912 665 4965 Πολλοὶ
679 4918 926 4984 λέγουσι
950 4912 1089 4986 ’,Τί
1103 4921 1285 4989 δείξει
1300 4912 1443 4994 ἡμῖν
1460 4912 1530 4983 rei
1550 4912 1780 4999 drmit—'2‘;

389 4998 595 5070 Πολλῆς
625 5006 776 5076 παρὰ
803 5011 915 5071 τοῖς
945 5010 1251 5082 ἀνθρώποις
1293 5015 1569 5088 ζητήσεως
1600 4998 1897 5091 τυγχανού-

313 5108 417 5161 σης
448 5095 573 5163 περὶ
606 5096 719 5161 τοῦ,
747 5099 867 5152 τίνα
890 5101 958 5154 τὰ
988 5104 1190 5171 ἀγαθὰ,
1232 5109 1325 5161 καὶ
1350 5108 1469 5163 τίνα
1502 5111 1569 5165 τὰ
1603 5114 1768 5179 κακὰ,
1800 5120 1893 5172 καὶ

313 5182 474 5235 τινῶν
501 5185 602 5255 μὲν
631 5188 971 5262 ἀπροαίρετα
999 5191 1138 5250 εἶναι
1169 5197 1434 5267 λεγόντων
1462 5202 1536 5255 τὰ
1561 5204 1762 5272 ἀγαθὰ,
1794 5211 1889 5262 καὶ

313 5273 382 5327 τὰ
426 5278 571 5332 κακά
594 5296 609 5310 ο
654 5281 895 5353 ὡσπερεὶ
928 5286 1025 5357 τὴν
1053 5288 1246 5360 ἡδονὴν
1278 5292 1480 5360 ἀγαθὸν
1526 5294 1893 5369 ἀποφαινομέ-

309 5378 437 5429 νων,
474 5369 641 5423 κακὸν
670 5370 727 5425 δὲ
760 5375 820 5427 τὸ
852 5380 1085 5449 πονηρόν
1104 5397 1117 5410 ’
1147 5382 1348 5453 ἑτέρων
1376 5384 1431 5436 δὲ
1462 5386 1519 5437 ἐν
1546 5388 1728 5455 μόνοις
1760 5409 1891 5460 προ-

2204 3566 2378 3620 bona?
2405 3586 2425 3619 ι
2456 3567 2617 3621 Pauci
2646 3570 2789 3623 enim
2816 3579 2942 3623 sunt
2969 3571 3081 3639 qui,
3108 3580 3162 3624 ut
3195 3572 3448 3638 diximus,
3481 3590 3609 3642 pos—-

2020 3659 2129 3711 sint
2157 3656 2440 3713 ostendere
2472 3656 2631 3725 bona,
2662 3659 2727 3711 ad
2754 3660 2923 3712 instar
2942 3659 3111 3727 Pauli,
3131 3662 3220 3731 qui
3246 3678 3307 3717 ea
3331 3667 3496 3718 verlio
3525 3682 3608 3721 re-

2019 3759 2347 3816 praesentare
2378 3760 2615 3818 poterat,
2672 3760 2729 3805 ut
2772 3751 2971 3807 alicubi
3013 3752 3145 3809 dicit
3178 3754 3223 3788 ³⁸
3257 3769 3271 3810 :
3311 3774 3336 3809 ι
3368 3755 3478 3814 Nos
3502 3775 3601 3811 an-

2019 3848 2126 3893 tem
2158 3856 2376 3895 sensum
2402 3843 2602 3897 Christi
2632 3843 2923 3912 habemus,
2951 3856 3007 3899 ιιι
3033 3848 3274 3902 sciamus
3296 3864 3463 3918 quaaa
3491 3852 3602 3905 Deo

2017 3929 2213 3982 donata
2262 3943 2386 3984 sunt
2420 3934 2599 3998 nobis,
2632 3950 2752 4001 qua:
2790 3946 2846 3989 et
2881 3936 3155 4004 loquimur
3191 3954 3293 3993 non
3334 3941 3390 3995 in
3425 3942 3602 3999 doctis

2014 4018 2262 4075 lnnnanze
2295 4022 2576 4091 Sapientiae
2608 4025 2811 4089 verbis,
2840 4028 2935 4080 sed
2972 4028 3023 4080 in
3055 4028 3301 4083 doctrina
3336 4032 3595 4101 spiritus,

2014 4111 2384 4179 spiritualibus
2412 4115 2716 4179 spiritualia
2748 4130 3180 4186 comparantes.»
3218 4122 3373 4191 Saepe
3416 4136 3594 4179 autem

2011 4202 2418 4262 observavimus
2443 4207 2570 4262 illud
2590 4245 2606 4272 ,
2633 4230 2652 4259 ι
2683 4209 2829 4278 quis,
2854 4229 2873 4262 ι
2913 4212 2964 4264 in
2987 4227 3165 4266 rerum
3200 4215 3421 4269 raritate
3438 4232 3597 4271 usur-

2012 4293 2167 4359 pari,
2203 4304 2261 4348 ut
2294 4312 2416 4350 cum
2458 4297 2660 4352 dicitur
2692 4299 2735 4330 ³⁷
2772 4314 2789 4354 :
2829 4318 2847 4351 ι
2899 4299 3029 4367 Quis
3062 4303 3238 4359 ﬁdelis
3265 4315 3320 4358 et
3356 4307 3594 4373 prudens

2010 4384 2382 4451 dispensator?
2405 4405 2424 4437 ι
2446 4399 2501 4443 et
2526 4388 2593 4454 ³⁸,
2610 4402 2629 4436 ι
2652 4390 2784 4456 Quis
2814 4393 3027 4461 sapiens
3043 4404 3097 4447 et
3120 4396 3380 4466 intelliget
3398 4400 3587 4453 hacch

2009 4487 2063 4529 et
2086 4475 2152 4542 ³³,
2176 4494 2196 4526 ι
2222 4476 2462 4539 Domine,
2481 4480 2603 4548 quis
2621 4482 2921 4549 requiescet
2946 4483 2996 4537 in
3018 4496 3201 4540 monte
3220 4499 3411 4542 saneto
3430 4491 3546 4543 tuo?
3563 4510 3584 4545 ρ

2010 4567 2103 4622 Sic
2136 4578 2192 4622 et
2220 4570 2311 4624 hic
2340 4570 2537 4624 dicitur
2572 4587 2588 4625 :
2622 4590 2639 4623 ι
2666 4573 2796 4638 Quis
2812 4577 3060 4632 ostendet
3090 4578 3244 4633 nobis
3279 4579 3456 4634 bona?
3491 4600 3511 4632 ι

2009 4859 2246 4921 Extomo
2270 4867 2322 4919 in
2350 4880 2593 4938 quartum
2623 4871 2906 4940 psalmum,
2938 4877 3006 4927 ad
3040 4876 3132 4929 illa
3163 4877 3313 4929 verba
3332 4892 3352 4929 :
3376 4895 3393 4928 ι
3420 4876 3583 4933 Mum

2265 4940 2470 5003 dicunt,
2506 4942 2637 5004 Quis
2661 4946 2893 4995 ostendet
2921 4946 3067 4998 nobis
3101 4948 3232 4998 bona
3253 4947 3278 4998 ?
3306 4965 3327 4999 ι

2073 5025 2209 5080 Cum
2246 5028 2298 5082 in
2331 5045 2526 5099 magna
2567 5034 2938 5088 controversia
2980 5045 3035 5090 ct
3072 5039 3419 5095 contentione
3458 5057 3580 5095 ver-

1999 5131 2169 5184 setur,
2208 5139 2451 5191 quaenam
2490 5125 2628 5179 bona
2657 5136 2713 5180 et
2742 5141 2988 5195 quaenam
3019 5130 3155 5184 mala
3185 5133 3327 5199 sint;
3353 5145 3408 5188 et
3436 5153 3574 5190 nou-

2000 5210 2130 5264 nulli
2161 5213 2448 5278 allirtnent,
2483 5231 2583 5271 nec
2612 5217 2777 5284 bona,
2807 5235 2904 5275 nec
2940 5221 3079 5276 mala
3105 5225 3388 5279 arbitraria
3419 5243 3575 5293 csse;

1999 5312 2185 5369 utpote
2222 5304 2311 5373 qui
2346 5306 2673 5376 voluptatem
2712 5311 2931 5377 bonum,
2969 5314 3166 5369 malum
3196 5332 3325 5371 vero
3351 5319 3399 5371 id
3429 5322 3577 5389 quod

1997 5391 2279 5446 molestqu
2330 5407 2450 5457 est,
2502 5402 2885 5469 pronuntient;
2926 5404 3017 5458 alii
3060 5420 3189 5461 vero
3234 5408 3285 5461 in
3328 5410 3393 5463 iis
3440 5411 3576 5465 solis

308 5465 602 5568 dipS‘ﬂxOE;
632 5467 1058 5524 κατακλειόντων
1089 5473 1157 5526 τὰ
1188 5474 1365 5542 ἀγαθὰ
1386 5478 1565 5531 καὶτὰ
1590 5481 1734 5535 κακά
1752 5500 1765 5512 ·
1797 5485 1888 5537 καὶ

2032 5500 2111 5538 uae
2143 5484 2312 5540 libere
2346 5490 2725 5560 suscipiuntur
2756 5494 2894 5549 bona
2923 5506 2978 5551 et
3008 5499 3148 5551 mala
3176 5499 3479 5568 includant;
3514 5514 3572 5560 ct

303 5547 401 5611 τὰς
437 5551 536 5618 μὲν
566 5553 785 5625 ἀρετὰς,
818 5558 1032 5623 καὶτὰς
1076 5562 1195 5614 κατ’
1238 5565 1408 5629 αὑτὰς
1457 5568 1681 5633 πράξεις
1717 5572 1885 5641 μόνας

1997 5576 2225 5631 virtutes
2255 5579 2469 5646 quidem
2512 5598 2811 5653 carumque
2847 5589 3089 5645 actiones
3120 5591 3264 5648 solas
3291 5592 3428 5650 bona
3466 5610 3566 5653 vo-

377 5660 422 5690 ³⁵
454 5662 617 5718 lCor.
652 5668 797 5729 ",9.
875 5670 920 5701 ³⁸
955 5670 973 5724 1
1008 5674 1131 5727 Cor.
1189 5691 1247 5741 ιι,
1306 5677 1372 5731 lli
1414 5690 1467 5733 ct
1518 5682 1605 5734 l2.
1681 5684 1723 5714 ³⁷
1756 5684 1922 5739 Matth

2034 5704 2139 5752 xlv,
2174 5690 2263 5744 45.
2340 5692 2383 5722 ³⁸
2417 5692 2507 5749 Ps.
2537 5712 2644 5758 (τινι,
2672 5700 2760 5753 45.
2836 5701 2879 5734 ³³
2906 5704 2992 5759 Ps.
3031 5720 3141 5771 xtv,
3170 5709 3220 5765 ί.

381 5752 494 5828 (98)
519 5761 581 5810 Οἱ
601 5759 718 5828 μὲν
744 5763 1164 5838 ἁπλούστερα,
1197 5783 1301 5827 ctc.
1332 5773 1504 5829 Codd.
1541 5775 1677 5846 lioc,
1704 5776 1924 5837 Barocc.

2032 5784 2193 5839 thedac
2222 5786 2552 5857 Combelisii,
2587 5794 2768 5851 Daniel
2797 5796 3086 5855 Barbarus.
