3942 6216
432 285 568 344 ttat
1822 282 1912 342 EX
1951 283 2256 342 omnem
3655 291 3753 350 ιιοε

429 410 572 465 (ent,
603 405 932 454 vattaautem
970 405 1026 452 et
1059 395 1285 452 vitiosas
1309 397 1552 453 actiones
1584 399 1720 453 mala
1749 417 1763 453 :
1791 402 2008 455 tertium

2129 399 2293 467 ὶγαθά
2313 397 2584 468 λεγόντων
2609 417 2622 431 ·
2661 400 2756 464 τὰς
2782 399 2853 453 δὲ
2889 398 3133 462 κακίας
3166 400 3272 454 καὶ
3299 399 3400 463 τὰς
3432 401 3567 454 κατά
3601 406 3757 456 κακίαν

426 500 606 544 autem
636 494 705 545 sit
736 506 906 558 genus
932 504 1120 544 eorum
1157 490 1245 558 qui
1280 489 1396 542 haec
1430 489 1802 556 permiscent,
1836 502 1892 544 et
1931 491 2007 545 si-

427 584 538 636 mul
583 582 728 636 inter
759 581 1050 634 arbitraria
1081 588 1136 634 et
1170 595 1274 634 nou
1315 580 1599 634 arbitraria
1637 596 1756 636 esse
1787 580 1924 635 bona
1957 590 2013 635 et

425 673 569 726 mala
600 673 806 733 dicunt.
841 671 1228 741 probabilitate
1263 671 1468 726 inducti
1504 671 1747 741 plerique
1776 672 2008 726 fidelium

426 763 666 818 discendi
695 763 897 832 cupidi,
931 765 997 818 ad
1031 764 1210 818 locum
1239 765 1306 818 de
1333 765 1488 818 bonis
1513 765 1710 818 merito
1732 763 2006 819 dixerint:

431 875 449 908 ι
462 856 592 924 Quis
605 857 853 912 ostendet
873 856 1028 910 nobis
1043 855 1218 909 bona?
1239 873 1262 907 ι
1291 853 1548 908 Naturam
1567 855 1733 924 igitur
1745 854 2010 909 honorum

425 963 546 1003 eam
573 963 716 1012 esse,
748 957 806 1000 ut
838 947 1008 1001 libere
1039 944 1240 1014 suscipi
1269 954 1364 998 aut
1392 946 1566 1000 omitti
1599 944 1826 1014 possint,
1852 961 2012 1002 nemo

423 1041 516 1110 qui
569 1039 757 1107 judicii
811 1038 1078 1092 rationem
1138 1036 1413 1104 admittat,
1472 1037 1673 1090 audeat
1729 1037 2009 1102 dubitare;

425 1133 625 1185 bonum
681 1130 882 1198 quippe
941 1128 1018 1181 ait
1061 1141 1218 1190 esse,
1272 1127 1361 1181 ubi
1423 1127 1618 1197 aliquis
1679 1128 1862 1182 audiet
1909 1128 2010 1184 ‘°:

431 1243 450 1272 ε
474 1222 640 1293 Euge,
657 1236 814 1276 serve
836 1221 977 1275 bone
997 1218 1257 1280 etfidelis.
1274 1223 1619 1291 superfpauca
1645 1220 1795 1276 fuisti
1819 1222 2013 1289 ﬁdelis,

425 1331 587 1385 super
618 1315 779 1368 multa
815 1323 866 1368 te
893 1314 1221 1368 constituam
1269 1329 1284 1365 :
1331 1313 1618 1382 ingredere
1657 1313 1708 1366 in
1755 1315 2012 1383 gaudium

425 1405 629 1459 domini
684 1406 779 1458 ttti.
841 1423 860 1456 ι
910 1405 976 1458 Ει
1018 1405 1214 1458 bonum
1239 1414 1341 1467 est,
1371 1405 1512 1474 quod
1543 1422 1570 1458 a
1603 1405 1718 1459 viro
1751 1407 1914 1470 bono,
1948 1421 2011 1461 ex

424 1497 612 1559 corde,
651 1507 709 1549 ut
740 1495 1002 1550 Servator
1021 1497 1120 1561 ait,
1150 1496 1424 1565 profertur
1457 1496 1500 1529 ἰι
1541 1515 1554 1550 :
1595 1516 1613 1548 ι
1643 1495 1824 1552 Bonus
1853 1499 2016 1554 homo

425 1607 489 1644 cx
524 1589 666 1644 bono
697 1589 953 1644 thesauro
981 1589 1165 1643 cordis
1196 1590 1278 1642 sui
1317 1587 1528 1656 profert
1562 1589 1725 1643 bona.
1777 1609 1795 1642 ι
1837 1590 2018 1660 Atque

425 1692 490 1736 nt
535 1681 703 1737 semel
750 1663 926 1735 dicam
955 1721 970 1744 ,
1020 1682 1202 1736 omnis
1237 1680 1446 1735 fructus
1477 1681 1690 1735 arboris
1720 1683 1894 1746 bona),
1921 1684 2013 1752 qui

426 1772 598 1828 libere
625 1772 826 1841 suscipi
856 1781 1054 1839 potest,
1092 1773 1290 1825 bonum
1317 1781 1440 1836 est;
1474 1782 1530 1824 ut
1559 1773 1834 1838 Charitas,
1871 1789 1972 1842 pax
1999 1814 2013 1839 ,

425 1864 704 1934 gaudium,
752 1863 1037 1932 patientia,
1098 1862 1404 1933 benignitas
1452 1873 1507 1918 et
1553 1863 1791 1928 bonitas,
1842 1867 2012 1932 fides,

429 1957 804 2021 mansuetudo,
841 1955 1176 2009 continentia
1202 1971 1217 2017 ;
1247 1955 1330 2008 his
1360 1970 1488 2010 vero
1519 1959 1814 2018 contraria,
1847 1958 2011 2014 mala.

427 2051 510 2104 An
543 2063 670 2102 vero
709 2049 871 2103 etiam
926 2061 991 2102 ex
1039 2046 1238 2101 Christi
1287 2047 1534 2102 doctrina
1575 2050 1774 2118 aliquid
1815 2051 2015 2105 bouttm

427 2142 541 2207 sit,
577 2151 629 2196 et
662 2141 863 2195 malum
888 2177 905 2206 ,
943 2141 996 2194 in
1033 2141 1099 2194 iis
1144 2155 1264 2209 qua:
1310 2140 1473 2193 libera
1525 2155 1630 2194 non
1661 2151 1804 2206 sunt,
1842 2143 2013 2196 disce-

428 2232 688 2302 ptandum
715 2242 833 2296 est;
866 2241 922 2286 et
952 2247 1016 2286 an
1051 2236 1248 2287 bonum
1274 2231 1501 2300 aliquid,
1528 2232 1838 2286 autmalum
1869 2235 1939 2288 sit
1965 2236 2015 2287 in

430 2326 497 2379 iis
527 2341 646 2394 qua:
675 2340 780 2378 non
810 2323 978 2378 iibcra
1013 2334 1139 2378 sunt
1165 2364 1179 2389 ,
1210 2332 1266 2377 ut
1303 2333 1488 2391 postea
1516 2325 1771 2392 expensis
1800 2333 1855 2379 et
1887 2339 2018 2379 exa-

431 2418 652 2472 minatis
681 2417 807 2480 illis,
833 2417 1206 2472 ostendemus.
1237 2417 1346 2471 Nec
1382 2433 1508 2472 vero
1543 2434 1663 2486 quas
1688 2420 1756 2473 ab
1786 2420 1851 2474 iis
1883 2419 2017 2475 affe-

431 2519 624 2563 runtur
650 2511 743 2577 qui
772 2509 1080 2563 arbitrariis
1115 2525 1219 2564 non
1246 2511 1540 2564 arbitraria
1572 2513 1838 2574 miscent,
1875 2513 2016 2567 bona

428 2608 485 2652 et
546 2597 682 2650 mala
735 2599 934 2651 fuerint
992 2614 1005 2651 :
1049 2599 1123 2652 illi
1169 2600 1313 2652 enim
1354 2601 1665 2655 existimant
1693 2600 1888 2672 566,
1925 2604 2019 2657 bo-

430 2712 626 2751 norum
659 2695 760 2750 alia
797 2697 848 2750 in
893 2697 1096 2763 anima,
1138 2697 1239 2751 alia
1274 2699 1325 2751 in
1359 2713 1584 2767 corpore
1609 2740 1623 2764 ,
1657 2701 1758 2753 alia
1794 2712 2016 2757 externa

429 2801 555 2841 esse
578 2829 591 2847 ,
623 2787 1076 2856 quemadmodum
1124 2798 1178 2840 et
1215 2787 1378 2843 mala.
1413 2786 1469 2840 in
1511 2788 1717 2855 anima,
1753 2804 1874 2845 esse
1903 2793 2017 2845 vir-

432 2888 600 2932 tutem
639 2885 695 2932 et
729 2875 976 2931 actiones
1002 2891 1029 2928 a
1066 2877 1265 2929 virtute
1292 2875 1594 2946 profectas,
1622 2879 1707 2932 vel
1744 2879 1936 2933 vitium
1964 2889 2020 2934 et

435 2970 676 3023 actiones
709 2968 950 3022 vitiosas.
978 2967 1031 3021 lu
1059 2982 1310 3036 ccipere,
1341 2968 1655 3036 sanitatem,
1688 2973 1876 3039 robur,
1903 2971 2020 3042 puis

431 3060 837 3128 chritudinem;
878 3061 956 3115 vel
984 3071 1194 3128 contra,
1235 3066 1504 3129 morbum,
1538 3065 1730 3119 malam
1776 3068 2021 3135 coeperis
2045 3102 2092 3161 (Ξ

434 3153 834 3221 habitudinem,
884 3161 937 3206 et
988 3151 1411 3212 deformitatem.
1461 3156 1697 3210 Externa
1749 3158 2018 3228 denique,

433 3244 672 3310 divitias,
715 3253 1122 3316 paupertatem;
1161 3246 1409 3314 gloriam,
1436 3247 1822 3316 ignominiam;
1869 3250 2024 3304 nobi—

437 3337 645 3394 litatem
673 3379 688 3399 ,
723 3340 1138 3410 ignobilitatem.
1169 3338 1297 3392 Tria
1339 3341 1463 3394 item
1505 3342 1768 3396 bonorum
1804 3359 2022 3418 genera,

438 3441 496 3484 et
537 3433 760 3487 totidem
799 3433 1061 3486 malorum
1097 3433 1149 3486 in
1191 3431 1490 3502 Scripturis
1533 3438 1754 3503 reperiri
1804 3436 2025 3504 quidam

439 3523 778 3581 existimant.
832 3522 1073 3578 Virtutes
1115 3525 1260 3579 enim
1296 3535 1351 3580 ct
1387 3525 1516 3580 vitia
1547 3537 1780 3582 .ateutcs
1811 3527 1946 3582 bona
1973 3537 2030 3582 et

437 3611 581 3665 mala
635 3625 796 3676 csse,
846 3622 1042 3681 prmter
1093 3629 1153 3668 ea
1201 3629 1318 3683 quae
1365 3618 1503 3685 apud
1555 3632 1652 3670 nos
1691 3619 1743 3670 in
1781 3617 2029 3672 confesso

439 3712 591 3769 sunt,
627 3702 681 3758 in
722 3704 921 3761 virtute
953 3721 1015 3760 ac
1040 3707 1173 3761 vitio
1197 3747 1212 3771 ,
1247 3716 1302 3762 et
1332 3707 1384 3762 in
1421 3708 1727 3764 actionibus
1753 3725 1872 3778 qmc
1904 3709 2029 3765 inde

439 3795 898 3864 proficiscuntur,
936 3796 1230 3867 Scriptum
1258 3799 1583 3855 testimoniis
1615 3810 1868 3866 utentur,
1909 3816 2030 3871 quae

439 3902 530 3942 res
578 3890 822 3956 corporis
889 3898 945 3945 et
995 3899 1258 3946 externas
1294 3892 1430 3946 bona
1473 3894 1556 3946 vel
1605 3893 1741 3946 mala
1776 3908 1896 3948 esse
1932 3893 2027 3948 de-

439 3979 656 4035 clarant
685 3998 699 4034 :
731 3989 784 4035 ct
811 3982 877 4036 de
902 3983 1195 4037 virtutibus
1221 3984 1437 4052 quidem
1469 4001 1532 4039 ac
1555 3985 1721 4051 vitiis,
1749 3987 1876 4054 quid
1910 4000 2031 4039 ver-

440 4074 526 4128 bis
585 4087 720 4143 opus
770 4083 886 4139 est,
918 4089 1064 4138 _cum
1107 4075 1390 4142 disciplina
1434 4091 1644 4129 morum
1679 4077 1872 4130 doceat
1917 4093 2032 4131 am-

441 4163 781 4234 plectendam
817 4165 974 4220 nobis
999 4165 1288 4231 justitiam,
1318 4167 1686 4234 prudentiam,
1723 4177 2032 4237 temperan-

444 4255 614 4320 tiam,
664 4254 1071 4320 fortitudinem,
1111 4265 1165 4310 et
1202 4259 1268 4311 ad
1309 4271 1495 4312 earum
1531 4274 1776 4313 normam
1807 4269 2031 4314 exactas

443 4347 719 4415 rationes;
779 4346 997 4402 vitanda
1054 4363 1176 4403 esse
1228 4349 1315 4406 his
1359 4352 1675 4405 contraria?
1713 4365 1883 4420 quare
1923 4365 2029 4404 non

2050 1745 2090 1799 Β

2117 491 2398 562 ἐνεργείας
2449 492 2630 546 κακά’
2685 492 2919 564 τρίτων
2958 492 3029 546 δὲ
3091 493 3290 545 ὅντων
3333 491 3446 546 τῶν
3480 493 3757 563 μιγνᾶντων,

2118 583 2212 634 καὶ
2245 583 2362 653 ἅμα
2392 583 2449 635 έν
2499 588 2938 656 προαιρετικοῖς
2977 585 3016 656 ἦ
3077 584 3500 655 ἀπροαιρέτως
3541 587 3759 654 λεγόντων

2116 689 2142 725 ε
2168 690 2255 726 ναι
2282 675 2348 727 τὰ
2376 675 2557 744 ἀγαθά
2597 679 2692 731 καὶ
2722 677 2797 732 τὰ
2832 677 3018 731 κακά.
3043 693 3058 706 ·
3095 675 3354 738 εἰκότως
3387 676 3528 749 ὑπὲρ
3558 679 3656 746 (99)
3682 680 3761 731 τῶν

2118 760 2493 835 πιθανοτήτων
2525 768 2979 838 περιελκόμενοι
3035 767 3094 821 οἱ
3144 765 3353 820 πολλοὶ
3379 766 3491 819 τῶν
3531 771 3762 821 ramosa-

2117 871 2225 906 των
2261 855 2687 925 φιλομαθοῦντες
2719 859 2824 928 (-l),
2892 859 2994 921 είς
3045 857 3152 912 τὸν
3209 858 3355 929 περὶ
3391 857 3606 925 ἀγαθῶν
3635 860 3762 916 τόπον

2119 946 2325 1015 λέγοιεν
2372 945 2438 1001 ἂν
2465 948 2552 1000 τό·
2611 949 2743 1013 «Τίς
2773 948 2970 1014 δείξει
3033 951 3194 1020 ἡμῖν
3253 948 3334 1002 τὰ
3368 949 3582 1018 ἁγαθά;
3611 970 3626 1001 ι
3666 953 3760 1004 ὐτι

2122 1039 2222 1110 μὲν
2250 1034 2343 1093 οὖν
2374 1041 2433 1092 ἐν
2464 1045 2880 1112 προαιρετικοῖς
2918 1043 3097 1096 ἐστιν
3134 1044 3174 1112 ἡ
3215 1041 3336 1094 τῶν
3367 1042 3591 1110 ἀγαθῶν
3614 1043 3758 1111 φύσις,

2120 1132 2226 1194 πᾶς
2249 1132 2521 1198 ὁστισοῦν,
2567 1135 3006 1206 ἀποδεχόμενος
3037 1135 3150 1187 τὸν
3204 1135 3349 1206 περὶ
3382 1136 3612 1206 κρίσεως
3638 1136 3758 1202 λόγον

2121 1222 2220 1293 (9),
2252 1222 2550 1287 ἀδιδάκτως
2582 1224 2938 1296 ὁμολογήσαι
2972 1224 3076 1278 ἄν·
3124 1225 3360 1294 ἀγαθὸν
3395 1225 3508 1295 γάρ
3539 1241 3684 1294 φησιν
3703 1223 3757 1277 εἷ-

2119 1333 2229 1379 ναι,
2261 1316 2346 1384 ἐφ’
2378 1308 2422 1383 ᾧ
2455 1314 2748 1369 ἀκούσεταί
2787 1334 2881 1380 τις
2946 1316 3024 1370 τό
3047 1333 3062 1345 ·
3129 1337 3150 1368 ι
3175 1313 3361 1385 Εὖγε,
3427 1316 3597 1386 ἀγαθὲ
3637 1317 3755 1370 δοῦἓε

2119 1405 2215 1459 καὶ
2249 1407 2428 1469 πιστὲ,
2465 1407 2558 1460 ἐπὶ
2583 1406 2739 1476 ὀλίγα
2766 1403 2834 1478 ἧς
2865 1406 3124 1470 πιστὸς,
3169 1409 3278 1461 ἐπὶ
3308 1407 3526 1460 πολλῶν
3545 1424 3601 1459 σε
3627 1423 3758 1459 κατα-

2122 1500 2304 1569 στήσω
2326 1513 2340 1528 ο
2366 1498 2572 1552 εἴσελθε
2603 1502 2681 1564 είς
2707 1501 2802 1573 τὴν
2823 1500 3038 1572 χαρὰν
3074 1500 3188 1554 τοῦ
3213 1501 3424 1571 κυρίου
3451 1517 3562 1552 σου.
3583 1517 3601 1550 ι
3638 1501 3754 1567 Ἀγα-

2122 1589 2212 1643 θὸν
2247 1589 2304 1643 δὲ
2335 1590 2396 1644 τὸ
2430 1591 2538 1644 ἀπὸ
2565 1590 2659 1644 τοῦ
2686 1591 2906 1660 ἀγαθοῦ
2947 1591 3291 1664 ἀνθρώπου
3327 1593 3398 1643 ὲκ
3430 1591 3532 1659 τῆς
3569 1591 3756 1660 καρδίας

2123 1681 2285 1735 αὑτοῦ
2331 1683 2760 1753 προφερόμενον,
2806 1684 2886 1750 ὡς
2921 1687 2956 1740 ὁ
2998 1685 3232 1754 Σωτήρ
3272 1699 3450 1754 φησιν
3474 1700 3488 1712 ’
3527 1701 3544 1732 ι
3567 1681 3621 1735 ’0
3649 1682 3753 1749 ἀγα-

2124 1774 2214 1837 θὸς
2241 1775 2524 1846 ἄνθρωπος
2573 1778 2638 1828 ἐκ
2666 1775 2759 1828 τοῦ
2793 1776 3033 1846 ἀγαθοῦ
3072 1775 3386 1846 θησαυροῦ
3435 1775 3536 1843 τῆς
3568 1773 3756 1843 iuga-La;

2123 1864 2289 1919 αὐτοῦ
2342 1867 2607 1937 προφέρει
2659 1868 2726 1920 τὰ
2783 1868 3027 1936 ἀγαθά⁶
3062 1888 3086 1921 ο
3151 1869 3262 1921 καὶ
3295 1863 3632 1932 datalia-:16);
3673 1865 3753 1924 πᾶς

2123 1958 2335 2028 καρπὸς
2359 1958 2575 2030 δένδρου
2607 1959 2833 2028 ἀγαθοῦ,
2865 1959 3320 2033 προαιρετικὸς
3347 1958 3451 2021 ὢν,
3487 1955 3674 2024 ἀγαθόν
3697 1953 3751 2021 (3)

2124 2047 2269 2100 ἐστιν
2294 2063 2306 2076 ·
2339 2047 2414 2110 ὡς
2446 2049 2656 2118 ἀγάπη,
2690 2048 2782 2102 καὶ
2813 2049 3054 2121 εἰρήνη,
3102 2049 3213 2102 καὶ
3249 2046 3431 2118 χαρὰ,
3464 2047 3555 2098 καὶ
3581 2059 3748 2114 μακω-

2123 2137 2314 2209 Θυμία,
2364 2140 2666 2211 χρηστότης
2711 2157 2769 2194 τε
2821 2141 2921 2193 καὶ
2983 2139 3389 2209 ἀγαθωσύνη,
3443 2138 3638 2197 πίστις,
3677 2131 3750 2185 καὶ

2125 2231 2389 2303 πραότης,
2424 2233 2518 2285 καὶ
2549 2234 2862 2305 ἐγκράτεια·
2898 2235 2975 2289 τὰ
3015 2235 3081 2288 δὲ
3123 2233 3375 2287 ἐναντία
3416 2231 3632 2290 τούτοις,
3666 2242 3742 2278 κα·

2125 2322 2216 2376 κά.
2249 2323 2311 2374 Εἰ
2337 2322 2394 2375 δὲ
2425 2323 2517 2374 καὶ
2547 2323 2684 2393 μετά
2716 2321 2814 2393 τὴν
2838 2323 2934 2376 τοῦ
2968 2323 3248 2394 Χριστοῦ
3283 2317 3629 2375 διδασκαλίαν
3652 2312 3740 2367 ἐστί

2123 2431 2176 2468 τι
2221 2413 2446 2483 ἀγαθὸν,
2495 2414 2590 2466 καὶ
2629 2414 2820 2478 κακὸν,
2870 2417 2972 2468 καὶ
3010 2416 3079 2468 ὲν
3136 2412 3568 2485 ἀπροαιρέτως,
3610 2408 3738 2476 {571;-

2125 2507 2247 2560 τέον
2271 2524 2284 2536 °
2335 2505 2438 2560 κᾶν
2531 2507 2586 2560 δέ
2621 2525 2672 2560 τι
2702 2508 2868 2562 κακὸν
2905 2507 2939 2578 ἢ
2988 2506 3229 2576 ἀγαθὸν
3269 2507 3336 2558 έν
3369 2499 3732 2574 ἀπροαιρέτως.

2123 2597 2200 2660 ὼς
2229 2595 2454 2668 ὕστερον
2481 2596 2834 2663 ἐξετάσαντες
2868 2597 3021 2668 τάχα
3056 2597 3340 2668 δείξομεν
3362 2612 3376 2625 ⁸
3419 2593 3536 2648 ἀλλ’
3559 2590 3655 2644 οὔτι
3684 2604 3729 2655 γε

2123 2689 2193 2744 τὰ
2224 2690 2331 2744 ἀπὸ
2363 2691 2471 2743 τῶν
2518 2691 2818 2761 μιγνύντων
2863 2694 2978 2756 τοῖς
3025 2691 3477 2764 προαιρετικοῖς
3504 2685 3568 2737 τὰ
3591 2685 3727 2752 ἀπρο-

2125 2783 2318 2854 αίρετα
2343 2782 2610 2855 λεγόμενα
2641 2783 2822 2851 ἀγαθὰ
2847 2784 2914 2838 ἂν
2942 2785 3041 2857 εἴη
3077 2785 3184 2838 καὶ
3214 2782 3374 2836 κακά
3393 2799 3405 2809 °
3441 2781 3625 2834 ἐκεῖνοι
3647 2772 3728 2844 γὰρ

2125 2877 2327 2930 οῐονται
2360 2877 2468 2932 τῶν
2502 2878 2722 2946 ἀγαθῶν
2758 2877 2826 2931 τὰ
2872 2878 2972 2949 μὲν
3009 2875 3172 2933 εἶναι
3207 2875 3360 2948 περὶ.
3385 2875 3577 2946 ψυχὴν,
3606 2872 3661 2922 τὰ
3682 2868 3721 2918 δὲ

2127 2969 2256 3040 περὶ
2287 2969 2467 3040 σῶμα,
2501 2970 2571 3023 τὰ
2601 2970 2658 3024 δὲ
2685 2971 2840 3032 ἐκτός
2864 2987 2876 3000 °
2919 2971 3150 3041 ὁμοίως
3183 2969 3246 3023 δὲ
3279 2969 3379 3022 καὶ
3409 2969 3516 3021 τῶν
3545 2959 3719 3017 κακῶν·

2128 3061 2221 3116 καὶ
2254 3063 2382 3132 περὶ
2405 3063 2582 3134 ψυχὴν
2614 3063 2712 3133 μὲν
2737 3062 2936 3135 ἀρετὴν
2965 3065 3074 3118 καὶ
3111 3062 3222 3126 τὰς
3255 3062 3385 3114 κατ’
3405 3055 3593 3127 ἀρετὴν
3614 3051 3718 3120 ii?“

2127 3153 2257 3222 ξεις,
2292 3155 2324 3225 ἢ
2372 3156 2570 3210 κακίαν
2602 3157 2696 3210 καὶ
2725 3157 2824 3220 τὰς
2860 3155 3002 3211 κατὰ
3046 3155 3276 3211 κακίαν
3328 3151 3582 3226 πράξεις’
3620 3144 3720 3210 περ)

2129 3245 2288 3318 σῶμα
2325 3247 2382 3300 δὲ
2434 3247 2642 3316 ὑγείαν,
2685 3249 2778 3301 καὶ
2819 3249 3067 3315 εὐεξίαν,
3101 3250 3206 3302 καὶ
3243 3247 3480 3308 κάλλιπ’
3521 3240 3711 3313 ἧνάδονν

2127 3341 2221 3392 καὶ
2249 3340 2526 3410 καχεξίαν,
2557 3341 2652 3394 καὶ
2681 3339 2894 3410 αἶσχος·
2932 3344 3071 3412 περὶ
3103 3343 3192 3397 τὰο
3217 3343 3386 3406 ἐκτὸς
3420 3337 3498 3400 δὲ,
3531 3329 3714 3386 πλοῦτω

2128 3430 2224 3483 καὶ
2272 3430 2482 3495 πενίαν,
2532 3431 2690 3498 δόξαν
2723 3435 2818 3486 καὶ
2859 3432 3112 3497 ἀδοξίαν.
3179 3433 3475 3502 εὐγένειαν
3508 3425 3588 3480 καὶ
3613 3421 3706 3472 6w-

2128 3523 2365 3593 γένειαν.
2419 3525 2714 3595 Οίήσονται
2755 3525 2814 3578 δέ
2859 3543 3003 3589 τινες
3034 3529 3144 3581 καὶ
3191 3525 3345 3579 κατὰ
3392 3523 3492 3584 τὰς
3529 3511 3708 3586 Γριφάέ

2128 3617 2329 3686 ὁμοίως
2379 3618 2506 3690 τρία
2556 3619 2690 3688 γένη
2725 3614 2868 3672 εἶναι
2924 3619 3034 3672 τῶν
3071 3620 3336 3690 ἀγαθῶν,
3372 3617 3465 3671 καὶ
3487 3611 3598 3683 τρία
3623 3602 3704 3656 τῶν

2130 3709 2314 3762 κακῶν
2336 3725 2349 3738 ⁸
2386 3709 2486 3773 τὰς
2517 3710 2626 3782 γὰρ
2655 3711 2855 3782 ἀρετὰς
2885 3712 2978 3766 καὶ
3005 3713 3116 3778 τὰς
3151 3714 3367 3776 κακίας
3405 3702 3706 3782 προσιέμενθί

2131 3793 2268 3851 εἶναι
2295 3799 2474 3867 ἀγαθὰ
2502 3781 2604 3853 καί
2629 3781 2774 3855 κακὰ
2804 3803 2940 3873 μετά
2965 3802 3032 3856 τὰ
3067 3801 3500 3876 ὁμολογούμενα
3527 3790 3608 3845 καὶ
3632 3781 3700 3876 659'

2131 3891 2288 3962 ἡμῶν
2320 3895 2377 3945 ἐν
2407 3894 2577 3964 ἀρετῇ
2613 3896 2706 3948 καὶ
2736 3898 2924 3969 κακίᾳ,
2951 3899 3046 3952 καὶ
3075 3901 3208 3961 ταῖς
3257 3895 3384 3950 κατ’
3413 3887 3570 3946 αὑτὰς
3592 3891 3699 3949 πρθ

2133 3982 2266 4048 ξεσι,
2303 3987 2597 4056 χρήσονται
2627 3991 2832 4059 ῥητοῖς,
2861 3992 2954 4044 καὶ
2979 3991 3048 4044 τὰ
3079 3986 3408 4063 σωματικὰ,
3441 3981 3527 4035 καὶ
3551 3973 3606 4027 τὰ
3627 3972 3698 4020 ἐκο

2132 4076 2221 4139 τὸς
2245 4077 2404 4148 δῆθεν
2436 4077 2894 4150 ἀποφαινομένοις
2935 4081 3121 4150 ἀγαθὰ
3159 4082 3193 4152 ἦ
3227 4077 3381 4134 κακά
3416 4068 3693 4157 τυγχάνειν·

2134 4168 2229 4220 καὶ
2261 4169 2390 4239 περὶ
2428 4169 2528 4240 μὲν
2565 4170 2776 4242 ἀρετῶν
2825 4172 2920 4224 καὶ
2963 4173 3156 4226 κακῶν
3190 4171 3247 4225 τί
3274 4170 3359 4223 δεῖ
3399 4163 3582 4229 λέγειν»
3611 4163 3694 4202 ’των

2135 4259 2345 4330 ἠθικῶν
2392 4263 2736 4333 πραγμάτων
2769 4263 2845 4333 (4)
2883 4264 3255 4319 διδασκόντων
3288 4263 3401 4317 δεῖν
3438 4253 3573 4326 ἡμᾶς
3618 4243 3692 4344 μξν

2135 4352 2409 4423 αἱρεῖσθαι
2455 4354 2821 4426 δικαιοσύνην,
2871 4356 2968 4410 καὶ
2998 4357 3293 4429 φρόνησιν,
3331 4351 3425 4405 καὶ
3451 4352 3688 4410 σωφροσυ·

443 4453 582 4506 opus
623 4445 709 4492 est
747 4438 1010 4507 exemplis
1040 4439 1108 4492 ad
1135 4453 1197 4493 ea
1219 4480 1234 4502 ,
1271 4456 1392 4509 quae
1425 4439 1493 4493 ab
1524 4441 1831 4494 arbitrariis
1865 4441 2019 4511 profic

2136 4461 2254 4515 νην,
2292 4446 2386 4497 καὶ
2439 4446 2680 4515 ἀνδρίαν,
2717 4448 2812 4502 καὶ
2835 4449 2934 4512 τάς
2980 4450 3102 4502 κατ’
3130 4448 3308 4510 αὐτὰς
3339 4439 3581 4512 πράξεις·
3612 4430 3686 4478 ἐπ’

443 4532 755 4594 ciscuntur,
787 4530 944 4582 bona.
973 4529 1228 4598 Corporis
1251 4541 1430 4586 autem
1461 4541 1515 4586 ct
1536 4542 1760 4586 externa
1795 4531 1930 4585 bona
1959 4546 2024 4586 ex

445 4623 607 4694 hujus
633 4623 978 4692 expositione
1002 4623 1127 4676 dicti
1155 4621 1508 4676 multifariam
1535 4623 1981 4677 demonStralumt
2009 4639 2024 4678 :

442 4717 539 4771 sed
591 4715 1080 4785 imprzescntiarum
1128 4711 1323 4767 sufﬁcit
1367 4713 1614 4782 quaedam
1655 4728 1927 4782 apponere
1959 4730 2025 4768 ex

444 4808 513 4863 iis
561 4823 683 4878 qua:
731 4807 784 4862 in
839 4806 1047 4872 Exodo,
1110 4803 1342 4859 Leuitico
1389 4814 1444 4858 et
1489 4803 1894 4858 Dcuteronomio
1937 4805 2030 4858 ha-

444 4901 644 4956 bentur
693 4917 706 4953 :
771 4910 828 4953 ut
876 4898 1267 4970 promissiones
1304 4897 1372 4950 iis
1421 4895 1731 4966 factm,qui
1773 4898 2025 4951 mandata

447 5003 700 5057 servant;
736 5003 900 5062 atque
929 5003 987 5046 ut
1019 4993 1175 5045 mium
1202 5000 1255 5046 et
1279 4990 1683 5047 exsecrationes
1713 4990 1764 5042 in
1792 5003 1904 5056 eos,
1935 4991 2025 5058 qui

445 5084 922 5154 transgrediuntur
973 5085 1088 5153 ipsa
1140 5103 1155 5140 :
1203 5085 1354 5140 verbi
1390 5085 1598 5155 gratia,
1629 5083 1772 5151 quod
1819 5083 2031 5138 sanitas

445 5177 648 5232 bonum
685 5177 790 5242 sit,
822 5185 877 5232 et
913 5179 1135 5232 morbus
1165 5178 1386 5242 malum,
1420 5179 1471 5232 in
1503 5177 1689 5230 Exodo
1723 5176 2028 5230 denuntiari

444 5272 699 5328 ostendet
734 5271 777 5303 “
811 5289 827 5325 :
863 5288 882 5322 ι
922 5269 977 5325 Si
1012 5259 1339 5326 custodieris
1378 5271 1633 5324 mandata
1667 5282 1782 5323 mea
1811 5278 1864 5323 et
1893 5283 2030 5337 pra:-

521 5455 564 5487 ⁵⁰
600 5455 791 5511 Matth.
827 5473 952 5524 xxv,
991 5456 1046 5512 2.
1119 5456 1161 5488 δ¹
1203 5454 1332 5510 Luc.
1363 5471 1437 5521 Vl,
1474 5454 1564 5510 46.

520 5570 630 5638 (99)
663 5571 827 5642 Lege,
859 5573 984 5629 ὑπό.

522 5644 598 5706 Η)
630 5643 795 5704 Alias,
837 5643 1138 5711 φιλοῦντες.

520 5714 602 5778 t2)
636 5712 807 5779 Alias,
833 5714 1016 5768 τόπον
1047 5715 1168 5771 Mox
1198 5731 1295 5787 pro
1321 5713 1644 5778 ἀδιδάκτως,
1676 5711 1778 5784 lcg.
1812 5715 2028 5770 videtur

1642 5454 1686 5487 δ’
1711 5455 1878 5510 Exod.
1914 5472 2002 5517 xv,
2029 5458 2120 5514 εδ.

2134 4536 2334 4590 κλίνειν
2371 4537 2427 4590 δὲ
2458 4540 2526 4592 τὰ
2556 4539 2766 4603 τούτοις
2813 4541 3066 4606 ὲναντία;
3100 4542 3296 4611 διόπερ
3331 4536 3394 4590 οὐ
3435 4527 3580 4600 χρεία
3607 4534 3687 4569 πα·

2137 4631 2519 4703 ραδειγμάτων
2556 4637 2634 4698 εἰς
2662 4635 2729 4689 τὰ
2763 4636 2919 4707 παρὰ
2947 4636 3057 4690 τῶν
3097 4628 3493 4710 πρωιρετικὼν
3515 4615 3680 4710 erait?-

2138 4723 2432 4792 Σωματικά
2456 4725 2511 4779 δὲ
2542 4727 2637 4779 καὶ
2669 4729 2825 4793 ἐκτὸς
2849 4705 3040 4798 ἀγαθά
3068 4705 3154 4785 ὲκ-
3173 4705 3278 4801 τῆς⁷
3305 4722 3443 4780 κατὰ
3471 4717 3526 4770 τδ
3549 4705 3683 4801 Pii?”

2138 4815 2369 4884 έκδοχῆς
2419 4816 2746 4888 πολλαχόθεν
2779 4795 3013 4888 δείξουσι
3036 4839 3052 4854 ~
3090 4795 3236 4894 ultu
3263 4818 3355 4871 ἐπὶ
3390 4809 3477 4866 τοῦ
3506 4795 3674 4894 παράνῖ

2135 4923 2224 4969 τος
2250 4883 2412 4978 ἀρκεῖ
2462 4883 2804 4981 παραθέσθαι
2854 4883 2973 4967 ¹τινὰ
3009 4917 3073 4967 ὲκ
3103 4883 3209 4968 τῶν
3254 4915 3312 4965 ἐν
3355 4899 3572 4969 Ἐξόδφν
3602 4883 3678 4941 καὶ

2135 4999 2440 5065 Λευϊτικῷ,
2476 5003 2571 5054 καὶ
2601 5007 3037 5074 Δευτερονομίῳ
3060 5006 3340 5076 κειμένων·
3359 4997 3430 5059 ὡς
3449 4993 3502 5043 έν
3529 4988 3668 5076 ἐμπαγ-

2137 5087 2293 5159 τελίᾳ
2328 5091 2464 5160 πρὸς
2511 5092 2636 5154 τοὺς
2681 5095 2982 5164 τηροῦντας
3009 5095 3106 5159 τάς
3139 5091 3374 5152 ἐντολάς
3421 5079 3507 5136 καἱ
3533 5073 3596 5133 ὡς

2139 5178 2334 5248 ἀπειλῇ
2380 5183 2473 5233 καὶ
2526 5183 2791 5254 κατάραις
2835 5186 2971 5256 πρὸς
3003 5187 3128 5249 τοὺς
3156 5177 3558 5256 παραϐαίνοντας
3584 5173 3659 5209 αυ-

2137 5273 2264 5335 τάςο
2301 5271 2416 5328 οἷον
2443 5277 2526 5330 ᾶτι
2572 5280 2604 5348 ἡ
2639 5279 2797 5347 ὑγεία
2831 5279 3035 5349 ἀγαθόν
3080 5282 3214 5346 ἐστι,
3251 5276 3339 5330 καὶ
3369 5263 3558 5342 ήνόσος
3577 5264 3658 5306 κα⁴

2136 5570 2495 5630 ἁδιστάκτως.

2208 5643 2286 5709 (3)
2313 5640 2642 5707 Lugendum,
2667 5640 2887 5707 ἀγαθός.

2209 5713 2284 5784 (3)
2312 5711 2437 5780 L03.
2468 5713 2833 5781 γραμμάτων.
