3942 6216
303 245 442 300 1153

1268 240 1579 299 SELECTA
1615 242 1683 297 1N
1725 241 2063 297 PSALMOS.
2108 241 2397 298 —-PS.\L.
2438 243 2524 298 IV.

3430 248 3567 302 “fit

301 366 416 426 κὸν,
465 363 575 417 ἀπὸ
623 362 720 434 τῆς
777 359 1019 425 Ἐξιτόου
1057 359 1217 428 δείξει
1273 362 1443 415 ταῦτα
1500 363 1892 434 προλέγεσθαι·

2000 373 2157 430 cepta
2190 379 2338 428 mea,
2385 365 2632 417 morbum
2682 376 2934 425 onmem,
2967 377 3129 432 quem
3171 364 3366 418 immisi
3401 363 3571 435 Egy-

308 476 325 507 ι
352 455 476 509 Ἐὰν
508 453 754 526 τηρήσῃς
785 451 882 514 τὰς
915 450 1132 514 ἐντολάς
1167 468 1266 520 μου
1306 452 1402 504 καὶ
1432 452 1500 505 τὰ
1531 453 1884 523 προστάγμα-

303 545 371 597 τά
408 562 528 614 μου,
563 545 737 596 πᾶσαν
783 540 937 594 νύσον
983 543 1048 611 ἦν
1076 543 1356 612 ἐπήγαγον
1388 544 1499 605 τοῖς
1548 542 1884 610 Αἰγυπτίοις,

304 638 404 689 οὐκ
435 635 620 699 ἐπάξω
666 634 756 686 ἐπὶ
805 634 862 685 σέ
883 649 896 663 ·
927 633 1037 701 ἐγὼ
1077 633 1186 703 γάρ
1219 634 1332 702 είμι
1366 632 1567 704 Κύριος
1598 635 1626 686 ὁ
1662 632 1888 703 ἰώμενός

307 745 386 781 σε.
412 747 429 778 ι
481 729 591 781 Καὶ
620 727 681 780 τὸ
727 726 834 781 ἀπὸ
880 725 974 778 τοῦ
1004 726 1458 793 Δευτερονομίου
1491 725 1547 778 δὲ
1582 725 1715 795 πρὸς
1765 725 1888 788 τοὺς

305 819 712 890 ἁμαρτάνοντας
761 817 1049 887 λεγόμενον
1100 815 1422 887 ύπονοηθείη
1477 815 1544 869 ἂν
1593 816 1758 876 κακὸν
1791 815 1888 886 μὲν

310 908 660 978 παριστάνειν
690 906 788 970 τὰς
823 905 1139 976 σωματικὰς
1183 903 1396 974 πληγὰς
1422 905 1517 957 καὶ
1550 903 1648 967 τὰς
1677 903 1886 966 νόσους,

307 999 509 1068 ἀγαθὸν
534 1000 590 1053 δὲ
621 999 861 1069 δηλονότι
903 999 997 1050 καὶ
1022 997 1120 1068 τὴν
1151 996 1362 1064 ὑγίειαν
1394 997 1486 1049 καὶ
1527 995 1624 1066 τὴν
1657 993 1751 1048 τοῦ
1789 994 1891 1046 σώ-

314 1109 481 1162 ματος
534 1091 718 1162 ρὦιν.
779 1091 932 1159 Ἔχει
979 1087 1035 1141 δὲ
1067 1087 1239 1151 οὕτως
1282 1091 1314 1158 ή
1370 1088 1547 1152 Λέξις·
1597 1087 1762 1140 «Ἐὰν
1815 1085 1890 1156 μὴ

308 1183 579 1254 ἀκούσητε
614 1185 787 1236 ποιεῖν
817 1181 997 1234 πάντα
1021 1179 1087 1233 τὰ
1133 1181 1352 1252 ῥήματα
1383 1179 1475 1233 τοῦ
1509 1179 1672 1250 νόμου
1702 1178 1891 1232 τούτου

308 1276 380 1329 τὰ
409 1275 765 1345 γεγραμμένα
824 1274 882 1326 ἐν
929 1273 1012 1344 τῷ
1038 1271 1225 1342 βιϐλίῳ
1277 1270 1472 1340 τούτῳ,
1524 1267 1803 1339 φοϐεῖσθαι
1831 1269 1892 1322 τὸ

312 1368 482 1437 ὄνομα
524 1367 585 1418 τὸ
630 1355 868 1436 ἔντιμον,
902 1364 997 1417 καὶ
1034 1363 1094 1416 τὸ
1123 1362 1432 1432 θαυμαστὸν
1465 1360 1640 1421 τοῦτο,
1689 1359 1892 1431 Κύριον

313 1459 400 1511 τὸν
429 1457 580 1520 Θεὸν,
629 1457 722 1509 καὶ
754 1455 1117 1528 παραδοξάσει
1149 1453 1354 1524 Κύριος
1393 1453 1493 1516 τὰς
1525 1451 1739 1522 πληγάς
1774 1469 1890 1515 σου,

313 1549 406 1602 καὶ
430 1548 526 1611 τὰς
572 1547 783 1619 πληγὰς
825 1547 921 1600 τοῦ
974 1545 1288 1616 σπέρματός
1321 1561 1434 1608 σου,
1482 1543 1695 1614 πληγὰς
1727 1544 1895 1614 μεγά-

313 1639 409 1700 λας
455 1639 549 1691 καὶ
581 1636 920 1708 Θαυμαστάς,
971 1637 1065 1689 καὶ
1109 1636 1298 1697 νόσους
1347 1635 1590 1706 πονηρὰς
1625 1635 1718 1688 καὶ
1745 1633 1895 1686 πλεί-

1989 455 2134 521 ptiis,
2173 470 2278 507 non
2307 456 2554 507 inducam
2603 454 2653 505 iu
2693 463 2784 508 te:
2826 469 2924 522 ego
2963 454 3106 508 enim
3147 471 3264 510 sum
3313 456 3571 510 Dominus

1989 557 2189 597 sanans
2209 553 2280 596 te.
2319 562 2336 593 ι
2372 543 2632 610 Quodque
2655 544 2704 595 in
2733 543 3142 596 Deuteronomio
3181 546 3246 597 ad
3282 556 3570 614 peccantes

1991 632 2211 697 dicitur,
2245 635 2459 687 videtur
2488 636 2732 702 corporis
2769 634 2952 704 plagas
2994 645 3048 687 et
3083 635 3301 691 morbos
3331 638 3380 690 in
3418 637 3573 692 malis

1993 739 2272 794 reponere,
2305 725 2354 778 in
2385 728 2541 780 bonis
2565 742 2692 802 vero
2716 729 3004 782 sanitatem
3036 736 3088 780 et
3119 728 3280 780 robur
3303 731 3570 797 corporis.

1991 814 2166 869 Verba
2203 816 2313 869 lucc
2343 827 2470 869 sunt
2503 817 2548 848 ⁸³
2575 835 2587 869 :
2623 834 2644 868 ι
2679 817 2733 870 Si
2765 835 2868 871 nou
2896 819 3238 883 obedieritis,
3276 829 3332 871 ut
3362 819 3575 873 faciatis

1990 905 2170 959 omnia
2227 905 2390 958 Verba
2439 906 2572 975 legis
2625 907 2786 975 bnjus
2823 910 3026 976 scripta
3075 909 3126 960 in
3170 908 3307 961 libro
3339 908 3476 968 hoc.
3518 916 3576 959 ut

1993 999 2230 1052 timeatis
2263 1014 2456 1053 nomen
2488 1002 2587 1052 hoc
2613 999 2986 1052 honorandum
3017 1011 3068 1052 et
3100 1001 3442 1064 admirabile,
3476 1000 3578 1054 Do-

1993 1091 2197 1143 tnimtm
2255 1089 2457 1152 Deum,
2505 1090 2855 1144 iucredib'les
2897 1091 3057 1144 l'aciet
3099 1091 3355 1144 Dominus
3389 1089 3577 1159 plagas

1996 1190 2137 1244 luas,
2167 1192 2221 1235 et
2251 1183 2435 1250 plagas
2465 1182 2691 1235 seminis
2725 1181 2821 1244 tui,
2859 1181 3042 1250 plagas
3073 1197 3294 1250 magnas
3317 1194 3369 1236 et
3399 1185 3578 1235 admi-

1995 1269 2212 1330 rabiles,
2248 1270 2468 1322 morbos
2498 1269 2664 1322 malos
2692 1280 2744 1322 et
2779 1269 3042 1336 plurimos
3071 1287 3084 1322 :
3115 1281 3168 1322 et
3203 1281 3483 1324 convertet
3523 1273 3574 1325 in

1997 1368 2048 1412 te
2096 1374 2310 1412 onmem
2349 1359 2563 1428 plagam
2599 1358 2818 1430 Aigypti
2857 1360 3086 1422 malam,
3118 1376 3278 1427 quam
3321 1362 3572 1415 devitasti

1995 1465 2024 1504 a
2076 1462 2369 1519 conspectu
2423 1451 2696 1517 ipsorum,
2747 1461 2802 1502 et
2849 1452 3311 1521 conglutiuabitur
3341 1453 3470 1514 tibi,
3519 1461 3574 1505 et

1994 1553 2210 1592 onmem
2254 1539 2533 1593 mollitiem
2574 1549 2625 1592 et
2667 1555 2885 1594 omnem
2925 1542 3136 1610 plagam
3175 1559 3280 1595 non
3313 1545 3574 1610 scriptam

1998 1627 2051 1680 in
2083 1628 2220 1682 libro
2249 1628 2380 1697 legis
2403 1629 2584 1697 hujus,
2617 1631 2844 1684 adducet
2882 1632 3137 1687 Dominus
3169 1650 3330 1702 super
3365 1645 3415 1688 te
3437 1675 3451 1696 ,
3482 1636 3578 1688 du-

316 1746 445 1792 στας
499 1727 574 1797 (5)
599 1744 612 1757 ο
664 1701 757 1780 καὶ
798 1725 1113 1797 ἐπιστρέψει
1160 1725 1253 1778 ὲπὶ
1304 1725 1363 1778 σὲ
1409 1701 1586 1779 πάσαν
1625 1725 1722 1796 τὴν
1757 1724 1892 1794 πλη-

2000 1733 2097 1771 nec
2147 1720 2591 1773 cxtermiuaverit
2647 1731 2717 1774 te.
2755 1739 2772 1773 ι
2808 1721 2874 1775 Ει
2902 1739 3088 1778 rursus
3121 1701 3578 1794 perlt‘ingettlibtts

315 1821 418 1889 γὴν
447 1818 718 1886 Αἰγύπτου
745 1818 840 1889 τὴν
869 1817 1131 1888 πονηρὰν,
1171 1816 1239 1887 ἢν
1269 1816 1557 1887 διηυλαϐοὖ
1593 1816 1700 1870 ἀπὸ
1726 1832 1892 1888 προσ·

314 1912 478 1965 ιῢπων
503 1911 712 1966 αὐτῶνο
744 1911 836 1964 καὶ
878 1908 1265 1980 κολληθήσεταί
1312 1926 1413 1972 σοι,
1455 1909 1547 1962 καὶ
1583 1912 1760 1963 πᾶσαν
1793 1927 1895 1979 pat-

315 2002 543 2064 λακίαν,
597 2001 692 2055 καὶ
747 2001 924 2053 πᾶσαν
977 2000 1189 2070 πληγὴν
1233 2000 1331 2070 τὴν
1378 1999 1454 2070 μή
1501 1983 1892 2071 γεγραμμένην

318 2097 374 2147 ἐν
423 2095 499 2164 τῷ
533 2093 718 2163 βιϐλίῳ
758 2091 850 2145 τοῦ
884 2092 1048 2162 νόμου
1097 2089 1286 2143 τούτου
1331 2091 1519 2154 ἑπάξει
1547 2091 1750 2162 Κύριος
1797 2092 1890 2144 ἐπὶ

319 2187 397 2246 σὲ,
446 2185 550 2246 ἕως
599 2183 664 2237 ἂν
714 2181 1066 2254 ὲξολοθρεύσῃ
1114 2197 1203 2234 σε·
1233 2201 1249 2231 ι
1293 2181 1387 2234 καὶ
1433 2181 1592 2235 πάλιν
1636 2184 1750 2245 τοῖς
1791 2199 1893 2234 πα-

319 2275 630 2347 ραϐαίνουσι
670 2273 769 2336 τὰς
820 2271 1038 2334 ἐντολὰς
1102 2269 1317 2337 λέγεται
1363 2272 1458 2324 τό’
1523 2291 1540 2322 ι
1566 2270 1893 2342 Ἐπιπέμσζκω

319 2369 448 2438 ὑμῖν
519 2366 771 2436 πυρετὸν,
842 2364 934 2416 καὶ
1011 2363 1242 2432 ἴκτερον,
1305 2363 1401 2416 καὶ
1470 2362 1892 2432 σφακελίζοντεις

311 2459 440 2521 τοὺς
483 2457 794 2526 ὀφθαλμοὺς
835 2455 1008 2526 ὑμῶν,
1056 2455 1149 2508 καὶ
1181 2453 1278 2525 τὴν
1312 2454 1488 2526 ψυχὴν
1532 2455 1684 2524 ὑμῶν
1731 2457 1893 2527 ἐκτή-

317 2563 536 2601 κουσανο
567 2567 584 2598 ι
620 2545 754 2617 πρὸς
781 2544 990 2608 τούτοις
1015 2545 1108 2597 καὶ
1139 2544 1194 2596 ὲν
1216 2542 1294 2614 τῷ
1322 2545 1754 2614 Δευτερονομίῳ
1782 2549 1892 2609 τοῖς

317 2638 701 2709 ἀφισταμένοις
747 2635 846 2706 τῆς
889 2635 1198 2699 θεοσεϐείας
1239 2635 1453 2689 ἀπειλεῖ
1491 2639 1519 2690 ὁ
1569 2636 1726 2704 λόγος
1767 2637 1890 2688 ὀπι-

320 2729 564 2782 σθότονον
592 2727 828 2782 ἀνίατον.
871 2725 950 2779 Τὰ
971 2726 1026 2779 δὲ
1059 2727 1213 2789 ἐκτὸς
1258 2725 1440 2794 ἀγαθὰ
1477 2726 1527 2779 οἱ
1575 2725 1890 2796 βουλόμενοι

318 2821 459 2874 κατὰ
503 2820 591 2874 τὸν
639 2819 780 2872 θεῖον
813 2817 1244 2887 ἐπαγγέλλεσθαι
1289 2816 1446 2886 λόγον
1486 2820 1596 2880 τοῖς
1643 2817 1739 2887 μὲν
1785 2815 1894 2870 ἀπὸ

316 2911 410 2964 τοῦ
456 2909 766 2964 Λευῖτικοῦ
798 2909 1007 2972 τούτοις
1058 2910 1384 2981 χρήσονται·
1436 2927 1454 2958 ι
1518 2909 1645 2961 Ἐὰν
1679 2909 1736 2960 ὲν
1780 2910 1892 2972 τοῖς

319 3001 697 3074 προστάγμασί
716 3017 816 3072 μου
839 2999 1162 3072 πορεύησθε,
1185 3001 1278 3054 καὶ
1305 3000 1402 3063 τὰς
1429 2999 1646 3063 ἐντολάς
1669 3015 1766 3070 μου
1793 3015 1894 3066 φυ-

319 3095 622 3164 λάτσησθε,
670 3094 763 3146 καὶ
807 3093 999 3162 ποιῆτε
1032 3091 1220 3154 αὑτὰς,
1252 3093 1408 3145 δώσω
1449 3092 1540 3144 τὸν
1583 3091 1736 3145 ὑετὸν
1763 3092 1891 3162 ὑμῖν

319 3189 376 3238 ὲν
437 3185 613 3256 καιρῷ
659 3184 858 3247 αὑτοῦ,
907 3184 1002 3237 καὶ
1045 3185 1079 3254 ή
1136 3184 1208 3254 γῆ
1247 3183 1408 3236 δώσει
1451 3184 1522 3237 τὰ
1574 3184 1893 3254 γεννήματα

321 3277 490 3345 αὐτῆς
507 3317 520 3336 ,
548 3277 640 3328 καὶ
661 3276 729 3328 τὰ
753 3276 880 3338 ξύλα
897 3275 1005 3326 τῶν
1041 3275 1241 3327 πεδίων
1264 3275 1424 3328 δώσει
1446 3274 1540 3328 τὸν
1560 3274 1772 3346 καρπὸν
1796 3275 1894 3327 αὑ-

321 3372 446 3424 τῶν,
477 3371 586 3424 Καὶ
620 3370 986 3440 καταλήψεται
1018 3370 1144 3440 ὑμῖν
1177 3371 1206 3422 ὁ
1237 3369 1464 3440 ἀλοητὸς
1486 3369 1577 3422 τὸν
1603 3369 1892 3439 τρυγητὸν,

322 3463 415 3515 καὶ
437 3465 465 3516 ὁ
483 3462 746 3532 τρυγητὸς
768 3460 1138 3530 καταλήψεται
1159 3461 1250 3514 τὸν
1283 3460 1506 3532 σπόρον·
1536 3460 1630 3513 καὶ
1655 3458 1897 3528 φὲγεσθε

322 3554 411 3606 τὸν
454 3555 616 3624 ἄρτον
664 3551 816 3622 ὑμῶν
861 3552 940 3614 είς
981 3550 1330 3622 πλησμονήνσ
1401 3551 1497 3602 καὶ
1540 3550 1894 3621 κατοικήσετε

327 3643 462 3714 μετὰ
499 3642 794 3712 ἀσφαλείας
839 3641 932 3693 ἐπὶ
963 3640 1062 3710 τῆς
1110 3641 1215 3711 γῆς
1255 3639 1430 3711 ὑμῶν,
1457 3661 1476 3694 ι
1526 3639 1711 3693 καὶτὰ
1745 3639 1892 3710 ἑξῆςο

323 3737 387 3788 ὲκ
413 3731 476 3786 δὲ
505 3733 598 3787 τοῦ
635 3733 1096 3802 Δευτερονομίου
1138 3731 1346 3795 τούτοις
1375 3732 1695 3802 χρήσονταιο
1731 3751 1748 3782 ι
1788 3732 1898 3785 Καὶ

323 3827 470 3880 ἔσται
501 3824 577 3890 ὡς
624 3826 690 3879 ἂν
740 3825 962 3895 διαϐῆτε
1015 3825 1107 3877 τὸν
1155 3824 1423 3896 Ἰορδάνην
1465 3825 1544 3887 εἰς
1573 3823 1672 3895 τὴν
1705 3824 1807 3894 γῆν
1834 3824 1900 3894 ἣν

322 3918 524 3990 Κύριος
551 3921 580 3971 ό
621 3917 754 3980 Θεὸς
789 3917 1001 3970 δίδωσιν
1034 3916 1185 3986 ὑμῖν,
1216 3917 1309 3969 καὶ
1351 3915 1689 3984 φυλάσσεσθε
1727 3917 1901 3968 ποιεῖν

323 4011 502 4073 πάσας
542 4008 638 4071 τὰς
674 4008 891 4070 ἐντολὰς
942 4007 1107 4060 αύτοῦ
1129 4046 1144 4070 ,
1191 4007 1258 4070 ἃς
1304 4006 1415 4074 ἐγὼ
1462 4005 1775 4076 ἐντέλλομαί
1819 4022 1901 4058 σοι

323 4101 592 4171 σήμερονο
629 4099 724 4152 καὶ
755 4098 915 4152 δώσει
942 4116 1004 4152 σε
1044 4097 1248 4170 Κύριος
1277 4099 1306 4150 6
1340 4097 1472 4161 Θεός
1515 4115 1607 4150 σου
1647 4097 1902 4168 ὑπεράνω

322 4193 567 4253 πάντων,
603 4192 697 4244 καὶ
720 4190 938 4260 ἥξουσιν
961 4190 1052 4243 ἐπὶ
1079 4190 1140 4243 σὲ
1163 4191 1333 4244 πᾶσαι
1362 4191 1418 4241 αἱ
1450 4189 1688 4256 εὐλογίαι
1718 4182 1900 4253 αὗται,

321 4287 414 4339 καὶ
461 4282 753 4354 εὑρήσουσι
793 4300 887 4348 σε,
923 4284 1018 4338 ἐὰν
1063 4282 1301 4354 ἀκούσῃς
1340 4284 1436 4354 τῆς
1485 4283 1670 4353 φωνῆς
1698 4281 1901 4354 Κυρίου

2000 1811 2251 1864 mandata
2295 1811 2495 1865 dicitur
2539 1813 2587 1844 “
2637 1831 2649 1867 :
2699 1833 2716 1865 ι
2768 1816 3056 1869 Intmittam
3098 1819 3247 1872 vobis
3289 1819 3480 1873 febrim
3526 1830 3581 1873 et

1999 1913 2285 1970 arquatum
2326 1904 2604 1965 morbum,
2641 1917 2695 1960 et
2731 1910 3066 1962 tabescentes
3105 1911 3293 1964 oculos
3335 1922 3578 1974 vestros.

1998 2003 2051 2048 et
2085 1993 2319 2047 animam
2353 2005 2588 2049 vestram
2628 1996 3036 2066 liquescentem.
3063 1999 3222 2070 567
3255 2023 3272 2052 ι
3315 2001 3581 2056 Praeterea

2000 2084 2053 2138 in
2104 2084 2504 2140 Demerouomio
2545 2089 2761 2156 pietatis
2804 2101 2857 2144 et
2901 2091 3177 2161 religionis
3215 2095 3584 2150 desertoribus

2001 2176 2235 2244 rigorem
2305 2180 2532 2233 cervicis
2602 2181 2956 2236 insanabilem
3012 2185 3254 2237 minatur
3309 2185 3376 2239 ⁸⁸.
3439 2184 3582 2240 Bona

2001 2283 2128 2322 vero
2165 2278 2390 2324 externa
2430 2271 2521 2337 qui
2556 2273 2739 2324 volunt
2768 2287 2832 2326 ex
2872 2273 3068 2328 divinis
3099 2274 3291 2327 litteris
3317 2275 3581 2344 polliceri,

2000 2360 2084 2414 bis
2130 2369 2350 2415 utentur
2400 2360 2614 2415 Levitici
2671 2365 2849 2419 verbis
2892 2365 2936 2396 “
2984 2385 2996 2419 :
3053 2385 3069 2416 ι
3118 2367 3172 2418 Si
3220 2367 3272 2420 iu
3315 2368 3584 2422 tinuidatis

2001 2452 2134 2506 meis
2160 2453 2471 2517 ambuletis,
2491 2469 2540 2510 et
2565 2465 2831 2525 przeeepta
2851 2472 2969 2511 mea
2983 2459 3233 2522 servetis,
3249 2469 3297 2512 et
3315 2459 3585 2527 impleatis

2000 2540 2139 2608 ipsa,
2167 2541 2305 2596 dabo
2333 2543 2484 2596 vobis
2526 2543 2756 2611 pluviam
2795 2543 2845 2597 in
2886 2555 3126 2614 tempore
3158 2560 3293 2608 suo,
3337 2556 3391 2598 et
3443 2553 3584 2598 terra

1999 2634 2146 2688 dabit
2163 2634 2406 2702 germina
2423 2651 2542 2699 sua,
2561 2649 2614 2687 et
2637 2637 2778 2704 ligna
2797 2652 3109 2704 camporum
3132 2637 3333 2691 dabttut
3350 2637 3583 2692 fructum

1999 2737 2176 2778 Stttltlt.
2211 2723 2273 2778 Et
2297 2725 2528 2794 excipiet
2555 2728 2706 2780 vobis
2748 2726 2938 2780 tritura
2971 2727 3294 2781 vindemiam
3319 2770 3332 2794 ,
3383 2737 3438 2781 et
3471 2727 3588 2781 vin-

1999 2815 2173 2871 demia
2192 2817 2426 2886 excipiet
2443 2818 2730 2882 sationem,
2750 2829 2801 2872 et
2817 2818 3113 2873 comedetis
3127 2834 3320 2888 panem
3341 2828 3584 2873 vestrum

1998 2909 2053 2963 iu
2083 2909 2409 2972 satietatem,
2438 2919 2488 2964 et
2528 2926 2650 2964 cum
2686 2912 2981 2966 securitate
3007 2911 3320 2966 babitabitis
3354 2911 3406 2965 iu
3441 2924 3582 2966 terra

2000 3011 2200 3065 vestra,
2221 3011 2325 3054 etc.
2360 3018 2379 3052 ι
2412 3001 2488 3054 Ex
2523 3001 2928 3055 Deuteronomio
2965 3002 3076 3057 haec
3108 3001 3395 3057 aﬂ'erent”
3423 3019 3436 3056 :
3463 3020 3484 3054 ι
3522 3003 3586 3058 Et

1995 3096 2098 3149 erit
2125 3095 2211 3149 ubi
2234 3093 2522 3148 Jordanem
2542 3094 2890 3159 transieritis,
2917 3093 2967 3146 iu
2992 3103 3189 3147 terram
3217 3111 3379 3164 quam
3406 3095 3588 3151 Domi-

1999 3201 2101 3240 nus
2121 3185 2259 3239 Deus
2272 3185 2358 3238 dat
2380 3183 2548 3245 vobis,
2565 3195 2617 3238 et
2636 3185 2890 3238 cavebitis
2907 3192 2959 3236 ιιι
2973 3185 3155 3238 omnia
3178 3186 3427 3237 mandata
3446 3187 3584 3254 ejus,

1999 3290 2117 3344 qua:
2141 3290 2241 3346 ego
2264 3275 2416 3329 vobis
2439 3275 2598 3329 bodie
2628 3275 2949 3343 praescribo,
2976 3275 3248 3344 impleatis
3267 3295 3280 3328 :
3301 3289 3352 3330 et
3369 3279 3511 3330 dabit
3536 3288 3588 3330 te

2003 3368 2265 3420 Dominus
2317 3366 2460 3420 Deus
2505 3376 2628 3419 tuus
2667 3379 2790 3419 esse
2837 3381 3002 3434 super
3045 3382 3254 3428 omnes,
3289 3378 3339 3419 et
3372 3369 3588 3422 venient

1999 3473 2165 3527 super
2209 3466 2262 3511 te
2302 3471 2496 3511 omnes
2527 3456 2938 3511 benedictiones
2970 3456 3072 3524 lue,
3109 3469 3164 3512 et
3193 3458 3461 3513 invenient
3497 3469 3548 3514 te
3570 3503 3585 3524 ,

2001 3551 2044 3604 si
2091 3549 2330 3604 audieris
2367 3563 2554 3602 vocem
2591 3547 2801 3602 Domini
2833 3549 2922 3602 Dei
2955 3549 3049 3602 tui.
3085 3549 3409 3605 Benedictus
3441 3561 3492 3605 tu
3533 3554 3585 3606 in

2003 3641 2157 3707 urbe,
2195 3650 2251 3695 et
2279 3639 2599 3694 benedictus
2631 3649 2684 3691 tu
2717 3640 2767 3691 in
2797 3655 2948 3710 agro,
2985 3639 3251 3695 benedicti
3285 3643 3423 3696 lctus
3456 3659 3586 3695 ven.

2003 3733 2101 3785 tris
2154 3732 2230 3785 tui
2280 3740 2334 3786 et
2383 3731 2628 3802 germina
2681 3741 2838 3785 terra:
2869 3741 3004 3793 tuae,
3039 3741 3095 3785 et
3131 3728 3376 3786 armenta
3427 3734 3586 3786 boum

2005 3833 2242 3887 tuorum,
2289 3831 2343 3876 et
2397 3837 2590 3891 greges
2655 3822 2920 3890 pecudum
2967 3835 3177 3878 tuarum
3221 3841 3234 3876 :
3291 3826 3589 3879 benedictae

2003 3914 2282 3981 apotheca:
2314 3922 2438 3978 ture,
2469 3923 2522 3966 et
2547 3914 2788 3982 reliquis:
2834 3923 2940 3968 tua:
2963 3954 2978 3980 ,
3018 3934 3036 3967 ι
3076 3925 3130 3970 et
3161 3928 3378 3970 caetera.
3421 3915 3489 3969 U‘.
3521 3933 3587 3970 ex

2003 4003 2282 4056 contrario
2326 4002 2504 4071 impiis
2559 4003 2756 4057 dicitur
2807 4003 2850 4034 ⁸⁸
2897 4021 2912 4058 :
2964 4024 2982 4056 ι
3046 4005 3408 4060 Exseerabilis
3439 4022 3494 4061 tu
3536 4011 3587 4061 in

2003 4095 2259 4161 civitate,
2290 4105 2346 4149 et
2379 4095 2734 4150 exsecrabilis
2767 4105 2821 4148 tu
2859 4097 2909 4150 in
2943 4114 3105 4166 agro;
3141 4113 3425 4154 exsecrata
3464 4105 3592 4154 lior-

2009 4201 2099 4241 rea
2130 4198 2254 4252 tua,
2287 4197 2341 4241 et
2369 4188 2612 4255 reliquiae
2650 4197 2781 4251 tuaz,
2825 4191 3196 4246 exsecrabiles
3245 4193 3336 4245 lilii
3387 4195 3591 4246 ventris

2009 4278 2110 4342 tui,
2135 4287 2187 4332 et
2217 4279 2459 4346 germina
2485 4289 2642 4334 terra:
2671 4289 2807 4348 tua};
2844 4292 3120 4336 exsecrata
3148 4292 3392 4338 armenta
3429 4287 3588 4338 boum

319 4377 414 4430 τοῦ
446 4375 581 4430 Θεοῦ
606 4392 722 4428 σου.
758 4374 1134 4446 Εὐλογημένος
1167 4377 1232 4428 σὺ
1263 4377 1321 4428 ὲν
1355 4375 1530 4438 πόλει,
1563 4375 1656 4428 καὶ
1687 4373 1893 4444 εὐλογη-

2011 4381 2247 4438 tuorum,
2275 4377 2329 4423 et
2351 4385 2540 4440 greges
2563 4374 2828 4440 pecudum
2869 4382 3119 4440 tuarum;
3160 4393 3180 4427 ι
3217 4387 3272 4430 et
3301 4376 3402 4428 alia
3435 4377 3592 4429 intin-

325 4471 484 4540 μένος
518 4469 582 4520 σὺ
625 4469 683 4521 ὲν
715 4466 903 4538 ἀγρῷ,
949 4467 1286 4538 εύλογημένα
1317 4467 1388 4520 τὰ
1436 4467 1636 4534 ἔγγονα
1681 4465 1755 4536 (6)
1800 4465 1900 4535 τῆς

321 4560 526 4623 κοιλίας
558 4576 653 4612 σου
677 4597 690 4620 ,
724 4559 818 4611 καὶ
843 4559 911 4612 τὰ
948 4561 1261 4630 γεννήματα
1286 4559 1385 4629 τῆς
1415 4558 1519 4628 γῆς
1547 4574 1638 4610 σου
1662 4598 1676 4620 ,
1709 4557 1803 4609 καὶ
1827 4556 1895 4609 τὰ

323 4650 574 4721 βουκόλια
604 4649 713 4703 τῶν
743 4649 880 4720 βοῶν
912 4667 1005 4703 σου
1025 4690 1040 4715 ,
1073 4651 1167 4703 καὶ
1193 4649 1262 4703 τὰ
1295 4651 1522 4719 ποίμνια
1548 4649 1655 4702 τῶν
1689 4647 1899 4718 προϐά-

321 4759 425 4794 των
487 4757 610 4794 σουο
675 4741 1035 4812 εὐλογημέναι
1079 4742 1135 4794 αί
1181 4740 1458 4810 ἀποθῆκαί
1520 4757 1646 4803 σου,
1701 4740 1796 4792 καὶ
1832 4738 1900 4790 τὰ

319 4831 804 4902 ὲγκαταλείμματὰ
841 4848 961 4899 σου,
994 4852 1012 4884 ι
1061 4831 1157 4885 καὶ
1189 4830 1256 4884 τὰ
1289 4831 1431 4902 ἑξῆς.
1507 4830 1593 4894 Ὠς
1635 4829 1797 4884 πάλιν
1831 4830 1895 4882 ἐκ

316 4923 426 4976 τῶν
450 4923 706 4976 ἐναντίων
728 4925 839 4985 τοῖς
867 4921 1120 4975 ἀσεϐοῦσι
1143 4921 1360 4991 λέγεται
1382 4922 1460 4975 τό·
1487 4942 1505 4973 ι
1530 4921 1898 4991 Ἐπικατάρα-

317 5031 409 5077 τος
444 5016 508 5068 σὺ
532 5015 589 5067 ὲν
613 5014 764 5068 πόλει
783 5055 798 5078 ,
833 5013 928 5066 καὶ
949 5014 1347 5087 ὲπικατάρατος
1375 5015 1439 5066 σὺ
1463 5013 1519 5065 ὲν
1552 5011 1706 5083 ἀγρῷ
1727 5030 1739 5042 ·
1777 5013 1900 5064 επι-

316 5108 614 5178 κατάρατοι
654 5109 711 5160 αἱ
761 5105 1037 5175 ἁποθῆκαί
1087 5123 1218 5169 σου,
1270 5107 1364 5158 καὶ
1412 5105 1479 5158 τὰ
1531 5105 1896 5174 ὲγκαταλείμ-

318 5197 465 5266 μστά
494 5211 621 5248 σου·
658 5195 1037 5267 ὲπικατάρατα
1083 5195 1150 5248 τὰ
1184 5195 1348 5248 τέκνα
1387 5195 1487 5266 τῆς
1531 5194 1736 5257 κοιλίας
1780 5211 1896 5257 σου,

318 5289 410 5341 καὶ
442 5289 510 5342 τὰ
548 5289 863 5358 γεννήματα
917 5289 1016 5360 τῆς
1057 5289 1164 5358 γῆς
1211 5305 1304 5341 σου
1329 5304 1343 5320 ·
1406 5288 1788 5360 ὲπικατάρατα
1829 5290 1898 5343 τὰ

391 5450 438 5483 ⁸⁸
466 5451 621 5504 Deut.
655 5466 848 5513 xxvm,
880 5449 948 5504 58
979 5459 1033 5504 et
1066 5465 1182 5509 seu.

318 5537 510 5586 xxvtn,
546 5522 569 5574 l
600 5533 652 5576 et
683 5535 799 5590 seq.
877 5521 921 5552 ⁸⁸
951 5521 1080 5576 ibid.
1109 5521 1175 5576 l6
1197 5531 1248 5578 et
1279 5537 1396 5593 seq.

385 5666 461 5734 (7»)
489 5665 662 5722 Biblia
683 5665 895 5733 Grmca,
921 5665 1138 5733 πιστάς.

1281 5453 1328 5484 ⁸³
1358 5451 1529 5509 Levit.
1555 5468 1705 5522 nrt,
1734 5453 1820 5510 16.
1897 5456 1943 5488 ⁸³
1973 5455 2128 5512 Deut.
2163 5469 2335 5517 xxxii,
2364 5453 2455 5509 El.

2011 4475 2158 4514 mera
2193 4461 2436 4530 proferre
2465 4471 2691 4531 possunt
2719 4502 2733 4526 ,
2764 4465 2856 4532 qui
2885 4465 2936 4519 in
2965 4467 3124 4520 rebus
3149 4468 3393 4534 corporis
3420 4477 3472 4520 et
3496 4484 3591 4522 ex-

2009 4554 2179 4607 ternis
2203 4556 2341 4608 bona
2369 4563 2424 4608 et
2450 4555 2594 4608 mala
2619 4570 2742 4612 esse
2764 4558 2968 4613 volunt.
2997 4559 3345 4629 EVnItgelittttt
3376 4575 3592 4628 quoque

2009 4647 2312 4715 attingent,
2350 4659 2405 4704 et
2435 4649 2613 4704 dicent
2656 4653 3039 4716 Set-valerem,
3072 4669 3198 4705 eum
3248 4655 3415 4712 venit.
3471 4661 3590 4703 latt-

2006 4752 2172 4806 quam
2220 4729 2396 4804 mala,
2446 4741 2758 4799 hominibus
2807 4746 3098 4798 abstulisse
3143 4745 3386 4810 corporis
3432 4745 3592 4813 eaet-i-

2012 4837 2198 4893 tatem,
2231 4831 2572 4897 surditatem,
2597 4843 2652 4888 et
2685 4834 3050 4887 membrorum
3083 4833 3500 4894 resolutionem,
3536 4843 3590 4885 et

2006 4921 2254 4974 tuorbum
2283 4937 2520 4987 omnem,
2543 4933 2599 4978 et
2630 4939 2845 4978 omnem
2877 4925 3250 4977 iulirntitatent
3283 4925 3469 4978 sanari
3507 4942 3587 4988 se,

2003 5011 2324 5081 dedisseque
2354 5014 2492 5066 bona
2529 5027 2627 5082 pro
2672 5013 2832 5068 malis
2864 5014 3172 5081 prioribus,
3213 5024 3267 5068 et
3310 5015 3590 5083 perspica-

2003 5101 2226 5154 citatem
2261 5103 2544 5171 corporis,
2587 5113 2640 5156 et
2673 5103 2940 5166 auditum,
2977 5114 3032 5157 et
3065 5106 3228 5157 aliam
3261 5107 3587 5166 sanitatem,

2001 5202 2058 5244 et
2093 5194 2260 5246 robur
2310 5207 2327 5245 :
2373 5205 2428 5247 et
2466 5193 2903 5249 verecundabere
2938 5211 3060 5248 eum
3105 5210 3171 5249 ex
3222 5206 3273 5250 te
3306 5205 3588 5266 quaerent,

2003 5300 2186 5340 annon
2230 5285 2428 5340 malum
2475 5303 2690 5357 quoque
2731 5304 2851 5344 esse
2891 5291 3247 5356 arbitremur,
3280 5308 3309 5344 a
3347 5290 3591 5346 dictumue

2551 5455 2597 5485 ⁸⁸
2635 5453 2807 5512 Lex-lt.
2838 5469 2982 5521 xxv't,
3014 5453 3048 5509 3
3070 5463 3122 5508 et
3157 5467 3277 5524 se].
3353 5453 3396 5485 ⁸⁷
3427 5452 3586 5509 Deut.

2077 5669 2155 5739 (6)
2189 5666 2349 5738 Lege,
2383 5666 2600 5737 ἔκγονα.
