3942 6216
393 226 532 280 “55

1767 223 1856 279 EX
1894 223 2197 280 OlllGENE

3550 226 3632 279 ΗΓ
3665 224 3736 279 6

391 343 571 398 vexari
601 351 657 398 et
689 342 986 398 lunaticum
1015 357 1169 407 esse;
1207 352 1266 396 ιιι
1303 341 1596 409 contra,ab
1627 343 1691 397 iis
1737 343 1974 408 liberari,

2087 341 2344 412 βουκόλια
2368 340 2476 394 τῶν
2507 337 2644 409 βοῶν
2679 355 2771 391 σου
2792 377 2806 398 ,
2837 338 2931 391 κειι)⁵
2954 339 3022 392 τά
3056 341 3288 411 ποίμνια
3321 340 3438 392 τῶν
3463 341 3730 410 προϐᾶ-

391 436 612 490 bonum.
645 434 750 490 Sed
781 444 833 488 et
868 436 1131 504 apostoli,
1166 436 1258 503 qui
1293 436 1431 490 dona
1465 435 1690 488 sanandi
1715 445 1769 488 ct
1809 450 1972 504 opera

391 528 646 580 virtutum
701 527 1078 595 perliciebant,
1133 527 1187 580 in
1239 541 1305 580 eo
1359 528 1476 596 ipso
1524 527 1681 582 bonis
1724 528 1977 582 homines

389 616 694 670 alliciebant
755 625 810 669 et
855 614 1009 668 malis
1055 615 1202 683 ipsos
1235 615 1560 673 liberabant.
1619 617 1698 670 Ad
1734 618 1974 671 luturnm

387 705 621 774 denique
641 705 898 759 saeculum
933 707 1427 774 transgredientur,
1452 708 1543 774 qui
1574 708 1686 760 haec
1710 707 1976 766 sentiunt.

387 806 441 848 et
487 795 667 848 dicent
717 796 914 848 malum
966 811 1087 850 esse
1138 795 1420 860 dolorem,
1453 798 1565 852 sive
1595 795 1758 868 568
1789 811 1978 866 pecca-

390 900 532 940 tores
569 899 776 940 :eteruo
823 888 930 957 igni
981 889 1305 957 adjndicari.
1361 889 1417 943 Si
1471 904 1602 944 vero
1647 891 1845 944 malum
1894 898 1980 945 est

386 981 562 1040 dolor.
603 980 937 1048 voluptatem
983 980 1182 1032 bonum
1217 994 1344 1033 esse
1378 995 1607 1035 necesse
1641 992 1744 1036 est.
1785 982 1858 1036 E'x
1895 983 1980 1036 bis

394 1070 680 1125 manifesta
700 1080 820 1123 sunt
842 1086 902 1122 ea
925 1070 1120 1137 quibus
1138 1071 1372 1125 maxime
1391 1072 1721 1126 commoveri
1743 1073 1976 1142 possint,

388 1165 477 1232 qui
507 1171 823 1230 argumenta
859 1161 971 1223 illa,
1005 1175 1124 1228 quae
1157 1178 1222 1214 ex
1257 1161 1665 1230 Seripturarnm
1695 1165 1969 1218 sententia

391 1256 490 1307 tria
515 1268 636 1306 esse
661 1253 924 1305 bon-orum
953 1262 1002 1304 et
1033 1252 1296 1305 malorum
1327 1269 1522 1323 genera
1539 1255 1854 1320 ostendunt,
1879 1257 1981 1310 disr

386 1344 599 1399 solvere
631 1357 733 1396 non
764 1341 1139 1408 possuntAloc
1159 1343 1322 1413 igitur
1339 1358 1532 1398 errore
1561 1359 1666 1398 non
1693 1344 1864 1398 solum
1889 1344 1978 1414 qui

387 1437 583 1489 nudam
610 1444 662 1487 ct
693 1434 994 1502 simplicem
1029 1434 1188 1488 fidem
1223 1436 1421 1490 habent
1451 1436 1805 1492 circumventi
1832 1449 1978 1504 sunt,

394 1527 490 1580 sed
543 1535 597 1580 et
649 1541 835 1581 eorum
885 1528 1123 1580 nonnuili
1165 1527 1258 1594 qui
1306 1526 1628 1596 sapientiam
1673 1528 1725 1582 iu
1765 1528 1982 1583 Christo

386 1617 528 1684 proli
541 1627 750 1679 tentur;
773 1633 868 1671 cas
887 1633 1012 1672 esse
1027 1617 1258 1682 Opiﬁcis
1275 1618 1684 1688 promissiones,
1703 1629 1758 1672 et
1783 1629 1981 1687 praeter

2077 451 2184 486 των
2232 451 2326 485 σου
2349 449 2363 463 ·
2398 451 2416 482 ι
2467 431 2559 486 καὶ
2588 431 2724 484 ἄλλα
2749 429 2805 482 δὲ
2830 430 3275 502 δυσεξαρίθμητα
3317 433 3580 484 οἴσουσιν
3612 433 3730 501 εἴ)

2077 525 2126 576 οἱ
2176 522 2486 593 βουλόμενοι
2531 523 2590 575 ἐν
2634 524 2969 591 σωματικοῖς
3012 523 3106 578 καὶ
3151 526 3263 585 τοῖς
3320 522 3490 584 ἐκτὸς
3545 519 3726 574 εἶναι

2077 615 2259 683 ἀγαθά
2287 616 2379 668 καὶ
2420 615 2592 668 κακά·
2637 613 2939 682 ὲφάψονταί
2961 632 3019 666 τε
3049 616 3143 667 καὶ
3179 614 3288 667 τῶν
3318 613 3732 680 Εὐαγγελὶων

2077 707 2327 776 λέγοντες
2351 707 2441 759 τὸν
2465 705 2696 777 Σωτῆρα
2725 704 3044 774 ἐληλυθότα,
3073 706 3166 760 καὶ
3184 706 3259 770 ὼς
3284 707 3434 760 κακά
3461 708 3738 777 ἀφῃρη-

2078 801 2234 853 κὲναι
2267 799 2377 852 ἀπὸ
2404 798 2510 851 τῶν
2543 797 2848 869 ἀνθρώπων
2881 798 2981 867 τὴν
3010 799 3320 868 τυφλότητα
3349 802 3454 870 τὴν
3491 816 3742 867 σωμα-

2078 892 2254 963 τικὴν,
2291 893 2384 945 καὶ
2413 891 2511 962 τὴν
2550 890 2862 961 κωφότητα,
2899 891 2991 942 καὶΙ
3022 891 3123 960 τὴν
3152 891 3384 962 πάρεσιν
3425 890 3549 943 τῶν
3592 906 3734 959 με-

2080 985 2207 1048 λῶν,
2239 985 2334 1038 καὶ
2373 986 2552 1038 πᾶσαν
2587 983 2761 1045 νόσον,
2793 985 2888 1036 καὶ
2919 985 3102 1036 πᾶσαν
3134 983 3414 1053 μαλακίαν
3448 982 3721 1052 τεθερα-

2079 1075 2368 1136 πευκέναι,
2406 1074 2585 1142 ἀγαθὰ
2617 1075 2740 1128 ἀντὶ
2782 1075 2891 1127 τῶν
2925 1075 3330 1145 προειληφότων
3372 1075 3580 1128 κακῶν
3615 1075 3710 1146 (8)

2079 1168 2452 1240 δωρούμενον,
2515 1167 2576 1220 τό
2615 1184 2676 1219 τε
2724 1167 3031 1237 δωρατικὸν
3091 1166 3401 1238 σωματικὸν
3462 1166 3576 1220 καὶ
3635 1165 3706 1218 rs

2079 1259 2433 1321 ἀκουστικὸν,
2483 1258 2580 1312 καὶ
2618 1257 2718 1328 τὴν
2760 1258 2930 1327 ἄλλην
2956 1259 3152 1327 ὑγείαν
3183 1259 3277 1311 καὶ
3321 1258 3534 1329 ρῶσινο
3594 1259 3702 1310 καὶ

2079 1351 2463 1424 δυσωπήσουσξ
2507 1367 2568 1404 σε
2618 1352 2952 1420 φάσκοντες,
2981 1353 3030 1404 εἰ
3092 1352 3165 1422 μὴ
3210 1353 3305 1404 καὶ
3347 1354 3516 1421 ἡμεῖς
3551 1352 3706 1420 ὁμο-

2080 1441 2384 1512 λογήσομεν
2415 1440 2583 1492 κακὸν
2616 1435 2756 1492 εἷναι
2785 1440 2845 1493 τὸ
2877 1439 3159 1510 δαιμονιᾷν
3189 1438 3284 1492 καὶ
3321 1439 3380 1490 τὸ
3416 1439 3704 1507 σεληνιάο

2082 1532 2270 1598 ζεσθαι
2290 1548 2303 1562 ·
2333 1533 2410 1595 ὡς
2438 1531 2599 1586 πάλιν
2629 1533 2692 1584 ἐκ
2723 1531 2819 1584 τοῦ
2854 1531 3098 1584 ἐναντίου
3132 1528 3335 1597 ἀγαθὸν
3365 1528 3429 1583 τὺ
3466 1528 3707 1582 τούτων

2079 1620 2447 1692 ἀπηλλάχθαι.
2512 1619 2675 1676 Ἀλλά
2736 1619 2832 1674 καὶ
2876 1621 2924 1672 oi
2973 1619 3294 1680 ἀπόστολοι,
3351 1617 3706 1688 χαρίσματα

385 1723 579 1762 sonum
623 1709 920 1761 dictionum
969 1708 1105 1761 nihil
1162 1709 1322 1762 minis
1367 1708 1471 1761 illis
1515 1707 1810 1774 signiﬁcari
1861 1709 1974 1777 opi-

2086 1712 2333 1782 ἰαμάτων
2419 1710 2513 1762 καλ⁵
2547 1711 2898 1782 ἐνεργήματα
2939 1709 3222 1780 δυνάμεων
3263 1707 3704 1772 ἐπιτελοῦντες,

386 1809 601 1853 nantes.
635 1797 714 1850 Ab
744 1799 808 1850 iis
839 1797 1002 1862 igitur
1030 1798 1310 1859 euntibus,
1345 1796 1435 1864 qui
1478 1795 1580 1849 ista
1619 1811 1649 1849 e
1681 1796 1978 1864 Scriptnris

385 1891 578 1944 conﬁci
600 1888 948 1950 existimant,
976 1887 1328 1956 qumreudunt
1362 1897 1445 1940 est
1470 1925 1484 1948 ,
1517 1884 1762 1954 legemne
1792 1899 1978 1939 serva-

387 1983 564 2035 verint
610 1980 931 2050 prophetae,
984 1993 1211 2045 quorum
1264 1987 1485 2046 peccata
1530 1993 1634 2032 non
1684 1985 1980 2045 reprelien-

383 2075 633 2127 duntur:
676 2080 735 2123 ιιι
780 2069 927 2123 Elius
957 2069 1360 2138 pauperrimus,
1404 2070 1496 2137 qui
1535 2085 1602 2124 ne
1644 2083 1838 2137 panem
1860 2066 1981 2136 qui-

383 2169 504 2220 dem
543 2180 702 2236 quem
742 2165 927 2218 ederet
965 2163 1231 2226 habebat;
1269 2161 1498 2231 ideoque
1531 2161 1730 2216 missus
1758 2161 1824 2214 ad
1862 2175 1978 2213 mu-

385 2255 569 2310 lierem
619 2256 670 2309 in
718 2253 1027 2322 Sarephtha
1070 2253 1340 2316 Sidoniae;
1375 2250 1691 2319 etElisaeus,
1717 2251 1807 2319 qui
1839 2251 1977 2320 apud

385 2347 778 2402 Sunamitidem
805 2345 1252 2414 augustissimum
1281 2343 1493 2413 accepit
1522 2342 1854 2397 domicilium
1878 2382 1892 2406 ,
1921 2351 1980 2396 et

384 2455 696 2501 scamnum,
738 2447 793 2490 et
834 2436 996 2490 vilem
1041 2434 1391 2504 lychnulnm,
1435 2434 1528 2504 qui
1569 2447 1625 2488 et
1661 2435 1978 2503 a'gritndiuc

383 2531 554 2594 obiit;
591 2538 644 2584 et
683 2529 886 2591 Isaias,
937 2529 1028 2595 qui
1079 2527 1254 2579 nudus
1296 2534 1350 2579 et
1395 2526 1741 2580 excalceatus
1805 2525 1976 2578 trien-

386 2623 534 2677 nium
567 2619 892 2684 ambulavit;
928 2631 980 2672 et
1002 2617 1288 2681 Jcrcmias,
1309 2617 1404 2686 qui
1427 2628 1482 2671 et
1510 2618 1560 2670 in
1587 2616 1795 2671 foveam
1835 2616 1975 2671 omni

317 2784 323 2789 _
388 2713 678 2781 eonjectns
710 2721 816 2775 est,
841 2719 897 2764 et
922 2724 1138 2778 semper
1173 2708 1404 2761 ludibrio
1431 2707 1685 2770 habitus,
1730 2716 1788 2760 ut
1812 2707 1975 2760 etiam

386 2807 732 2863 solitudinem
752 2798 1324 2870 optaret;ctJoannes
1347 2837 1362 2863 ,
1393 2798 1483 2867 qui
1511 2798 1562 2852 in
1595 2798 1976 2853 solitudinibus

387 2895 690 2960 habitabat,
712 2904 766 2948 et
785 2899 980 2963 praeter
1001 2890 1242 2945 locustas
1265 2899 1322 2943 et
1345 2889 1447 2943 mel
1469 2899 1682 2960 agreste
1706 2889 1815 2944 cibi
1843 2889 1977 2943 nihil

385 2991 668 3054 sumebat,
720 2985 859 3056 pelle
900 2982 1208 3038 succinctus
1247 2981 1494 3046 lumbos,
1518 2990 1572 3036 et
1605 2980 1745 3036 villis
1778 2981 1972 3036 cameli

2089 1802 2210 1854 κατ’
2238 1800 2367 1854 αὐτὸ
2381 1800 2442 1853 τὸ
2467 1801 2708 1871 ἐνεργεῖν
2733 1799 2915 1868 ἀγαθά
2941 1799 3156 1852 ἐποίουν
3182 1801 3296 1862 τοῖς
3330 1799 3702 1870 ἀνθρώποις,

2077 1893 2173 1944 καὶ
2215 1892 2400 1946 κακῶν
2449 1892 2648 1954 αὐτοὺς
2687 1891 3064 1961 ἀπήλλαττονι
3123 1889 3480 1959 διαϐήσονται
3526 1891 3602 1948 δὲ
3645 1894 3710 1945 oi.

2076 1983 2252 2036 ταῦτα
2280 1981 2528 2049 λέγοντες
2557 1981 2653 2034 καὶ
2680 1982 2771 2033 ἐπὶ¹
2794 1981 2886 2033 τὸν
2913 1979 3173 2051 μέλλοντα
3201 1980 3394 2043 αἰῶνα,
3424 1981 3703 2049 φάσκον-

2077 2089 2168 2135 τες
2188 2071 2278 2136 τὸ,
2313 2070 2480 2124 κακὸν
2501 2066 2635 2122 sint
2663 2070 2752 2122 τὸν
2787 2069 2967 2134 πόνον,
3002 2071 3118 2141 ῆτοι
3148 2069 3209 2122 τὺ
3238 2071 3364 2132 τοὺς
3394 2071 3702 2140 ἁμαρτω-

2077 2161 2203 2225 λοὺς
2241 2162 2300 2214 ἐν
2331 2160 2464 2230 πυρὶ
2509 2159 2586 2230 (9)
2619 2159 2822 2229 αἰωνίῳ
2860 2158 3268 2229 παραδίδοσθαι.
3311 2160 3375 2212 Εἰ
3403 2159 3468 2214 δέ
3500 2162 3698 2216 nm

2077 2256 2105 2309 6
2135 2254 2314 2318 πόνος,
2340 2253 2552 2323 ἀνάγκη
2585 2252 2683 2322 τὴν
2708 2251 2901 2322 ἡδονὴν
2932 2251 3137 2320 ἀγαθὸν
3167 2248 3327 2306 εἶναι.
3367 2253 3531 2324 Σαφῆ
3569 2254 3696 2327 μὲν

2078 2342 2173 2400 οὖν
2201 2348 2263 2398 ἐκ
2286 2345 2394 2398 τῶν
2421 2344 2730 2416 εἰρημένων
2759 2343 2827 2399 τὰ
2851 2343 3127 2412 δυνάμενα
3174 2343 3266 2395 ἐπὶ
3300 2341 3492 2396 πλεῖον
3534 2343 3692 2398 δυσ-

2077 2439 2301 2508 ωπῆσαι
2342 2436 2470 2499 τοὺς
2503 2436 2601 2508 οὐχ
2643 2435 2792 2496 οἴους
2831 2450 2890 2486 τε
2931 2433 3092 2486 λῦσαι
3136 2431 3203 2488 τὰ
3253 2433 3688 2504 προσαγόμενα,

2085 2530 2214 2601 περὶ
2239 2527 2332 2582 τοῦ
2364 2527 2493 2598 τρία
2519 2526 2652 2596 γένη
2681 2525 2788 2578 τῶν
2815 2524 3036 2592 ἀγαθῶν
3069 2520 3207 2577 εἶναι
3231 2563 3244 2585 ,
3272 2523 3365 2577 καὶ
3399 2524 3535 2596 τρία
3554 2524 3687 2579 τῶν

2073 2622 2265 2677 κακῶν
2294 2620 2433 2674 κατὰ
2469 2619 2560 2672 τὸν
2597 2617 2754 2686 λόγον
2787 2616 2896 2670 τῶν
2928 2616 3182 2688 Γραφῶν.
3236 2615 3457 2687 Ταύτην
3486 2616 3684 2670 τοίνυν

2077 2713 2177 2784 τὴν
2201 2712 2416 2780 ἀπάτην
2447 2711 2507 2762 οὐ
2543 2709 2701 2780 μόνον
2732 2709 2781 2761 οἱ
2802 2706 3248 2777 ὁμολογουμένως
3276 2707 3531 2778 ἀκέραιοι
3555 2706 3679 2759 τῶν

2080 2798 2520 2852 πεπιστευκότων
2545 2798 2876 2867 ὴπάτηνται,
2901 2795 3037 2849 ἀλλὰ
3063 2795 3154 2849 καί
3180 2812 3323 2859 τινες
3347 2795 3457 2849 τῶν
3487 2798 3676 2864 ἐπαγ-

2079 2889 2420 2961 γελλομένων
2449 2889 2640 2958 σοφίαν
2665 2889 2764 2960 τὴν
2806 2887 2947 2942 κατά
2976 2885 3210 2960 Χριστὸν
3229 2925 3243 2949 ,
3282 2887 3521 2956 οἰόμενοι
3565 2887 3672 2942 sci

2080 2978 2422 3051 Δημιουργοῦ
2463 2979 2676 3034 τοιάσδε
2731 2976 2884 3040 τινὰς
2943 2971 3082 3030 εἶναι
3141 2974 3514 3043 ἐπαγγελίας,
3572 2978 3676 3030 καὶ

384 3085 634 3141 amictus.
665 3079 773 3134 llos
811 3078 952 3132 enim
982 3075 1154 3143 legem
1181 3089 1424 3128 servasse
1456 3073 1789 3128 fatebuntur.
1815 3071 1974 3140 Qum-

2081 3074 2225 3146 πέρα
2249 3072 2357 3126 τῶν
2383 3072 2492 3126 ἀπὸ
2513 3071 2610 3142 τῆς
2639 3069 2840 3136 λέξεως
2879 3066 3220 3139 δηλουμένων
3257 3066 3421 3138 μηδὲν
3453 3069 3671 3141 σημαί-

387 3192 568 3232 rcmus
605 3186 734 3242 ergo
755 3209 771 3236 ,
810 3184 877 3222 an
913 3183 1031 3237 quae
1061 3169 1198 3220 bona
1228 3165 1574 3230 existimant,
1602 3165 1668 3219 iis
1701 3164 1972 3219 adfuerint

386 3272 479 3340 qni
510 3269 678 3336 legem
707 3269 1069 3319 servaverunt
1098 3277 1112 3314 :
1142 3258 1283 3328 quod
1314 3273 1438 3311 eum
1465 3259 1842 3312 demonstrare
1864 3273 1969 3310 non

386 3361 618 3433 possint,
659 3373 725 3414 eo
771 3357 1118 3424 redigentur,
1156 3359 1214 3403 nt
1257 3349 1444 3402 dicant
1485 3346 1649 3401 falsas
1691 3363 1816 3402 esse
1849 3362 1973 3416 pro-

388 3449 704 3512 missiones,
741 3461 861 3514 qua:
894 3443 998 3513 piis
1039 3451 1092 3495 et
1128 3438 1395 3508 religiosis
1434 3437 1547 3490 lieri
1573 3437 1860 3500 dicuntur;
1893 3437 1973 3492 vel

385 3543 432 3596 si
465 3555 604 3593 vera!
630 3540 763 3603 sint,
788 3537 964 3590 altiori
990 3548 1152 3589 sensu
1179 3529 1614 3598 interpretandas
1637 3543 1759 3584 esse
1789 3545 1804 3582 :
1835 3533 1879 3584 si
1905 3531 1971 3582 ad

389 3631 728 3688 reconditum
767 3644 984 3683 sensum
1016 3624 1189 3680 coacti
1217 3621 1501 3687 venerint,
1532 3621 1842 3676 destruetur
1877 3635 1972 3674 eo-

389 3741 508 3780 rtnn
549 3721 757 3792 opinio,
793 3720 934 3789 quod
972 3721 1218 3772 morbum
1248 3715 1492 3784 corporis
1527 3722 1580 3768 et
1604 3727 1724 3782 quae
1750 3723 1973 3766 externa

387 3822 644 3884 putantur
685 3809 824 3864 mala
871 3809 1050 3878 impiis
1093 3808 1178 3860 lex
1223 3806 1522 3864 minitetur,
1569 3804 1650 3857 vel
1687 3803 1971 3855 sanitatem

385 3905 632 3976 corporis
659 3901 990 3972 polliceatur.
1023 3907 1076 3952 et
1102 3913 1236 3966 opus
1263 3897 1329 3950 iis
1351 3895 1442 3964 qui
1481 3893 1590 3946 Deo
1619 3893 1966 3946 adhaeserint.

383 3997 668 4067 Quomodo
693 4010 818 4048 vero
847 3992 1068 4048 stultum
1097 4007 1199 4044 non
1230 3990 1329 4051 sit,
1368 3989 1419 4038 in
1466 3985 1621 4039 malis
1656 3985 1877 4056 gloriari
1920 3995 1974 4038 et

386 4091 582 4153 lauari,
617 4087 709 4157 qni
738 4087 802 4140 iis
830 4083 1126 4139 tenentur?
1173 4081 1228 4135 Si
1266 4080 1409 4134 enim
1451 4077 1604 4129 inulte
1643 4086 1766 4130 sunt
1804 4092 1971 4143 angu-

385 4179 532 4244 stiae,
566 4185 623 4229 et
661 4175 738 4227 ait
782 4171 1074 4242 Apostolus
1112 4184 1170 4223 se
1216 4169 1266 4221 in
1299 4165 1452 4219 malis
1482 4165 1726 4230 gloriari,
1761 4165 1812 4218 id
1847 4179 1974 4218 vero

385 4269 612 4321 stultum
653 4273 733 4317 est
761 4303 776 4327 ,
817 4279 916 4316 nec
952 4261 1152 4315 stultus
1185 4269 1267 4312 cu
1297 4253 1583 4324 Apostolus
1616 4271 1629 4307 :
1663 4263 1809 4308 certe
1835 4253 1971 4306 mala

384 4376 492 4414 non
523 4365 650 4411 sunt
683 4356 769 4409 illa
799 4355 994 4423 quibus
1029 4353 1110 4406 vir
1150 4360 1374 4405 sanctus
1395 4359 1686 4402 exercetur
1707 4387 1724 4411 ,
1755 4346 1845 4415 qui
1876 4361 1971 4414 pe-

2074 3166 2264 3222 νεσθαι
2290 3164 2432 3220 κατὰ
2458 3165 2554 3227 τὰς
2582 3162 2830 3225 ἀπειλάς.
2863 3161 3006 3233 Πρὸς
3032 3161 3238 3224 πάντας
3258 3159 3433 3213 τοίνυν
3447 3162 3674 3224 nam

2072 3255 2296 3311 τοιαῦτα
2322 3257 2384 3307 ἐκ
2406 3253 2515 3306 τῶν
2539 3251 2768 3326 Γραφῶν
2783 3249 3264 3320 ὑπολαμϐάνοντας
3279 3251 3668 3322 ἐπαπορητὼν

2073 3348 2121 3398 εἰ
2141 3346 2474 3416 τετηρήκασι
2497 3343 2588 3396 τὸν
2605 3344 2766 3413 νόμον
2787 3344 2835 3395 οί
2857 3340 3168 3412 προφῆται,
3190 3333 3265 3393 ὧν
3286 3339 3509 3410 ἁμαρτῆ
3519 3358 3667 3410 ματα

2073 3440 2133 3494 οὐ
2187 3438 2609 3508 κατηγορεῖται·
2682 3431 2793 3488 οἷον
2862 3434 3046 3496 Ἠλίας
3099 3431 3128 3481 ό
3185 3430 3666 3500 ἀκτημονέστατος

2072 3530 2148 3594 ὡς
2186 3529 2320 3600 μηδὲ
2363 3528 2527 3598 ἄρτον
2570 3525 2714 3596 ἔχειν
2741 3523 2869 3595 παρ’
2910 3521 3089 3593 ἐαυτῷ
3136 3522 3364 3589 φαγεῖν,
3414 3519 3513 3574 καὶ
3578 3517 3667 3571 διά

2075 3619 2231 3672 τοῦτο
2256 3615 2572 3688 πέμπεσθαι
2606 3615 2741 3685 πρὸς
2781 3616 3014 3682 γυναῖκα
3060 3613 3119 3663 ἐν
3152 3609 3405 3683 Σαρεφθᾷ
3431 3610 3537 3679 τῆς
3571 3611 3657 3661 Σι-

2071 3709 2299 3773 δωνίας·
2351 3711 2445 3763 καὶ
2509 3707 2845 3771 Ἐλισσαῖος,
2895 3705 2955 3768 ὃς
3007 3702 3159 3775 παρὰ
3199 3705 3266 3773 τῇ
3313 3702 3662 3772 Σουναμίτιδι

2075 3801 2418 3873 βραχυτάτην
2456 3798 2613 3854 ἔλαϐε
2654 3797 2966 3860 κατάλυσιν,
3007 3796 3100 3849 καὶ
3144 3792 3468 3864 σκιμπόδιον
3513 3794 3654 3862 (10),

2074 3893 2164 3947 καὶ
2193 3891 2412 3961 λυχνίαν
2443 3889 2655 3958 εὐτελῆ,
2685 3889 2742 3951 ὃς
2783 3888 2877 3940 καὶ
2904 3887 3266 3956 ἀρρωστήσας
3299 3883 3620 3953 ἐτελεύτησε
3639 3899 3653 3912 ·

2078 3985 2174 4038 καὶ
2226 3983 2490 4044 Ἡσαΐας,
2533 3982 2561 4033 6
2610 3978 2895 4051 πορευθεὶς
2934 3977 3142 4049 γυμνὸς
3194 3977 3287 4030 κα).
3331 3973 3655 4037 ἀνυπόδετος

2073 4072 2251 4144 τρισὶν
2283 4071 2425 4124 ἔτεσι
2447 4087 2459 4099 ·
2508 4071 2600 4122 καὶ
2639 4067 2940 4139 Ἱερεμίας,
2969 4067 2997 4118 6
3028 4065 3321 4137 ἐμϐληθεὶς
3357 4065 3437 4127 είς
3457 4063 3657 4116 λάκκον

2077 4161 2337 4233 βορϐόρου
2358 4200 2372 4224 ,
2406 4159 2500 4214 καὶ
2533 4159 2620 4212 ἀεὶ
2665 4155 3057 4227 μυκτηρισθεὶς
3078 4195 3092 4218 ,
3123 4154 3267 4207 ῶττε
3293 4153 3386 4207 καὶ
3418 4153 3656 4224 ἐρημίαν

2073 4257 2294 4325 οἰκῆσαι
2330 4251 2620 4318 εὖξασθαι·
2673 4251 2766 4303 καὶ
2796 4250 2824 4300 6
2863 4249 3150 4320 Ἰωάννης,
3198 4249 3227 4302 6
3270 4248 3328 4300 ἐν
3375 4249 3492 4308 ταῖς
3529 4249 3659 4317 ἐρηο

2081 4346 2231 4417 μίαις
2269 4344 2380 4414 (Η)
2418 4341 2732 4416 διατρίϐων,
2760 4340 2851 4396 καὶ
2884 4339 3024 4409 πλὴν
3061 4338 3300 4410 ἀκρίδων
3328 4340 3421 4391 καὶ
3445 4338 3659 4408 μέλιτος

387 4451 532 4504 nitus
550 4444 780 4500 alilictus
795 4460 898 4498 non
917 4459 1012 4498 eoa
1025 4453 1248 4504 rotatur;
1270 4441 1424 4509 inops
1439 4454 1544 4492 non
1559 4437 1970 4505 derelinquitttr;

2079 4411 2285 4509 άγρίουή
2359 4411 2586 4506 μηδενός
2657 4431 3120 4504 μεταλαμϐάνων,
3193 4429 3421 4501 δέρματι
3503 4446 3658 4498 περι-

388 4550 650 4602 tentatus,
684 4540 734 4592 itt
768 4547 994 4592 mortem
1031 4549 1136 4588 non
1172 4532 1438 4593 infertur;
1468 4540 1518 4584 et
1543 4546 1664 4583 enm
1696 4529 1972 4581 mendicus

386 4642 694 4695 censeatur,
740 4628 936 4683 multos
967 4627 1142 4687 ditat;
1189 4639 1312 4677 cum
1358 4621 1494 4675 nihil
1540 4620 1818 4689 possidere
1846 4635 1971 4672 cre-

386 4729 572 4790 datur,
595 4724 774 4780 omnia
805 4719 1045 4790 possidet
1070 4735 1082 4770 :
1103 4715 1275 4768 lidelis
1293 4715 1439 4768 enim
1465 4721 1544 4765 est
1575 4721 1716 4764 totus
1739 4709 1972 4763 mundus

385 4819 738 4881 divitiarum;
766 4814 1018 4870 intidelis.
1046 4825 1115 4863 ne
1137 4805 1330 4862 obolns
1357 4803 1592 4874 quidem.
1612 4801 1878 4855 Praeterea
1900 4815 1965 4853 ex

387 4925 580 4965 eorum
606 4907 880 4977 Opinione,
902 4903 993 4972 qui
1013 4903 1116 4954 tria
1145 4899 1407 4953 bonorum
1435 4907 1634 4964 genera
1661 4901 1715 4944 ct
1742 4890 1964 4944 totidem

392 5003 654 5057 malorum
671 5000 722 5052 in
743 4995 1043 5064 Seriptnris
1071 4987 1297 5060 reperiri
1314 5002 1470 5056 posse
1485 4983 1757 5038 allirmaut
1778 4995 1942 5036 conse
1956 5011 1970 5021 -

389 5091 555 5164 569
594 5103 766 5159 quens
815 5096 897 5141 est
938 5087 1113 5154 jnstos
1163 5082 1214 5134 in
1259 5077 1508 5149 plurimis
1547 5088 1767 5142 semper
1805 5072 1965 5126 malis

391 5202 534 5245 esse.
579 5199 701 5236 cum
751 5193 876 5232 vera
922 5180 993 5231 sit
1049 5174 1330 5244 prophetia
1387 5171 1522 5232 haee,
1554 5183 1676 5237 qua:
1705 5165 1838 5220 dicit
1872 5165 1963 5218 ‘9:

397 5297 418 5328 ι
464 5276 637 5329 Multa:
667 5273 930 5343 angustia:
981 5269 1277 5337 jnstorunt.
1312 5284 1332 5318 ι
1370 5263 1555 5332 Neque
1605 5275 1732 5315 vero
1775 5262 1969 5313 intem-

458 5389 506 5422 ”
539 5388 679 5444 Psal.
710 5400 901 5448 xum,
920 5384 1008 5440 20.

464 5507 540 5574 (7)
570 5507 737 5567 Alias,
771 5503 1087 5570 ἐνέγκωσιν.

571 5576 698 5654 _|.eg.
727 5572 1267 5654 Ξτροκοιτειληιιςότιιινἶ

468 5633 542 5716 ιθ)
565 5633 693 5715 mg.
725 5633 838 5713 ἤτοι
875 5648 997 5708 τοὺς
1028 5633 1384 5714 αμαρτωλοὶος
1422 5633 1577 5704 πυρὶ.

2078 4526 2384 4597 εζωσμένος
2417 4525 2516 4596 τὴν
2545 4525 2736 4592 ὀσφὺν,
2768 4521 2861 4577 καὶ
2903 4521 3011 4575 ἀπὸ
3039 4519 3240 4591 τριχῶν
3273 4519 3521 4590 καμήλου
3548 4521 3657 4587 ἡμ-

2079 4619 2388 4689 φιεσμένος.
2441 4615 2862 4690 Ὀμολογήσουσι
2904 4613 3012 4684 γάρ
3061 4613 3259 4675 αὐτοὺς
3301 4610 3659 4680 τετηρηκέναι

2074 4709 2168 4762 τὸν
2223 4709 2404 4779 νόμον.
2458 4707 2568 4760 Καὶ
2632 4705 3005 4775 ἀπαιτήσομεν
3044 4703 3090 4754 εἱ
3145 4700 3181 4756 ἃ
3234 4699 3441 4754 νοοῦσιν
3479 4700 3660 4766 ἀγαθά

2068 4804 2182 4864 τοῖς
2221 4801 2546 4871 τετηρηκόσι
2596 4797 2804 4858 τούτοις
2848 4795 3156 4865 ὑπῆρκται·
3205 4794 3306 4845 οὐκ
3341 4793 3552 4862 ἔχοντες
3601 4791 3656 4844 δὲ

2069 4892 2272 4957 δεῖξαι,
2302 4889 2848 4960 περικλεισθῆσονται
2887 4888 2966 4948 εἰς
2997 4884 3056 4937 τὸ
3079 4923 3092 4947 ,
3122 4884 3239 4954 ῆτοι
3272 4881 3485 4951 ψευδεῖς
3518 4877 3658 4932 εἶναι

2069 4989 2168 5048 τάς
2194 4983 2526 5052 ἐπαγγελίας
2553 4982 2649 5043 τὰς
2675 4979 2970 5049 λεγομένας
2999 4973 3234 5028 δίδοσθαι
3267 4977 3376 5036 τοῖς
3405 4970 3656 5025 θεοσεεὲ-

2074 5094 2178 5140 σιν,
2203 5077 2237 5147 ἢ
2270 5073 2488 5146 ἀληθεῖς
2522 5071 2896 5143 τυγχανούσας
2925 5066 3220 5136 ,ἀναγωγῆς
3247 5065 3454 5119 δεῖσθαι
3474 5082 3487 5094 ·
3516 5064 3563 5116 εί
3615 5063 3658 5115 δ’

2075 5166 2160 5218 ἐπ’
2195 5166 2524 5237 ἀλληγορίαν
2560 5161 2993 5232 ἀναγκασθέντες
3028 5160 3252 5212 ἔλθωσιν
3277 5198 3291 5221 ,
3329 5156 3659 5229 ἀθετηθησε-

2075 5278 2165 5315 ται
2198 5258 2378 5314 αὐτῶν
2403 5261 2437 5329 ἡ
2467 5257 2733 5328 ὑπόληψις
2761 5256 2902 5326 ὑπὲρ
2933 5253 3027 5308 τοῦ
3068 5253 3160 5307 τὸν
3205 5253 3368 5324 νόμον
3412 5249 3661 5306 ἀπειλεῖν

2154 5494 2263 5562 (ιιι)
2295 5492 2422 5560 {.eg.
2467 5489 2786 5559 συμπόσιον.

2155 5569 2200 5635 (_l
2223 5567 2267 5634 Ι)
2298 5562 2426 5632 Lrg.
2453 5563 2700 5634 ἐρήμοις.
