3942 6216
287 262 425 318 “57

1258 254 1573 310 SELECTA
1607 255 1673 310 IN
1711 253 2049 312 PSALMOS.
2084 286 2154 297 —
2192 256 2388 314 PSAL.
2430 257 2518 314 IV.

3419 266 3556 321 1158

285 381 442 434 νόσον
494 376 845 449 σωματικὴν,
891 376 983 429 καὶ
1027 376 1095 428 τὰ
1140 370 1299 439 ἐκτὸς
1348 375 1680 445 νομιζόμενα
1725 351 1861 430 κάκὰ

1977 378 2251 444 pestivum
2286 379 2448 432 fuerit
2495 393 2556 431 ea
2606 393 2725 447 qua:
2756 376 2857 432 Job
2889 381 3222 447 acciderunt,
3267 382 3319 436 in
3366 398 3554 439 eorum

285 475 396 536 τοῖς
432 471 780 542 ἡσεϐηκόσιν,
819 471 852 542 ἢ
891 466 1321 537 ἐπαγγέλλεσθαι
1365 467 1674 537 ὑγιαίνοντα
1732 464 1872 522 εἶναι

285 565 353 618 τὰ
378 563 626 633 σώματα,
654 563 749 616 καὶ
770 561 1088 634 περιουσίαν
1119 558 1336 612 ἔσεσθαι
1358 561 1470 622 τοῖς
1492 557 1570 628 τῷ
1596 557 1715 627 Θεῷ
1741 576 1873 612 κατ-

283 654 696 726 ηκολουθηκόσι.
755 654 880 718 Πῶς
917 653 973 706 δὲ
1006 653 1106 706 οὑκ
1139 650 1346 721 ἠλίθιον
1377 651 1472 703 ἐπὶ
1523 654 1636 714 τοῖς
1683 655 1872 716 κακοῖς

289 746 434 815 μέγα
477 748 693 816 φρονεῖν
737 746 830 798 καὶ
867 745 1054 815 αὐχεῖν
1101 744 1228 807 τοὺς
1277 743 1437 806 ὄντας
1470 744 1528 794 ἐν
1562 742 1774 807 αὑτοῖς;
1808 743 1872 796 El

287 838 396 907 γάρ
423 838 590 890 κεικαλ⁵
627 838 685 890 αί
709 837 916 907 θλίψεις
940 879 955 902 ,
1005 835 1139 906 φησὶ
1182 835 1238 888 δὲ
1284 836 1312 887 6
1369 835 1691 898 Ἀπόστολος
1733 852 1869 888 καυ-

284 930 483 1000 χᾶσθαι
514 932 572 983 ἐν
595 933 789 994 κακοῖς
807 948 822 961 '
847 929 1007 982 τοῦτο
1029 930 1087 983 δὲ
1108 927 1333 999 ἠλίθιον,
1357 929 1452 982 καλ¹
1482 929 1510 980 6
1551 928 1870 992 Ἀπόστολος

286 1021 388 1075 οὐκ
422 1021 662 1091 ἠλίθιοςο
703 1022 802 1075 οὑκ
833 1022 941 1092 ἀρα
980 1019 1128 1074 κακὰ
1167 1019 1236 1073 τὰ
1286 1019 1465 1072 τοιάδε
1499 1019 1869 1090 γυμνάσματα

285 1110 380 1164 τοῦ
419 1111 576 1180 ἁγίου
598 1127 610 1140 ⁸
645 1112 812 1174 ὅστις,
841 1112 899 1163 ἐν
932 1111 1095 1163 παντὶ
1115 1109 1462 1180 θλιϐόμενος,
1494 1110 1555 1162 οὑ
1599 1127 1868 1180 στενοχω-

289 1207 499 1273 ρετταιο
537 1202 944 1274 ἀπορούμενος,
997 1201 1098 1256 οὐκ
1133 1201 1628 1270 ἐγκαταλείπεται⁸
1678 1218 1870 1272 πειρα-

285 1293 544 1362 ζόμενος,
596 1293 659 1347 οὑ
700 1291 1052 1347 θανατοῦται·
1115 1289 1469 1362 νομιζόμενος
1525 1287 1662 1344 εἶναι
1718 1307 1868 1343 πτω-

284 1382 398 1452 χὸς,
433 1382 660 1447 πολλοὺς
705 1382 1014 1446 πλουτίζει·
1061 1383 1157 1435 καὶ
1200 1380 1720 1452 ὑπολαμϐανόμενος
1761 1397 1868 1451 μη-

282 1475 374 1530 δὲν
439 1476 759 1546 κεκτῆσθαι,
808 1474 988 1528 παντά
1045 1473 1302 1542 κατέχει·
1353 1473 1448 1526 τοῦ
1505 1471 1613 1544 γὰρ
1673 1473 1866 1526 πιστοῦ

281 1567 400 1631 ὅλος
460 1569 489 1620 6
553 1567 757 1638 κόσμος
819 1566 930 1618 τῶν
981 1565 1314 1636 χρημάτων·
1375 1563 1470 1617 τοῦ
1531 1564 1588 1616 δὲ
1640 1565 1866 1618 ἀπίστου

280 1659 403 1714 οὑδὲ
450 1658 655 1722 ὀϐολός.
713 1658 848 1724 ,Ἔτι
895 1656 951 1710 δὲ
997 1656 1190 1708 ἕπεται
1248 1657 1360 1718 τοῖς
1419 1655 1864 1725 ὑπολαμϐάνουσι

1976 483 2236 523 revocare
2273 469 2618 535 memoriam,
2664 473 2756 541 qui
2791 489 2852 524 ea
2883 471 3022 523 mala
3070 487 3192 526 esse
3223 483 3456 540 putant:
3497 486 3558 529 ut

1973 570 2256 629 postquam
2288 560 2582 616 fortissime
2611 563 2930 632 perfunctus
2964 577 3047 617 est
3079 565 3146 619 iis
3177 579 3293 631 quae
3321 565 3556 619 circum-

1974 653 2200 706 Stabant
2228 654 2643 718 certaminibus,
2673 656 2738 710 de
2771 655 2887 724 ipso
2913 654 3048 709 liber
3074 656 3146 709 ait
3176 656 3221 686 ⁸ο
3247 673 3260 709 :
3303 675 3320 706 ι
3351 658 3432 710 Αη
3459 672 3556 724 pu-

1975 753 2056 797 tas
2107 743 2268 796 aliam
2305 744 2374 798 ob
2409 759 2628 799 causam
2675 762 2766 800 me
2808 757 2989 801 terum
3029 763 3150 802 esse
3184 748 3550 809 collocutum,

1973 834 2075 887 nisi
2115 843 2171 887 ιιι
2203 832 2388 901 justus
2420 837 2762 904 appareres?
2793 857 2811 888 ι
2851 839 2905 890 Si
2954 840 3098 892 enim
3133 855 3238 893 non
3269 841 3428 892 aliter
3453 838 3558 893 Joh

1972 936 2197 992 apparet
2223 923 2426 992 justus,
2463 941 2626 994 quam
2655 929 2798 997 quod
2822 929 2975 986 hicet
2998 930 3087 984 ille
3107 945 3230 984 eum
3256 944 3417 984 casus
3441 931 3554 983 cir-

1981 1017 2392 1080 cnnwcuerint,
2448 1019 2721 1086 quomodo
2785 1035 2927 1074 nunc
2995 1022 3374 1074 vocaverimus
3437 1036 3558 1088 qua:

1979 1116 2158 1154 causa:
2195 1101 2435 1168 fuerunt,
2472 1120 2572 1159 cur
2606 1105 2818 1174 justitia
2846 1108 3014 1176 ipsius
3043 1111 3323 1164 clueeret?
3350 1112 3424 1164 Ex
3469 1110 3558 1164 his

1974 1197 2142 1248 etiam
2182 1194 2444 1265 colligere
2477 1196 2623 1259 licet,
2668 1213 2846 1264 neque
2895 1200 3167 1253 diabolum
3205 1202 3322 1254 viro
3363 1211 3556 1255 sam-to

1972 1288 2174 1340 malmn
2197 1301 2342 1340 csse.
2366 1286 2467 1341 Job
2496 1288 2664 1356 igitur
2697 1290 2945 1346 diabolus
2969 1293 3168 1344 malum
3203 1306 3307 1345 non
3331 1295 3552 1350 erat":

1976 1398 1994 1431 ι
2033 1380 2168 1446 Quia
2215 1379 2568 1450 diligentibus
2605 1381 2772 1435 Deum
2848 1384 3032 1437 omnia
3079 1383 3132 1437 in
3179 1385 3377 1437 bonum
3415 1385 3556 1440 Deus

1971 1471 2346 1536 administrat,
2376 1472 2445 1526 iis
2481 1472 2572 1540 qui
2599 1471 2754 1540 juxta
2795 1476 3130 1542 propositum
3160 1475 3338 1530 vocati
3366 1485 3547 1530 suum

1973 1561 2238 1616 Praeterea
2270 1563 2516 1618 dicemus
2545 1566 2803 1618 nonsatis
2833 1565 3337 1633 apl‘narere,jnstmn
3365 1582 3552 1622 earnm

1971 1651 2088 1706 fore
2120 1655 2559 1709 benedictionum
2616 1656 2938 1725 participem
2983 1673 3102 1726 qua:
3138 1658 3191 1710 in
3247 1657 3552 1727 Scripturis

281 1748 425 1803 κατά
476 1747 576 1818 τὴν
632 1746 856 1817 Γραφὴν
901 1745 1030 1816 τρία
1090 1747 1220 1816 γένη
1279 1745 1386 1798 τῶν
1427 1746 1647 1814 ἀγαθῶν
1701 1742 1861 1810 εἶναι,

1970 1744 2158 1810 positae
2194 1743 2337 1799 bona
2389 1746 2818 1801 existimantur:
2857 1747 3042 1801 multa:
3087 1748 3290 1818 quippe
3335 1749 3400 1803 de
3434 1749 3555 1802 viro

280 1840 436 1910 δῆλον
454 1839 510 1892 δὲ
535 1839 723 1892 ὃτικαὶ
748 1837 854 1890 τῶν
880 1836 1085 1899 κακῶν,
1111 1837 1237 1902 τοὺς
1265 1837 1507 1903 δικαίους
1538 1839 1625 1892 ἀεὶ
1647 1839 1703 1891 ἐν
1736 1839 1864 1892 πολ-

281 1933 392 1996 λοῖς
421 1935 610 1996 κακοῖς
637 1929 795 1986 εἶναι’
828 1931 1200 2004 άληθευοὺσης
1226 1931 1326 2001 τῆς
1357 1931 1623 2003 λεγούσης
1651 1948 1862 2002 προφη-

282 2025 448 2088 τείας
494 2043 512 2075 ι
545 2023 743 2077 Πολλαὶ
781 2025 836 2077 αί
879 2023 1086 2093 θλίψεις
1124 2021 1232 2076 τῶν
1273 2022 1517 2078 δικαίων.
1562 2043 1580 2074 ι
1614 2023 1728 2076 Οὑκ
1754 2023 1861 2093 ἀρα

281 2115 337 2168 δὲ
360 2115 469 2185 (12)
487 2115 576 2168 καὶ
596 2115 703 2168 τῶν
717 2114 795 2185 τῷ
829 2113 948 2167 Ἰὼϐ
967 2113 1391 2184 συμϐεϐηκότων
1409 2114 1721 2185 ὑπομνῆσαι
1738 2115 1863 2178 τοὺς

281 2205 556 2274 οἰομένους
597 2203 724 2257 τάδε
767 2203 888 2256 τινὰ
926 2203 1072 2259 κακά
1119 2197 1282 2257 εἶναι·
1310 2203 1385 2267 ὡς
1416 2205 1446 2256 6
1480 2204 1862 2275 χρηματισμὸς

283 2294 419 2364 μετά
447 2295 506 2349 τὸ
529 2295 768 2364 ἐνεγκεῖν
798 2293 1155 2363 γενναιότατα
1173 2295 1298 2358 τοὺς
1332 2296 1693 2366 περιστάντας
1719 2295 1863 2364 άγῶ-

279 2403 396 2448 νας,
428 2386 612 2457 φησίν·
661 2403 680 2436 ι
713 2388 835 2441 Οῖει
865 2385 921 2439 δέ
955 2402 1023 2455 με
1053 2385 1227 2449 άλλως
1257 2402 1338 2440 σοι
1365 2389 1857 2458 κεχρηματικέναι,

279 2477 312 2546 ἢ
339 2477 424 2531 ἵνα
454 2478 730 2546 ἀναφανῇς
759 2476 989 2540 δίκαιος;
1033 2497 1050 2528 ›
1072 2477 1135 2529 Εί
1164 2475 1274 2546 γὰρ
1301 2477 1402 2530 οὑκ
1429 2477 1602 2541 ἄλλως
1631 2479 1862 2547 ἀναφαί-

279 2587 427 2622 νεται
447 2569 476 2620 6
513 2568 631 2622 Ἰὼϐ
659 2569 866 2633 δίκαιος
898 2569 930 2640 ἦ
957 2570 1020 2622 ἐκ
1035 2569 1128 2624 τοῦ
1158 2570 1286 2623 τάδε
1329 2571 1473 2636 τινὰ,
1503 2571 1705 2625 καὶτοῦ
1734 2573 1859 2627 τάδε

279 2661 428 2732 αὐτῷ
483 2661 629 2715 κακά
675 2660 930 2730 λέγοιμεν
975 2660 1241 2732 ὑπάρχειν
1287 2663 1425 2732 (l3),
1471 2662 1539 2716 τὰ
1576 2665 1725 2717 αἴτια
1763 2664 1858 2718 τοῦ

279 2753 551 2823 ἀναφῆναι
598 2752 765 2806 αὑτοῦ
819 2752 916 2824 τὴν
966 2751 1343 2824 δικαιοσύνην;
1404 2753 1678 2824 Ἐπόμενα
1709 2755 1753 2807 δ’
1792 2754 1858 2808 ἂν

278 2846 488 2908 τούτοις
523 2845 606 2916 ετη
633 2844 767 2916 μηδέ
794 2843 884 2896 τὸν
913 2842 1156 2898 διάϐολον
1179 2842 1258 2913 τῷ
1285 2843 1425 2915 ἁγίῳ
1451 2845 1620 2898 κακὸν
1658 2845 1860 2916 τυγχά-

278 2952 408 2989 νεινο
439 2937 518 3008 τῷ
546 2937 590 2990 6‘
616 2932 708 2991 οὖν
746 2935 864 2988 Ἰὼϐ
885 2935 1170 2998 ὁδιάϐολος
1203 2936 1371 2988 κακὸν
1394 2936 1492 2990 οὑκ
1514 2932 1600 3008 ἦν·
1640 2956 1658 2987 ι
1706 2939 1859 2992 Ἐπεὶ

277 3031 388 3091 τοῖς
414 3027 666 3096 ἀγαπῶσι
695 3026 786 3079 τδν
812 3027 944 3080 Θεὸν
982 3026 1158 3080 πάντα
1194 3031 1444 3100 συνεργεῖ
1475 3029 1554 3092 είς
1585 3029 1788 3098 ἀγαθὸν
1829 3031 1858 3083 ὀ

275 3119 428 3183 θεὸς,
455 3123 566 3182 τοῖς
588 3118 728 3172 κατὰ
751 3118 1006 3188 πρόθεσιν
1028 3117 1244 3189 κλητοῖς
1259 3115 1428 3172 οὖσιν.
1465 3138 1484 3170 ι
1511 3121 1631 3173 Ἔτι
1647 3121 1702 3174 δὲ
1724 3121 1860 3192 πρὸς

275 3211 486 3272 τούτοις
518 3209 670 3280 παρὰ
709 3209 772 3262 τὸ
797 3209 1025 3279 ἐναργὲς
1055 3205 1195 3262 εἷναί
1227 3226 1408 3280 φαμεν
1437 3209 1499 3262 τὸ
1535 3211 1626 3263 τὸν
1653 3212 1860 3265 δίκαιον

278 3300 337 3353 ἐν
385 3303 504 3362 ταῖς
535 3298 675 3352 κατὰ
701 3299 761 3352 τὸ
787 3299 948 3368 ῥητὸν
977 3298 1251 3367 εὐλογίαις
1281 3298 1502 3352 ἔσεσθαι
1519 3299 1625 3353 τῶν
1651 3303 1708 3355 ἐν
1739 3305 1860 3367 ταῖς

278 3389 520 3459 Γραφαῖς
544 3390 873 3459 ἐγκειμένων
896 3388 1268 3460 νομιζομένων
1286 3389 1527 3458 ἀγαθῶν·
1553 3391 1722 3463 πολλὴ
1751 3393 1858 3465 γάρ

279 3481 490 3551 ἱστορία
525 3480 559 3550 ὴ
601 3481 730 3552 περὶ
782 3481 874 3534 τοῦ
921 3480 1079 3549 ἁγίου
1113 3480 1475 3553 ἐξεταζομένη
1524 3483 1862 3538 ἐναντιοῦται

278 3575 399 3635 ταῖς
431 3571 706 3635 τοιαύταις
734 3571 1001 3642 ἐκδοχαῖς·
1023 3572 1118 3625 καὶ
1147 3572 1373 3643 ἀνόητόν
1399 3573 1515 3626 ἐστι
1534 3575 1594 3627 τὸ
1624 3575 1861 3645 ὑπολαμ-

279 3663 462 3716 ϐάνειν
482 3663 761 3733 δανειστὴν
776 3662 864 3714 τὸν
886 3662 1038 3729 άγιον
1063 3661 1280 3716 ἔσεσθαι
1309 3661 1518 3716 πολλῶν
1550 3663 1717 3717 ἐθνῶν
1734 3682 1860 3736 τρα-

281 3754 451 3818 πέζας
483 3753 625 3808 κατά
661 3753 813 3807 πόλιν
833 3754 1138 3820 ἀνοίγοντα,
1170 3754 1266 3806 καὶ
1299 3754 1715 3825 περισπώμενον
1732 3757 1859 3826 περὶ

279 3847 376 3909 τὰς
405 3846 580 3909 δόσεις
607 3846 700 3898 καὶ
732 3845 941 3916 λήψεις,
973 3845 1066 3898 καὶ
1095 3845 1351 3900 ποιοῦντα
1381 3846 1680 3918 πράγματα
1710 3849 1856 3919 ἀπη-

279 3937 604 4007 γορευμέναο
640 3953 657 3985 ι
688 3935 760 3988 Τὸ
783 3934 1045 4006 ἀργύριον
1073 3935 1181 4006 γὰρ
1211 3934 1374 3988 αὑτοῦ
1405 3936 1506 3988 οὑκ
1542 3936 1737 3990 ἔδωκεν
1766 3938 1860 3990 ἐπὶ

276 4029 440 4098 τόκῳ,
472 4029 564 4081 καί
602 4027 748 4096 δῶρα
787 4027 874 4079 ἐπ’
899 4024 1096 4089 ἀθώοις
1136 4027 1237 4080 οὑκ
1284 4026 1465 4080 ἔλαϐε·
1509 4028 1602 4081 καλ⁸
1629 4029 1656 4080 6
1691 4027 1858 4082 ποιῶν

277 4119 447 4173 ταῦτα
479 4120 540 4173 οὑ
591 4118 982 4188 σαλευθήσεται
1024 4119 1103 4181 είς
1140 4118 1230 4172 τὸν
1264 4118 1457 4172 αἰῶνα.
1505 4139 1524 4171 ι
1564 4120 1675 4173 Καὶ
1717 4120 1859 4174 κατὰ

275 4213 366 4266 τὸν
403 4210 687 4281 Ἰεζεκιήλο
729 4228 749 4261 ι
800 4210 856 4263 '0
897 4208 1051 4278 ἅγιος
1091 4209 1185 4262 ἐπὶ
1227 4209 1371 4279 τόκῳ
1407 4211 1502 4262 καὶ
1533 4209 1857 4282 πλεονασμῷ

276 4305 375 4356 οὑκ
403 4303 566 4356 ἔδωκε
599 4303 659 4354 τὸ
683 4302 964 4372 ἀργύριον.
1009 4322 1027 4354 ι
1055 4302 1128 4354 Τὸ
1157 4302 1214 4355 δὲ
1243 4302 1337 4356 καὶ
1358 4303 1590 4373 πυρετὸν
1615 4302 1856 4372 νομίζειν

277 4394 364 4448 διά
389 4392 486 4456 τὰς
511 4391 786 4462 ἁμαρτίας
803 4392 1045 4460 γίνεσθαι
1070 4392 1414 4447 ἀπαιδεύτων
1440 4395 1521 4455 είς
1549 4393 1854 4464 ὑπερϐολήν

278 4484 396 4535 ἐστι
424 4481 619 4551 δόγμα,
655 4480 912 4544 πολλάκις
943 4482 1052 4536 τῶν
1093 4483 1281 4537 αἰτίων
1319 4483 1416 4554 τῆς
1442 4484 1653 4537 τοιᾶσδε
1699 4485 1853 4538 νόσου

280 4569 558 4640 προδήλων
579 4568 768 4623 ὄντων’
805 4569 838 4639 ἢ
861 4570 969 4641 γὰρ
992 4570 1080 4624 διὰ
1109 4571 1169 4623 τὸ
1201 4571 1477 4642 περιέχον,
1503 4573 1536 4644 ἢ
1561 4572 1646 4625 διὰ
1679 4572 1856 4626 τοιάδε

282 4660 470 4723 ὕδατα,
492 4659 524 4730 ἢ
549 4659 636 4712 διὰ
661 4660 872 4713 τοιάσδε
893 4660 1119 4731 τροφάς·
1146 4661 1304 4714 καὶεί
1330 4657 1467 4714 ἆθλα
1491 4665 1604 4725 τοῖς
1627 4661 1856 4725 δικαίοις

280 4748 440 4816 ὑγεία
472 4749 565 4801 καὶ
588 4747 836 4813 πλοῦτος,
869 4749 1035 4820 ἐχρῆν
1061 4749 1263 4818 μηδένα
1300 4751 1408 4803 τῶν
1433 4751 1644 4805 ἀσεϐῶν
1680 4751 1858 4820 ὑγιαί·

282 4857 410 4904 νειν,
445 4841 576 4911 μηδέ
598 4840 865 4895 πλουτεῖν.
913 4842 1038 4909 ’Υγε
1049 4842 1132 4894 ίαν
1157 4842 1213 4894 δὲ
1236 4844 1336 4912 τὴν
1357 4845 1564 4898 τοιάνδε
1582 4845 1855 4898 κατάστα-

283 4949 367 4985 σιν
388 4933 486 5003 τῆς
518 4933 695 5003 ψυχῆς
729 4931 1008 5004 ζητητέον,
1044 4933 1141 4986 καὶ
1183 4934 1410 4986 πλοῦτον
1453 4936 1542 4989 τὸν
1571 4936 1713 4990 κατά
1763 4936 1855 4989 τον

280 5023 601 5094 Σολομῶντα
632 5024 824 5094 λύτρον
847 5023 1182 5094 τυγχάνοντα
1218 5024 1316 5094 τῆς
1347 5024 1546 5094 ψυχῆς,
1603 5025 1852 5094 λέγοντα·

284 5133 306 5168 ι
347 5115 553 5187 Δύτρον
582 5117 771 5188 ἀνδρὸς
809 5115 987 5186 ψυχῆς
1027 5119 1054 5170 6
1085 5117 1213 5178 ἴδιος
1253 5116 1500 5178 πλοῦτος.
1542 5136 1560 5168 ›
1593 5117 1856 5170 Φευκτέον

277 5205 336 5261 δὲ
363 5208 571 5272 πενίαν,
608 5207 728 5261 καθ’
760 5209 825 5278 ἢν
858 5207 1295 5278 ἀναγέγραπται·
1343 5227 1362 5260 ι
1401 5208 1620 5278 Πτωχὸς
1659 5208 1716 5260 δὲ
1760 5207 1858 5278 οὑχ

280 5299 570 5369 ὑφίσταται
611 5299 858 5367 ἀπειλήν.
893 5318 913 5351 ι
948 5300 1068 5353 Ἔτι
1101 5299 1158 5354 δὲ
1200 5299 1514 5371 τραύματα,
1548 5299 1639 5352 καὶ
1667 5297 1858 5365 μώλω-

350 5460 396 5492 ⁸⁰
418 5457 536 5513 Job.
560 5473 646 5519 ιιι..
670 5457 726 5513 5.
802 5457 843 5491 ⁵¹
870 5455 1029 5513 Rom.
1049 5458 1276 5526 vm,28.
1353 5459 1399 5490 δ’
1418 5456 1506 5511 Ps.
1542 5455 1726 5522 le,5.
1803 5455 1849 5487 ³³
1868 5453 2063 5512 Ειοιιι.
2086 5469 2235 5518 mn,
2259 5454 2310 5507 8.
2388 5454 2433 5485 “
2460 5453 2617 5511 Prov.
2640 5472 2759 5522 xm,
2784 5457 2838 5513 8.

349 5600 460 5671 (l2)
488 5600 626 5671 Ἄρα
651 5595 738 5671 δέ.
764 5597 892 5666 Leg.
915 5600 1147 5671 Αάκαιρον
1175 5598 1253 5671 δέ.

1970 1835 2060 1890 illo
2089 1837 2527 1891 sanctohiszoria-
2550 1837 2595 1891 si
2623 1838 3016 1909 expenduntur,
3041 1838 3198 1893 istam
3232 1839 3556 1907 interpreta-

1970 1931 2168 1984 tionem
2212 1929 2489 1985 refellunt.
2524 1932 2657 1998 Quis
2691 1933 2836 1986 enim
2879 1932 3265 1992 faeneratorem
3299 1942 3552 1986 sanctum

1968 2033 2091 2074 esse
2121 2035 2288 2074 sanus
2314 2020 2611 2084 existimet,
2639 2022 2729 2090 qui
2757 2021 2941 2076 multis
2970 2023 3224 2092 gentibus
3259 2037 3476 2076 mensas
3499 2023 3550 2076 in

1970 2111 2190 2166 civitate
2217 2112 2453 2182 aperiat,
2485 2123 2536 2167 et
2571 2113 2623 2166 in
2655 2115 2842 2173 dando
2866 2123 2922 2168 et
2967 2114 3287 2182 accipiendo
3317 2129 3552 2184 occupe-

1971 2211 2079 2266 tur,
2110 2213 2165 2257 et
2199 2217 2284 2258 res
2338 2205 2534 2258 vetitas
2575 2203 2777 2272 faciat?
2819 2224 2836 2256 ι
2872 2205 3168 2260 Pecuniam
3199 2210 3343 2258 enim
3395 2221 3550 2260 suam

1969 2310 2076 2349 non
2112 2295 2262 2350 dedit
2290 2295 2512 2360 faenori,
2546 2307 2602 2350 ct
2629 2313 2854 2352 munera
2891 2314 3055 2367 super
3095 2299 3418 2354 innocentes
3445 2315 3553 2354 non

1971 2388 2184 2456 accepit
2222 2403 2236 2439 :
2273 2397 2329 2441 et
2366 2387 2457 2457 qui
2511 2386 2643 2440 facit
2673 2388 2810 2453 inec,
2847 2403 2951 2440 non
3007 2387 3442 2442 commovebitur
3493 2389 3548 2442 in

1966 2488 2226 2529 tit-ternum
2255 2475 2324 2529 δ’.
2354 2495 2372 2527 ι
2399 2476 2466 2530 Ει
2488 2475 2541 2530 in
2567 2475 2848 2530 Ezechiele
2865 2478 2912 2508 ⁵³
2935 2495 2948 2530 :
2974 2496 2991 2527 ι
3015 2477 3246 2531 Sanctus
3285 2479 3454 2532 feuori
3493 2489 3550 2532 et

1969 2563 2123 2618 lucro
2179 2566 2460 2632 pecuniam
2517 2582 2622 2619 non
2672 2569 2983 2636 occupavit.
3027 2588 3046 2620 ›
3091 2569 3197 2622 Sed
3247 2578 3300 2622 et
3353 2569 3547 2623 febrim

1966 2666 2190 2724 propter
2219 2669 2440 2723 peccata
2470 2658 2745 2723 accidere,
2801 2673 2959 2713 nemo
2991 2659 3095 2714 nisi
3127 2659 3418 2713 admodum
3458 2677 3549 2714 ru~

1967 2750 2052 2804 dis
2067 2759 2122 2804 et
2149 2751 2368 2820 ignarus
2392 2752 2812 2816 existimaverit,
2837 2767 2960 2806 cum
2983 2751 3142 2819 hujus
3167 2753 3338 2807 morbi
3369 2769 3549 2808 causa:

1967 2855 2110 2912 saape
2157 2843 2461 2898 manifestae
2493 2844 2601 2898 sint
2636 2861 2651 2897 :
2682 2854 2778 2898 aut
2825 2844 2969 2898 enim
3011 2856 3232 2913 pr0pter
3267 2845 3549 2899 continen-

1969 2941 2076 2987 tem
2125 2948 2332 2999 acrem,
2377 2934 2460 2989 vel
2511 2945 2736 3004 propter
2788 2936 2926 2990 tales
2969 2951 3180 3005 aquas,
3212 2937 3294 2989 vel
3329 2949 3549 3006 propter

1971 3024 2098 3079 talia
2134 3024 2396 3081 alimenta
2424 3041 2440 3078 :
2472 3035 2548 3091 et,
2585 3027 2632 3081 si
2662 3028 2829 3096 justis
2858 3028 3068 3082 sanitas
3103 3038 3156 3080 ct
3185 3027 3388 3082 divitiae
3408 3043 3548 3098 prae-

1887 3095 1930 3154 ο
1966 3117 2074 3171 mia
2107 3127 2506 3188 proponuntur,
2557 3095 2836 3175 neminem
2877 3119 3181 3187 improbum
3213 3095 3422 3174 sanum
3451 3130 3546 3173 aut

1963 3213 2186 3268 divitem
2243 3228 2366 3268 esse
2421 3217 2728 3283 oportebat.
2764 3214 2871 3269 Sed
2929 3213 3136 3268 sanitas
3175 3224 3323 3267 recta
3375 3214 3542 3266 animi

1963 3302 2284 3356 constitutio
2309 3305 2608 3372 quaerenda
2639 3313 2724 3358 est
2751 3319 2764 3355 :
2801 3303 3006 3368 divitia;
3035 3317 3184 3368 vero,
3218 3317 3338 3372 quze
3387 3301 3545 3357 Solo-

1964 3393 2143 3448 monis
2171 3395 2467 3460 seutcntia,
2499 3396 2736 3464 pretium
2785 3397 2983 3450 anima:
3012 3395 3112 3449 viri
3149 3403 3276 3449 sunt
3307 3409 3322 3447 :
3356 3413 3374 3446 ι
3409 3395 3544 3450 Pre-

1965 3484 2118 3549 tium,
2157 3485 2331 3553 inquit
2359 3486 2425 3548 “,
2459 3487 2656 3542 animae
2693 3487 2796 3542 viri
2856 3487 3062 3541 divitia:
3116 3486 3307 3556 ipsius.
3347 3505 3366 3538 ι
3402 3486 3545 3539 Pau-

1962 3581 2146 3639 pertas
2197 3587 2324 3627 vero
2358 3573 2610 3644 fugienda
2653 3584 2758 3638 est,
2803 3576 2870 3632 de
2902 3591 3008 3644 qua
3039 3577 3301 3645 scriptum
3341 3587 3426 3631 est
3445 3576 3540 3630 ”:

1967 3677 1985 3708 ι
2014 3659 2223 3729 Pauper
2261 3672 2440 3716 autem
2475 3679 2579 3717 non
2619 3663 2766 3719 subit
2799 3665 2975 3719 minas
3004 3682 3018 3719 :
3055 3684 3073 3716 ι
3109 3666 3330 3719 vulnera
3359 3675 3540 3720 autem

1961 3761 2015 3805 et
2040 3751 2244 3807 vibices
2277 3762 2331 3807 et
2368 3754 2540 3808 morbi
2595 3754 2900 3823 accipiendi
2950 3765 3096 3818 sunt,
3150 3771 3272 3824 quae
3317 3767 3543 3826 prapter
3635 3821 3641 3826 γ

1965 3843 2160 3898 vitium
2197 3844 2476 3900 dissolutis
2512 3845 2784 3900 mentibus
2811 3847 3067 3900 eveniunt
3096 3863 3110 3899 :
3145 3845 3285 3898 unde
3315 3857 3370 3901 et
3413 3861 3541 3914 pro-

1962 3937 2124 4004 pheta
2150 3949 2245 3990 eos
2277 3936 2367 4005 qni
2401 3937 2451 3988 in
2488 3936 2551 3990 iis
2584 3950 2731 3999 sunt,
2763 3936 3114 4004 reprehendit
3142 3937 3188 3967 “
3221 3953 3235 3991 :
3268 3955 3286 3987 ι
3319 3938 3358 3989 Α
3393 3937 3544 4006 pedi-

1960 4025 2092 4091 bus,
2124 4026 2320 4096 inquit,
2357 4042 2528 4095 usqne
2556 4027 2620 4080 ad
2648 4036 2833 4096 caput,
2873 4042 3054 4097 neque
3104 4028 3318 4093 vulnus,
3367 4043 3543 4097 neque

1961 4117 2143 4181 vibex,
2177 4132 2351 4187 neque
2378 4119 2532 4188 plaga
2578 4119 2916 4173 inflammata
2952 4137 2967 4176 :
3023 4136 3127 4175 non
3164 4129 3252 4176 est
3297 4121 3539 4175 medica-

1969 4217 2210 4263 mentum
2239 4224 2336 4263 cur
2371 4210 2710 4278 imponatur,
2742 4227 2918 4280 neque
2947 4212 3149 4276 oleum,
3199 4228 3376 4280 neque
3417 4213 3538 4267 alli-

1958 4309 2168 4367 gatura.
2215 4317 2232 4349 ι
2276 4299 2402 4354 Haec
2443 4302 2625 4368 itaque
2656 4301 2738 4355 vel
2781 4302 2846 4355 iis
2895 4301 2989 4370 qui
3025 4301 3184 4370 plane
3217 4316 3325 4356 non
3371 4302 3543 4371 negli-

1959 4399 2106 4457 gaul,
2131 4388 2424 4456 sullieiunt,
2463 4391 2606 4444 unde
2643 4391 2888 4446 collectis
2915 4391 3014 4446 sibi
3047 4391 3345 4460 Scriptura:
3379 4393 3542 4446 dictis

1959 4493 2080 4547 quin
2137 4494 2440 4549 repugnare
2491 4481 2763 4545 videntur,
2802 4481 3016 4536 actione
3063 4482 3239 4534 sancti
3303 4479 3541 4549 Spiritus

1959 4569 2178 4640 dignam
2230 4571 2644 4640 intelligentiam
2673 4573 2890 4641 assequi
2943 4572 3219 4626 studeant.
3266 4571 3536 4626 Praeterea

1959 4672 2020 4713 ut
2074 4659 2141 4714 iis
2193 4675 2256 4715 os
2289 4663 2630 4725 occludatur.
2687 4664 2778 4734 qui
2819 4663 2958 4718 bona
3003 4677 3149 4730 esse,
3181 4679 3302 4732 quae
3331 4664 3540 4717 sanctis

1958 4749 2135 4805 danda
2167 4762 2294 4806 sunt
2327 4754 2704 4820 arbitrantur;
2757 4754 2922 4824 57o
2956 4755 3118 4822 mala,
3171 4770 3293 4822 quae
3340 4753 3536 4819 malis;

1960 4843 2076 4896 inec
2113 4844 2364 4898 videntur
2413 4845 2713 4913 adjicienda
2745 4862 2756 4894 :
2795 4861 2958 4900 omne
2997 4846 3140 4913 quod
3188 4855 3269 4898 est
3309 4855 3536 4913 propter

1963 4931 2187 5001 aliquid,
2247 4935 2426 4991 minus
2467 4945 2547 4989 est
2597 4949 2664 4990 eo
2702 4944 2924 5002 propter
2955 4933 3098 5002 quod
3131 4942 3213 4987 est
3239 4949 3253 4986 :
3281 4933 3538 5001 quemad-

1961 5026 2180 5077 modum
2209 5027 2498 5092 sectiones,
2534 5026 2780 5080 ustioncs
2815 5033 2869 5078 et
2896 5024 3214 5094 emplastra,
3241 5037 3360 5091 qua:
3410 5036 3537 5089 pro-

1961 5125 2082 5180 pter
2117 5116 2411 5170 sanitatem
2465 5125 2782 5181 sumuntur,
2833 5115 3047 5170 minora
3106 5125 3232 5168 sunt
3280 5113 3533 5166 sanitate.

1961 5204 2076 5260 Etsi
2120 5207 2256 5273 hinc,
2295 5219 2353 5260 ut
2387 5208 2436 5260 in
2471 5208 2754 5262 medicinae
2783 5207 3026 5270 auxiliis,
3058 5207 3198 5259 bona
3247 5205 3534 5267 dicantur,

1963 5296 2036 5350 ita
2088 5307 2171 5352 est
2214 5298 2612 5368 accipiendum,
2653 5310 2712 5353 ut
2757 5315 2861 5355 non
2904 5300 3015 5354 sint
3064 5298 3204 5352 bona
3243 5295 3386 5363 linis,
3420 5295 3536 5350 sive

2917 5458 2960 5488 ⁵⁸
2994 5456 3122 5513 ibid.
3199 5456 3246 5487 ⁵⁸
3272 5452 3393 5510 lsai.
3416 5449 3528 5516 t,6.

351 5659 460 5737 {l5}
493 5659 621 5739 Leg.
652 5669 778 5723 τάδε
818 5659 941 5723 τ’ίνά
979 5659 1362 5739 συμπτώματα
1390 5665 1692 5737 γεγονέναι,
1723 5665 1837 5730 πῶς
1856 5664 1921 5720 ἂν
1949 5661 2097 5731 αὑτῷ
2117 5659 2260 5716 κακὲ
2287 5659 2538 5732 λέγοιμεν
2571 5661 2854 5732 ὑπάρχειν.
