3942 6216
271 337 400 391 “6|

1264 332 1565 389 SELECTA
1609 334 1671 387 IN
1711 332 2050 390 PSALMOS.
2087 365 2153 374 —
2188 335 2380 390 PSAL.
2418 334 2505 388 IV.

3376 343 3394 390 l
3415 343 3509 394 162

272 449 717 522 συνοικοδομοῦσα
741 449 819 521 τῷ
852 449 926 521 μὴ
962 449 1243 519 δυναμένῳ
1269 450 1390 503 καθ’
1417 451 1582 503 αὐτὸν
1611 451 1839 520 ἀπαρτί-

1945 450 2226 518 bitramur,
2273 467 2372 504 cur
2418 451 2509 519 qui
2542 451 2612 526 ab
2658 450 2939 505 Ezechiele
2975 451 3173 506 dicitur
3209 454 3513 525 inculpatus

271 561 359 599 σαι
395 543 457 596 τὸ
479 539 942 614 οἰκοδομούμενον·
971 544 1040 594 τὰ
1067 541 1124 594 δὲ
1145 540 1281 594 αὐτὰ
1300 541 1393 594 καὶ
1411 543 1504 594 ἐπὶ
1524 541 1622 612 τῆς
1646 541 1840 610 φυλασ-

272 633 503 704 σομένης
533 632 736 695 πόλεως
760 630 996 702 νοητέον.
1029 631 1142 684 Καὶ
1168 627 1358 702 ῶσπερ
1382 631 1477 685 ἐὰν
1515 632 1722 703 είποιμι
1778 631 1840 684 τὸ

269 724 569 794 γεωργικὸν
602 721 823 791 ἀγαθὸν,
845 721 908 774 τὸ
935 721 1213 792 ποιητικὸν
1252 721 1344 774 τοῦ
1383 721 1615 791 καρποῦ,
1651 721 1840 805 μικτὸν

269 810 407 869 εἶναι
441 818 502 868 ἐκ
522 815 903 886 προαιρετικοῦ
921 813 1014 866 τοῦ
1039 813 1179 866 κατά
1199 813 1295 884 τὴν
1323 813 1519 885 τέχνην
1550 814 1643 867 τοῦ
1664 831 1838 886 γεωρ-

270 903 388 970 γοῦ,
425 905 520 956 καὶ
559 905 924 976 ἀπροαιρέτου
969 902 1063 956 τοῦ
1094 902 1245 974 παρά
1275 903 1376 974 τῆς
1413 905 1674 976 Προνοίας
1700 905 1840 959 κατὰ

270 994 367 1066 τὴν
413 995 523 1048 τῶν
577 996 754 1068 ἀέρων
805 993 1120 1065 εὐκρασίαν,
1176 994 1268 1047 καὶ
1315 994 1485 1066 φορὰν
1535 997 1840 1068 αὐτάρκους

271 1084 446 1138 ὑετοῦ·
477 1085 618 1141 οὕτω
642 1087 702 1139 τὸ
726 1086 820 1140 τοῦ
840 1084 1056 1154 λογικοῦ
1085 1084 1287 1154 ἀγαθὸν
1313 1087 1502 1156 μικτόν
1526 1088 1671 1141 ἐστιν
1691 1088 1755 1141 ἐκ
1777 1104 1836 1141 τε

265 1177 368 1247 τῆς
396 1179 764 1249 προαιρέσεως
809 1179 972 1233 αὐτοῦ
1004 1177 1097 1231 καὶ
1120 1177 1219 1247 τῆς
1254 1179 1633 1250 συμπνεούσης
1691 1179 1838 1244 θείας

265 1269 544 1340 δυνάμεως
567 1271 644 1342 τῷ
664 1271 735 1323 τά
759 1270 1018 1324 κάλλιστα
1045 1272 1408 1344 προελομένῳ.
1443 1273 1517 1324 Οὐ
1547 1272 1704 1342 μόνον
1731 1272 1838 1324 τοί-

266 1378 360 1415 νυν
385 1364 462 1424 είς
494 1362 555 1414 τὸ
591 1361 754 1416 καλὸν
788 1363 883 1416 καὶ
910 1363 1113 1431 ἀγαθὸν
1138 1362 1392 1431 γενέσθαι
1421 1363 1576 1434 χρεία
1616 1364 1708 1416 καὶ
1741 1363 1837 1433 τῆς

267 1451 638 1522 προαιρέσεως
679 1453 775 1522 τῆς
798 1453 1068 1524 ἡμετέρας
1087 1454 1179 1506 καὶ
1204 1454 1300 1522 τῆς
1332 1453 1480 1517 θείας
1514 1455 1833 1524 συμπνοίας,

229 1599 234 1614 ,
263 1541 384 1610 ἥτις
425 1543 572 1594 ἐστὶν
599 1543 673 1606 ὡς
717 1544 853 1614 πρὸς
881 1547 1030 1614 ἡμᾶς
1055 1545 1431 1615 ἀπροαίρετος·
1459 1544 1593 1598 ἀλλά
1620 1546 1713 1598 καὶ
1757 1547 1837 1608 είς

263 1631 324 1684 τὸ
355 1634 642 1704 γενόμενον
677 1633 841 1687 καλὸν
873 1635 966 1688 καὶ
998 1634 1197 1702 ἀγαθὸν
1241 1635 1512 1706 διαμεῖναι
1538 1636 1595 1687 ἐν
1615 1636 1681 1705 τῇ
1709 1636 1835 1708 ἀρε-

264 1726 352 1794 τῇ·
381 1725 851 1794 μεταπεσουμένου
887 1725 982 1779 καὶ
1022 1724 1116 1777 τοῦ
1148 1725 1542 1791 τελειωθέντος,
1570 1727 1618 1779 εί
1664 1727 1833 1798 ὑπερ-

1947 541 2252 596 ambulasse
2278 542 2330 594 in
2359 541 2612 595 omnibus
2633 542 2738 596 viis
2757 542 2891 606 suis,
2911 542 3082 597 donec
3104 545 3322 599 iuventa
3352 545 3513 601 fuerit

1949 633 2000 686 in
2035 648 2111 688 eos
2149 634 2408 700 iniquitas
2438 635 2518 697 ⁸⁸,
2575 635 2617 686 is
2663 634 2778 703 ipse
2809 636 3108 689 secundum
3152 636 3340 690 Isaiam
3372 639 3513 693 coelo

1947 721 2228 784 exciderit,
2255 722 2346 790 qui
2370 724 2518 790 prius
2543 721 2718 776 fuerat
2741 722 2930 776 lucifer
2960 739 3116 778 mane
3143 725 3346 789 oriens,
3364 739 3513 794 post-

1950 827 2011 866 ea
2041 813 2310 866 contritus
2362 822 2418 866 et
2458 811 2694 866 amictus
2729 813 2780 867 in
2816 824 3018 868 terram
3045 815 3112 871 ‘9.
3171 814 3284 869 Non
3340 817 3512 871 solum

1945 902 2088 955 enim
2131 902 2184 954 in
2227 900 2355 955 li-liis
2399 903 2699 964 hominum,
2742 904 2784 957 si
2828 906 2952 970 quis
3003 904 3276 974 perfectus
3319 907 3418 971 sit,
3465 907 3511 959 si

1946 993 2087 1047 absit
2115 1009 2199 1059 ea,
2225 1008 2345 1062 qua:
2373 1007 2440 1046 ex
2467 993 2572 1047 Deo
2604 1005 2709 1057 est,
2744 995 3031 1064 sapientia,
3062 1013 3252 1052 verum
3278 1007 3363 1052 est
3389 1012 3512 1051 eum

1947 1083 2098 1138 nihili
2125 1099 2248 1139 esse
2274 1083 2475 1140 factum
2518 1101 2532 1138 :
2570 1088 2663 1139 sed
2697 1097 2748 1140 et
2775 1088 2828 1140 in
2858 1067 3172 1158 angelorum
3204 1090 3426 1154 ordine,
3450 1105 3514 1144 ac

1946 1176 2249 1244 principali,
2299 1188 2354 1232 et
2392 1179 2445 1232 in
2485 1180 2632 1233 omni
2677 1181 2890 1243 ordine,
2933 1181 3340 1248 qui,'quantum
3372 1182 3514 1236 Deus

1949 1268 2047 1337 ipsi
2099 1269 2270 1334 adest,
2305 1269 2522 1324 divinus
2559 1281 2660 1325 est.
2705 1271 2868 1326 Forte
2918 1272 3089 1342 igitur
3135 1283 3516 1330 sacrosanctus

1942 1359 2253 1428 Apostolus,
2279 1362 2372 1428 qui
2392 1362 2558 1416 sciret
2583 1363 2752 1417 multo
2779 1364 2958 1417 minus
2986 1363 3235 1419 conferre
3259 1365 3323 1418 ad
3358 1380 3513 1420 com-

1944 1451 2182 1528 paranda
2223 1452 2361 1506 bona
2403 1453 2731 1508 voluntatem
2774 1463 3035 1520 nostram,
3069 1470 3229 1524 quam
3275 1457 3513 1512 divinam

1942 1542 2222 1608 virtutem,
2257 1544 2472 1598 demum
2513 1546 2587 1599 ait
2618 1547 2778 1600 linem
2812 1565 2830 1598 ι
2866 1562 2969 1601 non
2999 1562 3120 1602 esse
3157 1548 3393 1603 volentis
3421 1565 3515 1605 ue-

1942 1649 2049 1704 que
2079 1637 2374 1702 currentis,
2419 1639 2514 1693 sed
2555 1639 2647 1694 Dei
2689 1640 3002 1696 miserantis
3030 1642 3110 1708 ⁵ος
3158 1661 3178 1693 ι
3219 1657 3324 1697 non
3357 1645 3512 1712 quasi

1941 1723 2085 1779 Deus
2109 1741 2213 1779 non
2241 1727 2504 1792 volentes,
2557 1739 2652 1782 aut
2688 1743 2794 1784 non
2821 1742 3105 1787 currentes
3135 1733 3385 1800 adjuvet;
3419 1737 3513 1788 sed

265 1816 530 1886 επαρθείη
565 1817 657 1870 ἐπὶ
687 1815 764 1886 τῷ
785 1816 953 1888 καλῷ,
983 1817 1076 1870 καί⁵
1104 1815 1295 1870 ἑαυτὸν
1323 1817 1616 1889 ἐπιγράφοι
1644 1818 1833 1873 τούτου

1944 1819 2095 1885 quasi
2127 1819 2260 1872 nihil
2287 1821 2358 1873 sit
2399 1819 2538 1876 velle
2567 1829 2620 1875 et
2664 1837 2890 1878 currere
2914 1839 3023 1892 prae
3053 1826 3146 1879 Dei
3203 1826 3514 1880 misericor-

265 1909 456 1970 αἴτιον,
495 1907 615 1978 οὐχὶ
651 1908 708 1961 δὲ
753 1908 849 1980 τὴν
881 1909 1105 1963 δέουσαν
1150 1909 1305 1976 δόξαν
1345 1912 1631 1982 ἀναφέρων
1659 1911 1735 1983 τῷ
1778 1913 1838 1966 τὸ

267 1999 446 2070 πολλῷ
479 2000 658 2054 πλεῖον
708 2001 1076 2073 δωρησαμένῳ
1109 2005 1189 2067 εἰς
1232 2005 1331 2075 τὴν
1362 2005 1552 2074 κτῆσιν
1602 2004 1694 2058 καὶ
1741 2003 1838 2074 τὴν

268 2094 494 2165 συνοχὴν
537 2094 637 2163 τῆς
685 2094 904 2164 ἀρετῆς.
941 2094 1190 2150 Τοιοῦτον
1230 2096 1286 2150 δέ
1320 2113 1371 2148 τι
1415 2095 1586 2149 αἴτιον
1629 2095 1838 2149 καὶτοῦ

266 2185 408 2238 κατὰ
448 2185 538 2238 τὸν
583 2183 839 2256 Ἰεζεκιὴλ
868 2185 1157 2258 εἰρημένου
1189 2186 1420 2258 ἀμώμου
1454 2204 1836 2259 περιπεπατη-

266 2276 420 2328 κέναι
457 2277 515 2329 ἐν
540 2276 740 2337 πάσαις
760 2277 881 2339 ταῖς
907 2277 1046 2340 ὁδοῖς
1077 2275 1263 2340 αὐτοῦ,
1288 2276 1392 2341 ἓως
1414 2277 1608 2349 εὑρεθῇ
1642 2278 1840 2348 ἀνομία

267 2366 326 2416 ὲν
376 2364 542 2434 αὐτῷ,
581 2363 858 2435 ἡγούμεθα
888 2365 1174 2435 τυγχάνειν
1222 2366 1316 2420 τοῦ
1361 2367 1522 2421 αὐτὸν
1557 2366 1698 2421 κατὰ
1750 2365 1840 2420 τὸν

277 2455 500 2522 Ἡσαΐαν
545 2456 957 2510 ἐκπεπτωκέναι
991 2457 1084 2510 τοῦ
1121 2457 1372 2528 οὐρανοῦ,
1404 2459 1679 2531 ἑωσφόρον
1713 2457 1842 2513 ποτέ

265 2546 577 2617 γενόμενον,
605 2547 748 2618 πρωῒ
778 2548 1152 2613 ἀνατέλλοντα,
1194 2549 1419 2621 ὕστερον
1453 2551 1843 2622 συντετριμμέ-

263 2652 352 2689 νον
385 2637 476 2690 ἐπὶ
500 2637 596 2708 τὴν
626 2639 750 2708 γῆν·
785 2640 845 2692 οὐ
884 2639 1042 2710 μόνον
1064 2639 1173 2711 γὰρ
1204 2641 1298 2694 ἐπὶ
1313 2643 1428 2704 τοῖς
1461 2642 1595 2705 υίοῖς
1619 2641 1726 2695 τῶν
1749 2643 1844 2695 ἀν-

266 2727 518 2800 θρώπων,
555 2730 647 2784 ἐάν
696 2748 779 2794 τις
833 2731 1036 2795 τέλειος
1084 2728 1141 2805 ᾖ,
1186 2733 1286 2803 τῆς
1338 2734 1446 2788 ἀπὸ
1477 2731 1613 2786 Θεοῦ
1649 2733 1841 2803 σοφίας

267 2820 531 2891 ἀπούσης,
556 2821 752 2892 ἀληθὲς
770 2823 830 2876 τὸ
852 2825 931 2887 είς
951 2823 1102 2876 οὐδὲν
1131 2823 1292 2877 αὐτὸν
1315 2824 1644 2896 λογισθῆναι·
1709 2825 1844 2880 ἀλλὰ

268 2912 362 2966 καὶ
393 2914 485 2966 ἐπὶ
515 2913 612 2984 τῆς
642 2915 944 2987 ἀγγελικῆς,
963 2916 1188 2984 τάξεως,
1223 2918 1316 2971 καὶ
1341 2917 1596 2990 ἀρχικῆς,
1628 2921 1720 2974 καὶ
1742 2920 1845 2974 πά-

271 3018 369 3074 σης
389 3003 504 3073 τῆς,
521 3004 640 3057 ὅσον
662 3003 790 3068 Θεὸς
811 3006 1070 3077 πάρεστιν
1093 3007 1252 3076 αὐτῇ,
1277 3006 1424 3072 θείας
1451 3007 1842 3078 τυγχανούσης.

269 3095 420 3164 Τάχα
446 3096 574 3163 γοῦν
603 3097 745 3167 ὁρῶν
786 3099 814 3150 ὁ
845 3098 986 3173 ἱερὸς
1031 3098 1351 3165 Ἀπόστολος
1376 3099 1509 3152 πολὺ
1536 3099 1755 3154 ἔλαττον
1782 3098 1842 3152 τὸ

1941 1907 2029 1961 dia
2061 1926 2073 1962 :
2105 1919 2266 1976 atque
2326 1909 2530 1964 idcirco
2578 1925 2676 1976 par
2713 1927 2833 1967 esse
2861 1952 2877 1977 ,
2937 1913 3028 1968 Dei
3084 1915 3470 1970 misericordia:
3493 1955 3509 1978 .

1940 2014 2104 2068 quam
2141 2000 2396 2056 humanae
2433 2002 2722 2067 voluntati,
2750 2014 2846 2057 aut
2881 2005 3086 2067 cursui,
3114 2005 3310 2060 bonum
3335 2008 3514 2074 potius

1941 2093 2163 2147 ascribi.
2201 2094 2377 2162 Atque
2414 2095 2528 2148 haec
2567 2096 2832 2164 prolixius
2865 2096 3134 2166 disputata
3186 2106 3333 2163 sunt,
3388 2113 3510 2169 qua

1943 2185 2248 2238 necessaria
2272 2198 2393 2239 esse
2417 2186 2743 2254 putabamus
2761 2185 2825 2249 ad
2849 2187 2900 2242 id
2921 2187 3512 2242 illustrandumztlllulti

1942 2270 2152 2335 dicunt,
2175 2270 2307 2337 Quis
2332 2275 2578 2327 ostendet
2603 2271 2758 2326 nobis
2778 2273 2957 2328 bona?
2981 2292 3000 2328 ›
3022 2275 3200 2343 quoad
3228 2275 3372 2329 enim
3400 2273 3512 2329 ﬁeri

1943 2362 2118 2430 potuit
2143 2362 2440 2432 disputatio
2472 2373 2657 2418 nostra
2683 2364 2870 2420 multis
2893 2368 3298 2436 quaerentibus:
3327 2385 3344 2418 ι
3378 2367 3511 2434 Quis

1944 2453 2195 2508 ostendet
2225 2455 2378 2509 nobis
2402 2454 2582 2510 bona?
2611 2475 2631 2508 ι
2665 2472 2914 2526 quaenam
2946 2460 3088 2513 bona
3113 2460 3246 2522 sint,
3273 2461 3514 2514 ostendit

1943 2555 1999 2603 et
2037 2548 2468 2613 demonstravit;
2509 2549 2620 2603 imo
2659 2550 2851 2615 etiam,
2895 2564 3142 2620 quaenam
3174 2550 3286 2604 sint
3327 2550 3460 2604 mala
3497 2566 3510 2602 :

1945 2648 2004 2693 ut
2041 2639 2326 2693 laboriosis
2354 2635 2843 2695 exercitationibus
2876 2651 2932 2696 et
2968 2641 3221 2710 precibus
3269 2641 3516 2709 acquira-

1945 2739 2069 2782 mus
2100 2728 2262 2794 bona,
2300 2738 2355 2784 et
2388 2744 2417 2782 a
2446 2730 2651 2784 nostris
2680 2731 2956 2786 mentibus
2991 2731 3129 2784 mala
3177 2742 3511 2790 avertamus.

1945 2816 2052 2874 Sed
2077 2819 2335 2889 quoniam
2361 2820 2626 2876 interdum
2653 2821 2894 2890 proprie,
2924 2822 3193 2877 interdum
3219 2823 3516 2892 improprie

1945 2911 2096 2982 loqui
2128 2912 2274 2976 licet,
2308 2927 2412 2968 non
2445 2914 2768 2969 mirabimur
2788 2915 2833 2968 si
2869 2914 3134 2969 bonorum
3166 2924 3218 2970 et
3246 2916 3512 2972 malorum

1945 3018 2164 3070 nomen,
2201 3005 2476 3072 corporeis
2519 3017 2575 3060 et
2631 3005 2696 3061 iis
2721 3020 2842 3074 quae
2879 3015 3106 3060 externa
3129 3016 3413 3073 vocantur,
3445 3008 3516 3061 ab

1948 3096 2013 3150 iis
2046 3098 2135 3165 qui
2170 3111 2274 3150 non
2310 3105 2458 3152 recte
2495 3099 2760 3162 sentiunt,
2802 3097 3123 3152 attributum
3158 3100 3515 3168 reperiemus,

268 3187 530 3264 ἡμέτερον
560 3194 938 3264 προαιρετικὸν
957 3194 1060 3264 τῆς
1087 3192 1180 3247 τοῦ
1203 3191 1335 3246 Θεοῦ
1365 3190 1646 3263 δυνάμεως
1707 3190 1839 3260 πρὸς

1949 3187 2095 3241 velut
2131 3188 2183 3241 in
2223 3186 2326 3242 Job
2350 3188 2391 3220 "
2421 3205 2435 3242 :
2471 3207 2489 3238 ι
2530 3188 2586 3242 Si
2621 3188 2757 3242 bona
2785 3190 3122 3258 suscepimus
3152 3205 3183 3242 e
3215 3205 3375 3244 manu
3406 3190 3515 3244 Do-

265 3283 364 3354 τὴν
381 3285 571 3354 κτῆσιν
593 3284 700 3338 τῶν
719 3285 959 3354 ἀγαθῶν,
982 3288 1113 3356 φησὶ
1137 3286 1382 3348 τὸτέλος,
1410 3304 1427 3336 ι
1457 3286 1518 3337 οὐ
1548 3285 1641 3338 τοῦ
1665 3282 1844 3338 θέλον-

269 3390 359 3436 τος
418 3371 572 3434 εἶναι,
620 3374 741 3428 οὐδὲ
779 3377 870 3429 τοῦ
903 3378 1206 3447 τρέχοντος,
1259 3375 1393 3429 ἀλλά
1441 3375 1532 3428 τοῦ
1569 3373 1843 3436 ἐλεοῦντος

269 3463 421 3516 Θεοῦ·
457 3483 474 3515 ι
517 3465 614 3534 οὐχ
659 3464 734 3528 ὡς
784 3466 952 3536 χωρὶς
1001 3467 1093 3519 τοῦ
1141 3467 1332 3530 θέλειν,
1366 3465 1584 3518 καὶτοῦ
1630 3465 1842 3536 τρέχειν

269 3556 543 3620 ἐλεοῦντος
572 3557 730 3620 Θεοῦ,
765 3557 875 3610 ἀλλ’
898 3558 973 3621 ὼς
1000 3557 1210 3618 οὐδενὸς
1237 3557 1390 3620 ὄντος
1412 3556 1505 3609 τοῦ
1535 3557 1732 3620 θέλειν,
1751 3553 1844 3608 καὶ

267 3646 360 3700 τοῦ
394 3646 629 3718 τρέχειν,
668 3646 952 3717 συγκρίσει
981 3646 1074 3699 τοῦ
1109 3647 1290 3709 ἐλέους
1311 3645 1405 3698 τοῦ
1434 3645 1592 3710 Θεοῦ,
1631 3647 1724 3699 καὶ
1755 3646 1843 3699 διὰ

266 3739 424 3792 τοῦτο
455 3743 554 3809 τὴν
591 3739 896 3810 ἐπιγραφὴν
919 3739 1012 3792 τοῦ
1045 3737 1209 3792 καλοῦ
1239 3739 1452 3801 δέοντος
1485 3737 1682 3808 μᾶλλον
1710 3739 1843 3792 ἀνα-

267 3829 471 3885 τιθέναι
492 3830 571 3900 τῷ
595 3829 729 3900 ἐλέῳ
756 3830 848 3883 τοῦ
871 3829 1004 3883 Θεοῦ
1042 3831 1185 3901 ἢπερ
1217 3829 1294 3899 τῷ
1319 3827 1642 3899 ἀνθρωπίνῳ
1671 3827 1844 3880 θέλειν

268 3921 362 3974 καὶ
387 3921 616 3991 τρέχειν.
649 3921 834 3975 Ταῦτα
859 3921 936 3985 δὲ,
965 3922 1056 3974 ἐπὶ
1083 3921 1215 3975 πολὺ
1242 3920 1715 3992 παρεκϐεϐηκέναι
1760 3918 1843 3972 δο-

267 4014 507 4076 κοῦντες,
531 4012 891 4084 ἐξητάσαμεν,
909 4013 1216 4084 πειθόμενοι
1241 4014 1506 4080 ἀναγκαῖα
1537 4011 1676 4064 αὐτά
1703 4007 1842 4064 εἶναι

267 4103 402 4174 πρὸς
420 4105 498 4157 τό·
525 4123 543 4154 ι
568 4104 760 4158 Πολλοὶ
778 4104 1012 4173 λέγουσι·
1034 4105 1128 4168 Τίς
1149 4103 1310 4170 δείξει
1331 4104 1461 4173 ἡμῖν
1487 4103 1553 4156 τὰ
1576 4101 1786 4171 ἀγαθά;
1817 4121 1838 4154 ι

265 4195 408 4251 κατά
455 4197 517 4250 τὸ
554 4197 777 4250 δυνατὸν
802 4196 910 4267 γὰρ
946 4198 975 4248 ὁ
1019 4196 1176 4264 λόγος
1217 4197 1329 4255 τοῖς
1359 4193 1574 4262 λέγουσι
1609 4192 1838 4257 πολλοῖς·

271 4307 291 4340 ι
322 4288 418 4352 Τίς
448 4286 610 4353 δείξει
646 4290 776 4358 ἡμῖν
806 4287 872 4340 τά
902 4287 1111 4356 ἁγαθά;
1151 4307 1169 4338 ι
1215 4286 1526 4358 παρέστησε
1555 4285 1649 4339 καὶ
1676 4285 1843 4350 ἔδειξε

265 4379 386 4434 τίνα
426 4378 496 4431 τά
540 4378 738 4446 ἀγαθά·
774 4377 928 4448 δῆλον
956 4379 1032 4442 δὲ,
1063 4379 1145 4431 ὃτι
1172 4377 1266 4431 καὶ
1297 4377 1418 4430 τίνα
1459 4376 1526 4430 τά
1567 4377 1731 4431 κακά·
1756 4377 1844 4429 ἵνα

264 4468 354 4524 διά
384 4488 442 4524 τε
467 4472 749 4541 ἀσκήσεων
764 4470 856 4522 καὶ
884 4470 1056 4539 εὐχῶν
1080 4467 1409 4542 κτησώμεθα
1435 4467 1502 4520 τὰ
1523 4467 1723 4536 ἀγαθὰ,
1743 4468 1838 4521 καὶ

268 4561 654 4632 ἀνατρέψωμεν
682 4561 748 4613 τὰ
777 4560 920 4612 κακά
969 4559 1076 4612 ἀπὸ
1105 4559 1213 4611 τῶν
1247 4557 1433 4628 ψυχῶν
1465 4557 1642 4629 ἡμῶν.
1697 4558 1834 4610 Ἀλλ’

269 4652 498 4722 ἐπείπερ
528 4653 672 4704 ἐστὶν
723 4653 780 4702 ὲν
817 4649 893 4721 τῷ
922 4648 1148 4721 φράζειν
1182 4649 1272 4702 ὁτὲ
1307 4650 1405 4719 μὲν
1442 4649 1832 4721 κυριολεκτεῖν,

266 4744 353 4796 ότέ
395 4743 450 4796 δέ
499 4759 599 4794 που
630 4743 723 4796 καὶ
754 4742 1147 4813 καταχρῆσθαι,
1197 4742 1256 4796 οὐ
1313 4740 1626 4811 θαυμαστὸν
1652 4739 1834 4793 εἴποτε

266 4834 568 4904 εὑρήσομεν
601 4831 695 4902 τὴν
723 4832 832 4885 τῶν
875 4831 1094 4900 ἀγαθῶν
1143 4831 1235 4885 καὶ
1260 4832 1444 4885 κακῶν
1469 4831 1835 4903 προσηγορίαν

265 4925 521 4994 κειμένην
545 4923 636 4975 ἐπὶ
663 4923 769 4976 τῶν
803 4923 1129 4992 σωματικῶν
1160 4924 1251 4978 καὶ
1290 4921 1398 4977 τῶν
1429 4923 1584 4986 ἐκτὸς
1612 4923 1837 4994 λεγομέ-

264 5033 367 5069 νων
395 5015 544 5087 παρά
570 5017 680 5077 τοῖς
710 5015 806 5084 οὐχ
831 5015 959 5084 ὐγιῆ
985 5014 1230 5086 δόγματα
1260 5014 1492 5085 ἔχουσιν·
1523 5009 1634 5068 οἷον
1673 5015 1731 5069 ἐν
1757 5011 1835 5082 τῷ

273 5104 410 5159 Ἶῶσ·
453 5124 470 5156 ι
503 5107 564 5158 El
590 5107 658 5159 τά
684 5105 861 5174 ἀγαθά
893 5105 1190 5175 ἐδεξάμεθα
1212 5108 1276 5159 ἐκ
1307 5105 1490 5176 χειρὸς
1519 5104 1746 5177 Κυρίου,
1767 5104 1834 5156 τὰ

262 5199 407 5252 καικά
435 5200 534 5268 οὐχ
550 5198 874 5268 ὐποίσομεν;
911 5216 930 5248 ι
958 5199 1050 5250 καὶ
1073 5200 1130 5250 ἐν
1161 5200 1239 5268 τῷ
1273 5195 1527 5267 Ἱερεμίᾳ·
1561 5214 1580 5246 ι
1616 5194 1832 5266 Κατέόη

260 5295 404 5348 κακά
444 5293 591 5365 παρὰ
625 5293 830 5363 Κυρίου
862 5293 955 5345 ἐπὶ
985 5291 1157 5354 πύλας
1200 5288 1576 5361 Ἰερουσαλήμ.
1621 5307 1640 5339 ι
1689 5287 1835 5340 ’Δντὶ

1939 3279 2100 3342 mini,
2121 3280 2258 3333 mala
2283 3295 2386 3333 non
2414 3279 2867 3333 sustinebimqu
2888 3289 2945 3334 et
2967 3279 3103 3349 apud
3129 3279 3420 3335 Jeremiam
3445 3283 3512 3337 “:

1948 3370 2387 3425 «Descenderunt
2418 3369 2556 3424 mala
2590 3386 2617 3423 a
2651 3370 2877 3425 Domino
2919 3385 3084 3440 super
3103 3381 3287 3440 portas
3324 3371 3512 3427 llicru—

1944 3464 2132 3518 salem.
2166 3481 2185 3514 ι
2230 3460 2334 3515 Pro
2356 3475 2422 3516 eo
2443 3462 2586 3516 enim
2613 3464 2754 3530 quod
2786 3474 2888 3526 est,
2914 3465 2971 3520 Si
2993 3463 3258 3532 quaepiam
3287 3465 3439 3518 utilia
3463 3477 3518 3520 ct

1939 3552 2178 3620 jucunda
2222 3549 2384 3621 572
2438 3551 2796 3619 suscepimus,
2831 3567 2952 3621 qua:
2993 3566 3022 3604 a
3067 3550 3416 3609 Providentia
3450 3560 3514 3608 a.t

1945 3657 2045 3697 nos
2076 3651 2466 3711 pervenerunt,
2500 3642 2688 3711 quidni
2739 3644 2875 3697 dura
2909 3655 2964 3698 et
3006 3643 3232 3700 molesta
3283 3645 3516 3702 libenter

1945 3733 2220 3788 feremus?
2258 3733 2501 3788 dicitur:
2540 3751 2558 3785 ι
2604 3733 2662 3788 Si
2704 3733 2842 3788 bona
2881 3737 3216 3805 suscepimus
3254 3751 3319 3791 ex
3351 3754 3512 3791 manu

1946 3825 2182 3887 Domini,
2217 3823 2357 3878 mala
2384 3839 2488 3878 non
2521 3824 2958 3879 sustinebimus?
2987 3845 3005 3876 ι
3046 3827 3109 3880 Ει
3135 3843 3255 3882 cum
3287 3829 3389 3883 dici
3417 3845 3513 3898 po-

1946 3915 2160 3978 tuisset,
2195 3913 2320 3968 Haec
2356 3912 2692 3968 Hierusalem
2728 3915 2798 3977 ad
2840 3916 3168 3970 erudiendos
3203 3916 3322 3985 ejus
3366 3919 3515 3972 cives

1943 4003 2127 4058 divina
2157 4002 2503 4059 Providentia
2531 4016 2868 4070 evenerunt,
2906 4007 3174 4075 scriptmn
3207 4019 3290 4062 est
3321 4027 3335 4064 :
3369 4027 3385 4060 ι
3420 4009 3515 4062 Dc-

1944 4092 2271 4145 sceuderuut
2299 4091 2444 4146 mala
2467 4107 2497 4145 a
2530 4093 2761 4147 Domino
2795 4095 2846 4148 in
2877 4106 3060 4162 portas
3095 4093 3456 4155 Hierusalem.
3491 4117 3510 4148 ι

1943 4181 2228 4251 Oportebit
2249 4197 2379 4251 ergo
2400 4198 2524 4246 nos,
2550 4184 2710 4238 rebus
2746 4186 3060 4250 intellectis,
3093 4188 3372 4242 nominum
3405 4205 3512 4244 nan

1946 4275 2018 4328 ita
2057 4285 2274 4331 tenaces
2309 4286 2364 4330 et
2407 4292 2600 4344 parcos
2635 4291 2777 4342 esse,
2815 4279 2908 4332 sed
2939 4279 3124 4334 videre
3166 4281 3256 4335 ubi
3294 4284 3514 4352 proprie

1946 4365 2108 4419 rebus
2142 4365 2518 4434 imponantur,
2561 4377 2616 4422 et
2653 4368 2742 4421 ubi
2781 4378 3002 4437 pr0pter
3037 4369 3278 4440 impiam
3310 4372 3512 4442 impro-

1947 4454 2084 4523 prie.
2113 4455 2169 4509 Si
2200 4468 2379 4510 autem
2417 4455 2680 4511 Servator
2708 4459 2960 4526 quaedam
2995 4460 3297 4515 medicatus
3334 4470 3436 4527 est,
3460 4473 3516 4518 et

1943 4548 2230 4603 sanitatem
2273 4550 2441 4614 dedit,
2470 4560 2526 4604 et
2582 4550 2756 4603 visum
2799 4560 2854 4605 et
2885 4551 3124 4606 auditum
3171 4553 3514 4620 hominibus,

1944 4640 2107 4694 altior
2131 4653 2324 4694 eorum
2353 4655 2546 4695 sensus
2589 4641 2640 4694 in
2673 4642 2865 4710 primis
2891 4645 3212 4712 quaerendus
3236 4653 3342 4706 est,
3389 4661 3513 4699 cum

1942 4729 2178 4787 Verbum
2214 4733 2653 4800 perturbationes
2700 4734 2866 4788 animi
2911 4749 3104 4788 curare
3149 4735 3233 4788 his
3274 4733 3517 4788 historiis

1943 4823 2301 4894 signiﬁcetur.
2343 4824 2526 4894 Neque
2559 4825 2850 4880 absurdum
2887 4825 2960 4878 ibi
2994 4825 3177 4886 fuerit,
3201 4825 3365 4877 etiam
3393 4837 3516 4894 quae

1944 4916 2172 4971 historia
2218 4925 2434 4978 narrat,
2489 4915 2630 4970 facta
2685 4916 2985 4984 intelligere
3045 4915 3113 4969 ad
3175 4930 3360 4968 eorum
3419 4916 3509 4984 qui

1942 5017 2071 5062 tunc
2110 5017 2268 5063 erant
2298 5003 2578 5062 hominum
2609 5008 3021 5060 admirationem
3050 5017 3102 5061 et
3123 4995 3425 5076 istuporem,
3457 5019 3515 5059 ut

1938 5105 2032 5171 qui
2094 5101 2442 5156 sermonibus
2477 5100 2965 5156 demonstrationis
3014 5110 3069 5153 et
3110 5101 3374 5154 doctrinm
3410 5114 3514 5153 non

1938 5192 2267 5254 crederent,
2325 5192 2556 5245 virtutes
2611 5191 2980 5261 prodigiorum
3027 5190 3248 5245 reveriti
3305 5190 3514 5244 doctori

1937 5284 2293 5338 adhazrerent.

260 5385 368 5454 γὰρ
395 5383 486 5436 τοῦ
519 5387 711 5448 εἰπεῖν,
731 5384 789 5438 Εἰ
817 5384 886 5437 τά
930 5384 1109 5437 τοιάδε
1157 5382 1363 5454 χρηστά
1409 5399 1551 5445 τινα,
1609 5382 1701 5434 καὶ
1735 5380 1862 5450 ἡδέα
1891 5375 2225 5448 τυγχάνοντα
2267 5372 2567 5445 ἐδεξάμεθα
2614 5376 2765 5448 παρά
2805 5377 2903 5447 τῆς
2937 5378 3199 5447 Προνοίας
3236 5376 3318 5439 εἰς
3366 5376 3515 5446 ἡμᾶς

257 5479 564 5548 ἑφθακότα,
613 5481 784 5551 πικρά
835 5480 929 5533 καὶ
970 5479 1200 5534 ἐπίπονα
1241 5480 1361 5550 οὐχὶ
1405 5479 1697 5551 προθύμως
1737 5475 2097 5547 ἐνεγκοῦμενς
2125 5473 2339 5541 λέγεται
2370 5472 2458 5526 τό·
2502 5491 2520 5523 ι
2561 5473 2624 5526 El
2658 5472 2727 5524 τὰ
2759 5471 2940 5539 ἀγαθά
2975 5469 3272 5540 ἐδεξάμεθα
3305 5469 3368 5522 ἐκ
3400 5486 3514 5540 xst—

258 5574 350 5644 ρὸς
385 5575 611 5644 Κυρίου,
637 5575 705 5628 τὰ
750 5573 896 5628 κακά
922 5574 1021 5644 οὐχ
1049 5574 1382 5645 ὐποίσομεν;
1425 5593 1444 5626 ι
1470 5574 1581 5629 Καὶ
1609 5574 1729 5627 ἀντὶ¹
1766 5572 1859 5625 τοῦ
1893 5572 2080 5641 φάναι,
2106 5569 2257 5626 Κατὰ
2290 5567 2553 5638 Πρόνοιαν
2577 5565 2701 5620 τάδε
2735 5566 2856 5620 τινὰ
2880 5567 2944 5636 τῇ
2974 5562 3325 5636 Ἰερουσαλὴμ
3371 5562 3514 5634 ὑπὲρ

329 5749 377 5784 ⁵⁸
409 5748 604 5806 Ezceh.
635 5765 826 5816 xx‘vnt,
856 5750 939 5805 l5.

665 5842 933 5913 Parum“
983 5852 1100 5911 Gn.
1137 5853 1277 5914 ΧΗ.

1040 5751 1086 5782 ³⁹
1124 5750 1245 5807 Ιεηῑ.
1279 5767 1391 5818 XIV,
1428 5752 1516 5805 12.
1592 5752 1637 5782 °°
1668 5750 1824 5804 Ruut.

1964 5747 2047 5802 10.
2127 5749 2165 5779 δ’
2202 5745 2322 5801 Job.
2359 5760 2420 5812 ll,
2447 5743 2532 5800 l0.
2612 5745 2655 5777 "
2694 5742 2854 5800 Mich.
2890 5760 2926 5809 ι,
2969 5743 3049 5798 12.

3135 5838 3214 5900 37
