3942 6216
493 297 632 351 N65
1883 289 1985 342 ἘΧ
2023 287 2322 344 ORIGENE
3641 291 3664 340 I
3693 291 3815 342 [64

491 411 583 464 τοῦ
625 409 972 478 παιδευθῆναι
1017 409 1140 470 τοῦς
1183 408 1518 472 ἐνοικοῦντας
1561 412 1616 462 ὲν
1653 407 1788 478 αὑτῇ
1823 405 2130 477 γεγένηται,
2182 406 2488 476 γέγραπται
2509 407 2585 458 τό·
2634 425 2650 455 ι
2689 403 2908 473 Κατέῦη
2941 404 3086 458 κακὰ
3107 405 3257 474 παρὰ
3289 405 3512 474 Κυρίου
3546 405 3650 454 ἐπὶ.
3687 404 3812 454 1:13-

490 505 586 566 λας
650 505 1018 575 Ἰερουσαλήμ.
1062 525 1081 556 ι
1137 506 1324 575 Δεήσει
1377 505 1556 558 τοίνυν
1615 503 1684 557 τά
1744 503 2044 573 πράγματα
2091 501 2390 565 συνιέντας,
2437 501 2508 572 μὴ
2539 499 2824 572 γλίσχρους
2859 497 3148 572 εἶναιπερὶ
3200 501 3266 554 τὰ
3322 499 3612 569 ὀνόματα,
3648 499 3818 551 ἀλλὰ

489 598 927 668 καταλαμϐάνειν
968 599 1092 651 πότε
1137 599 1340 670 κυρίως
1397 598 1505 651 τῶν
1553 599 1894 669 πραγμάτων
1927 595 2100 650 ταῦτα
2132 595 2410 658 τέτακται,
2442 597 2536 648 καὶ
2574 596 2702 649 πότε
2735 596 2823 650 διὰ
2859 597 2956 667 τὴν
3000 596 3363 666 στενοχωρίαν
3411 595 3531 647 τῶν
3575 594 3815 662 ὀνομά-

489 708 595 742 των
627 691 684 742 ἐν
707 689 1054 761 καταχρήσει.
1080 688 1142 740 Εἰ
1174 689 1230 740 δὲ
1263 689 1290 740 6
1319 688 1508 759 Σωτήρ
1540 688 1662 742 τάδε
1692 687 1812 741 τινα
1861 687 2067 748 ίάσατο,
2100 684 2195 736 καὶ
2229 685 2536 756 ἐδωρήσατο
2569 685 2772 753 ὑγείαν,
2819 687 2913 739 καὶ
2958 687 3129 755 ὄψεις,
3179 688 3270 740 καὶ
3326 687 3510 750 ἀκοὰς
3563 688 3820 760 ἀνθρώ-

489 800 633 849 ποις,
682 782 1103 854 προηγουμένως
1143 781 1243 852 μὲν
1268 781 1365 852 τήν
1402 781 1689 851 ἀναγωγὴν
1716 779 1893 834 αὑτῶν
1933 763 2225 848 ζητητέονξ
2264 777 2357 830 τοῦ
2398 778 2570 846 Λόγον
2616 778 2683 830 τὰ
2735 777 2835 846 τῆς
2871 777 3049 848 ψυχῆς
3091 777 3235 848 πάθη
3288 777 3646 846 θεραπεύειν
3713 779 3819 830 ῧιὲι

487 874 691 928 τούτων
714 874 822 928 τῶν
861 872 1144 944 ἱστορικῶν
1184 871 1533 942 δηλουμένου.
1574 872 1688 925 υὺκ
1722 871 1920 925 ἄτοπον
1951 869 2009 922 δὲ
2047 867 2137 919 ἐπὶ
2175 869 2286 930 τοῖς
2322 869 2580 931 τοιούτοις
2607 886 2700 922 και
2725 867 2865 920 κατὰ
2893 870 2990 938 τὴν
3020 870 3254 939 ἱστορίαν
3297 869 3816 940 ἀπαγγελλόμενα

488 975 626 1027 νοεῖν
669 969 946 1039 γεγονέναι
995 968 1134 1038 ὑπὲρ
1176 965 1567 1035 καταπλήξεως
1609 966 1714 1019 τῶν
1756 966 1878 1020 τότε
1920 959 2243 1032 ἀνθρώπων,
2295 961 2382 1016 ἴνα
2419 963 2468 1014 οἱ
2512 963 2585 1034 μὴ
2630 963 2937 1032 πειθόμενοι
2978 963 3159 1031 λόγοις
3210 963 3636 1027 ἀπώεικταοίς
3699 971 3814 1018 καὶ

487 1063 900 1125 διδασκαλικοϊς,
919 1059 1329 1130 δυσωπηθέντες
1353 1057 1451 1124 τὰς
1474 1058 1765 1132 τεραστίας
1787 1056 2066 1125 δυνάμεις,
2097 1054 2541 1120 σνγκαταθῶνται
2568 1055 2646 1124 τῷ
2670 1055 2992 1110 δνδάσκοντι.

561 1155 725 1210 Vens.
759 1153 810 1206 7.
845 1151 1122 1220 Signatum
1151 1161 1224 1203 est
1258 1167 1417 1219 super
1456 1166 1548 1203 nos
1571 1149 1745 1202 lumen
1768 1146 1939 1202 uultus
1965 1146 2062 1207 tui,

2252 1144 2607 1213 Ἐσημειώθη
2631 1145 2894 1215 ἐφ’ἠμᾶς
2909 1146 2977 1199 τὸ
3002 1145 3127 1216 φῶς
3149 1147 3253 1200 τοῦ
3271 1146 3629 1214 προσώπου
3641 1165 3730 1202 σεε
3740 1168 3802 1206 ιι.

495 1249 739 1309 Domine,
773 1254 880 1298 etc.
916 1245 1080 1297 Deum
1116 1243 1297 1296 lumen
1328 1256 1468 1306 esse,
1505 1243 1582 1296 ait
1611 1240 1849 1296 Joannes
1883 1241 1934 1293 in
1960 1237 2060 1292 Ca-

489 1340 688 1394 tholica
718 1335 946 1407 epistola
968 1335 1012 1366 ⁶⁸
1047 1353 1060 1389 :
1097 1352 1114 1386 t
1153 1336 1293 1390 Deus
1317 1334 1405 1388 lux
1436 1345 1538 1400 est,
1582 1343 1636 1387 et
1662 1333 1897 1387 tenebra:
1920 1331 1971 1384 iti
1995 1345 2060 1385 eo

487 1447 592 1486 non
618 1439 743 1484 sunt
770 1429 910 1482 nllzn.
944 1446 962 1478 ι
1000 1428 1065 1482 Ει
1095 1428 1349 1497 quamvis
1380 1427 1520 1496 ignis
1553 1441 1769 1496 quoque
1810 1425 2057 1486 dicatur,

485 1521 936 1590 quemadmodum
964 1518 1160 1570 Paulus
1183 1517 1237 1571 in
1257 1517 1485 1585 epistola
1516 1519 1581 1571 ad
1615 1515 1874 1570 Hebraeos
1897 1517 1972 1568 ait
1993 1515 2057 1568 οδε

485 1635 508 1665 ι
535 1613 748 1668 Etenim
782 1611 926 1666 Deus
959 1618 1147 1663 noster
1175 1608 1314 1677 ignis
1351 1621 1681 1662 consumens
1713 1615 1818 1672 est,
1846 1616 2060 1658 tosten-

486 1705 622 1758 dens
663 1704 839 1772 ipsqu
885 1714 1006 1754 esse
1040 1699 1209 1753 Deum
1241 1698 1374 1766 legis
1400 1707 1449 1752 et
1487 1695 1788 1766 Evangelii,
1820 1695 1922 1749 hoc
1955 1702 2058 1757 est,

486 1796 702 1849 Patrem
747 1791 960 1848 Domini
1003 1791 1174 1844 nostri
1222 1789 1350 1844 Jesu
1399 1788 1630 1854 Christi,
1671 1796 1724 1841 et
1776 1793 2059 1855 propterea

489 1889 652 1941 Deum
686 1894 966 1948 nostrum,
1003 1883 1133 1936 nihil
1168 1882 1311 1936 aliud
1363 1881 1654 1950 quidquam
1687 1893 1808 1934 esse
1859 1877 2054 1932 existi-

486 1981 738 2034 mandum
760 1988 844 2032 est
874 1992 1035 2046 quam
1060 1976 1264 2043 lumen,
1307 1976 1450 2045 quod
1481 1975 1701 2044 quidem
1729 1972 2058 2039 cogitatione

487 2072 600 2125 sola
643 2069 819 2123 dillert
877 2070 943 2122 ab
991 2069 1117 2133 igne
1177 2075 1553 2122 consumente.
1597 2062 2058 2132 Quemadmodum

487 2173 668 2218 autem
695 2164 746 2218 in
773 2177 830 2216 re
862 2175 1127 2230 corporea
1155 2175 1250 2215 usu
1292 2160 1460 2223 venit,
1500 2169 1558 2213 ut
1585 2158 1774 2213 eadem
1809 2157 2063 2210 substan-

489 2257 561 2311 tia
594 2264 865 2324 quatenus
909 2253 1208 2317 illuminat,
1255 2253 1435 2305 lumen
1490 2251 1580 2312 sit,
1628 2260 1898 2319 quatenus
1931 2262 2060 2300 vero

486 2349 584 2402 has
609 2348 689 2401 vel
723 2346 838 2400 illas
870 2346 1130 2400 materias
1161 2344 1528 2400 comburendo
1550 2341 1784 2398 absumit
1807 2356 1873 2395 ac
1901 2340 2064 2395 devo-

486 2449 590 2503 rat,
642 2439 782 2509 ignis
830 2452 1154 2492 consumens
1200 2437 1482 2492 exsistat:
1519 2435 1597 2489 sic
1651 2435 1837 2502 utique
1894 2433 2058 2487 etiam

481 2532 625 2583 i)eus
649 2545 709 2582 ea
747 2528 966 2596 quidem
989 2543 1108 2595 quae
1126 2542 1291 2595 prava
1328 2535 1453 2580 sunt
1487 2525 1688 2589 abolet,
1714 2534 1768 2577 et
1799 2523 2058 2576 malitiam

485 2617 742 2681 absumit,
781 2617 847 2669 iis
883 2626 1060 2669 autem
1107 2617 1198 2685 qui
1238 2615 1350 2683 apti
1397 2622 1559 2676 sunt,
1603 2620 1657 2665 et
1696 2612 1859 2666 corde
1903 2625 2060 2678 puro,

471 2711 665 2764 Flumen
705 2718 808 2762 est.
859 2707 1328 2773 Quemadmodum
1375 2719 1501 2758 vero
1535 2702 1699 2757 simul
1756 2702 1955 2757 accidit
2006 2711 2065 2756 ut

487 2815 750 2868 corporea
806 2798 892 2850 lux
925 2797 991 2850 iis
1024 2796 1114 2864 qui
1172 2810 1332 2850 sanos
1360 2795 1561 2848 habent
1591 2792 1797 2858 oculos,
1829 2802 1943 2846 tum
1979 2792 2060 2846 sui

486 2893 677 2960 ipsius,
705 2901 813 2943 tum
841 2897 1164 2942 cteterorum
1195 2901 1316 2955 qua:
1356 2887 1456 2939 sui)
1505 2899 1697 2939 sensus
1726 2884 1946 2949 cadunt,
1982 2883 2064 2936 vi-

487 2999 605 3040 sunt
635 2984 874 3052 praebeat
901 3000 913 3036 :
946 2980 1024 3036 sic
1056 2981 1197 3034 Deus
1228 2979 1425 3032 virtute
1457 2975 1692 3048 quadam
1733 2976 1800 3030 ad
1831 2974 2063 3044 singulo-

490 3093 606 3131 rum
637 3085 872 3132 mentem
907 3074 1254 3144 perveniens,
1301 3071 1461 3126 modo
1507 3072 1578 3126 sit
1627 3069 1938 3124 nullatenus
1968 3081 2062 3122 co-

487 3178 696 3237 operta,
712 3182 888 3237 neque
901 3167 966 3219 ab
983 3162 1726 3230 all'ectibusimpedimentum
1744 3160 1960 3230 aliquod
1977 3175 2064 3229 pa-

489 3261 679 3320 tiatur,
699 3257 991 3328 quominus
1009 3264 1167 3307 acute
1183 3262 1388 3316 cernat,
1404 3252 1569 3308 ellicit
1586 3260 1641 3306 ιιι
1659 3261 1712 3305 et
1730 3251 1842 3318 ipse
1867 3248 2063 3305 intelli-

487 3361 667 3421 gatur,
701 3361 753 3404 et
775 3347 959 3402 adalia
989 3359 1205 3414 quoque
1237 3357 1358 3412 qua:
1395 3343 1498 3398 sub
1533 3341 1939 3412 intelligentiam
1966 3355 2058 3394 ca-

459 3475 466 3482 ι
487 3448 639 3507 dunt,
662 3440 1010 3510 intelligenda
1032 3437 1313 3505 perveniat
1342 3439 1386 3491 is
1401 3437 1554 3506 cujus
1574 3445 1808 3490 mentem
1825 3433 2063 3488 illustra-

489 3534 650 3586 verit.
699 3529 840 3584 Nihil
867 3531 1065 3585 mirum
1091 3538 1272 3583 autem
1304 3527 1349 3582 si
1384 3525 1626 3579 nonnulli
1659 3523 1710 3576 in
1737 3523 1948 3577 artibus
1970 3531 2064 3576 aut

487 3621 734 3682 scientiis
753 3621 1080 3692 quibusdam
1099 3617 1462 3688 perspicaces,
1483 3613 1564 3667 vel
1592 3613 1660 3666 ad
1688 3611 2062 3682 percipiendas

468 3717 752 3789 quasdam
793 3711 1030 3768 morales
1061 3721 1116 3765 ct
1145 3706 1457 3764 dialecticas
1497 3704 1825 3773 quastiones
1858 3703 2061 3757 acutis--

501 3810 624 3866 simi
680 3809 932 3878 ignorant
1005 3803 1195 3856 Deum.
1263 3797 1464 3852 llorum
1521 3795 1666 3850 enim
1732 3793 2130 3886 intellectumC

463 3901 649 3974 ‘573
677 3900 906 3955 similem
936 3910 1058 3950 esse
1086 3892 1319 3946 dicimus
1345 3889 1502 3943 oculo
1525 3888 1615 3957 qui
1644 3886 1913 3957 quidlibet
1947 3901 2061 3939 ma-

489 3994 571 4062 gis
626 3994 870 4045 intuetnr
906 4000 1068 4056 quam
1109 3982 1313 4044 solem,
1347 3989 1402 4033 et
1448 3992 1722 4048 nunquam
1765 3976 1833 4031 ad
1883 3976 2064 4031 radios

488 4084 604 4152 ejus
657 4077 1038 4152 percipiendos
1079 4072 1362 4126 attollitur.
1408 4067 1875 4137 Quemadmodum
1917 4066 2060 4122 enim

487 4173 682 4230 solaris
715 4171 898 4225 radius
921 4166 1039 4236 ejus
1070 4163 1273 4219 vultum
1309 4162 1544 4227 attingit,
1572 4160 1661 4228 qui
1696 4158 1877 4228 ipsum
1895 4157 2064 4226 respi-

487 4268 585 4332 cit,
627 4279 725 4317 nec
777 4258 1032 4332 possibile
1078 4265 1160 4312 est
1191 4254 1320 4309 solis
1373 4267 1494 4306 esse
1542 4258 1820 4320 expertem
1854 4249 1945 4317 qui
1996 4248 2061 4301 ad

490 4361 666 4426 ipsum
699 4363 824 4419 stat,
850 4353 919 4405 ita
952 4348 1295 4419 cogitandum
1328 4345 1417 4398 Dei
1448 4342 1668 4396 omnino
1690 4353 1809 4395 esse
1839 4337 2066 4410 partici-

487 4465 630 4521 pem,
651 4447 739 4517 qui
764 4445 930 4499 divini
954 4443 1103 4496 verbi
1124 4442 1294 4510 legem
1316 4439 1605 4492 meditatus
1633 4436 1814 4498 fuerit,
1833 4443 1889 4488 et
1916 4447 2066 4487 men-

492 4553 596 4596 tem
623 4553 773 4594 suam
802 4536 869 4590 ad
898 4535 1062 4588 Deum
1092 4530 1527 4599 cognoscendum
1557 4527 1858 4581 tradiderit.
1887 4523 2062 4590 Quod,

489 4636 703 4706 opinor,
734 4633 835 4686 hoc
864 4631 980 4684 loco
1008 4623 1594 4696 signiﬁcatl’ropheta,
1626 4635 1746 4673 cum
1776 4618 1886 4673 ait:
1916 4637 1936 4669 ι
1977 4618 2064 4671 Si-

490 4736 707 4798 gnatum
751 4733 833 4778 est
877 4735 1040 4788 super
1071 4731 1169 4770 nos
1191 4716 1371 4768 lumen
1401 4715 1576 4766 vultus
1631 4711 1732 4774 tui,
1762 4710 2008 4764 Domine.
2042 4726 2060 4758 ι

491 4822 716 4891 Signum
752 4816 929 4877 enim,
965 4812 1158 4882 inquit,
1180 4807 1411 4862 luminis
1436 4805 1575 4875 quod
1603 4805 1657 4857 iu
1687 4801 1835 4856 vultu
1863 4812 1953 4855 tuo
1977 4815 2061 4854 re-

490 4912 755 4981 splendet,
785 4910 851 4962 ad
898 4921 998 4961 nos
1044 4903 1387 4968 perveniens,
1417 4897 1570 4952 nobis
1606 4897 1928 4965 impressum
1957 4903 2064 4957 est,

493 5016 548 5058 et
575 5004 862 5073 ipsummet
890 5000 1070 5053 lumen
1099 4995 1279 5048 vultus
1309 4991 1381 5046 tui
1412 4991 1488 5045 sic
1515 5001 1835 5057 expressum
1880 4993 1984 5048 est,
2010 4992 2068 5036 ut

493 5097 584 5159 qui
612 5094 794 5148 videre
822 5102 997 5160 potest
1023 5091 1232 5156 signum
1263 5084 1429 5138 divini
1457 5081 1676 5135 luminis
1709 5079 1850 5148 quod
1881 5078 2063 5147 signa-

2161 1238 2354 1302 Κύριε,
2391 1255 2443 1290 κ.
2472 1256 2520 1292 τ.
2548 1239 2593 1290 ὲ.
2623 1239 2739 1290 Ὅτι
2767 1237 2880 1305 φῶς
2907 1240 3054 1292 ἐστιν
3087 1241 3115 1291 ό
3151 1238 3281 1300 Θεὸς
3315 1238 3456 1307 (14),
3503 1239 3800 1310 Ἰωάννης

2163 1328 2326 1397 φησὶν
2359 1330 2416 1381 ἐν
2444 1331 2509 1399 τῇ
2539 1328 2813 1399 Καθολικῇ
2846 1329 3122 1401 ἐπιστολῇ-
3167 1349 3184 1380 α
3220 1331 3276 1383 '0
3293 1330 3429 1392 Θεὸς
3464 1330 3607 1398 φῶς
3643 1333 3795 1392 ἐστι,

2163 1421 2255 1472 καὶ
2282 1419 2467 1472 σκοτία
2491 1422 2548 1471 ἐν
2577 1420 2722 1490 αὑτῷ
2750 1422 2896 1473 ἐστιν
2935 1421 3180 1492 οὑδεμία.
3225 1441 3242 1472 ι
3282 1421 3402 1474 Κᾶν
3432 1421 3566 1492 πῦρ
3603 1423 3668 1474 δὲ
3700 1423 3798 1474 λέ-

2159 1528 2347 1582 γηται,
2375 1511 2492 1574 ὼςό
2512 1512 2718 1576 Παῦλος
2751 1515 2808 1566 ὲν
2840 1516 2906 1584 τῇ
2930 1513 3064 1584 πρὸς
3105 1513 3388 1586 Ἐὗραίους
3415 1517 3598 1584 φησί·
3629 1535 3648 1566 ι
3679 1519 3794 1570 Καὶ

2161 1602 2269 1675 γὰρ
2305 1606 2333 1656 ὁ
2363 1604 2493 1666 Θεὸς
2537 1604 2693 1675 ἡμῶν
2744 1603 2855 1675 πῦρ
2881 1605 3273 1658 καταναλίσκον
3309 1606 3448 1658 ἐστί·
3487 1628 3511 1658 ι
3556 1608 3794 1670 δεικνὺς

2163 1696 2324 1749 αὑτὸν
2341 1692 2477 1750 εἶναι
2498 1696 2629 1750 Θεὸν
2661 1698 2827 1768 νόμου
2863 1698 2957 1751 καὶ
3001 1697 3353 1765 Εὑαγγελίου,
3391 1701 3676 1752 τουτέστι
3697 1703 3788 1752 τὸν

2163 1787 2382 1858 Πατέρα
2429 1787 2522 1842 τοῦ
2567 1789 2770 1860 Κυρίου
2801 1789 2959 1860 ήμῶν
3005 1788 3177 1860 Ἰησοῦ
3208 1789 3477 1861 Χριστοῦ,
3539 1793 3647 1844 καὶ
3691 1793 3784 1845 διε

2163 1879 2320 1932 τοῦτο
2333 1880 2464 1934 Θεὸν
2491 1885 2523 1937 ἡ
2533 1884 2665 1954 μῶν·
2693 1885 2792 1938 οὐκ
2822 1885 2949 1939 ἄλλο
2969 1904 3019 1939 τι
3042 1887 3255 1956 νοητέον
3280 1883 3423 1940 εἶναι
3456 1889 3562 1941 τοῦ
3599 1895 3774 1958 egenti:

2165 1975 2231 2042 τῇ
2279 1974 2490 2045 ἐπινοίᾳ
2521 1976 2772 2047 διαφέρον
2802 1977 2896 2030 τοῦ
2937 1979 3105 2049 πυρὸς
3136 1978 3230 2030 τοῦ
3256 1979 3776 2043 καταναλίσκοντες

2162 2062 2256 2115 τοῦ
2302 2065 2452 2135 παρὰ
2507 2066 2566 2118 τὸ
2615 2067 2749 2135 φῶς.
2797 2069 3008 2140 Ὥσπερ
3059 2070 3150 2123 καὶ
3195 2071 3287 2122 ἐπὶ
3325 2070 3406 2140 τῷ
3435 2074 3776 2141 -σωματικῖξ

2166 2155 2509 2227 συνέτυχενή
2542 2157 2640 2227 μὲν
2670 2159 2807 2230 αὑτὴ
2824 2161 2980 2213 οὑσία
3011 2161 3131 2214 καθ’
3164 2161 3192 2214 ὃ
3219 2163 3315 2232 μὲν
3350 2161 3624 2230 φωτίζει,
3661 2166 3777 2232 ge;

2163 2247 2299 2310 ὲστι,
2323 2247 2442 2300 καθ’
2473 2249 2502 2302 ὃ
2523 2250 2580 2302 δὲ
2602 2252 2890 2322 ἐπικρατεῖ
2903 2253 3012 2306 τῶν
3036 2253 3254 2306 τοιῶνδε
3277 2254 3445 2316 ὑλῶν,
3481 2261 3777 2326 καυστικὴ

2164 2336 2254 2387 καὶ
2279 2337 2689 2409 καταναλωτικὴ
2706 2341 3042 2412 τυγχάνουσα
3069 2341 3269 2405 αὑτῶν,
3309 2343 3420 2414 πῦρ
3454 2345 3581 2396 ἐστι
3608 2363 3778 2397 κατα-

2163 2426 2433 2480 ναλίσκονο
2464 2428 2606 2482 οὕτω
2626 2433 2910 2504 τοιγαροῦν
2938 2435 3030 2486 καὶ
3059 2437 3088 2487 ό
3125 2434 3257 2498 Θεὸς
3281 2435 3388 2488 τῶν
3434 2437 3537 2505 μὲν
3579 2438 3772 2505 χειρὸο

2166 2536 2269 2570 νων
2289 2519 2640 2588 ἀφανιστικός
2680 2525 2819 2587 ἐστι,
2855 2525 2946 2577 καὶ
2969 2525 3067 2595 τῆς
3099 2525 3296 2588 κακίας
3330 2525 3770 2590 ὲξαναλωτικὸς,

2163 2609 2276 2671 τοῖς
2323 2607 2381 2659 δὲ
2429 2609 2755 2681 ἐπιτηδείοις
2797 2614 2890 2665 καὶ
2935 2613 3366 2687 κεκαθαρμένοις
3398 2617 3504 2686 τὴν
3530 2620 3773 2688 καρδὲαν

2164 2698 2282 2768 φῶς
2330 2699 2604 2769 τυγχάνει.
2662 2705 2758 2756 Ὃν
2804 2705 3005 2775 τρόπον
3053 2705 3107 2758 δὲ
3151 2708 3243 2760 ἐπὶ
3288 2707 3384 2760 τοῦ
3436 2711 3769 2780 σωματικοῦ

2163 2789 2340 2857 φωτὸς
2375 2792 2694 2864 συντέτευχε
2723 2795 2784 2848 τὸ
2807 2800 3087 2868 συνεργεῖν
3120 2798 3250 2852 αὑτὸ
3275 2802 3385 2862 τοῖς
3403 2800 3769 2868 ὑγιαίνοντας

2163 2880 2375 2952 ἔχουσιν
2438 2883 2745 2956 ὀφθαλμοὺς
2798 2888 2934 2958 πρός
2983 2905 3043 2940 τε
3096 2888 3194 2961 τὴν
3255 2890 3417 2944 αὑτοῦ
3485 2891 3623 2946 θέαν
3674 2895 3769 2946 καὶ

2163 2973 2260 3044 τὴν
2303 2975 2409 3028 τῶν
2469 2976 2764 3048 αἰσθητῶν·
2816 2979 2906 3032 τὸν
2956 2981 3117 3034 αὑτὸν
3165 2982 3364 3052 τρόπον
3396 2984 3425 3035 ό
3490 2984 3635 3048 Θεὸς
3680 2986 3765 3038 δν-

2164 3064 2326 3135 νάμει
2372 3068 2482 3120 τινί
2528 3067 2744 3136 φθάνων
2789 3069 2884 3122 ἐπὶ
2924 3070 3015 3124 τὸν
3058 3071 3300 3124 ἑκάστων
3334 3071 3484 3139 νοῦν,
3524 3076 3628 3128 ἐὰν
3660 3093 3760 3146 μη-

2163 3155 2402 3226 δαμόθεν
2451 3153 2606 3223 οὗτος
2657 3161 2742 3229 ἐφ’
2788 3161 2847 3214 ὃν
2891 3161 3082 3231 φθάνει
3125 3164 3662 3237 συγκεκαλυμμένος
3708 3165 3761 3241 ᾗ,

2167 3247 2301 3318 μηδὲ
2343 3249 2450 3303 ἀπὸ
2500 3250 2686 3305 παθῶν
2719 3269 2769 3304 τι
2801 3252 3098 3307 κωλυτικὸν
3159 3257 3436 3320 πεπονθὼς
3477 3259 3580 3329 τῆς
3633 3261 3759 3322 Bia;

2163 3338 2500 3410 ὀξυδερκίας,
2545 3342 2716 3407 αἴτιος
2771 3345 2998 3412 γίνεται,
3055 3346 3146 3400 τοῦ
3183 3365 3242 3400 τε
3295 3349 3460 3401 αὑτὸν
3520 3351 3757 3404 νοεῖσθαι

2165 3429 2258 3481 καὶ
2310 3430 2402 3482 ἐπὶ
2444 3430 2512 3483 τὰ
2565 3431 2701 3485 ἄλλα
2749 3435 2916 3504 νοητὰ
2969 3435 3193 3504 φθάνειν
3243 3437 3334 3490 τὸν
3379 3439 3756 3509 φωτιζόμενον

2167 3519 2256 3571 ὑπ’
2298 3519 2464 3572 αὑτοῦ
2501 3520 2645 3576 νοῦν.
2695 3523 2770 3575 Οὑ
2808 3523 3118 3594 θαυμαστὸν
3156 3527 3212 3579 δὲ
3249 3526 3303 3578 εἴ
3330 3544 3479 3591 τινες
3519 3530 3757 3601 διορατι-

2165 3611 2249 3663 κοὶ
2292 3613 2349 3664 ὲν
2388 3611 2602 3682 τέχναις
2647 3613 2680 3684 ἢ
2740 3616 3068 3688 ἐπιστήμαις
3115 3619 3225 3670 τισὶ
3283 3621 3680 3690 τυγχάνοντες,
3724 3623 3754 3690 ἧ

2164 3702 2411 3768 ὀξύτατοι
2445 3704 2571 3776 περὶ
2620 3705 2943 3776 κατανόησιν
2981 3707 3185 3776 ἠθικῶν
3235 3724 3396 3762 τινων
3447 3713 3548 3763 καὶ
3610 3713 3759 3779 λογι-

2166 3791 2277 3846 κῶν
2311 3795 2731 3866 προϐλημάτων,
2785 3797 3039 3864 ἀγνοοῦσι
3091 3798 3242 3853 Θεόν.
3288 3799 3615 3870 Ὀμοιοῦμεν
3649 3807 3756 3872 γὰρ

2165 3885 2342 3939 αὑτῶν
2383 3886 2442 3939 τὸ
2474 3887 2808 3958 διανοητικὸν
2857 3889 3120 3960 ὀφθαλμῷ
3171 3891 3524 3955 ὲνατενίζοντι
3589 3898 3760 3947 παντὶ

2168 3977 2427 4049 μᾶλλονῆ
2460 3979 2536 4049 τῷ
2575 3979 2731 4050 ἡλίῳ,
2783 3981 2878 4035 καὶ
2923 3980 3188 4052 μηδέποτε
3230 3983 3574 4053 ὲπαιρομένῳ
3608 3985 3756 4054 πρὸς

2166 4069 2225 4122 τὸ
2254 4071 2585 4141 κατανοῆσαι
2628 4071 2726 4134 τὰς
2757 4072 2946 4125 τούτου
2995 4072 3190 4140 αὑγάς.
3240 4075 3446 4145 Ὥσπερ
3485 4075 3750 4143 μέντοιγε

2167 4161 2356 4231 φθάνει
2381 4164 2415 4233 ή
2437 4161 2639 4233 ήλιακὴ
2669 4164 2827 4227 ἀκτὶς
2861 4165 2952 4218 ἐπὶ
2977 4166 3036 4218 τὸ
3069 4165 3361 4238 πρόσωπον
3389 4165 3472 4220 τοῦ
3505 4166 3759 4238 ἐνορῶν-

2167 4271 2254 4318 τος
2288 4253 2457 4324 αὑτῷ,
2493 4255 2588 4308 καὶ
2614 4256 2711 4325 οὑχ
2745 4249 2855 4308 οἷόν
2892 4273 2951 4309 τε
2991 4259 3242 4328 ἀμοιρεῖν
3278 4260 3431 4330 ήλίου
3477 4259 3570 4312 τὸν
3609 4262 3756 4331 πρὸς

2166 4345 2316 4416 αὑτῷ
2339 4348 2674 4416 τυγχάνοντα
2697 4363 2709 4376 ·
2756 4346 2929 4412 οὕτως
2959 4351 3177 4420 νοητέον
3235 4352 3453 4416 πάντως
3498 4353 3754 4424 μετέχειν

2167 4435 2300 4489 Θεοῦ
2334 4437 2424 4489 τὸν
2454 4437 2821 4490 κατανοοῦντα
2865 4439 2956 4492 τὸν
3009 4441 3171 4511 νόμον
3223 4441 3314 4494 τοῦ
3369 4441 3514 4495 θείου
3566 4442 3752 4511 λόγου,

2169 4526 2418 4580 ἐπιδόντα
2449 4528 2539 4581 τὸν
2565 4527 2689 4581 νοῦν
2729 4530 2924 4584 ἑαυτοῦ
2974 4532 3110 4602 πρὸς
3154 4531 3216 4585 τὸ
3278 4533 3514 4586 συνιέναι
3582 4534 3751 4588 Θεόνο

2167 4620 2303 4692 ὅπερ
2335 4617 2489 4691 οἶμαι
2520 4620 2783 4692 δηλοῦντα
2805 4624 2896 4676 τὸν
2926 4626 3214 4697 Προφήτην
3249 4626 3430 4680 ἐνθάδε
3459 4626 3642 4694 λέγειν
3669 4629 3753 4681 τόε

2175 4733 2191 4764 ι
2217 4714 2556 4786 Ἑσημειώθη
2589 4717 2673 4785 ἐφ’
2709 4717 2856 4786 ἡμᾶς
2887 4717 2948 4768 τὸ
2989 4717 3103 4784 φῶς
3135 4717 3228 4770 τοῦ
3287 4717 3583 4788 προσώπου
3633 4737 3752 4782 σου,

2171 4807 2362 4878 Κύριε.
2400 4827 2418 4860 ι
2450 4809 2681 4880 Σημεῖον
2712 4808 2838 4879 γὰρ,
2873 4810 3004 4879 φησὶ
3027 4849 3040 4871 ,
3075 4808 3170 4861 τοῦ
3205 4811 3381 4878 φωτὸς
3419 4810 3513 4863 τοῦ
3566 4811 3627 4862 ἐν
3686 4815 3751 4881 τῇ

2169 4896 2430 4966 προσόψει
2461 4914 2577 4959 σου,
2615 4898 2825 4966 φθάσαν
2854 4899 2931 4960 είς
2955 4898 3099 4968 ἡμᾶς
3119 4938 3133 4961 ,
3167 4899 3534 4952 ὲντετὺπωται
3593 4903 3752 4969 ἡμῖν,

2170 4990 2263 5042 καὶ
2291 4989 2423 5042 αὑτὸ
2455 4989 2515 5042 τὸ
2563 4988 2678 5058 φῶς
2703 4991 2798 5058 τῆς
2847 4989 3160 5062 προσόψεως
3194 5009 3289 5044 σου
3323 4992 3752 5063 ὲγκεχάρακται,

2171 5081 2310 5134 ὥστε
2340 5081 2432 5135 τὸν
2460 5081 2632 5136 εἰδότα
2663 5083 2797 5153 ὁρᾷν
2833 5087 3055 5153 σημεῖον
3089 5081 3178 5135 τοῦ
3226 5083 3402 5152 φωτὸς
3446 5099 3755 5154 σεσημειω-

494 5200 605 5240 tum
637 5195 741 5252 est,
767 5186 866 5238 hoc
898 5184 1072 5252 ipsum
1100 5179 1284 5235 statim
1309 5175 1576 5244 intelligat
1607 5174 1657 5225 in
1695 5171 1849 5224 nobis
1872 5170 2062 5222 factum

2177 5171 2335 5241 μένον
2380 5170 2514 5224 Θεοῦ
2571 5172 2871 5243 τηνικαῦτα
2925 5175 3062 5226 νοεῖν
3131 5172 3290 5226 τοῦτο
3342 5172 3635 5242 γενόμενον
3697 5176 3756 5227 ἐν

491 5295 628 5333 esse.
674 5279 926 5331 Arbitror
961 5288 1094 5326 vero
1135 5272 1296 5325 etiam
1330 5273 1433 5322 hoc
1462 5281 1720 5319 arcanum
1776 5265 1827 5314 in
1880 5259 2064 5313 Exodo

491 5369 776 5429 declarari.
814 5383 935 5420 eum
975 5365 1170 5434 Moysis
1202 5378 1324 5415 eum
1371 5359 1478 5412 Deo
1514 5355 1854 5409 familiariter
1899 5354 2064 5407 collo-

490 5462 706 5531 quentis
737 5461 900 5512 facies
935 5459 1003 5510 ita
1032 5453 1329 5525 gloriﬁcata
1375 5459 1479 5510 cst,
1508 5456 1565 5500 ut
1591 5462 1695 5498 non
1731 5454 1956 5512 possent
1999 5446 2061 5496 li-

564 5598 606 5628 "
635 5599 648 5650 l
673 5596 828 5651 Jonn.
857 5611 894 5659 ι,
927 5595 980 5649 5.
1063 5595 1104 5623 ⁵³
1138 5591 1268 5644 lleb.
1306 5605 1410 5652 xu,
1446 5589 1534 5644 ἓξ).

2176 5265 2324 5334 ἡμῖν.
2369 5259 2535 5334 Οῐμαι
2587 5265 2643 5319 δὲ
2668 5268 2758 5319 καὶ
2805 5266 2867 5318 τὸ
2898 5266 3208 5337 ἀπόρρητον
3259 5267 3416 5320 τοῦτο
3457 5266 3756 5338 δηλοῦσθαι

2172 5357 2228 5407 ὲν
2258 5359 2322 5426 τῇ
2361 5356 2592 5424 Ἑξόδῳ,
2615 5359 2697 5410 ὅτι
2730 5359 3006 5420 Μωῦσέως
3038 5359 3129 5410 ἐπὶ
3152 5357 3310 5412 πλέον
3335 5358 3651 5430 ὁμιλοῦντος
3675 5361 3754 5430 τις.

2171 5447 2288 5516 Θεῷ
2322 5451 2413 5502 καὶ
2435 5451 2682 5512 συνόντος
2725 5449 2871 5519 αὑτῷ
2900 5449 3209 5516 δεδόξασται
3247 5453 3557 5524 πρόσωπον,
3612 5452 3752 5505 ὥστε

559 5737 671 5800 (li)
701 5738 817 5786 "(in
852 5733 974 5802 φῶς
1019 5735 1187 5786 ἐστιν
1211 5736 1240 5785 ὁ
1274 5734 1441 5798 owe,
1474 5740 1577 5783 etc.
1629 5727 1936 5794 Curderius,
1971 5728 2144 5782 codex
2181 5725 2571 5791 Baroceiantts,
2600 5723 2780 5766 "mia"
2811 5723 3094 5774 “arb-ams.
