3942 6216
272 343 409 428 ηδε

1265 340 1575 396 SELECTA
1609 339 1673 394 IN
1708 339 2047 397 PSALMOS.
2089 373 2155 382 —
2196 341 2390 395 PSAL.
2430 340 2518 399 IV.

3412 352 3545 408 1166

271 459 348 530 μὴ
383 454 641 511 δύνασθαι
670 457 803 520 ’τούς
854 456 1003 520 υίούς
1046 453 1262 525 Ἰσραὴλ
1311 455 1553 506 ἀτενίσαι
1614 455 1693 515 είς
1753 452 1847 522 τὴν

1959 451 2013 506 lii
2045 451 2208 507 Israel
2234 453 2519 508 intendere
2551 453 2602 506 in
2627 452 2855 522 gloriam
2887 454 3004 524 ejus
3029 465 3079 512 et
3105 457 3309 513 idcirco
3340 475 3545 517 assum-

267 551 424 616 δόξαν
477 548 664 609 αὐτοῦ,
718 549 814 602 καὶ
864 548 952 602 διὰ
1011 547 1166 600 τοῦτο
1198 545 1465 615 κάλυμμα
1497 543 1728 598 λαϐόντα
1758 544 1850 597 τὸν

270 637 580 709 θεράποντα
604 638 812 709 ὁμιλεῖν
839 637 918 707 τῷ
960 636 1093 706 λαῷ.
1145 637 1302 690 Πᾶσα
1333 635 1390 689 δὲ
1444 635 1589 707 ψυχὴ
1644 637 1855 689 ἀνακει-

274 731 408 803 μένη
449 730 590 801 Θεῷ,
619 732 712 784 καὶ
737 731 816 793 είς
852 730 914 783 τὸ
943 728 1141 800 ἀληθὲς
1173 728 1337 781 αὐτοῦ
1370 728 1465 781 καὶ
1496 731 1610 791 τοῖς
1638 727 1852 790 πολλοῖς

272 823 580 895 ἀθεώρητον
607 822 944 884 εἰσελθοῦσα,
985 821 1364 892 μεταλαϐοῦσα
1396 839 1454 874 τε
1488 821 1586 892 τῆς
1642 821 1854 892 θειότη-

270 932 382 979 τος,
414 915 473 968 οὐ
505 916 726 986 χωρητὴ
756 917 867 977 τοῖς
898 913 1112 975 πολλοῖς
1132 913 1366 981 γίνεται,
1389 911 1528 964 ὥστε
1555 909 1722 982 αὐτὴν
1759 912 1854 979 ὲγ-

271 1006 692 1076 κεκαλυμμένην
733 1008 1035 1076 οἰκονομεῖν
1097 1006 1222 1068 τούς
1275 1003 1691 1072 ὑποδεεστέρους
1737 1002 1854 1056 δια-

272 1091 569 1164 λεγομένην
600 1094 667 1147 τὰ
703 1092 1018 1162 κατάλληλα
1050 1094 1255 1156 αὐτοῖς.
1286 1093 1406 1145 Ὀτι
1433 1093 1489 1146 δὲ
1540 1092 1600 1145 τὸ
1658 1094 1856 1163 ὀνομα-

273 1178 496 1251 ζόμενον
521 1183 810 1254 πρόσωπον
839 1182 934 1235 τοῦ
969 1181 1101 1236 Θεοῦ
1125 1223 1138 1245 ,
1173 1182 1404 1252 φωτίζον
1463 1183 1522 1236 τὺ
1558 1184 1854 1253 δυνάμενον

273 1272 440 1326 αὐτοῦ
474 1275 717 1345 χωρῆσαι
755 1273 854 1338 τὰς
882 1275 1057 1342 αὐγὰς
1088 1275 1450 1345 ἡγεμονικὸν,
1493 1276 1664 1328 αἴτιον
1717 1274 1857 1343 γνώ-

274 1378 412 1423 σεως
443 1361 670 1429 γίνεται,
700 1362 786 1414 διὰ
821 1362 914 1416 τοῦ
943 1362 1235 1432 ἑξηκοστοῦ
1275 1364 1436 1415 ἕκτου
1468 1362 1686 1433 ψαλμοῦ
1711 1380 1854 1434 παρ-

274 1450 487 1505 ίσταται
518 1453 688 1518 οὕτως
712 1453 926 1524 ἔχοντος
947 1471 959 1484 ·
1003 1472 1021 1504 ι
1063 1454 1120 1505 '0
1151 1454 1283 1516 Θεὸς
1314 1455 1652 1524 οίκτειρήσαι
1685 1455 1852 1525 ἡμᾶς,

271 1545 365 1597 καὶ
399 1545 689 1616 εὐλογήσαι
745 1547 926 1616 ἡμᾶς,
989 1545 1252 1613 ὲπιφάναι
1316 1545 1376 1598 τὸ
1433 1545 1722 1614 πρόσωπον
1769 1549 1854 1617 ἐφ’

271 1637 440 1707 ἡμᾶς,
476 1636 570 1688 τοῦ
605 1637 811 1704 γνῶναι
841 1639 898 1688 ὲν
926 1640 993 1707 τῇ
1037 1640 1105 1708 γῇ
1142 1637 1240 1706 τὴν
1272 1637 1388 1689 ὁδόν
1420 1654 1544 1699 σου,
1578 1639 1634 1689 ὲν
1688 1640 1853 1692 πᾶσιν

270 1726 448 1780 ἔθνεσι
480 1725 541 1779 τὸ
570 1725 837 1797 σωτήριόν
873 1743 989 1788 σου,
1015 1746 1033 1775 ›
1101 1727 1194 1780 καὶ
1223 1725 1291 1778 τὰ
1323 1726 1473 1796 ἑξῆς.
1508 1727 1572 1779 Οἱ
1602 1726 1853 1798 μετέχον-

1959 554 2054 615 pto
2077 545 2345 600 velamine
2383 559 2576 599 servus
2606 543 2697 598 Dei
2739 559 3044 600 sermonem
3075 550 3140 602 ad
3169 553 3420 622 pupulum
3451 557 3546 610 ha.

1960 636 2160 692 huerit.
2187 637 2280 692 Sic
2303 638 2481 691 omnis
2515 638 2694 690 anima
2725 653 2845 705 quae
2889 647 2996 693 tota
3038 642 3144 696 Deo
3179 645 3392 702 addicta
3435 661 3542 714 est,

1960 739 2015 781 ct
2035 727 2101 780 ad
2123 729 2405 782 veritatem
2434 729 2552 796 ejus
2587 728 2833 797 plurimis
2861 729 3099 795 ignotam
3125 737 3380 800 accrssil,
3408 739 3543 794 divi-

1957 820 2255 889 nitatisque
2279 819 2395 887 ejus
2423 820 2563 874 facta
2588 829 2666 873 est
2691 822 2986 890 particeps,
3011 825 3298 880 multorum
3323 841 3540 900 captum

1957 912 2193 978 excedit,
2217 913 2288 966 ita
2325 922 2380 966 ut
2408 913 2682 968 velamine
2710 924 2990 983 assumpto
3014 916 3211 984 dirigat
3231 919 3540 988 inferiores,

1958 1017 2019 1055 ea
2033 1018 2150 1072 qua)
2168 1003 2234 1057 ad
2253 1014 2470 1072 captum
2492 1003 2704 1056 illorqu
2723 1014 2869 1066 sunt,
2891 1004 3234 1073 proferendo.
3256 1011 3344 1065 Dei
3361 1024 3541 1068 autem

1961 1094 2155 1149 faciem
2184 1097 2248 1149 de
2287 1111 2391 1164 qua
2419 1097 2623 1150 dictum
2660 1105 2765 1160 est,
2797 1107 2849 1151 et
2875 1114 2994 1167 qum
3026 1099 3296 1156 illuminat
3329 1105 3543 1162 intelle-

1961 1197 2106 1241 ctum
2138 1187 2227 1256 qui
2260 1189 2377 1255 ejus
2404 1189 2583 1242 radios
2626 1189 2872 1257 recipere
2906 1201 3104 1258 potest,
3133 1207 3253 1247 esse
3279 1199 3546 1265 cognitio-

1962 1276 2045 1330 nis
2075 1291 2296 1330 causam
2329 1277 2499 1345 liquet
2547 1292 2610 1331 ex
2672 1277 2757 1332 his
2809 1280 2998 1348 psalmi
3039 1286 3364 1352 sexagesimi
3405 1291 3542 1342 sexti

1961 1369 2142 1424 verbis
2176 1371 2264 1423 ⁶⁸ι
2299 1388 2316 1421 ι
2357 1372 2497 1426 Deus
2553 1371 2877 1426 misereatur
2932 1375 3125 1440 nostri,
3164 1388 3219 1430 et
3261 1378 3548 1436 benedicat

1961 1461 2140 1530 nobis,
2186 1462 2456 1518 illuminet
2488 1465 2693 1520 vultum
2728 1480 2883 1521 suum
2907 1481 3072 1537 super
3107 1484 3228 1534 nos,
3267 1481 3324 1524 ut
3352 1487 3548 1542 cogno-

1959 1570 2178 1610 scamus
2200 1557 2254 1610 in
2287 1565 2429 1612 terra
2465 1558 2606 1612 viam
2634 1569 2804 1626 tuam,
2828 1561 2882 1615 in
2905 1562 3162 1618 omnibus
3188 1565 3440 1634 gentibus
3461 1583 3548 1622 sa-

1961 1645 2134 1702 lutare
2175 1657 2348 1713 tuum,
2387 1667 2407 1702 ι
2459 1659 2512 1705 et
2567 1666 2690 1721 quae
2732 1666 3056 1722 sequuntur.
3105 1656 3205 1721 Qui
3241 1657 3340 1711 hoc
3386 1661 3548 1713 modo

1961 1739 2186 1794 luminis
2237 1751 2364 1795 sunt
2406 1742 2704 1812 participes
2741 1754 2794 1797 et
2846 1745 3027 1816 reipsa
3060 1749 3240 1802 dicere
3275 1761 3543 1818 possunt:

269 1835 362 1881 τες
404 1818 547 1870 οῦτω
595 1817 688 1870 τοῦ
741 1817 918 1886 φωτὸς
977 1819 1069 1870 καὶ
1125 1819 1410 1889 δυνάμενοι
1454 1819 1599 1890 ἔργῳ
1643 1821 1847 1872 εἰπεῖν·

1965 1852 1982 1885 ι
2009 1831 2292 1902 Signatum
2316 1843 2578 1905 estsuper
2607 1850 2704 1890 nos
2732 1836 2912 1892 lumen
2935 1838 3115 1893 vultus
3141 1841 3238 1907 tui,
3263 1816 3542 1910 Domine.,s

278 1925 296 1958 ι
340 1906 681 1977 Ἐσημειώθη
713 1906 797 1974 ἐφ’
829 1907 978 1977 ἡμᾶς
1003 1907 1064 1960 τὸ
1092 1907 1208 1976 φῶς
1238 1908 1331 1960 τοῦ
1391 1908 1680 1979 προσώπου
1732 1925 1849 1972 σου,

273 1996 466 2070 Κύριε,
503 2018 518 2049 ι
557 1999 727 2050 αἴτιον
761 1996 819 2050 ὃν
847 1997 940 2050 τοῦ
1007 1999 1170 2069 μηδὲν
1205 1998 1399 2052 παθεῖν
1455 2001 1512 2052 ὲν
1562 1999 1638 2071 τῷ
1677 1999 1852 2074 καιρῷ

269 2089 363 2144 τοῦ
391 2090 712 2155 κολάζεσθαι
747 2092 874 2154 τοὺς
906 2089 1164 2144 τοιούτων
1194 2089 1504 2160 φαρμάκων
1540 2090 1851 2162 δεομένους,

266 2181 450 2250 έχουσι
486 2181 547 2234 τὸ
573 2180 688 2250 φῶς
739 2174 784 2248 ᾧ
817 2180 1293 2250 κεκοινωνήκασιν.
1366 2175 1532 2249 Οἶμαι
1575 2179 1633 2233 δὲ
1696 2180 1856 2235 τοῦτο

270 2269 558 2341 δηλοῦσθαι
587 2271 643 2322 ὲν
673 2273 782 2334 τοῖς
823 2269 1089 2338 Ψαλμοῖς
1120 2269 1214 2322 καὶ
1248 2271 1305 2322 ἐν
1356 2269 1435 2339 τῷ
1477 2268 1761 2342 Ἰεζεκιήλ·
1797 2273 1854 2324 ἐν

273 2362 373 2433 μὲν
405 2365 519 2425 τοῖς
558 2361 825 2430 Ψαλμοῖς
854 2361 1044 2415 τοῦτον
1093 2361 1330 2431 τρόπον·
1388 2381 1406 2412 ι
1435 2361 1684 2425 Ἐδωκας
1743 2365 1854 2428 τοῖς

273 2451 628 2522 φοϐουμένοις
663 2469 721 2504 σε
767 2452 1066 2524 σημείωσιν
1092 2491 1106 2514 ,
1143 2450 1234 2504 τοῦ
1282 2452 1475 2520 φυγεῖν
1518 2450 1626 2503 ἀπὸ
1681 2467 1852 2522 προσ-

271 2542 423 2594 ώπου
445 2540 620 2608 τόξου,
647 2543 794 2605 ὅπως
823 2543 888 2596 ἂν
920 2540 1190 2613 ῥυσθῶσιν
1219 2541 1268 2593 οἱ
1297 2539 1572 2611 ἀγαπητοί
1601 2557 1713 2593 σου·
1750 2560 1766 2592 ι
1796 2541 1854 2593 ἐν

269 2633 325 2684 δὲ
367 2632 445 2703 τῷ
480 2633 770 2705 Ἱεζεκιὴλ·
831 2651 848 2683 ι
901 2633 1011 2686 Καὶ
1056 2631 1182 2696 δόξα
1235 2631 1368 2684 Θεοῦ
1411 2631 1628 2702 Ἰσραὴλ
1682 2632 1850 2705 ἀνέϐη

270 2725 379 2778 ἀπὸ
405 2725 514 2777 τῶν
543 2725 858 2798 χερουϐεὶμ,
887 2727 920 2795 ἡ
939 2720 1072 2778 οῦσα
1100 2725 1186 2777 ἐπ’
1219 2723 1417 2786 αὐτῶν,
1449 2725 1527 2786 είς
1557 2723 1616 2776 τὺ
1643 2722 1852 2794 αἴθριον

267 2818 361 2870 τοῦ
395 2817 565 2871 οἴκου.
597 2817 708 2870 Καὶ
770 2817 994 2870 ἐκάλεσε
1041 2817 1131 2870 τὸν
1163 2815 1332 2886 ἄνδρα
1394 2814 1489 2868 τὸν
1540 2814 1854 2867 ἐνδεδυκότα

267 2911 360 2963 τὸν
398 2910 629 2982 ποδήρη,
659 2909 718 2973 ὃς
747 2907 890 2980 εἶχεν
918 2909 1010 2962 ἐπὶ
1042 2909 1142 2978 τῆς
1174 2908 1374 2978 ὀσφύος
1402 2907 1566 2962 αὐτοῦ
1613 2907 1711 2977 τὴν
1749 2903 1853 2970 ζώ-

269 3019 387 3074 νην.
423 3003 532 3056 Καὶ
563 2999 682 3056 εἷπε
711 3002 848 3073 πρὸς
899 3002 1092 3055 αὐτόν’
1127 3000 1311 3054 Δίελθε
1367 3001 1537 3072 μέσην
1579 2999 1851 3070 Ἰερουσα-

269 3091 399 3164 λὴμ,
422 3094 515 3146 καὶ
542 3093 630 3155 δὸς
657 3095 878 3164 σημεῖον
907 3091 998 3145 ἐπὶ
1022 3091 1090 3144 τὰ
1127 3091 1356 3162 μέτωπα
1375 3090 1482 3143 τῶν
1515 3087 1724 3160 ἀνδρῶν
1741 3087 1851 3140 τῶν

270 3184 778 3248 καταστεναζύντων
829 3184 921 3236 καὶ
975 3182 1432 3253 κατοδυνωμένων
1487 3180 1580 3233 ἐπὶ
1645 3179 1848 3240 πάσαις

267 3277 386 3336 ταῖς
410 3273 658 3343 ἀνομίαις
692 3275 812 3335 ταῖς
844 3273 1157 3343 γινομέναις
1203 3273 1260 3323 ὲν
1323 3270 1475 3340 μέσῳ
1504 3267 1694 3337 αὐτῆς.
1740 3267 1850 3319 Καὶ

266 3362 474 3424 τούτοις
513 3357 685 3424 εἶπεν,
712 3361 998 3424 ἀκούοντός
1027 3378 1125 3431 μου
1150 3377 1164 3390 ·
1202 3358 1504 3431 Πορεύεσθε
1556 3358 1730 3411 ὀπίσω
1758 3358 1849 3412 αὐ-

265 3451 358 3504 τοῦ
393 3455 471 3514 εἰς
490 3452 587 3522 τὴν
614 3452 788 3515 πόλιν,
816 3453 906 3504 καὶ
936 3453 1186 3512 κόπτετε,
1219 3453 1312 3505 καὶ
1351 3451 1426 3523 μὴ
1459 3451 1703 3521 φείδεσθε
1735 3451 1847 3511 τοῖς

265 3544 559 3616 ὀφθαλμοῖς
589 3544 740 3614 ὑμῶν
760 3585 772 3606 ,
809 3545 897 3597 καὶ
929 3543 1003 3615 μὴ
1036 3543 1314 3615 ἐλεήσητε.
1344 3543 1721 3613 Πρεσϐύτερον
1753 3540 1844 3593 καὶ

264 3635 565 3698 νεανίσκον,
594 3635 689 3686 καὶ
723 3634 1016 3705 παρθένον,
1047 3633 1140 3686 καὶ
1171 3635 1342 3704 νήπια
1361 3673 1376 3697 ,
1432 3633 1525 3685 καὶ
1580 3633 1844 3700 γυναῖκας

263 3725 617 3778 ἀποκτείνατε
670 3724 751 3786 είς
794 3722 1066 3788 ὲξάλειῷιν
1099 3740 1111 3753 ο
1155 3724 1247 3776 ἐπὶ
1290 3723 1345 3776 δὲ
1380 3723 1587 3784 πάντας
1617 3720 1702 3790 ἐφ’
1755 3718 1851 3782 οὓς

263 3817 378 3868 ἔστι
407 3815 467 3868 τὺ
499 3817 743 3885 σημεῖον,
778 3815 852 3888 μὴ
896 3814 1174 3885 ἐγγίσητε,
1226 3814 1319 3866 καὶ
1353 3813 1464 3866 ἀπὸ
1516 3811 1625 3864 τῶν
1679 3811 1851 3880 ἁγίων

266 3923 367 3976 μου
411 3904 670 3978 άρξασθε.
716 3926 734 3957 ι
771 3906 868 3970 Τίς
889 3906 1056 3978 γὰρὴ
1089 3905 1348 3977 δεδομένη
1395 3903 1502 3958 ἀπὸ
1560 3903 1654 3957 τοῦ
1711 3902 1846 3957 Θεοῦ

265 3997 566 4069 σημείωσις
599 3999 711 4060 τοῖς
739 3997 1058 4062 εὐλαϐέσιν;
1082 3997 1114 4068 ἥ
1145 3997 1198 4050 τί
1227 3996 1287 4050 τὸ
1313 3998 1538 4067 σημεῖον
1563 3995 1623 4048 τὸ
1656 3994 1748 4048 ἐπὶ
1778 3993 1848 4048 τὰ

265 4089 496 4159 μέτωπα
527 4088 804 4159 διδόμενον
837 4089 945 4141 τῶν
989 4089 1088 4159 τῆς
1135 4088 1394 4160 ἀληθείας
1445 4087 1700 4160 ζηλωτῶν
1750 4087 1845 4142 καὶ

1957 1942 2064 1995 quo
2089 1926 2148 1981 fit
2201 1936 2262 1980 ut
2291 1926 2426 1981 nihil
2456 1927 2508 1980 in
2541 1937 2786 1996 tempore
2811 1944 3098 2000 poenarum
3142 1933 3424 2002 patiantur
3453 1937 3546 2005 qui

1958 2019 2258 2075 istiusmodi
2286 2019 2541 2073 remediis
2563 2019 2825 2088 indigent,
2847 2022 3052 2077 habent
3076 2023 3254 2077 lumen
3281 2027 3368 2080 cui
3396 2042 3546 2081 com-

1959 2112 2334 2167 municarunt.
2365 2110 2478 2166 l-loc
2501 2120 2681 2166 autem
2708 2112 2948 2167 arbitror
2977 2113 3029 2167 in
3062 2113 3296 2170 Psalmis
3321 2126 3376 2172 et
3404 2121 3544 2186 apud

1957 2203 2302 2258 Ezechielem
2353 2202 2700 2272 signiﬁcari;
2747 2203 2800 2256 in
2865 2203 3098 2260 Psalmis
3162 2208 3380 2277 quidem
3443 2211 3546 2264 hoc

1959 2294 2120 2348 modo
2146 2294 2191 2326 ‘°
2223 2309 2235 2346 :
2273 2311 2292 2344 ι
2333 2293 2535 2348 Dedisti
2575 2295 2943 2350 metuentibus
2975 2306 3026 2349 te
3065 2297 3542 2367 signiﬁcationem,

1960 2396 2018 2439 ut
2043 2385 2256 2456 fugiant
2284 2400 2313 2438 a
2343 2383 2485 2440 facie
2517 2399 2701 2450 arcus,
2739 2395 2796 2440 ut
2824 2387 3128 2443 liberentur
3152 2391 3336 2446 dilecti
3373 2394 3449 2448 tui
3481 2412 3494 2459 ;
3523 2415 3541 2448 ι

1959 2479 2100 2545 apud
2134 2477 2381 2532 Ezechiel
2408 2493 2539 2532 vero
2562 2479 2646 2531 "z
2683 2495 2700 2528 ι
2741 2478 2807 2532 Et
2833 2478 3006 2549 gloria
3041 2481 3132 2536 Dei
3159 2482 3322 2538 Israel
3353 2499 3548 2543 ascen-

1957 2571 2037 2625 dit
2063 2569 2128 2625 de
2157 2570 2458 2634 cherubim,
2491 2587 2612 2642 quae
2649 2583 2768 2628 erat
2791 2587 2956 2643 super
2990 2573 3128 2642 ipsa.
3153 2575 3204 2630 iu
3231 2577 3428 2634 subdio
3451 2581 3547 2636 do-

1959 2679 2101 2719 mus.
2135 2663 2200 2718 Et
2227 2665 2445 2719 vocavit
2474 2666 2648 2719 virum
2685 2667 2934 2721 indutum
2985 2670 3209 2736 pudore,
3251 2673 3340 2741 qui
3377 2673 3541 2728 hahe-

1957 2759 2049 2812 hat
2079 2771 2242 2826 super
2274 2757 2514 2810 lumbum
2566 2773 2722 2812 suum
2756 2775 2970 2814 zonam.
3007 2759 3071 2814 Et
3115 2762 3251 2816 dixit
3281 2765 3346 2818 ad
3377 2779 3502 2820 eum
3529 2784 3542 2821 :

1957 2847 2150 2902 Transi
2182 2847 2415 2902 mediam
2447 2847 2772 2918 Jerusalem,
2795 2860 2850 2904 et
2874 2852 2939 2905 da
2966 2851 3177 2922 signum
3202 2870 3368 2924 super
3397 2859 3549 2913 l'ron—

1961 2947 2042 2992 tes
2070 2938 2315 2992 virorum
2359 2939 2692 3010 gementium
2730 2949 2786 2994 et
2813 2940 3114 2998 dolentium
3145 2961 3312 3016 super
3335 2952 3548 3006 cunctis

1958 3032 2354 3103 iniquitatibus,
2396 3047 2517 3102 quas
2542 3032 2678 3086 littnt
2717 3032 2771 3086 in
2804 3035 2982 3090 medio
3038 3037 3304 3106 ipsorum.
3347 3039 3410 3094 Et
3441 3041 3546 3095 illis

1957 3122 2094 3177 dixit
2125 3123 2378 3178 audiente
2407 3139 2535 3177 me:
2570 3122 2646 3178 lte
2703 3131 2824 3192 post
2870 3139 2994 3180 eum
3047 3127 3098 3180 iu
3153 3129 3430 3187 civitatem
3489 3147 3545 3189 et

1960 3215 2265 3282 percutile;
2303 3223 2356 3268 et
2389 3230 2492 3270 non
2521 3215 2731 3284 parcite
2757 3216 2930 3271 oculis
2961 3220 3180 3286 veSIris,
3222 3231 3278 3276 et
3307 3239 3410 3279 non
3440 3227 3542 3280 tui—

1957 3310 2235 3364 seremini.
2273 3307 2491 3372 Senem,
2527 3309 2693 3382 574
2719 3319 2775 3364 et
2814 3313 3252 3380 adolescentem,
3286 3329 3340 3374 et
3379 3321 3541 3393 virgi-

1958 3414 2103 3467 nem,
2131 3411 2183 3455 et
2217 3401 2569 3470 parvulos.et
2601 3402 2858 3458 mulieres
2883 3405 3169 3463 interficite
3202 3411 3269 3464 ad
3304 3411 3544 3466 interne-

1954 3493 2166 3547 cionem
2194 3509 2207 3544 :
2233 3507 2395 3562 super
2419 3507 2608 3547 omnes
2632 3502 2812 3548 autem
2844 3510 3008 3566 super
3035 3513 3170 3568 quos
3194 3511 3279 3555 est
3305 3503 3542 3573 signum,

1955 3599 2021 3638 ne
2043 3583 2514 3654 appropinqttetis,
2529 3595 2583 3639 et
2605 3601 2635 3639 a
2663 3587 2875 3642 sanctis
2904 3590 3039 3643 meis
3075 3589 3319 3660 incipite.
3347 3611 3364 3645 ι
3387 3592 3540 3662 Qua:-

1952 3691 2076 3729 nam
2099 3675 2345 3730 estcnim
2377 3674 2707 3746 significatio
2738 3693 2767 3730 a
2801 3677 2912 3733 Deo
2947 3680 3072 3735 data
3102 3683 3345 3751 piis?vel
3369 3688 3539 3756 quod-

1951 3781 2077 3820 nam
2115 3767 2332 3837 signum
2377 3767 2647 3822 frontibus
2694 3783 2884 3824 eorum
2939 3772 3264 3842 impressum
3310 3787 3415 3842 est,
3446 3785 3536 3849 qui

1949 3858 2234 3914 veritatem
2277 3858 2529 3929 diligunt,
2567 3870 2621 3914 et
2667 3873 2889 3931 propter
2925 3863 3102 3932 populi
3138 3869 3533 3938 transgressio-

1949 3966 2045 4006 nes
2077 3950 2283 4022 lugent,
2316 3953 2416 4007 nisi
2452 3955 2882 4009 communicatio
2933 3956 3237 4014 divinitatis
3266 3975 3430 4029 quam
3455 3976 3532 4017 re-

1945 4043 2154 4114 cipiunt
2180 4043 2216 4098 ii
2241 4045 2333 4114 qui
2361 4061 2492 4099 sane
2525 4046 2668 4100 illam
2697 4047 3004 4118 intelligunt
3039 4048 3062 4100 ?

264 4184 626 4249 στεναζόντων
659 4185 752 4238 ἐπὶ
803 4187 923 4248 ταῖς
956 4184 1298 4255 παραϐάσεσι
1333 4186 1453 4248 ταῖς
1487 4183 1804 4254 γινομέναις
1843 4185 1899 4235 ὲν
1932 4183 2011 4254 τῷ
2040 4181 2153 4254 λαῷ
2174 4222 2188 4247 ,
2235 4184 2267 4256 ἢ
2298 4185 2331 4254 ἡ
2379 4185 2635 4239 κοινωνία
2665 4185 2764 4256 τῆς
2798 4183 3071 4258 θειότητος
3102 4190 3181 4252 εἰς
3211 4193 3338 4254 τοὺς
3368 4191 3535 4259 ὑγιῶς

260 4274 429 4345 αὐτὴν
461 4274 714 4338 νοοῦντας
741 4274 1016 4343 φθάνουσα
1033 4290 1046 4338 ;

333 4366 598 4431 Ἕδωκας
653 4366 1039 4433 εὐφροσύνην
1087 4367 1174 4432 εις
1221 4364 1337 4433 τὴν
1378 4365 1632 4434 καρδίαν
1669 4383 1790 4435 μου
1823 4405 1838 4428 ,

2024 4361 2186 4416 Vens.
2216 4359 2270 4413 7.
2315 4358 2520 4413 Dedisti
2551 4357 2794 4412 laetitiam
2837 4361 2891 4414 iu
2926 4365 3083 4418 corde
3113 4382 3245 4430 meo.
3283 4379 3388 4426 etc.
3425 4370 3535 4427 Hu-

260 4473 315 4510 κ.
342 4473 393 4509 τ.
426 4456 473 4508 ὲ.
537 4453 762 4524 Συνᾴδει
795 4453 888 4506 τοῦ
929 4455 1112 4524 στίχου
1143 4455 1254 4524 (l5)
1307 4456 1336 4507 ὁ
1365 4454 1490 4519 νοῦς
1515 4449 1596 4519 οἷς
1627 4457 1707 4518 εἰς
1742 4456 1832 4508 τὸν

261 4550 366 4621 πρὸ
390 4548 578 4602 τούτου
610 4549 937 4619 εἰρήκαμεν.
989 4549 1076 4602 Ἐν
1104 4551 1212 4621 γὰρ
1244 4550 1324 4621 τῷ
1356 4549 1714 4621 σημειοῦσθαι
1748 4549 1840 4601 ἐπὶ

258 4641 387 4703 τοὺς
434 4639 620 4707 ἁγίους
647 4639 706 4692 τὸ
735 4641 851 4709 φῶς
891 4639 984 4693 τοῦ
1022 4640 1315 4712 προσώπου
1350 4641 1578 4711 Κυρίου,
1619 4641 1672 4693 τί
1713 4639 1841 4693 ἄλλο

260 4731 477 4802 ἐστὶνῆ
524 4731 919 4803 εὐφραινομένη
971 4731 1204 4802 καρδία;
1255 4731 1432 4804 Ὅπερ
1491 4731 1838 4802 λαμϐάνομεν

259 4823 377 4877 ἀντὶ
403 4823 497 4876 τοῦ
547 4822 816 4893 νοητικοῦ,
844 4816 887 4888 ᾧ
907 4823 1162 4893 δίδοταιή
1199 4823 1504 4895 εὐφροσύνη
1543 4823 1838 4894 θεωροῦντι

256 4915 389 4968 Θεὸν
421 4926 514 4968 καὶ⁸
551 4913 829 4984 μετέχοντι
853 4914 952 4982 τῆς
981 4913 1253 4986 θειότητος
1281 4915 1468 4969 αὐτοῦ.
1505 4917 1581 4968 Οὐ
1641 4915 1834 4968 ταυτὸν

253 5003 310 5057 δέ
341 5007 456 5057 ἐστι
503 5003 579 5075 τῷ
624 5002 1008 5074 εὐφραίνεσθαι
1057 5004 1284 5075 καρδίαν
1334 5005 1395 5058 τὸ
1447 5006 1833 5076 εὐφραίνεσθαι

255 5097 451 5168 σάρκα.
491 5099 578 5151 Ἐν
612 5099 710 5168 μὲν
743 5097 852 5168 γὰρ
881 5097 1084 5170 θεωρία
1115 5101 1312 5172 καρδία
1340 5101 1690 5172 εὐφραίνεται
1717 5120 1729 5132 ·
1776 5105 1834 5155 ἐν

281 5189 442 5252 ὲτοῖς
476 5190 679 5252 ὐλικοῖς
726 5187 975 5260 βρώμασί
1013 5207 1074 5242 τε
1119 5192 1213 5245 καὶ
1257 5193 1463 5262 πόμασι
1515 5193 1609 5245 καὶ
1658 5191 1834 5262 μίξεσι

253 5280 390 5345 σὰρξ
418 5281 788 5351 εὐφραίνεται,
836 5285 934 5354 τῆς
984 5282 1210 5354 καρδίας
1252 5284 1690 5354 πεπαχυμμένης
1739 5284 1834 5337 καὶ

254 5369 388 5438 πρὸς
419 5372 479 5424 τὸ
515 5373 642 5425 ἴδιον
668 5373 869 5440 ἀγαθὸν
907 5372 1360 5445 ἐμποδιζομένης.
1396 5374 1564 5427 Ἐπὰν
1608 5370 1702 5427 οὖν
1744 5374 1830 5426 λέ·-

250 5479 413 5535 γηται
476 5465 532 5517 ἐν
589 5465 770 5529 αὐτοῖς
803 5467 912 5528 τοῖς
947 5465 1230 5533 Ψαλμοῖς·
1275 5485 1290 5515 ι
1339 5460 1494 5528 Οἷνος
1551 5465 1831 5537 εὐφραίνει

320 5647 364 5678 ⁸⁸
386 5647 529 5704 Psal.
583 5665 726 5716 ιινι,
767 5651 816 5705 1.

893 5651 936 5682 ⁸⁸
970 5651 1112 5706 Psal.
1144 5667 1257 5715 th,
1283 5651 1334 5704 6.
1412 5653 1453 5683 ⁸⁷
1488 5650 1684 5706 Ezech.
1725 5669 1800 5718 Ix,
1829 5654 1860 5706 3
1893 5665 1946 5708 et
1979 5671 2134 5723 seqq.

1943 4451 2034 4520 jus
2075 4448 2326 4506 versiculi
2363 4463 2554 4504 sensus
2586 4453 2859 4508 consentit
2883 4468 3004 4509 cum
3045 4455 3111 4510 iis
3149 4472 3270 4526 quae
3308 4459 3360 4514 in
3395 4477 3534 4529 prte-

1950 4543 2162 4597 cedenti
2211 4543 2469 4600 diximus.
2515 4545 2649 4600 Nam
2694 4547 2823 4617 quid
2853 4546 2998 4602 aliud
3027 4558 3111 4604 est
3137 4550 3316 4607 lumen
3355 4556 3534 4613 vultus

1949 4633 2167 4687 Domini
2197 4634 2470 4702 signatqu
2511 4652 2675 4705 super
2713 4648 2953 4700 sanctos,
2995 4655 3158 4708 quant
3199 4658 3294 4697 cor
3333 4644 3532 4703 laetitia:

1949 4724 2164 4794 plenum
2194 4725 2218 4778 ?
2247 4725 2400 4791 Quod
2425 4728 2722 4797 accipimus
2759 4743 2857 4796 pro
2889 4729 3187 4796 intellectu,
3215 4734 3301 4787 cui
3339 4736 3530 4790 tribui-

1948 4826 2036 4872 tur
2067 4817 2274 4883 latitia,
2303 4819 2430 4874 dum
2468 4821 2634 4874 Dettm
2683 4821 3085 4889 contemplatur
3142 4834 3193 4878 et
3225 4825 3529 4882 divinitatis

1943 4907 2058 4976 ejus
2090 4912 2365 4981 particeps
2399 4913 2654 4968 ellicitur.
2675 4913 2865 4967 Diﬂ’ert
2892 4923 3073 4967 autem
3121 4913 3304 4969 latitia
3346 4917 3526 4971 cordis

1943 5018 1972 5054 a
2005 5001 2190 5057 laetitia
2217 5005 2420 5059 carnis.
2441 5004 2496 5058 In
2523 5007 2980 5066 contemplatione
3004 5008 3148 5061 enim
3175 5007 3386 5063 laetatur
3407 5023 3522 5076 cor,

1945 5094 2000 5147 in
2054 5095 2287 5149 terrenis
2319 5111 2447 5150 vero
2487 5098 2624 5152 cibis
2655 5110 2712 5153 et
2759 5100 2975 5170 potibus
3014 5116 3079 5156 ac
3114 5103 3347 5158 coitibus
3377 5104 3524 5159 laeta-

1945 5192 2034 5237 tur
2087 5199 2242 5251 caro,
2277 5187 2443 5240 corde
2494 5188 2794 5245 iuet-assuto
2818 5203 2872 5247 et
2903 5193 2967 5246 ad
2999 5194 3278 5263 propriqu
3323 5195 3521 5250 bonum

1945 5276 2220 5346 impedito.
2254 5276 2392 5333 Cum
2429 5278 2593 5350 igitur
2625 5282 2676 5335 in
2705 5282 2895 5339 iisdem
2935 5284 3166 5340 Psalmis
3199 5285 3403 5340 dicitur
3437 5287 3519 5342 “z

1947 5387 1967 5419 ε
2009 5368 2204 5424 Vinum
2239 5370 2474 5426 laetiﬁcat
2502 5388 2596 5428 cor
2624 5377 2878 5443 hominis,
2901 5388 2955 5433 et
2986 5379 3140 5448 panis
3159 5393 3256 5434 cor
3286 5381 3524 5436 hominis

1940 5469 2248 5531 coulirutat,
2287 5488 2304 5518 ν
2333 5484 2517 5522 verum
2560 5487 2752 5536 pauent
2787 5491 2893 5544 quo
2931 5490 3082 5530 tuens
3114 5476 3299 5542 alitur,
3323 5485 3376 5530 el
3401 5475 3517 5533 [ru-

2212 5654 2255 5684 οε
2281 5653 2421 5708 Psal.
2463 5670 2578 5723 CIII,
2621 5657 2707 5710 ιε.

317 5821 427 5890 (l5)
453 5824 700 5892 Συνᾲδει
738 5827 840 5881 τοῦ
879 5829 1116 5899 στίχου,
1158 5839 1263 5886 etc.
1299 5829 1479 5886 Codex
1529 5829 1847 5886 Barocciaut;

1954 5831 2137 5888 Daniel
2163 5833 2232 5887 Ba
2244 5835 2464 5905 t‘barus.
