3942 6216
363 300 502 356 “69

1243 320 1252 327 τ
1357 299 1666 356 SELECTA
1706 299 1773 354 IN
1810 299 2146 368 PSALMOS.
2188 329 2256 339 ——
2292 299 2485 354 PSAL.
2529 299 2592 351 Υ.

3493 298 3640 352 H70

440 415 510 469 Τὸ
536 415 687 483 πρωῒ
705 415 1172 486 παραστήσομαί
1193 431 1312 479 σοι,
1353 417 1449 471 καὶ
1483 418 1810 496 ἐπόψομαι·
1852 419 1928 474 ὅτ.

2123 417 2280 482 Vsus.
2313 419 2370 485 5,
2403 417 2457 471 6.
2505 416 2660 473 Mane
2689 415 2873 469 astabo
2906 415 3022 479 tibi,
3054 425 3101 470 et
3134 416 3313 472 videbo
3345 421 3628 486 :quom’am

364 505 500 574 οὐχι
533 503 678 570 Θεὸς
701 503 894 558 θέλων
916 505 1177 573 ἀνομίαν
1201 504 1282 557 σὺ
1304 505 1379 571 εἷ,
1411 505 1554 562 οὐδὲ
1587 507 1945 575 παροικήσει

365 613 464 651 σοι
489 598 994 666 πονηρευόμενος,
1031 595 1176 652 οὐδὲ
1211 597 1564 668 διαμενοῦσι
1615 600 1946 672 παράνομοι

365 689 684 751 κατέναντι
733 690 852 746 τῶν
903 691 1228 762 ὀφθαλμῶν
1257 709 1395 758 σου,
1431 711 1484 747 κ.
1520 711 1570 746 τ.
1597 695 1643 746 ὲ.
1679 695 1832 765 ’Ἅμα
1868 693 1946 766 τῷ

369 782 644 836 ἀνατεῖλαι
667 782 780 854 (20)
833 783 924 837 τὸν
968 785 1118 855 ἣλιον
1171 787 1593 857 παραστήσομαί
1629 804 1732 850 σοι,
1761 787 1856 840 καὶ
1887 788 1945 840 ἐν

369 872 573 945 θεωρία
613 874 832 945 ἔσομαι,
867 893 886 926 ι
924 874 1019 928 τοῦ
1061 876 1134 947 μὴ
1169 873 1306 930 εἷναί
1350 894 1409 930 σε
1460 877 1681 930 θέλοντα
1716 880 1944 949 ἀνομίαν

365 964 518 1029 Θεὸν,
554 965 688 1037 μηδὲ
723 968 1048 1038 παροικήσει
1075 984 1157 1021 σοι
1189 969 1423 1040 πονηρὸς
1442 1008 1456 1030 ,
1478 969 1599 1025 οὐδὲ
1632 970 1944 1041 διαμενοῦσι

367 1056 675 1128 παράνομοι
710 1058 994 1114 κατέναντι
1023 1057 1131 1112 τῶν
1165 1059 1462 1131 ὀφθαλμῶν
1485 1078 1600 1115 σου.
1641 1083 1658 1114 ι
1707 1065 1795 1126 Ὠς
1835 1063 1944 1134 γὰρ

361 1148 484 1202 οὐδὲ
529 1148 773 1220 διαμένει
823 1150 992 1208 νοσῶν
1046 1153 1104 1204 ὲν
1155 1151 1450 1222 ὀφθαλμοῖς
1502 1152 1594 1208 τοῦ
1646 1155 1942 1225 δυναμένου

358 1237 697 1310 ,θεραπεῦσαι
763 1241 925 1298 αὐτὸν
971 1241 1175 1314 ἰατροῦ.
1231 1241 1402 1306 οὕτως
1461 1244 1580 1297 οὐδὲ
1631 1245 1944 1317 διαμενοῦσι

363 1331 668 1407 παράνομοι
696 1333 939 1390 ἐναντίον
966 1334 1076 1392 τῶν
1113 1334 1408 1405 ὀφθαλμῶν
1436 1335 1532 1388 τοῦ
1556 1336 1712 1391 Θεοῦ.

288 1414 296 1420 ’
445 1421 772 1489 Ἐμίσησας
791 1424 1024 1490 πάντας
1048 1425 1189 1490 τοὺς
1217 1424 1648 1495 ἐργαζομένους
1671 1427 1787 1495 τὴν
1806 1429 1943 1484 ἀνο-

355 1510 507 1590 μίαν
528 1528 542 1542 ⁶
575 1512 826 1577 ἀπολεῖς
857 1513 1091 1580 πάντας
1120 1516 1264 1582 τοὺς
1300 1517 1648 1585 ,λαλοῦντας
1687 1518 1754 1574 τὸ
1801 1520 1943 1590 ψεῦ-

358 1602 486 1669 δος,
512 1620 566 1660 κ.
597 1620 654 1664 τ.
692 1605 740 1658 ὲ.
765 1605 912 1668 -Τοὺς
942 1605 1040 1675 μὲν
1063 1609 1121 1660 ὲν
1141 1609 1207 1678 τῇ
1232 1607 1479 1680 πολιτείᾳ
1507 1609 1618 1680 (21)
1653 1611 1942 1677 πταίοντας

361 1693 763 1766 ἐργαζομένους
817 1695 920 1766 τὴν
983 1697 1215 1768 ἀνομίαν
1274 1698 1564 1770 ὠνόμασε·
1613 1702 1835 1767 τούτους
1883 1704 1940 1758 δὲ

2050 529 2153 565 non
2208 510 2348 568 Deus
2381 510 2556 575 volens
2601 508 2931 577 iniquitatem
2975 516 3031 559 tu
3055 521 3148 560 es:
3179 524 3340 579 neque
3374 507 3632 576 habitabit

2049 600 2201 668 iuxta
2233 608 2279 651 te
2330 597 2620 666 malignus,
2676 613 2838 665 neque
2865 596 3244 675 permanebunt
3286 598 3471 666 injusti
3510 608 3633 652 ante

2048 693 2229 748 oculos
2261 702 2406 746 tuos.
2451 689 2627 744 Simul
2662 704 2784 750 cum
2821 691 3035 750 oriente
3070 689 3183 743 sole
3213 691 3399 760 astabo
3429 689 3545 755 tibi,
3575 697 3632 746 et

2047 787 2100 842 in
2130 783 2590 854 contemplatione
2624 781 2905 845 versabor,
2948 798 2965 830 ‹
3015 779 3142 849 quia
3195 794 3299 838 n0n
3350 780 3492 835 Deus
3537 795 3632 835 vo-

2048 878 2164 932 lens
2191 875 2528 944 iniquitatem
2563 882 2619 926 tu
2648 886 2729 936 es,
2757 885 2930 944 neque
2955 870 3395 954 liabitabit‘juxta
3434 880 3485 924 te
3516 886 3629 924 ma-

2047 965 2246 1034 lignus,
2264 980 2437 1034 neque
2461 960 2855 1034 permanebunt
2879 961 3062 1036 ilnjusti
3095 955 3429 1050 anteoc'ulos
3453 969 3591 1016 tutos.
3608 979 3626 1010 ι

2039 1053 2510 1126 ‘Quemadmodmn
2555 1051 2696 1108 enim
2739 1052 2831 1122 qui
2878 1060 3106 1119 azgrotat
3151 1064 3257 1102 non
3291 1059 3472 1128 manet
3507 1058 3633 1102 ante

2043 1127 2230 1204 Oculos
2269 1141 2483 1204 medici,
2515 1141 2605 1210 qui
2659 1141 2808 1194 illum
2859 1154 3056 1194 sanare
3087 1140 3283 1208 possit,
3332 1138 3414 1194 sic
3459 1153 3634 1218 neque

2041 1235 2440 1303 permanebunt
2466 1233 2650 1304 iujusti
2689 1244 2818 1288 ante
2848 1234 3036 1290 oculos
3070 1232 3186 1288 Dei.

2118 1422 2282 1484 Vatis.
2315 1419 2366 1474 7.
2411 1419 2582 1480 Odisti
2618 1434 2794 1472 omnes
2818 1419 2908 1488 qui
2937 1426 3220 1498 operantur
3253 1415 3584 1498 iniquitatem
3613 1430 3633 1469 :

2042 1493 2432 1584 perdes-omnes
2454 1513 2543 1584 qui
2566 1511 2853 1586 loquuntur
2873 1495 3236 1576 mendacium,
3268 1493 3375 1562 etc.
3409 1508 3515 1568 Eos
3541 1509 3634 1577 qui

2046 1606 2097 1658 in
2130 1605 2253 1666 vita:
2277 1601 2617 1662 institutione
2648 1604 2929 1665 aberrant,
2961 1607 3254 1674 cperantes
3286 1598 3630 1672 iniquitatem

2044 1695 2361 1759 nominavit.
2392 1695 2499 1766 llos
2530 1705 2712 1752 autem
2748 1694 2859 1748 odit
2895 1693 3054 1772 Deus.
3087 1691 3157 1772 At
3187 1704 3280 1764 eos
3316 1690 3409 1764 qui
3436 1704 3466 1743 a
3489 1689 3632 1742 veri-

361 1790 512 1856 μισεῖ
542 1787 763 1852 όΘεός·
819 1789 946 1853 τοὺς
1001 1789 1058 1842 δὲ
1104 1791 1482 1857 ἀποπεσόντας
1536 1793 1636 1865 τῆς
1683 1794 1928 1865 ἀληθείας

2045 1799 2156 1843 tate
2194 1789 2558 1855 desciverunt,
2591 1797 2644 1848 et
2671 1771 2986 1854 opinionum
3013 1771 3275 1854 varietate
3305 1798 3334 1837 a
3367 1781 3474 1837 ﬁde
3503 1781 3633 1836 alie-

357 1877 696 1951 ἑτεροδάξους
726 1879 1020 1944 λαλοῦντας
1047 1882 1108 1935 τὸ
1126 1882 1322 1952 ψεῦδος
1342 1879 1523 1948 εἶπεν,
1569 1884 1662 1950 οὓς
1693 1886 1885 1944 ἀπολεί
1911 1890 1939 1940 6

361 1966 510 2029 Θεός.
533 1967 650 2022 Καὶ
672 1969 826 2038 τήρει
855 1968 1116 2040 διαφορὰν
1138 1970 1232 2024 τοῦ
1262 1991 1279 2022 ι
1305 1972 1575 2044 ἐμίσησας
1597 1994 1614 2024 ι
1636 1975 1729 2027 καὶ
1757 1994 1774 2025 ι
1799 1976 1936 2034 ἀπο-

361 2055 490 2120 λεῖς·
521 2077 537 2108 ›
562 2058 893 2128 πρῶτονμὲν
915 2062 963 2112 εἰ
985 2064 1162 2131 χεῖρον
1179 2061 1272 2115 τοῦ
1302 2083 1319 2114 ι
1340 2065 1562 2130 ἀπολεῖς
1585 2048 1604 2118 ί
1625 2068 1686 2124 τὸ
1708 2087 1724 2118 ι
1751 2068 1940 2140 ἐμίση-

362 2165 478 2211 σαςο
522 2168 540 2200 ι
574 2149 824 2221 δεύτερον
853 2150 930 2212 δὲ,
960 2151 1049 2205 διὰ
1071 2153 1123 2205 τί
1147 2153 1207 2206 τὸ
1243 2155 1341 2224 μὲν
1380 2159 1458 2219 εἰς
1492 2157 1580 2209 τὸν
1631 2157 1938 2229 παρεληλυ-

351 2236 488 2290 θότα
518 2237 755 2291 ἐνέκλινε
784 2239 994 2308 χρόνον,
1024 2242 1086 2294 τὸ
1113 2243 1170 2296 δὲ
1201 2245 1279 2307 εὶς
1303 2245 1393 2298 τὸν
1420 2246 1702 2316 μέλλοντα.
1728 2267 1746 2299 ι
1780 2251 1938 2310 Ἀπο-

349 2329 467 2398 ηλεῐς
502 2331 710 2395 πάντας
728 2335 855 2398 τοὺς
882 2333 1176 2400 λαλοῦντας
1205 2337 1265 2390 τὸ
1297 2337 1510 2407 ψεῦδος,
1543 2359 1560 2389 ι
1593 2341 1654 2393 ού
1687 2344 1813 2405 τοὺς
1845 2342 1938 2395 λα-

355 2422 642 2493 λήσαντας,
675 2424 810 2480 ἀλλὰ
845 2429 969 2492 τοὺς
1002 2429 1296 2495 λαλοῦντας
1316 2433 1624 2502 ,τὺψεῦδος
1647 2436 1709 2490 Et
1741 2435 1797 2490 δὲ
1822 2437 1938 2491 τού-

354 2532 478 2578 τους
505 2516 767 2572 ἀπόλλυσι
803 2519 1035 2592 Κύριος,
1093 2525 1200 2588 πᾶς
1253 2523 1309 2582 δὲ
1352 2525 1638 2598 ἄνθρωπος
1673 2528 1932 2602 ψεύστης.

358 2606 561 2671 πάντας
603 2608 896 2672 ἀπόλλυσιν
947 2613 976 2664 6
1014 2612 1186 2694 Θεὸς,
1221 2615 1329 2680 ἵνα,
1364 2615 1427 2669 τὸ
1476 2614 1615 2672 εἶναι
1660 2620 1936 2692 ἄνθρωποι

353 2696 701 2769 ἀποθέμενοι,
737 2700 992 2768 γίνωνται
1021 2702 1154 2770 θεοὶ,
1185 2705 1305 2768 ἐπεὶ
1336 2707 1429 2768 καὶ
1458 2707 1577 2768 ,θεοὶ
1631 2713 1933 2780 γεγονότες,

353 2790 448 2847 καὶ
476 2791 581 2844 υἱοὶ
626 2791 882 2862 Ὑψίστου
913 2795 1132 2859 πάντες,
1155 2798 1445 2865 ,γεγόνασιν
1475 2800 1774 2873 ἄνθρωποι.
1797 2805 1936 2869 Τοὺς

349 2882 692 2953 ὲτεροδόξους
747 2880 849 2950 ,οὖν
900 2886 1102 2962 ’ἀπολεῖ
1151 2890 1178 2942 6
1231 2891 1374 2956 Θεὸς
1436 2894 1494 2947 ὲν
1553 2894 1631 2966 τῷ
1686 2896 1936 2967 μέλλοντι

352 2985 529 3030 att-NI.

426 3069 640 3138 Ἄνδρα
665 3072 928 3142 αἱμάτων
982 3077 1080 3130 καὶ
1123 3077 1334 3132 δόλιον
1367 3079 1778 3143 ,ϐδελύσσεται
1817 3086 1934 3139 Κύ-

2046 1900 2112 1935 na
2154 1883 2413 1945 sentiunt,
2443 1883 2726 1952 loquentes
2774 1879 3116 1947 mendacium
3151 1877 3466 1952 appellavit,
3494 1890 3634 1945 quos

2045 1974 2230 2041 perdet
2253 1973 2412 2028 Deus.
2441 1973 2682 2028 Observa
2705 1980 2886 2026 autem
2915 1972 3224 2037 verborum,
3258 1987 3279 2020 ι
3314 1967 3497 2033 odisti,
3528 1985 3548 2038 ,ι
3577 1973 3631 2020 ct

2052 2086 2068 2117 ι
2089 2067 2300 2136 perdes,
2314 2087 2331 2119 ι
2353 2068 2676 2128 discrimen:
2698 2067 2929 2137 primum
2951 2066 3168 2135 quidem
3187 2081 3256 2118 an
3279 2065 3518 2120 deterius
3535 2065 3631 2130 sit,

2051 2174 2069 2206 ι
2094 2157 2301 2226 perdes,
2325 2176 2343 2209 ι
2364 2172 2527 2226 quam
2549 2175 2566 2208 ι
2587 2156 2782 2222 odisti;
2809 2175 2828 2208 ι
2849 2156 3040 2210 deinde
3072 2169 3172 2209 cur
3197 2154 3328 2209 illud
3355 2153 3406 2207 in
3435 2163 3631 2223 praete-

2048 2247 2173 2310 rito,
2209 2249 2313 2303 hoc
2343 2254 2395 2303 in
2430 2248 2613 2302 futuro
2652 2251 2916 2318 posuerit.
2957 2268 2974 2298 t
3037 2247 3237 2326 Perdes
3285 2261 3478 2302 omnes
3537 2247 3630 2314 qui

2048 2339 2341 2409 loquuntur
2373 2341 2742 2406 mendacium,
2767 2355 2874 2417 non
2917 2355 3011 2420 eos
3044 2339 3137 2410 qui
3163 2339 3329 2393 locuti
3373 2341 3631 2404 snnl,sed

2045 2431 2133 2497 qui
2167 2429 2335 2510 576
2368 2430 2664 2502 loquuntur
2693 2431 3068 2510 mendacium.
3097 2431 3254 2502 Quod
3281 2432 3325 2485 si
3357 2432 3457 2498 hos
3504 2445 3629 2501 per-

2045 2522 2123 2582 dit
2156 2523 2314 2586 Deus,
2353 2531 2404 2576 ct
2461 2523 2642 2594 omnis
2683 2522 2846 2577 homo
2878 2524 3106 2586 mendax
3153 2532 3253 2585 est,
3287 2537 3478 2578 omnes
3505 2537 3631 2592 per-

2046 2595 2345 2680 dit‘Deus,
2392 2626 2450 2671 ut
2503 2617 2754 2672 homines
2804 2630 2926 2671 esse
2974 2616 3311 2682 desinentes,
3353 2616 3486 2670 ﬁant
3528 2615 3628 2679 dii,

2043 2687 2482 2780 quandoquidem
2523 2719 2579 2764 et
2612 2709 2705 2778 qui
2741 2708 2812 2763 dii
2863 2708 2989 2765 facti
3034 2719 3160 2764 sunt
3188 2718 3243 2766 et
3275 2708 3369 2764 lilii
3408 2709 3628 2765 Excelsi

2043 2811 2252 2870 omnes,
2291 2797 2344 2852 hi
2373 2797 2592 2870 fuerunt
2621 2799 2890 2856 homines.
2928 2799 3196 2878 Caeterum
3227 2801 3277 2855 in
3309 2799 3494 2854 futuro
3522 2815 3626 2855 8:2.

2044 2888 2167 2943 culo
2185 2889 2334 2960 lDeus
2357 2891 2547 2960 perdet
2576 2905 2768 2947 omnes
2799 2892 2890 2962 qui
2931 2891 3106 2962 aliena
3156 2908 3186 2945 a
3225 2893 3331 2948 ﬁde
3361 2893 3625 2948 sentiunt.

2117 3072 2282 3132 Vens.
2307 3069 2362 3127 8.
2401 3069 2584 3124 Virum
2613 3073 2930 3142 sanguinum
2963 3085 3011 3128 et
3033 3075 3274 3130 dolosam
3305 3077 3628 3133 abominabi-

341 3177 492 3227 ριος,
518 3179 573 3217 κ.
607 3181 656 3217 τ.
686 3165 732 3218 ὲ.
779 3165 941 3237 Ἀνὴρ
967 3168 1215 3238 αἱμάτων
1251 3170 1388 3241 (εν)
1416 3173 1444 3223 6
1476 3171 1536 3236 ἐξ
1563 3174 1812 3244 αἱμάτων
1843 3191 1928 3244 γε-

2040 3176 2126 3218 tur
2177 3164 2460 3228 Dominus,
2516 3172 2622 3218 etc.
2671 3163 2762 3218 Vir
2819 3169 3164 3239 sanguinum,
3209 3181 3304 3225 aut
3340 3171 3385 3226 is
3436 3172 3526 3241 qui
3557 3185 3626 3226 ex

350 3251 694 3328 γεννημένος,
715 3254 752 3324 ἢ
766 3256 808 3315 ,ὁ
831 3257 1071 3333 φονικός.

431 3340 571 3411 Ἐγὼ
594 3343 662 3396 δὲ
694 3344 764 3397 ἐν
782 3346 862 3412 τῷ
879 3346 1100 3413 πλήθει
1134 3349 1242 3405 τοῦ
1261 3350 1474 3417 ἐλέους
1501 3368 1618 3408 σου
1667 3356 1932 3411 εἰσελεύ-

346 3447 528 3500 σομαι
550 3436 638 3500 εις
658 3434 766 3488 τὸν
790 3433 960 3491 οἶκόν
979 3455 1096 3494 σου
1123 3454 1138 3469 ’
1166 3441 1575 3509 προσκυνήσω
1599 3445 1748 3512 πρὸς
1781 3447 1932 3502 ναὸν

345 3521 518 3590 ἅγιόν
549 3537 666 3579 σου
705 3526 777 3580 ἐν
798 3529 959 3601 ρόόῳ
988 3544 1126 3594 σου,
1161 3549 1214 3585 κ.
1239 3550 1288 3586 τ.
1317 3535 1365 3587 ὲ.
1407 3535 1527 3588 Τῶν
1561 3540 1932 3610 πονηρευομέ-

347 3632 454 3668 νων
477 3616 585 3687 (22)
608 3617 703 3672 καὶ
737 3621 1072 3691 παρανόμων
1107 3623 1169 3678 ού
1197 3626 1604 3696 παροικούντων
1642 3647 1744 3696 σοι,
1806 3633 1928 3686 οὐδὲ

342 3705 704 3778 διαμενόντων
736 3711 842 3766 ὑπὸ
869 3712 966 3783 τὴν
992 3713 1226 3786 θεωρίαν
1261 3735 1354 3770 σου
1373 3758 1388 3781 ,
1419 3719 1531 3789 ἐγὼ
1564 3720 1698 3792 ἐλέῳ
1729 3723 1808 3794 τῷ
1848 3723 1927 3795 σῷ

343 3797 720 3870 εἰσελεύσομαι
753 3803 833 3866 εἰς
853 3803 949 3862 ,τὸν
987 3801 1132 3861 οἶκόν
1170 3825 1284 3862 σου.
1322 3808 1478 3864 Οὕτω
1507 3812 1614 3884 γὰρ
1637 3815 1732 3868 καὶ
1753 3818 1924 3870 εἰπεῖν

339 3890 640 3961 δυνήσομαι
662 3909 674 3922 ο
716 3913 734 3944 ι
769 3894 843 3950 Τὸ
871 3897 1022 3966 ,πρωῒ
1055 3904 1480 3975 παραστήσομαι
1516 3925 1616 3970 σοι,
1652 3908 1748 3962 καὶ
1796 3910 1922 3962 ἐπό-

337 3979 428 4046 ύει
460 3997 546 4050 με.
578 4000 597 4032 ι
621 3983 742 4042 ,Καὶ
779 3985 901 4042 ἐπεὶ
928 3987 1027 4042 οὐκ
1061 3987 1236 4055 ἄλλως
1258 3991 1289 4062 ἢ
1309 3993 1444 4066 ἐλέῳ
1476 3995 1552 4066 τῷ
1585 3997 1662 4068 σῷ
1687 4000 1924 4053 εἰσελεύ-

333 4089 502 4144 σομαι
541 4076 621 4139 εἰς
656 4076 747 4130 τὸν
767 4073 916 4134 οἶκόν
945 4097 1060 4146 σου,
1101 4084 1198 4136 σὺν
1227 4085 1484 4161 εὐλαϐείᾳ
1523 4091 1690 4164 πολλῇ
1724 4093 1922 4164 ὀνομα-

338 4165 538 4258 ζαμένῃ
569 4168 720 4240 φόϐῳ
743 4187 836 4224 σου
871 4177 1235 4248 προσκυνήσω
1264 4196 1346 4232 σοι
1377 4182 1646 4254 πνεύματι
1676 4186 1770 4239 καὶ
1787 4187 1919 4258 ἀλη-

335 4257 683 4327 θείᾳ,.ὲλθὼν
711 4263 846 4333 πρὸς
875 4265 966 4319 τὸν
1000 4267 1154 4335 ἅγιόν
1201 4287 1293 4323 σου
1331 4274 1477 4328 ναόν.
1533 4275 1678 4344 Ngo;
1707 4277 1763 4330 δὲ
1824 4257 1918 4332 καὶ

334 4346 483 4444 οἶκος
505 4351 650 4405 ,Θεοῦ
737 4356 871 4424 ἁγία
901 4360 995 4412 κα)¹
1048 4362 1302 4435 ἐνάρετος
1333 4369 1667 4434 κατάστασις
1696 4411 1710 4435 ,
1758 4373 1824 4444 ἦν
1868 4375 1916 4426 οἱ

335 4439 550 4508 ἔχοντες
577 4443 715 4512 μετὰ
741 4449 1052 4520 παρρησίας
1085 4455 1267 4521 φασίν.
1311 4458 1547 4530 Χριστὸς
1583 4461 1639 4515 δὲ
1673 4462 1748 4526 ὡς
1781 4439 1915 4528 ϋυὶὸς

2036 3253 2390 3323 sanguinibus
2426 3262 2584 3308 natus
2611 3263 2713 3320 est,
2750 3266 2843 3311 aut
2877 3259 2921 3312 is
2953 3259 3044 3326 qui
3084 3259 3352 3314 homicida
3384 3270 3490 3316 cst.

2106 3344 2273 3401 Vsus.
2295 3346 2347 3405 8.
2379 3346 2432 3400 9.
2459 3345 2573 3418 Ego
2602 3360 2773 3402 autent
2804 3356 2855 3402 t’n
2886 3351 3223 3404 multitudine
3248 3341 3626 3408 misericordia:

2033 3449 2140 3500 tua:
2171 3441 2402 3494 introibo
2441 3442 2495 3495 in
2526 3443 2741 3496 domum
2780 3454 2922 3497 tuam
2950 3457 2967 3494 :
3005 3445 3240 3498 adorabo
3270 3453 3338 3498 ad
3372 3446 3622 3515 templum

2031 3544 2272 3590 sanctum
2316 3543 2464 3585 tuum
2521 3533 2576 3587 in
2606 3534 2793 3588 timore
2828 3545 2941 3601 tuo,
2975 3546 3082 3591 etc.
3131 3535 3266 3591 Cum
3316 3537 3538 3609 maligni
3567 3550 3625 3594 et

2032 3627 2202 3696 iniqui
2230 3643 2335 3681 non
2386 3627 2637 3683 habitent
2662 3627 2818 3695 juxta
2855 3641 2926 3694 te,
2977 3647 3152 3702 neque
3182 3633 3283 3688 θυι»
3337 3645 3619 3704 aspectum

2031 3727 2178 3772 tuum
2207 3729 2584 3786 permaneant,
2615 3735 2718 3790 ego
2764 3723 3139 3778 misericordia
3157 3732 3255 3780 tua
3290 3726 3524 3781 introibo
3562 3727 3618 3781 in

2028 3812 2246 3871 dontum
2279 3818 2446 3864 tuam.
2478 3811 2570 3865 Sic
2617 3813 2760 3866 enint
2790 3815 2954 3867 etiam
2984 3815 3164 3869 dicere
3187 3825 3374 3885 potero
3403 3834 3418 3872 :
3450 3837 3469 3870 ι
3500 3817 3615 3874 Ma-

2031 3916 2096 3956 ne
2129 3905 2320 3958 astabo
2347 3903 2522 3959 tibi.et
2571 3904 2777 3960 videbis
2808 3921 2942 3959 me.»
2977 3905 3050 3962 ,Et
3079 3909 3336 3976 quoniam
3373 3925 3477 3963 non
3512 3911 3612 3966 ali-

2013 3985 2110 4052 Iter
2138 4012 2295 4065 quam
2325 4006 2416 4050 tua
2444 3997 2816 4053 misericordia
2845 3997 3084 4052 introibo
3106 3998 3160 4060 in
3193 4001 3408 4056 dommn
3445 4013 3613 4068 tuam,

2025 4104 2148 4144 cum
2181 4088 2384 4156 pietate
2411 4089 2581 4143 multa
2605 4104 2724 4158 qua
2759 4088 2962 4144 dicitur
3002 4089 3166 4145 timor
3190 4101 3332 4158 tuus,
3376 4095 3614 4153 adorabo

2025 4190 2077 4236 te
2106 4180 2158 4233 iu
2191 4181 2384 4248 spiritu
2417 4189 2471 4234 et
2509 4181 2739 4235 veritate
2785 4179 3063 4250 ingressus
3096 4181 3152 4236 in
3188 4185 3448 4255 templum
3480 4201 3611 4242 san-

2023 4280 2166 4324 ctum
2195 4270 2670 4342 tuum.Templum
2693 4281 2874 4326 autem
2897 4282 2951 4327 et
2973 4273 3168 4330 domus
3193 4274 3310 4343 Dei,
3361 4289 3448 4332 est
3476 4278 3612 4338 alle-

2022 4364 2131 4416 ctio
2174 4373 2365 4418 sancta
2424 4374 2478 4420 et
2519 4363 2724 4420 virtute
2763 4366 3012 4435 pratdita,
3047 4383 3210 4438 quam
3245 4371 3336 4440 qui
3385 4373 3610 4439 habent,

2024 4455 2320 4523 loquuntur
2359 4473 2481 4512 cum
2516 4458 2866 4515 conﬁdentia.
2913 4460 3166 4518 Christus
3188 4480 3317 4520 vero
3353 4476 3609 4537 tanquam

335 4533 427 4586 ἐπὶ
449 4533 541 4588 τὸν
571 4533 717 4590 οἷκον
742 4541 927 4606 αὑτοῦ,
948 4538 1008 4598 οὗ
1040 4541 1186 4612 οἶκός
1206 4527 1373 4622 ἐσμεν
1402 4556 1585 4624 ἡμεῖς.
1635 4557 1796 4618 Ἀλλὰ
1821 4527 1915 4612 καλ.

2045 4550 2168 4604 ilius
2210 4551 2355 4606 venit
2399 4551 2451 4606 in
2503 4553 2720 4608 domum
2753 4569 2929 4623 suam,
2962 4557 3115 4626 cujus
3149 4575 3248 4614 nos
3280 4559 3476 4615 domus
3518 4576 3610 4614 su-

335 4627 747 4696 προσφωνοῦσιν
789 4633 997 4706 ἑτέροις
1047 4647 1259 4708 πιστοῖς
1303 4646 1637 4717 γράφοντες·
1703 4669 1720 4701 ι
1769 4653 1916 4717 Ναὺς

331 4719 660 4813 ᾅγιόςὲστε,
697 4725 791 4780 καὶ
833 4729 1170 4813 ’τὰ-σώματα
1227 4737 1379 4807 ὑμῶν
1429 4740 1554 4804 ναὸς
1603 4741 1696 4795 τοῦ
1756 4744 1914 4813 ἁγίου

343 4812 654 4906 Ιξνεύματός
679 4817 845 4884 ὲατιν,
873 4811 934 4871 οὗ
963 4819 1115 4890 ἔχετε
1146 4823 1254 4878 ὑπὸ
1274 4827 1428 4882 Θεοῦ.
1460 4850 1478 4882 ι
1516 4830 1640 4895 Πῶς
1666 4832 1775 4906 γὰρ
1807 4811 1914 4889 οὐκ

335 4899 482 4968 οἶκος
520 4906 615 4960 καὶ
637 4908 918 4968 ναὸς-Θεοῦ
943 4913 981 4970 ,ὁ
1000 4915 1182 4986 τηρῶν
1210 4917 1299 4971 τὸν
1335 4921 1507 4991 Ἰησοῦ
1539 4899 1695 4991 λόγον
1719 4899 1757 4988 ,⁷
1776 4927 1913 4998 πρὸς

329 4994 388 5046 ὃν
415 4995 444 5047 6
469 4995 603 5059 Υἱὸς
630 4998 721 5050 καὶ
749 5000 778 5052 6
795 5000 991 5074 Πατὴρ
1015 5005 1182 5076 μονὴν
1211 5007 1524 5074 ποιοῦνται;
1559 5013 1793 5067 Δυνατὸν
1818 4994 1914 5068 ναὶ

328 5085 425 5156 τὴν
467 5087 928 5164 ὲκκλησιαστικὴν
959 5095 1183 5168 γνώμην
1226 5099 1322 5153 καὶ
1365 5099 1721 5158 διδασκαλίαν
1765 5102 1911 5160 οἷκον

328 5179 531 5250 Κυρίου
560 5181 724 5249 φάναι
757 5185 852 5237 καὶ
873 5186 998 5239 ναὸν
1019 5187 1207 5244 αὑτοῦ.
1233 5190 1497 5260 Δηλοῦται
1525 5193 1682 5248 τοῦτο
1715 5198 1779 5250 ἐκ
1801 5198 1909 5252 τῶν

324 5271 688 5342 γραφομένων
741 5276 1020 5350 Τιμοθέῳ·
1055 5300 1070 5329 ι
1099 5280 1216 5334 Ἵνα
1264 5283 1409 5356 εἰδῇς
1443 5285 1562 5351 πῶς
1611 5287 1694 5341 δεῖ
1748 5307 1807 5343 σε
1849 5292 1908 5344 ὲν

381 5365 425 5396 ⁷¹
458 5365 476 5418 I
509 5367 634 5422 Cor.
677 5384 749 5431 v1,
783 5370 868 5428 l9.

393 5461 505 5531 (‘20)
537 5464 783 5541 "templi
811 5467 1147 5541 ἀνατεῖλαι,
1187 5483 1294 5527 etc.
1351 5473 1663 5541 Corderius.
1698 5479 1902 5537 Barba-

317 5548 438 5615 rus,
478 5534 638 5588 eod'd.
682 5535 815 5600 Rue,
845 5534 1234 5605 Daroccianus,
1269 5553 1323 5598 ct
1374 5546 1587 5603 scheme
1613 5534 1904 5614 ,(Ξοηώὲιί-

321 5622 504 5760 T12”
542 5675 586 5728 Τ
581 5674 831 5760 οὺςλιεξξ·
850 5677 1021 5760 érfti
1055 5684 1368 5760 πολιτείᾳ.
1389 5697 1497 5760 etc.
1523 5689 1720 5750 Daniel
1751 5690 1900 5760 ,Bar-

324 5741 507 5805 barus.
537 5741 752 5802 schedia
781 5741 1120 5817 Combelisii,
1147 5763 1200 5808 et
1233 5741 1390 5811 codd.
1417 5741 1720 5823 Anglicani.

2013 4658 2168 4704 mus.
2196 4643 2418 4710 Quinet
2452 4645 2540 4702 alii
2589 4646 2774 4704 ﬁdeles
2807 4663 2904 4722 per
2940 4650 3221 4720 epistolam
3261 4653 3340 4707 sic
3373 4652 3608 4720 compel-

2025 4736 2208 4792 lantur
2236 4738 2282 4772 ‘“
2323 4757 2336 4792 :
2374 4756 2392 4790 ι
2446 4739 2728 4810 Templum
2773 4754 3020 4805 sanctum
3075 4744 3230 4809 estis,
3280 4752 3335 4797 et
3375 4758 3604 4811 corpora

2023 4839 2199 4886 vestra
2229 4831 2482 4900 templum
2512 4841 2638 4888 sunt
2668 4833 2906 4902 Spiritus
2955 4833 3149 4897 sancti,
3185 4847 3346 4902 quem
3389 4833 3606 4889 habetis

2017 4937 2045 4973 a
2081 4923 2206 4978 Deo.
2239 4941 2258 4975 ι
2295 4924 2575 4990 Quomodo
2619 4926 2761 4980 enim
2795 4942 2900 4980 non
2933 4927 3005 4981 sit
3029 4924 3223 4980 domus
3251 4933 3305 4980 ct
3342 4924 3601 4994 templum

2019 5017 2133 5082 Dei,
2160 5020 2252 5086 qui
2277 5029 2459 5076 servat
2481 5018 2609 5074 Jesn
2633 5037 2962 5086 sermonem,
2989 5030 3042 5073 et
3073 5020 3214 5088 apud
3238 5035 3400 5089 quem
3429 5020 3602 5075 Filius

2013 5119 2070 5162 et
2095 5109 2260 5166 Pater
2283 5115 2614 5168 mansionem
2641 5114 2850 5169 faciunt
2873 5113 2896 5167 ?
2919 5113 3106 5169 Posset
3138 5113 3302 5167 ctiam
3332 5111 3595 5169 ecclesia-

2013 5202 2148 5256 stica
2183 5217 2373 5257 norma
2404 5215 2458 5260 et
2492 5207 2739 5261 doctrina
2773 5207 2965 5261 donnts
3006 5207 3217 5260 Domini
3259 5218 3314 5262 et
3339 5207 3596 5278 templum

2014 5296 2131 5365 ejus
2169 5297 2539 5367 appellari._ld
2577 5309 2727 5370 patet
2763 5317 2828 5355 ex
2870 5303 2936 5356 iis
2967 5318 3086 5370 quae
3113 5303 3316 5372 scripta
3349 5314 3475 5358 sunt
3507 5301 3600 5357 Ti-

2083 5487 2219 5572 (ίξΓ)
2268 5488 2436 5558 Ἀνὴρ
2462 5491 2745 5560 αΙμάτων,
2771 5501 2875 5546 etc.
2914 5492 3139 5572 Selteda:
3199 5509 3325 5549 uss.
3381 5494 3592 5562 Grabli,

2011 5556 2346 5701 Pdtiﬂlg‘)r;%h-
2375 5630 2897 5701 πονηρευομένων,
2925 5642 3029 5690 etc.
3083 5632 3396 5700 Corderius,
3460 5638 3596 5691 Bar-

2009 5698 2192 5765 batus,
2228 5703 2439 5758 scheda:
2469 5698 2802 5771 Gentbclisii,
2835 5713 2889 5761 et
2925 5705 3084 5761 codd.
3111 5698 3415 5779 Anglicani.
