  <div class='ocr_page' id='page_1' title='image "/cluster/home/n/w/nwhite01/storage/ocr_20150623/12/hvd.32044052796216/591.png"; bbox 0 0 3942 6216; ppageno 0'>
   <div class='ocr_carea' id='block_1_1' title="bbox 372 337 505 392">
    <p class='ocr_par' dir='ltr' id='par_1_1' title="bbox 372 337 505 392">
     <span class='ocr_line' id='line_1_1' title="bbox 372 337 505 392; baseline -0.008 -1"><span class='ocrx_word' id='word_1_1' title='bbox 372 337 505 392; x_wconf 78' lang='lat'><strong>“7|</strong></span> 
     </span>
    </p>
   </div>
   <div class='ocr_carea' id='block_1_2' title="bbox 1792 324 2222 382">
    <p class='ocr_par' dir='ltr' id='par_1_2' title="bbox 1792 324 2222 382">
     <span class='ocr_line' id='line_1_2' title="bbox 1792 324 2222 382; baseline -0.007 0"><span class='ocrx_word' id='word_1_2' title='bbox 1792 326 1883 382; x_wconf 79' lang='lat' dir='ltr'><strong>EX</strong></span> <span class='ocrx_word' id='word_1_3' title='bbox 1919 324 2222 382; x_wconf 73' lang='lat' dir='ltr'><strong>ORIGENE</strong></span> 
     </span>
    </p>
   </div>
   <div class='ocr_carea' id='block_1_3' title="bbox 3510 321 3658 374">
    <p class='ocr_par' dir='ltr' id='par_1_3' title="bbox 3510 321 3658 374">
     <span class='ocr_line' id='line_1_3' title="bbox 3510 321 3658 374; baseline 0 0"><span class='ocrx_word' id='word_1_4' title='bbox 3510 321 3658 374; x_wconf 70' lang='lat' dir='ltr'><strong>H72</strong></span> 
     </span>
    </p>
   </div>
   <div class='ocr_carea' id='block_1_4' title="bbox 371 435 1960 514">
    <p class='ocr_par' dir='ltr' id='par_1_4' title="bbox 371 443 1958 514">
     <span class='ocr_line' id='line_1_4' title="bbox 371 443 1958 514; baseline -0.007 -7"><span class='ocrx_word' id='word_1_5' title='bbox 371 454 589 507; x_wconf 85' lang='lat' dir='ltr'><strong>lthlllCO</strong></span> <span class='ocrx_word' id='word_1_6' title='bbox 624 469 637 504; x_wconf 92' lang='lat'><strong>:</strong></span> <span class='ocrx_word' id='word_1_7' title='bbox 681 469 698 500; x_wconf 79' lang='grc' dir='ltr'><strong>ι</strong></span> <span class='ocrx_word' id='word_1_8' title='bbox 731 447 801 503; x_wconf 88' lang='lat' dir='ltr'><strong>Ut</strong></span> <span class='ocrx_word' id='word_1_9' title='bbox 834 447 978 503; x_wconf 82' lang='lat' dir='ltr'><strong>scias</strong></span> <span class='ocrx_word' id='word_1_10' title='bbox 1015 445 1286 514; x_wconf 85' lang='lat' dir='ltr'><strong>quomodo</strong></span> <span class='ocrx_word' id='word_1_11' title='bbox 1317 453 1370 500; x_wconf 86' lang='lat' dir='ltr'><strong>te</strong></span> <span class='ocrx_word' id='word_1_12' title='bbox 1415 451 1667 513; x_wconf 79' lang='lat' dir='ltr'><strong>Oportcat</strong></span> <span class='ocrx_word' id='word_1_13' title='bbox 1695 443 1747 497; x_wconf 92' lang='lat' dir='ltr'><strong>in</strong></span> <span class='ocrx_word' id='word_1_14' title='bbox 1798 444 1958 496; x_wconf 87' lang='lat' dir='ltr'><strong>domo</strong></span> 
     </span>
    </p>
   </div>
   <div class='ocr_carea' id='block_1_5' title="bbox 2070 435 3657 514">
    <p class='ocr_par' dir='ltr' id='par_1_5' title="bbox 2070 435 3657 511">
     <span class='ocr_line' id='line_1_5' title="bbox 2070 435 3657 511; baseline -0.006 -17"><span class='ocrx_word' id='word_1_15' title='bbox 2070 443 2190 511; x_wconf 79' lang='grc' dir='ltr'>›τκῳ</span> <span class='ocrx_word' id='word_1_16' title='bbox 2220 437 2424 510; x_wconf 82' lang='grc' dir='ltr'>Κυρίου</span> <span class='ocrx_word' id='word_1_17' title='bbox 2464 437 2898 509; x_wconf 80' lang='grc' dir='ltr'>ἀναστρέφεσθαι</span> <span class='ocrx_word' id='word_1_18' title='bbox 2937 475 2951 499; x_wconf 94' lang='grc'><strong>,</strong></span> <span class='ocrx_word' id='word_1_19' title='bbox 3000 436 3122 506; x_wconf 76' lang='grc' dir='ltr'>ἥτις</span> <span class='ocrx_word' id='word_1_20' title='bbox 3153 435 3302 489; x_wconf 72' lang='grc' dir='ltr'>ἐστὶν</span> <span class='ocrx_word' id='word_1_21' title='bbox 3345 435 3657 503; x_wconf 72' lang='grc' dir='ltr'>Ἐκκλησία</span> 
     </span>
    </p>
   </div>
   <div class='ocr_carea' id='block_1_6' title="bbox 372 537 1944 608">
    <p class='ocr_par' dir='ltr' id='par_1_6' title="bbox 372 537 1944 608">
     <span class='ocr_line' id='line_1_6' title="bbox 372 537 1944 608; baseline -0.006 -11"><span class='ocrx_word' id='word_1_22' title='bbox 372 544 581 600; x_wconf 76' lang='lat' dir='ltr'><strong>Dounini</strong></span> <span class='ocrx_word' id='word_1_23' title='bbox 637 540 975 605; x_wconf 82' lang='lat' dir='ltr'><strong>conversari,</strong></span> <span class='ocrx_word' id='word_1_24' title='bbox 1017 555 1138 608; x_wconf 65' lang='lat' dir='ltr'><strong>quae</strong></span> <span class='ocrx_word' id='word_1_25' title='bbox 1192 548 1277 594; x_wconf 87' lang='lat' dir='ltr'><strong>est</strong></span> <span class='ocrx_word' id='word_1_26' title='bbox 1328 537 1567 594; x_wconf 84' lang='lat' dir='ltr'><strong>Ecclesia</strong></span> <span class='ocrx_word' id='word_1_27' title='bbox 1612 538 1707 594; x_wconf 96' lang='lat' dir='ltr'><strong>Dei</strong></span> <span class='ocrx_word' id='word_1_28' title='bbox 1760 537 1888 591; x_wconf 93' lang='lat' dir='ltr'><strong>vivi.</strong></span> <span class='ocrx_word' id='word_1_29' title='bbox 1927 555 1944 588; x_wconf 75' lang='grc' dir='ltr'><strong>ι</strong></span> 
     </span>
    </p>
   </div>
   <div class='ocr_carea' id='block_1_7' title="bbox 369 629 1948 700">
    <p class='ocr_par' dir='ltr' id='par_1_7' title="bbox 369 629 1948 700">
     <span class='ocr_line' id='line_1_7' title="bbox 369 629 1948 700; baseline -0.005 -12"><span class='ocrx_word' id='word_1_30' title='bbox 369 638 530 689; x_wconf 69' lang='lat' dir='ltr'><strong>Justa</strong></span> <span class='ocrx_word' id='word_1_31' title='bbox 560 643 846 700; x_wconf 86' lang='lat' dir='ltr'><strong>utramque</strong></span> <span class='ocrx_word' id='word_1_32' title='bbox 877 631 1371 685; x_wconf 76' lang='lat' dir='ltr'><strong>considerationem</strong></span> <span class='ocrx_word' id='word_1_33' title='bbox 1411 630 1713 700; x_wconf 74' lang='lat' dir='ltr'><strong>ingreditur</strong></span> <span class='ocrx_word' id='word_1_34' title='bbox 1742 629 1864 698; x_wconf 92' lang='lat' dir='ltr'><strong>quis</strong></span> <span class='ocrx_word' id='word_1_35' title='bbox 1897 629 1948 681; x_wconf 91' lang='lat' dir='ltr'><strong>in</strong></span> 
     </span>
    </p>
   </div>
   <div class='ocr_carea' id='block_1_8' title="bbox 370 720 1948 792">
    <p class='ocr_par' dir='ltr' id='par_1_8' title="bbox 370 720 1948 792">
     <span class='ocr_line' id='line_1_8' title="bbox 370 720 1948 792; baseline -0.006 -13"><span class='ocrx_word' id='word_1_36' title='bbox 370 729 591 780; x_wconf 89' lang='lat' dir='ltr'><strong>domum</strong></span> <span class='ocrx_word' id='word_1_37' title='bbox 625 725 834 779; x_wconf 85' lang='lat' dir='ltr'><strong>Domini</strong></span> <span class='ocrx_word' id='word_1_38' title='bbox 867 734 921 778; x_wconf 89' lang='lat' dir='ltr'><strong>et</strong></span> <span class='ocrx_word' id='word_1_39' title='bbox 951 723 1145 777; x_wconf 89' lang='lat' dir='ltr'><strong>adorat</strong></span> <span class='ocrx_word' id='word_1_40' title='bbox 1172 725 1238 776; x_wconf 82' lang='lat' dir='ltr'><strong>ad</strong></span> <span class='ocrx_word' id='word_1_41' title='bbox 1267 723 1523 792; x_wconf 87' lang='lat' dir='ltr'><strong>templum</strong></span> <span class='ocrx_word' id='word_1_42' title='bbox 1545 731 1791 778; x_wconf 89' lang='lat' dir='ltr'><strong>sanctum</strong></span> <span class='ocrx_word' id='word_1_43' title='bbox 1811 720 1948 788; x_wconf 75' lang='lat' dir='ltr'><strong>ejus,</strong></span> 
     </span>
    </p>
   </div>
   <div class='ocr_carea' id='block_1_9' title="bbox 373 813 1949 885">
    <p class='ocr_par' dir='ltr' id='par_1_9' title="bbox 373 813 1949 885">
     <span class='ocr_line' id='line_1_9' title="bbox 373 813 1949 885; baseline -0.002 -16"><span class='ocrx_word' id='word_1_44' title='bbox 373 819 543 885; x_wconf 85' lang='lat' dir='ltr'><strong>magis</strong></span> <span class='ocrx_word' id='word_1_45' title='bbox 601 816 782 870; x_wconf 88' lang='lat' dir='ltr'><strong>divina</strong></span> <span class='ocrx_word' id='word_1_46' title='bbox 843 816 1218 871; x_wconf 78' lang='lat' dir='ltr'><strong>misericordia</strong></span> <span class='ocrx_word' id='word_1_47' title='bbox 1256 830 1418 884; x_wconf 86' lang='lat' dir='ltr'><strong>quam</strong></span> <span class='ocrx_word' id='word_1_48' title='bbox 1467 813 1683 883; x_wconf 89' lang='lat' dir='ltr'><strong>propria</strong></span> <span class='ocrx_word' id='word_1_49' title='bbox 1737 813 1949 866; x_wconf 85' lang='lat' dir='ltr'><strong>vivendi</strong></span> 
     </span>
    </p>
   </div>
   <div class='ocr_carea' id='block_1_10' title="bbox 374 906 1152 964">
    <p class='ocr_par' dir='ltr' id='par_1_10' title="bbox 374 906 1152 964">
     <span class='ocr_line' id='line_1_10' title="bbox 374 906 1152 964; baseline -0.004 -1"><span class='ocrx_word' id='word_1_50' title='bbox 374 911 587 964; x_wconf 80' lang='lat' dir='ltr'><strong>ratione</strong></span> <span class='ocrx_word' id='word_1_51' title='bbox 617 918 672 962; x_wconf 89' lang='lat' dir='ltr'><strong>et</strong></span> <span class='ocrx_word' id='word_1_52' title='bbox 705 908 934 962; x_wconf 86' lang='lat' dir='ltr'><strong>consilio</strong></span> <span class='ocrx_word' id='word_1_53' title='bbox 957 906 1152 961; x_wconf 78' lang='lat' dir='ltr'><strong>fretus.</strong></span> 
     </span>
    </p>
   </div>
   <div class='ocr_carea' id='block_1_11' title="bbox 2053 526 3660 602">
    <p class='ocr_par' dir='ltr' id='par_1_11' title="bbox 2053 526 3660 602">
     <span class='ocr_line' id='line_1_11' title="bbox 2053 526 3660 602; baseline -0.005 -17"><span class='ocrx_word' id='word_1_54' title='bbox 2053 531 2185 585; x_wconf 85' lang='grc' dir='ltr'><strong>Θεοῦ</strong></span> <span class='ocrx_word' id='word_1_55' title='bbox 2219 530 2440 594; x_wconf 82' lang='grc' dir='ltr'>ζῶντος.</span> <span class='ocrx_word' id='word_1_56' title='bbox 2474 549 2493 582; x_wconf 75' lang='grc' dir='ltr'><strong>ι</strong></span> <span class='ocrx_word' id='word_1_57' title='bbox 2533 531 2669 583; x_wconf 82' lang='grc' dir='ltr'>Κατ’</span> <span class='ocrx_word' id='word_1_58' title='bbox 2695 529 3012 602; x_wconf 80' lang='grc' dir='ltr'><strong>ἀμφοτέρας</strong></span> <span class='ocrx_word' id='word_1_59' title='bbox 3054 530 3286 601; x_wconf 80' lang='grc' dir='ltr'><strong>θεωρίας</strong></span> <span class='ocrx_word' id='word_1_60' title='bbox 3333 526 3660 596; x_wconf 70' lang='grc' dir='ltr'>εἰσέρχεταξ</span> 
     </span>
    </p>
   </div>
   <div class='ocr_carea' id='block_1_12' title="bbox 2053 616 3661 692">
    <p class='ocr_par' dir='ltr' id='par_1_12' title="bbox 2053 616 3661 692">
     <span class='ocr_line' id='line_1_12' title="bbox 2053 616 3661 692; baseline -0.006 -16"><span class='ocrx_word' id='word_1_61' title='bbox 2053 641 2136 686; x_wconf 89' lang='grc' dir='ltr'><strong>τις</strong></span> <span class='ocrx_word' id='word_1_62' title='bbox 2157 624 2238 685; x_wconf 86' lang='grc' dir='ltr'>εἰς</span> <span class='ocrx_word' id='word_1_63' title='bbox 2259 622 2349 674; x_wconf 79' lang='grc' dir='ltr'><strong>τὸν</strong></span> <span class='ocrx_word' id='word_1_64' title='bbox 2379 617 2523 674; x_wconf 76' lang='grc' dir='ltr'>οἶκον</span> <span class='ocrx_word' id='word_1_65' title='bbox 2555 621 2648 673; x_wconf 73' lang='grc' dir='ltr'><strong>καὶ</strong></span> <span class='ocrx_word' id='word_1_66' title='bbox 2675 623 2972 692; x_wconf 82' lang='grc' dir='ltr'>προσκυνεῖ</span> <span class='ocrx_word' id='word_1_67' title='bbox 3003 623 3136 690; x_wconf 77' lang='grc' dir='ltr'>πρὸς</span> <span class='ocrx_word' id='word_1_68' title='bbox 3167 620 3296 672; x_wconf 76' lang='grc' dir='ltr'>ναὸν</span> <span class='ocrx_word' id='word_1_69' title='bbox 3348 617 3449 670; x_wconf 68' lang='grc' dir='ltr'>τὸν</span> <span class='ocrx_word' id='word_1_70' title='bbox 3495 616 3661 682; x_wconf 70' lang='grc' dir='ltr'>ἅγιον</span> 
     </span>
    </p>
   </div>
   <div class='ocr_carea' id='block_1_13' title="bbox 2055 709 3664 784">
    <p class='ocr_par' dir='ltr' id='par_1_13' title="bbox 2055 709 3664 784">
     <span class='ocr_line' id='line_1_13' title="bbox 2055 709 3664 784; baseline -0.004 -18"><span class='ocrx_word' id='word_1_71' title='bbox 2055 715 2281 784; x_wconf 82' lang='grc' dir='ltr'>Κυρίου,</span> <span class='ocrx_word' id='word_1_72' title='bbox 2310 714 2445 783; x_wconf 79' lang='grc' dir='ltr'>ἐλέῳ</span> <span class='ocrx_word' id='word_1_73' title='bbox 2500 712 2633 766; x_wconf 80' lang='grc' dir='ltr'>Θεοῦ</span> <span class='ocrx_word' id='word_1_74' title='bbox 2687 712 2886 784; x_wconf 81' lang='grc' dir='ltr'>μᾶλλον</span> <span class='ocrx_word' id='word_1_75' title='bbox 2936 712 2968 780; x_wconf 76' lang='grc' dir='ltr'>ἢ</span> <span class='ocrx_word' id='word_1_76' title='bbox 3021 711 3196 783; x_wconf 75' lang='grc' dir='ltr'>οἰκείᾳ</span> <span class='ocrx_word' id='word_1_77' title='bbox 3249 709 3509 780; x_wconf 73' lang='grc' dir='ltr'><strong>πολιτείᾳ</strong></span> <span class='ocrx_word' id='word_1_78' title='bbox 3561 711 3664 761; x_wconf 70' lang='grc' dir='ltr'><strong>καὶ</strong></span> 
     </span>
    </p>
   </div>
   <div class='ocr_carea' id='block_1_14' title="bbox 2055 808 2338 876">
    <p class='ocr_par' dir='ltr' id='par_1_14' title="bbox 2055 808 2338 876">
     <span class='ocr_line' id='line_1_14' title="bbox 2055 808 2338 876; baseline 0.004 -18"><span class='ocrx_word' id='word_1_79' title='bbox 2055 808 2338 876; x_wconf 84' lang='grc' dir='ltr'><strong>φρονήσει.</strong></span> 
     </span>
    </p>
   </div>
   <div class='ocr_carea' id='block_1_15' title="bbox 2125 977 3666 1056">
    <p class='ocr_par' dir='ltr' id='par_1_15' title="bbox 2125 977 3666 1056">
     <span class='ocr_line' id='line_1_15' title="bbox 2125 977 3666 1056; baseline -0.006 -15"><span class='ocrx_word' id='word_1_80' title='bbox 2125 986 2344 1056; x_wconf 68' lang='grc' dir='ltr'>ιιζρῗνον</span> <span class='ocrx_word' id='word_1_81' title='bbox 2391 985 2638 1051; x_wconf 81' lang='grc' dir='ltr'>αὐτοὺς,</span> <span class='ocrx_word' id='word_1_82' title='bbox 2663 987 2696 1038; x_wconf 82' lang='grc' dir='ltr'><em>ὁ</em></span> <span class='ocrx_word' id='word_1_83' title='bbox 2749 984 2894 1050; x_wconf 85' lang='grc' dir='ltr'>Θεός</span> <span class='ocrx_word' id='word_1_84' title='bbox 2915 1000 2929 1013; x_wconf 67' lang='grc' dir='ltr'><strong>θ</strong></span> <span class='ocrx_word' id='word_1_85' title='bbox 2965 982 3464 1036; x_wconf 69' lang='grc' dir='ltr'>ἀποπεσὰτωσαν</span> <span class='ocrx_word' id='word_1_86' title='bbox 3531 977 3666 1032; x_wconf 71' lang='grc' dir='ltr'>ἀπὸ</span> 
     </span>
    </p>
   </div>
   <div class='ocr_carea' id='block_1_16' title="bbox 2056 1071 3668 1141">
    <p class='ocr_par' dir='ltr' id='par_1_16' title="bbox 2056 1071 3668 1141">
     <span class='ocr_line' id='line_1_16' title="bbox 2056 1071 3668 1141; baseline -0.006 -8"><span class='ocrx_word' id='word_1_87' title='bbox 2056 1080 2173 1134; x_wconf 79' lang='grc' dir='ltr'><strong>τῶν</strong></span> <span class='ocrx_word' id='word_1_88' title='bbox 2234 1077 2597 1134; x_wconf 75' lang='grc' dir='ltr'>διαϐουλιῶν</span> <span class='ocrx_word' id='word_1_89' title='bbox 2645 1076 2862 1132; x_wconf 79' lang='grc' dir='ltr'>αὐτῶν.</span> <span class='ocrx_word' id='word_1_90' title='bbox 2905 1077 3065 1130; x_wconf 83' lang='grc' dir='ltr'><em>Κατὰ</em></span> <span class='ocrx_word' id='word_1_91' title='bbox 3120 1075 3186 1129; x_wconf 84' lang='grc' dir='ltr'>τὸ</span> <span class='ocrx_word' id='word_1_92' title='bbox 3242 1073 3487 1141; x_wconf 66' lang='grc' dir='ltr'>πλῆθος</span> <span class='ocrx_word' id='word_1_93' title='bbox 3536 1071 3668 1125; x_wconf 72' lang='grc' dir='ltr'>τῶν</span> 
     </span>
    </p>
   </div>
   <div class='ocr_carea' id='block_1_17' title="bbox 2054 1163 3672 1231">
    <p class='ocr_par' dir='ltr' id='par_1_17' title="bbox 2054 1163 3672 1231">
     <span class='ocr_line' id='line_1_17' title="bbox 2054 1163 3672 1231; baseline -0.007 -7"><span class='ocrx_word' id='word_1_94' title='bbox 2054 1168 2342 1224; x_wconf 74' lang='grc' dir='ltr'>ἀσεϐειῶν</span> <span class='ocrx_word' id='word_1_95' title='bbox 2373 1166 2574 1222; x_wconf 78' lang='grc' dir='ltr'>αὐτῶν</span> <span class='ocrx_word' id='word_1_96' title='bbox 2599 1166 2835 1231; x_wconf 78' lang='grc' dir='ltr'>ἐξωσον</span> <span class='ocrx_word' id='word_1_97' title='bbox 2854 1165 3074 1231; x_wconf 80' lang='grc' dir='ltr'>αὐτοὺς</span> <span class='ocrx_word' id='word_1_98' title='bbox 3095 1207 3112 1230; x_wconf 92' lang='grc'><strong>,</strong></span> <span class='ocrx_word' id='word_1_99' title='bbox 3147 1163 3237 1217; x_wconf 85' lang='grc' dir='ltr'>ὅτι</span> <span class='ocrx_word' id='word_1_100' title='bbox 3274 1163 3672 1230; x_wconf 69' lang='grc' dir='ltr'>παρεπίκραρ</span> 
     </span>
    </p>
   </div>
   <div class='ocr_carea' id='block_1_18' title="bbox 2054 1254 3670 1329">
    <p class='ocr_par' dir='ltr' id='par_1_18' title="bbox 2054 1254 3670 1329">
     <span class='ocr_line' id='line_1_18' title="bbox 2054 1254 3670 1329; baseline -0.006 -14"><span class='ocrx_word' id='word_1_101' title='bbox 2054 1261 2171 1315; x_wconf 71' lang='lat' dir='ltr'><strong>mir</strong></span> <span class='ocrx_word' id='word_1_102' title='bbox 2197 1277 2292 1324; x_wconf 87' lang='grc' dir='ltr'><strong>σε,</strong></span> <span class='ocrx_word' id='word_1_103' title='bbox 2319 1261 2514 1327; x_wconf 76' lang='grc' dir='ltr'>Κύριε,</span> <span class='ocrx_word' id='word_1_104' title='bbox 2543 1276 2595 1310; x_wconf 88' lang='grc' dir='ltr'><strong>κ.</strong></span> <span class='ocrx_word' id='word_1_105' title='bbox 2637 1275 2687 1311; x_wconf 89' lang='grc' dir='ltr'><strong>τ.</strong></span> <span class='ocrx_word' id='word_1_106' title='bbox 2722 1259 2769 1313; x_wconf 79' lang='grc' dir='ltr'>ὲ.</span> <span class='ocrx_word' id='word_1_107' title='bbox 2800 1258 2890 1329; x_wconf 85' lang='grc' dir='ltr'><strong>Τῷ</strong></span> <span class='ocrx_word' id='word_1_108' title='bbox 2920 1256 3288 1328; x_wconf 76' lang='grc' dir='ltr'>ἁμαρτάνοντι</span> <span class='ocrx_word' id='word_1_109' title='bbox 3319 1255 3439 1325; x_wconf 72' lang='grc'>(25)</span> <span class='ocrx_word' id='word_1_110' title='bbox 3503 1254 3670 1306; x_wconf 72' lang='grc' dir='ltr'>λυσι-</span> 
     </span>
    </p>
   </div>
   <div class='ocr_carea' id='block_1_19' title="bbox 2056 1344 3669 1422">
    <p class='ocr_par' dir='ltr' id='par_1_19' title="bbox 2056 1344 3669 1422">
     <span class='ocr_line' id='line_1_19' title="bbox 2056 1344 3669 1422; baseline -0.006 -17"><span class='ocrx_word' id='word_1_111' title='bbox 2056 1353 2200 1406; x_wconf 86' lang='grc' dir='ltr'>τελεῖ</span> <span class='ocrx_word' id='word_1_112' title='bbox 2231 1351 2431 1422; x_wconf 79' lang='grc' dir='ltr'>μᾶλλον</span> <span class='ocrx_word' id='word_1_113' title='bbox 2461 1351 2564 1403; x_wconf 78' lang='grc' dir='ltr'>ὑπὸ</span> <span class='ocrx_word' id='word_1_114' title='bbox 2588 1350 2722 1402; x_wconf 73' lang='grc' dir='ltr'>θεοῦ</span> <span class='ocrx_word' id='word_1_115' title='bbox 2743 1350 3015 1421; x_wconf 84' lang='grc' dir='ltr'>κριθῆναι,</span> <span class='ocrx_word' id='word_1_116' title='bbox 3040 1349 3072 1420; x_wconf 77' lang='grc' dir='ltr'>ἢ</span> <span class='ocrx_word' id='word_1_117' title='bbox 3104 1347 3208 1414; x_wconf 80' lang='grc' dir='ltr'>ἔξω</span> <span class='ocrx_word' id='word_1_118' title='bbox 3227 1344 3365 1400; x_wconf 80' lang='grc' dir='ltr'>εἶναι</span> <span class='ocrx_word' id='word_1_119' title='bbox 3396 1346 3507 1415; x_wconf 75' lang='grc' dir='ltr'>τῆς</span> <span class='ocrx_word' id='word_1_120' title='bbox 3527 1345 3669 1414; x_wconf 76' lang='grc' dir='ltr'>κρί-</span> 
     </span>
    </p>
   </div>
   <div class='ocr_carea' id='block_1_20' title="bbox 2059 1437 3672 1510">
    <p class='ocr_par' dir='ltr' id='par_1_20' title="bbox 2059 1437 3672 1510">
     <span class='ocr_line' id='line_1_20' title="bbox 2059 1437 3672 1510; baseline -0.006 -14"><span class='ocrx_word' id='word_1_121' title='bbox 2059 1460 2218 1506; x_wconf 88' lang='grc' dir='ltr'>σεως.</span> <span class='ocrx_word' id='word_1_122' title='bbox 2237 1443 2349 1496; x_wconf 71' lang='grc' dir='ltr'><strong>Καὶ</strong></span> <span class='ocrx_word' id='word_1_123' title='bbox 2374 1441 2434 1494; x_wconf 78' lang='grc' dir='ltr'>τὸ</span> <span class='ocrx_word' id='word_1_124' title='bbox 2461 1440 2569 1494; x_wconf 84' lang='grc' dir='ltr'><strong>ἀπὸ</strong></span> <span class='ocrx_word' id='word_1_125' title='bbox 2598 1439 2886 1510; x_wconf 78' lang='grc' dir='ltr'><strong>μοχθηρῶν</strong></span> <span class='ocrx_word' id='word_1_126' title='bbox 2913 1438 3228 1492; x_wconf 78' lang='grc' dir='ltr'>διαϐουλιῶν</span> <span class='ocrx_word' id='word_1_127' title='bbox 3255 1440 3576 1491; x_wconf 77' lang='grc' dir='ltr'>ἀποπεσεῖν</span> <span class='ocrx_word' id='word_1_128' title='bbox 3604 1437 3672 1488; x_wconf 70' lang='grc' dir='ltr'>οὐ</span> 
     </span>
    </p>
   </div>
   <div class='ocr_carea' id='block_1_21' title="bbox 2058 1529 3680 1604">
    <p class='ocr_par' dir='ltr' id='par_1_21' title="bbox 2058 1529 3680 1604">
     <span class='ocr_line' id='line_1_21' title="bbox 2058 1529 3680 1604; baseline -0.004 -17"><span class='ocrx_word' id='word_1_129' title='bbox 2058 1535 2228 1588; x_wconf 61' lang='grc' dir='ltr'>κακον</span> <span class='ocrx_word' id='word_1_130' title='bbox 2246 1533 2325 1604; x_wconf 83' lang='grc' dir='ltr'><strong>τῷ</strong></span> <span class='ocrx_word' id='word_1_131' title='bbox 2343 1533 2728 1595; x_wconf 84' lang='grc' dir='ltr'>ἀποπίπτοντι,</span> <span class='ocrx_word' id='word_1_132' title='bbox 2758 1533 2858 1584; x_wconf 82' lang='grc' dir='ltr'>οὐκ</span> <span class='ocrx_word' id='word_1_133' title='bbox 2895 1529 3174 1601; x_wconf 77' lang='grc' dir='ltr'>ἐρχομένῳ</span> <span class='ocrx_word' id='word_1_134' title='bbox 3209 1531 3302 1582; x_wconf 77' lang='grc' dir='ltr'>ἐπὶ</span> <span class='ocrx_word' id='word_1_135' title='bbox 3341 1529 3406 1582; x_wconf 75' lang='grc' dir='ltr'><strong>τὸ</strong></span> <span class='ocrx_word' id='word_1_136' title='bbox 3450 1529 3680 1598; x_wconf 70' lang='grc' dir='ltr'>μοχθη-</span> 
     </span>
    </p>
   </div>
   <div class='ocr_carea' id='block_1_22' title="bbox 2062 1621 3680 1699">
    <p class='ocr_par' dir='ltr' id='par_1_22' title="bbox 2062 1621 3680 1699">
     <span class='ocr_line' id='line_1_22' title="bbox 2062 1621 3680 1699; baseline -0.005 -20"><span class='ocrx_word' id='word_1_137' title='bbox 2062 1628 2152 1699; x_wconf 76' lang='grc' dir='ltr'><strong>ρὸν</strong></span> <span class='ocrx_word' id='word_1_138' title='bbox 2172 1627 2352 1680; x_wconf 75' lang='grc' dir='ltr'>αὐτῶν</span> <span class='ocrx_word' id='word_1_139' title='bbox 2382 1625 2537 1688; x_wconf 82' lang='grc' dir='ltr'><strong>τέλος</strong></span> <span class='ocrx_word' id='word_1_140' title='bbox 2558 1642 2571 1654; x_wconf 91' lang='grc'><strong>·</strong></span> <span class='ocrx_word' id='word_1_141' title='bbox 2603 1625 2678 1688; x_wconf 82' lang='grc' dir='ltr'><strong>ὡς</strong></span> <span class='ocrx_word' id='word_1_142' title='bbox 2709 1625 2771 1677; x_wconf 74' lang='grc' dir='ltr'><strong>οὐ</strong></span> <span class='ocrx_word' id='word_1_143' title='bbox 2809 1623 2970 1677; x_wconf 83' lang='grc' dir='ltr'>καλὸν</span> <span class='ocrx_word' id='word_1_144' title='bbox 3025 1622 3135 1676; x_wconf 87' lang='grc' dir='ltr'><strong>τῶν</strong></span> <span class='ocrx_word' id='word_1_145' title='bbox 3191 1622 3536 1693; x_wconf 79' lang='grc' dir='ltr'>κρειττόνων</span> <span class='ocrx_word' id='word_1_146' title='bbox 3594 1621 3680 1691; x_wconf 74' lang='grc' dir='ltr'>μὴ</span> 
     </span>
    </p>
   </div>
   <div class='ocr_carea' id='block_1_23' title="bbox 2060 1713 3683 1785">
    <p class='ocr_par' dir='ltr' id='par_1_23' title="bbox 2060 1713 3683 1785">
     <span class='ocr_line' id='line_1_23' title="bbox 2060 1713 3683 1785; baseline -0.004 -12"><span class='ocrx_word' id='word_1_147' title='bbox 2060 1721 2154 1773; x_wconf 72' lang='grc' dir='ltr'><strong>ἐπὶ</strong></span> <span class='ocrx_word' id='word_1_148' title='bbox 2184 1719 2337 1782; x_wconf 87' lang='grc' dir='ltr'>τέλος</span> <span class='ocrx_word' id='word_1_149' title='bbox 2355 1717 2547 1772; x_wconf 77' lang='grc' dir='ltr'>ἐλθεῖν.</span> <span class='ocrx_word' id='word_1_150' title='bbox 2580 1716 2728 1770; x_wconf 88' lang='grc' dir='ltr'><strong>Πάνυ</strong></span> <span class='ocrx_word' id='word_1_151' title='bbox 2762 1716 2818 1768; x_wconf 77' lang='grc' dir='ltr'><strong>δὲ</strong></span> <span class='ocrx_word' id='word_1_152' title='bbox 2871 1714 3079 1785; x_wconf 87' lang='grc' dir='ltr'>χαρίεν,</span> <span class='ocrx_word' id='word_1_153' title='bbox 3133 1713 3249 1777; x_wconf 85' lang='grc' dir='ltr'><strong>πῶς</strong></span> <span class='ocrx_word' id='word_1_154' title='bbox 3290 1715 3391 1766; x_wconf 83' lang='grc' dir='ltr'><strong>οὐκ</strong></span> <span class='ocrx_word' id='word_1_155' title='bbox 3461 1713 3683 1784; x_wconf 63' lang='grc' dir='ltr'>εἴρηκε</span> 
     </span>
    </p>
   </div>
   <div class='ocr_carea' id='block_1_24' title="bbox 1989 1789 3688 1879">
    <p class='ocr_par' dir='ltr' id='par_1_24' title="bbox 1989 1789 3688 1879">
     <span class='ocr_line' id='line_1_24' title="bbox 1989 1789 3688 1879; baseline -0.005 -12"><span class='ocrx_word' id='word_1_156' title='bbox 1989 1789 2028 1842; x_wconf 70' lang='grc' dir='ltr'>Β</span> <span class='ocrx_word' id='word_1_157' title='bbox 2062 1812 2227 1866; x_wconf 73' lang='grc' dir='ltr'>πόθεν</span> <span class='ocrx_word' id='word_1_158' title='bbox 2260 1811 2480 1876; x_wconf 74' lang='grc' dir='ltr'>ἐξῶσεν,</span> <span class='ocrx_word' id='word_1_159' title='bbox 2509 1811 2595 1863; x_wconf 83' lang='grc' dir='ltr'><strong>ἵνα</strong></span> <span class='ocrx_word' id='word_1_160' title='bbox 2633 1807 2706 1878; x_wconf 85' lang='grc' dir='ltr'>μὴ</span> <span class='ocrx_word' id='word_1_161' title='bbox 2725 1810 2835 1870; x_wconf 85' lang='grc' dir='ltr'>τοῖς</span> <span class='ocrx_word' id='word_1_162' title='bbox 2859 1805 3073 1868; x_wconf 82' lang='grc' dir='ltr'>πολλοῖς</span> <span class='ocrx_word' id='word_1_163' title='bbox 3102 1805 3268 1874; x_wconf 80' lang='grc' dir='ltr'>σαφὲς</span> <span class='ocrx_word' id='word_1_164' title='bbox 3296 1800 3558 1879; x_wconf 73' lang='grc' dir='ltr'>ᾖ.οἷμαι</span> <span class='ocrx_word' id='word_1_165' title='bbox 3591 1806 3688 1869; x_wconf 77' lang='grc' dir='ltr'>δὲ,</span> 
     </span>
    </p>
   </div>
   <div class='ocr_carea' id='block_1_25' title="bbox 2059 1896 3688 1967">
    <p class='ocr_par' dir='ltr' id='par_1_25' title="bbox 2059 1896 3688 1967">
     <span class='ocr_line' id='line_1_25' title="bbox 2059 1896 3688 1967; baseline -0.005 -8"><span class='ocrx_word' id='word_1_166' title='bbox 2059 1907 2140 1958; x_wconf 80' lang='grc' dir='ltr'>ὅτι</span> <span class='ocrx_word' id='word_1_167' title='bbox 2168 1904 2276 1958; x_wconf 80' lang='grc' dir='ltr'><strong>ἀπὸ</strong></span> <span class='ocrx_word' id='word_1_168' title='bbox 2306 1903 2413 1956; x_wconf 89' lang='grc' dir='ltr'><strong>τῶν</strong></span> <span class='ocrx_word' id='word_1_169' title='bbox 2443 1901 2707 1956; x_wconf 72' lang='grc' dir='ltr'>ἀσεϐειῶν</span> <span class='ocrx_word' id='word_1_170' title='bbox 2731 1899 2908 1954; x_wconf 87' lang='grc' dir='ltr'>αὐτῶν</span> <span class='ocrx_word' id='word_1_171' title='bbox 2937 1899 3074 1951; x_wconf 87' lang='grc' dir='ltr'><strong>κατά</strong></span> <span class='ocrx_word' id='word_1_172' title='bbox 3098 1898 3159 1950; x_wconf 81' lang='grc' dir='ltr'><strong>τὸ</strong></span> <span class='ocrx_word' id='word_1_173' title='bbox 3207 1896 3412 1967; x_wconf 82' lang='grc' dir='ltr'>πλῆθος</span> <span class='ocrx_word' id='word_1_174' title='bbox 3447 1897 3688 1951; x_wconf 74' lang='grc' dir='ltr'>αὐτῶν.</span> 
     </span>
    </p>
   </div>
   <div class='ocr_carea' id='block_1_26' title="bbox 2061 1991 3683 2069">
    <p class='ocr_par' dir='ltr' id='par_1_26' title="bbox 2061 1991 3683 2069">
     <span class='ocr_line' id='line_1_26' title="bbox 2061 1991 3683 2069; baseline -0.006 -17"><span class='ocrx_word' id='word_1_175' title='bbox 2061 2001 2136 2052; x_wconf 81' lang='grc' dir='ltr'><strong>Οὐ</strong></span> <span class='ocrx_word' id='word_1_176' title='bbox 2168 1997 2277 2069; x_wconf 80' lang='grc' dir='ltr'>γὰρ</span> <span class='ocrx_word' id='word_1_177' title='bbox 2314 1998 2408 2066; x_wconf 79' lang='grc' dir='ltr'><strong>ἀφ’</strong></span> <span class='ocrx_word' id='word_1_178' title='bbox 2430 1995 2622 2049; x_wconf 79' lang='grc' dir='ltr'>ἑαυτοῦ</span> <span class='ocrx_word' id='word_1_179' title='bbox 2651 1993 2844 2059; x_wconf 69' lang='grc' dir='ltr'>ἔξωθεί</span> <span class='ocrx_word' id='word_1_180' title='bbox 2891 1993 2918 2044; x_wconf 87' lang='grc' dir='ltr'>ὁ</span> <span class='ocrx_word' id='word_1_181' title='bbox 2945 1991 3076 2053; x_wconf 87' lang='grc' dir='ltr'>Θεός</span> <span class='ocrx_word' id='word_1_182' title='bbox 3125 2007 3281 2054; x_wconf 85' lang='grc' dir='ltr'>τινας</span> <span class='ocrx_word' id='word_1_183' title='bbox 3305 2008 3319 2020; x_wconf 81' lang='lat'><strong><em>°</em></strong></span> <span class='ocrx_word' id='word_1_184' title='bbox 3376 2009 3395 2041; x_wconf 78' lang='grc' dir='ltr'><strong>ι</strong></span> <span class='ocrx_word' id='word_1_185' title='bbox 3431 1992 3508 2044; x_wconf 82' lang='grc' dir='ltr'><strong>Οἱ</strong></span> <span class='ocrx_word' id='word_1_186' title='bbox 3555 1991 3683 2062; x_wconf 79' lang='grc' dir='ltr'>γὰρ</span> 
     </span>
    </p>
   </div>
   <div class='ocr_carea' id='block_1_27' title="bbox 2064 2081 3688 2160">
    <p class='ocr_par' dir='ltr' id='par_1_27' title="bbox 2064 2081 3688 2160">
     <span class='ocr_line' id='line_1_27' title="bbox 2064 2081 3688 2160; baseline -0.006 -18"><span class='ocrx_word' id='word_1_187' title='bbox 2064 2087 2466 2160; x_wconf 73' lang='grc' dir='ltr'>μακρύνοντες,</span> <span class='ocrx_word' id='word_1_188' title='bbox 2532 2087 2735 2157; x_wconf 76' lang='grc' dir='ltr'>φησὶν,</span> <span class='ocrx_word' id='word_1_189' title='bbox 2803 2084 3028 2147; x_wconf 77' lang='grc' dir='ltr'>ἑαυτοὺς</span> <span class='ocrx_word' id='word_1_190' title='bbox 3077 2083 3184 2136; x_wconf 81' lang='grc' dir='ltr'><strong>ἀπὸ</strong></span> <span class='ocrx_word' id='word_1_191' title='bbox 3216 2081 3334 2146; x_wconf 72' lang='grc' dir='ltr'>σοῦ,</span> <span class='ocrx_word' id='word_1_192' title='bbox 3392 2081 3688 2135; x_wconf 75' lang='grc' dir='ltr'>ἀπολοῦν-</span> 
     </span>
    </p>
   </div>
   <div class='ocr_carea' id='block_1_28' title="bbox 445 995 1952 1064">
    <p class='ocr_par' dir='ltr' id='par_1_28' title="bbox 445 995 1952 1064">
     <span class='ocr_line' id='line_1_28' title="bbox 445 995 1952 1064; baseline -0.004 -10"><span class='ocrx_word' id='word_1_193' title='bbox 445 1002 610 1054; x_wconf 69' lang='lat' dir='ltr'><strong>Vens.</strong></span> <span class='ocrx_word' id='word_1_194' title='bbox 654 1001 740 1054; x_wconf 76' lang='lat' dir='ltr'><strong>ll.</strong></span> <span class='ocrx_word' id='word_1_195' title='bbox 782 997 978 1053; x_wconf 83' lang='lat' dir='ltr'><strong>Judien</strong></span> <span class='ocrx_word' id='word_1_196' title='bbox 1022 998 1163 1064; x_wconf 84' lang='lat' dir='ltr'><strong>illos,</strong></span> <span class='ocrx_word' id='word_1_197' title='bbox 1198 996 1336 1050; x_wconf 88' lang='lat' dir='ltr'><strong>Deus</strong></span> <span class='ocrx_word' id='word_1_198' title='bbox 1365 996 1649 1049; x_wconf 84' lang='lat' dir='ltr'><strong>:decidont</strong></span> <span class='ocrx_word' id='word_1_199' title='bbox 1693 1012 1722 1048; x_wconf 89' lang='lat' dir='ltr'><strong>a</strong></span> <span class='ocrx_word' id='word_1_200' title='bbox 1756 995 1952 1064; x_wconf 86' lang='lat' dir='ltr'><strong>cogita-</strong></span> 
     </span>
    </p>
   </div>
   <div class='ocr_carea' id='block_1_29' title="bbox 374 1091 1952 1160">
    <p class='ocr_par' dir='ltr' id='par_1_29' title="bbox 374 1091 1952 1160">
     <span class='ocr_line' id='line_1_29' title="bbox 374 1091 1952 1160; baseline -0.002 -13"><span class='ocrx_word' id='word_1_201' title='bbox 374 1097 607 1150; x_wconf 72' lang='lat' dir='ltr'><strong>tionibus</strong></span> <span class='ocrx_word' id='word_1_202' title='bbox 654 1097 787 1149; x_wconf 89' lang='lat' dir='ltr'><strong>suis.</strong></span> <span class='ocrx_word' id='word_1_203' title='bbox 846 1091 1148 1148; x_wconf 78' lang='lat' dir='ltr'><strong>Secundum</strong></span> <span class='ocrx_word' id='word_1_204' title='bbox 1200 1093 1587 1146; x_wconf 82' lang='lat' dir='ltr'><strong>multitudinem</strong></span> <span class='ocrx_word' id='word_1_205' title='bbox 1624 1093 1952 1160; x_wconf 85' lang='lat' dir='ltr'><strong>impietatum</strong></span> 
     </span>
    </p>
   </div>
   <div class='ocr_carea' id='block_1_30' title="bbox 371 1182 1950 1255">
    <p class='ocr_par' dir='ltr' id='par_1_30' title="bbox 371 1182 1950 1255">
     <span class='ocr_line' id='line_1_30' title="bbox 371 1182 1950 1255; baseline -0.004 -14"><span class='ocrx_word' id='word_1_206' title='bbox 371 1205 554 1241; x_wconf 82' lang='lat' dir='ltr'><strong>eorum</strong></span> <span class='ocrx_word' id='word_1_207' title='bbox 585 1185 782 1255; x_wconf 75' lang='lat' dir='ltr'><strong>expelle</strong></span> <span class='ocrx_word' id='word_1_208' title='bbox 811 1201 917 1246; x_wconf 85' lang='lat' dir='ltr'><strong>eos,</strong></span> <span class='ocrx_word' id='word_1_209' title='bbox 947 1184 1193 1252; x_wconf 83' lang='lat' dir='ltr'><strong>quoniam</strong></span> <span class='ocrx_word' id='word_1_210' title='bbox 1235 1183 1570 1236; x_wconf 74' lang='lat' dir='ltr'><strong>irritaveiunt</strong></span> <span class='ocrx_word' id='word_1_211' title='bbox 1603 1194 1673 1249; x_wconf 89' lang='lat' dir='ltr'><strong>te,</strong></span> <span class='ocrx_word' id='word_1_212' title='bbox 1711 1182 1950 1247; x_wconf 87' lang='lat' dir='ltr'><strong>Domine,</strong></span> 
     </span>
    </p>
   </div>
   <div class='ocr_carea' id='block_1_31' title="bbox 372 1275 1952 1346">
    <p class='ocr_par' dir='ltr' id='par_1_31' title="bbox 372 1275 1952 1346">
     <span class='ocr_line' id='line_1_31' title="bbox 372 1275 1952 1346; baseline -0.005 -12"><span class='ocrx_word' id='word_1_213' title='bbox 372 1288 478 1334; x_wconf 88' lang='lat' dir='ltr'><strong>etc.</strong></span> <span class='ocrx_word' id='word_1_214' title='bbox 517 1277 768 1332; x_wconf 86' lang='lat' dir='ltr'><strong>Peccanti</strong></span> <span class='ocrx_word' id='word_1_215' title='bbox 817 1277 988 1346; x_wconf 85' lang='lat' dir='ltr'><strong>magis</strong></span> <span class='ocrx_word' id='word_1_216' title='bbox 1033 1275 1254 1346; x_wconf 83' lang='lat' dir='ltr'><strong>expedit</strong></span> <span class='ocrx_word' id='word_1_217' title='bbox 1284 1289 1312 1328; x_wconf 85' lang='lat' dir='ltr'><strong>a</strong></span> <span class='ocrx_word' id='word_1_218' title='bbox 1361 1275 1469 1328; x_wconf 89' lang='lat' dir='ltr'><strong>Deo</strong></span> <span class='ocrx_word' id='word_1_219' title='bbox 1500 1275 1754 1341; x_wconf 88' lang='lat' dir='ltr'><strong>judicari,</strong></span> <span class='ocrx_word' id='word_1_220' title='bbox 1791 1288 1952 1340; x_wconf 88' lang='lat' dir='ltr'><strong>quam</strong></span> 
     </span>
    </p>
   </div>
   <div class='ocr_carea' id='block_1_32' title="bbox 371 1364 1956 1437">
    <p class='ocr_par' dir='ltr' id='par_1_32' title="bbox 371 1364 1956 1437">
     <span class='ocr_line' id='line_1_32' title="bbox 371 1364 1956 1437; baseline -0.004 -12"><span class='ocrx_word' id='word_1_221' title='bbox 371 1385 492 1424; x_wconf 85' lang='lat' dir='ltr'><strong>esse</strong></span> <span class='ocrx_word' id='word_1_222' title='bbox 521 1378 675 1422; x_wconf 82' lang='lat' dir='ltr'><strong>extra</strong></span> <span class='ocrx_word' id='word_1_223' title='bbox 709 1367 1138 1437; x_wconf 85' lang='lat' dir='ltr'><strong>ejusjudicium.</strong></span> <span class='ocrx_word' id='word_1_224' title='bbox 1181 1365 1446 1420; x_wconf 90' lang='lat' dir='ltr'><strong>Decidere</strong></span> <span class='ocrx_word' id='word_1_225' title='bbox 1480 1374 1659 1418; x_wconf 87' lang='lat' dir='ltr'><strong>autem</strong></span> <span class='ocrx_word' id='word_1_226' title='bbox 1701 1380 1728 1418; x_wconf 90' lang='lat' dir='ltr'><strong>a</strong></span> <span class='ocrx_word' id='word_1_227' title='bbox 1771 1364 1956 1433; x_wconf 85' lang='lat' dir='ltr'><strong>pravis</strong></span> 
     </span>
    </p>
   </div>
   <div class='ocr_carea' id='block_1_33' title="bbox 372 1456 1952 1532">
    <p class='ocr_par' dir='ltr' id='par_1_33' title="bbox 372 1456 1952 1532">
     <span class='ocr_line' id='line_1_33' title="bbox 372 1456 1952 1532; baseline -0.005 -16"><span class='ocrx_word' id='word_1_228' title='bbox 372 1460 814 1532; x_wconf 86' lang='lat' dir='ltr'><strong>cogitationibus,</strong></span> <span class='ocrx_word' id='word_1_229' title='bbox 847 1459 1072 1513; x_wconf 91' lang='lat' dir='ltr'><strong>minime</strong></span> <span class='ocrx_word' id='word_1_230' title='bbox 1100 1457 1298 1512; x_wconf 88' lang='lat' dir='ltr'><strong>tnalum</strong></span> <span class='ocrx_word' id='word_1_231' title='bbox 1327 1468 1412 1511; x_wconf 90' lang='lat' dir='ltr'><strong>est</strong></span> <span class='ocrx_word' id='word_1_232' title='bbox 1447 1456 1740 1522; x_wconf 83' lang='lat' dir='ltr'><strong>decidenti,</strong></span> <span class='ocrx_word' id='word_1_233' title='bbox 1771 1456 1863 1525; x_wconf 92' lang='lat' dir='ltr'><strong>qui</strong></span> <span class='ocrx_word' id='word_1_234' title='bbox 1888 1457 1952 1508; x_wconf 83' lang='lat' dir='ltr'><strong>ad</strong></span> 
     </span>
    </p>
   </div>
   <div class='ocr_carea' id='block_1_34' title="bbox 373 1548 1955 1618">
    <p class='ocr_par' dir='ltr' id='par_1_34' title="bbox 373 1548 1955 1618">
     <span class='ocr_line' id='line_1_34' title="bbox 373 1548 1955 1618; baseline -0.004 -12"><span class='ocrx_word' id='word_1_235' title='bbox 373 1551 576 1606; x_wconf 89' lang='lat' dir='ltr'><strong>malum</strong></span> <span class='ocrx_word' id='word_1_236' title='bbox 608 1551 824 1605; x_wconf 88' lang='lat' dir='ltr'><strong>illarum</strong></span> <span class='ocrx_word' id='word_1_237' title='bbox 876 1550 1037 1605; x_wconf 88' lang='lat' dir='ltr'><strong>tinem</strong></span> <span class='ocrx_word' id='word_1_238' title='bbox 1088 1565 1192 1604; x_wconf 92' lang='lat' dir='ltr'><strong>non</strong></span> <span class='ocrx_word' id='word_1_239' title='bbox 1232 1549 1499 1618; x_wconf 85' lang='lat' dir='ltr'><strong>pervenit,</strong></span> <span class='ocrx_word' id='word_1_240' title='bbox 1541 1549 1682 1603; x_wconf 75' lang='lat' dir='ltr'><strong>sicut</strong></span> <span class='ocrx_word' id='word_1_241' title='bbox 1723 1563 1823 1601; x_wconf 91' lang='lat' dir='ltr'><strong>nec</strong></span> <span class='ocrx_word' id='word_1_242' title='bbox 1858 1548 1955 1601; x_wconf 90' lang='lat' dir='ltr'><strong>bo-</strong></span> 
     </span>
    </p>
   </div>
   <div class='ocr_carea' id='block_1_35' title="bbox 371 1644 1957 1714">
    <p class='ocr_par' dir='ltr' id='par_1_35' title="bbox 371 1644 1957 1714">
     <span class='ocr_line' id='line_1_35' title="bbox 371 1644 1957 1714; baseline -0.003 -11"><span class='ocrx_word' id='word_1_243' title='bbox 371 1663 503 1703; x_wconf 89' lang='lat' dir='ltr'><strong>num</strong></span> <span class='ocrx_word' id='word_1_244' title='bbox 538 1655 642 1712; x_wconf 83' lang='lat' dir='ltr'><strong>est,</strong></span> <span class='ocrx_word' id='word_1_245' title='bbox 693 1647 759 1700; x_wconf 89' lang='lat' dir='ltr'><strong>ad</strong></span> <span class='ocrx_word' id='word_1_246' title='bbox 801 1645 964 1701; x_wconf 84' lang='lat' dir='ltr'><strong>linem</strong></span> <span class='ocrx_word' id='word_1_247' title='bbox 1015 1644 1300 1699; x_wconf 86' lang='lat' dir='ltr'><strong>meliorum</strong></span> <span class='ocrx_word' id='word_1_248' title='bbox 1341 1660 1445 1698; x_wconf 91' lang='lat' dir='ltr'><strong>non</strong></span> <span class='ocrx_word' id='word_1_249' title='bbox 1483 1645 1808 1714; x_wconf 81' lang='lat' dir='ltr'><strong>pertingere.</strong></span> <span class='ocrx_word' id='word_1_250' title='bbox 1862 1645 1957 1699; x_wconf 64' lang='lat' dir='ltr'><strong>Est</strong></span> 
     </span>
    </p>
   </div>
   <div class='ocr_carea' id='block_1_36' title="bbox 373 1736 1956 1810">
    <p class='ocr_par' dir='ltr' id='par_1_36' title="bbox 373 1736 1956 1810">
     <span class='ocr_line' id='line_1_36' title="bbox 373 1736 1956 1810; baseline -0.004 -15"><span class='ocrx_word' id='word_1_251' title='bbox 373 1754 504 1796; x_wconf 88' lang='lat' dir='ltr'><strong>vero</strong></span> <span class='ocrx_word' id='word_1_252' title='bbox 537 1737 993 1810; x_wconf 84' lang='lat' dir='ltr'><strong>scitujucundum</strong></span> <span class='ocrx_word' id='word_1_253' title='bbox 1028 1752 1127 1792; x_wconf 87' lang='lat' dir='ltr'><strong>cur</strong></span> <span class='ocrx_word' id='word_1_254' title='bbox 1151 1751 1257 1791; x_wconf 91' lang='lat' dir='ltr'><strong>non</strong></span> <span class='ocrx_word' id='word_1_255' title='bbox 1301 1736 1522 1800; x_wconf 77' lang='lat' dir='ltr'><strong>dixerit,</strong></span> <span class='ocrx_word' id='word_1_256' title='bbox 1560 1736 1702 1789; x_wconf 91' lang='lat' dir='ltr'><strong>unde</strong></span> <span class='ocrx_word' id='word_1_257' title='bbox 1723 1736 1956 1804; x_wconf 73' lang='lat' dir='ltr'><strong>expelle-</strong></span> 
     </span>
    </p>
   </div>
   <div class='ocr_carea' id='block_1_37' title="bbox 376 1827 1956 1899">
    <p class='ocr_par' dir='ltr' id='par_1_37' title="bbox 376 1827 1956 1899">
     <span class='ocr_line' id='line_1_37' title="bbox 376 1827 1956 1899; baseline -0.004 -13"><span class='ocrx_word' id='word_1_258' title='bbox 376 1842 479 1898; x_wconf 88' lang='lat' dir='ltr'><strong>ret,</strong></span> <span class='ocrx_word' id='word_1_259' title='bbox 507 1847 574 1886; x_wconf 92' lang='lat' dir='ltr'><strong>ue</strong></span> <span class='ocrx_word' id='word_1_260' title='bbox 598 1831 649 1886; x_wconf 93' lang='lat' dir='ltr'><strong>id</strong></span> <span class='ocrx_word' id='word_1_261' title='bbox 676 1829 858 1884; x_wconf 88' lang='lat' dir='ltr'><strong>multis</strong></span> <span class='ocrx_word' id='word_1_262' title='bbox 885 1828 1232 1899; x_wconf 87' lang='lat' dir='ltr'><strong>perspicuum</strong></span> <span class='ocrx_word' id='word_1_263' title='bbox 1263 1828 1424 1884; x_wconf 89' lang='lat' dir='ltr'><strong>l&#39;oret.</strong></span> <span class='ocrx_word' id='word_1_264' title='bbox 1457 1827 1724 1882; x_wconf 84' lang='lat' dir='ltr'><strong>Existimo</strong></span> <span class='ocrx_word' id='word_1_265' title='bbox 1767 1843 1858 1881; x_wconf 91' lang='lat' dir='ltr'><strong>eos</strong></span> <span class='ocrx_word' id='word_1_266' title='bbox 1889 1827 1956 1880; x_wconf 83' lang='lat' dir='ltr'><strong>ab</strong></span> 
     </span>
    </p>
   </div>
   <div class='ocr_carea' id='block_1_38' title="bbox 373 1917 1954 1996">
    <p class='ocr_par' dir='ltr' id='par_1_38' title="bbox 373 1917 1954 1996">
     <span class='ocr_line' id='line_1_38' title="bbox 373 1917 1954 1996; baseline -0.005 -17"><span class='ocrx_word' id='word_1_267' title='bbox 373 1928 488 1996; x_wconf 88' lang='lat' dir='ltr'><strong>ipso</strong></span> <span class='ocrx_word' id='word_1_268' title='bbox 511 1922 769 1994; x_wconf 81' lang='lat' dir='ltr'><strong>expulsos</strong></span> <span class='ocrx_word' id='word_1_269' title='bbox 813 1919 981 1975; x_wconf 85' lang='lat' dir='ltr'><strong>luisse</strong></span> <span class='ocrx_word' id='word_1_270' title='bbox 1011 1921 1079 1973; x_wconf 91' lang='lat' dir='ltr'><strong>ab</strong></span> <span class='ocrx_word' id='word_1_271' title='bbox 1107 1919 1478 1989; x_wconf 86' lang='lat' dir='ltr'><strong>impietatibus</strong></span> <span class='ocrx_word' id='word_1_272' title='bbox 1514 1921 1626 1972; x_wconf 89' lang='lat' dir='ltr'><strong>suis</strong></span> <span class='ocrx_word' id='word_1_273' title='bbox 1656 1917 1954 1971; x_wconf 79' lang='lat' dir='ltr'><strong>secundum</strong></span> 
     </span>
    </p>
   </div>
   <div class='ocr_carea' id='block_1_39' title="bbox 376 2012 1957 2081">
    <p class='ocr_par' dir='ltr' id='par_1_39' title="bbox 376 2012 1957 2081">
     <span class='ocr_line' id='line_1_39' title="bbox 376 2012 1957 2081; baseline -0.006 -9"><span class='ocrx_word' id='word_1_274' title='bbox 376 2018 777 2074; x_wconf 83' lang='lat' dir='ltr'><strong>multitudinem</strong></span> <span class='ocrx_word' id='word_1_275' title='bbox 806 2029 1018 2070; x_wconf 88' lang='lat' dir='ltr'><strong>earum.</strong></span> <span class='ocrx_word' id='word_1_276' title='bbox 1056 2012 1242 2081; x_wconf 77' lang='lat' dir='ltr'><strong>Neque</strong></span> <span class='ocrx_word' id='word_1_277' title='bbox 1270 2013 1416 2066; x_wconf 88' lang='lat' dir='ltr'><strong>enim</strong></span> <span class='ocrx_word' id='word_1_278' title='bbox 1453 2013 1592 2066; x_wconf 81' lang='lat' dir='ltr'><strong>Deus</strong></span> <span class='ocrx_word' id='word_1_279' title='bbox 1627 2027 1655 2064; x_wconf 87' lang='lat' dir='ltr'><strong>a</strong></span> <span class='ocrx_word' id='word_1_280' title='bbox 1680 2025 1737 2064; x_wconf 89' lang='lat' dir='ltr'><strong>se</strong></span> <span class='ocrx_word' id='word_1_281' title='bbox 1769 2025 1957 2079; x_wconf 86' lang='lat' dir='ltr'><strong>quem—</strong></span> 
     </span>
    </p>
   </div>
   <div class='ocr_carea' id='block_1_40' title="bbox 372 2103 1955 2182">
    <p class='ocr_par' dir='ltr' id='par_1_40' title="bbox 372 2103 1955 2182">
     <span class='ocr_line' id='line_1_40' title="bbox 372 2103 1955 2182; baseline -0.004 -20"><span class='ocrx_word' id='word_1_282' title='bbox 372 2125 536 2182; x_wconf 88' lang='lat' dir='ltr'><strong>quam</strong></span> <span class='ocrx_word' id='word_1_283' title='bbox 583 2107 815 2174; x_wconf 83' lang='lat' dir='ltr'><strong>repellit.</strong></span> <span class='ocrx_word' id='word_1_284' title='bbox 854 2104 1012 2172; x_wconf 80' lang='lat' dir='ltr'><strong>Nam,</strong></span> <span class='ocrx_word' id='word_1_285' title='bbox 1057 2105 1233 2173; x_wconf 92' lang='lat' dir='ltr'><strong>inquit</strong></span> <span class='ocrx_word' id='word_1_286' title='bbox 1271 2104 1338 2168; x_wconf 69' lang='grc' dir='ltr'><strong>ν’,</strong></span> <span class='ocrx_word' id='word_1_287' title='bbox 1375 2120 1394 2154; x_wconf 83' lang='grc' dir='ltr'><strong>ι</strong></span> <span class='ocrx_word' id='word_1_288' title='bbox 1435 2103 1523 2172; x_wconf 86' lang='lat' dir='ltr'><strong>qui</strong></span> <span class='ocrx_word' id='word_1_289' title='bbox 1559 2104 1812 2173; x_wconf 80' lang='lat' dir='ltr'><strong>elongaut</strong></span> <span class='ocrx_word' id='word_1_290' title='bbox 1841 2117 1900 2156; x_wconf 88' lang='lat' dir='ltr'><strong>se</strong></span> <span class='ocrx_word' id='word_1_291' title='bbox 1927 2118 1955 2155; x_wconf 88' lang='lat' dir='ltr'><strong>a</strong></span> 
     </span>
    </p>
   </div>
   <div class='ocr_carea' id='block_1_41' title="bbox 377 2203 817 2271">
    <p class='ocr_par' dir='ltr' id='par_1_41' title="bbox 377 2203 817 2271">
     <span class='ocr_line' id='line_1_41' title="bbox 377 2203 817 2271; baseline -0.018 -12"><span class='ocrx_word' id='word_1_292' title='bbox 377 2214 450 2269; x_wconf 90' lang='lat' dir='ltr'><strong>te,</strong></span> <span class='ocrx_word' id='word_1_293' title='bbox 484 2203 755 2271; x_wconf 88' lang='lat' dir='ltr'><strong>peribunt.</strong></span> <span class='ocrx_word' id='word_1_294' title='bbox 799 2217 817 2250; x_wconf 77' lang='grc' dir='ltr'><strong>ι</strong></span> 
     </span>
    </p>
   </div>
   <div class='ocr_carea' id='block_1_42' title="bbox 447 2287 1961 2364">
    <p class='ocr_par' dir='ltr' id='par_1_42' title="bbox 447 2287 1961 2364">
     <span class='ocr_line' id='line_1_42' title="bbox 447 2287 1961 2364; baseline -0.006 -17"><span class='ocrx_word' id='word_1_295' title='bbox 646 2290 810 2346; x_wconf 78' lang='lat' dir='ltr'><strong>VEtts.</strong></span> <span class='ocrx_word' id='word_1_296' title='bbox 847 2289 901 2346; x_wconf 86' lang='lat'><strong>9.</strong></span> <span class='ocrx_word' id='word_1_297' title='bbox 940 2288 1180 2348; x_wconf 78' lang='lat' dir='ltr'><strong>Domine,</strong></span> <span class='ocrx_word' id='word_1_298' title='bbox 1208 2289 1373 2342; x_wconf 81' lang='lat' dir='ltr'><strong>deduc</strong></span> <span class='ocrx_word' id='word_1_299' title='bbox 1412 2305 1492 2340; x_wconf 85' lang='lat' dir='ltr'><strong>me</strong></span> <span class='ocrx_word' id='word_1_300' title='bbox 1520 2289 1572 2340; x_wconf 86' lang='lat' dir='ltr'><strong>in</strong></span> <span class='ocrx_word' id='word_1_301' title='bbox 1609 2287 1820 2357; x_wconf 81' lang='lat' dir='ltr'><strong>justilia</strong></span> <span class='ocrx_word' id='word_1_302' title='bbox 1866 2296 1961 2340; x_wconf 82' lang='lat' dir='ltr'><strong>tua</strong></span> 
     </span>
    </p>
   </div>
   <div class='ocr_carea' id='block_1_43' title="bbox 375 2381 1960 2454">
    <p class='ocr_par' dir='ltr' id='par_1_43' title="bbox 375 2381 1960 2454">
     <span class='ocr_line' id='line_1_43' title="bbox 375 2381 1960 2454; baseline -0.003 -18"><span class='ocrx_word' id='word_1_303' title='bbox 375 2394 592 2454; x_wconf 79' lang='lat' dir='ltr'><strong>propter</strong></span> <span class='ocrx_word' id='word_1_304' title='bbox 617 2385 862 2438; x_wconf 85' lang='lat' dir='ltr'><strong>inimicos</strong></span> <span class='ocrx_word' id='word_1_305' title='bbox 894 2394 1036 2446; x_wconf 87' lang='lat' dir='ltr'><strong>tuos,</strong></span> <span class='ocrx_word' id='word_1_306' title='bbox 1067 2381 1238 2451; x_wconf 84' lang='lat' dir='ltr'><strong>dirige</strong></span> <span class='ocrx_word' id='word_1_307' title='bbox 1269 2381 1325 2433; x_wconf 81' lang='lat' dir='ltr'><strong>in</strong></span> <span class='ocrx_word' id='word_1_308' title='bbox 1357 2392 1634 2450; x_wconf 77' lang='lat' dir='ltr'><strong>conspectu</strong></span> <span class='ocrx_word' id='word_1_309' title='bbox 1684 2391 1773 2432; x_wconf 86' lang='lat' dir='ltr'><strong>tuo</strong></span> <span class='ocrx_word' id='word_1_310' title='bbox 1825 2381 1960 2432; x_wconf 76' lang='lat' dir='ltr'><strong>riam</strong></span> 
     </span>
    </p>
   </div>
   <div class='ocr_carea' id='block_1_44' title="bbox 377 2471 1958 2545">
    <p class='ocr_par' dir='ltr' id='par_1_44' title="bbox 377 2471 1958 2545">
     <span class='ocr_line' id='line_1_44' title="bbox 377 2471 1958 2545; baseline -0.004 -12"><span class='ocrx_word' id='word_1_311' title='bbox 377 2495 569 2543; x_wconf 88' lang='lat' dir='ltr'><strong>meam,</strong></span> <span class='ocrx_word' id='word_1_312' title='bbox 595 2488 702 2533; x_wconf 90' lang='lat' dir='ltr'><strong>etc.</strong></span> <span class='ocrx_word' id='word_1_313' title='bbox 721 2476 822 2544; x_wconf 87' lang='lat' dir='ltr'><strong>Qui</strong></span> <span class='ocrx_word' id='word_1_314' title='bbox 853 2474 955 2531; x_wconf 89' lang='lat' dir='ltr'><strong>sibi</strong></span> <span class='ocrx_word' id='word_1_315' title='bbox 983 2475 1237 2545; x_wconf 84' lang='lat' dir='ltr'><strong>proponit</strong></span> <span class='ocrx_word' id='word_1_316' title='bbox 1268 2484 1418 2528; x_wconf 88' lang='lat' dir='ltr'><strong>recte</strong></span> <span class='ocrx_word' id='word_1_317' title='bbox 1441 2473 1647 2528; x_wconf 87' lang='lat' dir='ltr'><strong>sentire</strong></span> <span class='ocrx_word' id='word_1_318' title='bbox 1669 2481 1724 2527; x_wconf 89' lang='lat' dir='ltr'><strong>et</strong></span> <span class='ocrx_word' id='word_1_319' title='bbox 1756 2471 1958 2535; x_wconf 78' lang='lat' dir='ltr'><strong>facere,</strong></span> 
     </span>
    </p>
   </div>
   <div class='ocr_carea' id='block_1_45' title="bbox 379 2563 1962 2622">
    <p class='ocr_par' dir='ltr' id='par_1_45' title="bbox 379 2563 1962 2622">
     <span class='ocr_line' id='line_1_45' title="bbox 379 2563 1962 2622; baseline -0.003 0"><span class='ocrx_word' id='word_1_320' title='bbox 379 2570 577 2622; x_wconf 88' lang='lat' dir='ltr'><strong>multos</strong></span> <span class='ocrx_word' id='word_1_321' title='bbox 621 2566 971 2620; x_wconf 86' lang='lat' dir='ltr'><strong>adversarios</strong></span> <span class='ocrx_word' id='word_1_322' title='bbox 1006 2564 1189 2619; x_wconf 80' lang='lat' dir='ltr'><strong>habet.</strong></span> <span class='ocrx_word' id='word_1_323' title='bbox 1233 2563 1371 2618; x_wconf 89' lang='lat' dir='ltr'><strong>Sunt</strong></span> <span class='ocrx_word' id='word_1_324' title='bbox 1405 2565 1551 2617; x_wconf 88' lang='lat' dir='ltr'><strong>enim</strong></span> <span class='ocrx_word' id='word_1_325' title='bbox 1601 2574 1657 2617; x_wconf 93' lang='lat' dir='ltr'><strong>et</strong></span> <span class='ocrx_word' id='word_1_326' title='bbox 1714 2564 1962 2618; x_wconf 86' lang='lat' dir='ltr'><strong>homines</strong></span> 
     </span>
    </p>
   </div>
   <div class='ocr_carea' id='block_1_46' title="bbox 376 2658 1958 2728">
    <p class='ocr_par' dir='ltr' id='par_1_46' title="bbox 376 2658 1958 2728">
     <span class='ocr_line' id='line_1_46' title="bbox 376 2658 1958 2728; baseline -0.003 -13"><span class='ocrx_word' id='word_1_327' title='bbox 376 2678 430 2718; x_wconf 80' lang='lat' dir='ltr'><strong>et</strong></span> <span class='ocrx_word' id='word_1_328' title='bbox 457 2663 730 2717; x_wconf 66' lang='lat' dir='ltr'><strong>diemones</strong></span> <span class='ocrx_word' id='word_1_329' title='bbox 762 2661 962 2716; x_wconf 87' lang='lat' dir='ltr'><strong>invidia</strong></span> <span class='ocrx_word' id='word_1_330' title='bbox 990 2659 1155 2728; x_wconf 90' lang='lat' dir='ltr'><strong>pleni,</strong></span> <span class='ocrx_word' id='word_1_331' title='bbox 1179 2673 1316 2726; x_wconf 89' lang='lat' dir='ltr'><strong>quos</strong></span> <span class='ocrx_word' id='word_1_332' title='bbox 1339 2658 1480 2712; x_wconf 85' lang='lat' dir='ltr'><strong>bona</strong></span> <span class='ocrx_word' id='word_1_333' title='bbox 1511 2668 1655 2711; x_wconf 85' lang='lat' dir='ltr'><strong>recte</strong></span> <span class='ocrx_word' id='word_1_334' title='bbox 1684 2659 1958 2724; x_wconf 84' lang='lat' dir='ltr'><strong>agentium</strong></span> 
     </span>
    </p>
   </div>
   <div class='ocr_carea' id='block_1_47' title="bbox 378 2748 1958 2820">
    <p class='ocr_par' dir='ltr' id='par_1_47' title="bbox 378 2748 1958 2820">
     <span class='ocr_line' id='line_1_47' title="bbox 378 2748 1958 2820; baseline -0.004 -13"><span class='ocrx_word' id='word_1_335' title='bbox 378 2753 726 2809; x_wconf 73' lang='lat' dir='ltr'><strong>contristant.</strong></span> <span class='ocrx_word' id='word_1_336' title='bbox 756 2751 810 2806; x_wconf 90' lang='lat' dir='ltr'><strong>Id</strong></span> <span class='ocrx_word' id='word_1_337' title='bbox 835 2767 956 2805; x_wconf 85' lang='lat' dir='ltr'><strong>cum</strong></span> <span class='ocrx_word' id='word_1_338' title='bbox 986 2751 1324 2820; x_wconf 88' lang='lat' dir='ltr'><strong>perspiceret</strong></span> <span class='ocrx_word' id='word_1_339' title='bbox 1366 2748 1665 2818; x_wconf 87' lang='lat' dir='ltr'><strong>Propheta,</strong></span> <span class='ocrx_word' id='word_1_340' title='bbox 1691 2763 1796 2801; x_wconf 90' lang='lat' dir='ltr'><strong>non</strong></span> <span class='ocrx_word' id='word_1_341' title='bbox 1829 2762 1958 2817; x_wconf 83' lang='lat' dir='ltr'><strong>pro-</strong></span> 
     </span>
    </p>
   </div>
   <div class='ocr_carea' id='block_1_48' title="bbox 381 2840 1958 2917">
    <p class='ocr_par' dir='ltr' id='par_1_48' title="bbox 381 2840 1958 2917">
     <span class='ocr_line' id='line_1_48' title="bbox 381 2840 1958 2917; baseline -0.009 -15"><span class='ocrx_word' id='word_1_342' title='bbox 381 2847 510 2917; x_wconf 72' lang='lat' dir='ltr'><strong>priae</strong></span> <span class='ocrx_word' id='word_1_343' title='bbox 556 2860 667 2901; x_wconf 66' lang='lat' dir='ltr'><strong>sua:</strong></span> <span class='ocrx_word' id='word_1_344' title='bbox 700 2845 890 2898; x_wconf 89' lang='lat' dir='ltr'><strong>virtuti</strong></span> <span class='ocrx_word' id='word_1_345' title='bbox 923 2842 1114 2898; x_wconf 90' lang='lat' dir='ltr'><strong>tribuit</strong></span> <span class='ocrx_word' id='word_1_346' title='bbox 1158 2855 1399 2911; x_wconf 84' lang='lat' dir='ltr'><strong>pugnare</strong></span> <span class='ocrx_word' id='word_1_347' title='bbox 1435 2852 1622 2895; x_wconf 88' lang='lat' dir='ltr'><strong>contra</strong></span> <span class='ocrx_word' id='word_1_348' title='bbox 1655 2855 1749 2893; x_wconf 90' lang='lat' dir='ltr'><strong>eos</strong></span> <span class='ocrx_word' id='word_1_349' title='bbox 1779 2840 1868 2909; x_wconf 90' lang='lat' dir='ltr'><strong>qui</strong></span> <span class='ocrx_word' id='word_1_350' title='bbox 1905 2840 1958 2894; x_wconf 91' lang='lat' dir='ltr'><strong>in</strong></span> 
     </span>
    </p>
   </div>
   <div class='ocr_carea' id='block_1_49' title="bbox 2061 2199 2231 2236">
    <p class='ocr_par' dir='ltr' id='par_1_49' title="bbox 2061 2199 2231 2236">
     <span class='ocr_line' id='line_1_49' title="bbox 2061 2199 2231 2236; baseline -0.012 -2"><span class='ocrx_word' id='word_1_351' title='bbox 2061 2199 2173 2236; x_wconf 90' lang='grc' dir='ltr'>ται.</span> <span class='ocrx_word' id='word_1_352' title='bbox 2213 2200 2231 2232; x_wconf 68' lang='grc' dir='ltr'><strong>ι</strong></span> 
     </span>
    </p>
   </div>
   <div class='ocr_carea' id='block_1_50' title="bbox 2132 2265 3684 2341">
    <p class='ocr_par' dir='ltr' id='par_1_50' title="bbox 2132 2265 3684 2341">
     <span class='ocr_line' id='line_1_50' title="bbox 2132 2265 3684 2341; baseline -0.006 -14"><span class='ocrx_word' id='word_1_353' title='bbox 2132 2274 2329 2341; x_wconf 83' lang='grc' dir='ltr'>Κύριε,</span> <span class='ocrx_word' id='word_1_354' title='bbox 2350 2270 2660 2341; x_wconf 74' lang='grc' dir='ltr'>όδήγησόν</span> <span class='ocrx_word' id='word_1_355' title='bbox 2679 2285 2755 2338; x_wconf 80' lang='grc' dir='ltr'><strong>με</strong></span> <span class='ocrx_word' id='word_1_356' title='bbox 2781 2268 2852 2321; x_wconf 80' lang='grc' dir='ltr'><strong>ἐν</strong></span> <span class='ocrx_word' id='word_1_357' title='bbox 2878 2266 2953 2335; x_wconf 78' lang='grc' dir='ltr'>τῇ</span> <span class='ocrx_word' id='word_1_358' title='bbox 2981 2265 3336 2332; x_wconf 75' lang='grc' dir='ltr'>δικαιοσύνῃ</span> <span class='ocrx_word' id='word_1_359' title='bbox 3373 2280 3506 2318; x_wconf 75' lang='grc' dir='ltr'><strong>σου</strong></span> <span class='ocrx_word' id='word_1_360' title='bbox 3540 2265 3684 2318; x_wconf 69' lang='lat' dir='ltr'><strong>Ere-</strong></span> 
     </span>
    </p>
   </div>
   <div class='ocr_carea' id='block_1_51' title="bbox 2060 2356 3683 2434">
    <p class='ocr_par' dir='ltr' id='par_1_51' title="bbox 2060 2356 3683 2434">
     <span class='ocr_line' id='line_1_51' title="bbox 2060 2356 3683 2434; baseline -0.006 -14"><span class='ocrx_word' id='word_1_361' title='bbox 2060 2384 2136 2420; x_wconf 84' lang='grc' dir='ltr'><strong>κα</strong></span> <span class='ocrx_word' id='word_1_362' title='bbox 2162 2365 2279 2420; x_wconf 80' lang='grc' dir='ltr'><strong>τῶν</strong></span> <span class='ocrx_word' id='word_1_363' title='bbox 2300 2361 2530 2434; x_wconf 81' lang='grc' dir='ltr'><strong>ἐχθρῶν</strong></span> <span class='ocrx_word' id='word_1_364' title='bbox 2550 2379 2690 2431; x_wconf 81' lang='grc' dir='ltr'>μου,</span> <span class='ocrx_word' id='word_1_365' title='bbox 2709 2360 3078 2414; x_wconf 75' lang='grc' dir='ltr'>κατεύθυνον</span> <span class='ocrx_word' id='word_1_366' title='bbox 3110 2357 3373 2410; x_wconf 71' lang='grc' dir='ltr'>ἐνώπιόν</span> <span class='ocrx_word' id='word_1_367' title='bbox 3392 2371 3525 2409; x_wconf 80' lang='grc' dir='ltr'>σου</span> <span class='ocrx_word' id='word_1_368' title='bbox 3556 2356 3683 2423; x_wconf 65' lang='grc' dir='ltr'>τὴν·</span> 
     </span>
    </p>
   </div>
   <div class='ocr_carea' id='block_1_52' title="bbox 2060 2448 3679 2526">
    <p class='ocr_par' dir='ltr' id='par_1_52' title="bbox 2060 2448 3679 2526">
     <span class='ocr_line' id='line_1_52' title="bbox 2060 2448 3679 2526; baseline -0.005 -16"><span class='ocrx_word' id='word_1_369' title='bbox 2060 2456 2205 2511; x_wconf 79' lang='grc' dir='ltr'><strong>ὁδόν</strong></span> <span class='ocrx_word' id='word_1_370' title='bbox 2251 2474 2393 2526; x_wconf 81' lang='grc' dir='ltr'>μου,</span> <span class='ocrx_word' id='word_1_371' title='bbox 2446 2472 2501 2508; x_wconf 92' lang='grc' dir='ltr'><strong>κ.</strong></span> <span class='ocrx_word' id='word_1_372' title='bbox 2550 2470 2602 2506; x_wconf 83' lang='grc' dir='ltr'><strong>τ.</strong></span> <span class='ocrx_word' id='word_1_373' title='bbox 2647 2453 2690 2506; x_wconf 85' lang='grc' dir='ltr'>ὲ.</span> <span class='ocrx_word' id='word_1_374' title='bbox 2743 2452 2800 2505; x_wconf 84' lang='lat'><strong>&#39;0</strong></span> <span class='ocrx_word' id='word_1_375' title='bbox 2855 2450 3240 2522; x_wconf 80' lang='grc' dir='ltr'>προτιθέμενος</span> <span class='ocrx_word' id='word_1_376' title='bbox 3307 2448 3425 2519; x_wconf 70' lang='grc'><strong>(24)</strong></span> <span class='ocrx_word' id='word_1_377' title='bbox 3485 2449 3679 2520; x_wconf 62' lang='grc' dir='ltr'>ὀρθῶς</span> 
     </span>
    </p>
   </div>
   <div class='ocr_carea' id='block_1_53' title="bbox 2061 2541 3674 2621">
    <p class='ocr_par' dir='ltr' id='par_1_53' title="bbox 2061 2541 3674 2621">
     <span class='ocr_line' id='line_1_53' title="bbox 2061 2541 3674 2621; baseline -0.005 -19"><span class='ocrx_word' id='word_1_378' title='bbox 2061 2552 2277 2621; x_wconf 82' lang='grc' dir='ltr'>φρονεῖν</span> <span class='ocrx_word' id='word_1_379' title='bbox 2318 2549 2409 2601; x_wconf 75' lang='grc' dir='ltr'><strong>καὶ</strong></span> <span class='ocrx_word' id='word_1_380' title='bbox 2442 2546 2721 2618; x_wconf 78' lang='grc' dir='ltr'>πράττειν,</span> <span class='ocrx_word' id='word_1_381' title='bbox 2759 2543 2984 2607; x_wconf 76' lang='grc' dir='ltr'>πολλοὺς</span> <span class='ocrx_word' id='word_1_382' title='bbox 3027 2541 3302 2604; x_wconf 79' lang='grc' dir='ltr'>ἐναντίους</span> <span class='ocrx_word' id='word_1_383' title='bbox 3353 2541 3501 2610; x_wconf 73' lang='grc' dir='ltr'>ἔχει.</span> <span class='ocrx_word' id='word_1_384' title='bbox 3543 2543 3674 2594; x_wconf 73' lang='grc' dir='ltr'><strong>Εἰσὶ</strong></span> 
     </span>
    </p>
   </div>
   <div class='ocr_carea' id='block_1_54' title="bbox 2037 2631 3672 2712">
    <p class='ocr_par' dir='ltr' id='par_1_54' title="bbox 2037 2631 3672 2712">
     <span class='ocr_line' id='line_1_54' title="bbox 2037 2631 3672 2712; baseline -0.005 -19"><span class='ocrx_word' id='word_1_385' title='bbox 2037 2641 2169 2712; x_wconf 67' lang='grc' dir='ltr'><strong>ιγάρ</strong></span> <span class='ocrx_word' id='word_1_386' title='bbox 2207 2641 2302 2693; x_wconf 74' lang='grc' dir='ltr'>καὶ</span> <span class='ocrx_word' id='word_1_387' title='bbox 2333 2638 2606 2710; x_wconf 75' lang='grc' dir='ltr'>ἄνθρωποι</span> <span class='ocrx_word' id='word_1_388' title='bbox 2629 2636 2720 2689; x_wconf 70' lang='grc' dir='ltr'>καὶ</span> <span class='ocrx_word' id='word_1_389' title='bbox 2736 2635 2988 2705; x_wconf 87' lang='grc' dir='ltr'>δαίμονες</span> <span class='ocrx_word' id='word_1_390' title='bbox 3013 2632 3282 2706; x_wconf 73' lang='grc' dir='ltr'>φθονεροὶ,</span> <span class='ocrx_word' id='word_1_391' title='bbox 3310 2631 3672 2702; x_wconf 72' lang='grc' dir='ltr'>λυπούμενοι</span> 
     </span>
    </p>
   </div>
   <div class='ocr_carea' id='block_1_55' title="bbox 2061 2725 3676 2801">
    <p class='ocr_par' dir='ltr' id='par_1_55' title="bbox 2061 2725 3676 2801">
     <span class='ocr_line' id='line_1_55' title="bbox 2061 2725 3676 2801; baseline -0.006 -15"><span class='ocrx_word' id='word_1_392' title='bbox 2061 2733 2154 2786; x_wconf 73' lang='grc' dir='ltr'>ἐπὶ</span> <span class='ocrx_word' id='word_1_393' title='bbox 2187 2735 2298 2795; x_wconf 86' lang='grc' dir='ltr'>τοῖς</span> <span class='ocrx_word' id='word_1_394' title='bbox 2322 2731 2546 2799; x_wconf 83' lang='grc' dir='ltr'><strong>ἀγαθοῖς</strong></span> <span class='ocrx_word' id='word_1_395' title='bbox 2577 2728 2681 2783; x_wconf 88' lang='grc' dir='ltr'><strong>τῶν</strong></span> <span class='ocrx_word' id='word_1_396' title='bbox 2703 2728 3132 2801; x_wconf 81' lang='grc' dir='ltr'>κατορθούντων.</span> <span class='ocrx_word' id='word_1_397' title='bbox 3151 2727 3322 2779; x_wconf 79' lang='grc' dir='ltr'>Τοῦτο</span> <span class='ocrx_word' id='word_1_398' title='bbox 3350 2727 3410 2779; x_wconf 77' lang='grc' dir='ltr'>δὲ</span> <span class='ocrx_word' id='word_1_399' title='bbox 3441 2725 3676 2798; x_wconf 74' lang='grc' dir='ltr'>Θεωρὴ-</span> 
     </span>
    </p>
   </div>
   <div class='ocr_carea' id='block_1_56' title="bbox 2063 2817 3674 2895">
    <p class='ocr_par' dir='ltr' id='par_1_56' title="bbox 2063 2817 3674 2895">
     <span class='ocr_line' id='line_1_56' title="bbox 2063 2817 3674 2895; baseline -0.004 -19"><span class='ocrx_word' id='word_1_400' title='bbox 2063 2841 2159 2888; x_wconf 80' lang='grc' dir='ltr'><strong>σας</strong></span> <span class='ocrx_word' id='word_1_401' title='bbox 2187 2824 2282 2878; x_wconf 75' lang='grc' dir='ltr'><strong>καὶ</strong></span> <span class='ocrx_word' id='word_1_402' title='bbox 2309 2824 2338 2875; x_wconf 85' lang='grc' dir='ltr'><strong>ὁ</strong></span> <span class='ocrx_word' id='word_1_403' title='bbox 2367 2821 2728 2895; x_wconf 84' lang='grc' dir='ltr'>προκείμενος</span> <span class='ocrx_word' id='word_1_404' title='bbox 2759 2821 2820 2873; x_wconf 84' lang='grc' dir='ltr'><strong>οὑ</strong></span> <span class='ocrx_word' id='word_1_405' title='bbox 2863 2823 2926 2890; x_wconf 84' lang='grc' dir='ltr'>τῇ</span> <span class='ocrx_word' id='word_1_406' title='bbox 2971 2817 3164 2872; x_wconf 76' lang='grc' dir='ltr'>ἑαυτοῦ</span> <span class='ocrx_word' id='word_1_407' title='bbox 3199 2818 3427 2887; x_wconf 79' lang='grc' dir='ltr'>δυνάμει</span> <span class='ocrx_word' id='word_1_408' title='bbox 3455 2817 3674 2870; x_wconf 75' lang='grc' dir='ltr'>δέδωκε</span> 
     </span>
    </p>
   </div>
   <div class='ocr_carea' id='block_1_57' title="bbox 381 2909 1960 3006">
    <p class='ocr_par' dir='ltr' id='par_1_57' title="bbox 381 2932 1955 3006">
     <span class='ocr_line' id='line_1_57' title="bbox 381 2932 1955 3006; baseline -0.006 -12"><span class='ocrx_word' id='word_1_409' title='bbox 381 2955 441 2994; x_wconf 83' lang='lat' dir='ltr'><strong>se</strong></span> <span class='ocrx_word' id='word_1_410' title='bbox 478 2940 848 3006; x_wconf 84' lang='lat' dir='ltr'><strong>insurgerent.</strong></span> <span class='ocrx_word' id='word_1_411' title='bbox 875 2938 967 2990; x_wconf 90' lang='lat' dir='ltr'><strong>sed</strong></span> <span class='ocrx_word' id='word_1_412' title='bbox 993 2935 1269 2989; x_wconf 88' lang='lat' dir='ltr'><strong>invocavit</strong></span> <span class='ocrx_word' id='word_1_413' title='bbox 1301 2934 1470 2988; x_wconf 90' lang='lat' dir='ltr'><strong>Deum</strong></span> <span class='ocrx_word' id='word_1_414' title='bbox 1512 2942 1569 2986; x_wconf 94' lang='lat' dir='ltr'><strong>ut</strong></span> <span class='ocrx_word' id='word_1_415' title='bbox 1607 2948 1825 2986; x_wconf 88' lang='lat' dir='ltr'><strong>manum</strong></span> <span class='ocrx_word' id='word_1_416' title='bbox 1857 2932 1955 3000; x_wconf 88' lang='lat' dir='ltr'><strong>ipsi</strong></span> 
     </span>
    </p>
   </div>
   <div class='ocr_carea' id='block_1_58' title="bbox 2070 2909 3666 3006">
    <p class='ocr_par' dir='ltr' id='par_1_58' title="bbox 2070 2909 3666 2985">
     <span class='ocr_line' id='line_1_58' title="bbox 2070 2909 3666 2985; baseline -0.004 -17"><span class='ocrx_word' id='word_1_417' title='bbox 2070 2915 2122 2968; x_wconf 75' lang='grc' dir='ltr'>τὸ</span> <span class='ocrx_word' id='word_1_418' title='bbox 2147 2913 2525 2985; x_wconf 81' lang='grc' dir='ltr'>ἀπομάχεσθαι</span> <span class='ocrx_word' id='word_1_419' title='bbox 2566 2915 2678 2976; x_wconf 86' lang='grc' dir='ltr'>τοῖς</span> <span class='ocrx_word' id='word_1_420' title='bbox 2711 2911 3079 2982; x_wconf 76' lang='grc' dir='ltr'>ἐπικειμένοις</span> <span class='ocrx_word' id='word_1_421' title='bbox 3125 2911 3242 2963; x_wconf 81' lang='grc' dir='ltr'>κατ’</span> <span class='ocrx_word' id='word_1_422' title='bbox 3275 2909 3469 2972; x_wconf 72' lang='grc' dir='ltr'>αὐτοῦ,</span> <span class='ocrx_word' id='word_1_423' title='bbox 3521 2909 3666 2962; x_wconf 76' lang='grc' dir='ltr'><strong>ἀλλά</strong></span> 
     </span>
    </p>
   </div>
   <div class='ocr_carea' id='block_1_59' title="bbox 385 3001 1960 3099">
    <p class='ocr_par' dir='ltr' id='par_1_59' title="bbox 385 3023 1958 3099">
     <span class='ocr_line' id='line_1_59' title="bbox 385 3023 1958 3099; baseline -0.007 -14"><span class='ocrx_word' id='word_1_424' title='bbox 385 3029 713 3099; x_wconf 82' lang='lat' dir='ltr'><strong>porrigeret,</strong></span> <span class='ocrx_word' id='word_1_425' title='bbox 746 3041 849 3095; x_wconf 87' lang='lat' dir='ltr'><strong>qua</strong></span> <span class='ocrx_word' id='word_1_426' title='bbox 885 3024 1176 3080; x_wconf 89' lang='lat' dir='ltr'><strong>incolumis</strong></span> <span class='ocrx_word' id='word_1_427' title='bbox 1197 3025 1457 3079; x_wconf 91' lang='lat' dir='ltr'><strong>evaderet</strong></span> <span class='ocrx_word' id='word_1_428' title='bbox 1489 3039 1518 3077; x_wconf 90' lang='lat' dir='ltr'><strong>a</strong></span> <span class='ocrx_word' id='word_1_429' title='bbox 1561 3035 1638 3077; x_wconf 90' lang='lat' dir='ltr'><strong>tot</strong></span> <span class='ocrx_word' id='word_1_430' title='bbox 1690 3023 1958 3092; x_wconf 85' lang='lat' dir='ltr'><strong>tantisque</strong></span> 
     </span>
    </p>
   </div>
   <div class='ocr_carea' id='block_1_60' title="bbox 2070 3001 3669 3099">
    <p class='ocr_par' dir='ltr' id='par_1_60' title="bbox 2070 3001 3669 3080">
     <span class='ocr_line' id='line_1_60' title="bbox 2070 3001 3669 3080; baseline -0.004 -19"><span class='ocrx_word' id='word_1_431' title='bbox 2070 3005 2399 3080; x_wconf 81' lang='grc' dir='ltr'>παρεκάλεσε</span> <span class='ocrx_word' id='word_1_432' title='bbox 2429 3005 2519 3058; x_wconf 83' lang='grc' dir='ltr'><strong>τὸν</strong></span> <span class='ocrx_word' id='word_1_433' title='bbox 2550 3005 2683 3058; x_wconf 83' lang='grc' dir='ltr'>Θεὸν</span> <span class='ocrx_word' id='word_1_434' title='bbox 2729 3009 2888 3077; x_wconf 87' lang='grc' dir='ltr'>χεῖρα</span> <span class='ocrx_word' id='word_1_435' title='bbox 2925 3003 3073 3074; x_wconf 71' lang='grc' dir='ltr'>αὐτῷ</span> <span class='ocrx_word' id='word_1_436' title='bbox 3120 3003 3303 3074; x_wconf 78' lang='grc' dir='ltr'>ὀρέξαι</span> <span class='ocrx_word' id='word_1_437' title='bbox 3342 3001 3669 3065; x_wconf 74' lang='grc' dir='ltr'>σκεπάζου-</span> 
     </span>
    </p>
   </div>
   <div class='ocr_carea' id='block_1_61' title="bbox 381 3091 1960 3196">
    <p class='ocr_par' dir='ltr' id='par_1_61' title="bbox 381 3091 1958 3188">
     <span class='ocr_line' id='line_1_61' title="bbox 381 3091 1958 3188; baseline -0.006 -10"><span class='ocrx_word' id='word_1_438' title='bbox 381 3121 653 3186; x_wconf 87' lang='lat' dir='ltr'><strong>hostibus,</strong></span> <span class='ocrx_word' id='word_1_439' title='bbox 681 3120 868 3176; x_wconf 87' lang='lat' dir='ltr'><strong>dicens</strong></span> <span class='ocrx_word' id='word_1_440' title='bbox 900 3136 914 3172; x_wconf 88' lang='lat'><strong>:</strong></span> <span class='ocrx_word' id='word_1_441' title='bbox 955 3117 1095 3188; x_wconf 90' lang='lat' dir='ltr'><strong>Ipse,</strong></span> <span class='ocrx_word' id='word_1_442' title='bbox 1128 3118 1372 3182; x_wconf 89' lang='lat' dir='ltr'><strong>Domine,</strong></span> <span class='ocrx_word' id='word_1_443' title='bbox 1405 3117 1577 3171; x_wconf 87' lang='lat' dir='ltr'><strong>deduc</strong></span> <span class='ocrx_word' id='word_1_444' title='bbox 1607 3132 1690 3170; x_wconf 89' lang='lat' dir='ltr'><strong>mc</strong></span> <span class='ocrx_word' id='word_1_445' title='bbox 1722 3116 1771 3169; x_wconf 89' lang='lat' dir='ltr'><strong>iu</strong></span> <span class='ocrx_word' id='word_1_446' title='bbox 1799 3091 1958 3184; x_wconf 88' lang='lat' dir='ltr'><strong>justi-</strong></span> 
     </span>
    </p>
   </div>
   <div class='ocr_carea' id='block_1_62' title="bbox 2070 3091 3672 3196">
    <p class='ocr_par' dir='ltr' id='par_1_62' title="bbox 2070 3091 3672 3164">
     <span class='ocr_line' id='line_1_62' title="bbox 2070 3091 3672 3164; baseline -0.004 -13"><span class='ocrx_word' id='word_1_447' title='bbox 2070 3114 2160 3151; x_wconf 84' lang='grc' dir='ltr'><strong>σαν</strong></span> <span class='ocrx_word' id='word_1_448' title='bbox 2188 3095 2348 3151; x_wconf 75' lang='grc' dir='ltr'>αὐτὸν</span> <span class='ocrx_word' id='word_1_449' title='bbox 2376 3094 2588 3164; x_wconf 80' lang='grc' dir='ltr'>ἀϐλαϐῆ</span> <span class='ocrx_word' id='word_1_450' title='bbox 2619 3094 2726 3147; x_wconf 82' lang='grc' dir='ltr'><strong>ἀπὸ</strong></span> <span class='ocrx_word' id='word_1_451' title='bbox 2750 3093 2858 3146; x_wconf 90' lang='grc' dir='ltr'><strong>τῶν</strong></span> <span class='ocrx_word' id='word_1_452' title='bbox 2892 3091 3161 3146; x_wconf 83' lang='grc' dir='ltr'>τοσούτων</span> <span class='ocrx_word' id='word_1_453' title='bbox 3191 3091 3285 3144; x_wconf 70' lang='grc' dir='ltr'>καὶ</span> <span class='ocrx_word' id='word_1_454' title='bbox 3315 3091 3672 3159; x_wconf 73' lang='grc' dir='ltr'>τηλικούτων</span> 
     </span>
    </p>
   </div>
   <div class='ocr_carea' id='block_1_63' title="bbox 383 3177 1960 3280">
    <p class='ocr_par' dir='ltr' id='par_1_63' title="bbox 383 3209 1959 3280">
     <span class='ocr_line' id='line_1_63' title="bbox 383 3209 1959 3280; baseline -0.004 -12"><span class='ocrx_word' id='word_1_455' title='bbox 383 3216 459 3271; x_wconf 88' lang='lat' dir='ltr'><strong>tia</strong></span> <span class='ocrx_word' id='word_1_456' title='bbox 491 3225 613 3280; x_wconf 87' lang='lat' dir='ltr'><strong>tua;</strong></span> <span class='ocrx_word' id='word_1_457' title='bbox 653 3213 734 3269; x_wconf 88' lang='lat' dir='ltr'><strong>sic</strong></span> <span class='ocrx_word' id='word_1_458' title='bbox 762 3212 906 3266; x_wconf 86' lang='lat' dir='ltr'><strong>enim</strong></span> <span class='ocrx_word' id='word_1_459' title='bbox 933 3211 1026 3266; x_wconf 85' lang='lat' dir='ltr'><strong>lict</strong></span> <span class='ocrx_word' id='word_1_460' title='bbox 1063 3221 1121 3264; x_wconf 90' lang='lat' dir='ltr'><strong>ut</strong></span> <span class='ocrx_word' id='word_1_461' title='bbox 1150 3211 1201 3264; x_wconf 91' lang='lat' dir='ltr'><strong>in</strong></span> <span class='ocrx_word' id='word_1_462' title='bbox 1232 3221 1522 3279; x_wconf 84' lang='lat' dir='ltr'><strong>conspectu</strong></span> <span class='ocrx_word' id='word_1_463' title='bbox 1563 3218 1652 3261; x_wconf 87' lang='lat' dir='ltr'><strong>tuo</strong></span> <span class='ocrx_word' id='word_1_464' title='bbox 1693 3209 1959 3278; x_wconf 78' lang='lat' dir='ltr'><strong>dirigatur</strong></span> 
     </span>
    </p>
   </div>
   <div class='ocr_carea' id='block_1_64' title="bbox 2070 3177 3674 3280">
    <p class='ocr_par' dir='ltr' id='par_1_64' title="bbox 2070 3177 3674 3258">
     <span class='ocr_line' id='line_1_64' title="bbox 2070 3177 3674 3258; baseline -0.005 -17"><span class='ocrx_word' id='word_1_465' title='bbox 2070 3186 2364 3258; x_wconf 85' lang='grc' dir='ltr'>πολεμίων,</span> <span class='ocrx_word' id='word_1_466' title='bbox 2413 3187 2656 3257; x_wconf 80' lang='grc' dir='ltr'>φάσκων·</span> <span class='ocrx_word' id='word_1_467' title='bbox 2705 3185 2898 3248; x_wconf 75' lang='grc' dir='ltr'>Αὐτὸς,</span> <span class='ocrx_word' id='word_1_468' title='bbox 2951 3177 2996 3236; x_wconf 83' lang='grc' dir='ltr'><strong>ὦ</strong></span> <span class='ocrx_word' id='word_1_469' title='bbox 3040 3183 3321 3245; x_wconf 84' lang='grc' dir='ltr'>Δέσποτα,</span> <span class='ocrx_word' id='word_1_470' title='bbox 3386 3181 3674 3253; x_wconf 52' lang='lat' dir='ltr'><strong>eas-mae»</strong></span> 
     </span>
    </p>
   </div>
   <div class='ocr_carea' id='block_1_65' title="bbox 383 3271 3676 3365">
    <p class='ocr_par' dir='ltr' id='par_1_65' title="bbox 383 3271 3676 3365">
     <span class='ocr_line' id='line_1_65' title="bbox 383 3271 3676 3365; baseline -0.005 -20"><span class='ocrx_word' id='word_1_471' title='bbox 383 3310 467 3365; x_wconf 51' lang='lat' dir='ltr'><strong>via</strong></span> <span class='ocrx_word' id='word_1_472' title='bbox 502 3271 646 3364; x_wconf 39' lang='lat' dir='ltr'><strong>me;-</strong></span> <span class='ocrx_word' id='word_1_473' title='bbox 1367 3271 1378 3279; x_wconf 61' lang='grc'><em>’</em></span> <span class='ocrx_word' id='word_1_474' title='bbox 1802 3271 1828 3278; x_wconf 54' lang='grc'>⁷</span> <span class='ocrx_word' id='word_1_475' title='bbox 2069 3299 2136 3352; x_wconf 91' lang='grc' dir='ltr'><strong>με</strong></span> <span class='ocrx_word' id='word_1_476' title='bbox 2172 3282 2230 3334; x_wconf 82' lang='grc' dir='ltr'>ὲν</span> <span class='ocrx_word' id='word_1_477' title='bbox 2260 3283 2327 3352; x_wconf 83' lang='grc' dir='ltr'>τῇ</span> <span class='ocrx_word' id='word_1_478' title='bbox 2360 3277 2682 3350; x_wconf 76' lang='grc' dir='ltr'>δικαιοσύνῃ</span> <span class='ocrx_word' id='word_1_479' title='bbox 2719 3293 2833 3330; x_wconf 89' lang='grc' dir='ltr'>σου·</span> <span class='ocrx_word' id='word_1_480' title='bbox 2877 3275 3019 3329; x_wconf 73' lang='grc' dir='ltr'>οὕτω</span> <span class='ocrx_word' id='word_1_481' title='bbox 3049 3275 3159 3346; x_wconf 83' lang='grc' dir='ltr'><strong>γάρ</strong></span> <span class='ocrx_word' id='word_1_482' title='bbox 3191 3271 3582 3345; x_wconf 83' lang='grc' dir='ltr'>κατορθωθείη</span> <span class='ocrx_word' id='word_1_483' title='bbox 3614 3274 3676 3327; x_wconf 72' lang='grc' dir='ltr'>τὸ</span> 
     </span>
    </p>
   </div>
   <div class='ocr_carea' id='block_1_66' title="bbox 2066 3365 3316 3443">
    <p class='ocr_par' dir='ltr' id='par_1_66' title="bbox 2066 3365 3316 3443">
     <span class='ocr_line' id='line_1_66' title="bbox 2066 3365 3316 3443; baseline -0.006 -18"><span class='ocrx_word' id='word_1_484' title='bbox 2066 3373 2164 3443; x_wconf 79' lang='grc' dir='ltr'><strong>τὴν</strong></span> <span class='ocrx_word' id='word_1_485' title='bbox 2193 3371 2312 3424; x_wconf 82' lang='grc' dir='ltr'>ὁδόν</span> <span class='ocrx_word' id='word_1_486' title='bbox 2342 3388 2444 3442; x_wconf 91' lang='grc' dir='ltr'><strong>μου</strong></span> <span class='ocrx_word' id='word_1_487' title='bbox 2476 3369 2706 3423; x_wconf 74' lang='grc' dir='ltr'>ἐνώπιόν</span> <span class='ocrx_word' id='word_1_488' title='bbox 2738 3385 2831 3422; x_wconf 90' lang='grc' dir='ltr'><strong>σου</strong></span> <span class='ocrx_word' id='word_1_489' title='bbox 2862 3365 3316 3435; x_wconf 80' lang='grc' dir='ltr'>κατευθυνθῆναι.</span> 
     </span>
    </p>
   </div>
   <div class='ocr_carea' id='block_1_67' title="bbox 457 3453 1960 3536">
    <p class='ocr_par' dir='ltr' id='par_1_67' title="bbox 457 3457 1960 3536">
     <span class='ocr_line' id='line_1_67' title="bbox 457 3457 1960 3536; baseline -0.005 -14"><span class='ocrx_word' id='word_1_490' title='bbox 457 3469 624 3524; x_wconf 73' lang='lat' dir='ltr'><strong>Vens.</strong></span> <span class='ocrx_word' id='word_1_491' title='bbox 656 3469 743 3536; x_wconf 79' lang='grc'>10,</span> <span class='ocrx_word' id='word_1_492' title='bbox 776 3469 864 3524; x_wconf 84' lang='grc' dir='ltr'>Η.</span> <span class='ocrx_word' id='word_1_493' title='bbox 901 3467 1170 3532; x_wconf 83' lang='lat' dir='ltr'><strong>Quoniam</strong></span> <span class='ocrx_word' id='word_1_494' title='bbox 1197 3482 1298 3517; x_wconf 86' lang='lat' dir='ltr'><strong>non</strong></span> <span class='ocrx_word' id='word_1_495' title='bbox 1322 3475 1396 3518; x_wconf 82' lang='lat' dir='ltr'><strong>est</strong></span> <span class='ocrx_word' id='word_1_496' title='bbox 1423 3466 1478 3517; x_wconf 88' lang='lat' dir='ltr'><strong>in</strong></span> <span class='ocrx_word' id='word_1_497' title='bbox 1507 3480 1596 3517; x_wconf 89' lang='lat' dir='ltr'><strong>ore</strong></span> <span class='ocrx_word' id='word_1_498' title='bbox 1625 3479 1805 3517; x_wconf 84' lang='lat' dir='ltr'><strong>eorum</strong></span> <span class='ocrx_word' id='word_1_499' title='bbox 1832 3457 1960 3516; x_wconf 82' lang='lat' dir='ltr'><strong>veri-</strong></span> 
     </span>
    </p>
   </div>
   <div class='ocr_carea' id='block_1_68' title="bbox 2070 3453 3674 3536">
    <p class='ocr_par' dir='ltr' id='par_1_68' title="bbox 2140 3453 3674 3526">
     <span class='ocr_line' id='line_1_68' title="bbox 2140 3453 3674 3526; baseline -0.007 -9"><span class='ocrx_word' id='word_1_500' title='bbox 2140 3463 2267 3516; x_wconf 82' lang='lat' dir='ltr'><strong>&quot;Utt</strong></span> <span class='ocrx_word' id='word_1_501' title='bbox 2296 3464 2408 3516; x_wconf 79' lang='grc' dir='ltr'>οὐκ</span> <span class='ocrx_word' id='word_1_502' title='bbox 2436 3460 2612 3515; x_wconf 76' lang='grc' dir='ltr'>ἔστιν</span> <span class='ocrx_word' id='word_1_503' title='bbox 2655 3461 2726 3514; x_wconf 82' lang='grc' dir='ltr'>ἐν</span> <span class='ocrx_word' id='word_1_504' title='bbox 2757 3457 2838 3524; x_wconf 83' lang='grc' dir='ltr'>τῷ</span> <span class='ocrx_word' id='word_1_505' title='bbox 2878 3459 3130 3526; x_wconf 81' lang='grc' dir='ltr'>στόματι</span> <span class='ocrx_word' id='word_1_506' title='bbox 3162 3454 3360 3510; x_wconf 73' lang='grc' dir='ltr'>αὐτῶν</span> <span class='ocrx_word' id='word_1_507' title='bbox 3381 3453 3674 3520; x_wconf 74' lang='grc' dir='ltr'>ἀλήθεια,</span> 
     </span>
    </p>
   </div>
   <div class='ocr_carea' id='block_1_69' title="bbox 381 3555 1964 3626">
    <p class='ocr_par' dir='ltr' id='par_1_69' title="bbox 381 3555 1964 3626">
     <span class='ocr_line' id='line_1_69' title="bbox 381 3555 1964 3626; baseline -0.004 -13"><span class='ocrx_word' id='word_1_508' title='bbox 381 3573 464 3614; x_wconf 79' lang='lat' dir='ltr'><strong>tas</strong></span> <span class='ocrx_word' id='word_1_509' title='bbox 495 3577 513 3615; x_wconf 90' lang='lat'><strong><em>:</em></strong></span> <span class='ocrx_word' id='word_1_510' title='bbox 539 3577 632 3614; x_wconf 86' lang='lat' dir='ltr'><strong>cor</strong></span> <span class='ocrx_word' id='word_1_511' title='bbox 655 3576 837 3614; x_wconf 81' lang='lat' dir='ltr'><strong>eorum</strong></span> <span class='ocrx_word' id='word_1_512' title='bbox 861 3575 1052 3612; x_wconf 75' lang='lat' dir='ltr'><strong>vanum</strong></span> <span class='ocrx_word' id='word_1_513' title='bbox 1079 3568 1174 3610; x_wconf 86' lang='lat' dir='ltr'><strong>est.</strong></span> <span class='ocrx_word' id='word_1_514' title='bbox 1200 3555 1512 3626; x_wconf 77' lang='lat' dir='ltr'><strong>Sepulcrum</strong></span> <span class='ocrx_word' id='word_1_515' title='bbox 1538 3565 1720 3621; x_wconf 83' lang='lat' dir='ltr'><strong>patens</strong></span> <span class='ocrx_word' id='word_1_516' title='bbox 1748 3563 1826 3608; x_wconf 83' lang='lat' dir='ltr'><strong>est</strong></span> <span class='ocrx_word' id='word_1_517' title='bbox 1845 3563 1964 3624; x_wconf 83' lang='lat' dir='ltr'><strong>gut-</strong></span> 
     </span>
    </p>
   </div>
   <div class='ocr_carea' id='block_1_70' title="bbox 384 3646 1964 3720">
    <p class='ocr_par' dir='ltr' id='par_1_70' title="bbox 384 3646 1964 3720">
     <span class='ocr_line' id='line_1_70' title="bbox 384 3646 1964 3720; baseline -0.004 -14"><span class='ocrx_word' id='word_1_518' title='bbox 384 3663 472 3706; x_wconf 83' lang='lat' dir='ltr'><strong>tur</strong></span> <span class='ocrx_word' id='word_1_519' title='bbox 499 3668 706 3714; x_wconf 88' lang='lat' dir='ltr'><strong>eorum,</strong></span> <span class='ocrx_word' id='word_1_520' title='bbox 735 3650 929 3720; x_wconf 79' lang='lat' dir='ltr'><strong>linguis</strong></span> <span class='ocrx_word' id='word_1_521' title='bbox 947 3652 1060 3704; x_wconf 83' lang='lat' dir='ltr'><strong>suis</strong></span> <span class='ocrx_word' id='word_1_522' title='bbox 1085 3650 1262 3704; x_wconf 78' lang='lat' dir='ltr'><strong>dolose</strong></span> <span class='ocrx_word' id='word_1_523' title='bbox 1286 3648 1535 3718; x_wconf 86' lang='lat' dir='ltr'><strong>agebant,</strong></span> <span class='ocrx_word' id='word_1_524' title='bbox 1556 3657 1663 3704; x_wconf 90' lang='lat' dir='ltr'><strong>ctc.</strong></span> <span class='ocrx_word' id='word_1_525' title='bbox 1692 3646 1824 3700; x_wconf 89' lang='lat' dir='ltr'><strong>Cum</strong></span> <span class='ocrx_word' id='word_1_526' title='bbox 1858 3647 1964 3701; x_wconf 91' lang='lat' dir='ltr'><strong>ini-</strong></span> 
     </span>
    </p>
   </div>
   <div class='ocr_carea' id='block_1_71' title="bbox 387 3739 1968 3815">
    <p class='ocr_par' dir='ltr' id='par_1_71' title="bbox 387 3739 1968 3815">
     <span class='ocr_line' id='line_1_71' title="bbox 387 3739 1968 3815; baseline -0.003 -16"><span class='ocrx_word' id='word_1_527' title='bbox 387 3745 514 3800; x_wconf 92' lang='lat' dir='ltr'><strong>mici</strong></span> <span class='ocrx_word' id='word_1_528' title='bbox 547 3743 845 3815; x_wconf 76' lang='lat' dir='ltr'><strong>impediant</strong></span> <span class='ocrx_word' id='word_1_529' title='bbox 869 3742 1156 3812; x_wconf 87' lang='lat' dir='ltr'><strong>quominus</strong></span> <span class='ocrx_word' id='word_1_530' title='bbox 1181 3743 1266 3795; x_wconf 88' lang='lat' dir='ltr'><strong>via</strong></span> <span class='ocrx_word' id='word_1_531' title='bbox 1302 3751 1391 3795; x_wconf 90' lang='lat' dir='ltr'><strong>tua</strong></span> <span class='ocrx_word' id='word_1_532' title='bbox 1425 3740 1713 3810; x_wconf 88' lang='lat' dir='ltr'><strong>perspicua</strong></span> <span class='ocrx_word' id='word_1_533' title='bbox 1743 3739 1814 3794; x_wconf 89' lang='lat' dir='ltr'><strong>sit</strong></span> <span class='ocrx_word' id='word_1_534' title='bbox 1837 3755 1968 3795; x_wconf 59' lang='lat' dir='ltr'><strong>ocuo</strong></span> 
     </span>
    </p>
   </div>
   <div class='ocr_carea' id='block_1_72' title="bbox 386 3830 1967 3905">
    <p class='ocr_par' dir='ltr' id='par_1_72' title="bbox 386 3830 1967 3905">
     <span class='ocr_line' id='line_1_72' title="bbox 386 3830 1967 3905; baseline -0.004 -13"><span class='ocrx_word' id='word_1_535' title='bbox 386 3837 454 3892; x_wconf 88' lang='lat' dir='ltr'><strong>Iis</strong></span> <span class='ocrx_word' id='word_1_536' title='bbox 489 3838 646 3898; x_wconf 89' lang='lat' dir='ltr'><strong>meis,</strong></span> <span class='ocrx_word' id='word_1_537' title='bbox 678 3847 733 3890; x_wconf 90' lang='lat' dir='ltr'><strong>tu</strong></span> <span class='ocrx_word' id='word_1_538' title='bbox 782 3835 957 3905; x_wconf 77' lang='lat' dir='ltr'><strong>dirige</strong></span> <span class='ocrx_word' id='word_1_539' title='bbox 987 3851 1107 3889; x_wconf 87' lang='lat' dir='ltr'><strong>eam</strong></span> <span class='ocrx_word' id='word_1_540' title='bbox 1168 3836 1219 3887; x_wconf 91' lang='lat' dir='ltr'><strong>in</strong></span> <span class='ocrx_word' id='word_1_541' title='bbox 1277 3844 1576 3902; x_wconf 73' lang='lat' dir='ltr'><strong>conspectu</strong></span> <span class='ocrx_word' id='word_1_542' title='bbox 1641 3847 1783 3887; x_wconf 84' lang='lat' dir='ltr'><strong>meo.</strong></span> <span class='ocrx_word' id='word_1_543' title='bbox 1833 3830 1967 3886; x_wconf 78' lang='lat' dir='ltr'><strong>Novi</strong></span> 
     </span>
    </p>
   </div>
   <div class='ocr_carea' id='block_1_73' title="bbox 383 3927 1968 3996">
    <p class='ocr_par' dir='ltr' id='par_1_73' title="bbox 383 3927 1968 3996">
     <span class='ocr_line' id='line_1_73' title="bbox 383 3927 1968 3996; baseline -0.006 -10"><span class='ocrx_word' id='word_1_544' title='bbox 383 3931 534 3986; x_wconf 88' lang='lat' dir='ltr'><strong>enim</strong></span> <span class='ocrx_word' id='word_1_545' title='bbox 574 3930 692 3985; x_wconf 89' lang='lat' dir='ltr'><strong>illos</strong></span> <span class='ocrx_word' id='word_1_546' title='bbox 729 3930 782 3984; x_wconf 90' lang='lat' dir='ltr'><strong>in</strong></span> <span class='ocrx_word' id='word_1_547' title='bbox 814 3928 880 3984; x_wconf 88' lang='lat' dir='ltr'><strong>iis</strong></span> <span class='ocrx_word' id='word_1_548' title='bbox 927 3943 1046 3996; x_wconf 65' lang='lat' dir='ltr'><strong>qum</strong></span> <span class='ocrx_word' id='word_1_549' title='bbox 1072 3930 1136 3983; x_wconf 91' lang='lat' dir='ltr'><strong>de</strong></span> <span class='ocrx_word' id='word_1_550' title='bbox 1169 3929 1252 3981; x_wconf 86' lang='lat' dir='ltr'><strong>via</strong></span> <span class='ocrx_word' id='word_1_551' title='bbox 1294 3927 1642 3996; x_wconf 89' lang='lat' dir='ltr'><strong>pollicentur,</strong></span> <span class='ocrx_word' id='word_1_552' title='bbox 1685 3939 1812 3978; x_wconf 89' lang='lat' dir='ltr'><strong>vera</strong></span> <span class='ocrx_word' id='word_1_553' title='bbox 1863 3939 1968 3977; x_wconf 90' lang='lat' dir='ltr'><strong>non</strong></span> 
     </span>
    </p>
   </div>
   <div class='ocr_carea' id='block_1_74' title="bbox 386 4017 1970 4090">
    <p class='ocr_par' dir='ltr' id='par_1_74' title="bbox 386 4017 1970 4090">
     <span class='ocr_line' id='line_1_74' title="bbox 386 4017 1970 4090; baseline -0.005 -15"><span class='ocrx_word' id='word_1_554' title='bbox 386 4021 589 4085; x_wconf 85' lang='lat' dir='ltr'><strong>dicere,</strong></span> <span class='ocrx_word' id='word_1_555' title='bbox 617 4037 682 4076; x_wconf 87' lang='lat' dir='ltr'><strong>eo</strong></span> <span class='ocrx_word' id='word_1_556' title='bbox 715 4021 859 4090; x_wconf 88' lang='lat' dir='ltr'><strong>quod</strong></span> <span class='ocrx_word' id='word_1_557' title='bbox 895 4035 1000 4073; x_wconf 92' lang='lat' dir='ltr'><strong>non</strong></span> <span class='ocrx_word' id='word_1_558' title='bbox 1053 4020 1124 4072; x_wconf 86' lang='lat' dir='ltr'><strong>sit</strong></span> <span class='ocrx_word' id='word_1_559' title='bbox 1171 4018 1223 4072; x_wconf 90' lang='lat' dir='ltr'><strong>in</strong></span> <span class='ocrx_word' id='word_1_560' title='bbox 1261 4032 1355 4072; x_wconf 90' lang='lat' dir='ltr'><strong>ore</strong></span> <span class='ocrx_word' id='word_1_561' title='bbox 1399 4032 1588 4072; x_wconf 89' lang='lat' dir='ltr'><strong>eorum</strong></span> <span class='ocrx_word' id='word_1_562' title='bbox 1635 4017 1856 4078; x_wconf 88' lang='lat' dir='ltr'><strong>veritas,</strong></span> <span class='ocrx_word' id='word_1_563' title='bbox 1913 4023 1970 4068; x_wconf 90' lang='lat' dir='ltr'><strong>et</strong></span> 
     </span>
    </p>
   </div>
   <div class='ocr_carea' id='block_1_75' title="bbox 386 4108 1972 4179">
    <p class='ocr_par' dir='ltr' id='par_1_75' title="bbox 386 4108 1972 4179">
     <span class='ocr_line' id='line_1_75' title="bbox 386 4108 1972 4179; baseline -0.004 -11"><span class='ocrx_word' id='word_1_564' title='bbox 386 4131 587 4169; x_wconf 87' lang='lat' dir='ltr'><strong>vanum</strong></span> <span class='ocrx_word' id='word_1_565' title='bbox 620 4116 694 4168; x_wconf 88' lang='lat' dir='ltr'><strong>sit</strong></span> <span class='ocrx_word' id='word_1_566' title='bbox 717 4128 814 4167; x_wconf 87' lang='lat' dir='ltr'><strong>eor</strong></span> <span class='ocrx_word' id='word_1_567' title='bbox 837 4127 1053 4167; x_wconf 91' lang='lat' dir='ltr'><strong>eorum.</strong></span> <span class='ocrx_word' id='word_1_568' title='bbox 1081 4112 1274 4166; x_wconf 85' lang='lat' dir='ltr'><strong>Omnia</strong></span> <span class='ocrx_word' id='word_1_569' title='bbox 1296 4118 1476 4164; x_wconf 87' lang='lat' dir='ltr'><strong>autem</strong></span> <span class='ocrx_word' id='word_1_570' title='bbox 1507 4126 1626 4179; x_wconf 75' lang='lat' dir='ltr'><strong>qua:</strong></span> <span class='ocrx_word' id='word_1_571' title='bbox 1656 4108 1972 4178; x_wconf 87' lang='lat' dir='ltr'><strong>pronuntiat</strong></span> 
     </span>
    </p>
   </div>
   <div class='ocr_carea' id='block_1_76' title="bbox 390 4202 1971 4274">
    <p class='ocr_par' dir='ltr' id='par_1_76' title="bbox 390 4202 1971 4274">
     <span class='ocr_line' id='line_1_76' title="bbox 390 4202 1971 4274; baseline -0.006 -12"><span class='ocrx_word' id='word_1_572' title='bbox 390 4217 576 4274; x_wconf 72' lang='lat' dir='ltr'><strong>guttur</strong></span> <span class='ocrx_word' id='word_1_573' title='bbox 603 4220 814 4268; x_wconf 87' lang='lat' dir='ltr'><strong>eorum,</strong></span> <span class='ocrx_word' id='word_1_574' title='bbox 850 4213 1062 4258; x_wconf 89' lang='lat' dir='ltr'><strong>mortua</strong></span> <span class='ocrx_word' id='word_1_575' title='bbox 1099 4212 1242 4265; x_wconf 83' lang='lat' dir='ltr'><strong>sunt,</strong></span> <span class='ocrx_word' id='word_1_576' title='bbox 1277 4202 1420 4272; x_wconf 86' lang='lat' dir='ltr'><strong>quod</strong></span> <span class='ocrx_word' id='word_1_577' title='bbox 1456 4202 1629 4270; x_wconf 89' lang='lat' dir='ltr'><strong>ipsum</strong></span> <span class='ocrx_word' id='word_1_578' title='bbox 1665 4203 1971 4269; x_wconf 77' lang='lat' dir='ltr'><strong>sepulcrum</strong></span> 
     </span>
    </p>
   </div>
   <div class='ocr_carea' id='block_1_77' title="bbox 391 4294 1972 4368">
    <p class='ocr_par' dir='ltr' id='par_1_77' title="bbox 391 4294 1972 4368">
     <span class='ocr_line' id='line_1_77' title="bbox 391 4294 1972 4368; baseline -0.004 -16"><span class='ocrx_word' id='word_1_579' title='bbox 391 4309 581 4368; x_wconf 85' lang='lat' dir='ltr'><strong>patens</strong></span> <span class='ocrx_word' id='word_1_580' title='bbox 609 4298 700 4352; x_wconf 90' lang='lat' dir='ltr'><strong>sit.</strong></span> <span class='ocrx_word' id='word_1_581' title='bbox 725 4295 865 4364; x_wconf 85' lang='lat' dir='ltr'><strong>Quin</strong></span> <span class='ocrx_word' id='word_1_582' title='bbox 897 4307 953 4352; x_wconf 89' lang='lat' dir='ltr'><strong>et</strong></span> <span class='ocrx_word' id='word_1_583' title='bbox 983 4296 1334 4366; x_wconf 88' lang='lat' dir='ltr'><strong>sophismatis</strong></span> <span class='ocrx_word' id='word_1_584' title='bbox 1363 4294 1504 4364; x_wconf 84' lang='lat' dir='ltr'><strong>pleni</strong></span> <span class='ocrx_word' id='word_1_585' title='bbox 1541 4303 1665 4348; x_wconf 88' lang='lat' dir='ltr'><strong>sunt</strong></span> <span class='ocrx_word' id='word_1_586' title='bbox 1695 4306 1972 4348; x_wconf 85' lang='lat' dir='ltr'><strong>sermones</strong></span> 
     </span>
    </p>
   </div>
   <div class='ocr_carea' id='block_1_78' title="bbox 391 4406 603 4446">
    <p class='ocr_par' dir='ltr' id='par_1_78' title="bbox 391 4406 603 4446">
     <span class='ocr_line' id='line_1_78' title="bbox 391 4406 603 4446; baseline -0.014 0"><span class='ocrx_word' id='word_1_587' title='bbox 391 4406 603 4446; x_wconf 85' lang='lat' dir='ltr'><strong>eorum.</strong></span> 
     </span>
    </p>
   </div>
   <div class='ocr_carea' id='block_1_79' title="bbox 2068 3543 3676 3622">
    <p class='ocr_par' dir='ltr' id='par_1_79' title="bbox 2068 3543 3676 3622">
     <span class='ocr_line' id='line_1_79' title="bbox 2068 3543 3676 3622; baseline -0.006 -14"><span class='ocrx_word' id='word_1_588' title='bbox 2068 3556 2107 3622; x_wconf 81' lang='grc' dir='ltr'>ἡ</span> <span class='ocrx_word' id='word_1_589' title='bbox 2155 3552 2368 3622; x_wconf 82' lang='grc' dir='ltr'>καρδία</span> <span class='ocrx_word' id='word_1_590' title='bbox 2420 3549 2620 3606; x_wconf 84' lang='grc' dir='ltr'>αὐτῶν</span> <span class='ocrx_word' id='word_1_591' title='bbox 2667 3549 2911 3618; x_wconf 84' lang='grc' dir='ltr'>ματαία.</span> <span class='ocrx_word' id='word_1_592' title='bbox 2973 3546 3167 3615; x_wconf 74' lang='grc' dir='ltr'>Τάφος</span> <span class='ocrx_word' id='word_1_593' title='bbox 3219 3543 3611 3613; x_wconf 68' lang='grc' dir='ltr'>ἀνεῳγμένος</span> <span class='ocrx_word' id='word_1_594' title='bbox 3643 3548 3676 3598; x_wconf 82' lang='grc' dir='ltr'><em>ό</em></span> 
     </span>
    </p>
   </div>
   <div class='ocr_carea' id='block_1_80' title="bbox 2067 3633 3677 3713">
    <p class='ocr_par' dir='ltr' id='par_1_80' title="bbox 2067 3633 3677 3713">
     <span class='ocr_line' id='line_1_80' title="bbox 2067 3633 3677 3713; baseline -0.006 -15"><span class='ocrx_word' id='word_1_595' title='bbox 2067 3643 2301 3713; x_wconf 73' lang='grc' dir='ltr'>λάρυγξ</span> <span class='ocrx_word' id='word_1_596' title='bbox 2354 3641 2570 3696; x_wconf 77' lang='grc' dir='ltr'>αὑτῶν-</span> <span class='ocrx_word' id='word_1_597' title='bbox 2623 3640 2752 3706; x_wconf 85' lang='grc' dir='ltr'>ταῖς</span> <span class='ocrx_word' id='word_1_598' title='bbox 2791 3637 3105 3710; x_wconf 72' lang='grc' dir='ltr'>γλώσσαις</span> <span class='ocrx_word' id='word_1_599' title='bbox 3144 3633 3341 3690; x_wconf 82' lang='grc' dir='ltr'>αὐτῶν</span> <span class='ocrx_word' id='word_1_600' title='bbox 3382 3634 3677 3689; x_wconf 54' lang='lat' dir='ltr'><strong>edomat?-</strong></span> 
     </span>
    </p>
   </div>
   <div class='ocr_carea' id='block_1_81' title="bbox 2069 3725 3677 3804">
    <p class='ocr_par' dir='ltr' id='par_1_81' title="bbox 2069 3725 3677 3804">
     <span class='ocr_line' id='line_1_81' title="bbox 2069 3725 3677 3804; baseline -0.007 -15"><span class='ocrx_word' id='word_1_601' title='bbox 2069 3752 2211 3798; x_wconf 80' lang='grc' dir='ltr'>σαν,</span> <span class='ocrx_word' id='word_1_602' title='bbox 2259 3751 2315 3788; x_wconf 87' lang='grc' dir='ltr'><strong>κ.</strong></span> <span class='ocrx_word' id='word_1_603' title='bbox 2360 3752 2412 3788; x_wconf 86' lang='grc' dir='ltr'><strong>τ.</strong></span> <span class='ocrx_word' id='word_1_604' title='bbox 2451 3734 2498 3788; x_wconf 81' lang='grc' dir='ltr'>ὲ.</span> <span class='ocrx_word' id='word_1_605' title='bbox 2557 3731 2798 3804; x_wconf 83' lang='grc' dir='ltr'>Ἐχθρῶν</span> <span class='ocrx_word' id='word_1_606' title='bbox 2845 3727 3243 3800; x_wconf 77' lang='grc' dir='ltr'>ἐμποδιζόντων</span> <span class='ocrx_word' id='word_1_607' title='bbox 3266 3726 3377 3798; x_wconf 73' lang='grc'><strong>(25)</strong></span> <span class='ocrx_word' id='word_1_608' title='bbox 3404 3725 3506 3795; x_wconf 81' lang='grc' dir='ltr'>τὴν</span> <span class='ocrx_word' id='word_1_609' title='bbox 3547 3727 3677 3779; x_wconf 76' lang='grc' dir='ltr'>ὁδόν</span> 
     </span>
    </p>
   </div>
   <div class='ocr_carea' id='block_1_82' title="bbox 2072 3816 3677 3897">
    <p class='ocr_par' dir='ltr' id='par_1_82' title="bbox 2072 3816 3677 3897">
     <span class='ocr_line' id='line_1_82' title="bbox 2072 3816 3677 3897; baseline -0.007 -15"><span class='ocrx_word' id='word_1_610' title='bbox 2072 3846 2165 3882; x_wconf 89' lang='grc' dir='ltr'><strong>σου</strong></span> <span class='ocrx_word' id='word_1_611' title='bbox 2200 3824 2581 3897; x_wconf 83' lang='grc' dir='ltr'>φανερωθῆναι</span> <span class='ocrx_word' id='word_1_612' title='bbox 2620 3825 2680 3878; x_wconf 83' lang='grc' dir='ltr'>ὲν</span> <span class='ocrx_word' id='word_1_613' title='bbox 2717 3822 3015 3894; x_wconf 70' lang='grc' dir='ltr'>ὀφθαλμοῖς</span> <span class='ocrx_word' id='word_1_614' title='bbox 3053 3837 3175 3891; x_wconf 92' lang='grc' dir='ltr'>μου,</span> <span class='ocrx_word' id='word_1_615' title='bbox 3227 3818 3292 3871; x_wconf 78' lang='grc' dir='ltr'><strong>σὺ</strong></span> <span class='ocrx_word' id='word_1_616' title='bbox 3330 3816 3677 3871; x_wconf 80' lang='grc' dir='ltr'>κατεύθυνον</span> 
     </span>
    </p>
   </div>
   <div class='ocr_carea' id='block_1_83' title="bbox 2071 3901 3677 3991">
    <p class='ocr_par' dir='ltr' id='par_1_83' title="bbox 2071 3901 3677 3991">
     <span class='ocr_line' id='line_1_83' title="bbox 2071 3901 3677 3991; baseline -0.01 -17"><span class='ocrx_word' id='word_1_617' title='bbox 2071 3919 2238 3991; x_wconf 76' lang='grc' dir='ltr'>αὐτὴν</span> <span class='ocrx_word' id='word_1_618' title='bbox 2296 3916 2526 3970; x_wconf 82' lang='grc' dir='ltr'>ἐνώπιόν</span> <span class='ocrx_word' id='word_1_619' title='bbox 2595 3933 2718 3986; x_wconf 89' lang='grc' dir='ltr'>μου.</span> <span class='ocrx_word' id='word_1_620' title='bbox 2770 3911 2900 3968; x_wconf 77' lang='grc' dir='ltr'>Οἶδα</span> <span class='ocrx_word' id='word_1_621' title='bbox 2941 3912 3050 3982; x_wconf 81' lang='grc' dir='ltr'>γὰρ</span> <span class='ocrx_word' id='word_1_622' title='bbox 3081 3911 3278 3973; x_wconf 81' lang='grc' dir='ltr'>αὐτοὺς</span> <span class='ocrx_word' id='word_1_623' title='bbox 3319 3909 3376 3960; x_wconf 80' lang='grc' dir='ltr'>ἐν</span> <span class='ocrx_word' id='word_1_624' title='bbox 3421 3901 3507 3971; x_wconf 73' lang='grc' dir='ltr'>οἷς</span> <span class='ocrx_word' id='word_1_625' title='bbox 3539 3908 3677 3978; x_wconf 76' lang='grc' dir='ltr'>περὶ</span> 
     </span>
    </p>
   </div>
   <div class='ocr_carea' id='block_1_84' title="bbox 2069 3997 3675 4080">
    <p class='ocr_par' dir='ltr' id='par_1_84' title="bbox 2069 3997 3675 4080">
     <span class='ocr_line' id='line_1_84' title="bbox 2069 3997 3675 4080; baseline -0.009 -13"><span class='ocrx_word' id='word_1_626' title='bbox 2069 4012 2192 4067; x_wconf 78' lang='grc' dir='ltr'>ὁδοῦ</span> <span class='ocrx_word' id='word_1_627' title='bbox 2232 4009 2677 4080; x_wconf 77' lang='grc' dir='ltr'>ἐπαγγέλλονται,</span> <span class='ocrx_word' id='word_1_628' title='bbox 2719 4007 2795 4078; x_wconf 82' lang='grc' dir='ltr'>μὴ</span> <span class='ocrx_word' id='word_1_629' title='bbox 2839 4003 3224 4076; x_wconf 72' lang='grc' dir='ltr'>ἀληθεύοντας,</span> <span class='ocrx_word' id='word_1_630' title='bbox 3277 4001 3354 4072; x_wconf 81' lang='grc' dir='ltr'>τῷ</span> <span class='ocrx_word' id='word_1_631' title='bbox 3402 3999 3482 4072; x_wconf 79' lang='grc' dir='ltr'><strong>μὴ</strong></span> <span class='ocrx_word' id='word_1_632' title='bbox 3525 3997 3675 4053; x_wconf 72' lang='grc' dir='ltr'>εἶναι</span> 
     </span>
    </p>
   </div>
   <div class='ocr_carea' id='block_1_85' title="bbox 2073 4087 3676 4176">
    <p class='ocr_par' dir='ltr' id='par_1_85' title="bbox 2073 4087 3676 4176">
     <span class='ocr_line' id='line_1_85' title="bbox 2073 4087 3676 4176; baseline -0.01 -16"><span class='ocrx_word' id='word_1_633' title='bbox 2073 4108 2130 4160; x_wconf 84' lang='grc' dir='ltr'>ὲν</span> <span class='ocrx_word' id='word_1_634' title='bbox 2164 4104 2242 4176; x_wconf 82' lang='grc' dir='ltr'>τῷ</span> <span class='ocrx_word' id='word_1_635' title='bbox 2282 4103 2513 4175; x_wconf 82' lang='grc' dir='ltr'>στόματι</span> <span class='ocrx_word' id='word_1_636' title='bbox 2545 4099 2725 4155; x_wconf 80' lang='grc' dir='ltr'>αὐτῶν</span> <span class='ocrx_word' id='word_1_637' title='bbox 2769 4097 3048 4170; x_wconf 83' lang='grc' dir='ltr'>ἀλήθειαν,</span> <span class='ocrx_word' id='word_1_638' title='bbox 3092 4096 3188 4148; x_wconf 76' lang='grc' dir='ltr'>καὶ</span> <span class='ocrx_word' id='word_1_639' title='bbox 3235 4092 3473 4165; x_wconf 85' lang='grc' dir='ltr'>ματαίαν</span> <span class='ocrx_word' id='word_1_640' title='bbox 3526 4087 3676 4145; x_wconf 81' lang='grc' dir='ltr'>εἶναι</span> 
     </span>
    </p>
   </div>
   <div class='ocr_carea' id='block_1_86' title="bbox 2073 4182 3677 4266">
    <p class='ocr_par' dir='ltr' id='par_1_86' title="bbox 2073 4182 3677 4266">
     <span class='ocr_line' id='line_1_86' title="bbox 2073 4182 3677 4266; baseline -0.011 -14"><span class='ocrx_word' id='word_1_641' title='bbox 2073 4197 2254 4252; x_wconf 77' lang='grc' dir='ltr'>αὐτῶν</span> <span class='ocrx_word' id='word_1_642' title='bbox 2290 4195 2388 4266; x_wconf 84' lang='grc' dir='ltr'>τὴν</span> <span class='ocrx_word' id='word_1_643' title='bbox 2433 4192 2682 4265; x_wconf 87' lang='grc' dir='ltr'>καρδίαν.</span> <span class='ocrx_word' id='word_1_644' title='bbox 2733 4191 2922 4245; x_wconf 82' lang='grc' dir='ltr'>Πάντα</span> <span class='ocrx_word' id='word_1_645' title='bbox 2963 4187 3022 4242; x_wconf 80' lang='grc' dir='ltr'><strong>δὲ</strong></span> <span class='ocrx_word' id='word_1_646' title='bbox 3060 4185 3129 4240; x_wconf 85' lang='grc' dir='ltr'><strong>τά</strong></span> <span class='ocrx_word' id='word_1_647' title='bbox 3173 4182 3572 4255; x_wconf 79' lang='grc' dir='ltr'>ὲκφωνούμενα</span> <span class='ocrx_word' id='word_1_648' title='bbox 3615 4185 3677 4235; x_wconf 81' lang='grc' dir='ltr'>ὲν</span> 
     </span>
    </p>
   </div>
   <div class='ocr_carea' id='block_1_87' title="bbox 2073 4274 3676 4362">
    <p class='ocr_par' dir='ltr' id='par_1_87' title="bbox 2073 4274 3676 4362">
     <span class='ocr_line' id='line_1_87' title="bbox 2073 4274 3676 4362; baseline -0.012 -18"><span class='ocrx_word' id='word_1_649' title='bbox 2073 4290 2152 4362; x_wconf 82' lang='grc' dir='ltr'>τῷ</span> <span class='ocrx_word' id='word_1_650' title='bbox 2179 4289 2411 4360; x_wconf 88' lang='grc' dir='ltr'>λάρυγγι</span> <span class='ocrx_word' id='word_1_651' title='bbox 2441 4284 2623 4340; x_wconf 80' lang='grc' dir='ltr'>αὐτῶν</span> <span class='ocrx_word' id='word_1_652' title='bbox 2657 4282 2826 4355; x_wconf 87' lang='grc' dir='ltr'>νεκρά</span> <span class='ocrx_word' id='word_1_653' title='bbox 2855 4282 2990 4345; x_wconf 75' lang='grc' dir='ltr'>ἐστι,</span> <span class='ocrx_word' id='word_1_654' title='bbox 3037 4277 3116 4349; x_wconf 81' lang='grc' dir='ltr'><strong>τῷ</strong></span> <span class='ocrx_word' id='word_1_655' title='bbox 3143 4274 3280 4331; x_wconf 75' lang='grc' dir='ltr'>εἶναι</span> <span class='ocrx_word' id='word_1_656' title='bbox 3311 4276 3474 4329; x_wconf 83' lang='grc' dir='ltr'>αὐτὸν</span> <span class='ocrx_word' id='word_1_657' title='bbox 3501 4274 3676 4342; x_wconf 71' lang='grc' dir='ltr'>τάφον</span> 
     </span>
    </p>
   </div>
   <div class='ocr_carea' id='block_1_88' title="bbox 2076 4366 3678 4455">
    <p class='ocr_par' dir='ltr' id='par_1_88' title="bbox 2076 4366 3678 4455">
     <span class='ocr_line' id='line_1_88' title="bbox 2076 4366 3678 4455; baseline -0.012 -17"><span class='ocrx_word' id='word_1_658' title='bbox 2076 4383 2374 4455; x_wconf 83' lang='grc' dir='ltr'>ἀνεῳγότα.</span> <span class='ocrx_word' id='word_1_659' title='bbox 2407 4377 2568 4432; x_wconf 83' lang='grc' dir='ltr'>Ἀλλά</span> <span class='ocrx_word' id='word_1_660' title='bbox 2584 4377 2677 4432; x_wconf 65' lang='grc' dir='ltr'>καὶ</span> <span class='ocrx_word' id='word_1_661' title='bbox 2691 4374 3063 4446; x_wconf 80' lang='grc' dir='ltr'>λελογισμένοι</span> <span class='ocrx_word' id='word_1_662' title='bbox 3085 4369 3330 4440; x_wconf 83' lang='grc' dir='ltr'>σόφισμά</span> <span class='ocrx_word' id='word_1_663' title='bbox 3353 4366 3501 4430; x_wconf 83' lang='grc' dir='ltr'>τινές</span> <span class='ocrx_word' id='word_1_664' title='bbox 3531 4368 3678 4419; x_wconf 77' lang='grc' dir='ltr'>εἰσιν</span> 
     </span>
    </p>
   </div>
   <div class='ocr_carea' id='block_1_89' title="bbox 2006 4472 2529 4553">
    <p class='ocr_par' dir='ltr' id='par_1_89' title="bbox 2006 4472 2529 4553">
     <span class='ocr_line' id='line_1_89' title="bbox 2006 4472 2529 4553; baseline -0.013 -20"><span class='ocrx_word' id='word_1_665' title='bbox 2006 4499 2051 4553; x_wconf 81' lang='lat' dir='ltr'><strong>D</strong></span> <span class='ocrx_word' id='word_1_666' title='bbox 2078 4479 2126 4532; x_wconf 81' lang='lat' dir='ltr'><strong>oi.</strong></span> <span class='ocrx_word' id='word_1_667' title='bbox 2154 4477 2302 4545; x_wconf 81' lang='grc' dir='ltr'>λόγοι</span> <span class='ocrx_word' id='word_1_668' title='bbox 2329 4472 2529 4528; x_wconf 80' lang='grc' dir='ltr'>αὐτῶν.</span> 
     </span>
    </p>
   </div>
   <div class='ocr_carea' id='block_1_90' title="bbox 2149 4546 3683 4632">
    <p class='ocr_par' dir='ltr' id='par_1_90' title="bbox 2149 4546 3683 4632">
     <span class='ocr_line' id='line_1_90' title="bbox 2149 4546 3683 4632; baseline -0.016 -10"><span class='ocrx_word' id='word_1_669' title='bbox 2149 4569 2254 4632; x_wconf 82' lang='grc' dir='ltr'><strong>Εἰς</strong></span> <span class='ocrx_word' id='word_1_670' title='bbox 2282 4563 2469 4619; x_wconf 69' lang='grc' dir='ltr'>αἰῶνα</span> <span class='ocrx_word' id='word_1_671' title='bbox 2496 4558 2996 4631; x_wconf 65' lang='grc' dir='ltr'>ἀγαλλιάσονται,</span> <span class='ocrx_word' id='word_1_672' title='bbox 3041 4553 3140 4607; x_wconf 73' lang='grc' dir='ltr'>καὶ</span> <span class='ocrx_word' id='word_1_673' title='bbox 3176 4546 3683 4616; x_wconf 77' lang='grc' dir='ltr'>κατασκηνώσεις</span> 
     </span>
    </p>
   </div>
   <div class='ocr_carea' id='block_1_91' title="bbox 2082 4639 3681 4723">
    <p class='ocr_par' dir='ltr' id='par_1_91' title="bbox 2082 4639 3681 4723">
     <span class='ocr_line' id='line_1_91' title="bbox 2082 4639 3681 4723; baseline -0.016 -8"><span class='ocrx_word' id='word_1_674' title='bbox 2082 4660 2153 4714; x_wconf 75' lang='grc' dir='ltr'>ἐν</span> <span class='ocrx_word' id='word_1_675' title='bbox 2182 4656 2407 4723; x_wconf 84' lang='grc' dir='ltr'>αὐτοῖς,</span> <span class='ocrx_word' id='word_1_676' title='bbox 2442 4672 2496 4708; x_wconf 84' lang='grc' dir='ltr'><strong>κ.</strong></span> <span class='ocrx_word' id='word_1_677' title='bbox 2521 4671 2575 4709; x_wconf 89' lang='grc' dir='ltr'><strong>τ.</strong></span> <span class='ocrx_word' id='word_1_678' title='bbox 2605 4654 2650 4704; x_wconf 83' lang='grc' dir='ltr'>ὲ.</span> <span class='ocrx_word' id='word_1_679' title='bbox 2683 4649 2824 4703; x_wconf 81' lang='grc' dir='ltr'><strong>Αίών</strong></span> <span class='ocrx_word' id='word_1_680' title='bbox 2852 4650 2967 4701; x_wconf 70' lang='grc' dir='ltr'>ἐστι</span> <span class='ocrx_word' id='word_1_681' title='bbox 2992 4645 3247 4715; x_wconf 86' lang='grc' dir='ltr'>σύστημα</span> <span class='ocrx_word' id='word_1_682' title='bbox 3274 4640 3386 4713; x_wconf 63' lang='grc' dir='ltr'><strong>(ἳθ)</strong></span> <span class='ocrx_word' id='word_1_683' title='bbox 3420 4639 3681 4708; x_wconf 75' lang='grc' dir='ltr'>φυσικὸν,</span> 
     </span>
    </p>
   </div>
   <div class='ocr_carea' id='block_1_92' title="bbox 2085 4729 3682 4820">
    <p class='ocr_par' dir='ltr' id='par_1_92' title="bbox 2085 4729 3682 4820">
     <span class='ocr_line' id='line_1_92' title="bbox 2085 4729 3682 4820; baseline -0.016 -16"><span class='ocrx_word' id='word_1_684' title='bbox 2085 4753 2150 4804; x_wconf 82' lang='grc' dir='ltr'>ὲκ</span> <span class='ocrx_word' id='word_1_685' title='bbox 2185 4748 2452 4820; x_wconf 80' lang='grc' dir='ltr'>σωμάτων</span> <span class='ocrx_word' id='word_1_686' title='bbox 2473 4743 2731 4798; x_wconf 83' lang='grc' dir='ltr'>ποικίλων</span> <span class='ocrx_word' id='word_1_687' title='bbox 2761 4737 2984 4808; x_wconf 77' lang='grc' dir='ltr'>λογικὰς</span> <span class='ocrx_word' id='word_1_688' title='bbox 3010 4733 3274 4805; x_wconf 80' lang='grc' dir='ltr'>διαφορὰς</span> <span class='ocrx_word' id='word_1_689' title='bbox 3291 4730 3546 4802; x_wconf 84' lang='grc' dir='ltr'>περιέχον</span> <span class='ocrx_word' id='word_1_690' title='bbox 3572 4729 3682 4799; x_wconf 81' lang='grc' dir='ltr'>τῆς</span> 
     </span>
    </p>
   </div>
   <div class='ocr_carea' id='block_1_93' title="bbox 2086 4820 3685 4908">
    <p class='ocr_par' dir='ltr' id='par_1_93' title="bbox 2086 4820 3685 4908">
     <span class='ocr_line' id='line_1_93' title="bbox 2086 4820 3685 4908; baseline -0.015 -12"><span class='ocrx_word' id='word_1_691' title='bbox 2086 4843 2180 4898; x_wconf 79' lang='grc' dir='ltr'>τοῦ</span> <span class='ocrx_word' id='word_1_692' title='bbox 2209 4840 2344 4896; x_wconf 88' lang='grc' dir='ltr'><strong>Θεοῦ</strong></span> <span class='ocrx_word' id='word_1_693' title='bbox 2370 4838 2624 4908; x_wconf 87' lang='grc' dir='ltr'>γνώσεως</span> <span class='ocrx_word' id='word_1_694' title='bbox 2645 4836 2852 4890; x_wconf 70' lang='grc' dir='ltr'>ἕνεκεν.</span> <span class='ocrx_word' id='word_1_695' title='bbox 2871 4833 2964 4894; x_wconf 86' lang='grc' dir='ltr'><strong>Εἰς</strong></span> <span class='ocrx_word' id='word_1_696' title='bbox 2989 4829 3181 4892; x_wconf 79' lang='grc' dir='ltr'>αἰῶνα,</span> <span class='ocrx_word' id='word_1_697' title='bbox 3208 4825 3397 4897; x_wconf 70' lang='grc' dir='ltr'>φησὶν,</span> <span class='ocrx_word' id='word_1_698' title='bbox 3414 4820 3685 4891; x_wconf 83' lang='grc' dir='ltr'>ἀγαλλιά-</span> 
     </span>
    </p>
   </div>
   <div class='ocr_carea' id='block_1_94' title="bbox 2089 4919 3500 4998">
    <p class='ocr_par' dir='ltr' id='par_1_94' title="bbox 2089 4919 3500 4998">
     <span class='ocr_line' id='line_1_94' title="bbox 2089 4919 3500 4998; baseline -0.017 -8"><span class='ocrx_word' id='word_1_699' title='bbox 2089 4951 2292 4998; x_wconf 87' lang='grc' dir='ltr'>σονται,</span> <span class='ocrx_word' id='word_1_700' title='bbox 2327 4933 2408 4985; x_wconf 79' lang='grc' dir='ltr'>ὅτι</span> <span class='ocrx_word' id='word_1_701' title='bbox 2444 4930 2539 4984; x_wconf 75' lang='grc' dir='ltr'>καὶ</span> <span class='ocrx_word' id='word_1_702' title='bbox 2571 4927 2787 4992; x_wconf 73' lang='grc' dir='ltr'>αἰώνιος</span> <span class='ocrx_word' id='word_1_703' title='bbox 2820 4924 3030 4987; x_wconf 77' lang='grc' dir='ltr'>ἑαυτοῖς</span> <span class='ocrx_word' id='word_1_704' title='bbox 3063 4919 3500 4988; x_wconf 85' lang='grc' dir='ltr'>κατασκήνωσις.</span> 
     </span>
    </p>
   </div>
   <div class='ocr_carea' id='block_1_95' title="bbox 473 5001 1960 5114">
    <p class='ocr_par' dir='ltr' id='par_1_95' title="bbox 473 5001 1960 5114">
     <span class='ocr_line' id='line_1_95' title="bbox 473 5001 1960 5114; baseline -0.009 -17"><span class='ocrx_word' id='word_1_705' title='bbox 473 5001 951 5114; x_wconf 68' lang='lat' dir='ltr'><strong>Etglorialmntur</strong></span> <span class='ocrx_word' id='word_1_706' title='bbox 997 5041 1056 5094; x_wconf 87' lang='lat' dir='ltr'><strong>in</strong></span> <span class='ocrx_word' id='word_1_707' title='bbox 1101 5048 1151 5094; x_wconf 85' lang='lat' dir='ltr'><strong>te</strong></span> <span class='ocrx_word' id='word_1_708' title='bbox 1185 5001 1363 5092; x_wconf 72' lang='lat' dir='ltr'><strong>omnes</strong></span> <span class='ocrx_word' id='word_1_709' title='bbox 1394 5035 1483 5107; x_wconf 84' lang='lat' dir='ltr'><strong>qui</strong></span> <span class='ocrx_word' id='word_1_710' title='bbox 1525 5033 1751 5103; x_wconf 83' lang='lat' dir='ltr'><strong>diligunt</strong></span> <span class='ocrx_word' id='word_1_711' title='bbox 1791 5047 1960 5086; x_wconf 70' lang='lat' dir='ltr'><strong>name:</strong></span> 
     </span>
    </p>
   </div>
   <div class='ocr_carea' id='block_1_96' title="bbox 2070 5001 3684 5114">
    <p class='ocr_par' dir='ltr' id='par_1_96' title="bbox 2159 5001 3684 5093">
     <span class='ocr_line' id='line_1_96' title="bbox 2159 5001 3684 5093; baseline -0.018 -12"><span class='ocrx_word' id='word_1_712' title='bbox 2159 5025 2267 5082; x_wconf 80' lang='lat' dir='ltr'><strong>Kal</strong></span> <span class='ocrx_word' id='word_1_713' title='bbox 2301 5020 2715 5093; x_wconf 77' lang='grc' dir='ltr'>καυχήσονται</span> <span class='ocrx_word' id='word_1_714' title='bbox 2741 5018 2839 5072; x_wconf 74' lang='grc' dir='ltr'><strong>ἐπὶ</strong></span> <span class='ocrx_word' id='word_1_715' title='bbox 2865 5015 2965 5070; x_wconf 82' lang='grc' dir='ltr'>σοὶ</span> <span class='ocrx_word' id='word_1_716' title='bbox 2999 5010 3220 5073; x_wconf 81' lang='grc' dir='ltr'>πάντες</span> <span class='ocrx_word' id='word_1_717' title='bbox 3239 5011 3294 5062; x_wconf 76' lang='lat' dir='ltr'><strong>ot</strong></span> <span class='ocrx_word' id='word_1_718' title='bbox 3324 5001 3684 5075; x_wconf 60' lang='lat' dir='ltr'><strong>dmin-ts;-</strong></span> 
     </span>
    </p>
   </div>
   <div class='ocr_carea' id='block_1_97' title="bbox 400 5096 1960 5203">
    <p class='ocr_par' dir='ltr' id='par_1_97' title="bbox 400 5096 1960 5203">
     <span class='ocr_line' id='line_1_97' title="bbox 400 5096 1960 5203; baseline -0.007 -15"><span class='ocrx_word' id='word_1_719' title='bbox 400 5096 843 5203; x_wconf 37' lang='lat' dir='ltr'><strong>tuum,vquoniam</strong></span> <span class='ocrx_word' id='word_1_720' title='bbox 881 5141 939 5184; x_wconf 90' lang='lat' dir='ltr'><strong>tu</strong></span> <span class='ocrx_word' id='word_1_721' title='bbox 972 5131 1239 5185; x_wconf 86' lang='lat' dir='ltr'><strong>benedices</strong></span> <span class='ocrx_word' id='word_1_722' title='bbox 1269 5129 1441 5199; x_wconf 82' lang='lat' dir='ltr'><strong>justo,</strong></span> <span class='ocrx_word' id='word_1_723' title='bbox 1485 5125 1730 5189; x_wconf 84' lang='lat' dir='ltr'><strong>Domine,</strong></span> <span class='ocrx_word' id='word_1_724' title='bbox 1765 5134 1874 5178; x_wconf 89' lang='lat' dir='ltr'><strong>etc.</strong></span> <span class='ocrx_word' id='word_1_725' title='bbox 1924 5123 1960 5178; x_wconf 91' lang='lat' dir='ltr'><strong>S</strong></span> 
     </span>
    </p>
   </div>
   <div class='ocr_carea' id='block_1_98' title="bbox 2070 5096 3681 5203">
    <p class='ocr_par' dir='ltr' id='par_1_98' title="bbox 2088 5096 3681 5187">
     <span class='ocr_line' id='line_1_98' title="bbox 2088 5096 3681 5187; baseline -0.017 -14"><span class='ocrx_word' id='word_1_726' title='bbox 2088 5119 2155 5173; x_wconf 85' lang='grc' dir='ltr'>τὸ</span> <span class='ocrx_word' id='word_1_727' title='bbox 2182 5115 2370 5187; x_wconf 75' lang='grc' dir='ltr'>ὄνομα</span> <span class='ocrx_word' id='word_1_728' title='bbox 2405 5131 2540 5170; x_wconf 88' lang='grc' dir='ltr'>σου·</span> <span class='ocrx_word' id='word_1_729' title='bbox 2589 5112 2678 5166; x_wconf 83' lang='grc' dir='ltr'>ὅτι</span> <span class='ocrx_word' id='word_1_730' title='bbox 2714 5111 2795 5164; x_wconf 91' lang='grc' dir='ltr'>σὺ</span> <span class='ocrx_word' id='word_1_731' title='bbox 2835 5104 3193 5175; x_wconf 70' lang='grc' dir='ltr'>εὑλογήσεις</span> <span class='ocrx_word' id='word_1_732' title='bbox 3237 5100 3502 5160; x_wconf 72' lang='grc' dir='ltr'>δίκαιον,</span> <span class='ocrx_word' id='word_1_733' title='bbox 3551 5096 3681 5149; x_wconf 81' lang='grc' dir='ltr'><strong>Κύ-</strong></span> 
     </span>
    </p>
   </div>
   <div class='ocr_carea' id='block_1_99' title="bbox 405 5188 1960 5293">
    <p class='ocr_par' dir='ltr' id='par_1_99' title="bbox 405 5188 1960 5293">
     <span class='ocr_line' id='line_1_99' title="bbox 405 5188 1960 5293; baseline -0.007 -16"><span class='ocrx_word' id='word_1_734' title='bbox 405 5188 656 5280; x_wconf 70' lang='lat' dir='ltr'><strong>meliot&#39;es</strong></span> <span class='ocrx_word' id='word_1_735' title='bbox 686 5221 925 5293; x_wconf 87' lang='lat' dir='ltr'><strong>suntqui</strong></span> <span class='ocrx_word' id='word_1_736' title='bbox 955 5220 1186 5289; x_wconf 82' lang='lat' dir='ltr'><strong>diligunt</strong></span> <span class='ocrx_word' id='word_1_737' title='bbox 1217 5188 1377 5286; x_wconf 77' lang='lat' dir='ltr'><strong>quam</strong></span> <span class='ocrx_word' id='word_1_738' title='bbox 1405 5217 1498 5286; x_wconf 85' lang='lat' dir='ltr'><strong>qui</strong></span> <span class='ocrx_word' id='word_1_739' title='bbox 1533 5188 1747 5280; x_wconf 85' lang='lat' dir='ltr'><strong>timent,</strong></span> <span class='ocrx_word' id='word_1_740' title='bbox 1779 5214 1960 5286; x_wconf 82' lang='lat' dir='ltr'><strong>gloria</strong></span> 
     </span>
    </p>
   </div>
   <div class='ocr_carea' id='block_1_100' title="bbox 2070 5188 3686 5293">
    <p class='ocr_par' dir='ltr' id='par_1_100' title="bbox 2082 5188 3686 5279">
     <span class='ocr_line' id='line_1_100' title="bbox 2082 5188 3686 5279; baseline -0.017 -14"><span class='ocrx_word' id='word_1_741' title='bbox 2082 5227 2197 5279; x_wconf 82' lang='grc' dir='ltr'>ριε,</span> <span class='ocrx_word' id='word_1_742' title='bbox 2227 5226 2282 5262; x_wconf 83' lang='grc' dir='ltr'><strong>κ.</strong></span> <span class='ocrx_word' id='word_1_743' title='bbox 2313 5225 2363 5261; x_wconf 90' lang='grc' dir='ltr'><strong>τ.</strong></span> <span class='ocrx_word' id='word_1_744' title='bbox 2395 5208 2441 5260; x_wconf 82' lang='grc' dir='ltr'>ἐ.</span> <span class='ocrx_word' id='word_1_745' title='bbox 2471 5201 2540 5259; x_wconf 75' lang='grc' dir='ltr'><strong>Εἴ</strong></span> <span class='ocrx_word' id='word_1_746' title='bbox 2565 5204 2843 5275; x_wconf 87' lang='grc' dir='ltr'>κρείττους</span> <span class='ocrx_word' id='word_1_747' title='bbox 2861 5199 2973 5270; x_wconf 74' lang='grc'><strong>(27)</strong></span> <span class='ocrx_word' id='word_1_748' title='bbox 3005 5199 3053 5250; x_wconf 78' lang='grc' dir='ltr'>οἱ</span> <span class='ocrx_word' id='word_1_749' title='bbox 3083 5193 3409 5263; x_wconf 83' lang='grc' dir='ltr'>ἀγαπῶντες</span> <span class='ocrx_word' id='word_1_750' title='bbox 3437 5188 3547 5243; x_wconf 86' lang='grc' dir='ltr'><strong>τῶν</strong></span> <span class='ocrx_word' id='word_1_751' title='bbox 3581 5203 3686 5256; x_wconf 80' lang='grc' dir='ltr'><strong>φο-</strong></span> 
     </span>
    </p>
   </div>
   <div class='ocr_carea' id='block_1_101' title="bbox 2093 5281 3686 5374">
    <p class='ocr_par' dir='ltr' id='par_1_101' title="bbox 2093 5281 3686 5374">
     <span class='ocr_line' id='line_1_101' title="bbox 2093 5281 3686 5374; baseline -0.014 -20"><span class='ocrx_word' id='word_1_752' title='bbox 2093 5302 2371 5374; x_wconf 79' lang='grc' dir='ltr'>ϐουμένων</span> <span class='ocrx_word' id='word_1_753' title='bbox 2392 5341 2408 5366; x_wconf 95' lang='grc'><strong>,</strong></span> <span class='ocrx_word' id='word_1_754' title='bbox 2461 5299 2524 5352; x_wconf 82' lang='grc' dir='ltr'><strong>τὸ</strong></span> <span class='ocrx_word' id='word_1_755' title='bbox 2574 5294 2884 5367; x_wconf 83' lang='grc' dir='ltr'>καυχᾶσθαι</span> <span class='ocrx_word' id='word_1_756' title='bbox 2932 5289 3130 5364; x_wconf 79' lang='grc' dir='ltr'>μᾶλλον</span> <span class='ocrx_word' id='word_1_757' title='bbox 3178 5285 3288 5340; x_wconf 91' lang='grc' dir='ltr'><strong>τῶν</strong></span> <span class='ocrx_word' id='word_1_758' title='bbox 3333 5281 3686 5353; x_wconf 82' lang='grc' dir='ltr'>ἀγαπώντων</span> 
     </span>
    </p>
   </div>
   <div class='ocr_carea' id='block_1_102' title="bbox 471 4569 1977 4637">
    <p class='ocr_par' dir='ltr' id='par_1_102' title="bbox 471 4569 1977 4637">
     <span class='ocr_line' id='line_1_102' title="bbox 471 4569 1977 4637; baseline -0.005 -9"><span class='ocrx_word' id='word_1_759' title='bbox 471 4577 628 4631; x_wconf 69' lang='lat' dir='ltr'><strong>Vens.</strong></span> <span class='ocrx_word' id='word_1_760' title='bbox 671 4575 755 4629; x_wconf 74' lang='grc'><strong>12.</strong></span> <span class='ocrx_word' id='word_1_761' title='bbox 798 4575 861 4628; x_wconf 84' lang='grc' dir='ltr'><strong>1η</strong></span> <span class='ocrx_word' id='word_1_762' title='bbox 889 4584 1142 4629; x_wconf 74' lang='lat' dir='ltr'><strong>azternum</strong></span> <span class='ocrx_word' id='word_1_763' title='bbox 1169 4573 1525 4637; x_wconf 72' lang='lat' dir='ltr'><strong>exsultabunt,</strong></span> <span class='ocrx_word' id='word_1_764' title='bbox 1553 4582 1599 4625; x_wconf 85' lang='lat' dir='ltr'><strong>et</strong></span> <span class='ocrx_word' id='word_1_765' title='bbox 1638 4570 1899 4623; x_wconf 80' lang='lat' dir='ltr'><strong>Imbitabis</strong></span> <span class='ocrx_word' id='word_1_766' title='bbox 1921 4569 1977 4620; x_wconf 86' lang='lat' dir='ltr'><strong>in</strong></span> 
     </span>
    </p>
   </div>
   <div class='ocr_carea' id='block_1_103' title="bbox 392 4665 1976 4740">
    <p class='ocr_par' dir='ltr' id='par_1_103' title="bbox 392 4665 1976 4740">
     <span class='ocr_line' id='line_1_103' title="bbox 392 4665 1976 4740; baseline -0.006 -14"><span class='ocrx_word' id='word_1_767' title='bbox 392 4674 490 4738; x_wconf 81' lang='lat' dir='ltr'><strong>eis,</strong></span> <span class='ocrx_word' id='word_1_768' title='bbox 527 4682 633 4726; x_wconf 87' lang='lat' dir='ltr'><strong>etc.</strong></span> <span class='ocrx_word' id='word_1_769' title='bbox 676 4670 842 4738; x_wconf 75' lang='grc' dir='ltr'>Δίων,</span> <span class='ocrx_word' id='word_1_770' title='bbox 876 4669 1157 4736; x_wconf 65' lang='lat' dir='ltr'><strong>saeculum,</strong></span> <span class='ocrx_word' id='word_1_771' title='bbox 1192 4679 1277 4724; x_wconf 88' lang='lat' dir='ltr'><strong>est</strong></span> <span class='ocrx_word' id='word_1_772' title='bbox 1307 4676 1542 4740; x_wconf 84' lang='lat' dir='ltr'><strong>systema</strong></span> <span class='ocrx_word' id='word_1_773' title='bbox 1565 4665 1872 4736; x_wconf 85' lang='lat' dir='ltr'><strong>physicum,</strong></span> <span class='ocrx_word' id='word_1_774' title='bbox 1907 4679 1976 4717; x_wconf 81' lang='lat' dir='ltr'><strong>ex</strong></span> 
     </span>
    </p>
   </div>
   <div class='ocr_carea' id='block_1_104' title="bbox 395 4753 1978 4836">
    <p class='ocr_par' dir='ltr' id='par_1_104' title="bbox 395 4753 1978 4836">
     <span class='ocr_line' id='line_1_104' title="bbox 395 4753 1978 4836; baseline -0.004 -20"><span class='ocrx_word' id='word_1_775' title='bbox 395 4765 563 4820; x_wconf 86' lang='lat' dir='ltr'><strong>variis</strong></span> <span class='ocrx_word' id='word_1_776' title='bbox 615 4763 938 4836; x_wconf 79' lang='lat' dir='ltr'><strong>corporibus</strong></span> <span class='ocrx_word' id='word_1_777' title='bbox 976 4760 1316 4818; x_wconf 80' lang='lat' dir='ltr'><strong>dill‘erentias</strong></span> <span class='ocrx_word' id='word_1_778' title='bbox 1355 4758 1642 4814; x_wconf 89' lang='lat' dir='ltr'><strong>continens</strong></span> <span class='ocrx_word' id='word_1_779' title='bbox 1683 4753 1978 4809; x_wconf 88' lang='lat' dir='ltr'><strong>rationales</strong></span> 
     </span>
    </p>
   </div>
   <div class='ocr_carea' id='block_1_105' title="bbox 396 4845 1977 4926">
    <p class='ocr_par' dir='ltr' id='par_1_105' title="bbox 396 4845 1977 4926">
     <span class='ocr_line' id='line_1_105' title="bbox 396 4845 1977 4926; baseline -0.009 -16"><span class='ocrx_word' id='word_1_780' title='bbox 396 4866 618 4926; x_wconf 78' lang='lat' dir='ltr'><strong>prOptcr</strong></span> <span class='ocrx_word' id='word_1_781' title='bbox 649 4854 741 4911; x_wconf 91' lang='lat' dir='ltr'><strong>Dei</strong></span> <span class='ocrx_word' id='word_1_782' title='bbox 777 4853 1170 4926; x_wconf 76' lang='lat' dir='ltr'><strong>cognitionem.</strong></span> <span class='ocrx_word' id='word_1_783' title='bbox 1215 4852 1270 4906; x_wconf 92' lang='lat' dir='ltr'><strong>lu</strong></span> <span class='ocrx_word' id='word_1_784' title='bbox 1319 4859 1605 4911; x_wconf 67' lang='lat' dir='ltr'><strong>aeternum,</strong></span> <span class='ocrx_word' id='word_1_785' title='bbox 1649 4845 1847 4914; x_wconf 89' lang='lat' dir='ltr'><strong>inquit,</strong></span> <span class='ocrx_word' id='word_1_786' title='bbox 1878 4857 1977 4897; x_wconf 84' lang='lat' dir='ltr'><strong>ex-</strong></span> 
     </span>
    </p>
   </div>
   <div class='ocr_carea' id='block_1_106' title="bbox 399 4937 1834 5017">
    <p class='ocr_par' dir='ltr' id='par_1_106' title="bbox 399 4937 1834 5017">
     <span class='ocr_line' id='line_1_106' title="bbox 399 4937 1834 5017; baseline -0.009 -12"><span class='ocrx_word' id='word_1_787' title='bbox 399 4949 708 5015; x_wconf 82' lang='lat' dir='ltr'><strong>sultabunt,</strong></span> <span class='ocrx_word' id='word_1_788' title='bbox 741 4948 1002 5017; x_wconf 89' lang='lat' dir='ltr'><strong>quoniam</strong></span> <span class='ocrx_word' id='word_1_789' title='bbox 1037 4956 1239 5001; x_wconf 85' lang='lat' dir='ltr'><strong>aeterna</strong></span> <span class='ocrx_word' id='word_1_790' title='bbox 1271 4942 1405 5013; x_wconf 86' lang='lat' dir='ltr'><strong>ipsis</strong></span> <span class='ocrx_word' id='word_1_791' title='bbox 1427 4949 1514 4996; x_wconf 90' lang='lat' dir='ltr'><strong>est</strong></span> <span class='ocrx_word' id='word_1_792' title='bbox 1549 4937 1834 4995; x_wconf 89' lang='lat' dir='ltr'><strong>habitatio.</strong></span> 
     </span>
    </p>
   </div>
   <div class='ocr_carea' id='block_1_107' title="bbox 406 5304 1982 5385">
    <p class='ocr_par' dir='ltr' id='par_1_107' title="bbox 406 5304 1982 5385">
     <span class='ocr_line' id='line_1_107' title="bbox 406 5304 1982 5385; baseline -0.008 -15"><span class='ocrx_word' id='word_1_793' title='bbox 406 5320 480 5373; x_wconf 87' lang='lat' dir='ltr'><strong>tio</strong></span> <span class='ocrx_word' id='word_1_794' title='bbox 515 5318 687 5385; x_wconf 83' lang='lat' dir='ltr'><strong>magis</strong></span> <span class='ocrx_word' id='word_1_795' title='bbox 706 5318 963 5371; x_wconf 87' lang='lat' dir='ltr'><strong>convenit</strong></span> <span class='ocrx_word' id='word_1_796' title='bbox 991 5313 1362 5383; x_wconf 85' lang='lat' dir='ltr'><strong>diligentibus.</strong></span> <span class='ocrx_word' id='word_1_797' title='bbox 1389 5311 1444 5366; x_wconf 90' lang='lat' dir='ltr'><strong>Si</strong></span> <span class='ocrx_word' id='word_1_798' title='bbox 1462 5324 1584 5380; x_wconf 74' lang='lat' dir='ltr'><strong>qua:</strong></span> <span class='ocrx_word' id='word_1_799' title='bbox 1607 5317 1787 5363; x_wconf 84' lang='lat' dir='ltr'><strong>autem</strong></span> <span class='ocrx_word' id='word_1_800' title='bbox 1817 5304 1982 5358; x_wconf 88' lang='lat' dir='ltr'><strong>etiaut</strong></span> 
     </span>
    </p>
   </div>
   <div class='ocr_carea' id='block_1_108' title="bbox 481 5395 1017 5471">
    <p class='ocr_par' dir='ltr' id='par_1_108' title="bbox 481 5395 1017 5471">
     <span class='ocr_line' id='line_1_108' title="bbox 481 5395 1017 5471; baseline -0.002 -9"><span class='ocrx_word' id='word_1_801' title='bbox 481 5395 528 5427; x_wconf 76' lang='lat'><strong>&quot;</strong></span> <span class='ocrx_word' id='word_1_802' title='bbox 553 5409 676 5464; x_wconf 82' lang='lat' dir='ltr'><strong>Psal</strong></span> <span class='ocrx_word' id='word_1_803' title='bbox 728 5425 899 5471; x_wconf 74' lang='lat' dir='ltr'><strong>Lxxn,</strong></span> <span class='ocrx_word' id='word_1_804' title='bbox 926 5407 1017 5462; x_wconf 78' lang='grc'><strong>27.</strong></span> 
     </span>
    </p>
   </div>
   <div class='ocr_carea' id='block_1_109' title="bbox 2093 5523 2224 5564">
    <p class='ocr_par' dir='ltr' id='par_1_109' title="bbox 2093 5523 2224 5564">
     <span class='ocr_line' id='line_1_109' title="bbox 2093 5523 2224 5564; baseline -0.031 0"><span class='ocrx_word' id='word_1_805' title='bbox 2093 5523 2224 5564; x_wconf 74' lang='lat' dir='ltr'><strong>&quot;lSS.</strong></span> 
     </span>
    </p>
   </div>
   <div class='ocr_carea' id='block_1_110' title="bbox 480 5512 1960 5598">
    <p class='ocr_par' dir='ltr' id='par_1_110' title="bbox 480 5512 1958 5598">
     <span class='ocr_line' id='line_1_110' title="bbox 480 5512 1958 5598; baseline -0.01 -18"><span class='ocrx_word' id='word_1_806' title='bbox 480 5526 594 5598; x_wconf 77' lang='lat'><strong>(‘25)</strong></span> <span class='ocrx_word' id='word_1_807' title='bbox 661 5524 745 5591; x_wconf 81' lang='grc' dir='ltr'><strong>Τῷ</strong></span> <span class='ocrx_word' id='word_1_808' title='bbox 789 5523 1207 5595; x_wconf 79' lang='grc' dir='ltr'>ἁμαρτάνοντι,</span> <span class='ocrx_word' id='word_1_809' title='bbox 1269 5530 1375 5574; x_wconf 76' lang='lat' dir='ltr'><strong>etc.</strong></span> <span class='ocrx_word' id='word_1_810' title='bbox 1413 5517 1729 5578; x_wconf 84' lang='lat' dir='ltr'><strong>Corderius,</strong></span> <span class='ocrx_word' id='word_1_811' title='bbox 1785 5512 1958 5568; x_wconf 83' lang='lat' dir='ltr'><strong>Barba</strong></span> 
     </span>
    </p>
   </div>
   <div class='ocr_carea' id='block_1_111' title="bbox 2070 5512 3630 5598">
    <p class='ocr_par' dir='ltr' id='par_1_111' title="bbox 2093 5523 3630 5598">
     <span class='ocr_line' id='line_1_111' title="bbox 2093 5523 3630 5598; baseline 0 0"><span class='ocrx_word' id='word_1_812' title='bbox 2093 5523 2275 5598; x_wconf 42' lang='lat' dir='ltr'><strong>&quot;istim</strong></span> <span class='ocrx_word' id='word_1_813' title='bbox 2325 5571 2464 5598; x_wconf 65' lang='lat'><strong>12/.-.</strong></span> <span class='ocrx_word' id='word_1_814' title='bbox 2526 5573 2650 5598; x_wconf 60' lang='grc' dir='ltr'><strong>λιι-νο,</strong></span> <span class='ocrx_word' id='word_1_815' title='bbox 2697 5568 2983 5598; x_wconf 52' lang='grc' dir='ltr'><strong>ηαξινυιιηη</strong></span> <span class='ocrx_word' id='word_1_816' title='bbox 3038 5570 3139 5598; x_wconf 37' lang='grc' dir='ltr'><strong>βίον</strong></span> <span class='ocrx_word' id='word_1_817' title='bbox 3203 5558 3432 5598; x_wconf 63' lang='lat' dir='ltr'><strong>Rnlmdm</strong></span> <span class='ocrx_word' id='word_1_818' title='bbox 3466 5552 3630 5598; x_wconf 64' lang='lat' dir='ltr'><strong>nrﬂ&#39;li</strong></span> 
     </span>
    </p>
   </div>
   <div class='ocr_carea' id='block_1_112' title="bbox 409 5552 1960 5652">
    <p class='ocr_par' dir='ltr' id='par_1_112' title="bbox 409 5552 1958 5652">
     <span class='ocr_line' id='line_1_112' title="bbox 480 5552 1958 5598; baseline -0.011 -16"><span class='ocrx_word' id='word_1_819' title='bbox 480 5552 594 5598; x_wconf 53' lang='grc' dir='ltr'><strong>κιο)</strong></span> <span class='ocrx_word' id='word_1_820' title='bbox 663 5552 745 5591; x_wconf 81' lang='grc' dir='ltr'>ιῳ</span> <span class='ocrx_word' id='word_1_821' title='bbox 789 5552 1207 5595; x_wconf 65' lang='grc' dir='ltr'>αμιιρῑανυγιι,</span> <span class='ocrx_word' id='word_1_822' title='bbox 1269 5552 1375 5574; x_wconf 56' lang='lat' dir='ltr'><strong>cu.’</strong></span> <span class='ocrx_word' id='word_1_823' title='bbox 1414 5552 1729 5578; x_wconf 72' lang='grc' dir='ltr'>νυιυυιιιιο,</span> <span class='ocrx_word' id='word_1_824' title='bbox 1787 5552 1958 5568; x_wconf 77' lang='grc' dir='ltr'><strong>υιηυι-</strong></span> 
     </span>
     <span class='ocr_line' id='line_1_113' title="bbox 409 5615 520 5652; baseline -0.009 0"><span class='ocrx_word' id='word_1_825' title='bbox 409 5615 520 5652; x_wconf 55' lang='grc'><strong>1³118.</strong></span> 
     </span>
    </p>
   </div>
   <div class='ocr_carea' id='block_1_113' title="bbox 2070 5552 3685 5652">
    <p class='ocr_par' dir='ltr' id='par_1_113' title="bbox 2093 5552 3685 5652">
     <span class='ocr_line' id='line_1_114' title="bbox 2093 5552 3685 5652; baseline 0.003 -35"><span class='ocrx_word' id='word_1_826' title='bbox 2311 5571 2464 5629; x_wconf 82' lang='grc' dir='ltr'><strong>Αὶών</strong></span> <span class='ocrx_word' id='word_1_827' title='bbox 2521 5573 2652 5624; x_wconf 83' lang='grc' dir='ltr'>ἐστι</span> <span class='ocrx_word' id='word_1_828' title='bbox 2696 5568 3004 5635; x_wconf 72' lang='grc' dir='ltr'>σύστημα,</span> <span class='ocrx_word' id='word_1_829' title='bbox 3038 5570 3144 5616; x_wconf 88' lang='lat' dir='ltr'><strong>etc.</strong></span> <span class='ocrx_word' id='word_1_830' title='bbox 3203 5558 3432 5614; x_wconf 81' lang='lat' dir='ltr'><strong>Schedae</strong></span> <span class='ocrx_word' id='word_1_831' title='bbox 3466 5552 3685 5622; x_wconf 73' lang='lat' dir='ltr'><strong>Grabil.</strong></span> 
     </span>
    </p>
   </div>
   <div class='ocr_carea' id='block_1_114' title="bbox 482 5649 1960 5739">
    <p class='ocr_par' dir='ltr' id='par_1_114' title="bbox 482 5649 1958 5739">
     <span class='ocr_line' id='line_1_115' title="bbox 482 5649 1958 5739; baseline -0.011 -17"><span class='ocrx_word' id='word_1_832' title='bbox 482 5649 592 5739; x_wconf 56' lang='lat'><strong>(24)</strong></span> <span class='ocrx_word' id='word_1_833' title='bbox 629 5666 693 5719; x_wconf 83' lang='grc' dir='ltr'>Ὀ</span> <span class='ocrx_word' id='word_1_834' title='bbox 722 5662 1164 5736; x_wconf 74' lang='grc' dir='ltr'>προτιθέμενος,</span> <span class='ocrx_word' id='word_1_835' title='bbox 1197 5671 1303 5716; x_wconf 89' lang='lat' dir='ltr'><strong>etc.</strong></span> <span class='ocrx_word' id='word_1_836' title='bbox 1328 5658 1496 5715; x_wconf 83' lang='lat' dir='ltr'><strong>Codd.</strong></span> <span class='ocrx_word' id='word_1_837' title='bbox 1526 5659 1656 5721; x_wconf 77' lang='lat' dir='ltr'><strong>Roc,</strong></span> <span class='ocrx_word' id='word_1_838' title='bbox 1687 5665 1740 5711; x_wconf 90' lang='lat' dir='ltr'><strong>et</strong></span> <span class='ocrx_word' id='word_1_839' title='bbox 1784 5654 1958 5708; x_wconf 90' lang='lat' dir='ltr'><strong>Baroe</strong></span> 
     </span>
    </p>
   </div>
   <div class='ocr_carea' id='block_1_115' title="bbox 2070 5649 3131 5739">
    <p class='ocr_par' dir='ltr' id='par_1_115' title="bbox 2095 5649 3131 5739">
     <span class='ocr_line' id='line_1_116' title="bbox 2095 5649 2389 5704; baseline -0.027 0"><span class='ocrx_word' id='word_1_840' title='bbox 2095 5649 2389 5704; x_wconf 81' lang='lat' dir='ltr'><strong>Barbarus.</strong></span> 
     </span>
     <span class='ocr_line' id='line_1_117' title="bbox 2171 5701 3131 5739; baseline 0 0"><span class='ocrx_word' id='word_1_841' title='bbox 2171 5716 2279 5739; x_wconf 68' lang='grc' dir='ltr'><strong>λοι-η</strong></span> <span class='ocrx_word' id='word_1_842' title='bbox 2323 5717 2384 5739; x_wconf 71' lang='lat' dir='ltr'><strong>nl</strong></span> <span class='ocrx_word' id='word_1_843' title='bbox 2413 5711 2719 5739; x_wconf 55' lang='grc' dir='ltr'><strong>-.-μμ-οη..-</strong></span> <span class='ocrx_word' id='word_1_844' title='bbox 2775 5720 2862 5739; x_wconf 73' lang='grc' dir='ltr'><strong>ιηιι</strong></span> <span class='ocrx_word' id='word_1_845' title='bbox 2911 5701 3131 5739; x_wconf 60' lang='lat' dir='ltr'><strong>Paulos-3</strong></span> 
     </span>
    </p>
   </div>
   <div class='ocr_carea' id='block_1_116' title="bbox 410 5695 1960 5794">
    <p class='ocr_par' dir='ltr' id='par_1_116' title="bbox 410 5695 1960 5794">
     <span class='ocr_line' id='line_1_118' title="bbox 482 5695 1958 5739; baseline -0.01 -17"><span class='ocrx_word' id='word_1_846' title='bbox 482 5695 592 5739; x_wconf 52' lang='grc' dir='ltr'>χιιι]</span> <span class='ocrx_word' id='word_1_847' title='bbox 651 5695 693 5719; x_wconf 87' lang='grc' dir='ltr'>υ</span> <span class='ocrx_word' id='word_1_848' title='bbox 722 5695 1062 5736; x_wconf 64' lang='grc' dir='ltr'>ῡιρυιιυεμιογ</span> <span class='ocrx_word' id='word_1_849' title='bbox 1077 5695 1164 5729; x_wconf 67' lang='grc' dir='ltr'><strong>υς,</strong></span> <span class='ocrx_word' id='word_1_850' title='bbox 1197 5695 1303 5716; x_wconf 53' lang='grc' dir='ltr'><strong>ιλιι.</strong></span> <span class='ocrx_word' id='word_1_851' title='bbox 1329 5695 1496 5715; x_wconf 77' lang='grc' dir='ltr'><strong>υυυηι</strong></span> <span class='ocrx_word' id='word_1_852' title='bbox 1528 5695 1656 5721; x_wconf 72' lang='grc' dir='ltr'><strong>ιιυυ,</strong></span> <span class='ocrx_word' id='word_1_853' title='bbox 1687 5695 1740 5711; x_wconf 72' lang='grc' dir='ltr'>νο</span> <span class='ocrx_word' id='word_1_854' title='bbox 1784 5695 1958 5708; x_wconf 72' lang='lat' dir='ltr'><strong>IIII-vv</strong></span> 
     </span>
     <span class='ocr_line' id='line_1_119' title="bbox 410 5741 1960 5794; baseline -0.012 0"><span class='ocrx_word' id='word_1_855' title='bbox 410 5741 616 5794; x_wconf 76' lang='lat' dir='ltr'><strong>cianus.</strong></span> <span class='ocrx_word' id='word_1_856' title='bbox 1913 5793 1923 5794; x_wconf 16' lang='grc' dir='ltr'>ί</span> <span class='ocrx_word' id='word_1_857' title='bbox 1951 5791 1960 5794; x_wconf 25' lang='grc'><strong><em>4</em></strong></span> 
     </span>
    </p>
   </div>
   <div class='ocr_carea' id='block_1_117' title="bbox 2070 5695 3684 5794">
    <p class='ocr_par' dir='ltr' id='par_1_117' title="bbox 2095 5695 3684 5794">
     <span class='ocr_line' id='line_1_120' title="bbox 2095 5695 3684 5794; baseline -0.019 -17"><span class='ocrx_word' id='word_1_858' title='bbox 2095 5695 2385 5794; x_wconf 33' lang='lat' dir='ltr'><strong>iii-ili!</strong></span> <span class='ocrx_word' id='word_1_859' title='bbox 2413 5711 2739 5780; x_wconf 77' lang='grc' dir='ltr'>κρείττους,</span> <span class='ocrx_word' id='word_1_860' title='bbox 2775 5720 2882 5764; x_wconf 87' lang='lat' dir='ltr'><strong>etc.</strong></span> <span class='ocrx_word' id='word_1_861' title='bbox 2911 5701 3224 5764; x_wconf 86' lang='lat' dir='ltr'><strong>Corderius,</strong></span> <span class='ocrx_word' id='word_1_862' title='bbox 3255 5697 3413 5755; x_wconf 86' lang='lat' dir='ltr'><strong>codd.</strong></span> <span class='ocrx_word' id='word_1_863' title='bbox 3451 5695 3583 5762; x_wconf 78' lang='lat' dir='ltr'><strong>Hoc,</strong></span> <span class='ocrx_word' id='word_1_864' title='bbox 3627 5705 3684 5752; x_wconf 78' lang='lat' dir='ltr'><strong>et</strong></span> 
     </span>
    </p>
   </div>
   <div class='ocr_carea' id='block_1_118' title="bbox 480 5789 1960 5881">
    <p class='ocr_par' dir='ltr' id='par_1_118' title="bbox 480 5789 1960 5881">
     <span class='ocr_line' id='line_1_121' title="bbox 480 5789 1960 5881; baseline -0.012 -14"><span class='ocrx_word' id='word_1_865' title='bbox 633 5805 895 5876; x_wconf 67' lang='grc' dir='ltr'>’Ξχθρῶν</span> <span class='ocrx_word' id='word_1_866' title='bbox 946 5801 1378 5875; x_wconf 62' lang='grc' dir='ltr'>ἐμποδιζόντων</span> <span class='ocrx_word' id='word_1_867' title='bbox 1404 5839 1417 5865; x_wconf 83' lang='grc'><strong>,</strong></span> <span class='ocrx_word' id='word_1_868' title='bbox 1471 5809 1574 5856; x_wconf 86' lang='lat' dir='ltr'><strong>etc.</strong></span> <span class='ocrx_word' id='word_1_869' title='bbox 1618 5795 1782 5854; x_wconf 79' lang='lat' dir='ltr'><strong>[idem</strong></span> <span class='ocrx_word' id='word_1_870' title='bbox 1827 5791 1960 5852; x_wconf 88' lang='lat' dir='ltr'><strong>codd</strong></span> 
     </span>
    </p>
   </div>
   <div class='ocr_carea' id='block_1_119' title="bbox 2070 5789 2476 5881">
    <p class='ocr_par' dir='ltr' id='par_1_119' title="bbox 2097 5789 2476 5846">
     <span class='ocr_line' id='line_1_122' title="bbox 2097 5789 2476 5846; baseline -0.021 -1"><span class='ocrx_word' id='word_1_871' title='bbox 2097 5789 2476 5846; x_wconf 80' lang='lat' dir='ltr'><strong>Daroccianus.</strong></span> 
     </span>
    </p>
   </div>
  </div>
