3942 6216
303 335 446 390 1175

1314 333 1620 392 SELECTA
1662 330 1725 384 IN
1767 328 2100 384 PSALMOS.
2135 360 2200 368 —
2237 327 2430 382 PSAL.
2471 326 2553 380 Vl.

3437 321 3570 376 H74

300 453 472 506 ἐστίν.
509 452 570 504 Εἰ
609 450 667 504 δέ
699 451 816 504 ἐστί
853 469 937 516 τις
977 452 1200 520 εὔλογος
1236 450 1501 521 καύχησις
1535 450 1626 502 καὶ
1659 450 1716 500 ἓν
1744 449 1892 523 φόϐῳ

2007 451 2052 500 in
2093 448 2290 500 timore
2323 443 2412 498 Dei
2444 440 2734 496 laudabilis
2765 447 2848 493 est
2874 437 3147 507 gloriatio,
3174 436 3358 507 utique
3392 437 3570 490 minor

301 545 534 616 Κυρίου,
568 543 802 598 ἐλάττων
829 545 977 597 ἐστὶν
1004 545 1144 613 αὐτὴ
1174 542 1290 605 τοῦ,
1315 542 1679 612 καυχήσονται
1707 541 1764 592 ὲν
1785 540 1888 592 σοί.

305 638 535 706 Ιιῖὐλογεῖ
571 638 627 690 δὲ
681 637 802 689 Νῶε
851 638 944 690 τὸν
990 637 1110 707 Σὴμ
1151 635 1247 688 καὶ
1289 635 1380 687 τὸν
1439 632 1642 703 Ἰαφέθ·
1685 631 1894 699 εὐλογεῖ

304 730 642 802 Μελχισεδὲκ
677 730 768 782 τὸν
808 728 1084 800 Ἀϐραὰμ,
1121 726 1215 779 καὶ
1247 729 1275 778 6
1312 724 1498 777 Ἰσαὰκ
1537 724 1628 777 τὸν
1675 721 1890 787 Ἰακὼϐ,

305 822 404 874 καὶ
433 825 460 874 6
498 820 694 874 Ἰακὼϐ
723 821 850 882 τοὺς
874 818 1102 883 δώδεκα,
1130 817 1224 870 καὶ
1253 818 1280 869 6
1310 815 1552 882 Μωυσῆς
1567 815 1666 877 τὰς
1700 812 1888 882 φυλάς·

303 913 441 966 ἀλλὰ
479 912 619 981 ὑπὲρ
665 912 842 965 πάντα
884 909 1058 964 ταῦτα
1114 910 1205 961 καὶ
1257 907 1398 978 μετὰ
1445 907 1616 959 ταῦτα
1658 905 1818 966 αὐτὸς
1866 906 1894 957 6

304 1002 510 1074 Κύριος
535 1003 816 1072 εὐλογήσει
848 1002 936 1054 τὸν
971 1001 1196 1060 δίκαιον,
1249 998 1510 1065 ἀνάλογον
1540 996 1639 1067 τῷ,
1678 1015 1696 1047 ι
1725 995 1894 1058 Αὐτὸς

301 1097 333 1148 6
353 1095 529 1148 λαλῶν
559 1095 806 1164 πάρειμι,
840 1112 858 1145 ι
879 1093 974 1146 καὶ
1001 1091 1097 1162 τῷ,
1124 1113 1142 1141 ι
1169 1091 1260 1162 Μὴ
1280 1091 1441 1153 αὐτὸς
1470 1087 1845 1160 συμπορεύσῃ.
1871 1107 1888 1138 ι

387 1187 481 1252 Ὠς
515 1184 682 1250 ὅπλῳ
705 1183 984 1249 εὐδοκίας
1008 1182 1439 1250 ἐστεφάνωσας
1466 1179 1644 1248 ἡμᾶς,
1673 1198 1725 1232 κ.
1755 1197 1806 1232 τ.
1845 1180 1892 1232 ὲ.

302 1277 512 1329 Ταυτόν
542 1277 657 1327 ἐστι
696 1274 802 1327 τῶν
837 1274 947 1346 (28)
995 1274 1220 1328 δικαίων
1254 1273 1420 1325 ὅπλον
1466 1271 1562 1323 καὶ
1609 1271 1892 1338 στέφανος·

297 1369 377 1432 ὡς
420 1369 510 1421 τὸν
541 1368 904 1438 ὁπλισάμενον
943 1364 1394 1434 ὲστεφανοῦσθαι,
1445 1363 1656 1416 καὶτὸν
1697 1380 1896 1432 στεφα-

299 1459 563 1529 νούμενον
620 1458 911 1513 ὡπλίσθαι.
961 1459 1116 1528 Ἔχει
1160 1457 1217 1510 δὲ
1259 1455 1417 1508 τοῦτό
1466 1473 1518 1508 τι
1561 1456 1748 1524 ὅμοιον
1795 1453 1894 1524 τῷ,

307 1569 328 1600 ι
357 1551 615 1622 Στεφάνῳ
647 1550 702 1602 δὲ
749 1549 962 1621 τρυφῆς
1009 1547 1371 1619 ὑπερασπίσει
1412 1564 1491 1600 σε.
1523 1566 1539 1598 ι
1585 1548 1649 1600 Ἠ
1697 1547 1896 1615 γνῶσις

299 1638 396 1696 οὖν
441 1642 536 1696 τοῦ
592 1640 765 1707 Θεοῦ,
813 1643 863 1692 εί
928 1640 1026 1711 μὲν
1088 1639 1355 1709 ἀμύνεται
1402 1641 1528 1703 τοὺς
1581 1637 1893 1709 πολεμίους,

301 1734 466 1786 ὅπλον
498 1733 645 1785 ἐστὶν
677 1731 946 1794 εὐδοκίας·
974 1733 1022 1784 εί
1052 1731 1109 1784 δὲ
1137 1729 1442 1802 βασιλεύειν
1468 1732 1612 1783 ποιεῖ
1635 1746 1756 1782 τινα
1787 1727 1896 1782 τῶν

1997 550 2080 594 est
2107 554 2167 593 ea
2197 553 2301 606 qua
2330 535 2710 608 gloriabuntur
2743 531 2796 584 in
2830 541 2902 584 te.
2943 531 3228 586 Benedieit
3254 529 3368 584 Noe
3406 527 3572 583 Semo

1993 640 2048 684 et
2077 628 2346 697 Japlieto;
2381 627 2661 681 benedicit
2694 624 3089 678 Melchisedech
3143 623 3475 686 Ahrahamo,
3517 630 3574 677 et

1996 719 2145 773 Isaae
2175 715 2400 780 Jacobo,
2429 726 2483 770 et
2513 715 2685 769 Jacob
2721 713 3031 778 duodecim,
3061 721 3117 767 et
3161 712 3376 782 Moyses
3401 711 3568 766 tribu-

1993 811 2128 873 bus;
2183 807 2278 862 sed
2311 823 2479 876 super
2516 807 2634 862 haec
2685 807 2866 860 omnia
2897 815 2951 859 et
2998 816 3120 873 post
3169 804 3304 864 lucc,
3348 803 3576 870 ipsemet

1997 894 2266 949 Dominus
2319 893 2610 947 benedicet
2651 893 2822 962 justo,
2873 893 3029 962 juxta
3077 893 3208 945 illud
3258 891 3308 930 ’³
3343 909 3356 945 :
3394 908 3413 940 ι
3455 887 3576 958 lpse

1995 987 2087 1056 qui
2126 985 2417 1055 loquebar,
2459 985 2673 1049 adsum,
2723 1004 2742 1037 ι
2801 993 2856 1039 et
2911 984 3055 1038 istud
3098 984 3187 1037 ’δε
3227 1003 3244 1035 ι
3285 983 3397 1039 Non
3459 982 3576 1054 ipse

1996 1080 2148 1134 ibis.»

2073 1171 2234 1226 Vens.
2272 1171 2360 1226 15.
2395 1169 2632 1224 Ulsculo
2670 1169 2817 1222 bona:
2852 1168 3139 1222 voluntatis
3175 1178 3280 1222 tua?
3311 1170 3578 1223 coronasti

1998 1280 2112 1326 nos,
2146 1273 2255 1318 etc.
2283 1262 2428 1317 Idem
2485 1269 2570 1314 est
2607 1258 2880 1328 justorum
2915 1270 3126 1313 scutum
3154 1267 3208 1312 et
3245 1273 3468 1322 corona,
3502 1259 3576 1312 ita

1999 1367 2057 1409 ut
2089 1357 2178 1426 qui
2212 1356 2315 1410 hoc
2343 1363 2496 1410 scuto
2520 1362 2763 1407 armatus
2787 1362 2890 1418 est,
2921 1360 3238 1415 coronetur,
3277 1360 3331 1406 et
3355 1353 3446 1420 qui
3482 1366 3578 1406 co-

1999 1457 2220 1502 ronatus
2241 1456 2347 1511 est,
2385 1447 2486 1500 hoc
2526 1453 2684 1499 scuto
2716 1453 2980 1500 armetur.
3014 1441 3196 1497 lnnuit
3244 1452 3425 1497 autem
3474 1442 3578 1498 hoc

1995 1539 2124 1608 quid
2152 1537 2328 1592 simile
2351 1537 2440 1591 isti
2474 1537 2519 1568 ⁷⁵
2548 1553 2561 1590 :
2602 1554 2619 1587 ι
2645 1535 2859 1590 Corona
2889 1544 3070 1589 autem
3098 1535 3414 1589 deliciarum
3455 1549 3579 1605 pro-

1999 1639 2144 1699 teget
2175 1640 2248 1684 te.
2294 1647 2312 1680 ι
2352 1627 2596 1684 Scientia
2633 1629 2817 1697 itaque
2851 1626 2969 1692 Dei,
3017 1627 3142 1681 dum
3177 1627 3394 1696 quidem
3431 1635 3582 1680 arcet

1996 1721 2206 1785 hostes,
2233 1731 2449 1774 scutmn
2488 1729 2575 1774 est
2604 1719 2762 1773 bona:
2796 1717 3114 1782 voluntatis,
3145 1718 3272 1772 dum
3305 1733 3436 1774 vero
3480 1717 3580 1772 ali-

302 1820 514 1885 παῧῶν,
539 1820 800 1889 στέφανος
820 1820 1164 1890 ὀνομάζεται.
1185 1820 1254 1872 Τέ
1265 1836 1454 1891 μνεται
1488 1819 1543 1872 δὲ
1572 1821 1604 1890 ὴ
1636 1817 1728 1872 τοῦ
1753 1817 1890 1871 Θεοῦ

2007 1826 2157 1878 luem
2203 1825 2382 1876 regem
2441 1810 2573 1864 facit
2624 1808 2941 1871 atfectuum,
2989 1823 3194 1862 corona
3247 1809 3579 1862 nominatur.

301 1913 502 1980 γνῶσις
534 1913 612 1974 είς
645 1911 755 1976 δύο,
789 1914 869 1975 είς
899 1910 1098 1983 πρᾶξιν
1125 1911 1219 1963 καὶ
1253 1909 1506 1982 Θεωρίαν·
1543 1911 1638 1962 καὶ
1665 1909 1764 1979 τῆς
1793 1909 1890 1979 μὲν

302 2001 553 2074 πράξεως
583 2002 744 2055 ὅπλον
784 2002 882 2073 τῆς
925 2001 1173 2064 εὐδοκίας
1210 2002 1348 2063 ἐστὶ,
1384 2003 1482 2072 τῆς
1514 2001 1571 2054 δὲ
1601 2000 1833 2071 Θεωρίας
1864 1999 1894 2049 6

303 2095 584 2164 στέφανος.
621 2095 930 2166 Τετὴρηται
965 2093 1020 2146 δὲ
1069 2095 1164 2146 καὶ
1202 2095 1234 2164 ἡ
1271 2093 1444 2159 τάξις·
1496 2091 1602 2163 πρὸ
1639 2091 1748 2162 γὰρ
1797 2089 1893 2142 τοῦ

301 2185 566 2253 στεφάνου
609 2184 667 2237 τὸ
707 2185 891 2248 ὅπλον,
931 2184 1120 2255 ἐπειδὴ
1164 2185 1257 2238 καὶ
1306 2184 1414 2256 πρὸ
1450 2184 1549 2254 τῆς
1582 2181 1818 2253 Θεωρίας
1867 2180 1899 2252 ἥ

301 2277 501 2350 πρᾶξις
520 2321 532 2332 ,

1897 2393 1966 2405 ἢ

889 2479 1184 2532 “mox
1213 2479 1303 2548 ς’.

371 2571 475 2635 Εἰς
515 2570 580 2622 τὸ
613 2568 787 2636 τέλος
807 2570 878 2623 ἐν
899 2570 1111 2640 ὕμνοις
1142 2571 1298 2641 ὑπὲρ
1341 2571 1451 2640 τῆς
1482 2573 1697 2644 ὀγδόης
1739 2577 1899 2643 ψαλ-

296 2658 408 2727 μός
446 2659 527 2724 τῷ
559 2660 758 2724 Δαυῒδ,
805 2679 860 2715 κ.
905 2679 956 2716 τ.
994 2663 1040 2716 ὲ.
1087 2663 1261 2733 ’Υπὲρ
1323 2663 1414 2733 τῆς
1447 2664 1638 2734 ὀγδόης
1667 2664 1776 2736 (29)
1807 2666 1900 2718 καὶ

297 2752 326 2801 6
352 2750 653 2815 ἑνδέκατος.
687 2753 1013 2824 Διαφέρουσι
1046 2753 1102 2806 δὲ
1135 2755 1193 2808 αἱ
1239 2756 1549 2826 ἐπιγραφαὶ
1581 2757 1774 2810 τούτου
1805 2758 1899 2811 καὶ

297 2841 393 2893 τοῦ
430 2842 737 2906 ἑνδεκάτου,
773 2844 854 2897 ὅτι
907 2836 1062 2908 οὗτος
1114 2846 1212 2917 μέν
1261 2848 1428 2914 ἐστιν,
1463 2867 1480 2898 ι
1506 2849 1602 2911 Εἰς
1630 2847 1691 2900 τὸ
1740 2848 1892 2912 τέλος

297 2935 356 2984 ἐν
383 2931 574 3002 ὕμνοις
597 2934 738 3004 ὑπὲρ
767 2935 865 3004 τῆς
909 2936 1104 3008 ὀγδόης
1137 2937 1350 3008 eam;
1385 2938 1461 3010 τῷ
1491 2937 1676 3004 Δαυῒδ,
1703 2959 1720 2990 ι
1751 2940 1896 2992 ὲκεί-

297 3042 387 3087 νος
423 3025 502 3089 δὲ,
551 3046 567 3076 ι
593 3027 687 3090 Εἰς
721 3027 780 3080 τὸ
820 3028 971 3092 τέλος
1008 3029 1150 3101 ὑπὲρ
1194 3029 1295 3099 τῆς
1338 3030 1528 3101 ὀγδόης
1566 3031 1781 3102 ψαλμὸς
1818 3030 1897 3102 τῷ

2002 1901 2168 1957 Porro
2209 1900 2304 1956 Dei
2339 1902 2567 1957 scientia
2603 1900 2856 1954 bifariam
2887 1898 3171 1964 dividitur,
3207 1900 3260 1952 in
3308 1900 3580 1955 actionem

1999 2001 2054 2048 et
2085 1993 2252 2064 578
2283 1992 2844 2063 contemplationem;
2894 2001 3056 2060 atque
3084 1992 3316 2048 actionis
3356 1993 3580 2062 quidem

2002 2095 2217 2140 scutum
2250 2098 2334 2142 est
2376 2086 2532 2140 bonae
2560 2083 2883 2148 voluntatis,
2931 2097 3132 2138 corona
3177 2099 3308 2139 vero
3336 2094 3582 2140 contem-

2005 2176 2286 2246 plationis.
2335 2177 2610 2233 (la-terum
2657 2180 2745 2236 hic
2790 2180 2958 2234 etiam
3003 2187 3252 2233 servatus
3283 2186 3372 2232 est
3421 2177 3581 2232 ordo.

2006 2267 2229 2324 Scutqu
2259 2270 2407 2325 enim
2431 2281 2513 2325 est
2546 2281 2674 2326 ante
2699 2269 3234 2340 contemplationem.

2567 2479 2892 2538 PSALMUS
2931 2480 3020 2536 Vl.

2073 2575 2236 2631 Vens.
2275 2575 2326 2628 1.
2363 2573 2429 2628 1η
2476 2573 2635 2642 ﬁnem
2668 2574 2722 2628 in
2768 2574 3090 2628 carminibus
3136 2572 3371 2641 psalmus
3413 2570 3590 2626 David

1995 2682 2091 2734 pro
2132 2679 2340 2730 octava,
2386 2675 2493 2720 ete.
2547 2665 2656 2719 Pro
2695 2675 2891 2719 octava
2937 2663 3100 2718 etiam
3149 2662 3471 2717 undecimus
3505 2661 3586 2716 in-

1999 2757 2278 2812 scribitur.
2331 2757 2500 2828 llojus
2551 2768 2736 2812 autem
2786 2755 2968 2811 differt
3016 2756 3300 2824 inscriptio
3359 2769 3388 2808 a
3431 2754 3587 2809 titulo

1999 2848 2291 2916 undecimi,
2318 2851 2460 2918 quod
2496 2849 2584 2905 hic
2607 2849 2943 2904 inscribatur
2973 2865 2987 2900 :
3025 2867 3042 2898 ι
3084 2847 3144 2900 In
3176 2848 3340 2902 finem
3373 2846 3426 2900 in
3459 2861 3585 2901 car—

2002 2941 2242 2996 minibus
2273 2957 2374 3011 pro
2418 2952 2611 2996 octava
2655 2941 2898 3011 psalmus
2948 2940 3153 3006 David;
3189 2959 3207 2992 ›
3261 2939 3586 2994 undecimus

2005 3049 2157 3100 vero,
2197 3052 2216 3085 ι
2260 3034 2317 3089 ln
2353 3036 2515 3089 linem
2542 3049 2641 3104 pro
2670 3043 2864 3088 octava
2893 3034 3133 3104 psalmus
3185 3033 3376 3088 David.
3423 3051 3442 3084 ι
3481 3033 3584 3087 Oc-

297 3117 478 3171 Δαυῖδ.
512 3138 528 3168 ›
568 3118 645 3189 Τῇ
679 3119 736 3171 δὲ
771 3119 950 3192 ὀγδόῃ,
982 3095 1155 3192 οἶμαι,
1191 3095 1607 3194 θύμος-ἐλέγχει
1637 3095 1733 3177 καὶ
1755 3095 1892 3194 ὀργῆ

2007 3137 2124 3182 lava
2151 3137 2356 3194 autem,
2380 3129 2594 3198 opinor,
2628 3125 2780 3181 furor
2813 3126 2994 3197 arguit
3026 3138 3081 3182 et
3119 3127 3197 3181 ira
3231 3127 3478 3196 corripit.

299 3223 567 3260 παιοευει.

370 3300 564 3365 Κύριε,
594 3298 678 3367 μὴ
726 3300 807 3366 τῷ
850 3302 1016 3371 θυμῷ
1046 3320 1163 3356 σου
1208 3305 1464 3375 ἐλέγξῃς
1491 3324 1588 3377 με,
1624 3306 1781 3377 μηδὲ
1816 3305 1894 3376 τῇ

300 3388 448 3457 ι”ργῇ
483 3407 598 3441 σου
631 3392 966 3460 παιδεύσῃς
991 3411 1090 3462 με,
1136 3412 1186 3448 κ.
1221 3413 1273 3448 τ.
1307 3398 1354 3449 ἑ.
1395 3398 1577 3468 Θυμός
1607 3399 1756 3451 ὲστιν
1777 3397 1890 3470 (30)

299 3479 442 3548 ὁρμὴ
477 3479 770 3551 ἐπιθυμίας
797 3483 1003 3553 ἡμέρου
1043 3485 1221 3555 ψυχῆς
1263 3489 1382 3540 κατ’
1418 3486 1610 3559 ἐξοχὴν
1649 3488 1889 3559 ἀμύνης.

301 3571 340 3618 Α
352 3568 462 3634 ἐγει
489 3564 600 3620 οὖν·
635 3570 695 3621 Ei
719 3571 810 3623 καὶ
835 3571 1088 3642 ὀξύτερον
1117 3576 1144 3626 6
1173 3574 1343 3644 θυμὸς
1369 3575 1602 3646 ἐλέγχει,
1630 3578 1724 3630 καὶ
1755 3577 1892 3648 ὀργὴ

300 3658 486 3727 τάχιον
517 3659 781 3724 παιδεύει,
815 3661 925 3728 ἐγὼ
957 3661 1047 3715 διὰ
1086 3663 1186 3734 τὴν
1221 3665 1510 3719 ἀσθένειάν
1555 3684 1656 3738 μου
1698 3668 1892 3739 δέομαι

302 3748 394 3800 τοῦ
421 3748 601 3814 ἐλέους
627 3768 745 3813 σου,
771 3752 838 3805 δι’
865 3752 1032 3822 ἄλλης
1059 3753 1382 3826 ἐλεγχθῆναι
1418 3759 1511 3810 καὶ
1534 3759 1891 3832 παιδευθῆναι

303 3840 596 3911 θεραπείας
629 3843 688 3895 οὐ
727 3841 1045 3914 τηλικοῦτον
1078 3846 1463 3918 προσαγούσης
1486 3849 1576 3903 τὸν
1602 3850 1782 3904 πόνον.

373 4025 565 4078 "Iaca!
582 4043 680 4094 με,
704 4028 898 4095 Κύριε,
920 4027 1010 4081 ὅτι
1033 4029 1330 4100 ἐταράχθη
1357 4033 1428 4086 τὰ
1457 4032 1607 4087 ὀστᾶ
1627 4053 1769 4104 μου,
1794 4037 1891 4090 καὶ

301 4115 338 4173 ’ἡ
372 4115 540 4183 ψυχή
567 4134 686 4185 μου
715 4117 1014 4187 ἐταράχθη
1055 4120 1312 4190 σφόδρα,
1345 4140 1397 4176 κ.
1448 4141 1498 4177 τ.
1534 4127 1580 4178 ὲ.
1615 4126 1892 4183 Νοσοῦντὰ

304 4222 371 4274 με
405 4206 514 4276 (51)
540 4207 640 4278 τὴν
669 4207 847 4279 ψυχὴν
883 4210 1049 4263 ίασαι·
1085 4211 1180 4264 καὶ
1213 4211 1320 4283 γὰρ
1351 4217 1755 4287 τεταραγμέναι
1786 4221 1891 4273 εἰσὶ

298 4296 405 4348 τῶν
439 4296 614 4350 ὀστῶν
663 4299 834 4370 αὐτῆς
865 4303 921 4355 αἱ
957 4303 1250 4384 ἁρμονίαι,
1281 4306 1378 4360 καὶ
1410 4307 1547 4380 αὑτὴ
1593 4309 1650 4363 δὲ
1685 4311 1889 4384 σφόδρα

298 4390 650 4460 τετάρακται.

370 4456 480 4532 κάξ
520 4480 624 4546 σὺ,
660 4481 858 4549 Κύριε,
893 4483 1006 4550 ἕως
1044 4487 1227 4549 πότε;
1261 4504 1316 4541 κ.
1352 4505 1400 4540 τ.
1440 4489 1488 4542 ὲ.
1525 4489 1695 4544 Τοῦτο
1723 4492 1889 4546 ὲλλει-
1923 4456 1966 4512 D

302 4568 508 4634 πτικῶς
537 4571 644 4641 (52)
673 4571 889 4644 εἴρηται
919 4574 1038 4628 ἀντὶ
1071 4576 1187 4641 τοῦ,
1225 4579 1368 4644 Ἕως
1404 4581 1532 4634 πότε
1561 4583 1623 4636 ού
1658 4583 1759 4656 ῥύῃ
1788 4591 1889 4658 τὴν

300 4659 476 4732 ψυχήν
508 4679 631 4732 μου,
661 4663 784 4718 οὐδὲ
817 4665 1010 4730 σώζεις
1045 4685 1110 4738 με
1149 4670 1291 4722 κατά
1326 4670 1418 4724 τὸν
1451 4672 1598 4727 ἔλεόν
1627 4693 1741 4740 σου,
1769 4678 1888 4731 οὐδὲ

303 4751 650 4823 ἐπιστρέφεις
679 4772 746 4825 με
767 4771 782 4822 ;
825 4756 881 4810 Ὀ
901 4757 976 4828 μὴ
1000 4757 1217 4830 Θαρρὦν
1239 4762 1296 4814 δὲ
1323 4763 1415 4816 ἐπὶ
1440 4763 1623 4835 ἔργοις
1651 4768 1890 4840 σωθῆναι

302 4840 434 4912 ἐρεῖ·
478 4862 495 4892 ι
520 4843 700 4897 Σιῦσόν
743 4863 810 4917 με
850 4847 1036 4900 ἕνεκεν
1081 4849 1174 4903 τοῦ
1219 4852 1406 4918 ὲλέους
1438 4873 1553 4909 σου.
1588 4878 1604 4909 ι
1645 4861 1798 4915 Μετὰ
1830 4863 1892 4916 τὸ

302 4933 550 4998 ἀκοῦσαι,
582 4935 662 4988 ὅτι
683 4936 885 5010 Κύριος
909 4939 1096 5007 ἀφεῖλε
1125 4942 1186 4994 τὸ
1214 4943 1518 5016 ἁμάρτημα
1547 4949 1732 5015 αὑτοῦ,
1767 4969 1886 5004 πει-

305 5027 530 5094 ρασμοῖς
571 5027 666 5078 καὶ
712 5027 926 5099 θλίψεσι
975 5031 1220 5086 παλαίων
1257 5037 1286 5088 6
1323 5036 1485 5089 Δαυῖδ
1533 5039 1626 5091 κα)⁸
1668 5042 1887 5112 φαρμά-

304 5131 523 5170 κων.....
551 5117 843 5188 γευόμενος
875 5122 1004 5191 περὶ
1035 5123 1134 5194 τῆς
1157 5123 1265 5177 τῶν
1306 5127 1612 5198 φαρμάκων
1645 5131 1886 5185 ἀπαλλα-

300 5204 401 5274 γῆς
433 5208 743 5278 παρακαλεί
776 5211 866 5263 τὸν
901 5213 1102 5283 ἰατρόν.

372 5391 417 5422 ⁷³
448 5392 550 5446 lsa.
591 5410 686 5453 ιιι.
720 5393 775 5448 6.
853 5396 898 5426 ⁷⁸
931 5395 1100 5450 Exod.
1133 5413 1330 5463 λιικιιι,
1370 5399 1452 5456 l5.
1528 5403 1575 5435 ⁷⁵
1608 5402 1782 5460 Prov.
1814 5419 1889 5474 tv,
1915 5409 1968 5465 9.

302 5482 743 5607 Ba('lﬁ|§‘)r:;uvtdr
767 5487 898 5540 ἐστι
925 5487 1064 5553 τῶν,
1092 5501 1199 5545 etc.
1241 5494 1552 5560 Corderios,
1578 5497 1881 5570 partimque

369 5595 705 5696 Ὓῖπὲρ
739 5625 846 5693 τῆς
871 5627 1106 5696 ὀγδόης,
1147 5641 1253 5686 etc.
1281 5633 1458 5688 Codex
1496 5633 1877 5692 Coislinianus.

300 5693 483 5821 “age:
521 5696 716 5764 θυμός
740 5693 1407 5769 ἐστιν’,οιοξϐοι-ιιοιίιιέ,
1439 5708 1744 5777 partimque
1760 5707 1882 5763 Bar-

2074 3304 2214 3358 Vcns
2253 3304 2310 3360 2.
2331 3305 2572 3366 Domine.
2590 3321 2652 3358 ne
2679 3304 2729 3357 in
2757 3304 3041 3374 furoremo
3067 3321 3265 3374 arguas
3293 3321 3392 3370 me,
3423 3321 3586 3373 neque

2000 3397 2053 3450 in
2087 3397 2169 3449 ira
2199 3407 2290 3450 tua
2327 3398 2587 3464 corripias
2609 3413 2711 3461 me,
2743 3407 2853 3452 etc.
2883 3395 3060 3450 Furor
3085 3407 3166 3451 est
3200 3397 3433 3468 impetus
3448 3413 3586 3453 con-

1999 3488 2347 3557 cupisceutite
2379 3488 2543 3542 animi
2580 3489 2846 3545 mansueti
2875 3504 2970 3559 per
2993 3503 3279 3544 excessum
3311 3489 3580 3544 vindictae.

1999 3577 2092 3630 Ait
2128 3577 2329 3648 igitur:
2361 3577 2472 3633 Etsi
2502 3577 2758 3632 acerbius
2797 3577 2950 3631 furor
2981 3586 3192 3646 arguat,
3222 3587 3277 3633 et
3311 3581 3389 3632 ira
3423 3579 3585 3633 citius

1999 3671 2291 3738 corripiat,
2335 3684 2436 3739 ego
2468 3678 2652 3724 tamen
2708 3677 2929 3739 propter
2977 3669 3350 3725 infirmitatem
3407 3686 3581 3725 meam

1999 3760 2266 3830 deprecor
2301 3761 2734 3817 misericordiam
2774 3773 3016 3820 tuannnt
3070 3763 3175 3816 alia
3221 3765 3448 3817 curandi
3494 3779 3583 3817 ra-

2001 3853 2147 3908 tione
2182 3869 2380 3924 arguar
2406 3865 2462 3910 et
2495 3856 2784 3926 corripiar,
2821 3871 2942 3926 quze
2983 3871 3095 3910 non
3135 3865 3345 3910 tantam
3398 3853 3586 3910 aﬂerat

2001 3949 2332 4002 molestiam.

2072 4039 2234 4098 Vens.
2267 4041 2321 4106 5,
2352 4043 2406 4097 4.
2438 4042 2582 4098 Sana
2605 4061 2704 4110 me,
2732 4045 3240 4114 Domine,quoniam
3268 4043 3582 4096 conturbata

1997 4141 2118 4184 sunt
2147 4147 2268 4185 ossa
2304 4149 2442 4198 mea,
2469 4143 2521 4187 et
2556 4136 2736 4188 anima
2778 4152 2892 4190 mea
2928 4136 3142 4188 turbata
3169 4143 3245 4188 est
3273 4134 3445 4199 ualde,
3475 4143 3579 4189 etc.

1999 4221 2272 4277 Inlirmum
2311 4241 2396 4280 me
2437 4225 2614 4280 anima
2670 4242 2846 4289 sana;
2889 4242 3012 4281 nam
3061 4226 3401 4281 conturbata:
3455 4237 3582 4280 sunt

1997 4329 2194 4371 omnes
2229 4317 2437 4372 ossium
2471 4320 2589 4389 ejus
2623 4321 2996 4391 compagines,
3025 4331 3080 4376 et
3110 4321 3222 4391 ipsa
3254 4321 3467 4376 turbata
3500 4330 3584 4374 est

1999 4407 2180 4462 valde.

2066 4495 2230 4553 Vens.
2260 4498 2315 4553 4.
2363 4499 2470 4556 Sed
2520 4513 2598 4566 la,
2655 4502 2896 4570 Domine,
2953 4504 3260 4575 usquequo?
3298 4513 3405 4558 etc.
3465 4501 3580 4557 l-loe

1994 4603 2091 4659 per
2110 4591 2459 4648 emissionem
2495 4595 2699 4649 dictmu
2741 4606 2824 4650 est
2855 4611 2951 4665 pro
2997 4610 3064 4652 eo
3106 4597 3438 4666 :L'squequo
3473 4610 3578 4649 non

1994 4679 2192 4737 liberas
2225 4683 2462 4739 animam
2493 4702 2691 4751 meam,
2726 4696 2779 4741 et
2814 4702 2920 4741 non
2952 4702 3139 4742 servas
3163 4702 3248 4741 tne
3279 4685 3576 4740 secumlum

1997 4772 2426 4830 misericordiam
2457 4786 2626 4842 tuaut,
2655 4793 2830 4847 neque
2861 4777 3137 4831 convertis
3183 4775 3306 4828 me?
3344 4774 3443 4838 Qui
3480 4791 3578 4826 au-

1998 4873 2104 4919 tem
2149 4881 2255 4923 non
2288 4868 2512 4924 conﬁdit
2549 4869 2600 4922 in
2653 4871 2908 4936 cperibus
2960 4870 3075 4922 suis
3119 4881 3178 4921 se
3232 4865 3576 4929 salvandutn,

1997 4957 2141 5013 dicet
2199 4977 2265 5012 ει
2302 4957 2526 5014 Salvum
2580 4977 2664 5014 me
2720 4959 2803 5014 fac
2862 4969 3087 5028 propter
3140 4957 3575 5012 misericordiam

1998 5058 2166 5104 tuam.
2212 5071 2231 5102 ι
2266 5051 2560 5119 Postquam
2600 5052 2808 5105 audivit
2841 5049 3572 5118 Dominumabstulisscpee-

1995 5150 2175 5193 catum
2224 5141 2362 5208 ejus,
2399 5143 2794 5197 tentationibus
2837 5152 2891 5198 et
2928 5143 3374 5199 tribulationibus
3404 5141 3573 5196 collu-

1993 5241 2146 5288 ctans
2178 5234 2365 5298 David,
2399 5245 2451 5289 et
2488 5238 2743 5290 remediis
2787 5238 3023 5303 gustatis
3055 5239 3254 5292 amaris
3298 5239 3568 5292 medicum

1997 5333 2170 5392 regat,
2205 5333 2267 5379 ut
2295 5325 2564 5394 ejusmodi
2598 5327 2834 5382 remedia
2868 5329 3106 5384 auferat.

1991 5508 2174 5630 mg?
2208 5509 2524 5565 [νοσοῦντά
2546 5529 2644 5581 με.
2677 5524 2780 5568 etc.
2813 5514 2992 5570 Codex
3023 5513 3404 5575 Coisliuianus,
3438 5513 3568 5567 Bar-

2029 5595 2054 5627 ἒι
2065 5595 2172 5632 1⁸118.

2063 5648 2175 5722 (52)
2207 5650 2384 5706 Τοῦτο
2408 5651 2820 5722 ἐλλειπτικῶς,
2843 5664 2950 5711 etc.
2975 5656 3154 5712 Codex
3183 5654 3571 5722 (Zoisliuianus,

1993 5717 2290 5788 Barbarus,
2325 5726 2630 5796 partimqu
2659 5717 2970 5783 Corderius.
