3942 6216
434 291 571 349 H75

505 408 666 463 Vens.
709 408 764 462 5.
806 406 1136 473 Convertere,
1191 408 1432 473 Domine,
1474 421 1520 463 et
1573 411 1713 480 eripe
1769 414 1997 463 animum
2029 413 2076 467 A

428 514 635 562 meum;
668 498 868 552 salvum
914 516 994 553 me
1036 504 1123 567 fac
1152 512 1363 569 propter
1389 502 1809 556 misericordiam
1832 514 2002 568 tuam,

427 603 535 645 etc.
570 592 683 645 Duo
721 592 806 645 hic
834 594 1005 661 ponit,
1042 593 1133 647 Dei
1170 594 1613 659 conversionem,
1642 604 1701 649 et
1725 596 2006 651 liberatio-

428 698 549 736 nem
580 682 776 737 anima:
804 698 935 737 suae.
973 685 1084 740 Hoc
1115 688 1260 739 enim
1297 686 1463 755 justis
1492 689 1731 744 maxime
1754 700 1877 745 erat
1904 705 2003 745 ex-

427 775 740 842 petendum.
790 794 806 825 ι
845 776 1199 842 Convertere,
1244 798 1261 830 ι
1291 780 1449 849 quasi
1489 780 1657 845 dicat,
1688 782 1833 838 lnter
1874 797 2003 851 pro-

425 866 541 932 pria
583 881 803 936 repone.
848 852 965 924 Sed
1005 879 1059 924 et
1108 871 1275 927 libera
1312 890 1431 929 eam
1481 876 1624 931 inter
1658 876 1844 931 hostes
1884 892 2004 929 ver-

427 968 665 1013 santem.
710 960 952 1017 Aversus
984 978 1045 1019 es
1073 977 1300 1035 propter
1329 979 1548 1036 peccata
1594 985 1737 1033 mea,
1774 985 2003 1023 conver-

429 1062 544 1105 tere
576 1060 808 1118 propter
858 1054 1253 1123 benignitatem
1298 1067 1468 1123 tuam,
1501 1070 1555 1115 ct
1600 1064 1667 1114 ad
1700 1064 2004 1132 cerreptio-

431 1158 555 1197 nem
593 1146 780 1199 tradas
808 1161 892 1200 me
928 1148 1339 1206 tentationibus.

503 1233 663 1289 Vens.
704 1236 757 1292 ϐ.
819 1237 1083 1302 Quoniam
1117 1258 1220 1295 non
1269 1254 1344 1296 est
1384 1246 1437 1297 in
1480 1255 1647 1300 morte
1676 1247 1766 1313 qui
1805 1262 2002 1299 memor

422 1328 489 1379 sit
546 1328 654 1392 tui,
716 1327 883 1399 579
942 1332 996 1384 in
1045 1332 1254 1401 inferno
1298 1345 1470 1389 autem
1516 1339 1631 1406 quis
1671 1338 2001 1405 conﬁtebitur

423 1419 555 1472 tibi?
604 1429 713 1474 etc.
762 1421 863 1488 Qui
923 1425 1235 1480 meminerit
1289 1426 1381 1481 Dei
1434 1429 1663 1485 dicentis
1700 1430 1788 1485 7‘:
1825 1449 1842 1482 ι
1889 1430 2001 1501 Ego

422 1525 540 1563 sum
566 1511 699 1576 vita,
734 1531 751 1563 ι
781 1514 825 1567 is
851 1530 955 1569 non
989 1526 1071 1571 est
1102 1518 1154 1571 in
1187 1529 1381 1573 morte.
1440 1520 1494 1573 In
1532 1532 1705 1576 morte
1751 1538 1870 1592 quae
1918 1534 2001 1577 est

421 1601 643 1658 ultimus
678 1604 766 1659 Dei
804 1608 995 1672 hostis,
1031 1610 1178 1664 nulla
1228 1608 1303 1665 tui
1356 1615 1619 1668 memoria
1674 1615 1865 1670 haberi
1900 1631 1996 1679 po-

422 1703 547 1748 test.
579 1694 784 1751 ldcirco
812 1698 981 1754 libera
1009 1716 1094 1755 me
1124 1703 1193 1758 ab
1218 1704 1332 1771 illa,
1360 1714 1419 1759 ut
1446 1707 1641 1760 iterum
1678 1707 1753 1761 tui
1786 1722 1999 1762 memor

419 1787 544 1842 sim.
572 1788 865 1859 Propterea
894 1801 949 1847 et
990 1794 1081 1863 qui
1139 1805 1268 1850 ante
1307 1807 1539 1852 mortem
1594 1808 1842 1868 peccant,
1880 1816 1987 1853 non

418 1889 542 1932 sunt
587 1895 854 1937 memores
884 1883 996 1939 Dei.
1024 1886 1131 1939 Aut
1173 1887 1224 1940 in
1260 1886 1473 1943 inferno
1499 1890 1677 1945 nullus
1715 1892 1999 1947 conﬁtebi-

416 1978 530 2034 tur,
573 1980 667 2023 aut
704 1972 856 2026 valde
888 1975 1063 2041 pauci.
1097 1974 1211 2031 lloc
1242 1977 1386 2030 enim
1421 1996 1484 2033 ex
1527 1995 1591 2033 eo
1635 1982 1899 2045 declarat,
1945 1995 1998 2037 et

416 2053 654 2118 ftirtasse
677 2063 746 2121 oh
789 2066 916 2119 illud
954 2067 998 2097 "
1041 2085 1055 2121 :
1106 2084 1123 2119 ι
1167 2070 1359 2127 Veniat
1412 2089 1561 2128 mors
1594 2090 1757 2143 super
1782 2076 1919 2142 illos,
1944 2088 1998 2132 et

414 2153 748 2210 descendant
773 2158 823 2209 in
855 2157 1124 2213 infernum
1150 2164 1419 2219 viventes.
1464 2186 1481 2218 ι
1516 2167 1615 2233 Qui
1656 2171 1901 2224 viventes
1940 2173 1993 2224 in

413 2242 690 2299 infernum
758 2248 1134 2316 descendunt,
1189 2254 1281 2308 Dei
1358 2259 1673 2314 meminisse
1729 2274 1991 2329 possunt,

411 2334 624 2404 ipsique
653 2338 925 2405 conﬁteri,
955 2342 1153 2412 quippe
1176 2346 1269 2414 qui
1297 2362 1401 2400 non
1431 2349 1539 2403 sint
1569 2351 1622 2403 in
1652 2362 1848 2406 morte.

482 2495 643 2551 Vens.
671 2499 723 2552 7.
751 2499 1012 2557 Laboravi
1040 2506 1092 2559 in
1114 2509 1307 2575 gemitu
1345 2526 1481 2575 meo,
1521 2521 1626 2566 etc.
1667 2514 1851 2569 Talem
1901 2531 1991 2585 ge-

408 2585 598 2639 mitum
632 2587 724 2644 lilii
752 2590 916 2646 Israel
940 2593 1165 2649 edentes
1199 2597 1251 2649 in
1283 2596 1538 2669 Egypto,
1564 2602 1804 2656 exauditi
1839 2614 1985 2662 sunt.

407 2678 548 2745 Quin
596 2690 650 2732 et
701 2680 898 2737 Paulus
936 2687 1126 2740 eodem
1182 2690 1343 2745 modo
1404 2690 1552 2759 fecit,
1594 2710 1716 2749 cum
1767 2696 1847 2750 ait
1892 2698 1980 2749 τηε

410 2788 433 2821 ι
479 2768 583 2835 Qui
628 2787 817 2827 snnms
863 2776 913 2829 in
950 2777 1053 2831 hoc
1084 2779 1459 2847 tabernaculo,
1492 2784 1920 2853 ingemiscimus.
1962 2811 1979 2841 ι

407 2859 537 2917 Tale
572 2875 625 2917 et
651 2864 778 2918 illud
810 2866 855 2897 7’
890 2886 901 2920 :
941 2887 957 2918 ι
988 2868 1289 2940 Rugieham
1320 2890 1347 2927 a
1369 2877 1571 2944 gemitu
1598 2881 1781 2935 cordis
1805 2883 1929 2936 mei.
1963 2902 1980 2935 ι

404 2950 589 3020 Neque
612 2955 753 3009 satis
784 2966 866 3011 est
892 2972 1129 3028 gemere,
1176 2962 1268 3016 sed
1320 2976 1535 3033 oportet
1582 2971 1986 3038 quodammodo

402 3045 676 3100 laborare.
699 3045 931 3104 Pulchre
968 3062 1149 3107 autem
1180 3055 1247 3109 ad
1292 3058 1624 3114 suadendum
1673 3065 1981 3122 castitatem

403 3144 618 3190 utemur
654 3138 736 3191 his
769 3140 949 3195 verbis
984 3161 996 3196 :
1039 3162 1057 3194 ι
1100 3144 1319 3201 Lavnho
1366 3165 1460 3217 per
1507 3152 1747 3221 singulas
1796 3166 1983 3213 noctes

401 3221 599 3277 lectum
633 3240 836 3291 meum,
877 3248 895 3279 ι
923 3244 1230 3288 asserentes
1261 3237 1328 3290 ab
1376 3238 1438 3292 iis
1490 3240 1618 3296 solis
1644 3245 1734 3313 qui
1774 3262 1801 3299 a
1837 3263 1987 3301 com-

400 3317 655 3371 mistione
686 3330 813 3373 sunt
838 3324 1048 3389 mundi,
1083 3337 1231 3383 recte
1260 3329 1362 3384 dici
1392 3346 1406 3383 :
1434 3350 1452 3381 ι
1494 3331 1711 3391 Lavabo
1743 3355 1841 3408 per
1870 3342 1981 3396 sin-

398 3408 552 3476 gulas
586 3421 773 3466 noctes
801 3412 996 3468 lectum
1030 3433 1227 3473 meum.
1274 3442 1292 3473 ι
1337 3421 1399 3477 lli
1434 3434 1617 3481 autem
1658 3432 1821 3486 etiam
1856 3451 1985 3489 ora-

399 3500 530 3556 tioni
554 3514 829 3570 vacantes,
865 3508 934 3562 oh
957 3524 1020 3563 ea
1045 3527 1161 3580 qua:
1184 3515 1314 3569 olim
1342 3534 1724 3590 peccaverunt,
1752 3535 1980 3581 stratum

396 3608 553 3646 suum
595 3594 851 3667 lacrymis
912 3600 1110 3671 rigant.
1166 3605 1289 3663 Ideo
1345 3610 1480 3666 dixit
1514 3614 1558 3645 ⁸ο
1594 3636 1605 3669 ;
1643 3634 1659 3666 ι
1695 3615 1844 3670 Beati
1888 3622 1981 3688 qui

399 3700 543 3740 nunc
573 3685 729 3742 ﬂetis.
774 3710 791 3741 ι

472 3778 634 3837 Vens.
668 3781 721 3837 8.
770 3782 1038 3843 Turbatus
1072 3802 1145 3844 est
1183 3810 1214 3846 α
1248 3794 1429 3856 furore
1464 3800 1645 3854 oculus
1674 3819 1817 3857 meus
1850 3821 1869 3857 :
1895 3804 1982 3859 in-

398 3872 619 3925 veteravi
648 3873 785 3927 inter
810 3893 987 3933 omnes
1013 3881 1252 3937 inimicos
1284 3903 1447 3951 meos,
1489 3899 1597 3949 etc.
1647 3891 1792 3949 Nihil
1824 3911 1979 3967 aeque

396 3971 635 4017 mentem
664 3965 1007 4033 obtenebrat,
1029 3985 1091 4024 ac
1112 3972 1328 4028 animus
1352 3980 1720 4045 perturbatus.
1749 3965 1975 4053 Propter

395 4050 540 4107 hanc
566 4055 708 4111 oculi
742 4060 1225 4126 perturbationem,
1260 4064 1402 4120 haud
1440 4081 1578 4135 pure
1610 4072 1706 4125 sed
1749 4050 1976 4137 conluse

391 4144 569 4199 cernit
620 4146 666 4200 is
711 4148 801 4215 qui
850 4147 1114 4217 Spiritalia
1171 4151 1367 4207 intueri
1421 4158 1654 4213 videtur.
1704 4161 1971 4217 Caeterum

391 4232 557 4299 istud,
593 4252 615 4288 ι
650 4236 969 4305 inveteravi,
1006 4258 1025 4291 ι
1062 4241 1201 4296 idem
1234 4253 1315 4298 est
1356 4260 1420 4301 ac
1451 4250 1499 4302 si
1542 4249 1684 4305 dicat
1723 4274 1733 4307 :
1780 4253 1974 4311 Senior

388 4335 444 4379 et
471 4327 759 4384 multorum
794 4346 1057 4387 annorum
1092 4332 1270 4391 factus
1301 4353 1446 4401 sum,
1487 4344 1611 4396 dum
1656 4343 1799 4397 inter
1826 4349 1972 4414 ipsos

2011 3104 2053 3160 C

1846 287 1933 343 EX
1978 286 2281 342 ORIGENE

3569 284 3731 339 “76

2187 407 2609 476 Ἐπίστρεψον,
2668 409 2867 474 Κύριε,
2915 407 3103 474 ῥῦσαι
3146 404 3258 474 τὴν
3304 405 3529 473 ψυχήν
3568 420 3725 472 μοιν

2108 497 2317 553 σῶσόν
2341 516 2418 567 με
2444 498 2651 551 ἕνεκεν
2686 497 2793 550 τοῦ
2829 496 3040 561 ἑνιέους
3071 512 3207 557 σου,
3236 512 3291 547 κ.
3322 512 3376 548 τ.
3411 496 3459 545 ἐ.
3491 493 3606 545 Δύο
3632 494 3738 545 τί-

2109 588 2266 659 θησιν
2297 589 2555 650 ἐνταῦθα,
2580 589 2690 656 (55)
2725 586 3144 658 τὸὲπιστρέψαι,
3180 586 3273 639 καὶ
3305 585 3592 652 ῥύσασθαι
3614 590 3736 637 τὴν

2106 680 2280 751 ψυχὴν
2309 680 2493 735 αὐτοῦ.
2531 680 2602 732 Τὸ
2634 679 2743 748 γὰρ
2771 678 3004 749 μάλιστα
3024 681 3132 741 τοῖς
3164 677 3398 740 δικαίοις
3428 673 3501 747 ἦν
3550 694 3737 747 περε-

2110 771 2459 824 σπούδαστον.
2487 791 2503 820 ι
2530 770 2907 840 Ἐπίστρεψον,
2935 788 2953 819 ι
2989 764 3118 830 οἷον,
3142 767 3233 831 Et;
3258 770 3358 839 τὴν
3386 768 3743 837 οἰκειότητα.

2106 860 2575 929 ἀποκατάστησον.
2612 858 2771 912 Ἀλλὰ
2801 858 2893 910 καί
2923 856 3084 926 ῥῦσαι
3126 859 3183 910 ὲν
3215 857 3503 927 πολεμίοις
3538 857 3739 927 αὑτὴ-τ

2104 951 2288 1008 οὖσαν.
2331 952 2712 1023 Ἀπεστράφης
2732 952 2819 1005 διὰ
2845 952 2946 1014 τὰς
2976 950 3246 1021 ἁμαρτίας
3285 967 3413 1020 μου,
3442 951 3737 1021 ἐπίστρε-

2104 1046 2204 1115 eo.
2239 1044 2326 1098 διά
2359 1044 2457 1115 τὴν
2500 1044 2910 1115 φιλανθρωπίαν
2942 1060 3057 1107 σου,
3108 1044 3205 1129 καὶ
3235 1042 3376 1113 πρὸς
3413 1043 3739 1095 παίδευσιν

2105 1137 2286 1199 ἐνδούς
2322 1154 2388 1207 με
2413 1140 2523 1199 τοῖς
2560 1138 2901 1206 πειρασμοῖς.

2177 1228 2303 1280 ’Ότι
2342 1229 2453 1281 οὐκ
2506 1226 2679 1279 ἐστιν
2714 1227 2785 1279 ἐν
2832 1225 2910 1291 τῷ
2957 1224 3191 1291 θανάτῳ
3230 1228 3263 1277 ό
3292 1225 3737 1293 μνημονεύων

2104 1335 2242 1382 σου,
2260 1319 2329 1371 ἐν
2355 1318 2423 1371 δὲ
2445 1317 2526 1383 τῷ
2546 1317 2658 1385 ᾅδῃ
2689 1318 2782 1381 τίς
2813 1316 3323 1385 ἐξομολογήσεταί
3338 1332 3445 1368 σοι
3466 1332 3483 1377 ;
3505 1333 3570 1367 κ.
3593 1332 3648 1366 τ.
3674 1317 3731 1366 ἑ.

2116 1412 2172 1464 'O
2202 1409 2553 1481 μνημονεύων
2581 1410 2691 1479 (54)
2725 1409 2859 1461 Θεοῦ
2889 1408 2981 1461 τοῦ
3013 1409 3279 1476 λέγοντος·
3306 1425 3324 1457 ι
3349 1406 3501 1474 Ἐγώ
3530 1410 3663 1475 εἰμι
3686 1410 3728 1474 ἡ

2105 1503 2240 1572 ζωὴ,
2269 1522 2287 1554 ι
2312 1502 2412 1555 οὐκ
2440 1502 2590 1554 ἔστιν
2626 1504 2682 1553 ἐν
2709 1500 2786 1571 τῷ
2812 1501 3043 1570 Θανάτῳ.
3066 1501 3191 1553 Οὐκ
3223 1499 3367 1551 ἔστιν
3399 1500 3463 1551 ὲν
3497 1499 3593 1567 τῷ
3630 1499 3735 1550 0:-

2104 1594 2248 1663 νάτῳ
2275 1592 2351 1663 τῷ
2379 1594 2592 1663 ἐσχάτῳ
2624 1591 2800 1663 ἐχθρῴ
2834 1591 2969 1644 Θεοῦ
3012 1592 3331 1661 τυγχάνοντι
3381 1590 3733 1660 μεμνῆσθαί

2107 1704 2200 1739 σου
2222 1704 2233 1716 ·
2263 1686 2342 1739 διὸ
2377 1686 2537 1757 ῥῦσαί
2580 1703 2646 1756 με
2688 1687 2783 1739 ἀπ’
2814 1684 2999 1749 αὑτοῦ,
3028 1684 3124 1737 ἵνα
3164 1682 3325 1736 πάλιν
3360 1684 3733 1752 μνημονεύω

2031 1762 2073 1815 Β
2105 1796 2219 1831 σου.
2252 1778 2350 1833 Διὰ
2377 1778 2535 1831 τοῦτο
2574 1778 2629 1831 δὲ
2668 1778 2761 1831 καὶ
2790 1779 2838 1830 οἱ
2876 1776 2978 1848 πρὸ
3012 1776 3244 1829 θανάτου
3276 1776 3731 1846 ἁμαρτάνοντες

2100 1870 2161 1922 οὐ
2196 1870 2499 1940 μέμνηνται
2542 1870 2634 1921 τοῦ
2681 1868 2837 1923 Θεοῦ.
2872 1868 3029 1921 Ἤτοι
3063 1869 3121 1920 ὲν
3156 1867 3258 1939 ᾄδῃ
3291 1867 3477 1930 οὐδεὶς
3513 1868 3735 1937 ἐξομο-

2100 1959 2413 2029 λογήσεται,
2469 1958 2501 2029 ἣ
2541 1959 2682 2011 πάνυ
2728 1957 2915 2025 ὀλίγοι·
2947 1957 3107 2009 τοῦτο
3145 1959 3253 2028 γάρ
3290 1958 3567 2026 ἐμφαίνει
3606 1958 3735 2009 ἀπο

2099 2054 2323 2124 ταύτης,
2372 2052 2467 2105 καὶ⁴
2518 2054 2727 2122 μήποτε
2769 2053 2857 2106 διά
2905 2052 2999 2105 τό·
3048 2070 3064 2101 ι
3101 2050 3329 2103 Ἐλθέ-ιω
3359 2050 3427 2120 δὴ
3467 2049 3733 2113 eaea-.5,-

2100 2149 2186 2199 ἐπ’
2218 2148 2433 2209 αὐτοὺς,
2468 2146 2563 2201 καὶ
2598 2146 2994 2217 καταϐήτωσαν
3031 2147 3111 2207 είς
3143 2144 3269 2215 ᾅδου
3304 2142 3545 2208 ζῶντες.
3586 2165 3606 2192 ι
3662 2146 3728 2196 υἱ

2098 2236 2298 2301 ζῶντες
2331 2240 2409 2300 εἰς
2442 2237 2567 2308 ᾇδου
2608 2236 3026 2299 καταϐαίνοντες
3084 2232 3394 2305 μεμνῆσθαι
3438 2233 3724 2285 δύνανται

2097 2329 2188 2382 τοῦ
2224 2329 2360 2382 Θεοῦ
2396 2329 2470 2392 ὡς
2499 2329 2600 2381 οὐκ
2643 2328 2795 2390 ὄντες
2828 2330 2883 2381 ὲν
2913 2328 2990 2398 τῷ
3038 2326 3271 2396 θανάτῳ,
3302 2327 3399 2379 καὶ
3436 2326 3725 2396 ἐξομολο-

2096 2422 2309 2489 γεῖσθαι
2341 2421 2510 2492 αὐτῷ.

2177 2516 2500 2568 Ἐκοπίασα
2527 2515 2597 2568 ἐν
2627 2513 2706 2580 τῷ
2739 2513 3053 2583 στεναγμῷ
3068 2532 3208 2583 μου,
3240 2530 3292 2566 κ.
3320 2529 3373 2565 τ.
3409 2514 3463 2565 ὲ.
3505 2512 3719 2565 Τοιοῦ-

2093 2624 2182 2659 τον
2217 2606 2520 2676 στεναγμὸν
2560 2606 2672 2675 (55)
2720 2607 2768 2658 οἱ
2819 2606 2927 2657 υἱοὶ
2981 2605 3197 2677 Ἰσραὴλ
3226 2604 3603 2669 στενάξαντες
3653 2609 3717 2658 ἐν

2092 2697 2371 2767 Αἰγύπτῳ,
2402 2695 2855 2767 εἰσηκούσθησαν.
2889 2696 2999 2749 Καὶ
3033 2696 3241 2758 Παῦλος
3264 2695 3318 2747 δὲ
3347 2694 3557 2763 λέγων’
3592 2716 3612 2747 ι
3642 2699 3714 2750 Oi

2089 2789 2240 2852 ὄντες
2282 2792 2340 2842 ὲν
2382 2788 2458 2860 τῷ
2504 2790 2692 2860 σκήνει
2740 2788 3089 2860 στενάζομεν,
3116 2806 3133 2840 ι
3185 2788 3245 2840 τὸ
3289 2788 3482 2858 ὅμοιον
3524 2794 3707 2843 ποιεῖ.

2090 2881 2342 2936 Τοιοῦτόν
2372 2886 2486 2936 ἐστι
2518 2883 2612 2936 καὶ
2642 2882 2720 2943 τὸ,
2764 2902 2781 2933 ι
2822 2882 3087 2953 Ὠρυόμην
3116 2880 3222 2935 ἀπὸ
3248 2882 3573 2951 στεναγμοῦ
3601 2884 3711 2953 τῆς

2088 2975 2317 3046 καρδίας
2371 2993 2493 3046 μου.
2527 2994 2543 3026 ι
2582 2974 2687 3028 Καὶ
2726 2976 2828 3028 οὐκ
2872 2975 3033 3046 ἀρκεῖ
3072 2973 3345 3037 στενάξαι.
3388 2974 3516 3027 ἀλλ’
3554 2975 3706 3027 ὥστε

2089 3067 2346 3121 κοπιάσαι
2388 3068 2490 3122 δεῖ.
2528 3069 2843 3139 Χαριέντως
2893 3067 2950 3120 δὲ
2988 3070 3067 3131 εἰς
3112 3066 3425 3138 προτροπὴν
3461 3069 3705 3135 ἁγνείας

2093 3160 2408 3231 χρησόμεθα
2449 3160 2526 3231 τῷ
2572 3161 2714 3231 λόγῳ
2760 3159 2953 3229 τούτῳο
3002 3178 3019 3210 ι
3044 3158 3234 3212 Λοῦσω
3277 3159 3399 3211 καθ’
3437 3161 3700 3230 ἑκάστην

2091 3252 2258 3304 νύκτα
2295 3252 2394 3322 τὴν
2428 3252 2615 3323 κλίνην
2663 3270 2785 3323 μου,
2811 3272 2828 3304 ι
2865 3252 2970 3305 ὑπὸ
3013 3251 3189 3322 μόνων
3223 3250 3331 3303 τῶν
3376 3252 3466 3304 ἀεὶ
3518 3254 3705 3306 καθα-

2092 3344 2354 3413 ρευόντων
2389 3345 2497 3397 ἀπὸ
2530 3344 2731 3415 μίξεως
2776 3345 3073 3414 φάσκοντες
3108 3343 3283 3406 καλῶς
3311 3342 3583 3411 λέγεσθαι
3610 3345 3699 3410 τὸ,

2094 3455 2110 3484 ι
2135 3434 2322 3488 Λοῦσω
2350 3435 2470 3489 καθ’
2499 3438 2735 3507 ἑκάστην
2768 3436 2937 3489 νύκτα
2972 3436 3070 3507 τὴν
3098 3436 3284 3506 κλίνην
3318 3452 3443 3505 μοψ
3479 3456 3500 3487 ι
3540 3432 3696 3491 οῦτοι

2085 3526 2161 3589 δὲ,
2192 3528 2284 3580 καὶ
2312 3528 2660 3597 σχολάζοντες
2687 3530 2753 3599 τῇ
2785 3530 3083 3598 προσευχῇ,
3107 3529 3163 3579 ὲν
3190 3527 3422 3598 δάκρυσι
3453 3525 3698 3598 βρέχουο

2086 3632 2167 3667 σιν
2200 3616 2408 3669 ἑαυτῶν
2447 3618 2540 3669 ἐπὶ
2574 3620 2684 3681 τοῖς
2719 3618 3129 3689 ἡμαρτημένοις
3167 3617 3335 3671 πάλαι
3363 3616 3463 3688 τὴν
3498 3634 3693 3690 στρωο

2083 3707 2241 3776 μνήν.
2272 3706 2369 3761 Διὰ
2404 3706 2561 3759 τοῦτο
2584 3701 2725 3758 εἴπεο
2767 3726 2783 3756 ‹
2811 3706 3085 3775 Μακάριοι
3114 3708 3161 3759 οἱ
3191 3706 3470 3769 κλαίοντες
3506 3707 3635 3761 νῦν.
3664 3728 3685 3761 ι

2165 3796 2492 3867 Ἐταράχθη
2552 3796 2671 3851 ἀπὸ
2718 3795 2909 3865 θυμοῦ
2942 3800 2974 3849 ὀ
3006 3797 3311 3865 ὀφθαλμός
3341 3815 3484 3865 μου,
3529 3799 3688 3851 ἐπα-

2079 3886 2342 3954 λαιώθην
2366 3890 2435 3940 ἐν
2467 3887 2618 3943 πᾶσι
2653 3888 2777 3954 τοῖς
2804 3887 3040 3956 ἐχθροῖς
3067 3906 3209 3956 μου,
3251 3905 3306 3941 κ.
3342 3905 3390 3941 τ.
3424 3890 3471 3940 ὲ.
3497 3890 3682 3943 Οὐδὲν

2080 3978 2221 4031 οὕτω
2238 3978 2345 4050 (56)
2362 3978 2550 4049 τυφλοί
2565 3979 2688 4033 νοῦν
2704 3978 2778 4043 ὡς
2798 3979 2964 4051 θυμὸς
2983 3981 3404 4052 ταρασσόμενος.
3420 3982 3521 4035 Διὰ
3544 3985 3685 4036 ταξ-

2078 4088 2176 4142 την
2215 4072 2313 4143 τὴν
2353 4071 2445 4125 τοῦ
2487 4071 2765 4142 ὀφθαλμοῦ
2807 4073 3047 4143 ταραχὴν
3093 4073 3155 4125 οὐ
3207 4072 3488 4144 καθαρῶς,
3525 4076 3674 4131 ἀλλὰ

2079 4165 2499 4235 συγκεχυμένως
2528 4166 2632 4236 ὁρᾷ
2660 4166 2753 4219 καὶ
2780 4167 2810 4219 ὁ
2837 4164 3053 4236 βλέπειν
3086 4166 3156 4218 τά
3189 4167 3354 4237 νοητὰ
3377 4167 3577 4220 δοκῶν.
3605 4172 3679 4222 Τὸ

2074 4255 2151 4321 δὲ,
2178 4276 2195 4308 ι
2216 4255 2584 4327 έπαλαιώθην,
2602 4250 3002 4321 »οἷον,Παλαιὸς
3024 4259 3117 4312 καὶ
3133 4258 3487 4330 πολυχρόνιος
3510 4262 3680 4329 γέγο-

2079 4364 2163 4409 να,
2192 4350 2249 4400 ὲν
2276 4348 2458 4411 αὐτοῖς
2487 4348 2778 4420 διατρίϐων
2818 4350 2875 4403 ὲν
2903 4349 2981 4420 τῷ
3028 4349 3127 4420 βίῳ
3166 4352 3298 4404 ὅπου
3327 4350 3551 4419 stetit-ﬁ,
3572 4353 3677 4406 Τὸν

389 4432 755 4475 commoratus
783 4438 901 4478 sum
938 4425 990 4479 in
1024 4426 1123 4481 hac
1152 4429 1258 4484 vita
1298 4432 1384 4486 ubi
1418 4438 1713 4491 exsistunt.
1749 4436 1844 4494 Vel
1866 4459 1878 4493 :
1900 4442 1971 4493 ln-

2103 4441 2308 4495 ταλαιὸν
2342 4443 2473 4513 παρ’
2528 4443 2713 4505 αὐτοῖς
2762 4443 3023 4497 ἀνέλαϐον
3069 4444 3355 4516 ἄνθρωπον
3400 4447 3498 4499 σὺν
3547 4452 3680 4513 ταῖς

391 4522 473 4565 ter
512 4526 607 4568 eos
634 4526 869 4571 veterem
925 4535 1047 4576 cum
1103 4524 1318 4579 actibus
1370 4526 1487 4594 ejus
1551 4530 1825 4586 hominem
1876 4549 1968 4588 as-

387 4607 612 4674 sumpsi,
649 4625 667 4658 c
707 4609 796 4677 qui
845 4616 1212 4684 corrumpitur
1236 4620 1531 4673 secundum
1570 4621 1837 4677 desideria
1882 4642 1969 4678 er-

388 4698 528 4753 roris
559 4700 627 4753 ⁸¹.
656 4715 675 4746 ι

458 4785 622 4846 Vens.
665 4790 714 4846 9.
752 4792 1015 4849 Discedite
1048 4814 1078 4849 a
1108 4814 1391 4856 me,omnes
1417 4803 1505 4871 qui
1537 4805 1827 4869 operamini
1859 4807 1967 4860 ini-

384 4880 660 4948 quitatem,
703 4895 807 4941 etc.
858 4889 1134 4944 Dazmones
1187 4907 1401 4961 semper
1441 4895 1779 4963 iniquitatem
1838 4914 1965 4968 ope.

387 4983 601 5039 rantur;
639 4977 885 5035 homines
938 4998 1043 5034 non
1069 4997 1317 5052 semper;
1353 4988 1527 5056 angeli
1558 5004 1852 5057 nunquam.

457 5152 619 5211 Vens.
653 5160 705 5221 9,
744 5158 828 5212 10.
872 5161 1137 5226 Quoniam
1186 5168 1449 5223 exaudivit
1489 5169 1743 5225 Dominus
1784 5190 1956 5229 vocem

2079 4532 2342 4602 πράξεσιν
2381 4531 2569 4596 αὑτοῦ,
2606 4550 2624 4583 ι
2661 4533 2751 4587 τὸν
2778 4534 3135 4605 ,φθειρόμενον
3169 4536 3312 4589 κατά
3352 4537 3449 4600 τὰς
3479 4539 3678 4591 ἐπιθυ-

2079 4625 2207 4695 μίας
2236 4625 2333 4696 τῆς
2368 4624 2603 4695 ἀπάτης.
2631 4644 2649 4675 ι

2154 4809 2473 4875 Ἀπόστητε
2506 4808 2789 4877 ἀπ’ἑμοῡ,
2815 4807 3037 4874 πάντες
3068 4812 3122 4862 οἱ
3153 4806 3523 4877 ἐρῃιζόμενοι
3549 4808 3677 4875 τὴν

2072 4900 2347 4968 ἀνομίαν,
2381 4917 2435 4953 κ.
2466 4918 2522 4954 ιτ.
2564 4902 2611 4952 ὲ.
2653 4899 2932 4969 Δαιμόνων
2974 4900 3034 4952 τὸ
3069 4901 3180 4971 (57)
3210 4902 3299 4955 διὰ
3333 4902 3533 4965 παντὸς
3560 4905 3672 4975 τὴν

2070 4991 2298 5062 ἀνομίαν
2343 4990 2688 5063 ἐργάζεσθαι*
2732 4990 3033 5063 ἀνθρώπων
3083 4993 3144 5045 τὸ
3192 4993 3266 5065 μὴ
3307 4994 3393 5047 διὰ
3438 4996 3666 5058 παντες-

2071 5084 2317 5152 άγγέλων
2349 5084 2409 5137 τὸ
2446 5083 2736 5155 μηδέποτε.

2144 5178 2270 5230 Ὅτι
2286 5176 2612 5242 εὶσήκουσε
2635 5177 2850 5244 Κύριος
2867 5174 2975 5245 τῆς
2997 5176 3203 5245 φωνῆς
3224 5178 3332 5232 τοῦ
3348 5178 3663 5247 κλαυθμοῦ

454 5293 501 5327 ⁷⁸
525 5297 681 5353 Joan.
716 5316 828 5367 xw,
862 5302 915 5357 6.
994 5305 1037 5335 ⁷⁷
1069 5304 1212 5361 Psal.
1239 5324 1348 5376 Liv,
1372 5309 1471 5363 <16.
1547 5312 1592 5343 ⁷⁵
1620 5312 1806 5368 llCor.
1840 5316 1969 5381 v,4.

2122 5318 2263 5374 Psal.
2293 5333 2500 5383 xxxvn,
2542 5316 2595 5372 9.
2672 5317 2718 5348 ⁸⁰
2748 5316 2879 5372 Luc.
2905 5317 3089 5386 mil.
3164 5317 3209 5349 ⁸¹
3234 5317 3433 5387 Ephes.
3466 5334 3539 5380 tv,

454 5434 565 5510 (55)
597 5437 711 5491 Δύο
744 5440 983 5507 τίθησιν
1010 5442 1302 5510 ἐνταῦθα,
1333 5458 1437 5503 etc.
1483 5449 1707 5506 Schedze
1751 5450 1967 5508 Ernesti

382 5506 593 5579 Gra_h_ii,
614 5506 937 5579 ipartintqrue
967 5512 1280 5569 Corderius.

454 5575 567 5646 (54)
611 5578 671 5629 '0
696 5575 1109 5650 μνημονεύων,
1143 5597 1247 5641 etc.
1275 5586 1503 5645 Scheda:
1527 5589 1735 5657 Grahii,
1763 5591 1966 5648 Barba-

380 5661 567 5789 ω(55)
609 5720 881 5777 Τοιοῦτον
910 5728 1267 5797 στεναγμόν,
1307 5739 1410 5784 ctc.
1450 5729 1759 5795 CUl’dL‘llllS,
1792 5735 1961 5792 codex

2076 5452 2460 5512 Coislinianus.
2496 5453 2789 5508 Barbarus.

2147 5523 2257 5594 (56)
2288 5523 2479 5577 Οὐδὲν
2510 5524 2681 5590 οὕτω,
2706 5535 2812 5579 etc.
2846 5523 3157 5589 Corderius,
3182 5524 3349 5579 codex
3372 5523 3661 5579 Coislinia-

2076 5610 2199 5652 ltus.
2227 5595 2520 5649 Barbarus.

2147 5664 2260 5733 (37)
2296 5666 2599 5735 Δαιμόνιον
2618 5665 2706 5732 τό,
2750 5676 2855 5722 etc.
2914 5664 3136 5721 Schedae
3166 5663 3352 5721 Grabii
3382 5704 3398 5733 ,
3448 5664 3657 5721 Barba-

2073 5750 2183 5789 I'US.
