3942 6216
272 314 411 369 H77

1279 319 1584 371 SLLEC'IA
1627 320 1691 368 ΙΝ
1733 321 2072 374 ΡδΑωιυδ.
2108 346 2180 361 —
2217 322 2412 372 l’bAIJ.
2463 326 2566 370 VII.

3399 325 3536 380 1178

263 448 404 500 μου.
438 427 780 494 Είσήκουσε
799 429 1014 497 Κύριος
1045 427 1154 496 τῆς
1184 428 1450 496 δεήσεώς
1484 449 1624 500 μου,
1648 432 1859 500 Κύριος

1979 435 2119 488 Vetus
2142 435 2264 489 mei.
2287 434 2571 495 Ea'audivit
2605 432 2858 486 Dominus
2889 433 3305 500 deprecationem
3350 451 3541 500 meam,

266 522 387 591 τὴν
417 519 769 590 προσευχήν
789 539 910 590 μου
945 520 1373 589 προσεδέξατο,
1405 541 1458 576 κ.
1491 542 1540 576 τ.
1575 525 1621 578 ἐ.
1664 525 1722 577 Ὀ
1753 525 1862 578 τῶν

269 613 568 667 κλαιόντων
591 613 701 683 (58)
724 612 1071 685 μακαρισμὸν
1090 614 1311 677 συνιεὶς,
1338 616 1429 667 καὶ
1444 613 1667 675 κλαίων,
1691 613 1861 668 ταῦτα

269 709 390 778 ἐρεῖ
417 707 549 758 πᾶσι
581 708 692 768 τοῖς
720 704 984 776 παροῦσιν
1017 703 1165 773 αὑτῷ
1197 704 1586 776 ἐργαζομένοις
1616 705 1714 777 τὴν
1738 708 1862 758 ἀνο-

272 799 428 868 μίαν,
462 801 694 869 ὁρατοῖς,
745 797 1021 867 ἀοράτοις.
1074 796 1298 868 Πρῶτον
1327 797 1385 850 δὲ
1428 801 1456 850 ὁ
1499 799 1634 862 Θεὸς
1678 798 1862 869 φωνῆς

270 891 366 943 xal.
399 889 676 960 κλαυθμοῦ
701 889 908 954 ἀκούει,
931 885 1050 944 εἶτα
1077 887 1336 959 δεήσεως,
1364 887 1482 943 εἶτα
1505 889 1604 961 τὴν
1631 907 1864 961 προσευ-

271 982 374 1052 χὴν
408 981 785 1053 προσδέχεται.

344 1075 834 1142 Αίσχυνθειήσᾳν
861 1073 955 1126 καὶ
987 1075 1425 1142 ταραχθείησαν
1446 1073 1682 1143 σφόδρα
1709 1074 1860 1127 πάν-

271 1166 436 1230 τεςοι
449 1145 802 1234 ἐχθροίμοῦ,
822 1183 876 1220 κ.
895 1183 944 1219 τ.
959 1165 1005 1218 ὲ.
1024 1166 1086 1218 Ἡ
1103 1165 1333 1236 αἰσχύνη
1352 1166 1458 1235 (59)
1478 1167 1558 1229 είς
1573 1166 1862 1237 συναίσθη-

273 1272 360 1306 σιν
397 1255 519 1324 ἄγει
559 1257 651 1309 τὸν
698 1257 1099 1328 ἁμαρτάνοντα.
1147 1257 1459 1323 Παύσασθε,
1507 1255 1691 1328 φησιν,
1738 1258 1860 1328 ἐμοὶ

268 1347 343 1398 τὰ
373 1345 546 1418 ὀνείδη
583 1348 1004 1419 προσφέροντεςο
1051 1348 1120 1402 τὰ
1161 1351 1334 1402 οἰκεῖα
1372 1348 1428 1402 δὲ
1479 1348 1626 1402 κακὰ
1653 1346 1862 1416 λογιζό-

273 1455 445 1507 μενοι,
478 1439 738 1510 αἰσχύνης
772 1443 863 1494 καὶ
896 1441 1144 1512 ταραχῆς
1188 1440 1593 1512 ἀναπλήσθητε.
1642 1441 1861 1495 Δίκαιον

268 1529 376 1602 γὰρ
410 1531 504 1583 καὶ
531 1532 760 1602 φιόερὸν
793 1532 853 1585 τὸ
886 1534 1030 1586 θεῖον
1057 1536 1360 1604 κριτήριον.

356 1625 900 1693 Ἐπιστραφείησαν
946 1625 1046 1679 καὶ
1098 1626 1580 1694 αἰσχυνθείησαν
1626 1625 1862 1694 σφόδρα

270 1715 370 1768 διὰ
395 1715 638 1785 τάχους,
671 1735 722 1768 κ.
742 1733 788 1770 τ.
808 1719 854 1769 ἐ.
904 1718 1029 1772 Ἐὰν
1069 1720 1382 1788 νικήσωμεν
1397 1717 1530 1788 (40),
1549 1718 1616 1770 τὰ
1638 1720 1862 1771 ἀντιπα-

1966 524 2220 578 Dontinus
2264 526 2554 578 orationem
2603 539 2769 576 meum
2819 524 3065 591 suscepit,
3113 536 3216 576 etc.
3256 524 3355 590 Qui
3409 522 3543 576 ﬂen-

1967 617 2100 670 tium
2127 618 2513 678 beatitudinem
2555 616 2822 686 intelligit,
2849 627 2901 668 ct
2933 616 3042 677 ﬂet,
3083 616 3196 668 haec
3235 617 3380 669 dicet
3418 631 3542 670 Otu-

1967 707 2128 760 nibus
2160 706 2258 774 ipsi
2290 706 2623 768 astantibus,
2655 705 3011 791 operantibus
3046 706 3405 773 iniquitatem,
3434 717 3542 759 tam

1967 799 2271 852 visibilibus
2303 813 2466 866 quam
2505 797 2892 851 invisibililnts.
2927 797 3166 852 Primum
3193 807 3373 852 autem
3403 800 3545 853 Deus

1965 905 2153 944 vocem
2185 901 2241 944 et
2264 889 2450 943 ﬂetum
2486 889 2654 951 audit,
2682 889 2874 943 deinde
2899 891 3360 957 deprecationem,
3388 889 3545 943 deni-

1965 999 2070 1052 que
2093 983 2320 1056 suscipit
2350 983 2676 1037 orationem.

2035 1074 2200 1129 Vtilis.
2247 1063 2330 1128 Η.
2373 1075 2696 1128 Erubescant
2727 1084 2773 1128 et
2811 1074 3186 1126 conturbentur
3227 1078 3548 1126 vehementer

1965 1183 2139 1220 omnes
2163 1165 2327 1238 580
2351 1166 2552 1219 inimici
2595 1167 2714 1230 mei,
2751 1177 2860 1219 etc.
2902 1163 3082 1217 Pudor
3120 1174 3436 1232 peccantem
3479 1166 3544 1216 ad

1965 1260 2046 1312 sui
2083 1260 2248 1328 ipsius
2281 1275 2495 1320 sensum
2537 1267 2772 1312 revocat.
2825 1255 3082 1318 Desinite,
3147 1257 3352 1326 inquit,
3415 1256 3543 1309 mihi

1965 1353 2208 1406 convicia
2237 1352 2506 1422 ingerere,
2538 1361 2591 1406 et
2621 1351 2842 1421 propria
2883 1351 3023 1403 mala
3068 1360 3405 1419 reputantes,
3441 1366 3543 1418 pu-

1965 1447 2096 1499 dore
2131 1455 2185 1499 et
2215 1446 2630 1514 perturbatione
2677 1443 3017 1513 replcamini.
3059 1440 3270 1496 Iustum
3316 1441 3460 1496 enim
3491 1451 3549 1496 et

1967 1536 2306 1590 tremendum
2343 1545 2426 1590 est
2457 1536 2547 1589 Dei
2570 1535 2858 1604 judicium.

2041 1625 2204 1682 Vens.
2245 1627 2332 1682 11.
2367 1625 2752 1682 Convertuntur
2795 1638 2843 1681 et
2886 1625 3194 1681 erubescant
3235 1624 3386 1678 valde
3418 1621 3549 1676 velo-

1966 1718 2114 1784 citer,
2156 1730 2264 1775 etc.
2298 1718 2352 1773 Si
2379 1720 2615 1774 victores
2643 1718 2948 1783 evadimus,
2973 1733 3033 1772 ea
3061 1732 3185 1786 quae
3217 1726 3404 1770 contra
3449 1730 3547 1768 nos

269 1803 489 1857 λαίοντα
520 1807 990 1876 καταισχύνονται,
1027 1808 1260 1879 μάλιστα
1287 1811 1372 1862 ὅτε
1403 1827 1485 1872 τις
1515 1811 1542 1862 ὁ
1575 1807 1855 1880 ἄνθρωπος

1979 1820 2222 1878 )ugnant,
2277 1811 2481 1880 piulore
2547 1809 2999 1872 confunduntur,
3064 1807 3365 1878 praesertim
3422 1820 3545 1859 cum

267 1893 475 1947 τούτων
508 1896 772 1967 κρείττων
806 1899 1140 1968 εὑρίσκεται,
1174 1899 1272 1952 καὶ
1303 1899 1548 1969 συγχέων
1588 1901 1857 1971 ταράσσει

269 1985 410 2038 αὐτὰ
441 1989 505 2057 τῇ
535 1987 728 2041 ἑαυτοῦ
764 1989 943 2061 σοφίᾳ.
977 1991 1130 2061 Τάχα
1161 1991 1217 2044 δὲ
1251 1991 1345 2044 καὶ
1374 1991 1693 2062 ἐπιστρέφει
1719 1992 1858 2044 αὐτὰ

268 2077 650 2146 αἰσχυνθέντα,
679 2081 772 2133 καὶ
801 2081 1011 2151 ταχέως
1039 2085 1067 2135 ὁ
1098 2083 1253 2152 ἅγιος
1295 2081 1453 2134 τοῦτο
1480 2085 1641 2134 ποιεῖ.

335 2259 458 2314 Τοῦ
484 2260 691 2316 αὑτοῦ.
719 2262 954 2333 Νοήσεις
982 2263 1152 2316 ταῦτα
1180 2262 1433 2330 λέγεσθαι
1463 2262 1556 2315 καὶ
1581 2261 1716 2331 πρὸς
1738 2259 1864 2322 τοὺς

267 2350 368 2419 τὴν
419 2353 762 2425 κατασκευὴν
812 2355 961 2426 αὐτῷ
1016 2354 1535 2426 κατεργασαμένους
1593 2351 1862 2422 ἁορὰτους

279 2443 498 2514 ἐχθροὺς
537 2443 1029 2516 διαφθονουμένους
1063 2450 1128 2518 τῇ
1178 2446 1318 2500 κατὰ
1352 2445 1484 2499 Θεὸν
1517 2442 1679 2497 αὐτοῦ
1726 2458 1860 2513 προ-

270 2536 436 2604 κοπῇ,
473 2537 565 2589 καὶ
599 2539 738 2612 μετὰ
768 2540 866 2611 τὴν
923 2540 1201 2612 ἁμαρτίαν
1252 2539 1647 2602 ἐπιϐαίνοντας,
1684 2537 1742 2591 ὲν
1779 2529 1861 2598 οἷς

268 2623 471 2694 ελεγον·
491 2647 521 2690 ,ι
546 2629 659 2682 Οὐκ
689 2629 802 2683 ἔστι
837 2633 1085 2704 σωτηρία
1114 2632 1263 2701 αὑτῴ
1298 2633 1356 2684 ἐν
1382 2628 1459 2700 τῷ
1487 2629 1606 2702 Θεῷ
1637 2626 1856 2682 αὑτοῦ.»

1966 1901 2124 1966 homo
2156 1903 2427 1972 quispiam
2461 1905 2547 1958 his
2572 1900 2764 1957 melior
2797 1902 3097 1967 invenitur,
3126 1910 3181 1956 et
3207 1898 3548 1954 confundens

1964 2007 2026 2046 ea
2055 1995 2338 2061 perturbat
2363 1995 2630 2063 sapientia
2676 2011 2797 2050 sua.
2845 1993 3007 2050 Forte
3053 1993 3216 2048 etiam
3266 1990 3550 2044 acciditut

1965 2100 2026 2136 ea
2056 2084 2342 2152 pudefacta
2372 2097 2683 2142 convertat.
2727 2087 2868 2154 Quin
2912 2097 2968 2141 et
3011 2097 3236 2138 sanctus
3292 2081 3401 2136 cito
3443 2081 3548 2135 ltuc

1968 2185 2210 2244 praestat.

2037 2259 2314 2328 Eiusdem.
2351 2264 2476 2320 llaec
2511 2266 2676 2320 etiam
2713 2265 2818 2320 dici
2855 2263 3071 2334 putabis
3118 2263 3382 2316 adversus
3408 2260 3549 2313 invi--

1963 2352 2150 2408 sibiles
2189 2357 2394 2420 hostes,
2433 2357 2524 2426 qui
2556 2358 2797 2411 divinum
2841 2356 2958 2426 eius
3006 2369 3354 2425 progressum
3408 2353 3549 2406 invi-

1964 2442 2173 2506 dentes.
2209 2445 2431 2502 insidias
2461 2449 2508 2502 ei
2556 2456 2895 2512 struxerunt,
2929 2457 2984 2510 et
3020 2453 3142 2516 post
3179 2444 3294 2514 ejus
3351 2457 3549 2512 pecca-

1963 2540 2074 2585 tum
2101 2535 2433 2594 insultabant
2465 2539 2711 2593 dicentes
2743 2537 2788 2568 ⁸¹
2823 2553 2837 2590 :
2876 2555 2895 2588 ι
2927 2535 3042 2598 Non
3077 2543 3161 2591 est
3187 2534 3332 2598 salth
3364 2533 3463 2602 ipsi
3493 2532 3547 2586 in

1975 2625 2081 2680 Deo
2108 2624 2242 2694 ejus.
2285 2646 2306 2682 s

1083 2858 1178 2916 EX
1210 2853 1746 2916 COMMENTARIIS
1781 2852 2112 2914 ORIGENIS
2154 2853 2218 2908 IN
2253 2852 2597 2910 PSA‘LMUM
2650 2853 2738 2910 Vl.

353 3109 616 3165 Possibile
647 3109 758 3181 (Η)
785 3118 870 3166 est
891 3111 1248 3167 considerare
1275 3127 1340 3166 ex
1371 3111 1458 3164 his
1500 3110 1736 3165 maxime
1759 3109 2058 3174 doloribus,
2083 3124 2223 3178 quos
2255 3108 2309 3161 in
2337 3109 2442 3163 hoc
2467 3123 2698 3175 corpore
2721 3107 2881 3176 positi
2907 3107 3194 3171 sentimus,
3234 3106 3324 3172 qui
3357 3121 3549 3175 quam-

267 3205 348 3266 vis
387 3204 569 3272 magni
599 3203 730 3266 sint,
763 3204 944 3260 brevis
977 3212 1124 3259 certe
1154 3214 1284 3258 sunt
1311 3203 1592 3270 temporis,
1622 3218 1720 3270 pro
1739 3217 1807 3255 eo
1838 3203 1982 3268 quod
2013 3200 2059 3254 si
2085 3200 2245 3270 paulo
2271 3200 2710 3253 vehementiores
2740 3198 3066 3259 exstiterint.
3101 3197 3361 3252 continuo
3383 3195 3547 3250 etiam

269 3299 390 3351 vita:
411 3297 642 3352 celerem
671 3296 910 3351 inferunt
941 3297 1123 3351 linem.
1165 3297 1410 3363 Denique
1452 3295 1626 3359 multi,
1659 3295 1705 3348 si
1741 3309 1836 3348 res
1863 3293 2197 3364 poposcerit,
2231 3308 2329 3362 pro
2369 3291 2592 3361 pietatis
2632 3289 2978 3346 confessione
3017 3290 3069 3344 in
3102 3289 3232 3359 ipsis
3261 3289 3548 3342 termentis

270 3390 506 3444 animam
535 3390 814 3445 reddunt:
847 3391 940 3445 alii
973 3407 1107 3447 vero
1132 3392 1184 3445 in
1215 3392 1332 3460 ipso
1351 3391 1464 3461 jam
1493 3406 1714 3446 corona:
1741 3389 1889 3444 aditu
1935 3389 2098 3458 positi
2127 3387 2400 3456 denegant
2425 3387 2606 3452 fidem,
2633 3403 2796 3455 quam
2834 3401 3006 3454 usque
3043 3386 3110 3439 ad
3145 3392 3375 3440 mortem
3417 3399 3545 3453 pro-

271 3491 567 3552 po~ucrant
594 3481 867 3536 conﬁteri.
911 3481 977 3535 Et
1005 3483 1106 3536 hoc
1139 3499 1244 3536 non
1269 3483 1456 3552 utique
1499 3479 1870 3534 diminutione
1910 3477 2176 3547 propositi
2224 3476 2529 3546 patiuntur,
2562 3475 2660 3530 sed
2695 3475 2744 3528 vi
2778 3473 2982 3528 doloris
3009 3473 3172 3527 nimia
3207 3480 3260 3526 et
3289 3472 3548 3527 intolera-

269 3573 361 3628 bili
394 3572 661 3644 superati.
690 3572 749 3626 Si
781 3587 911 3640 ergo
943 3573 996 3626 in
1029 3575 1128 3628 hac
1161 3574 1421 3642 praesenti
1459 3573 1571 3625 vita
1607 3581 1713 3624 tam
1749 3568 2126 3623 intolerabiles
2171 3580 2302 3624 sunt
2342 3583 2632 3638 pmnarum
2679 3566 2919 3628 dolores,
2945 3565 3075 3634 quid
3109 3564 3405 3634 putandum
3441 3574 3543 3626 est,

269 3681 390 3720 cum
424 3683 529 3722 non
553 3667 664 3736 iam
690 3667 954 3722 crassiori
981 3667 1164 3722 anima
1195 3677 1380 3721 utetur
1420 3667 1760 3729 indumento,
1793 3665 1889 3720 sed
1914 3679 2037 3718 cum
2072 3663 2125 3718 id
2163 3663 2454 3732 spirituale
2490 3661 2745 3718 eﬂ'eetum
2769 3677 2836 3718 ex
2859 3660 3271 3720 resurrectione
3297 3659 3544 3727 recipiet,

265 3773 318 3814 et
349 3776 414 3814 eo
451 3761 840 3816 vehementius
876 3760 1069 3830 utique
1099 3777 1208 3831 quo
1239 3761 1635 3827 subtiliusest,
1669 3760 1874 3814 sentiet
1897 3759 2004 3814 vim
2040 3757 2284 3818 doloris?
2310 3758 2462 3814 .Puto
2505 3759 2651 3816 enim
2688 3758 2832 3828 quod
2874 3766 3078 3827 quanta
3123 3754 3431 3810 differentia
3461 3764 3550 3808 est

268 3853 831 3922 inprzesenti-smculo
860 3857 1061 3918 nudum
1083 3856 1397 3920 verberari,
1419 3872 1585 3926 quam
1612 3854 1889 3919 veStitum,
1927 3854 1994 3906 ad
2021 3853 2470 3923 pet-sentiendum
2505 3851 2725 3908 scilicet
2754 3853 3086 3914 cruciatum,
3120 3864 3186 3906 eo
3212 3849 3354 3919 quod
3379 3849 3547 3902 vehe-

268 3951 501 4008 tnentius
548 3951 748 4013 nudum
802 3967 1002 4021 corpus
1049 3953 1294 4016 crucieut
1355 3954 1582 4012 verbera
1636 3965 1797 4020 quam
1841 3949 2096 4008 vestitum
2146 3967 2160 4003 :
2213 3960 2424 4003 tantum
2471 3959 2602 4017 puto
2641 3947 2895 4000 .l'uturam
2925 3943 3284 3999 dill'erentiam
3315 3943 3542 4003 doloris,

271 4060 394 4097 cum
424 4058 622 4113 corpus
651 4043 948 4105 humanum
983 4045 1370 4106 crassitudinis
1399 4043 1558 4113 huius
1614 4040 2215 4111 indumentodeposito
2235 4042 2395 4096 .velut
2425 4043 2852 4109 nudumeorpus
2882 4038 3111 4107 cmperit
3133 4037 3404 4092 sustinere
3428 4047 3542 4090 tor-

269 4149 472 4200 menta.

859 4357 1155 4412 ΨΑΛΜΟΣ
1194 4359 1268 4411 Ζ’.

2526 4356 2847 4412 PSALMUS
2886 4356 2993 4412 VII.

343 4450 538 4518 Κύριε,
578 4450 610 4501 o'
647 4448 792 4514 Θεός
815 4466 956 4517 μου,
989 4449 1086 4503 ἐπὶ
1123 4451 1221 4502 σοι
1266 4449 1522 4517 ἤλπισα,
1553 4449 1761 4504 σῶσόν
1786 4466 1864 4519 με

272 4543 338 4596 ἐκ
367 4541 611 4595 πάντων
639 4541 756 4594 τῶν
783 4541 1120 4596 διωκόντων
1147 4558 1244 4610 με,
1282 4542 1381 4598 καὶ
1407 4542 1597 4610 ῥῦσαί
1623 4560 1720 4612 με,
1747 4543 1866 4613 μή·

270 4649 413 4685 ποτε
443 4630 693 4700 ἁρπάσῃ
726 4633 807 4698 ὼς
849 4631 1007 4687 λέων
1034 4631 1150 4701 τὴν
1188 4634 1399 4701 ψυχήν
1433 4652 1574 4702 μου,
1618 4652 1671 4688 κ.
1722 4652 1772 4689 τ.
1811 4635 1861 4688 έ.

270 4723 402 4776 Καθ’
427 4723 654 4776 ἕκαστον
675 4723 784 4794 (42)
805 4723 914 4776 τῶν
933 4725 1024 4776 ἐπί
1043 4725 1288 4796 ἁμαρτίᾳ
1310 4725 1642 4796 ἐρεθισμῶν,
1668 4725 1860 4780 διωκό-

277 4810 414 4881 μεθα
444 4812 548 4864 ὑπὸ
598 4810 690 4864 τοῦ
729 4810 1080 4883 ἐνεργοῦντος
1125 4813 1186 4864 τὸ
1235 4813 1499 4883 ἐρεθίζον.
1552 4814 1753 4885 Διόπερ
1791 4817 1856 4869 ἐκ

269 4903 455 4957 τούτου
499 4903 609 4957 νόει
648 4905 762 4958 ὅσοι
807 4903 1060 4956 διώκουσι
1113 4904 1203 4956 τὸν
1251 4903 1559 4974 ἄνθρωπον,
1595 4907 1653 4972 ἐξ
1703 4899 1776 4959 ὧν
1825 4906 1856 4958 ὁ

269 4997 551 5066 Προφήτης
601 4994 866 5064 ρυσθῆναι
929 4992 1168 5064 εὔχεται,
1215 4995 1262 5045 εί
1316 4994 1390 5064 μὴ
1450 4994 1695 5067 ῥυσθείη,
1747 4997 1855 5066 τῆς

267 5086 443 5158 ψυχῆς
480 5086 643 5140 αὑτοῦ
691 5087 766 5149 ὼς
796 5085 901 5138 ὑπὸ
929 5078 1150 5145 λέοντος
1168 5085 1684 5156 ἁρπασθησομένης.

340 5182 518 5247 Κύριε
548 5182 578 5233 ό
621 5180 766 5244 Θεός
802 5196 942 5247 μου,
979 5181 1032 5232 εί
1072 5180 1332 5245 ἐποίησα
1362 5179 1556 5242 τοῦτο,
1599 5183 1650 5234 εὶ
1682 5181 1855 5234 ἔστιν

267 5271 468 5326 ἀδικία
523 5273 593 5326 ἐν
641 5272 815 5340 χερσί
857 5290 1009 5346 μου,
1067 5290 1122 5326 κ.
1161 5289 1212 5324 τ.
1260 5273 1306 5326 ἐ.
1357 5273 1502 5344 Πρὸς
1547 5275 1855 5346 ἀμνησικα-

333 5407 378 5438 ⁸¹
406 5406 548 5463 Psal.
588 5421 669 5473 Ill,
700 5408 753 5462 ’5.

339 5519 450 5590 (58)
490 5520 556 5590 ῘΟ
584 5520 702 5576 τῶν
729 5522 1081 5584 κλαιόντων,
1109 5522 1561 5578 etc..Corderius.

334 5589 445 5659 (39)
487 5589 549 5644 Ἡ
575 5591 858 5659 αἰσχύνη,
890 5600 994 5646 etc.
1023 5591 1249 5647 Sclietke
1282 5591 1503 5656 Grahii,
1546 5595 1842 5652 Barbarus.

269 5653 444 5778 rug0)
481 5661 625 5716 Ἐὰν
654 5653 1015 5732 νίὶκήάωμεν,
1042 5672 1147 5718 etc.
1169 5661 1398 5720 Schedtc
1421 5653 1628 5730 Graliii,
1655 5665 1847 5723 Barba-

2040 4449 2206 4503 Vens.
2233 4449 2290 4511 2,
2316 4447 2370 4502 '5.
2404 4446 2627 4502 Domine
2660 4447 2797 4502 Deus
2825 4465 2992 4514 meus,
3032 4447 3086 4502 in
3115 4457 3163 4501 te
3183 4448 3410 4517 speravi,
3438 4450 3548 4503 sal-

1966 4557 2082 4594 t'um
2108 4558 2186 4594 me
2208 4540 2294 4608 [ac
2317 4557 2380 4594 ex
2413 4541 2654 4594 omnibus
2703 4542 3133 4610 persequentibus
3165 4557 3268 4607 me,
3297 4550 3343 4594 et
3383 4541 3548 4602 libera

1965 4651 2067 4699 me,
2111 4651 2173 4687 ne
2227 4635 2436 4703 quando
2484 4634 2657 4702 rapiat
2690 4643 2743 4686 ut
2785 4634 2863 4686 leo
2917 4633 3148 4686 animum
3194 4648 3382 4695 meam,
3437 4643 3545 4688 etc.

1966 4727 2192 4792 Quoties
2217 4727 2283 4778 ad
2323 4735 2605 4794 peccatum
2651 4724 2963 4789 incitantur,
3000 4724 3163 4777 toties
3201 4738 3456 4790 urgemur
3477 4726 3548 4775 ab

1965 4833 2029 4869 eo
2055 4817 2146 4886 qui
2187 4815 2348 4871 eﬂicit
2394 4817 2834 4876 incitamentum.
2885 4814 3230 4883 Quapropter
3263 4815 3402 4868 .hinc
3457 4813 3545 4866 in-

1962 4912 2142 4981 telligc
2169 4920 2300 4981 quot
2357 4921 2739 4980 persecutores
2783 4909 2975 4966 ltalteztt
3025 4911 3185 4962 homo
3239 4922 3304 4960 ex
3343 4907 3541 4976 quibus

1961 5002 2185 5056 liberari
2229 5018 2288 5057 sc
2322 5013 2447 5057 orat
2481 5000 2770 5071 Propheta,
2811 5001 2963 5069 cujus
2999 5001 3200 5062 anima,
3234 4999 3286 5052 ni
3317 4999 3546 5054 l.ber.it.i

1959 5092 2146 5156 fuerit,
2178 5094 2341 5148 veluti
2376 5094 2444 5147 ab
2475 5097 2631 5147 leone
2654 5092 2961 5148 devorauda
2997 5093 3087 5145 sit.

2037 5185 2199 5238 Vens.
2240 5183 2296 5237 4.
2339 5183 2559 5236 Domine
2595 5182 2731 5236 Dens
2782 5199 2944 5244 mens,
2978 5185 3023 5236 si
3055 5183 3155 5252 feci
3184 5181 3350 5246 istud,
3388 5180 3434 5235 si
3471 5193 3546 5234 est

1961 5279 2212 5341 iniquitas
2239 5280 2291 5331 in
2313 5278 2551 5329 manibus
2578 5277 2727 5338 meis,
2745 5285 2849 5330 etc.
2867 5277 2946 5329 Ad
2972 5274 3545 5343 injuriarumoblivio-

2029 5531 2517 5602 (“)Dcsumptum
2545 5539 2625 5583 est
2658 5529 2759 5583 hoc
2791 5530 3250 5597 fragmentum-cx
3277 5527 3540 5601 Apologia

1955 5623 2221 5692 Pamphili
2255 5622 2508 5690 martyris
2537 5637 2632 5690 pro
2671 5619 2916 5692 Origene.

2027 5735 2138 5797 (4‘2)
2175 5735 2315 5790 Ka0‘
2341 5733 2622 5798 ἕκαστον,
2661 5743 2767 5791 ctc.
2796 5732 2976 5790 Codex
3011 5732 3145 5789 Hoc.
