3942 6216
478 347 615 400 11³19

1888 337 2047 388 ωλι

2164 336 2320 389 ΞΕΝΕ
3641 343 3772 396 Hei-2‘1

478 483 601 520 nem
627 464 755 518 utile
789 463 998 518 esthoc
1026 462 1175 517 dictu
1203 479 1259 516 n.
1295 461 1352 516 Si
1397 459 1523 525 feci,
1550 459 1750 529 inquit,
1775 460 1920 528 quod
1955 473 2047 527 pa-

2164 456 2275 509 κίαν
2295 456 2407 527 (45)
2422 457 2692 528 χρήσιμον
2714 456 2775 510 τὸ
2807 457 2990 528 ῥητόν.
3014 456 3076 510 El
3095 457 3346 529 ἐποίησα,
3365 462 3539 530 φησὶ,
3561 461 3730 515 τοῦτο
3752 467 3778 516 ἐς

478 561 620 614 tior:
653 559 696 612 si
723 559 991 612 iusurrexi
1021 556 1284 610 adversus
1335 565 1568 625 patrem,
1607 564 1698 607 aut
1732 554 1913 623 inique
1944 553 2050 622 egi.

473 649 732 718 Pmpouit
767 650 912 701 enim
941 647 1262 715 iujuriarmn
1304 645 1461 715 581
1511 645 1865 708 oblivionem,
1917 643 2054 698 divi-

477 756 602 793 nam
635 739 898 791 invocans
943 737 1396 791 misericordiam.

550 828 710 883 Vens.
745 831 799 883 5.
844 830 898 883 Si
933 830 1138 882 reddidi
1174 828 1580 881 retribuenlibus
1604 828 1736 880 mihi
1767 827 1935 891 mala,
1961 827 2054 880 de-

475 923 648 976 ridam
681 925 867 976 merito
899 923 961 976 ab
992 923 1219 975 inimicis
1252 923 1380 974 meis
1413 921 1608 982 inanis.
1651 930 1756 974 etc.
1787 920 1895 974 Lex
1933 930 2052 973 tan-

475 1030 636 1081 quam
674 1019 995 1082 paedagogus
1033 1022 1090 1066 ut
1117 1013 1353 1081 parvulis
1397 1011 1488 1080 qui
1517 1012 1693 1065 adhuc
1728 1012 2054 1066 erudiuntur

476 1109 705 1160 reddere
759 1107 896 1158 mala
939 1107 1222 1172 permittit,
1255 1115 1308 1157 at
1359 1104 1446 1157 hie
1499 1119 1602 1156 non
1655 1104 1886 1170 amplius
1935 1115 2053 1158 erat

476 1199 733 1266 parvulus
788 1199 841 1251 in
883 1197 1098 1251 Christo
1128 1238 1143 1262 ,
1194 1198 1291 1252 sed
1330 1199 1438 1265 jam
1491 1196 1572 1249 vir
1613 1197 1833 1264 quidam
1886 1211 2051 1249 evan-

477 1293 702 1362 gelicus.
760 1311 778 1342 ι
843 1291 1094 1344 Decidam
1154 1291 1375 1344 merito.
1432 1307 1452 1341 ι
1488 1287 1677 1341 Justus
1721 1287 1896 1341 victor
1941 1287 2051 1357 ple-

477 1399 578 1436 nus
633 1384 701 1436 ab
770 1385 1006 1438 inimicis
1073 1384 1388 1453 egreditur,
1453 1383 1624 1434 malus
1687 1397 1815 1436 vero
1879 1382 2052 1436 victus

476 1476 679 1529 decidit
711 1477 777 1530 ab
817 1477 924 1529 illis
969 1476 1177 1541 inanis,
1214 1491 1312 1528 nec
1353 1474 1519 1528 ullam
1555 1474 1721 1528 habet
1757 1474 2050 1544 plenitudi-

476 1583 620 1620 ιιριιι.

549 1657 822 1725 Ejusdem.
871 1658 1049 1712 luauis
1104 1667 1188 1712 est
1241 1659 1332 1727 qui
1385 1674 1488 1711 non
1526 1659 1651 1712 dicit
1688 1659 1781 1712 ⁸³ε
1825 1677 1842 1708 t
1894 1658 1958 1711 El
1987 1657 2051 1712 de

476 1748 812 1816 plenitudine
856 1750 974 1820 ejus
1007 1765 1108 1803 nos
1135 1765 1324 1804 omnes
1357 1751 1687 1818 accepimus.
1729 1769 1746 1801 ι
1786 1749 1884 1816 Qui
1920 1765 2048 1803 vero

2161 553 2373 620 πάσχω·
2404 555 2450 605 εἰ
2483 551 2783 622 ὲπανέστην
2811 551 2886 622 τῷ
2915 552 3103 623 πατρὶ,
3129 553 3161 622 ἦ
3197 554 3612 624 παρενόμησα.
3643 557 3780 628 [15.2.-

2161 644 2412 698 ϐάλλεται
2452 646 2561 717 γὰρ
2603 645 2662 696 τὸ
2703 646 3098 715 ἀμνησίκακον,
3143 646 3232 698 τδν
3278 647 3376 699 τοῦ
3430 645 3586 698 Θεοῦ
3634 649 3778 700 5.19.

2160 738 2579 807 ἐκκαλούμενος.

2229 833 2299 883 Ei
2329 828 2718 882 ἀνταπέδωκα
2759 827 2882 893 τοῖς
2909 827 3387 881 (ᾖν-ταποδιδοῦσί
3429 846 3540 897 μοι
3589 832 3784 892 κακὰ,

2159 920 2517 988 ἀποπέσοιμι
2542 920 2657 987 (ira
2675 920 2791 973 ἀπὸ
2813 919 2930 972 τῶν
2947 919 3173 988 ἐχθρῶν
3186 940 3308 990 μου
3331 922 3522 987 κενὸς
3535 965 3553 986 ,
3578 941 3641 973 κ.
3660 939 3714 974 τ.
3736 925 3782 976 ἑ.

2159 1013 2222 1066 Εἰ
2258 1015 2286 1065 6
2319 1011 2662 1079 παιδαγωγδς
2705 1012 2866 1082 νόμος
2899 1012 3008 1081 (44)
3029 1017 3300 1083 συγχωρεῖ
3330 1015 3784 1068 ἁνταποδιδῦναε

2160 1105 2325 1168 κακὰ,
2344 1105 2419 1165 ὡς
2434 1104 2648 1175 νηπίοις
2674 1107 2784 1168 τοῖς
2802 1105 3336 1176 παιδαγωγουμένοις
3349 1107 3460 1168 ἔτι,
3492 1101 3560 1159 οὗ
3569 1127 3672 1171 to;
3686 1111 3784 1161 οὐκ

2159 1198 2238 1250 ἔτι
2269 1200 2461 1269 νήπιος
2487 1194 2554 1269 ἦν
2578 1201 2636 1251 ὲν
2658 1198 3026 1271 Χριστῷ,ἀλλ’
3042 1199 3224 1252 ἔκτοτε
3256 1201 3655 1269 εὐαγγελιστάς
3681 1219 3782 1264 τις.

2165 1308 2182 1339 ι
2209 1289 2568 1359 ’Λποπέσοιμι
2597 1289 2723 1360 ἄρα.
2771 1310 2788 1340 ι
2834 1291 2892 1342 '0
2924 1290 3022 1360 μὲν
3048 1290 3269 1354 δίκαιος,
3316 1293 3600 1362 νικήσας,
3645 1292 3784 1360 rit.-

2162 1397 2261 1450 ρης
2295 1381 2403 1434 ἀπὸ
2443 1380 2552 1432 τῶν
2601 1380 2809 1451 ἐχθρῶν
2860 1379 3170 1450 ἐξέρχεται·
3215 1381 3244 1432 6
3293 1380 3349 1433 δὲ
3396 1380 3658 1449 φαῦλος,
3711 1382 3786 1443 ὡς

2158 1471 2422 1542 νικηθεὶς,
2468 1472 2763 1525 ἀποπίπτει
2795 1471 2974 1525 αὐτῶν
3027 1472 3202 1536 κενὸς,
3251 1473 3350 1525 καὶ
3393 1473 3567 1525 οὐδὲν
3643 1474 3788 1542 ἔχων

2159 1563 2264 1634 πλη
2273 1563 2350 1635 ρῶ
2357 1581 2523 1635 ματος
2533 1603 2546 1618 .

2235 1657 2344 1710 Τοῦ
2395 1655 2602 1711 αὑτοῦ.
2640 1656 2811 1720 Κενός
2841 1660 2986 1710 ἐστιν
3029 1659 3057 1710 6
3089 1657 3163 1730 μὴ
3204 1657 3380 1726 λέγων
3407 1676 3423 1689 ·
3476 1678 3497 1710 ι
3547 1661 3686 1714 Καὶ
3722 1662 3785 1712 ἐκ

2158 1747 2251 1801 τοῦ
2283 1748 2652 1819 πληρώματος
2705 1747 2872 1801 αὐτοῦ
2924 1750 3083 1819 ἡμεῖς
3131 1749 3332 1812 πάντες
3382 1749 3718 1821 ἐλάϐομεν.
3761 1773 3778 1800 ι

475 1841 739 1908 ejusmodi
773 1852 921 1903 sunt,
955 1842 1252 1896 arundines
1303 1843 1467 1894 etiam
1521 1852 1808 1905 vocantur,
1845 1858 1964 1910 qua:
1997 1844 2047 1895 in

2164 1839 2216 1890 [ὶὶ
2271 1837 2325 1890 δὲ
2368 1838 2595 1891 τοιοῦτοι
2630 1840 2724 1892 καὶ
2772 1838 3005 1909 κάλαμοι
3049 1839 3295 1908 λέγονται
3345 1841 3686 1910 τρέφοντες
3728 1844 3784 1892 ἐν

477 1947 535 1984 se
584 1933 870 1985 enutriunt
925 1932 1112 1999 feras,
1177 1934 1242 1987 de
1301 1934 1500 2002 quibus
1546 1933 1747 1985 dictum
1799 1943 1884 1987 est
1933 1934 1980 1965 ⁸⁸
2035 1951 2048 1987 :

479 2043 496 2073 ι
546 2023 772 2091 Increpa
826 2024 968 2078 feras
1019 2026 1322 2080 arundinis.
1387 2045 1404 2076 ι
1463 2026 1588 2084 Ει,‹
1641 2025 1919 2087 Diabolus,
1966 2025 2050 2079 in-

475 2117 593 2184 quit
622 2115 720 2170 Job
754 2117 824 2181 ⁸⁸,
859 2117 1059 2170 dormit
1084 2116 1240 2186 juxta
1272 2133 1560 2187 papyrum,
1589 2129 1640 2172 et
1676 2118 1969 2182 calamum,
1999 2129 2053 2173 et

475 2217 771 2261 carectnm.
827 2226 845 2258 ›
895 2206 1010 2276 Ipse
1053 2208 1197 2261 enim
1236 2224 1324 2260 rex
1361 2219 1658 2262 esteorum
1687 2223 1804 2276 qua
1839 2219 1965 2263 sunt
1998 2209 2050 2262 in

473 2299 649 2366 aquis.

553 2390 712 2442 Vens.
754 2389 806 2441 6.
843 2387 1200 2458 l’crsequalur
1232 2391 1478 2444 inimicus
1514 2393 1744 2444 animant
1780 2406 1970 2454 meam,
2005 2401 2051 2444 et

475 2481 900 2546 comprehendat,
927 2490 975 2532 et
1006 2482 1276 2532 conculcet
1308 2481 1361 2533 in
1411 2491 1549 2534 terra
1586 2483 1749 2534 vitam
1781 2499 1967 2543 ineant,
2003 2494 2050 2535 et

473 2569 696 2635 gloriam
735 2585 904 2622 nteant
946 2571 1000 2622 in
1027 2571 1294 2637 pulverem
1340 2573 1590 2632 deducat,
1640 2581 1749 2626 etc.
1786 2571 1903 2626 Vita
1935 2575 2052 2643 ejus

472 2657 560 2726 qui
599 2659 775 2712 adhuc
802 2660 1002 2713 terreni
1037 2660 1328 2729 imaginem
1356 2672 1558 2728 portat,
1593 2663 1644 2714 iu
1679 2673 1885 2717 terram
1925 2682 2055 2718 con-

470 2749 724 2803 culcatur
755 2751 822 2802 ab
849 2750 1088 2803 inimico.
1134 2749 1262 2817 Ejus
1308 2749 1480 2818 gloria
1511 2752 1613 2804 etsi
1637 2751 1908 2807 celebrari
1946 2757 2051 2808 ali-

471 2839 691 2910 quando
742 2839 1011 2900 videatur.
1045 2840 1097 2891 in
1148 2838 1422 2906 pulverem
1456 2849 1638 2893 tamen
1686 2843 1912 2896 deducta
1945 2857 2048 2908 est,

473 2949 576 2985 uon
610 2946 766 2985 secus
812 2945 876 2984 ac
919 2946 1108 2984 eorum
1161 2931 1329 2999 gloria
1376 2932 1468 2998 qui
1510 2933 1782 3001 quidpiam
1819 2934 2050 3001 faciunt,

473 3035 528 3074 ut
559 3021 785 3090 gloriam
817 3031 871 3074 et
908 3020 1119 3074 laudem
1175 3021 1313 3092 vulgi
1349 3034 1565 3092 captent
1597 3033 1652 3078 et
1687 3025 1753 3079 ab
1810 3025 1914 3079 illis
1943 3043 2039 3096 ap-

475 3116 798 3184 probentur.

543 3204 710 3258 Veas.
745 3205 797 3258 7.
842 3203 1102 3271 Exsurge,
1127 3205 1370 3269 Domine,
1395 3211 1445 3262 in
1470 3212 1548 3262 ira
1580 3224 1692 3277 lua,
1722 3223 1770 3264 et
1809 3211 2046 3266 exaltare

470 3300 523 3350 in
577 3298 772 3365 ﬁnibus
825 3299 1161 3350 inimicorum
1209 3316 1484 3365 meorum,
1533 3317 1636 3356 etc.
1683 3305 1823 3358 Istud
1875 3324 1893 3354 ι
1945 3321 2045 3358 ex-

471 3405 654 3458 surge,
713 3409 733 3440 »
796 3405 898 3442 non
952 3405 1237 3457 eorporeo,
1293 3395 1492 3446 sedeo
1537 3399 1913 3465 accipiendum
1961 3407 2042 3451 est

470 3496 632 3534 sensu
708 3478 800 3546 qui
863 3478 1159 3533 vindictam
1219 3491 1274 3534 et
1347 3484 1772 3540 internecionem
1831 3488 2044 3557 signiﬁ-

467 3582 573 3628 Cet.

541 3662 815 3732 Ejusdem.
869 3660 924 3714 Si
971 3661 1050 3715 ira
1087 3661 1181 3716 Dei
1224 3665 1451 3734 corripit
1486 3682 1581 3720 eos
1613 3668 1702 3733 qui
1730 3669 1850 3738 ejus
1875 3671 2044 3724 verbo

467 3754 670 3822 corripi
708 3752 1014 3819 uoluerunt,
1050 3754 1096 3809 is
1119 3755 1212 3824 qui
1249 3757 1364 3812 [nec
1415 3759 1569 3824 dicit,
1607 3761 1896 3816 nonnullos
1923 3777 2047 3815 cor-

470 3844 574 3912 ripi
606 3854 782 3912 rogat.
824 3843 1050 3909 Quando
1085 3862 1216 3902 vero
1258 3847 1416 3902 linem
1453 3864 1518 3904 ac
1563 3851 1860 3905 terminum
1885 3866 2043 3906 acce-

470 3935 612 4003 perit
667 3935 977 4002 ininticitia,
1023 3937 1258 3993 inimicis
1306 3940 1511 3994 Christi
1553 3941 1666 4010 jam
1723 3941 1945 4006 deletis,
1989 3943 2040 3995 in

467 4024 602 4094 ipsis
632 4024 982 4080 iuimieormn
1039 4027 1240 4083 ﬁnibus
1279 4029 1538 4085 Dominus
1576 4031 1870 4096 exaltatur,
1905 4041 1958 4085 et
1987 4032 2040 4086 in

465 4120 709 4189 quolibet
743 4135 929 4174 eorum
967 4121 1057 4190 qui
1102 4134 1322 4191 propter
1370 4124 1635 4178 malitiam
1687 4125 1909 4180 Christo
1947 4126 2046 4178 iui-

467 4213 591 4267 mici
641 4223 820 4279 erant,
875 4215 1136 4268 Dominus
1184 4215 1503 4279 extollitur,
1541 4217 1828 4271 inimicitia
1876 4218 2040 4272 linem

465 4304 712 4371 capiente
740 4345 754 4367 ,
784 4313 952 4373 atque
989 4307 1438 4362 reconciliatione
1486 4308 1842 4378 amicitiaque
1887 4323 2042 4362 exor-

464 4395 664 4453 diente.
704 4396 896 4453 Simile
925 4399 1055 4468 quid
1087 4399 1235 4456 dices
1269 4411 1326 4456 et
1359 4400 1424 4455 de
1457 4401 1695 4456 inimicis
1735 4401 1894 4472 justi.

2157 1931 2370 1993 ἑαυτοῖς
2401 1931 2587 2002 θηρία,
2620 1932 2749 2004 περὶ
2778 1925 2854 1986 ὧν
2878 1931 3123 2004 εἴρηταιο
3166 1951 3182 1982 ι
3230 1932 3624 2004 Ἐπιτίμησον
3669 1939 3782 1998 τοῖς

2155 2022 2364 2094 Θηρίοις
2398 2024 2665 2096 καλάμου.
2709 2045 2726 2075 ι
2760 2025 2892 2089 Καὶ,
2931 2044 2948 2076 ι
2989 2025 3050 2078 Ὀ
3078 2025 3324 2089 διάϐολος
3349 2026 3406 2078 δὲ
3451 2028 3632 2098 παρὰ
3671 2030 3777 2080 πά-

2155 2133 2325 2187 πυρον
2349 2119 2628 2188 κοιμᾶται,
2656 2141 2673 2170 ο
2704 2117 2868 2189 φησὶν
2899 2119 2928 2170 6
2965 2117 3104 2182 Ἰὼϐ,
3148 2137 3167 2169 ι
3209 2118 3302 2171 καὶ
3328 2117 3651 2190 βοὺτομον,
3687 2124 3780 2173 καὶ

2157 2206 2418 2277 κάλαμον.
2462 2226 2482 2259 ι
2529 2207 2717 2272 Ἀὐτὸς
2747 2207 2856 2278 γάρ
2905 2211 3020 2261 ἐστι
3063 2207 3314 2279 βασιλεὺς
3361 2208 3481 2260 τῶν
3543 2212 3607 2262 ἐν
3664 2214 3778 2272 τοῖς

2155 2298 2330 2352 ὕδασι.

2223 2392 2592 2457 Καταδιὼξαι
2616 2392 2731 2460 ἄρα
2761 2394 2794 2446 ό
2819 2391 3033 2460 ἐχθρὸς
3058 2392 3172 2461 τὴν
3202 2392 3417 2462 ψυχήν
3451 2413 3614 2462 μου,
3673 2398 3768 2448 καὶ

2155 2487 2497 2558 καταλάϐοι,
2554 2485 2654 2538 καὶ
2699 2484 3118 2552 καταπατῆσαι
3161 2488 3248 2550 είς
3292 2484 3413 2553 γῆν
3442 2485 3574 2553 τὴν
3604 2487 3774 2550 ζωήν

2147 2598 2290 2650 μου,
2314 2579 2410 2633 καὶ
2443 2578 2556 2646 τὴν
2580 2578 2771 2642 δόξαν
2796 2597 2915 2648 μου
2942 2581 3030 2644 εἰς
3065 2577 3219 2648 χοῦν
3248 2581 3766 2647 κατασκηνώσει,

2155 2691 2207 2726 κ.
2241 2691 2287 2726 τ.
2322 2674 2368 2725 ὲ.
2409 2672 2474 2724 Ἦ
2504 2670 2616 2743 ζωὴ
2657 2670 2766 2742 (45)
2810 2669 2906 2724 τοῦ
2938 2669 3018 2723 ἔτι
3045 2670 3144 2741 τὴν
3184 2670 3368 2723 εἰκόνα
3415 2670 3526 2723 τοῦ
3569 2672 3766 2741 χοῖ-κοῦ

2156 2765 2448 2836 φοροῦντος
2479 2765 2939 2834 καταπεπάτηται
2975 2762 3080 2816 ὑπὸ
3123 2761 3217 2815 τοῦ
3259 2761 3457 2834 ἐχθροῦ
3509 2766 3599 2822 εἰς
3631 2765 3759 2834 τῆν-

2155 2853 2322 2919 Οὗτος
2351 2855 2429 2918 δὲ,
2453 2854 2557 2907 κᾶν
2586 2853 2904 2920 δοξάζεσθαί
2943 2869 3073 2906 ποτε
3123 2853 3274 2923 δοκῇ,
3315 2857 3763 2924 κατεσκήνωσεν

2152 2945 2316 3001 αὐτοῦ
2343 2949 2376 3019 ή
2408 2945 2535 3012 δόξα
2569 2948 2647 3010 εἰς
2683 2944 2833 3014 χοῦν,
2861 2944 2937 3008 ὡς
2966 2944 3074 2996 τῶν
3108 2943 3407 2996 ποιούντων
3436 2963 3494 2997 τι
3541 2946 3635 2999 διὰ
3675 2948 3760 3000 δό-

2155 3041 2250 3105 ξαν
2280 3040 2372 3094 καὶ
2405 3039 2496 3092 τὸν
2537 3038 2686 3110 παρὰ
2720 3037 2932 3091 πολλῶν
2978 3036 3217 3099 ἔπαινον,
3253 3035 3285 3107 ἧ
3334 3035 3440 3106 τὴν
3477 3037 3625 3108 παρ’
3655 3038 3756 3090 αὖε

2153 3127 2262 3181 τῶν
2287 3127 2581 3198 ἀποδοχήν.

2235 3218 2566 3285 Ἀνάστηθι,
2618 3218 2819 3285 Κύριε,
2855 3217 2926 3269 ἐν
2969 3213 3116 3284 ὀργῆ
3166 3229 3306 3278 σου,
3357 3215 3648 3284 ὑψώθητι
3685 3218 3753 3270 ἐν

2154 3308 2278 3374 τοῖς
2319 3309 2536 3376 πέρασι
2565 3307 2685 3361 τῶν
2721 3306 2950 3376 ἐχθρῶν
2983 3325 3125 3375 μου,
3162 3325 3216 3360 κ.
3251 3324 3303 3359 τ.
3347 3308 3397 3360 ὲ.
3439 3308 3523 3360 Οὐ
3567 3327 3750 3380 σωμα-

2151 3400 2317 3463 τικῶς
2349 3400 2457 3468 (46)
2483 3400 2703 3471 νοητέον
2723 3401 2800 3466 τὸ,
2817 3423 2833 3450 ι
2864 3401 3184 3470 ἀναστῆναι,
3210 3419 3227 3451 ι
3244 3399 3379 3452 ἀλλὰ
3405 3400 3467 3452 τὸ
3489 3418 3548 3453 τι
3557 3419 3750 3473 μωρη-

2151 3493 2304 3546 τικὸν
2339 3492 2430 3544 καὶ
2451 3492 2805 3545 ἀναλωτικόν.

2229 3676 2340 3730 Τοῦ
2369 3675 2576 3730 αὑτοῦ.
2608 3677 2671 3728 Εἰ
2705 3678 2738 3746 ή
2759 3676 2895 3748 ὀργὴ
2916 3675 3026 3747 (47)
3050 3674 3141 3728 τοῦ
3169 3674 3305 3728 Θεοῦ
3332 3675 3592 3728 παιδεύει
3625 3679 3748 3740 τοὶς

2158 3768 2232 3840 μὴ
2263 3769 2409 3840 λόγῳ
2467 3767 2823 3837 παιδευθῆναι
2873 3767 3203 3839 θελήσαντας
3255 3767 3444 3830 αὐτοῦ,
3495 3769 3527 3819 6
3573 3770 3748 3822 ταῦτα

2153 3861 2327 3929 λέγων
2381 3859 2736 3930 παιδευθῆναι
2789 3877 2944 3924 τινας
2998 3858 3243 3930 εὔχεται.
3275 3860 3447 3912 Ὅταν
3485 3860 3546 3912 δὲ
3593 3863 3746 3924 τέλος

2156 3953 2249 4006 καὶ
2278 3953 2451 4024 πέρας
2477 3952 2616 4025 λάϐῃ
2644 3954 2677 4022 ἡ
2721 3951 2913 4022 ἔχθρα,
2965 3952 3070 4004 τῶν
3106 3951 3315 4024 ἐχθρῶν
3352 3952 3454 4005 τοῦ
3498 3954 3741 4024 Χριστοῦ

2154 4045 2634 4118 καταργουμένων,
2677 4042 2906 4113 ὑψοῦται
2948 4045 3004 4096 ὲν
3039 4045 3227 4108 αὐτοῖς
3279 4044 3483 4115 πέρασι
3509 4047 3628 4099 τῶν
3654 4050 3740 4117 ἐχ-

2153 4136 2296 4208 θρῶν
2345 4140 2374 4191 6
2425 4135 2648 4208 Κύριος,
2687 4137 2782 4189 κα).
2816 4135 2940 4189 καθ’
2967 4135 3198 4189 ἕκαστον
3242 4137 3352 4188 τῶν
3400 4137 3492 4191 διὰ
3539 4142 3742 4202 κακίας

2151 4227 2362 4298 ἐχθρῶν
2395 4227 2629 4300 Χριστοῦ
2659 4227 2885 4298 ὑψοῦται
2924 4228 2952 4279 6
2984 4226 3207 4296 Κύριος,
3246 4229 3418 4298 πέρας
3463 4229 3740 4302 λαϐούσης

2149 4319 2250 4389 τῆς
2278 4319 2496 4390 ἔχθρας,
2527 4320 2621 4372 καὶ
2650 4317 2824 4390 ἀρχὴν
2853 4318 3084 4388 ἐχούσης
3117 4319 3219 4389 τῆς
3257 4319 3615 4392 καταλλαγῆς
3647 4322 3737 4374 καὶ

2152 4408 2351 4478 φιλίας.
2379 4409 2452 4460 Τὸ
2479 4407 2536 4460 δὲ
2564 4409 2748 4478 ὅμοιον
2780 4408 2924 4478 ἐρεῖς
2958 4407 3052 4458 καὶ
3086 4409 3212 4479 περ)⁸
3248 4409 3356 4460 τῶν
3389 4409 3610 4481 ἐχθρῶν
3647 4412 3737 4464 τοῦ

2065 4517 2114 4572 ι)
2139 4502 2370 4562 δικαίου.

536 4582 701 4635 Vens.
733 4579 785 4635 8.
821 4581 1082 4652 Exsurge,
1118 4581 1340 4636 Domine
1399 4583 1536 4636 Deus
1577 4599 1720 4635 meus
1745 4622 1760 4647 ,
1803 4584 1858 4636 in
1903 4601 2041 4652 prae-

461 4683 609 4740 cepto
655 4671 792 4741 quod
829 4671 1118 4735 mandasti,
1163 4681 1211 4723 et
1252 4688 1521 4742 synagoga
1565 4671 1881 4740 populorum
1929 4676 2039 4727 cir-

463 4762 728 4816 cumdabit
759 4771 826 4824 le,
861 4773 965 4816 etc.
999 4761 1161 4828 Quasi
1210 4763 1374 4827 dicat,
1419 4764 1554 4818 Cum
1581 4774 1854 4833 pnecepto
1893 4766 2036 4835 quod

464 4856 752 4921 mandasti,
775 4870 1030 4926 exsurge.
1053 4855 1343 4910 declarans
1368 4855 1498 4910 illud
1531 4855 1898 4924 potestatibus
1916 4874 2038 4928 quae

465 4949 786 5018 populorum
841 4964 1134 5020 synagoga:
1191 4958 1244 5004 te
1297 4949 1670 5006 circumdanti
1738 4950 2036 5021 adiutrices

465 5050 614 5097 sunt.

536 5135 697 5191 Vens.
732 5134 787 5200 8,
821 5136 875 5190 9.
917 5135 984 5189 Et
1012 5147 1223 5204 promer
1260 5137 1394 5192 hanc
1436 5140 1490 5192 in
1536 5139 1705 5193 altum
1740 5144 2035 5212 regredere.

465 5225 717 5281 Dominus
760 5229 974 5297 judirat
1025 5230 1270 5299 populos,
1318 5241 1429 5285 etc.
1467 5231 1519 5284 In
1555 5233 1724 5287 altqu
1773 5238 1916 5291 unde
1941 5238 2039 5290 de-

461 5319 740 5385 seetltiisli,
765 5320 1051 5389 regredere
1086 5331 1203 5388 post
1237 5327 1710 5378 resurrectionem.

527 5412 574 5443 ⁸³
597 5411 754 5468 Joan.
786 5431 824 5480 ι,
868 5415 954 5471 16.
1029 5415 1075 5446 ⁸⁸
1109 5415 1248 5469 Psal.
1279 5433 1446 5480 vau,
1479 5418 1568 5472 5|.
1644 5422 1688 5451 ⁸⁵
1714 5419 1832 5476 Job.
1873 5438 1956 5482 ιιι..
1991 5420 2076 5475 16.

463 5504 826 5632 Βέιέῗλᾌρὸς
866 5509 1330 5578 ἁμνησικακίαν,
1380 5523 1486 5566 etc.
1545 5513 1770 5569 Scheda:
1820 5515 2030 5582 Grabii,
2070 5538 2074 5542 ·

531 5643 643 5713 (44)
668 5649 738 5722 E_l_
763 5649 795 5699 ὀ
813 5648 1190 5722 *παιδαγωγὸς
1222 5655 1423 5722 νόμος,
1453 5663 1557 5708 etc.
1586 5655 1793 5709 Ezedcm
1822 5655 2033 5710 seheda‘.

461 5728 592 5766 tuss.
622 5725 674 5766 et
705 5715 993 5774 Barbarus.

535 5783 647 5856 (45)
683 5785 749 5840 ἰι
777 5783 892 5856 ζωὴ
920 5789 1053 5853 τοῦ,
1089 5801 1190 5845 etc.
1230 5793 1436 5848 ltedcm
1471 5795 1701 5863 schcda',
1742 5795 2027 5853 Barbarus.

2123 4651 2132 4668 ι
2229 4593 2612 4663 Ὲξεγέρθητι,
2665 4594 2840 4660 Κύριε
2871 4596 2903 4647 ό
2950 4595 3097 4660 Θεός
3147 4612 3288 4664 μου,
3342 4594 3413 4646 ἐν
3470 4596 3739 4662 προστά-

2143 4706 2316 4759 γματι
2349 4680 2396 4752 ᾧ
2423 4685 2719 4748 ἐνετείλω,
2743 4684 2840 4738 καὶ
2874 4686 3196 4756 συναγωγὴ
3233 4685 3399 4739 λαῶν
3431 4688 3737 4742 κυκλώσει

2142 4797 2236 4841 σε,
2266 4798 2318 4833 κ.
2355 4797 2405 4832 τ.
2434 4780 2478 4832 ὲ.
2525 4777 2670 4831 ’Λντὶ
2715 4777 2830 4840 τοῦ,
2859 4777 2995 4832 Μεθ’
3025 4771 3086 4832 οὗ
3120 4779 3230 4849 (48)
3258 4780 3513 4832 ἐνετείλω
3561 4797 3734 4852 προσ-

2140 4872 2417 4942 τάγματος
2469 4868 2819 4940 ἐξεγέρθητι,
2869 4871 3226 4942 προστάσσων
3279 4871 3412 4925 αὐτὸ
3464 4871 3734 4943 δυνάμεσι

2143 4963 2532 5035 συνεργούσαις
2561 4965 2628 5034 τῇ
2663 4960 2936 5036 κυκλούσῃ
2980 4981 3037 5016 σε
3083 4967 3373 5036 συναγωγῇ
3408 4963 3580 5018 λαῶν.

2208 5145 2314 5198 Καὶ
2345 5142 2495 5212 ὑπὲρ
2529 5144 2748 5211 ταύτης
2769 5147 2854 5210 εἰς
2891 5145 3044 5214 ὕψος
3087 5147 3477 5216 ὲπίστρεψον.
3513 5150 3731 5218 Κύριος

2141 5235 2334 5304 κρινεῖ
2367 5235 2576 5302 λαοὺς,
2621 5253 2674 5288 κ.
2708 5254 2759 5288 τ.
2797 5237 2840 5288 ἐ.
2886 5236 2979 5299 Εἰς
3006 5238 3067 5289 τὸ
3112 5237 3244 5307 ὕψος
3277 5239 3386 5306 (49)
3410 5240 3533 5294 ὅθεν
3559 5259 3730 5296 x121-

2143 5329 2410 5401 ϐέϐηκας,
2446 5328 2774 5400 ἐπίπρεψον
2810 5329 2948 5400 μετὰ
2983 5331 3081 5401 τὴν
3108 5331 3426 5386 ἀνάστασιν.

2213 5515 2323 5577 (46)
2345 5517 2426 5567 Οὐ
2457 5513 2822 5583 σωματικῶς,
2853 5525 2958 5570 etc.
2996 5516 3222 5572 Scheda:
3245 5516 3455 5572 Grabii.

2215 5586 2326 5653 (Π)
2367 5589 2432 5640 Εἰ
2459 5588 2495 5652 ἡ
2526 5588 2692 5656 ὀργή,
2724 5599 2828 5638 etc.
2855 5586 3163 5656 (Sorderius.

2181 5652 2326 5735 “(48)
2358 5656 2518 5709 Ἀντί
2551 5652 2674 5711 τοῦ·
2697 5658 2835 5710 Μεθ’
2863 5652 2958 5720 οὗ,
2994 5667 3102 5711 etc.
3150 5657 3374 5710 Schcdze
3412 5673 3545 5713 mss.
3583 5658 3724 5716 (ΖΙ-ος

2141 5725 2327 5864 ¹”’(-ιε))
2359 5797 2461 5863 Εἰς
2488 5795 2551 5850 τὸ
2587 5796 2761 5864 ὕψος,
2796 5808 2899 5853 ctc.
2929 5796 3136 5852 Eaedem
3165 5798 3398 5853 schedm.
