3942 6216
204 364 353 422 1181

1207 355 1517 410 SELECTA
1557 354 1624 408 IN
1659 353 2001 412 PSALMOS.
2043 387 2115 400 -—
2148 355 2346 410 PSAL.
2389 353 2522 410 VIII.

3346 353 3484 408 “8'1

296 481 414 537 Τοῦ
437 479 645 535 αὑτοῦ.
683 498 700 530 s
745 480 914 532 Ὅταν
931 477 1150 548 ὑψωθῶ,
1178 476 1331 548 φησὶ,
1364 477 1570 538 πάντας
1590 475 1789 528 ἑλκύσω

1982 475 2256 544 Ejusdem.
2290 494 2310 528 ι
2351 476 2484 530 Cum
2508 473 2774 528 exaltatus
2807 472 2980 540 fuero,
3011 471 3186 542 inquit
3209 473 3277 538 ⁸⁸,
3297 475 3479 528 omnia

206 572 359 644 πρὸς
393 568 649 641 ἐμαυτόν.
690 587 708 619 ι

288 667 336 718 Σ
343 659 757 726 υντελεσθήτω
772 659 807 712 δ
816 659 847 728 ὴ
883 659 1139 726 πονηρία
1161 656 1547 727 ἁμαρτωλῶν,
1577 676 1632 710 κ.
1669 675 1721 711 τ.
1751 659 1797 710 ὲ.

211 757 392 808 Ὅταν
431 753 616 806 ούκέτι
660 749 771 819 (50)
804 749 1093 821 ἁμαρτάνῃ
1121 765 1225 812 τις,
1261 747 1595 800 συντελεῖται
1633 746 1800 800 αύτοῦ

207 851 252 919 ἠ
284 846 518 920 πονηρία
542 863 555 876 ·
593 846 626 917 ἢ
675 844 910 917 πονηρία
941 843 1048 896 τῶν
1098 840 1439 913 ἁμαρτωλῶν
1477 842 1505 892 6
1554 839 1800 902 διάϐολός

207 943 360 996 ἐστι.

303 1023 438 1075 Ἐὰν
483 1024 563 1089 μὴ
608 1024 1034 1092 ἐπιστραρῆτε,
1062 1020 1168 1084 ἕως
1208 1020 1326 1083 τοῦ,
1368 1019 1785 1086 καταϐήσεται,

202 1127 271 1166 κ.
306 1129 358 1166 τ.
406 1113 455 1166 ὲ.
516 1114 742 1181 Μήποτε
809 1112 1387 1184 παρασεσιωπημένως
1445 1110 1556 1182 (SI)
1613 1110 1789 1164 ταῦτα

203 1205 347 1276 περὶ
389 1203 483 1258 τοῦ
512 1203 760 1256 διαϐόλου
796 1203 1026 1274 εἴρηται.
1057 1198 1225 1268 Οὗτος
1259 1203 1368 1274 γάρ
1411 1203 1547 1274 πρὸς
1579 1202 1790 1265 τούτοις

203 1298 311 1352 καὶ
330 1297 591 1366 ὼδίνησεν
625 1296 837 1349 ἀδικίαν
887 1297 980 1350 καὶ
1012 1297 1081 1349 τὰ
1127 1297 1276 1366 ἑξῆς,
1310 1297 1447 1368 ὀργὴ
1485 1295 1788 1365 τυγχάνων.

218 1390 285 1442 '0
316 1388 502 1459 Πατὴρ
534 1388 590 1440 δὲ
616 1387 708 1441 τοῦ
741 1389 1013 1452 εἰπόντος’
1055 1408 1074 1440 s
1109 1388 1250 1457 Ἐγώ
1275 1391 1390 1458 εἰμι
1417 1390 1449 1458 ἡ
1472 1387 1606 1458 ζωὴ,
1643 1407 1660 1438 ι
1695 1387 1792 1456 οὐχ

202 1477 493 1549 ὲτοιμάζει
519 1478 576 1530 ὲν
605 1477 683 1548 τῷ
714 1477 852 1548 τόξῳ
887 1478 1050 1531 αὑτοῦ
1088 1477 1256 1547 σκεύη
1308 1476 1538 1530 Θανάτου
1560 1492 1572 1504 ·
1611 1474 1792 1544 τίθησι

201 1569 344 1636 γοῦν
369 1568 431 1620 τὸ
457 1567 609 1632 τόξον
640 1567 804 1621 αὐτοῦ
842 1570 900 1620 ὲν
934 1571 998 1639 τῇ
1031 1568 1249 1640 νεφέλῃ,
1298 1567 1384 1619 ἴνα
1421 1567 1494 1637 μὴ
1537 1566 1792 1638 ἐπαγάγῃ

205 1659 360 1730 ὕδωρ
393 1656 777 1726 κατακλυσμοῦ
820 1658 912 1710 ἐπὶ
946 1659 1044 1728 τὴν
1086 1658 1210 1728 γῆν.
1247 1658 1338 1710 Διὸ
1383 1657 1512 1729 περὶ
1543 1655 1636 1709 τοῦ
1679 1655 1794 1708 δια-

204 1748 372 1800 ϐόλου
421 1747 594 1800 ταῦτα
633 1747 888 1816 λέγεσθαι
920 1747 1220 1818 νομιστέον.
1268 1747 1378 1801 Καὶ
1423 1745 1790 1819 πεπυρωμένα

1911 569 2119 620 traham
2154 570 2220 620 ad
2253 583 2338 622 me
2367 569 2568 635 ipsum.
2606 585 2624 616 ι

1977 658 2141 728 582
2179 661 2340 713 Vens.
2388 659 2472 716 l0.
2514 657 2922 713 Consummetur
2960 656 3191 725 nequitia
3239 667 3485 724 peceato-

1907 767 2047 813 rum,
2078 763 2186 803 etc.
2217 749 2447 814 Quando
2479 749 2676 816 aliquis
2713 748 2825 818 jam
2864 745 3098 812 amplius
3132 762 3236 798 non
3269 757 3482 816 peccat,

1907 854 2032 896 tunc
2052 841 2168 909 ejus
2211 841 2474 909 iniquitas
2502 849 2952 902 consummatur;
2980 837 3063 892 vel
3086 838 3251 892 etiam
3283 838 3486 908 iniqui-

1907 943 1986 987 tas
2013 943 2361 1002 peccatorum
2393 932 2645 985 diabolus
2677 940 2779 986 est.

1976 1024 2139 1078 Vsus.
2166 1023 2358 1078 15-18.
2384 1021 2507 1076 Nisi
2533 1025 2768 1076 conversi
2791 1024 3020 1092 fueritis,
3042 1036 3212 1090 usque
3237 1020 3302 1073 ad
3330 1019 3480 1086 illud,

1905 1116 2202 1178 descendet,
2242 1125 2349 1169 etc.
2403 1115 2564 1168 Forte
2619 1115 2732 1167 hate
2788 1114 2948 1166 tacite
2995 1114 3059 1166 de
3087 1110 3304 1165 diabolo
3337 1110 3483 1165 dicta

1905 1219 2050 1261 sunt.
2085 1207 2183 1262 llic
2219 1214 2364 1260 enim
2413 1223 2533 1262 cum
2569 1206 2682 1275 ipsa
2714 1204 2793 1258 ira
2841 1206 2936 1269 sit,
2969 1204 3225 1271 parturiit
3259 1201 3480 1272 injusti-

1910 1302 2064 1365 tiam,
2095 1310 2148 1354 et
2178 1311 2374 1356 caetera
2397 1316 2516 1368 qua:
2545 1308 2869 1366 sequuntur.
2905 1294 3068 1348 Pater
3115 1305 3297 1349 autem
3335 1294 3482 1348 illius

1906 1395 1997 1463 qui
2039 1394 2174 1448 dixit
2208 1413 2222 1447 :
2259 1411 2275 1444 ι
2319 1393 2429 1460 Ego
2473 1407 2592 1445 sum
2644 1392 2773 1452 vita,
2820 1407 2838 1438 ι
2877 1403 2983 1441 non
3037 1394 3194 1456 parat
3243 1387 3295 1439 in
3348 1401 3483 1441 arc't

1907 1499 2010 1538 suo
2045 1499 2174 1538 vasa
2201 1486 2415 1547 mortis,
2445 1483 2536 1537 sed
2566 1482 2716 1552 ponit
2756 1494 2942 1532 arcum
2966 1494 3124 1532 suum
3156 1479 3209 1531 in
3237 1477 3398 1541 nube,
3424 1485 3484 1529 ut

1911 1591 2014 1630 non
2044 1576 2494 1644 imlucataquam
2543 1573 2730 1627 diluvii
2783 1572 2833 1624 in
2882 1578 3106 1623 terram.
3140 1567 3488 1637 Quapropter

1911 1669 2026 1723 [nec
2055 1669 2121 1724 de
2166 1669 2382 1723 diabolo
2415 1667 2523 1721 dici
2558 1664 2983 1721 existimandum
3011 1671 3114 1716 est.
3150 1661 3317 1730 lgnita
3357 1670 3486 1714 sunt

1909 1761 2129 1830 maligni
2172 1759 2353 1827 jacula
2411 1772 2532 1826 qua:
2568 1754 2892 1827 praeparavit
2947 1753 3013 1807 iis
3068 1769 3204 1822 quos
3258 1750 3486 1806 aﬂ'ectus

203 1839 309 1894 τοῦ
333 1839 568 1910 πονηροῦ
599 1841 765 1904 ἐστιν,
792 1838 827 1893 ἃ
853 1837 1207 1911 ἐξειργάσατο
1229 1842 1342 1903 τοῖς
1370 1839 1676 1910 καιομένοις
1699 1839 1789 1892 καὶ

1915 1863 2069 1906 urunt
2101 1863 2154 1904 ct
2183 1852 2501 1906 incendunt.

204 1933 576 2004 πυρουμένοις
602 1932 706 1985 ὑπὸ
741 1933 948 1987 παθῶν.

288 2025 395 2078 Τοῦ
424 2026 588 2080 αὐτοῦ
619 2029 699 2091 είς
732 2027 794 2081 τό
817 2045 829 2057 ·
868 2028 975 2082 Καὶ
1001 2029 1071 2082 ἐν
1099 2027 1261 2094 αὐτῷ
1287 2029 1576 2097 ἡτοίμασε
1601 2028 1790 2098 σκεύη

204 2118 499 2184 θανάτου,
550 2137 603 2173 κ.
662 2137 713 2175 τ.
759 2121 808 2174 ὲ.
858 2121 1033 2192 Σκεύη
1071 2121 1302 2174 θανάτου
1339 2121 1448 2191 (52)
1485 2122 1620 2176 εἰσὶν
1658 2123 1805 2177 ἀκά-

207 2209 390 2282 θαρτα
422 2211 636 2279 λογικά,
684 2212 718 2282 ἢ
753 2214 809 2265 αἱ
842 2212 934 2266 τὸν
965 2212 1194 2266 Θάνατον
1233 2214 1452 2284 ἔχουσαι
1481 2214 1679 2284 ψυχαί·
1718 2213 1796 2278 ὡς

208 2304 385 2375 σκεύη
421 2303 565 2376 ζωῆς
598 2308 650 2359 αἱ
697 2305 795 2377 τὴν
826 2305 970 2376 ζωὴν
1003 2305 1218 2377 ἔχουσαι
1263 2307 1450 2377 ψυχαί.
1497 2307 1651 2361 Οὕτω
1685 2308 1796 2380 γὰρ

207 2396 312 2448 καὶ
345 2394 556 2450 Παῦλον
583 2395 776 2460 σκεῦος
805 2396 1037 2468 ἐκλογῆς
1077 2398 1358 2468 ὠνόμασεν
1403 2400 1431 2450 6
1468 2400 1690 2470 Κύριος.

301 2486 444 2540 Ἰδοὺ
482 2487 783 2554 ὼὸἰνησεν
821 2485 1080 2552 ἀδικίαν,
1119 2486 1418 2541 συνέλαϐε
1452 2489 1661 2553 πόνον,
1696 2487 1794 2541 καὶ

201 2577 420 2631 ἔτεκεν
444 2579 720 2647 ἀνομίαν,
757 2596 809 2631 κ.
839 2595 890 2632 τ.
918 2579 968 2632 ὲ.
1017 2578 1074 2631 '0
1109 2577 1184 2650 μὴ
1224 2577 1466 2647 φιλόθεος
1502 2579 1633 2651 (55),
1663 2579 1798 2633 ἀλλά

201 2670 518 2740 φιλήδονος,
545 2672 806 2740 ἀνάλογον
827 2666 914 2735 αἷς
943 2671 1180 2725 δουλεύει
1206 2673 1416 2743 ἡδοναῖς
1435 2672 1796 2745 συλλαμϐάνει

201 2761 379 2814 πόνον
419 2761 516 2815 ἕνα
542 2762 911 2833 συνημμένον,
954 2764 1048 2816 καὶ
1088 2762 1161 2834 μὴ
1205 2762 1396 2833 ἔχοντα
1445 2761 1647 2833 μεταξὺ
1679 2764 1797 2819 διά-

189 2857 446 2926 λειμμα,
483 2854 578 2908 καὶ
607 2855 786 2908 ὡδίνει
820 2854 1056 2918 ἀδικίαν,
1092 2856 1186 2909 καὶ
1225 2855 1396 2909 τίκτει
1434 2856 1683 2927 ἀνομίαν.
1706 2857 1801 2914 Ἐκ.

193 2948 260 3004 δὲ
290 2949 398 2999 τῶν
421 2947 676 3000 ἐναντίων
698 2950 726 3001 6
759 2946 832 3018 μὴ
879 2947 1175 3020 φιλήδονος,
1207 2948 1342 3002 ἀλλά
1373 2948 1635 3019 φιλόθεος,
1669 2950 1802 3007 ἀνά-

111 3088 114 3090 ν
191 3041 371 3107 λογον
402 3034 484 3103 οἷς
509 3040 824 3111 ἀναδέχεται
852 3041 920 3093 δι’
951 3040 1151 3112 ἀρετὴν
1193 3041 1394 3106 πόνοις,
1433 3040 1799 3112 συλλαμὸἀνει

200 3131 532 3194 εὐπάθειαν,
583 3131 682 3201 τὴν
725 3131 924 3202 χαρὰν,
968 3132 1098 3200 μίαν
1141 3131 1517 3202 συνημμένην,
1568 3132 1664 3187 καὶ
1723 3133 1796 3204 μὴ

205 3225 445 3294 ἔχουσαν
478 3221 680 3292 μεταξὺ
713 3223 1033 3292 διάλειμμα,
1065 3223 1160 3276 καὶ
1205 3222 1387 3277 ὡδίνει
1429 3223 1794 3294 δικαιοσύνην,

210 3311 310 3365 καὶ
339 3311 510 3364 τίκτει
541 3311 798 3382 εὐνομίαν
818 3329 831 3341 ο
863 3313 953 3364 καὶ
984 3310 1156 3377 οὕτως
1189 3313 1377 3368 τέκνον
1411 3313 1620 3382 γίνεται
1644 3316 1790 3368 εὐνο·

216 3402 370 3468 μίας,
397 3401 627 3472 ἀνομίαν
661 3403 897 3475 ἑκάστην
928 3403 1121 3474 μισῶν.

290 3683 402 3738 Τοῦ
446 3683 635 3739 αὐτοῦ
681 3685 770 3750 εις
815 3684 882 3738 τὸ
929 3685 1099 3738 αὑτό.
1131 3684 1357 3738 Ἐτεκεν
1398 3685 1629 3756 ἀνομίαν
1659 3685 1794 3757 (54),

207 3775 398 3847 ἐπειδὴ
435 3775 695 3830 ωνέλαόε
730 3776 911 3841 πόνον,
948 3777 1042 3830 καὶ
1071 3776 1332 3846 ὠδίνησεν
1377 3778 1614 3832 ἀδικίαν.
1645 3778 1792 3849 Αὖτη

206 3867 318 3939 γάρ
368 3869 517 3921 ἐστιν
551 3868 842 3922 ἀκολουθία
889 3868 1126 3938 φύσεως.
1174 3870 1450 3942 Ὠδίνησεν
1510 3871 1796 3942 Ἀχιτόφελ

205 3960 305 4031 τὴν
329 3959 571 4032 πονηρὰν
602 3961 1038 4032 εἰσηγησάμενος
1062 3960 1310 4034 γνώμην.

275 4049 522 4105 Λάκκον
552 4049 767 4119 ὤρυξε,
810 4051 907 4104 καὶ
949 4050 1308 4122 ἀνέσκαψεν
1333 4053 1540 4113 αὐτόν,
1569 4054 1666 4107 καὶ
1698 4054 1796 4123 ἐμ-

204 4141 474 4195 πεσεῖται
503 4145 591 4208 εις
618 4143 847 4210 ,βόθρον
869 4142 941 4196 ὃν
958 4143 1297 4213 εἰργάσατο.
1349 4144 1732 4214 Ἐπιστρέψει
1762 4150 1796 4200 ό

203 4236 395 4300 πόνος
434 4236 622 4289 αὐτοῦ
655 4239 743 4300 εἰς
771 4237 1049 4305 κεφαλὴν
1083 4237 1294 4302 αὐτοῦ,
1332 4239 1432 4291 καὶ
1468 4239 1566 4292 ἐπὶ
1615 4257 1790 4308 κορυ⁹

205 4324 335 4393 φὴν
355 4324 542 4378 αὑτοῦ
581 4325 618 4392 ἡ
659 4324 862 4378 ἀδικία
902 4325 1088 4379 αὐτοῦ
1119 4325 1540 4392 καταϐήσεται,
1574 4345 1629 4380 κ.
1660 4345 1710 4382 τ.
1745 4329 1791 4381 ἐ.

204 4419 435 4486 Μήποτε
465 4418 493 4470 ό
525 4415 729 4481 λάκκος
755 4417 868 4488 (55)
900 4419 1098 4488 χωρίον
1127 4418 1401 4484 κολάσεως
1427 4422 1595 4483 ἐστιν,
1623 4423 1702 4484 εἰς
1733 4421 1793 4473 ὃν

205 4508 433 4577 προνοίᾳ
452 4507 586 4560 Θεοῦ
628 4509 790 4572 αὐτὸς
818 4509 1014 4581 ὀρύξας
1045 4513 1388 4581 ἐμπεσεῖται.
1433 4512 1700 4576 Ἰσόπεδος
1731 4512 1789 4566 δέ
1821 4539 1869 4597 D

202 4601 352 4651 ἐστιν
389 4601 608 4671 αὑτοῦὴ
636 4603 849 4674 κορυφὴ
877 4603 956 4674 τῷ
984 4603 1156 4674 λοιπῷ
1199 4603 1443 4676 σώματι·
1480 4605 1630 4659 οὐδὲν
1679 4605 1787 4676 γὰρ

202 4688 370 4741 αὐτοῦ
407 4689 548 4744 ἀνωο
584 4691 664 4745 διὸ
715 4693 810 4746 καὶ
841 4693 1059 4763 δράκων
1116 4711 1219 4746 που
1273 4695 1510 4764 λέγεται.
1545 4695 1787 4759 Εἰκότως

201 4777 294 4834 οὖν
328 4783 360 4852 ἡ
395 4782 698 4854 ἐπαρθεῖσα
758 4786 852 4838 καὶ
887 4784 1162 4854 ύψωθείσα
1205 4787 1345 4840 κατά
1394 4786 1494 4858 τῆς
1532 4786 1786 4855 γνώσεως

198 4873 293 4929 τοῦ
320 4875 454 4929 Θεοῦ
479 4876 662 4930 ἀδικία
692 4879 857 4933 αὐτοῦ
903 4877 1314 4953 καθαιρουμένη
1364 4882 1457 4934 ἐπὶ
1491 4880 1586 4952 τὴν
1621 4897 1788 4950 κορυ-

201 4966 305 5037 φὴν
340 4967 504 5022 αὑτοῦ
539 4970 932 5042 καταϐήσεται.

780 5153 879 5206 ΨΑ
889 5154 1076 5208 ΛΜοΣ
1115 5158 1198 5210 Η’.

273 5244 375 5306 Εἰς
428 5240 494 5294 τὸ
559 5243 737 5309 τέλος
785 5245 938 5314 ὑπὲρ
985 5247 1105 5301 τῶν
1159 5248 1367 5317 ληνῶν
1413 5248 1657 5318 ψαλμὸς
1699 5245 1779 5312 τῷ

199 5331 396 5397 suum,
437 5351 491 5388 κ.
528 5353 578 5390 τ.
627 5337 672 5388 ὲ.
731 5338 840 5390 Καὶ
883 5341 940 5392 ὲν
981 5339 1060 5412 τῷ
1083 5341 1195 5412 (56)
1231 5348 1284 5394 π’
1313 5343 1407 5395 καὶ
1461 5349 1549 5412 πγ’
1580 5339 1780 5411 ψαλμῷ

265 5430 310 5458 ’⁸⁸
335 5426 492 5484 Joan.
532 5447 629 5496 xu,
661 5432 749 5486 52.

417 5524 592 5577 Ὅταν
624 5526 844 5587 οὐκέτι.
881 5539 988 5583 etc.
1021 5531 1339 5594 Cordcrius,
1369 5536 1663 5593 Barbarus.

291 5595 381 5663 51)
423 5593 668 5661 Μήποτε
718 5603 1384 5663 παρασεσιωπημένως.
1443 5618 1544 5663 etc.
1595 5611 1663 5663 Cu

423 5593 668 5661 Μήποτε
718 5593 1384 5673 παρασεσιωπημένωξ,
1443 5618 1544 5664 etc.
1595 5611 1776 5668 Codex

407 5737 602 5816 ξκεύῃ
640 5738 922 5816 θανᾴτου,
956 5741 1321 5816 etc.Seliedte
1349 5746 1559 5804 Grahii.

269 5805 381 5875 (55)
423 5805 484 5860 '0
510 5806 594 5879 μὴ
631 5805 928 5880 φιλόθεος.
974 5813 1154 5871 Codex
1199 5815 1425 5873 Coislin.
1469 5830 1525 5876 et
1577 5818 1777 5879 Corde-

1981 2036 2145 2095 νεεδ.
2196 2035 2284 2090 14.
2337 2035 2590 2103 Ejusdem
2651 2033 2702 2087 in
2753 2031 2883 2085 illttd
2921 2029 3030 2086 :Et
3069 2029 3122 2083 in
3172 2046 3234 2083 eo
3277 2030 3486 2097 parauit

1904 2147 2028 2184 vasa
2077 2129 2303 2193 mortis,
2349 2138 2457 2180 etc.
2510 2125 2648 2178 Vasa
2701 2122 2894 2177 mortis
2949 2120 3184 2190 appellat
3241 2121 3488 2188 impuros

1905 2221 2136 2281 anintas,
2180 2217 2323 2288 quod
2393 2225 2624 2270 mortem
2695 2213 3058 2274 contineant,
3124 2214 3482 2280 quemadmo-

1905 2312 2029 2364 dum
2081 2325 2206 2364 vasa
2255 2309 2380 2362 vine
2435 2317 2561 2362 sunt
2612 2307 2812 2360 animus
2868 2319 2989 2374 qua:
3031 2304 3197 2358 vitam
3255 2302 3479 2357 habent.

1905 2399 1998 2456 Sic
2025 2401 2168 2456 enim
2199 2409 2249 2455 et
2273 2399 2500 2454 Paulum
2527 2413 2622 2452 vas
2651 2396 2939 2450 electionis
2961 2394 3174 2451 vocavit
3200 2395 3481 2448 Dominus.

1974 2496 2140 2551 Vnus.
2175 2496 2262 2551 15.
2299 2494 2436 2549 Ecce
2464 2493 2714 2562 parturiit
2744 2491 3088 2560 iujustitiam,
3121 2491 3358 2556 concepit
3385 2489 3485 2544 do-

1903 2586 2064 2641 lorem
2106 2597 2153 2640 et
2201 2585 2400 2655 peperit
2445 2583 2804 2652 iniquitatem,
2854 2592 2961 2636 ctc.
3013 2581 3114 2647 Qui
3147 2595 3255 2634 non
3289 2579 3482 2645 Deum,

1904 2680 1998 2735 sed
2041 2681 2346 2749 voluptates
2373 2685 2542 2740 amat,
2595 2674 2646 2727 id
2693 2690 2760 2728 ex
2810 2673 2878 2728 iis
2907 2673 3106 2742 quibus
3135 2677 3305 2728 servit
3333 2673 3486 2726 volu-

1904 2771 2144 2843 ptatibus
2193 2767 2511 2836 assequitur
2541 2775 2598 2819 ut
2629 2764 2904 2834 concipiat
2934 2764 3176 2818 laborem
3214 2778 3320 2816 una
3348 2777 3484 2816 cou-

1904 2877 2128 2927 nexum,
2183 2875 2282 2914 nec
2323 2859 2430 2911 ullo
2480 2855 2770 2910 intervallo
2824 2855 3178 2925 disjunctum,
3215 2853 3486 2922 simulque

1903 2953 2176 3024 parturiat
2222 2950 2546 3019 injustitiam
2585 2963 2651 3003 ac
2689 2946 2869 3017 pariat
2904 2947 3272 3016 iniquitatem.
3303 2947 3484 3001 Econ-

1904 3045 2078 3098 trario
2123 3042 2216 3110 qui
2257 3059 2364 3097 non
2398 3040 2729 3109 voluptates,
2773 3039 2867 3093 sed
2916 3041 3082 3093 Deum
3125 3050 3292 3104 amat,
3327 3040 3378 3093 id
3413 3055 3484 3095 ex

1905 3137 1970 3190 iis
1998 3151 2137 3205 quos
2187 3147 2404 3204 pmptcr
2433 3134 2688 3187 virtutem
2735 3131 2966 3199 suscipit
2995 3131 3296 3199 laboribus,
3331 3147 3484 3188 asse-

1902 3227 2111 3298 quitur,
2138 3236 2195 3279 ut
2222 3225 2496 3293 concipiat
2524 3225 2687 3278 animi
2720 3223 3192 3291 tranquillitatem,
3225 3224 3480 3292 gaudium

1908 3334 2014 3373 una
2065 3332 2392 3381 connexum,
2421 3333 2519 3370 nec
2549 3317 2657 3369 ullo
2695 3315 2984 3371 intervallo
3020 3314 3374 3384 disiunctum,
3405 3314 3482 3368 si-

1901 3408 2123 3475 mulque
2153 3409 2428 3478 parturiat
2459 3409 2727 3477 justitiam
2763 3419 2818 3463 et
2854 3407 3389 3478 pariataaquitatem.
3416 3403 3484 3460 Et

1899 3499 1978 3552 sic
2029 3496 2173 3552 [ilius
2219 3497 2404 3552 evadit
2434 3499 2734 3566 aequitatis,
2764 3499 2892 3553 odio
2941 3500 3147 3553 habens
3183 3497 3484 3569 quamlibet

1901 3591 2270 3660 iniquitatem.

1970 3683 2250 3752 Ejusdem.
2288 3682 2506 3753 Peperit
2540 3683 2906 3753 iniquitatem,
2937 3683 3196 3752 quoniam
3231 3683 3483 3752 concepit

1899 3775 2142 3830 dolorem
2171 3784 2225 3829 et
2254 3774 2507 3845 parturiit
2543 3775 2894 3842 injustitiam.
2934 3773 3059 3828 Ilsec
3085 3775 3231 3829 enim
3263 3784 3343 3828 est
3380 3789 3479 3827 na-

1901 3880 2033 3918 tura:
2079 3867 2492 3933 consequentia.
2536 3865 2802 3920 I’arturiit
2858 3866 3182 3936 Acltilopbcl
3230 3866 3482 3936 maligna:

1896 3967 2089 4011 auctor
2122 3958 2431 4011 sentcntiae.

1973 4046 2138 4102 Vnus.
2169 4048 2256 4112 16,
2292 4049 2379 4104 17.
2436 4046 2631 4100 Locum
2671 4049 2901 4114 operuit,
2943 4059 2988 4102 et
3021 4048 3203 4116 e/Todit
3248 4063 3386 4113 eum,
3430 4057 3481 4102 et

1896 4139 2090 4192 inridet
2114 4139 2166 4190 iu
2190 4139 2398 4205 foveam
2426 4155 2583 4208 quam
2632 4138 2776 4202 fecit.
2803 4137 3152 4193 Conrerlelur
3185 4139 3338 4192 dolor
3365 4137 3480 4209 ejus

1895 4231 1948 4283 in
2000 4241 2156 4298 caput
2203 4234 2340 4300 ejus,
2385 4243 2430 4284 et
2466 4233 2520 4284 in
2564 4232 2811 4285 verticem
2853 4233 3019 4300 ipsius
3067 4235 3318 4303 iniquitas
3361 4233 3480 4299 ejus

1894 4321 2192 4386 descendet,
2241 4333 2348 4378 etc.
2387 4322 2554 4377 Forte
2601 4323 2750 4376 lacus
2784 4325 3033 4396 supplicii
3089 4325 3240 4380 locus
3285 4337 3373 4380 est
3423 4327 3478 4381 in

1895 4429 2055 4483 quem
2092 4415 2436 4484 providentia
2466 4414 2560 4469 Dei
2614 4415 2824 4470 incidet
2877 4420 2966 4487 qui
3023 4431 3146 4470 eum
3199 4416 3473 4472 effoderit.

1898 4507 2222 4577 Exaaquatur
2253 4518 2435 4563 autem
2491 4525 2751 4567 cacumen
2803 4511 2921 4580 ejus
2976 4511 3184 4579 reliquo
3237 4510 3478 4578 corpori.

1897 4599 2042 4652 Nihil
2073 4601 2216 4654 enim
2247 4611 2342 4668 est
2373 4616 2562 4672 supra.
2589 4603 2956 4669 Quamobrem
2994 4611 3050 4656 ct
3076 4602 3239 4656 draco
3271 4602 3473 4656 alicubi

1893 4692 2116 4747 dicitur.
2165 4692 2358 4749 Merito
2411 4710 2544 4765 ergo
2600 4711 2722 4765 qua:
2781 4696 3046 4751 attollitur
3094 4707 3150 4750 et
3204 4695 3478 4750 exaltatur

1894 4795 2085 4838 contra
2126 4785 2218 4838 Dei
2259 4787 2628 4855 cognitionem
2677 4788 2940 4858 injustitia
2989 4789 3126 4856 ejus,
3164 4789 3478 4843 destruetur

1891 4887 1947 4934 et
1983 4878 2036 4933 in
2079 4878 2338 4934 verticem
2374 4880 2541 4948 ipsius
2571 4883 2886 4937 descendet.

2437 5155 2755 5212 PSALMUS
2787 5155 2920 5212 Vlll.

1961 5251 2122 5324 583
2155 5254 2317 5309 Vens.
2362 5257 2409 5309 l.
2453 5255 2518 5308 In
2545 5257 2700 5323 ﬁnem
2722 5270 2817 5324 pro
2848 5253 3206 5307 torcularibus
3230 5255 3469 5319 psalmus

1893 5342 2084 5412 David,
2117 5357 2223 5403 etc.
2265 5348 2323 5403 Et
2377 5350 2428 5402 iu
2483 5351 2821 5420 octogesimo
2853 5364 2916 5404 ac
2949 5348 3279 5417 octogesimo
3311 5350 3470 5403 tertio

1883 5543 2010 5595 rius.

2099 5613 2349 5698 ςρτεκεν
2373 5611 2648 5698 deep/ar,
2677 5621 2783 5667 elc.
2809 5612 3034 5698 δεῦε-ἀει)
3061 5611 3269 5698 ϐνίιὺίξ.

1955 5682 2068 5751 (55)
2091 5681 2336 5745 Μήποτε
2363 5685 2395 5736 ό
2416 5681 2664 5747 λάκκος,
2697 5694 2803 5738 etc.
2835 5684 3047 5739 Eaedem
3081 5685 3296 5738 schedia
3325 5699 3461 5740 mss.

1961 5752 2073 5820 (56)
2104 5754 2208 5825 Καὶ
2242 5753 2434 5825 ἐντῷ,
2474 5765 2580 5809 etc.
2615 5755 2930 5825 Cordrrius,
2967 5753 3263 5810 Barbarus.
3313 5755 3466 5809 schc.

1884 5821 1965 5876 «Ιιιξ
2000 5824 2185 5879 Cotnb.
2230 5834 2284 5880 cl
2309 5824 2514 5881 Grabii.
