3942 6216
157 293 321 345 118ἲὶ

1165 281 1477 337 BELECTA
1518 277 1583 333 IN
1620 273 1959 333 PSALMOS.
2007 311 2070 319 —
2109 277 2300 332 I’SAL.
2343 278 2431 334 IX.

3311 290 3448 348 1186

156 407 400 478 συνίησι
431 406 499 459 τὰ
535 406 631 477 τῆς
663 405 877 468 νυκτὸς,
915 404 1139 474 ὕστερον
1165 401 1220 455 δέ
1254 419 1384 455 ποτε
1413 401 1481 454 τὰ
1504 401 1602 472 τῆς
1627 400 1766 473 ὴμέ-

1889 399 2053 452 ioctis
2089 411 2237 466 sunt,
2289 399 2566 469 intelligit,
2613 399 2812 456 deimle
2840 415 2961 470 qua:
2992 403 3061 459 ad
3091 406 3234 462 diem
3281 413 3452 479 perii-

161 515 306 570 ρας.

254 591 323 644 Τί
348 589 518 643 ἐστιν
538 585 868 655 ἅνθρωπος.
889 587 976 640 ὅτι
995 586 1308 656 μιμνήσκῃ
1335 585 1520 639 αὐτοῦ
1541 601 1558 648 ;
1579 584 1616 652 ἣ
1639 585 1768 650 υἱὸς

158 681 521 750 ἀνθρώπου,
553 680 642 734 ὅτι
673 679 1007 746 ἐπισκέπτῃ
1035 679 1244 741 αὑτὸν,
1275 696 1328 732 κ.
1362 696 1412 730 τ.
1445 679 1492 731 ἐ.
1534 678 1596 731 Ei
1634 677 1767 730 θαυ-

168 774 376 844 μάζων
407 771 543 842 (6|),
577 771 660 823 ὅτι
698 771 1062 840 μιμνήσκεται
1097 768 1302 840 Κύριος
1328 767 1421 820 τοῦ
1455 766 1765 838 ἀνθρώπου,

164 865 277 917 καὶ
305 864 386 916 ὅτι
417 860 808 913 ἐπισκέπτεται
859 859 974 912 υἱὸν
1019 855 1332 928 ἀνθρώπου,
1385 854 1560 909 ταῦτά
1611 872 1765 927 φησι,

164 953 367 1022 δῆλον,
399 952 481 1004 ὅτι
511 948 816 1020 εὐεργετῶν
847 948 1260 1002 ἐπισκέπτεται.
1291 944 1460 998 Τοῦτο
1489 945 1546 998 δὲ
1573 963 1769 1015 σημει-

165 1045 305 1118 ὡσῃ
335 1043 426 1098 διὰ
449 1044 530 1107 τὸ,
571 1059 590 1092 ι
641 1039 1040 1111 Ἐπισκέψομαι
1082 1040 1139 1092 ἐν
1195 1037 1376 1109 ρἀδῳ
1407 1038 1504 1100 τάς
1542 1039 1770 1108 ἀνομίας

170 1136 391 1200 αὐτῶν,
426 1137 520 1190 καὶ
554 1137 611 1188 ἐν
647 1131 868 1205 μάστιξι
901 1133 1001 1196 τὰς
1034 1132 1246 1195 ἀδικίας
1278 1131 1477 1195 αὐτῶν,
1516 1150 1534 1182 ι
1569 1132 1663 1185 καὶ
1683 1131 1770 1185 διὰ

171 1230 265 1290 τὸ,
309 1247 328 1278 ι
378 1229 492 1281 Οὐκ
547 1226 914 1297 ἐπισκέψομαι
962 1225 1055 1279 ἐπὶ
1084 1224 1184 1288 τὰς
1231 1225 1539 1294 θυγατέρας
1597 1223 1769 1292 ὑμῶν,

171 1319 318 1372 ὅταν
365 1317 695 1389 πορνεῦωσι,
749 1317 844 1370 καὶ
878 1316 970 1371 ἐπὶ
1009 1316 1110 1380 τὰς
1156 1316 1373 1386 νύμφας
1415 1314 1592 1384 ὑμῶν,
1643 1313 1772 1368 ὅταν

178 1411 512 1481 μοιχεύωσι.
555 1430 572 1460 ι
615 1411 710 1463 καὶ
733 1411 803 1463 τὰ
835 1411 1016 1480 ὃμοια.

269 1501 651 1566 Ἡλάττωσας
687 1501 877 1554 αὐτὸν
919 1501 1123 1568 ,βραχύ
1167 1517 1222 1552 τι
1275 1498 1411 1567 παρ’
1453 1498 1770 1569 ἀγγέλους,

174 1611 234 1648 κ.
269 1611 320 1647 τ.
345 1595 391 1647 ἐ.
419 1593 528 1646 Καὶ
545 1593 706 1654 αὐτὸς
727 1591 836 1662 γάρ
861 1607 952 1643 σου
977 1587 1084 1660 (6‘2)
1107 1589 1308 1658 γνῶσιν
1323 1589 1466 1660 ἔχειν
1493 1588 1770 1659 πεφυκὼς,

1869 500 2020 548 nent.

1941 578 2106 634 Vsus.
2139 581 2192 635 5.
2223 581 2363 646 Quid
2390 587 2464 634 est
2499 585 2654 634 homo
2689 581 2831 650 quod
2856 597 3058 636 memor
3087 600 3139 638 es
3168 585 3329 650 ejus?
3360 599 3453 641 aut

1867 671 2015 739 ﬁlius
2053 673 2306 739 hominis,
2339 675 2586 741 quoniam
2630 675 2814 728 risitas
2857 689 2976 727 eum
3007 676 3032 728 1’
3071 684 3178 729 etc.
3220 675 3374 743 Quod
3407 681 3451 732 si

1871 764 2104 817 miratus
2154 763 2440 817 Dominum
2493 765 2731 819 hominis
2783 767 3104 822 meminisse
3150 778 3202 821 et
3232 768 3454 823 visitare

1874 855 2042 908 tilium
2085 855 2344 919 hominis,
2399 857 2514 910 lucc
2545 857 2696 921 dicit,
2734 857 2940 911 clarum
2967 869 3047 913 est
3080 875 3203 914 eum
3233 861 3457 916 benefa-

1873 945 2069 1001 ciendo
2101 948 2348 1003 visitare.
2386 947 2500 1004 Hoc
2549 961 2731 1003 autem
2767 951 3086 1008 observabis
3137 962 3359 1023 propter
3390 956 3454 1007 il-

1872 1037 1963 1091 lud
1993 1037 2082 1091 ’δε
2123 1057 2141 1088 ι
2191 1039 2436 1093 Visitabo
2486 1040 2538 1093 in
2586 1042 2736 1110 virga
2791 1041 3112 1110 iniquitates
3157 1060 3371 1112 eorum,
3406 1057 3459 1100 rt

1874 1130 1927 1183 in
1961 1130 2278 1184 verberibus
2305 1144 2532 1199 peccata
2568 1148 2780 1198 eorum,
2826 1153 2844 1185 ι
2879 1145 2933 1188 ct
2961 1138 3455 1204 propteristud":

1880 1240 1899 1272 ι
1933 1221 2046 1276 Νοιι
2086 1223 2321 1278 visitabo
2367 1240 2531 1294 super
2572 1225 2713 1281 filias
2747 1233 2978 1292 vestras,
3008 1244 3130 1283 cum
3177 1229 3459 1283 fornicata:

1877 1314 2101 1378 fuerint,
2152 1325 2207 1370 ct
2261 1331 2426 1384 super
2461 1328 2658 1373 uxores
2690 1315 2920 1383 vestras,
2952 1335 3074 1374 cum
3115 1320 3460 1377 adulterave-

1877 1408 2006 1471 rint,
2050 1427 2066 1460 ι
2107 1417 2161 1463 et
2197 1409 2416 1464 similia.

1951 1500 2114 1556 Vens.
2145 1498 2197 1558 6.
2230 1499 2476 1555 Miuuisti
2504 1509 2621 1556 eum
2646 1503 2984 1571 paulominus
3009 1508 3073 1559 ab
3103 1509 3458 1578 ongelis,etc.

1881 1593 2092 1648 Etenim
2124 1608 2245 1647 cum
2297 1595 2411 1662 ipse
2459 1605 2649 1648 natura
2700 1605 2860 1667 aptus
2893 1599 2962 1652 sit
2993 1600 3057 1652 ad
3091 1601 3164 1653 tui
3196 1603 3452 1656 notitiam

173 1686 286 1738 οὐκ
335 1683 690 1738 ἀπολείπεται
731 1683 871 1738 λίαν.
910 1681 1221 1754 Ὀμοιοῦται
1246 1681 1356 1753 γάρ
1399 1698 1502 1743 σοι,
1541 1680 1683 1734 κατά
1714 1681 1772 1734 τὸ

1889 1685 2346 1752 consequendam,
2384 1701 2487 1739 non
2518 1686 2812 1742 admodum
2846 1689 2913 1742 ab
2942 1689 3047 1744 illis
3093 1692 3277 1745 distat.
3309 1694 3461 1747 Assi-

174 1776 430 1839 δυνατὸν,
462 1774 747 1845 ἁγιότητος
769 1774 862 1828 καὶ
889 1773 1088 1845 ἀρετῆς
1107 1772 1391 1843 ἀναλήψει.
1421 1771 1528 1826 Καὶ
1552 1772 1639 1827 διὰ
1673 1772 1772 1843 τὴν

178 1867 372 1920 εἰκόνα
403 1867 498 1921 καὶ
524 1865 623 1937 τὴν
654 1865 912 1936 ὁμοίωσιν
936 1865 1034 1936 τὴν
1063 1864 1173 1918 τῶν
1199 1863 1409 1934 θνητῶν
1440 1864 1588 1935 αὑτῷ
1617 1863 1771 1929 ζώων

182 1958 528 2029 προστασίαν
567 1956 892 2028 ἁπένειμας.
939 1957 1156 2020 Ταύτας
1182 1955 1433 2027 εἰρῆσθαι
1465 1958 1594 2028 περὶ
1635 1959 1771 2029 Χρι-

185 2049 319 2102 στοῦ
343 2049 442 2112 τὰς
470 2049 644 2114 λέξεις
671 2049 700 2101 ό
730 2047 938 2112 Παῦλος
971 2047 1242 2120 Ἑϐραίοις
1275 2049 1428 2118 φησι.
1457 2048 1618 2118 Λέγει
1640 2050 1768 2119 γάρ’

188 2156 210 2191 ι
242 2141 350 2194 Τὸν
377 2141 433 2194 δέ
466 2139 639 2212 βραχύ
669 2157 721 2191 τι
753 2140 884 2211 παρ’
929 2138 1198 2207 ἀγγέλους
1238 2137 1620 2210 ἠλαττωμένον
1649 2139 1772 2210 βλέ-

183 2249 366 2301 πομεν
405 2230 630 2302 Ἰησοῦν,
660 2228 750 2284 διὰ
780 2230 842 2282 τὸ
874 2228 1106 2302 πάθημα
1132 2230 1228 2284 τοῦ
1258 2230 1492 2284 θανάτου
1520 2231 1644 2303 δόξῃ
1679 2231 1775 2286 καὶ

179 2326 321 2396 τιμῇ
349 2320 813 2393 ἐστεφανωμένον.
861 2341 878 2372 ι

261 2590 416 2661 Δόξῃ
446 2591 542 2645 καὶ
574 2589 715 2660 τιμῇ
747 2589 1177 2658 ἐστεφάνωσας
1204 2587 1426 2642 auro?“
1467 2587 1562 2642 καὶ
1600 2586 1774 2641 κατέ-

187 2700 428 2752 στησας
457 2684 644 2736 αὑτὸν
693 2681 791 2735 ἐπὶ
827 2681 900 2734 τὰ
941 2679 1086 2749 ἔργα
1125 2678 1245 2733 τῶν
1281 2675 1494 2748 χειρῶν
1534 2691 1673 2738 σου,
1716 2693 1770 2728 κ.

187 2793 239 2830 τ.
274 2776 321 2828 ἐ.
357 2775 467 2827 Καὶ
495 2774 524 2824 ὁ
565 2772 888 2836 Ἀπόστολος
929 2771 1041 2844 (65)
1068 2769 1318 2825 ἐντεῦθεν
1347 2769 1596 2839 ὠνόμασε
1627 2785 1645 2818 ι
1682 2765 1774 2819 τὸν

191 2867 504 2939 ἀμάραντον
527 2867 626 2937 τῆς
651 2864 810 2935 δόξης
852 2863 1131 2933 στέφανον.
1169 2884 1186 2914 ι
1219 2861 1328 2916 Καὶ
1370 2859 1482 2913 ἔσθ’
1506 2860 1596 2913 ὅτε
1640 2859 1772 2928 τιμῇ

188 2956 636 3029 ἐστεφανωμένος
667 2973 752 3018 τις
773 2954 834 3007 οὐ
871 2953 1214 3026 συνῆκεν,ὡς
1247 2955 1305 3006 ἐν
1335 2950 1414 3022 τῷ
1433 2968 1447 2983 ο
1482 2969 1499 3002 ι
1539 2949 1777 3020 Ἀνθρω-

1879 1775 2104 1828 milatur
2144 1776 2291 1829 enim
2347 1775 2466 1838 tibi,
2503 1777 2682 1844 quoad
2721 1776 2838 1830 ﬁeri
2867 1788 3063 1847 potest,
3097 1797 3221 1834 cum
3255 1786 3462 1838 sancti-

1878 1869 2043 1919 tatem
2079 1875 2135 1920 et
2164 1866 2420 1921 virtutem
2444 1867 2547 1922 sibi
2573 1869 2935 1938 comparavit.
2966 1869 3032 1925 Et
3072 1885 3302 1942 propter
3324 1875 3460 1928 inm-

1875 1958 2055 2027 ginem
2114 1973 2176 2013 ac
2228 1959 2694 2022 similitudinem.
2749 1961 3039 2032 imperium
3095 1964 3194 2034 ipsi
3252 1969 3459 2023 morta-

1876 2046 2007 2100 lium
2048 2049 2370 2102 animaliqu
2419 2050 2721 2106 tradidisti.
2769 2051 2944 2106 Verba
2978 2055 3090 2107 limc
3118 2056 3183 2109 de
3237 2055 3461 2110 Christo

1876 2135 1989 2192 dici
2050 2136 2257 2194 Paulus
2319 2140 2372 2193 in
2448 2141 2695 2211 Epistola
2758 2143 2826 2196 ad
2885 2141 3140 2198 llcbraéos
3205 2145 3457 2199 aﬂirmat.

1875 2233 1969 2286 Ait
2017 2233 2165 2285 enim
2223 2233 2268 2263 ⁹⁴¹
2327 2253 2338 2286 :
2405 2249 2424 2284 ι
2483 2233 2617 2286 Eum
2663 2244 2846 2289 autem
2894 2237 2984 2303 qui
3041 2237 3252 2291 modico
3297 2254 3458 2306 quam

1878 2326 2054 2396 angeli
2134 2325 2441 2379 minoratus
2507 2337 2632 2390 est,
2697 2327 2944 2382 videmus
3017 2325 3247 2393 Jesum,
3334 2346 3465 2398 ιιι-«ι-

1877 2427 2002 2486 pter
2047 2417 2358 2486 passionem
2409 2418 2625 2484 mortis,
2678 2415 2850 2489 gloria
2895 2428 2950 2472 et
2987 2419 3198 2474 honore
3232 2435 3462 2474 corona-

1879 2519 2015 2564 nun.
2055 2525 2074 2558 ι

1952 2596 2114 2653 Vens.
2146 2599 2200 2662 6,
2231 2599 2282 2652 7.
2330 2598 2516 2654 Gloria
2558 2610 2605 2653 et
2656 2601 2854 2655 honore
2903 2605 3174 2656 coronosti
3218 2616 3358 2670 eum,
3413 2609 3463 2654 el

1877 2692 2199 2746 constituisti
2228 2707 2348 2745 eum
2391 2709 2551 2758 super
2586 2703 2742 2760 opera
2783 2699 3038 2747 manuum
3080 2705 3318 2759 tuorum,
3351 2705 3461 2748 etc.

1882 2781 2021 2837 Hinc
2071 2785 2235 2836 etiam
2288 2782 2579 2853 Apostolus
2635 2800 2654 2834 ι
2715 2784 3230 2840 immarcescibilem
3277 2785 3464 2854 gloria:

1877 2873 2136 2929 Coranum
2198 2894 2216 2929 ε
2275 2875 2577 2928 nominavit
2608 2875 2676 2930 ⁸⁷.
2734 2875 2823 2930 Fit
2861 2876 3027 2931 etiam
3064 2877 3359 2946 aliquando
3405 2885 3465 2929 nt

1878 2967 2000 3036 quis
2050 2982 2109 3021 se
2138 2966 2310 3036 gloria
2347 2975 2666 3021 coronatum
2716 2983 2824 3022 non
2879 2968 3167 3039 intelligat,
3201 2969 3360 3039 juxta
3398 2971 3466 3022 il-

190 3069 290 3116 πος
311 3054 368 3105 ὲν
401 3052 530 3120 τιμῆ
572 3050 646 3102 ὢν
685 3047 746 3100 οὐ
777 3047 1031 3118 συνῆκεν.
1074 3066 1091 3098 ι
1128 3046 1242 3100 Οὐκ
1260 3042 1466 3099 Ἐπὶ.τά
1503 3043 1640 3111 ἔργα
1679 3055 1772 3094 σου

1889 3059 1970 3114 Iud
2001 3057 2049 3091 ⁸⁵
2083 3077 2096 3112 :
2138 3077 2156 3108 ι
2193 3057 2363 3112 Homo
2393 3073 2517 3112 cum
2560 3059 2612 3112 in
2645 3059 2854 3114 honore
2888 3071 3054 3123 esset,
3088 3077 3194 3112 non
3249 3060 3463 3114 intelle-

189 3145 248 3199 δὲ
288 3141 464 3207 εἶπεν,
493 3143 638 3214 ἅπερ
673 3137 826 3212 οἶμαι
862 3137 1004 3195 εἶναι
1035 3139 1104 3192 τὰ
1139 3137 1213 3210 μὴ
1238 3136 1562 3207 βλεπόμενα.
1616 3133 1774 3206 Πρῶ-

193 3254 274 3289 τοι
306 3236 404 3306 μέν
437 3231 530 3288 οὖν
579 3235 635 3286 ἐν
686 3233 868 3304 ἔργοις
903 3230 1070 3301 ἐσμὲν
1099 3228 1299 3302 χειρῶν
1335 3228 1493 3292 Θεοῦ,
1528 3227 1776 3280 τουτέστι

189 3331 302 3392 τοῖς
344 3323 418 3398 μὴ
452 3324 828 3396 βλεπομένοις.
863 3322 1055 3376 Ταῦτα
1080 3321 1136 3374 δὲ
1169 3321 1265 3374 καὶ
1301 3320 1441 3391 μετὰ
1481 3319 1579 3390 τὴν
1619 3321 1768 3373 ἐναν-

193 3418 478 3493 θρώπησιν
503 3420 706 3471 νοεῖται
737 3415 831 3469 τοῦ
853 3413 988 3467 Θεοῦ
1018 3412 1114 3466 καὶ
1142 3413 1393 3484 Σωτῆρος
1428 3412 1586 3483 ἡμῶν
1609 3429 1622 3441 ·
1651 3407 1774 3481 δόξῃ

192 3515 301 3584 γὰρ
331 3513 425 3566 καὶ
457 3513 590 3582 τιμῇ
625 3510 653 3561 ὁ
683 3507 970 3579 ἄνθρωπος
995 3506 1402 3574 ἐστεφάνωται·
1428 3524 1446 3554 ι
1481 3505 1775 3574 Συνήγειρε

191 3606 299 3676 γὰρ
323 3605 470 3674 ἡμᾶς
502 3603 597 3656 καὶ
627 3599 978 3654 συνεκάθισεν
1002 3599 1058 3653 ἐν
1089 3602 1200 3662 τοῖς
1229 3597 1590 3668 ἐπουρανίοις,
1623 3613 1640 3647 ›
1679 3612 1778 3648 κα-

194 3696 300 3762 θώς
327 3712 490 3768 φησιν
518 3697 546 3749 ό
586 3693 925 3757 ’Λπόστολος.

265 3873 466 3928 Πάντα
502 3871 808 3938 ὑπέταξας
834 3867 1116 3927 ὑποκάτω
1155 3867 1275 3922 τῶν
1317 3863 1521 3920 ποδῶν
1564 3863 1774 3928 αὐτοῦ,

195 3967 457 4034 πρόϐατα
500 3965 598 4018 καὶ
632 3964 790 4031 ,ϐόας
841 3961 1067 4027 πάσας,
1098 3961 1186 4014 ἔτι
1232 3957 1301 4013 δὲ
1346 3957 1448 4011 καί
1481 3955 1556 4011 τὰ
1583 3955 1775 4024 κτήνη

196 4057 300 4112 τοῦ
343 4058 575 4120 πεδίου,
619 4057 690 4112 τὰ
731 4053 973 4110 πετεινὰ
1009 4051 1116 4106 τοῦ
1165 4050 1446 4119 οὐρανοῦ,
1487 4049 1589 4103 καὶ
1633 4047 1776 4114 τοὺς

197 4151 402 4218 ἰχθύας
429 4147 537 4217 τῆς
568 4146 908 4215 θαλάσσης,
941 4163 995 4198 κ.
1027 4163 1078 4197 τ.
1130 4144 1176 4197 ὲ.
1207 4143 1381 4196 Ὅπου
1425 4141 1524 4214 μὲν
1555 4139 1776 4212 καθαρὰ

198 4243 304 4313 (64)
338 4240 584 4312 πρόθατα
611 4241 706 4293 καὶ
741 4239 882 4309 βόες,
915 4256 934 4288 ι
973 4235 1153 4288 πάντα
1183 4253 1201 4285 ι
1239 4232 1609 4304 προσέθηκεν·
1644 4230 1775 4285 ἔνθα

196 4329 250 4384 δέ
286 4329 556 4400 ἐνδέχεται
606 4327 703 4380 καὶ
752 4322 1060 4396 ἀκάθαρτα,
1116 4323 1193 4386 ὡς
1241 4324 1334 4378 ἐπὶ
1387 4322 1496 4376 τῶν
1557 4320 1773 4393 κτηνῶν

1881 3149 1978 3203 xit.
2014 3169 2032 3202 ι
2074 3148 2191 3202 Non
2219 3149 2356 3203 dixit
2389 3160 2594 3214 autem,
2632 3149 2807 3219 Super
2836 3165 2998 3218 Opera
3041 3161 3150 3216 tua,
3200 3167 3320 3220 quae
3349 3154 3465 3206 esi-

1881 3241 2043 3294 stimo
2073 3253 2192 3292 esse
2225 3254 2287 3291 ea
2328 3256 2452 3306 qua:
2482 3255 2588 3293 non
2632 3241 2899 3295 videntur.
2934 3241 3045 3295 Nos
3084 3243 3247 3312 igitur
3302 3244 3461 3312 primi

1879 3341 2067 3386 sumus
2099 3332 2148 3383 in
2182 3331 2438 3399 cperibns
2472 3347 2726 3385 manuum
2759 3332 2876 3397 Dei,
2911 3334 2962 3387 id
2995 3345 3079 3388 est
3109 3334 3175 3387 iis
3208 3349 3329 3404 qua:
3354 3352 3459 3388 nou

1880 3422 2155 3474 videntur.
2209 3419 2335 3475 Haec
2385 3421 2549 3474 etiam
2607 3431 2728 3492 post
2784 3423 3214 3478 incarnationem
3265 3426 3357 3481 Dei
3407 3437 3465 3480 ct

1880 3512 2184 3567 Salvatoris
2220 3512 2412 3574 nostri,
2453 3513 2626 3568 locum
2663 3515 2866 3570 habere
2902 3515 3298 3586 intelliguntur,
3333 3531 3460 3571 nam

1877 3605 2047 3674 gloria
2079 3613 2132 3660 et
2167 3605 2371 3662 honore
2412 3616 2710 3662 coronatus
2736 3617 2818 3661 est
2848 3609 3012 3662 homo
3045 3626 3058 3664 :
3098 3626 3116 3659 ι
3159 3607 3463 3664 Conresus-

1879 3697 2068 3752 citavit
2110 3701 2253 3753 enim
2288 3705 2384 3754 nes
2418 3709 2473 3754 et
2496 3700 2793 3755 consedere
2823 3699 2953 3754 lecit
2983 3701 3035 3754 in
3069 3699 3403 3764 coelestibus,
3437 3719 3456 3750 ι

1881 3799 1938 3844 ttt
1970 3789 2048 3844 ait
2069 3791 2363 3860 Apostolus
2387 3793 2457 3847 ’9.

1953 3879 2119 3934 Vens.
2151 3881 2288 3946 8,9.
2338 3882 2532 3937 Omnia
2586 3883 2855 3952 subjecisti
2907 3883 3001 3937 sub
3047 3883 3269 3954 pedibus
3318 3883 3458 3953 ejus,

1879 3982 1994 4022 oves
2019 3977 2068 4023 et
2100 3971 2249 4024 boves
2277 3973 2571 4035 universas.
2603 3973 2819 4042 insuper
2845 3983 2893 4026 et
2927 3961 3116 4042 pecora
3149 3973 3343 4041 campi,
3376 3990 3465 4024 vu-

1877 4060 2052 4116 lucres
2077 4063 2194 4116 caeli
2215 4073 2266 4116 et
2293 4064 2460 4132 pisces
2488 4066 2672 4127 maris,
2694 4075 2803 4120 etc.
2827 4064 3276 4134 Quandoquidem
3307 4079 3462 4118 mnu-

1879 4153 1960 4206 da:
1987 4164 2116 4208 sunt
2155 4169 2283 4209 oves
2334 4165 2388 4209 ct
2435 4156 2620 4221 bores,
2657 4156 2863 4210 addidit
2899 4175 2918 4208 ι
2949 4143 3267 4222 universas;
3308 4175 3327 4209 ι
3366 4151 3459 4209 ubi

1878 4258 2012 4298 vero
2055 4245 2331 4300 immunda
2363 4261 2486 4302 esse
2531 4247 2789 4301 animalia
2838 4256 3090 4318 possunt,
3125 4258 3182 4302 ut
3213 4249 3264 4302 in
3300 4259 3464 4317 p‘ecu-

1881 4334 2028 4391 ribus
2061 4338 2263 4408 campi,
2297 4352 2404 4392 non
2439 4338 2575 4392 dicit
2608 4337 2816 4393 omnia.
2846 4338 2924 4393 Ita
2963 4346 3016 4395 et
3050 4340 3102 4394 in
3144 4339 3464 4401 volucribus

195 4422 286 4477 τοῦ
313 4421 520 4484 πεδίου,
543 4420 645 4473 οῦκ
689 4419 904 4491 εἴρηται
954 4437 971 4469 ι
1002 4418 1199 4473 πάντα.
1229 4437 1248 4471 ι
1289 4416 1523 4487 Ὁμοίως
1545 4415 1640 4468 καὶ
1677 4413 1769 4466 ἐπὶ

1889 4428 2006 4482 εαξΙί
2042 4438 2095 4484 et
2135 4431 2380 4500 piscibus
2413 4433 2604 4488 maris.

196 4515 299 4567 τῶν
339 4511 600 4566 πετεινῶν
631 4509 723 4564 τοῦ
759 4511 990 4582 οὐρανοῦ
1033 4511 1128 4565 καὶ
1181 4509 1378 4582 ἰχθύων
1411 4507 1512 4578 τῆς
1564 4505 1768 4561 θαλάσ-

200 4622 311 4676 σης.

783 4785 1074 4840 ΨΑΛΜΟΣ
1099 4783 1176 4839 θ’.

264 4882 363 4947 Εἰς
406 4879 467 4933 τὸ
497 4879 670 4946 τέλος
697 4879 849 4947 ὑπὲρ
876 4877 995 4931 τῶν
1022 4878 1291 4947 κρυφίων
1319 4880 1426 4934 τοῦ
1453 4880 1588 4935 υἱοῦ
1617 4881 1777 4950 ψαλ-

200 4973 305 5043 nec
349 4971 429 5038 τῷ
470 4971 689 5034 Δαυῒδ,
720 4989 774 5024 κ.
817 4988 866 5022 τ.
901 4971 946 5023 ὲ.
992 4969 1220 5041 Κρύφιά
1259 4973 1377 5023 ἐστι
1421 4970 1528 5042 (65)
1574 4971 1774 5040 γνῶσις

202 5065 499 5137 ἀπόρρητος
530 5062 636 5116 τῶν
674 5079 739 5114 πε
751 5062 801 5134 pi
825 5061 1061 5134 Χριστοῦ
1087 5061 1183 5116 τοῦ
1222 5061 1476 5135 ἀληθινοῦ
1505 5061 1640 5116 Θεοῦ
1675 5081 1776 5135 μυ-

205 5155 448 5227 στηρίων.

267 5272 310 5304 ’⁸
342 5271 486 5326 Psal.
533 5285 795 5334 Lxxsvui,
836 5269 927 5324 35.
1034 5270 1081 5302 "
1123 5269 1284 5326 Osee.
1335 5283 1423 5334 tv,
1477 5267 1565 5322 M.

206 5345 246 5376 ”
270 5343 461 5413 Ephes.
493 5358 550 5405 ιι,
587 5340 641 5394 6.

272 5461 380 5528 (61)
429 5461 500 5513 Et
545 5457 871 5529 θαυμάζων,
929 5467 1038 5529 (ξωζ
1089 5454 1405 5529 Corderius,
1457 5454 1767 5518 Barbarus,

208 5527 410 5586 schedae
440 5527 776 5590 Cumbel'l'sii,
811 5529 982 5582 codex
1010 5527 1397 5581 Baroccianus.

269 5600 375 5672 (62)
399 5600 506 5654 Καὶ
541 5599 726 5666 αὐτὸς
757 5599 868 5670 γάρ
902 5613 1040 5664 σου,
1068 5608 1174 5653 etc.
1211 5594 1536 5654 Corderius.
1569 5593 1772 5651 Barba-

211 5687 310 5725 1⁵1ῑὲ.

271 5741 373 5802 (65)
407 5740 512 5793 Kal
545 5741 577 5794 ὁ
610 5738 981 5805 ’.ἀπόστολος
1003 5777 1016 5802 ,
1063 5745 1169 5792 etc.
1209 5733 1437 5792 Schedai
1481 5732 1667 5791 Grabii
1716 5743 1784 5790 et,

1668 5268 1714 5299 "
1755 5267 1918 5324 Hebr.
1974 5283 2050 5334 tt,
2099 5269 2155 5324 9.

2449 4791 2768 4851 PSALMUS
2807 4792 2898 4848 IX.

2159 4885 2319 4941 Vsus.
2351 4886 2400 4940 1.
2448 4885 2512 4941 In
2545 4888 2701 4954 ﬁnem
2731 4903 2829 4953 pro
2858 4881 3076 4936 occultis
3100 4881 3200 4951 [itii
3223 4882 3464 4950 psalmus

1885 4971 2088 5036 David,
2141 4982 2245 5030 etc.
2299 4975 2521 5030 Occulta
2583 4985 2665 5029 est
2731 4973 3017 5029 ineﬂabiiis
3068 4975 3459 5043 mysteriorum

1882 5063 2086 5120 Christi
2112 5069 2222 5120 veri
2260 5067 2351 5120 Dei
2384 5067 2641 5136 cognitio.

2261 5266 2526 5322 "lPetr.
2576 5283 2629 5332 ν,
2661 5269 2715 5324 4.
2819 5269 2866 5300 ⁸⁸
2919 5267 3062 5324 Psal.
3112 5284 3315 5338 XLVIII,
3367 5271 3458 5328 15.

1879 5451 2214 5516 Cotulmﬁsii,
2244 5451 2432 5506 Daniel
2453 5449 2750 5507 Barbarus.

1951 5523 2064 5594 (δι)
2089 5524 2279 5576 Ὅπου
2301 5521 2420 5591 μὲν
2444 5522 2696 5594 καθαρά,
2720 5531 2826 5576 etc.
2857 5519 3038 5576 Codex
3064 5523 3433 5578 Barocciauus

1879 5593 2092 5649 schedio
2135 5594 2467 5657 Combetisii,
2499 5603 2554 5647 et
2583 5593 2871 5647 Barbarus.

1951 5657 2064 5735 (65)
2091 5664 2320 5733 Κρύςριά
2360 5665 2532 5731 ἐστι,
2579 5673 2685 5720 etc.
2724 5662 2951 5734 Schedm
2989 5661 3219 5729 Grabii,
3257 5663 3461 5718 Barbu-

1880 5749 1995 5789 rus.
