3942 6216
478 228 608 282 H87

547 347 712 398 Vens.
766 343 820 408 2,
871 344 925 396 5.

472 439 628 491 corde
655 453 765 488 meo
793 451 807 498 ;
839 435 1072 487 narrabo
1123 435 1302 488 omnia
1342 436 1608 488 mirabilia
1649 446 1759 488 tua.
1813 433 2054 487 Lwtabor

473 543 521 582 et
549 527 824 580 exsultabo
875 527 928 578 in
963 537 1034 590 Ie,
1080 526 1308 595 psaliam
1362 527 1562 578 nomini
1598 538 1722 588 tuo,
1768 527 2055 591 Altissime,

476 628 582 673 etc.
626 618 726 683 Qui
778 633 843 671 ex
900 626 1012 670 toto
1060 617 1228 670 corde
1279 617 1472 686 diligit,
1521 619 1565 670 is
1623 628 1804 684 potest
1832 635 1898 673 ex
1944 629 2057 671 toto

475 714 640 767 corde
673 711 948 766 conﬁteri.
1002 730 1020 761 ι
1058 710 1302 763 Narrabo
1336 711 1516 762 omnia
1566 711 1833 762 mirabilia
1884 719 1994 771 tua,
2034 733 2052 762 ι

474 815 529 857 et
558 820 677 873 qua:
730 813 1053 873 sequuntur.
1111 803 1337 868 Quando
1387 803 1511 868 quis
1554 802 1758 869 scripta
1809 803 2056 872 prodigia

476 910 596 961 quae
622 893 893 947 mirabilia
928 901 1054 944 sunt
1077 891 1287 957 aperire
1315 899 1514 957 potest,
1541 906 1643 958 qua
1682 891 1890 944 ratione
1916 890 2057 943 facta

477 986 606 1043 sint.
643 994 690 1035 et
727 982 884 1049 cujus
916 982 991 1034 rei
1028 981 1138 1033 sint
1173 979 1440 1049 symbola,
1481 992 1604 1033 tunc
1637 980 1767 1035 fecit
1801 997 1921 1049 qua:
1970 983 2059 1034 hic

478 1076 753 1126 (lit'llllllll'.
817 1071 926 1124 IIoc
987 1079 1167 1124 autem
1205 1070 1373 1124 solius
1401 1086 1520 1125 esse
1557 1071 1856 1126 Salvatoris
1900 1089 2058 1137 opus,

477 1164 653 1231 palam
685 1174 784 1216 est.
817 1161 972 1226 Quod
1003 1161 1046 1214 si
1083 1171 1136 1213 et
1171 1170 1426 1214 creatura
1455 1171 1508 1214 et
1539 1164 1724 1214 omnia
1765 1179 1886 1232 qua:
1934 1164 2061 1217 fecit

481 1257 639 1317 Deus,
677 1255 946 1306 mirabilia
982 1253 1098 1316 ejus
1127 1265 1274 1316 sunt,
1314 1253 1483 1306 multo
1515 1255 1684 1323 magis
1714 1256 2057 1324 perSpicuum

477 1349 582 1400 erit
638 1345 943 1398 Salvatoris
995 1360 1116 1398 esse
1172 1345 1502 1399 oralionem.
1562 1346 1696 1411 Quis
1731 1347 1875 1399 enim
1933 1362 2060 1398 vero

482 1439 724 1490 narrabit
772 1437 955 1489 omnia
1015 1435 1284 1488 mirabilia
1336 1435 1548 1500 Patris,
1609 1437 1714 1488 nisi
1776 1437 2059 1500 Dominus,

481 1533 639 1600 idque
681 1531 938 1600 perfectis
985 1529 1076 1596 qui
1131 1528 1437 1597 intelligere
1497 1527 1765 1594 ejusmodi
1814 1528 2060 1596 prodigia

478 1633 724 1692 possunt,
751 1632 804 1674 et
835 1622 900 1675 de
930 1620 1128 1688 quibus
1162 1621 1504 1685 potissimum
1547 1622 1760 1675 dicetur
1795 1621 1810 1650 ⁸
1842 1639 1856 1675 :
1907 1639 1926 1672 ι
1959 1619 2059 1672 Sa-

1886 222 1976 278 EX
2016 221 2322 277 ORIGENE

983 343 1282 408 Conﬁtebor
1359 343 1487 408 tibi,
1543 343 1798 410 Domine,
1841 344 1896 396 in
1946 354 2052 396 toto

2232 343 2785 414 Ἐξομολογήσομαι
2801 361 2922 411 σοι,
2942 347 3135 414 Κιτεριε,
3153 346 3222 400 ἐν
3239 347 3355 414 ὅλῃ
3383 348 3629 416 καρδίᾳ
3648 370 3794 417 μίν·

3646 230 3798 283 H88

2156 435 2514 505 διηγήσομαι
2532 435 2728 491 πάντα
2747 436 2821 490 τὰ
2839 435 3142 505 θαυμάσιά
3165 453 3301 490 σου.
3322 440 3800 506 Εὑςσρανθήσο-

2151 544 2257 597 μαι
2274 528 2368 581 καί
2387 527 2828 597 ἀγαλλιάσομαι
2843 529 2914 580 ἐν
2927 527 3047 588 σοί,
3062 528 3236 597 ψαλῶ
3253 527 3334 594 τῷ
3346 531 3632 597 ὀνόματί
3645 547 3796 593 σου,

2161 621 2428 688 "Td-tots,
2460 637 2512 672 κ.
2550 637 2600 671 τ.
2624 621 2668 672 ὲ.
2701 622 2759 671 Ὀ
2778 619 2836 683 ἐξ
2860 619 2989 688 ὅλης
3016 619 3240 690 καρδίας
3269 619 3512 688 ἀγαπῶν
3545 621 3798 675 δύναται

2159 711 2218 777 ἐξ
2243 712 2369 781 ὅλης
2398 710 2622 782 καρδίας
2651 709 3108 779 ἐξομολογεῖσθαι.
3140 729 3157 759 ι
3190 712 3558 780 Διηγήσομαι
3601 714 3799 766 πάντα

2163 798 2230 849 τὰ
2258 797 2530 866 θαυμάσια
2558 815 2680 859 σου,
2721 817 2738 848 ι
2772 798 2866 850 καὶ
2901 799 2970 850 τὰ
2999 799 3142 868 ἑξῆς.
3183 802 3350 856 Ὅταν
3383 805 3787 874 ἀναγεγραμο

2169 892 2303 960 μένα
2345 891 2618 960 τεράστια,
2664 889 2952 961 Θαυμαστὰ
2985 895 3347 962 τυγχάνοντα,
3397 900 3788 967 παραπῆπε

2164 980 2456 1050 δυνάμενος
2497 974 2540 1047 ᾧ
2582 980 2722 1052 λόγῳ
2760 982 2976 1049 γέγονε,
3008 984 3102 1036 καὶ
3142 983 3284 1046 τίνος
3320 985 3446 1037 ἐστὶ
3483 985 3781 1054 σύμὼλα,

2167 1075 2432 1143 πεποίηκε
2467 1075 2530 1126 τὰ
2557 1075 2841 1145 εἰρημένα.
2880 1076 3048 1129 Τοῦτο
3074 1077 3129 1128 δὲ
3163 1077 3324 1147 μόνου
3363 1076 3471 1128 τοῦ
3500 1077 3785 1145 Σωτῆρος

2166 1164 2321 1235 ἔργον
2351 1166 2496 1217 ἔστιν
2540 1167 2687 1218 ἰδεῖν.
2718 1168 2779 1219 Εί
2806 1168 2862 1220 δὲ
2895 1170 2986 1220 καὶ
3031 1171 3062 1238 ἡ
3091 1171 3266 1232 κτίσις
3310 1172 3410 1221 καὶ
3447 1171 3653 1222 πάντα
3684 1172 3782 1222 ὅτι

2167 1255 2420 1322 ἐποίησεν
2446 1258 2472 1308 ὁ
2500 1256 2660 1320 Θεὸς,
2692 1257 2965 1328 θαυμάσια
2999 1259 3159 1311 αὐτοῦ
3206 1261 3344 1319 ἐστι,
3376 1259 3582 1328 πολλῷ
3613 1260 3782 1311 πλέον

2169 1352 2450 1416 φανεῖται,
2481 1349 2562 1401 ὅτι
2589 1349 2680 1402 τοῦ
2716 1351 2964 1420 Σωτῆρος
2995 1352 3142 1403 ἐστιν
3185 1353 3216 1420 ἡ
3249 1352 3406 1419 εὐχή.
3445 1351 3549 1412 Τίς
3583 1351 3649 1402 ἃ
3677 1353 3786 1418 ἄρα

2168 1440 2482 1510 διηγήσεται
2512 1442 2684 1494 πάντα
2718 1441 2785 1493 τὰ
2832 1441 3109 1510 θαυμάσια
3150 1441 3241 1493 τοῦ
3284 1440 3514 1510 Πατρὸς
3541 1444 3596 1492 εί
3651 1445 3730 1509 μὴ
3761 1447 3786 1493 ὁ

2171 1530 2372 1600 Κύριος
2395 1533 2504 1592 τοῖς
2523 1530 2712 1600 νοῆσαι
2735 1530 3050 1600 δυναμένοις
3078 1532 3144 1581 τὰ
3167 1530 3483 1600 τηλικαῦτα
3507 1529 3626 1581 01:3
3635 1547 3784 1598 ματα

2170 1621 2424 1684 τελείοις,
2477 1623 2604 1692 περὶ
2647 1616 2722 1674 ὧν
2776 1623 2970 1690 μᾶλλον
3012 1623 3349 1692 λεχθήσεται⁵
3394 1640 3415 1671 s
3458 1622 3689 1688 Σοφίαν
3729 1622 3782 1671 ἰὲ

481 1690 736 1783 pientiam
768 1724 947 1766 autem
980 1711 1214 1780 loquitur
1242 1711 1380 1763 inter
1409 1711 1712 1780 perfectos?
1749 1728 1766 1759 ι
1797 1739 1868 1748 -
1897 1729 1916 1760 ι
1946 1710 2055 1762 Laz-

2177 1713 2370 1783 μᾶλλον
2401 1713 2664 1782 λαλοῦμεν
2697 1715 2752 1765 ὲν
2785 1717 2894 1776 τοῖς
2931 1713 3178 1776 τελείοις;
3218 1733 3236 1763 ι
3265 1741 3338 1750 -
3366 1731 3384 1762 ι
3430 1712 3787 1782 Εὐφρανθή-

481 1807 636 1858 tabor
662 1815 716 1858 et
741 1804 1020 1857 exsultabo
1052 1822 1068 1852 ι
1104 1804 1383 1855 sciscitans
1412 1803 1478 1855 ab
1513 1802 1574 1854 iis
1602 1801 1691 1870 qui
1735 1801 1785 1853 in
1823 1803 2050 1870 quihus-

481 1898 604 1951 dam
635 1898 899 1960 laetantur,
927 1910 1057 1948 num
1087 1893 1140 1946 in
1174 1893 1283 1945 Deo
1309 1893 1575 1952 laetentur.
1608 1900 1666 1946 ut
1687 1891 1770 1946 vel
1792 1892 1846 1944 in
1869 1891 2050 1946 iustitia

479 2003 574 2039 sua
631 1993 1022 2052 permaneant,
1077 1981 1155 2034 vel
1192 1982 1260 2033 ah
1314 1995 1376 2034 ea
1429 1982 1735 2036 discedant.
1780 1982 1880 2048 Qui
1935 1999 2064 2038 vero

479 2079 725 2132 ascendit
749 2076 800 2128 in
831 2075 1108 2128 excelsum
1139 2081 1378 2127 montem
1402 2073 1531 2128 Sion
1564 2084 1617 2128 et
1638 2075 1856 2128 extollit
1877 2089 2061 2128 vocem

479 2189 658 2236 suam,
701 2173 880 2239 psallit
924 2168 1129 2225 nomini
1165 2167 1456 2223 Altissimi.

556 2267 720 2323 Vens.
766 2265 822 2320 4.
865 2265 929 2318 1η
961 2264 1303 2318 convertenda
1335 2263 1608 2315 inimicum
1641 2276 1811 2313 meum
1862 2270 2061 2312 retror-

477 2377 632 2421 sum,
667 2358 1076 2427 inﬁrmubuntur
1123 2367 1172 2410 et
1222 2358 1464 2425 peribunt
1525 2373 1556 2407 a
1607 2356 1742 2423 facie
1797 2363 1911 2415 tua,
1952 2363 2059 2407 etc.

479 2454 710 2518 Quinam
773 2452 1084 2506 intirmandi
1155 2454 1269 2506 sint
1334 2462 1388 2506 et
1443 2451 1666 2519 perituri
1717 2447 1911 2501 al'acie
1945 2445 2059 2512 Dei,

483 2565 505 2596 ι
541 2547 717 2600 vultus
747 2548 887 2599 enim
921 2547 1130 2599 Domini
1163 2563 1325 2615 super
1354 2544 1620 2598 facientes
1650 2541 1791 2594 mala
1818 2541 1860 2605 ’,
1893 2557 1912 2590 ι
1935 2553 2058 2593 cum

479 2660 589 2698 non
638 2645 972 2712 praedixerit,
1051 2644 1207 2697 nobis
1285 2641 1505 2710 reliquit
1577 2635 2058 2693 considerandum.

480 2736 708 2800 Quando
738 2735 950 2788 deletus
1004 2734 1169 2787 fuerit
1218 2734 1471 2786 inimicus
1515 2730 1566 2784 in
1611 2727 1819 2782 malitia
1870 2739 2062 2794 proce-

482 2829 637 2888 dens,
691 2837 743 2876 et
795 2835 1096 2878 retrorsum
1160 2823 1434 2887 resilierit,
1489 2836 1554 2874 ex
1606 2835 1671 2872 eo
1704 2817 1849 2887 quod
1898 2815 2060 2869 fuerit

481 2918 792 2987 impeditus,
835 2929 961 2970 tunc
1001 2917 1051 2970 bi
1085 2917 1178 2984 qui
1225 2915 1430 2969 malitia
1467 2923 1716 2983 potentes
1750 2917 1930 2973 erant,
1973 2908 2059 2961 itt-

484 3009 871 3062 tirmabuntur.
949 3008 1152 3060 Deinde
1228 3007 1524 3060 secundum
1587 3004 1732 3072 quod
1803 3009 2129 3081 peceant,c

483 3109 733 3170 pereunt,
782 3101 1014 3153 faciente
1066 3100 1169 3153 hoc
1227 3099 1359 3168 ipsis
1407 3097 1545 3150 facie
1587 3095 1703 3149 Dei.
1751 3093 1871 3147 Haec
1914 3093 2058 3147 enim

479 3193 724 3261 cognita,
767 3192 950 3244 abolet
983 3201 1226 3244 terrena.

553 3285 718 3338 Vens.
761 3285 814 3338 5.
856 3283 1060 3338 Sediin
1091 3299 1248 3349 super
1281 3278 1640 3346 thronum,qni
1662 3276 2059 3348 jndicasjnsti-

481 3379 632 3437 tiam,
673 3386 780 3429 etc.
809 3374 1067 3427 Thronus
1119 3374 1335 3441 quidem
1385 3370 1476 3422 Dei
1525 3368 1818 3435 Christus;
1857 3366 2060 3422 Christi

486 3483 620 3521 vero
651 3468 876 3520 thronus
908 3477 992 3519 est
1021 3455 1536 3534 spiritalis‘natura.

557 3555 721 3608 Vens.
763 3557 816 3608 6.
879 3553 1174 3622 Increpusti
1230 3567 1449 3623 gentes,
1509 3562 1557 3604 et
1599 3552 1759 3618 periit
1816 3551 2005 3619 impius
2043 3565 2063 3604 :

484 3668 668 3703 nomen
697 3666 879 3702 eorum
911 3649 1118 3708 delesti.
1157 3657 1262 3701 etc.
1297 3645 1554 3709 Verbum,
1609 3663 1626 3695 ι
1683 3645 2000 3714 iucrepasti,
2037 3663 2057 3696 ι

485 3745 883 3796 correctionem
930 3741 1220 3806 signiﬁcat,
1273 3749 1329 3791 ut
1372 3748 1518 3805 patet
1563 3753 1628 3790 ex
1684 3737 1767 3790 liis
1797 3736 1860 3792 ³;
1907 3755 1925 3788 ι
1961 3737 2064 3789 Ar-

489 3846 612 3900 gue.
644 3831 864 3882 obsecra
886 3871 899 3888 ,
933 3829 1171 3898 increpa.
1212 3847 1228 3878 ι
1254 3858 1326 3869 -—
1356 3847 1374 3878 ι
1407 3827 1612 3882 Nomen
1643 3828 1762 3894 ejus
1789 3827 2000 3880 delesti.
2041 3847 2062 3881 ι

493 3921 697 3974 Delevit
763 3921 903 3972 Deus
975 3936 1174 3972 nomen
1239 3938 1257 3970 ι
1299 3919 1529 3983 Abram,
1571 3935 1589 3969 ι
1627 3917 1830 3971 faciens
1889 3914 2069 3984 ipsum

489 4025 511 4059 s
549 4007 844 4070 Abraham,
883 4025 900 4057 ι
933 4005 1007 4058 uti
1035 4015 1088 4057 et
1121 4021 1140 4054 ι
1173 4002 1348 4068 Saraa,
1380 4021 1398 4052 ι
1435 4017 1639 4057 vocans
1673 4003 1842 4070 ipsam
1880 4020 1898 4052 ι
1937 4001 2064 4054 Saro

485 4114 618 4159 ran,
662 4116 681 4148 ι
724 4097 807 4150 sic
839 4103 894 4147 et
927 4111 946 4144 ι
981 4092 1264 4156 Simonis,
1301 4110 1321 4144 ι
1361 4093 1656 4147 nominans
1696 4094 1868 4162 ipsum
1914 4111 1932 4144 ι
1965 4093 2065 4148 Pe-

489 4201 652 4243 trum.
705 4207 724 4240 ι
767 4188 945 4254 Atque
1002 4187 1074 4238 ita
1115 4199 1460 4252 consequens
1517 4183 1683 4254 586
1734 4196 1818 4238 est
1872 4185 2062 4238 horum

485 4297 700 4351 quoque
751 4296 944 4334 nomen
997 4278 1162 4330 deleri
1202 4291 1341 4345 quos
1372 4275 1714 4344 increpavit:
1761 4278 2061 4344 praesertim

2174 1819 2336 1872 σομαι
2381 1804 2470 1854 καὶ
2515 1802 2934 1871 ἀγαλλιᾶισομαι,
2975 1821 2992 1852 ι
3048 1801 3456 1871 πυνθανόμενος
3513 1802 3637 1854 τῶν
3695 1802 3781 1852 ἐξ

2171 1913 2309 1948 τισιν
2338 1895 2796 1964 εὐφραινομένων,
2831 1897 2879 1948 εί
2921 1895 2980 1948 ὲν
3003 1895 3121 1964 Θεῷ
3159 1894 3590 1963 εὐφραίνονται,
3637 1895 3782 1959 Fui,

2174 1987 2468 2056 ἐπιμένωσι
2513 1989 2578 2056 τῇ
2627 1983 2961 2055 εὐφροσύνῃ,
3003 1984 3035 2055 ἢ
3079 1983 3407 2037 ἀποστῶσιν.
3457 1984 3525 2034 Ὀ
3585 1983 3652 2036 δὲ
3700 1986 3780 2034 ἐπ’

2173 2078 2296 2150 ὅρος
2347 2078 2550 2141 ἀναϐὰς
2589 2077 2788 2148 ὑψηλὸν
2825 2076 2885 2129 τὸ
2925 2077 3061 2129 Σιὼν
3104 2076 3196 2127 καὶ⁹
3234 2073 3384 2142 ὐιζαῶν
3423 2077 3544 2144 τὴν
3593 2076 3784 2144 φωνὴν

2175 2171 2340 2225 αὐτοῦ
2366 2171 2553 2240 ψάλλει
2575 2171 2652 2241 τῷ
2680 2170 2904 2240 ὀνόματι
2931 2168 3025 2222 τοῦ
3062 2167 3337 2236 Ὑψίστου.

2245 2261 2347 2312 Ἐν
2378 2258 2456 2322 τῷ
2478 2255 2941 2324 ἀποστραφῆναι
2989 2255 3097 2307 τὸν
3130 2253 3349 2320 ἐχθρόν
3381 2269 3519 2320 μου
3570 2253 3670 2315 εἰς
3718 2252 3780 2303 τὰ

2163 2351 2374 2414 ὀπίσω,
2405 2349 2822 2414 ἀσθενήσουσι
2855 2347 2952 2400 καί
2997 2345 3366 2400 ἀπολοῦνται
3412 2344 3550 2396 ἀπὸ
3585 2359 3780 2410 πίω-

2160 2443 2325 2496 ώπου
2358 2459 2496 2505 σου,
2525 2457 2582 2496 κ.
2613 2457 2664 2492 τ.
2700 2440 2745 2491 ὲ.
2781 2438 2938 2501 Τίνες
2969 2436 3323 2507 ἁσθενήσουσι
3343 2433 3462 2504 (67)
3505 2435 3609 2486 καὶ
3641 2436 3774 2486 das-

2161 2534 2376 2589 λοῦνται
2421 2533 2530 2587 ἀπὸ
2571 2529 2860 2603 προσώπου
2900 2528 2995 2582 τοῦ
3041 2528 3176 2580 Θεοῦ
3208 2527 3351 2596 (ἐπεὶ
3399 2543 3416 2576 ι
3459 2527 3774 2594 πρόσωπον

2162 2621 2368 2693 Κυρίου
2399 2621 2491 2673 ἐπὶ
2525 2617 2808 2681 ποιοῦντας
2853 2617 3000 2670 κακά
3022 2634 3034 2645 ·
3071 2618 3114 2685 ι)
3148 2617 3209 2668 οὐ
3256 2614 3593 2686 προειπὼν,
3637 2618 3773 2683 ἡμῖν

2163 2713 2548 2768 καταλέλοιπεν
2575 2713 2794 2764 ἐννοεῖν.
2834 2711 3002 2764 Ὅταν
3031 2706 3354 2778 καταργηθῇ
3382 2709 3411 2759 ὁ
3455 2706 3672 2776 ἐχθρὸς
3701 2709 3762 2775 τῇ

2161 2808 2331 2879 κακία
2365 2807 2589 2878 προῖὼν,
2617 2806 2712 2859 καὶ
2741 2803 3042 2876 ἀναποδίσῃ
3071 2802 3246 2854 ὀπίσω
3285 2803 3350 2852 ὲκ
3396 2799 3495 2852 τοῦ
3535 2800 3765 2868 ὲμποδί-

2163 2898 2368 2964 ζεσθαι,
2397 2899 2517 2952 τότε
2551 2900 2599 2951 οἱ
2630 2901 2697 2968 τῇ
2731 2897 2898 2967 κακίᾳ
2928 2895 3138 2966 ἰσχυροὶ
3170 2893 3600 2963 ἀσθενήσουσιν.
3633 2890 3764 2947 Εἶτα

2163 2993 2284 3046 καθ’
2313 2991 2340 3044 ὃ
2368 2991 2792 3062 ἁμαρτάνουσιν,
2809 2987 3154 3048 ἀπολοῦνται,
3194 2985 3348 3037 τοῦτο
3377 2984 3760 3054 ἐργαζομένου

2162 3085 2343 3148 αὐτοῖς
2375 3083 2468 3137 τοῦ
2493 3080 2782 3154 προσώπου
2811 3081 2903 3132 τοῦ
2937 3079 3093 3132 Θεοῦ.
3119 3077 3329 3147 Νοηθὲν
3362 3076 3473 3148 γὰρ
3500 3076 3759 3144 ἀφανίζει

2163 3179 2230 3232 τὰ
2260 3180 2444 3248 γήϊνα.

2245 3269 2562 3334 Ἐκάθισας
2594 3268 2691 3321 ἐπὶ
2732 3268 2969 3335 θρόνου,
3006 3267 3039 3319 ὁ
3077 3265 3296 3332 κρίνων
3324 3263 3753 3329 δικαιοσύνην,

2163 3380 2217 3416 κ.
2251 3379 2301 3414 τ.
2333 3363 2378 3414 ἐ.
2417 3361 2615 3431 Θρόνος
2653 3361 2750 3430 μὲν
2784 3357 2920 3411 Θεοῦ
2949 3357 3058 3428 (68)
3093 3359 3122 3410 ὀ
3163 3354 3398 3426 Χριστὸς
3420 3394 3435 3416 ,
3477 3353 3676 3426 Θρόνος
3704 3355 3755 3407 δὲ

2164 3453 2396 3525 Χριστοῦ
2426 3455 2460 3524 ἡ
2493 3451 2783 3522 ἀσώματος
2817 3451 2994 3520 φύσις.

2249 3545 2646 3614 Ἐπετίμησας
2671 3543 2893 3605 ἔθνεσι,
2922 3539 3019 3594 καί
3041 3538 3309 3594 ἀπώλετο
3333 3541 3366 3591 ό
3389 3538 3634 3604 doce-lic
3651 3557 3663 3567 ·
3690 3539 3754 3591 τὸ

2165 3638 2351 3706 ὄνομα
2385 3636 2584 3691 αὐτῶν
2620 3634 2990 3703 ἐξήλειψας,
3019 3649 3075 3685 κ.
3106 3649 3157 3686 τ.
3189 3632 3234 3683 ι.
3268 3630 3376 3694 Τὸ,
3420 3648 3439 3681 ι
3485 3631 3755 3699 ἐπετίμη.

2168 3747 2267 3794 σας
2299 3729 2431 3801 (69),
2469 3749 2485 3780 ι
2519 3727 2802 3800 διόρθωσιν
2833 3724 3124 3796 σημαίνει,
3156 3723 3294 3791 ὅπερ
3333 3721 3495 3791 δῆλον
3520 3723 3594 3774 ἐκ
3621 3721 3711 3774 τοῦ
3734 3738 3749 3750 ·

2172 3843 2190 3874 ι
2227 3821 2502 3888 Ἐλεγξον,
2531 3814 2928 3886 παρακάλεσον,
2957 3813 3298 3882 ἐπιτίμησον.
3331 3831 3349 3862 ι
3376 3842 3445 3852 —
3470 3829 3489 3860 ι
3523 3810 3605 3861 Τὸ
3631 3809 3746 3860 δνο-

2173 3933 2248 3986 μα
2273 3911 2436 3968 αὐτοῦ
2465 3908 2768 3980 ἐξήλειψας.
2795 3926 2812 3956 ι
2832 3905 3108 3978 Ἐξήλειψε
3130 3905 3185 3958 δὲ
3211 3908 3239 3958 ὁ
3256 3905 3385 3967 Θεὸς
3401 3903 3498 3957 τοῦ
3530 3905 3748 3972 Ἀεράμ

2169 4007 2231 4059 τὸ
2258 4005 2427 4074 ὄνομα
2455 4002 2684 4072 ποιήσας
2713 3999 2873 4052 αὐτὸν
2891 3998 3156 4067 Ἀϐραὰμ,
3182 3999 3274 4052 καὶ
3297 3996 3397 4066 τῆς
3432 3994 3637 4063 Σάβας
3659 4015 3750 4048 κα-

2164 4092 2272 4145 λῶν
2313 4091 2482 4162 αὐτὴν
2512 4091 2776 4159 Σάρραν,
2803 4087 2896 4141 καὶ
2926 4085 3018 4140 τοῦ
3049 4085 3314 4156 Σιιαῦνος
3342 4086 3622 4155 ὀνομάσας
3659 4086 3750 4138 αὐ-

2165 4183 2255 4236 τὸν
2280 4182 2522 4251 Πέτρον.
2559 4181 2715 4235 Οὐτω
2741 4198 2798 4233 τε
2847 4177 3139 4232 ἀκόλουθόν
3182 4179 3298 4230 ἐστι
3344 4175 3404 4228 τὸ
3443 4176 3619 4246 ὄνομα
3663 4176 3748 4241 ἐξ·

2166 4273 2479 4344 αλείφεσθαι
2511 4274 2713 4327 τούτων
2739 4267 2820 4336 οἷς
2852 4271 3180 4342 ἐπετίμησε·
3217 4269 3313 4321 καὶ
3355 4268 3594 4340 μάλιστα
3631 4269 3748 4320 ἐπεὶ

483 4373 610 4442 quia
647 4370 987 4423 subinl'ertur
1016 4385 1029 4420 :
1074 4385 1094 4419 ι
1128 4366 1465 4420 Annuntiate
1492 4368 1636 4420 inter
1659 4377 1850 4434 gentes
1879 4367 2056 4422 studia

2173 4370 2480 4442 ἐπιφέρεται
2503 4369 2561 4420 τό
2583 4385 2596 4398 ο
2633 4385 2652 4416 ι
2697 4364 3078 4434 Ἀναγγείλατε
3106 4365 3163 4416 ὲν
3187 4364 3297 4425 τοῖς
3324 4360 3503 4413 ἔθνεσι
3529 4360 3597 4412 τὰ
3629 4364 3746 4414 ἐπι⁴

483 4463 621 4528 ejus,
655 4461 911 4529 quoniam
949 4459 1233 4526 requirens
1266 4458 1586 4526 sanguinem
1640 4473 1826 4511 eorum
1876 4472 2061 4511 recor-

485 4556 645 4608 datus
691 4561 796 4606 est.
845 4570 864 4602 ι
923 4549 1164 4606 Observa
1217 4559 1398 4602 autem
1459 4564 1563 4602 non
1621 4551 1826 4604 dictum
1886 4563 2057 4603 esse:

486 4643 690 4698 Nomen
727 4658 912 4698 eorum
941 4641 1130 4696 delesti
1163 4641 1228 4693 de
1256 4639 1392 4695 libro
1424 4643 1720 4697 viventium
1755 4645 1881 4710 (non
1915 4641 2056 4694 enim

487 4742 540 4796 in
599 4741 737 4796 libro
793 4740 1086 4794 viventium
1136 4748 1324 4806 gentes
1366 4748 1523 4794 erant
1563 4736 1824 4808 scriptae).
1876 4736 1968 4790 sed
2029 4751 2058 4789 a

486 4833 829 4890 cautionibus
868 4848 1004 4900 quas
1049 4831 1403 4900 scripserant,
1451 4831 1501 4884 in
1553 4830 1688 4882 libro
1732 4828 2058 4892 debitormn,

487 4925 569 4978 vel
614 4926 751 4978 libro
801 4933 1136 4979 mortuorum
1184 4923 1322 4990 apud
1355 4921 1654 4991 iniquitatis
1697 4933 2062 4981 (nconemum,

486 5015 597 5085 qui.
638 5025 696 5067 ut
725 5015 1016 5067 verisimile
1051 5023 1154 5077 est,
1199 5021 1442 5066 mortuos
1481 5011 1690 5076 scribit,
1729 5021 1782 5064 et
1824 5009 1875 5063 itt
1919 5019 2062 5062 terra

487 5109 695 5161 scribit.
751 5107 1006 5163 Salvator
1047 5109 1191 5162 enim
1242 5107 1294 5159 in
1346 5108 1501 5161 caelis
1549 5103 1808 5159 describit
1850 5101 2060 5154 nomina

487 5204 890 5270 discipulorum.

559 5296 834 5366 Ejusdem.
885 5297 940 5350 Si
991 5311 1187 5350 nomen
1241 5295 1341 5348 hoc
1384 5292 1501 5346 loco
1531 5288 1729 5342 malum
1784 5284 2056 5356 signiﬁcat

558 5393 574 5422 ⁸
600 5391 614 5445 Ι
641 5392 764 5445 Cor.
797 5408 856 5457 ιι,
889 5392 942 5445 6.
1019 5395 1038 5423 ²
1075 5391 1212 5444 PSaI.
1239 5403 1430 5450 χιιιιιιι,
1469 5384 1553 5440 10.
1633 5382 1652 5413 ³
1681 5381 1718 5434 ll
1744 5379 1884 5433 Tim.
1919 5394 1992 5441 tv,
2029 5377 2083 5430 2.

556 5484 667 5552 (66)
702 5486 758 5538 Ὁ
792 5485 861 5550 ἐξ
901 5486 1049 5552 ὅλη(-
1082 5483 1358 5552 καρδίας,
1402 5493 1508 5552 etc.
1547 5477 1727 5552 (ludes
1769 5472 2059 5528 Coislinia-

485 5548 618 5618 nus;
650 5548 1396 5610 rerumCortl'erius'tantmn
1428 5550 1586 5606 habet
1613 5548 1848 5600 initium.

559 5625 668 5685 (67)
702 5627 865 5690 Τίνες
889 5624 1303 5692 ἀσθενήσωσι
1330 5665 1344 5692 ,
1380 5633 1486 5679 etc.
1529 5619 1845 5682 Corderius,
1893 5623 1944 5668 et
1971 5627 2062 5668 co-

486 5694 585 5750 dex
612 5697 991 5750 C'Jisltutantts.
1893 5715 1901 5723 '

2163 4460 2478 4531 τηδεύματα
2515 4457 2681 4512 αὐτοῦ
2709 4498 2723 4519 ,
2778 4457 2858 4508 ὃτι
2895 4453 3141 4524 ἐκζητῶν
3196 4453 3264 4504 τὰ
3317 4451 3527 4521 αἵματα
3569 4451 3748 4503 αὐτῶν

2165 4552 2430 4624 ἐμνήσθη.
2472 4571 2489 4602 ι
2527 4550 2768 4622 Πρόσχες
2799 4550 2893 4602 καὶ
2935 4549 3016 4601 ὅτι
3045 4548 3146 4599 οὐκ
3191 4545 3437 4616 εἴρηται·
3476 4542 3548 4595 Τὸ
3579 4543 3748 4612 ὄνομα

2165 4644 2346 4697 αὐτῶν
2392 4642 2676 4713 ὲξήλειψας
2717 4644 2779 4694 ὲκ
2821 4640 3002 4711 βίϐλου
3037 4639 3286 4705 ζώντων,
3316 4637 3397 4706 (οὐ
3432 4635 3542 4705 γάρ
3573 4642 3634 4687 ὲν
3669 4635 3746 4705 βί-

2167 4735 2276 4804 ϐλῳ
2324 4733 2539 4798 ζώντων
2582 4730 2648 4803 ἦν
2694 4733 3120 4804 ἐγγεγραμμένα
3154 4730 3220 4784 τὰ
3253 4728 3377 4797 ἔθνη
3400 4726 3438 4795 ·)
3475 4726 3592 4778 ἀλλ’
3623 4729 3746 4779 ἀκο-

2166 4822 2371 4886 λούθως
2399 4825 2511 4885 τοῖς
2539 4822 2660 4874 κατ’
2691 4820 2869 4874 αὐτῶν
2895 4817 3299 4892 χειρογράφοις.
3325 4817 3382 4868 ἑν
3406 4814 3573 4884 βίϐλῳ
3600 4815 3743 4882 ὀφει-

2163 4916 2383 4977 λόντων,
2419 4915 2452 4985 ἢ
2484 4913 2650 4985 βίὸλῳ
2673 4913 2880 4984 νεκρῶν
2899 4954 2913 4976 ,
2946 4912 3097 4984 παρὰ
3121 4910 3197 4980 τῷ
3234 4910 3332 4980 τῆς
3362 4908 3576 4968 ἀδικίας
3603 4909 3743 4959 οἰκο-

2165 5009 2314 5080 νόμῳ
2332 5047 2346 5070 ,
2372 5006 2447 5070 ώς
2475 5007 2618 5070 εἰκὸς
2638 5047 2652 5069 ,
2678 5006 3043 5076 ἀναγράφοντι
3089 5004 3316 5074 νεκροὺς
3342 5043 3356 5066 ,
3391 5002 3482 5053 καὶ
3510 5001 3742 5070 ἀναγράο

2165 5116 2315 5168 φοντι
2342 5102 2420 5162 είς
2454 5100 2578 5170 γῆν.
2623 5101 2680 5152 Ὀ
2711 5100 2817 5169 γὰρ
2847 5098 3036 5168 Σωτὴρ
3073 5096 3375 5167 ἀναγράφει
3413 5096 3470 5145 ὲν
3498 5093 3738 5163 οὐρανοῖς

2165 5191 2232 5245 τὰ
2263 5191 2502 5262 ὀνόματα
2527 5191 2634 5244 τῶν
2663 5190 2936 5261 μαθητῶν.

2239 5283 2348 5338 Τοῦ
2384 5283 2592 5339 αὐτοῦ.
2630 5284 2693 5336 Ei
2721 5283 2780 5336 τὸ
2821 5283 2988 5353 ὄνομα
3017 5281 3127 5351 (70)
3156 5277 3395 5333 ἐνταῦθα
3427 5277 3526 5348 τὴν
3567 5276 3738 5346 κακὴν

2265 5470 2352 5538 68)
2368 5470 2590 5538 Θρόνος
2618 5465 2734 5536 μὲν
2760 5465 2930 5528 Θεοῦ,
2959 5471 3065 5516 etc.
3095 5458 3318 5538 Sebeda;
3339 5455 3552 5538 Grabii.

2265 5470 2330 5524 68
2368 5470 2590 5538 Θρόνος
2618 5470 2734 5536 μὲν
2760 5470 2930 5528 Θεοῦ,
2959 5471 3065 5516 etc.
3095 5470 3318 5514 Scaeua:
3339 5470 3552 5512 bratur.

2263 5470 2352 5609 69;
2382 5539 2474 5603 Τὸ,
2505 5539 2913 5609 Ἑπετίμησας,
2943 5531 3383 5609 Δειρζεοιάειιιιε
3405 5567 3419 5588 ,
3451 5525 3736 5587 Barbarus,

2169 5600 2380 5667 srbedae
2406 5600 2738 5666 (Jombel‘isi'i.
2765 5600 2828 5659 et
2855 5607 3022 5660 codex
3063 5600 3448 5654 Baroccianus.

2235 5681 2347 5752 ('10)
2377 5682 2444 5735 Ei
2461 5679 2526 5732 τὸ
2558 5679 2761 5748 ὄνομα,
2788 5685 2889 5731 etc.
2925 5673 3149 5730 Scheda:
3181 5669 3390 5737 Grabii.
