3942 6216
215 302 373 355 1189

1234 293 1543 350 SELECTA
1579 293 1645 348 IN
1682 293 2020 352 PSALMOS.
2056 331 2124 342 -—
2163 300 2356 356 PSAL.
2392 301 2481 358 IX.

3367 309 3503 364 H90

216 416 492 486 σημαίνει
536 410 867 466 κατάστασιν
893 447 906 470 ,
962 406 1210 478 ἐξήλειψε
1258 408 1314 461 δὲ
1347 409 1409 461 τὸ
1434 407 1528 461 τοῦ
1561 409 1812 478 ἁμαρτω-

1939 409 2204 473 habitum,
2258 421 2312 465 et
2358 411 2555 465 delevit
2605 413 2909 480 peccatoris
2945 427 3162 480 nomen,
3199 416 3386 486 utique
3412 419 3505 472 de-

210 508 325 561 λος.
357 507 548 575 δνομα,
572 500 853 573 ἐξήλειψεν
889 500 996 570 ἄρα
1020 499 1118 570 τὴν
1152 497 1431 569 χειρίστην
1455 499 1622 552 αὑτοῦ
1651 501 1820 554 κατά-

216 613 446 651 στασιν.

305 687 419 740 Καὶ
459 681 885 738 ἐλπισὰτωσαν
920 681 1020 734 ἐπὶ
1065 679 1142 734 σὲ
1200 683 1255 732 οι
1313 680 1710 748 γινώσκοντες
1752 682 1816 733 τὸ

214 777 424 848 ὄνομὰ
451 794 589 838 σου,
607 774 694 827 ὅτι
715 777 827 827 οὐκ
857 771 1245 842 ἐγκατέλιπες
1267 772 1405 837 τοὺς
1428 771 1821 838 ἐκζῦιτοῦντάς

217 886 338 930 σε,
368 869 541 936 Κύριε
565 906 580 929 ,
605 883 658 919 κ.
688 883 740 918 τ.
783 867 828 917 ἐ.
856 866 919 916 Ui
949 863 1304 933 ὲκζητοῦντες
1335 864 1444 933 t9!)
1475 864 1565 915 τὸν
1595 863 1816 934 Κύριον,

218 963 329 1015 καὶ
361 961 458 1029 ούχ
487 961 535 1012 οἱ
570 957 1086 1026 ὲγκαταλειφθέντες
1119 955 1209 1008 ὑπ’
1243 954 1407 1008 αὑτοῦ
1430 997 1444 1020 ,
1487 954 1726 1023 ἔγνωσαν
1759 955 1820 1008 τὸ

215 1053 404 1122 ὄνομα
431 1049 617 1104 αὑτοῦ.

308 1143 548 1197 Ψὰλατε
590 1139 669 1205 τῷ
698 1140 892 1206 Κιιρίῳ
933 1137 1012 1202 τῷ
1041 1137 1413 1190 κατοικοῦντι
1444 1137 1514 1189 ἐν
1552 1137 1725 1197 Σιὼν,
1760 1154 1815 1190 κ.

214 1255 275 1290 τ.
319 1237 365 1288 ὲ.
411 1236 644 1294 Ἐκεῖνος
675 1231 866 1299 ψάλλει
894 1230 1005 1299 (72)
1035 1232 1064 1282 6
1095 1230 1233 1300 ἔχων
1264 1230 1321 1282 ὲν
1354 1228 1532 1298 ἐαυτῷ
1564 1228 1654 1280 τὸν
1689 1230 1819 1298 Χρι-

218 1329 378 1382 στόν.
416 1326 585 1379 Τοῦτο
629 1324 769 1377 κατὰ
808 1323 907 1394 τήν
942 1322 1176 1375 παλαιὰν
1217 1321 1324 1374 τῶν
1372 1320 1636 1373 Ἰουδαίων
1661 1319 1817 1384 δόξαν

215 1417 384 1473 εἶπεν
407 1419 436 1470 6
465 1417 773 1489 Προφήτης.
815 1416 1003 1484 Ὂμως
1044 1413 1159 1465 ἐστὶ
1202 1413 1294 1465 καὶ
1336 1411 1505 1482 νοητή
1533 1412 1625 1464 καὶ
1655 1413 1817 1464 ἐπου-

219 1513 415 1585 ράνιος
446 1508 602 1563 Σιών.
638 1509 747 1561 Καὶ
787 1508 844 1559 ὲν
873 1506 1021 1574 πάσῃ
1061 1504 1117 1556 δὲ
1153 1504 1298 1574 ψυχῇ
1329 1502 1462 1574 οὔσῃ
1492 1503 1628 1555 Σιὼν
1648 1542 1662 1564 ,
1698 1503 1817 1573 ἥτις

213 1603 590 1677 ἑρμηνεύεται
643 1599 1035 1668 σκοπευτήριον
1063 1635 1078 1659 ,
1131 1597 1200 1649 τὰ
1246 1599 1364 1648 θεῖα
1397 1596 1659 1664 διηνεκῶς
1692 1612 1818 1648 σκο-

215 1694 408 1746 ποῦσα
431 1692 525 1744 καὶ
558 1686 968 1758 φανταζομένη,
1013 1689 1152 1740 οἰκεῖ
1188 1688 1214 1738 6
1240 1686 1393 1748 Θεός.
1441 1685 1691 1755 Ἐκζητεῖ
1721 1688 1816 1739 καὶ

213 1743 542 1850 ναίματα
569 1743 686 1830 ⁸τῶν
723 1743 890 1828 ἐθνῶν
1048 1778 1155 1828 τῶν
1182 1743 1619 1829 ἀποκτεινάντων
1652 1776 1814 1838 αὐτὰ,
1853 1743 1892 1801 Β

217 1872 326 1928 καὶ
367 1870 733 1941 μιμνήσκεται
777 1866 979 1929 αὐτῶν,
1020 1867 1242 1929 ἀνιστάς
1278 1865 1435 1919 αύτά.
1487 1867 1693 1920 Ούκοῦν
1733 1868 1814 1930 τὺ,

224 1981 248 2012 ς
275 1959 551 2014 Ἀπώλετο
572 1958 632 2010 τὸ
663 1956 1006 2028 μνημόσυνον
1031 1956 1195 2009 αὑτοῦ
1225 1958 1340 2027 μετ’
1367 1959 1521 2028 ήχου,
1552 1977 1570 2010 ι
1605 1959 1696 2011 ἐπὶ
1718 1958 1818 2022 τὰς

220 2052 508 2123 ῥομφαίας
541 2049 1012 2121 μετενεχθήσεται.
1055 2047 1309 2100 Ἐκείνων
1334 2048 1390 2100 δὲ
1417 2048 1708 2121 μέμνηται,
1742 2043 1817 2104 ὧν

216 2143 449 2213 ἐγένετο
480 2142 789 2212 καταφυγή.

312 2237 732 2306 Ἀναγγείλατε
761 2235 830 2288 ἐν
865 2233 989 2300 τοῖς
1017 2235 1217 2287 ἔθνεσι
1259 2233 1329 2287 τὰ
1380 2233 1818 2303 ἐπιτηδεύματα

214 2329 443 2392 αὐτοῦ,
474 2347 523 2382 κ.
563 2345 610 2381 τ.
649 2329 694 2380 ἑ.
730 2329 864 2380 Ποῖα
902 2325 1306 2396 ἐπιτηδεύματα
1347 2325 1502 2396 ('75);
1559 2327 1736 2378 πάντα
1779 2327 1816 2380 ἃ

216 2421 463 2491 Χριστὸς
483 2423 593 2482 τοῖς
619 2419 885 2490 μαθηταῖς
915 2418 1162 2471 Ἰωάννου
1180 2417 1272 2470 τοῦ
1301 2417 1602 2470 Βαπτιστοῦ
1629 2417 1778 2486 ἔλεγε
1797 2435 1810 2448 ⁸

223 2530 245 2561 ι
292 2510 658 2581 Πορευθέντες
692 2509 881 2563 εἴπατε
919 2509 953 2562 ἃ
1003 2510 1138 2562 ἴδετε
1164 2527 1175 2540 ο
1210 2509 1399 2578 τυφλοὶ
1428 2509 1811 2575 ἀναϐλέπουσι,

215 2601 392 2672 χωλοὶ
423 2599 801 2673 περιπατοῦσι,
831 2601 1023 2670 λεπροὶ
1055 2601 1461 2670 καθαρίζονται,
1493 2601 1678 2671 νεκροὶ
1722 2603 1815 2654 ἁν-

215 2692 494 2746 ίστανται.
533 2712 553 2743 ι
603 2690 787 2744 Ταῦτα
817 2686 910 2744 οῦν
952 2694 1019 2744 τὰ
1059 2690 1334 2763 θεοπρεπῆ
1377 2693 1808 2763 ἐπιτηδεύματα·

213 2786 322 2840 καὶ
366 2787 414 2838 οἱ
461 2784 748 2838 ἀπόστολοι
789 2787 902 2847 τοῖς
947 2784 1154 2837 ἔθνεσιν
1189 2785 1516 2855 ἀνήγγειλάν
1543 2802 1556 2816 ο
1595 2787 1688 2838 καὶ
1729 2787 1812 2839 ὅτι

210 2874 314 2928 διὰ
337 2874 566 2928 θανάτου
593 2873 885 2936 ἀθανασία,
917 2873 1004 2925 διὰ
1036 2874 1270 2944 σταυροῦ
1308 2877 1568 2946 σωτηρία,
1602 2877 1697 2929 καὶ
1727 2878 1814 2930 διὰ

211 2967 402 3036 ταφῆς
445 2967 780 3032 ἀνάστασις,
829 2966 922 3019 καὶ
971 2966 1237 3036 νέκρωσις
1294 2966 1387 3019 τοῦ
1439 2965 1812 3039 νεκρὼσαντος

216 3068 254 3136 ἡ
266 3065 374 3134 μᾶς
403 3063 670 3116 διαϐόλου.

307 3152 370 3203 ’0
397 3151 570 3220 ὑψῶν
591 3169 667 3220 με
691 3152 758 3204 ἐκ
793 3151 910 3206 τῶν
939 3149 1153 3207 πυλῶν
1179 3152 1283 3205 τοῦ
1322 3153 1580 3206 θανάτου
1602 3192 1616 3217 ,
1651 3154 1810 3220 ὅπως
1842 3137 1883 3155 υ

217 3242 304 3295 ἂν
336 3240 660 3309 titiam-suto
695 3241 898 3308 πάσας
950 3244 1056 3308 τὰς
1109 3243 1372 3306 αἱνέσεις
1415 3259 1532 3296 σου
1575 3243 1644 3296 ἐν
1679 3245 1810 3310 ταῖς

222 3329 448 3393 πύλαις
475 3326 583 3394 τῆς
615 3332 904 3398 θυγατρὸς
945 3332 1096 3384 Σιὼν
1119 3369 1132 3390 ,
1175 3348 1228 3382 κ.
1270 3348 1317 3383 τ.
1351 3331 1394 3382 ὲ.
1442 3329 1614 3384 Πύλαι
1646 3331 1810 3384 θανά-

221 3435 320 3470 του
351 3419 461 3489 (76)
486 3421 540 3472 αἱ
577 3421 711 3492 πρὸς
745 3421 973 3474 θάνατον
1007 3424 1310 3492 ἁμαρτίαι,
1346 3423 1438 3491 άφ⁹
1468 3416 1542 3475 ὧν
1584 3423 1811 3492 ὑψοῦται

222 3513 256 3563 6
309 3511 444 3582 μηδὲ
486 3511 843 3582 λογισάμενος
890 3515 1058 3577 αύτάς
1119 3515 1410 3584 ἁμαρτεῖν,
1467 3516 1526 3579 ὃς
1572 3517 1666 3569 καὶ
1713 3517 1810 3587 μό-

223 3618 314 3664 νος
363 3601 584 3654 δύναται
637 3603 976 3672 ἐξαγγέλλειν
1034 3605 1210 3668 πάσας
1258 3605 1356 3668 τὰς
1415 3607 1649 3670 αίνὲσεις
1700 3610 1812 3660 Κυ-

228 3691 345 3762 ρίου
387 3693 446 3744 ὲν
476 3695 595 3756 ταῖς
631 3693 824 3758 πύλαις
873 3695 971 3764 τῆς
1013 3694 1278 3766 θυγατρὸς
1327 3695 1498 3765 Σιὼν,
1530 3700 1649 3761 ταῖς
1678 3699 1810 3770 ἁρε-

225 3786 366 3847 ταῖς.

311 3875 728 3945 Ἐνεπὰγησαν
777 3875 920 3944 ἔθνη
947 3877 1018 3930 ἐν
1058 3875 1346 3946 διαφθορᾷ
1401 3872 1439 3948 ᾗ
1490 3879 1806 3947 ἐποίησαν.

238 3965 334 4017 'Er
373 3966 574 4034 παγίδι
613 3969 796 4035 ταύτῃ
833 3962 872 4038 ᾖ
904 3968 1182 4036 ἔκρυψαν
1212 3967 1567 4038 συνελήφθη
1600 3973 1633 4023 ό
1655 3971 1810 4038 ποῦς

228 4056 441 4110 αὐτῶν.
470 4058 834 4112 Γινώσκεται
858 4059 1073 4127 Κύριος
1101 4061 1353 4129 κρίματα
1378 4061 1584 4126 ποιῶν,
1608 4077 1662 4113 κ.
1685 4079 1734 4114 τ.
1759 4063 1804 4114 ὲ.

240 4147 613 4218 Ἐνεπάγησαν
643 4148 768 4218 ἔθνη
803 4149 938 4218 (75),
967 4148 1166 4220 δηλαδή
1195 4150 1270 4213 ὡς
1299 4152 1356 4203 ὲν
1383 4149 1558 4222 πηλῷ,
1593 4151 1671 4222 τῷ
1705 4151 1809 4204 σώ-

231 4256 357 4308 ματι
381 4279 394 4303 ,
442 4241 509 4292 δι’
538 4241 603 4310 ἢν
634 4242 894 4311 ἐποίησαν
925 4241 1222 4312 διαφθοράν
1244 4259 1257 4273 ·
1290 4243 1385 4296 καὶ
1433 4242 1745 4314 συνελήφθη
1779 4245 1807 4296 6

229 4331 356 4396 ποῦς
385 4333 564 4386 αὐτῶν
583 4372 597 4394 ,
626 4336 654 4386 6
677 4333 866 4402 νοητὸς
896 4334 1156 4405 δηλονότι.
1189 4336 1298 4388 Καὶ
1332 4334 1660 4404 γινώσκεται
1695 4336 1807 4389 Κύ-

1924 498 2052 553 levit
2085 502 2382 570 pessimum
2413 502 2532 569 ejus
2576 502 2845 557 habitum.

1993 678 2157 734 Vens.
2204 683 2292 737 11.
2339 683 2402 736 Et
2443 695 2648 750 sperent
2692 687 2744 737 iu
2797 696 2845 739 te
2894 689 2984 756 qui
3025 700 3277 742 noverunt
3318 707 3504 747 nomen

1920 779 2112 824 tuum:
2143 775 2393 840 quoniam
2438 789 2538 825 non
2583 776 3232 847 dereliquistiquwrentes
3277 790 3347 840 te,
3394 780 3502 832 Do-

1919 862 2076 925 mine,
2131 875 2235 917 etc.
2299 863 2400 929 Qui
2463 867 2757 934 exquirunt
2826 867 3150 933 Dominum,
3211 885 3316 923 non
3374 884 3503 924 vero

1920 953 1972 1007 hi
2009 956 2100 1022 qui
2144 956 2211 1008 ab
2240 956 2358 1024 ipso
2383 957 2627 1010 derelicti
2662 969 2811 1023 sum,
2836 973 3101 1013 noverunt
3134 977 3328 1016 nomen
3360 961 3497 1030 ejus.

1994 1136 2159 1190 Vens.
2208 1136 2288 1188 12.
2333 1135 2558 1188 Pani/ite
2615 1135 2841 1188 Domino
2886 1137 2975 1204 qui
3015 1137 3213 1191 Itnbilnt
3256 1142 3308 1192 iu
3349 1139 3504 1203 Sion,

1919 1238 2025 1282 etc.
2066 1227 2254 1279 Psallit
2305 1228 2348 1278 is
2395 1226 2486 1293 qui
2535 1226 2586 1278 in
2636 1241 2694 1278 se
2734 1225 2895 1278 habet
2929 1224 3228 1279 Christum.
3273 1226 3383 1280 Hoc
3415 1243 3502 1280 se-

1921 1319 2156 1371 Cuudum
2205 1327 2442 1370 veterem
2479 1314 2796 1370 Judzeorum
2845 1316 3152 1383 opinionem
3200 1319 3334 1371 dixit
3373 1320 3502 1374 Pro-

1921 1413 2104 1478 pheta.
2142 1408 2507 1461 Nihilominus
2547 1415 2632 1460 est
2665 1408 2926 1476 spiritalis
2970 1420 3020 1463 et
3065 1408 3306 1464 coalestis
3350 1407 3502 1462 Sion.

1921 1499 1986 1552 Et
2013 1500 2064 1552 in
2100 1499 2246 1551 omni
2281 1498 2460 1550 anima
2491 1512 2613 1565 qua:
2653 1507 2737 1550 est
2771 1498 2920 1558 Sion,
2944 1516 3065 1570 ιιιιω
3114 1500 3508 1568 interpretatur

1919 1590 2175 1660 specula,
2235 1589 2285 1640 id
2336 1599 2419 1642 est
2463 1605 2582 1657 qua:
2630 1589 2808 1642 divina
2850 1601 3070 1660 semper
3101 1594 3414 1659 speculatur
3451 1597 3508 1643 et

1925 1683 2147 1750 cogitat,
2201 1681 2347 1734 Deus
2378 1681 2611 1734 habitat.
2673 1681 2921 1749 Exquirit
2966 1684 3129 1736 etiam
3186 1685 3502 1751 sanguinem

1923 1776 2161 1846 gentium
2198 1775 2264 1826 ab
2297 1775 2382 1826 his
2419 1774 2507 1841 qui
2551 1790 2644 1827 eas
2685 1776 3029 1837 occiderunt,
3073 1786 3127 1827 et
3180 1791 3388 1828 memor
3421 1785 3505 1828 est

1922 1883 2131 1930 carum,
2187 1866 2310 1919 dum
2364 1881 2456 1918 eas
2504 1866 2816 1919 resuscitat.
2847 1868 3033 1935 Itaque
3066 1867 3233 1931 istud,
3287 1886 3304 1917 ι
3339 1865 3506 1921 Periit

1922 1959 2181 2012 memoria
2219 1959 2336 2025 ejus
2363 1973 2490 2010 cum
2530 1959 2736 2020 sonitu,
2783 1977 2801 2010 ι
2847 1958 2913 2009 ad
2963 1960 3200 2010 frameas
3243 1961 3499 2012 reducen-

1921 2049 2046 2101 dum
2079 2057 2182 2101 est.
2216 2047 2432 2100 Illorum
2453 2058 2634 2100 autem
2669 2049 2935 2114 meminit,
2967 2066 3200 2118 quorttm
3227 2051 3498 2116 refugium

1921 2137 2094 2191 factus
2121 2147 2224 2193 est.

1988 2229 2311 2280 Aunuuliate
2345 2228 2482 2280 inter
2512 2239 2691 2298 gentes
2721 2231 2903 2282 studia
2943 2231 3082 2297 eius,
3114 2242 3219 2286 etc.
3245 2233 3500 2298 Quaenam

1919 2317 2143 2370 studia?
2187 2334 2248 2370 ea
2280 2320 2461 2370 omnia
2509 2333 2626 2386 qum
2677 2319 2929 2374 Christus
2971 2321 3196 2376 Joannis
3246 2322 3502 2391 Baptism

1919 2408 2198 2476 discipulis
2249 2409 2470 2462 dicebat
2499 2410 2560 2464 δε
2597 2428 2615 2460 ι
2649 2407 2853 2464 Euutes
2895 2414 3205 2466 renuntiate
3254 2430 3376 2482 qua:
3424 2416 3503 2467 vi»

1919 2502 2076 2555 distis
2112 2527 2123 2557 ;
2163 2503 2294 2555 cteci
2325 2503 2532 2566 rident,
2564 2502 2743 2562 claudi
2777 2504 3080 2567 ambulant,
3113 2505 3308 2574 h-prosi
3341 2523 3499 2559 mun-

1917 2595 2139 2653 dantur.
2183 2595 2383 2647 mortui
2422 2606 2736 2663 resurgunt.
2780 2615 2796 2648 ι
2833 2595 2955 2649 llaec
2989 2597 3154 2665 igitur
3188 2597 3298 2650 Deo
3337 2599 3497 2669 digna

1917 2694 2040 2739 eunt
2083 2686 2280 2751 studia,
2323 2695 2377 2738 et
2414 2685 2501 2736 illa
2536 2686 2763 2753 apostoli
2800 2687 3052 2755 gentibus
3084 2689 3500 2754 annuntiarunt,

1917 2776 2184 2847 simulque
2236 2793 2331 2845 per
2385 2789 2618 2832 mortem
2674 2793 2796 2831 esse
2839 2778 3347 2843 immortalitatem,
3407 2797 3503 2848 per

1917 2885 2134 2921 crucem
2176 2869 2426 2934 salutem,
2467 2885 2563 2939 per
2614 2874 2920 2938 sepulcrum
2958 2871 3416 2927 resurrectionem
3448 2882 3500 2928 et

1922 2972 2150 3013 mortem
2181 2960 2380 3013 diaboli
2415 2962 2504 3029 qui
2537 2977 2635 3017 nos
2665 2975 2838 3017 morte
2868 2962 3146 3016 aﬂ'ecerat.

1994 3132 2159 3186 γης.
2210 3133 2291 3186 15.
2336 3132 2438 3196 Qui
2482 3133 2690 3185 exultas
2743 3150 2823 3188 me
2862 3135 2928 3186 de
2975 3137 3140 3200 portis
3190 3138 3394 3198 mortis,
3443 3145 3501 3188 ut

1927 3225 2237 3276 antiuntirm
2293 3241 2470 3277 omnes
2507 3226 2843 3278 laudationes
2881 3237 3000 3278 tua:
3043 3226 3098 3278 in
3155 3228 3321 3293 portis
3369 3229 3500 3293 ﬁlim

1921 3316 2074 3376 Sion,
2111 3328 2214 3368 etc.
2249 3313 2425 3367 Porta:
2463 3315 2655 3368 mortis
2707 3325 2836 3369 sunt
2877 3325 3098 3381 peccata
3148 3317 3422 3380 mortalia,
3465 3335 3494 3369 a

1917 3407 2112 3474 quibus
2145 3407 2419 3458 exaltatur
2447 3406 2537 3473 qui
2581 3423 2647 3459 ne
2680 3408 2877 3474 cogitat
2914 3408 3134 3474 quidem
3177 3407 3264 3459 illa
3310 3422 3502 3475 pet-pe.

1919 3506 2103 3550 trare:
2155 3497 2250 3564 qui
2297 3498 2460 3550 etiam
2509 3497 2658 3550 solus
2713 3499 3043 3550 anmmtiare
3078 3508 3258 3564 potest
3309 3513 3500 3552 amnes

1920 3589 2255 3644 laudationes
2310 3589 2522 3643 Domini
2581 3591 2632 3642 in
2683 3590 2856 3658 portis
2905 3589 3030 3643 ﬁlia:
3078 3587 3234 3654 Sion,
3284 3590 3385 3644 hoc
3414 3606 3474 3644 es

1919 3681 2228 3736 virtutibus.

1989 3883 2150 3938 V'Ens.
2209 3884 2305 3945 16,
2369 3884 2450 3936 Π.
2513 3883 2701 3950 Inﬁxa!
2772 3893 2895 3934 sunt
2956 3893 3132 3950 gentes
3180 3882 3234 3935 in
3281 3883 3493 3936 interitu

1913 3991 2064 4044 quem
2094 3976 2349 4044 fecerunt.
2390 3972 2455 4026 In
2491 3973 2651 4043 587
2684 3974 2871 4042 laqueo
2922 3975 3025 4026 ista
3077 3989 3229 4044 quem
3268 3973 3492 4027 abscon-

1914 4069 2130 4128 det-unt,
2161 4064 2563 4132 comprehensus
2611 4075 2686 4116 est
2741 4080 2831 4131 per
2884 4081 3086 4117 eorum.
3139 4062 3492 4132 Cognoscetur

1916 4155 2176 4209 Dominus
2199 4155 2410 4223 judicia
2445 4153 2671 4222 faciem,
2703 4165 2808 4208 etc.
2865 4154 3045 4206 Inlin
3095 4161 3224 4207 sunt
3275 4163 3489 4222 gentes.

1914 4243 2124 4298 scilicet
2159 4253 2414 4310 tanquam
2473 4244 2524 4295 in
2575 4243 2709 4305 luto,
2761 4243 3001 4312 corpori,
3062 4258 3156 4311 per
3205 4243 3489 4296 interitum

1912 4349 2074 4402 quem
2110 4333 2379 4396 fecerunt,
2428 4343 2485 4387 et
2527 4333 2951 4401 comprehensus
2999 4343 3078 4385 est
3133 4347 3228 4400 pes
3276 4348 3488 4401 eorum,

233 4439 358 4492 ριος,
393 4423 512 4474 ἐπεὶ
541 4461 553 4484 ,
577 4424 704 4475 ὅταν
729 4425 910 4487 αὐτοῖς
944 4426 1004 4478 τὸ
1038 4429 1210 4496 κρῖμα
1242 4427 1631 4498 γενηθήσεται,
1667 4428 1805 4497 γνὼ-

1933 4440 2106 4494 tempe
2137 4423 2417 4494 spiritalis.
2436 4425 2498 4477 Et
2525 4433 2890 4494 cognoscetur
2917 4422 3199 4484 Dominus,
3224 4424 3488 4492 quoniam

231 4529 408 4565 σονται
444 4513 533 4566 τὸν
562 4515 812 4584 κρίνοντα
841 4517 898 4568 ὲν
920 4515 1254 4590 δικαιοσύνῃ.

305 4691 884 4760 Ἀποστραρήτωσαν
913 4695 966 4745 οἱ
995 4695 1327 4763 ἁμαρτωλοὶ
1362 4699 1449 4760 εἰς
1480 4696 1587 4749 τὸν
1627 4695 1802 4764 ᾅδην,

231 4799 283 4834 κ.
317 4799 364 4835 τ.
398 4785 443 4836 ἐ.
479 4785 687 4854 Ὠσπερ
717 4785 744 4836 6
771 4785 1099 4856 παράδεισος
1127 4788 1238 4859 (76)
1270 4788 1376 4840 τῶν
1399 4789 1622 4842 δικαίων
1655 4791 1803 4843 ἐστὶν

230 4875 412 4945 οἰκητή
424 4891 555 4946 ριον,
577 4874 746 4939 οῦτως
769 4877 899 4948 ᾅδης
920 4878 1027 4931 τῶν
1050 4879 1388 4950 ἁμαρτωλῶν
1422 4882 1796 4954 κολαστήριον.

242 4966 770 5039 Ἀποκλεισθήτωσαν
795 5009 810 5032 ,
858 4970 1020 5040 φησὶν
1045 5013 1059 5036 ,
1100 4971 1246 5035 ὅπως
1297 4972 1369 5043 μὴ
1408 4973 1587 5026 ἴδωσιν
1627 4974 1798 5045 Ἰησοῦ

229 5057 396 5130 ψυχὴν
425 5061 854 5115 καταϐαίνουσαν
889 5063 984 5114 καὶ
1028 5063 1421 5116 άναϐαίνουσαν
1442 5103 1456 5125 ,
1509 5066 1656 5119 ἔνδον
1687 5067 1799 5119 άπ-

229 5154 604 5223 εστραμμένοι.
651 5155 713 5208 Oi
751 5155 859 5226 γὰρ
894 5154 1358 5227 προσδοκήσαντες
1391 5157 1556 5228 αὐτὴν
1586 5159 1804 5231 ὠσπερ-

230 5243 276 5294 ε“ι
324 5243 425 5307 ἔξω
493 5244 718 5298 ἔϐλεπον
794 5246 1177 5318 καθειργμένοι
1239 5249 1296 5299 ἐν
1364 5247 1523 5318 ᾅδου,
1584 5250 1798 5321 πρῶτον

296 5386 314 5416 δ
343 5386 523 5440 Matth.
564 5403 639 5451 xl,
670 5387 724 5442 5.

295 5499 914 5568 (711οιὲκᾷῃτοῦντες,
945 5513 1050 5555 etc.
1085 5505 1399 5558 Corderius.

300 5568 406 5639 (72)
451 5571 714 5646 ξβκεῖνος
741 5572 990 5646 uittam,
1021 5582 1130 5626 etc.
1162 5575 1384 5628 Scheda:
1407 5573 1618 5638 Grahii,
1664 5592 1791 5646 par-

235 5640 420 5701 limum!
443 5643 736 5695 Cordi-rius
767 5652 819 5693 et
858 5643 1150 5696 Barbarus.

297 5709 396 5776 (75)
427 5712 568 5764 Ποῖα
593 5712 1050 5781 ἐπιτηδεύματα,
1086 5724 1192 5767 etc.
1223 5712 1447 5769 Schedte
1479 5714 1684 5770 Crabii.

1912 4516 2468 4584 cumjudicabnntur,
2513 4527 2842 4588 cognoscent
2895 4531 3016 4569 eum
3049 4515 3142 4583 qui
3175 4514 3388 4580 iudicat
3425 4519 3481 4571 in

1901 4609 2134 4677 justitia.

1983 4701 2149 4756 Vsus.
2191 4700 2278 4754 18.
2321 4699 2714 4754 Convertuntur
2748 4709 3044 4767 peccatores
3097 4701 3151 4751 in
3196 4700 3486 4768 infernum,

1909 4801 2016 4847 etc.
2055 4792 2206 4844 Sicut
2235 4791 2812 4858 paradisusjustorum
2847 4800 2925 4842 est
2971 4789 3364 4853 habitaculum,
3408 4790 3480 4843 sic

1910 4882 2154 4937 inlernus
2187 4890 2534 4950 peccatorum
2582 4888 2667 4933 est
2703 4879 2768 4930 ad
2813 4877 3033 4930 ferenda
3087 4877 3350 4942 supplicia
3381 4877 3478 4928 do-

1910 4977 2194 5030 micilium.
2226 4973 2664 5037 Concludantur,
2702 4967 2898 5035 inquit,
2937 4982 3005 5020 ne
3040 4967 3187 5020 intus
3236 4968 3479 5020 comersi

1909 5068 2126 5120 videant
2189 5067 2425 5118 animam
2485 5061 2613 5114 .Iesu
2688 5057 3113 5114 descendentem
3171 5065 3225 5111 et
3288 5072 3477 5110 ascen-

1908 5160 2147 5212 dentem.
2194 5156 2293 5222 Qui
2325 5156 2471 5209 euim
2522 5152 2664 5205 illam
2711 5157 3120 5218 exspectaram,
3171 5148 3224 5202 in
3270 5147 3476 5200 inferne

1906 5251 2132 5312 detenti,
2173 5259 2429 5315 tauquam
2473 5251 2630 5296 extra
2666 5243 2954 5304 viderunt,
2996 5242 3227 5310 primum
3265 5239 3475 5310 quidem

1976 5501 2089 5571 (74)
2125 5493 2628 5571 Πύλαιᾼθανάτοο,
2646 5503 2754 5546 etc.
2780 5489 3418 5571 (Iord-eritis.Barbarus.

1974 5562 2086 5639 (75)
2125 5565 2542 5640 Ἐνεπιὶγησαν
2565 5565 2732 5640 ξρνη.
2760 5573 2863 5616 etc.
2894 5562 3204 5640 Ctirtleritts.
3260 5628 3294 5640 Π

1973 5628 2087 5712 (76)
2114 5628 2416 5712 Ὦσπερέ
2434 5628 2829 5712 παράδεισος,
2861 5641 2964 5684 etc.
3007 5628 3454 5712 Sl'iit‘}|:e.Grabii,

1905 5724 1957 5767 et
1976 5695 2323 5767 ‘(loiulu-lisn',
2351 5695 2419 5758 ιη
2433 5695 2530 5759 1-ιηῖ
2535 5721 2646 5772 rus,
2683 5695 2992 5773 partimque
3018 5699 3333 5755 (.‘ordcrius.
