3942 6216
272 299 431 353 1195

1290 305 1599 362 ΞΕΙΕΕΤᾹ
1636 307 1701 362 IN
1740 307 2074 366 PSALMOS.
2118 345 2183 354 --
2221 314 2415 371 PSAL.
2481 315 2540 372 Χ.

3398 325 3531 382 HM

257 418 325 470 οἱ
352 417 418 470 δὲ
452 416 617 488 ψυχῇ,
651 419 698 470 οἱ
728 419 783 472 δὲ
811 423 921 484 τοῖς
953 422 1109 485 ἐκτός
1135 440 1146 452 ⁸
1184 425 1275 477 καὶ
1300 427 1348 478 οἱ
1375 429 1472 496 μέν
1502 430 1606 481 είσι
1643 429 1822 500 πληγᾶ

1935 435 2210 489 .externis
2255 436 2577 503 inferuntur,
2618 446 2672 491 et
2719 436 2836 492 alia:
2871 438 2922 491 in
2969 450 3130 494 causa
3174 448 3301 496 sunt
3346 442 3530 521 plaga-

261 505 375 558 καὶ
404 505 785 576 στρεϐλώσεων
807 509 898 562 καὶ
917 510 1171 581 διωγμῶν
1195 513 1287 565 καὶ
1316 515 1570 582 φυλακῶν
1587 515 1749 571 αἴτιοι
1770 535 1782 548 °
1810 521 1859 571 οί

257 594 330 647 δέ
375 598 514 649 εἰσιν
537 598 835 670 ἀκάθαρτοι
862 603 1112 672 λογισμοὶ
1139 605 1437 672 γεννῶντες
1461 608 1733 679 ἁμαρτίαν
1767 613 1860 665 καὶ

255 685 523 756 δόγματα
553 689 724 760 ψευδῆ
747 708 759 720 ·
785 693 834 745 οί
864 692 921 745 δὲ
952 693 1155 764 ζημίας
1177 694 1357 766 ἔχουσι
1387 699 1704 770 χρημάτων,
1732 701 1858 754 ἀπο-

257 777 441 841 δολὰς
482 780 719 843 τέκνων,
753 784 846 836 κα)⁵
886 785 1161 853 γυναικῶν
1190 789 1540 860 ἀφαιρέσεις·
1577 792 1670 844 καὶ
1701 791 1856 864 δῆλον

255 871 336 923 ὲκ
367 867 606 935 τούτων,
635 871 719 926 ὅτι
746 873 1030 946 ἐκυρίευσε
1058 878 1258 941 παντὸς
1288 880 1496 934 δικαίου
1531 884 1559 935 6
1589 885 1850 949 Σατανᾶς.

254 961 330 1013 El
378 961 489 1032 γὰρ
540 962 755 1016 πάντων
791 966 899 1018 τῶν
937 967 1148 1040 ἐχθρῶν
1175 970 1341 1023 αὑτοῦ
1381 975 1794 1046 κατακυριεύσει
1825 979 1854 1032 6

253 1049 538 1118 Σατανᾶς,
577 1054 670 1106 καὶ
697 1053 892 1109 δίκαιοι
922 1059 1121 1121 πάντες
1149 1059 1313 1113 αὐτοῦ
1337 1061 1520 1134 ἐχθροί
1549 1068 1675 1126 είσι,
1715 1068 1851 1121 πάν-

249 1159 376 1194 των
410 1143 518 1214 ἄρα
564 1147 1000 1217 κατακυριεύσει.
1034 1148 1108 1202 Οὐ
1160 1149 1259 1220 μὲν
1310 1153 1472 1207 παντὶ
1510 1155 1566 1207 δὲ
1611 1156 1850 1228 δηλονότι

251 1232 558 1303 πράγματι
587 1237 884 1307 κυριεύσει,
913 1238 1025 1292 ἀλλ’
1060 1239 1116 1293 ἕν
1145 1257 1250 1294 τινι
1275 1257 1288 1270 ·
1327 1243 1486 1312 μόνος
1508 1246 1616 1318 γὰρ
1658 1248 1686 1299 6
1719 1247 1850 1320 Χρι-

248 1324 392 1386 στὸς
417 1326 689 1396 ἁμαρτίαν
718 1326 818 1382 οὐκ
847 1331 1127 1403 ἐποίησεν,
1149 1333 1259 1386 οὐδ’
1291 1332 1488 1407 εὑρέθη
1515 1333 1665 1401 δόλος
1689 1341 1746 1392 ὲν
1769 1338 1848 1410 τῷ

249 1414 494 1482 στόματι
542 1417 726 1471 αὑτοῦ.
759 1421 829 1473 Ἢ
871 1423 1010 1493 τάχα
1058 1421 1118 1476 τὸ
1149 1421 1393 1496 βούλημα
1438 1428 1602 1480 αὐτοῦ
1636 1430 1847 1501 τίθησιν

246 1503 286 1573 ἡ
307 1503 433 1558 Θεία
456 1506 666 1578 Γραφὴ,
695 1509 832 1581 ὅπερ
862 1513 978 1565 ἐστὶ
1010 1515 1089 1576 είς
1111 1514 1284 1585 πέρας
1307 1517 1533 1584 ἀγαγεῖν
1560 1519 1621 1571 τὸ
1639 1519 1737 1573 οὐκ
1768 1522 1848 1573 ὲν-

244 1592 568 1665 δεχόμενον·
599 1597 738 1667 εἴγε
775 1619 792 1650 ι
828 1601 1196 1670 διελογίσαντο
1222 1605 1414 1675 βουλὰς
1452 1604 1538 1673 αἷς
1565 1611 1626 1664 οὐ
1659 1612 1734 1682 μὴ
1761 1610 1845 1665 δό-

1968 539 2123 590 rum,
2179 536 2614 590 tormentorum,
2674 527 3151 597 persecutionum,
3222 546 3528 590 carcerum.

1962 616 2094 670 Alim
2125 632 2254 672 vero
2287 619 2510 688 impura:
2535 629 2662 673 sunt
2690 617 3048 690 cogitationes
3077 637 3194 691 qua:
3227 636 3449 695 peccata
3475 638 3531 683 et

1963 704 2092 760 falsa
2144 707 2394 776 dogmata
2431 709 2729 776 'geuerant.
2775 710 3034 777 Quaedam
3085 709 3280 768 damna
3345 734 3528 772 rerum

1961 795 2187 860 habent,
2214 797 2510 853 liberorum
2545 802 2916 867 amissionem,
2957 819 3190 861 uxorum
3231 806 3526 876 jacturam.

1957 885 2133 954 Atque
2159 886 2282 942 hinc
2313 888 2489 955 palam
2541 897 2624 943 est
2668 892 2815 946 omni
2854 891 3001 960 justo
3052 894 3320 950 dominari
3370 893 3525 951 Sata-

1958 991 2105 1030 nam.
2148 974 2206 1030 Si
2234 978 2378 1030 enim
2403 977 2646 1032 omnium
2695 980 3040 1037 inimicorum
3087 999 3308 1040 suorum
3351 987 3527 1041 domi-

1956 1067 2176 1122 nabitur
2215 1068 2470 1133 Satanas,
2497 1070 2703 1139 etjusti
2738 1087 2927 1129 omnes
2968 1075 3085 1145 ejus
3131 1077 3337 1132 inimici
3372 1083 3522 1143 sunt,

1953 1156 2203 1211 omnibus
2249 1173 2384 1228 ergo
2448 1158 2685 1216 Satanas
2734 1161 3127 1223 dominabitur.
3186 1169 3257 1222 At
3308 1185 3414 1224 non
3468 1170 3520 1225 in

1952 1242 2097 1294 omni
2143 1256 2200 1295 re
2229 1243 2618 1310 dominabitur,
2651 1248 2744 1302 sed
2786 1250 2837 1302 in
2875 1252 3135 1319 quadam.
3181 1253 3342 1311 Solus
3369 1259 3518 1313 enim

1949 1330 2201 1386 Christus
2242 1345 2524 1401 peccatum
2572 1353 2677 1391 non
2729 1339 2888 1404 fecit,
2927 1358 3025 1398 nec
3051 1354 3135 1399 est
3167 1347 3418 1403 inventus
3465 1351 3517 1404 in

1948 1433 2043 1473 ore
2069 1420 2185 1488 ejus
2202 1422 2377 1477 dolus.
2407 1424 2500 1478 Vel
2531 1425 2762 1482 fortasse
2794 1430 2972 1486 divina
3007 1433 3286 1504 Scriptura
3313 1437 3381 1490 ad
3401 1438 3518 1505 ejus

1950 1511 2186 1578 respexit
2245 1511 2574 1566 voluntatem
2635 1530 2756 1584 quae
2812 1527 2895 1573 est
2947 1522 3013 1574 ad
3078 1522 3240 1578 ﬁnem
3314 1526 3517 1582 dueere

1947 1600 2090 1668 quod
2126 1617 2232 1654 non
2269 1611 2467 1670 potest,
2497 1604 2540 1657 si
2569 1607 2788 1674 quidem
2826 1627 2845 1658 ι
2875 1611 3254 1679 cogitaverunt
3287 1617 3513 1670 consilia

242 1697 455 1739 νωνται
496 1689 700 1758 στῆναι.
734 1709 753 1741 ι
796 1693 904 1745 Kal
942 1693 1050 1764 γὰρ
1092 1696 1150 1748 ἐν
1183 1696 1260 1767 τῷ
1311 1699 1428 1752 Ἰὼϐ
1453 1701 1781 1773 ψευδόμενος
1811 1723 1822 1756 ι

1945 1705 2066 1759 qua:
2101 1708 2206 1745 non
2253 1704 2546 1762 potuerunt
2600 1697 2846 1753 stabilire
2874 1699 2937 1754 ".
2980 1719 2999 1752 ι
3035 1701 3166 1755 Nam
3203 1712 3258 1758 et
3308 1705 3361 1758 in
3411 1703 3514 1760 Job

240 1771 499 1839 διάϐολός
534 1796 664 1848 φησι
685 1796 698 1809 ⁸
734 1799 752 1832 ι
782 1783 1088 1855 Περιελοὼν
1138 1789 1236 1860 τὴν
1270 1791 1369 1862 γῆν
1411 1768 1501 1846 καὶ
1528 1768 1822 1867 ἐμπεριπα·

1941 1784 2197 1852 deceptor
2236 1787 2483 1842 diabolus
2515 1791 2589 1843 ait
2617 1789 2661 1820 ¹³
2690 1807 2702 1844 :
2762 1807 2781 1842 ι
2817 1790 3052 1848 Circnivi
3094 1805 3318 1862 terram,
3343 1805 3400 1851 et
3431 1799 3514 1851 in-

242 1867 428 1936 τήσας
456 1868 554 1938 τὴν
585 1870 674 1924 ὑπ’
703 1871 948 1944 οὐρανὸν,
979 1879 1229 1951 πάρειμι,
1263 1901 1281 1935 ι
1321 1884 1497 1938 καίτοι
1529 1888 1693 1957 μηδὲν
1721 1890 1838 1943 πεί-

244 1973 358 2022 σας
385 1959 464 2030 τῷ
501 1959 619 2014 ’1ὼὸ
652 1962 850 2018 ἄτοπον
886 1970 1242 2039 πεπραχέναι.

331 2051 444 2105 Τοῦ
481 2055 689 2107 αὑτοῦ.
726 2057 788 2108 Ei
827 2058 878 2108 οἱ
922 2061 1321 2129 προκόπτοντες
1355 2064 1464 2133 (84)
1499 2066 1638 2121 κατὰ
1675 2069 1835 2139 μείω-

243 2155 340 2219 σιν
379 2143 574 2205 κακίας
603 2143 1005 2214 προκόπτουσι,
1039 2148 1236 2202 δίκαιοι
1265 2150 1512 2219 λέγονται
1547 2156 1596 2208 οἱ
1628 2157 1834 2213 τελείαν

245 2213 366 2297 ἕξιν
385 2233 484 2303 τῆς
507 2213 849 2307 δικαιοσύνης
875 2240 1224 2310 κτησάμενοι,
1245 2213 1408 2297 καὶνοί
1432 2247 1835 2316 ἀνεμποδίστως

240 2321 668 2391 προκόπτοντες.
705 2342 723 2374 ι
747 2326 966 2392 Δίκαιος
1004 2327 1133 2401 γὰρ,
1161 2333 1345 2402 φησὶν,
1380 2334 1831 2409 ἑαυτοῦικατήγο-

240 2425 343 2480 ρος
371 2414 428 2464 ὲν
450 2415 808 2489 πρωτολογίᾳ.
841 2435 861 2470 ο
889 2420 997 2472 Kal
1029 2422 1078 2473 εί
1109 2419 1334 2486 δίκαιος,
1354 2425 1470 2489 πῶς
1491 2431 1826 2502 κατήγοροςς

237 2502 360 2554 Kal
401 2505 449 2556 εί
474 2506 798 2578 κατήγορος,
837 2511 1054 2574 πάντως
1081 2512 1143 2564 οὐ
1177 2512 1382 2578 δίκαιος
1407 2517 1628 2583 τέλειος.
1666 2541 1684 2572 ι
1720 2525 1830 2576 Kal

233 2590 478 2661 γνὼριζε
497 2594 709 2667 δικαίῳ,
734 2598 828 2652 καὶ¹
853 2601 1153 2672 προσθήσει
1174 2603 1266 2657 τοῦ
1288 2605 1559 2676 δέχεσθαι.
1587 2629 1605 2662 ι
1632 2611 1828 2678 Καλῶς

227 2679 336 2738 οὖν
375 2684 587 2754 λέγεται
631 2690 658 2741 6
699 2689 945 2755 διάϐολος
995 2695 1212 2748 πάντων
1261 2695 1372 2748 τῶν
1409 2699 1620 2771 ἐχθρῶν
1659 2704 1825 2759 αὑτοῦ

227 2777 662 2847 κατακυριεύειν
685 2821 700 2843 ,
735 2781 796 2834 οὺ
825 2781 934 2834 τῶν
977 2783 1194 2838 τελείων
1223 2785 1496 2855 δηλονότι,
1539 2791 1673 2843 ἀλλὰ
1715 2793 1824 2850 τῶν

229 2868 580 2923 σπευδόντων
614 2872 706 2924 ἐπὶ
739 2873 836 2943 τὴν
871 2873 1204 2947 τελειότητα.
1242 2879 1304 2930 Ei
1327 2878 1435 2950 γὰρ
1466 2882 1540 2952 μὴ
1568 2878 1637 2953 ἦν
1670 2887 1824 2955 μῖσος

224 2957 377 3026 πρὸς
402 2959 492 3013 τὸν
512 2961 754 3016 Σατανᾶν
785 2966 880 3017 καὶ
903 2965 1091 3031 ἀτελὲς
1115 2969 1210 3021 καὶ
1239 2969 1462 3034 τέλειον,
1487 2973 1586 3027 οὐκ
1613 2975 1679 3030 ἂν
1709 2975 1824 3030 ἕλε-

226 3059 334 3113 γεν
363 3049 392 3100 6
414 3041 575 3102 Δαυῖδ
596 3067 608 3080 ο
643 3068 661 3101 ι
696 3049 912 3105 Τέλειον
941 3055 1096 3123 μῖσος
1120 3053 1340 3124 ἐμίσουν
1370 3057 1566 3124 αὐτούς
1586 3077 1599 3090 ·
1624 3062 1705 3125 είς
1729 3064 1821 3133 ἐχ-

228 3136 401 3206 Θροὺς
435 3137 682 3206 ἐγένοντό
717 3155 824 3209 μοι.
866 3159 884 3189 ›

312 3305 394 3364 οὗ
421 3309 568 3376 ἀρᾶς
597 3309 663 3363 τὸ
687 3313 880 3379 στόμα
905 3313 1089 3367 αὑτοῦ
1117 3313 1296 3383 γέμει,
1324 3316 1419 3369 καὶ
1447 3319 1684 3385 πικρίας
1714 3321 1814 3374 καὶ

233 3399 454 3463 δόλου,
489 3417 543 3453 κ.
589 3418 640 3454 τ.
673 3402 718 3453 ὲ.
765 3401 871 3453 Τοῦ
915 3403 1146 3474 πονηροῦ
1191 3403 1250 3458 τὸ
1299 3406 1470 3477 στόμα
1512 3408 1623 3478 (85)
1662 3409 1811 3466 οὐδὲν

237 3490 535 3560 προσφέρει
565 3490 884 3560 εὔχρηστον,
921 3493 1034 3544 ἀλλ’
1062 3494 1164 3547 ὅσα
1196 3497 1356 3550 πόνον
1390 3499 1480 3550 καὶ
1521 3499 1688 3553 κόπον
1713 3503 1812 3571 ἐμσ

237 3586 380 3635 ποιεί
409 3586 519 3647 τοῖς
554 3585 883 3654 δεχομένοις.
913 3589 1023 3640 Kal
1069 3590 1138 3643 τὰ
1186 3589 1294 3642 τῶν
1324 3590 1525 3660 ἐτέρων
1566 3593 1809 3663 στόματα

234 3673 392 3744 γέμει
419 3675 556 3744 ἀρᾶς
583 3674 692 3727 τῶν
722 3672 1160 3744 κακολογοόντων
1183 3678 1274 3733 τὸν
1301 3683 1642 3752 Δημιουργὸν
1659 3724 1673 3748 ,
1703 3683 1810 3736 λοι-

233 3760 413 3832 δορίας
434 3762 538 3815 τῶν
561 3763 834 3834 λοιδόρων,
857 3762 1079 3834 πικρίας
1107 3766 1214 3819 τῶν
1237 3766 1502 3838 Θυμικῶν,
1537 3769 1630 3820 καὶ
1659 3767 1807 3820 δόλου

233 3851 339 3904 τῶν
371 3852 580 3907 δολίων.

308 4029 412 4082 Τοῦ
451 4029 655 4084 αὐτοῦ.
717 4032 773 4085 '(l
804 4033 903 4103 τῆς
948 4035 1231 4106 ἁγιότητος
1260 4033 1506 4090 ἐκπεσὼν
1539 4035 1671 4107 (86),
1702 4037 1804 4108 τῆς

233 4119 482 4190 ἀληθείας
526 4121 618 4174 καὶ
653 4121 901 4190 εὐλογίας
943 4125 1132 4196 πόρρω
1164 4125 1354 4178 ἑαυτὸν
1383 4125 1704 4194 ἀπαγαγὼν,
1743 4128 1803 4180 τὸ

235 4211 401 4280 στόμα
430 4213 858 4285 πεπληρωμένον
892 4217 1029 4286 ἀρᾶς
1059 4217 1193 4288 ἔχει,
1229 4218 1294 4271 δι’
1322 4211 1396 4271 ὧν
1425 4217 1570 4287 λέγει
1600 4219 1801 4291 πειρώ-

237 4317 387 4369 μενος
430 4303 534 4355 ὑπὸ
578 4305 796 4358 κόλασιν
831 4309 924 4360 καὶ
953 4308 1091 4380 ἀρὰν
1127 4312 1299 4362 ποιεῖν
1349 4310 1474 4374 τοὺς
1503 4311 1797 4382 ἀπατωμέ-

1843 3107 1889 3166 C

1939 1871 2222 1928 ambulans
2255 1883 2422 1928 totam
2460 1892 2583 1946 qua:
2617 1879 2716 1935 sub
2744 1881 2884 1936 coelo
2920 1885 3254 1946 cst,adsum.
3289 1903 3308 1937 ι
3346 1886 3508 1957 Atqui

1939 1959 2148 2017 eﬁicere
2176 1980 2282 2018 non
2314 1967 2492 2032 potuit
2529 1976 2583 2020 nt
2609 1966 2712 2021 Job
2740 1971 3036 2039 quidquam
3068 1984 3339 2042 peccaret.

2011 2051 2281 2120 Ejusdem.
2331 2053 2386 2109 Si
2426 2057 2515 2124 qui
2565 2059 2874 2126 proﬁciunt,
2943 2075 3039 2128 per
3101 2067 3506 2120 decrementqu

1939 2143 2158 2196 malitia:
2209 2145 2520 2213 proﬁciunt,
2561 2147 2695 2216 justi
2746 2150 3006 2205 dicuntur
3061 2155 3153 2221 qui
3204 2153 3502 2222 pcrl'ectum

1936 2233 2180 2288 habitum
2207 2235 2432 2305 justitize
2459 2239 2756 2305 possideant,
2789 2247 2841 2295 ct
2868 2242 2960 2310 qui
3003 2243 3213 2312 absque
3257 2245 3366 2298 ullu
3403 2246 3504 2300 im-

1934 2324 2244 2392 pedimento
2277 2326 2586 2396 proﬁciunt.
2644 2346 2663 2379 ι
2702 2328 2887 2386 Justus
2930 2333 3094 2399 enim,
3144 2335 3320 2406 inquit
3349 2338 3413 2404 “,
3447 2339 3498 2392 in

1933 2415 2201 2484 principio
2227 2417 2493 2472 sermonis
2530 2431 2814 2476 accusator
2836 2431 2920 2477 est
2948 2426 3051 2479 sui.
3085 2443 3104 2475 ι
3141 2425 3205 2479 Ει
3231 2427 3498 2495 silustus,

1930 2509 2201 2577 quomodo
2249 2511 2593 2564 accusator?
2649 2512 2706 2567 Si
2767 2525 2947 2569 autem
3027 2528 3336 2582 accusator,
3395 2531 3500 2574 non

1931 2599 2090 2669 plane
2128 2601 2403 2670 perfectus
2433 2611 2515 2655 est
2541 2602 2737 2672 justus.
2770 2623 2789 2655 ι
2827 2605 2969 2661 Doce
2996 2607 3224 2676 justum,
3257 2619 3308 2664 et
3343 2609 3496 2666 festi-

1930 2689 2081 2743 nabit
2111 2693 2361 2761 accipere
2411 2691 2475 2744 ⁸⁸.
2517 2711 2536 2744 ι
2592 2696 2758 2750 Recte
2807 2696 2974 2768 igitur
3005 2700 3252 2756 diabolus
3294 2703 3498 2758 dicitur

1929 2781 2168 2834 omnium
2205 2783 2550 2839 inimicorum
2598 2801 2822 2841 suorum
2867 2788 3158 2854 dominari,
3209 2807 3312 2846 non
3369 2810 3493 2864 per-

1929 2869 2192 2950 iectorum
2229 2874 2501 2941 videlicet,
2536 2876 2627 2931 sed
2652 2892 2840 2932 eorum
2868 2881 2962 2948 qui
2993 2882 3059 2936 ad
3102 2882 3492 2951 perfectionem

1927 2966 2173 3020 tendunt.
2196 2965 2327 3020 Nam
2355 2968 2398 3022 si
2420 2983 2526 3022 non
2548 2978 2694 3022 esset
2715 2969 2976 3026 adversus
3008 2971 3265 3028 Satanam
3283 2976 3490 3045 odium,

1925 3067 1978 3110 et
2008 3057 2381 3127 imperfectum
2411 3069 2466 3115 et
2500 3060 2825 3130 perfectum,
2874 3076 2980 3116 non
3036 3065 3228 3135 utique
3268 3065 3494 3123 dixisset.

1926 3147 2092 3202 David
2123 3149 2164 3180 ¹⁶
2198 3166 2212 3203 :
2259 3167 2277 3199 ι
2311 3149 2559 3205 Perfecto
2589 3151 2714 3206 odio
2740 3153 2964 3208 oderam
2997 3154 3138 3221 illos,
3185 3166 3238 3210 ct
3280 3157 3489 3214 inimici

1921 3237 2047 3292 iacti
2074 3250 2199 3294 sunt
2237 3240 2388 3296 mibi.
2423 3259 2442 3291 ι

1987 3328 2151 3384 Vens.
2193 3329 2246 3382 7.
2284 3331 2451 3399 Cujus
2497 3331 2865 3388 maledictione
2905 3351 2961 3388 os
3016 3335 3226 3405 plenum
3272 3348 3372 3406 est,
3433 3352 3485 3396 et

1917 3421 2272 3474 amaritudine
2297 3431 2345 3476 et
2383 3422 2527 3489 dolo,
2558 3433 2664 3478 etc.
2701 3425 2779 3480 Ex
2800 3440 2897 3481 ore
2921 3428 3163 3497 perversi
3189 3428 3322 3484 nillil
3355 3433 3484 3488 boui

1915 3510 2120 3577 prodlt,
2154 3510 2248 3566 sed
2275 3527 2611 3583 quacunque
2647 3513 2890 3570 dolorem
2941 3527 2997 3571 et
3041 3517 3283 3574 laborem
3317 3518 3484 3595 589

1915 3601 2342 3670 pereipientibus
2394 3605 2629 3673 pariunt.
2696 3605 2942 3661 Aliorum
2994 3623 3231 3678 quoque,
3289 3626 3479 3668 eorum

1914 3704 2106 3759 nempe.
2153 3692 2245 3761 qui
2291 3693 2361 3748 de
2410 3693 2672 3749 Creatore
2707 3696 2850 3751 male
2898 3696 3214 3768 loquuntur,
3251 3703 3481 3759 maledi~

1911 3779 2093 3834 ctione
2123 3799 2139 3845 ;
2165 3795 2351 3834 eorum
2380 3783 2469 3852 qui
2502 3784 2902 3853 conviciantur,
2921 3789 3224 3854 conviciis;
3260 3791 3479 3848 iracun-

1912 3867 2102 3923 dorum
2140 3871 2526 3934 amaritudine,
2560 3881 2614 3926 et
2657 3872 2965 3928 dolosorum
3007 3891 3070 3931 os
3109 3876 3232 3932 dolo
3257 3877 3474 3948 plenum

1907 3968 2015 4014 est.
3547 4045 3558 4050 -

1979 4050 2256 4120 Ejusdem.
2299 4051 2403 4119 Qui
2444 4068 2474 4107 a
2508 4055 2797 4110 sanctitate
2826 4056 3066 4123 excidit,
3096 4068 3151 4113 et
3181 4073 3211 4112 a
3245 4061 3476 4117 veritate

1907 4157 1971 4198 ac
1998 4144 2372 4200 benedictione
2401 4147 2753 4216 semetipsum
2796 4146 3043 4215 abduxit,
3073 4149 3119 4204 is
3147 4163 3211 4205 os
3250 4151 3466 4221 plcnnm

1905 4232 2068 4288 habet
2107 4233 2502 4299 maledictioue,
2541 4250 2639 4306 per
2661 4251 2722 4290 ea
2751 4251 2871 4306 quae
2899 4238 3030 4293 dicit
3052 4272 3068 4303 ,
3101 4247 3316 4296 tentans
3341 4257 3467 4311 sup-

1901 4324 2064 4392 plicio
2111 4334 2168 4380 et
2218 4327 2583 4382 maledictioui
2634 4331 2890 4399 deceptos
2940 4330 3229 4399 subjicere.
3299 4331 3471 4390 Habet

237 4407 365 4453 νους.
405 4392 556 4461 Ἔχει
589 4393 645 4446 δὲ
673 4397 836 4449 αὑτοῦ
873 4400 901 4450 6
927 4397 1082 4466 λόγος
1123 4399 1218 4451 σὺν
1258 4399 1335 4469 τῷ
1371 4400 1572 4473 δολερῷ
1598 4401 1796 4472 πολλὴν

1938 4425 2080 4470 utem
2127 4431 2305 4471 sermo
2345 4418 2462 4487 eius
2505 4433 2610 4473 una
2645 4435 2766 4475 cum
2797 4420 3009 4476 fallacia
3044 4437 3290 4491 magnam
3331 4427 3471 4479 acri-

232 4479 526 4551 δεινότητα·
567 4483 647 4536 διὸ
672 4487 767 4538 σὺν
801 4489 866 4558 τῇ
899 4489 1007 4559 ἀρᾷ
1040 4491 1133 4542 καὶ
1177 4490 1402 4562 πικρίας
1450 4492 1543 4545 καὶ
1580 4491 1732 4545 δόλου
1767 4495 1796 4545 6

233 4570 375 4638 λόγος
399 4572 561 4625 αὑτοῦ
591 4576 962 4647 πεπλήρωται.

313 4661 652 4730 Ἔγκάθηται
673 4666 885 4734 ἐνέδρα
910 4669 1059 4735 μετὰ
1098 4672 1416 4726 πλουσίων
1443 4673 1512 4726 ἐν
1539 4675 1794 4743 ἀποκρύ-

234 4767 375 4817 φοις,
413 4769 465 4804 κ.
508 4771 557 4806 τ.
613 4757 659 4809 ὲ.
727 4758 814 4810 Ἐν
867 4760 964 4828 μὲν
1009 4763 1122 4824 τοῖς
1166 4762 1348 4832 ἔχουσι
1399 4763 1508 4834 (87)
1563 4764 1793 4818 πλοῦτον

235 4843 491 4910 ἀγνωσίας
524 4846 618 4898 καὶ
648 4846 857 4912 ἀδικίας
884 4851 912 4902 6
950 4850 1193 4915 διάϐολος
1219 4853 1571 4922 ὲγκαΘέζεται
1592 4873 1605 4885 ·
1647 4857 1704 4910 ἐν
1732 4855 1789 4909 δὲ

232 4933 331 4992 τοῖς
371 4933 727 5002 κεκτημένοις
757 4937 956 5003 γνῶσιν
991 4939 1084 4992 κα)⁸
1113 4941 1314 5013 ἀρετὴν
1345 4943 1401 4994 αἱ
1438 4942 1586 5010 ἅγιαι
1627 4943 1788 4997 δυνά-

235 5039 341 5091 μεις
366 5022 820 5088 ὲπαναπαύονται,
841 5020 914 5081 ὧν
945 5028 1188 5099 σύμϐολα
1215 5032 1330 5084 ἐστι
1354 5032 1422 5085 τὰ
1448 5033 1666 5087 πετεινὰ
1692 5036 1788 5088 τοῦ

232 5115 445 5186 οὐρανοῦ
487 5119 927 5189 κατασκηνοῦντα
966 5123 1022 5174 ὲν
1064 5125 1176 5187 τοῖς
1225 5125 1437 5189 κλάδοις
1481 5128 1784 5192 σινάπεως·

233 5203 258 5256 ὃ
285 5206 522 5276 σημαίνει
551 5208 647 5280 τὴν
676 5210 1082 5282 ἐνυπάρχουσαν
1110 5216 1238 5285 ἡμῖν
1273 5215 1411 5270 κατὰ
1433 5216 1661 5287 δύναμιν
1691 5217 1787 5287 βα-

235 5296 330 5349 σιλε
338 5297 417 5350 ίαν
449 5300 710 5370 οὐρανῶν.

1903 4507 2163 4570 moniam,
2205 4509 2430 4579 ideoque
2469 4525 2650 4571 sermo
2693 4511 2812 4581 ejus
2852 4512 2992 4566 ultra
3028 4512 3467 4569 maledictionem

1900 4597 2264 4652 amaritudine.
2299 4605 2354 4652 et
2377 4598 2499 4652 dolo
2521 4600 2712 4670 plenus
2741 4610 2846 4656 est.

1970 4689 2131 4742 Vens.
2168 4689 2220 4744 8.
2264 4689 2422 4744 Sedet
2449 4693 2502 4744 in
2528 4693 2735 4746 insidiis
2782 4708 2898 4746 cum
2927 4694 3170 4764 diuitibus
3205 4695 3260 4747 in
3290 4694 3466 4748 occul-

1894 4781 1979 4847 tis,
2011 4792 2116 4836 etc.
2161 4765 2216 4835 In
2244 4783 2326 4838 bis
2362 4785 2453 4853 qui
2481 4800 2688 4839 summa
2741 4785 3043 4855 ignorantia
3087 4796 3144 4840 et
3199 4785 3461 4854 injustitia

1896 4871 2191 4936 abundant,
2226 4873 2425 4930 insidet
2449 4876 2693 4930 diabolus
2729 4894 2742 4930 :
2774 4877 2826 4931 in
2870 4878 2955 4931 bis
2993 4890 3122 4930 vero
3163 4878 3254 4945 qui
3280 4878 3461 4932 scien-

1894 4961 2025 5016 tiam
2057 4971 2110 5016 ct
2139 4963 2390 5020 virtutem
2416 4966 2518 5020 sibi
2541 4975 2925 5036 compararunt
2947 5008 2961 5029 ,
2987 4974 3188 5021 sancta:
3217 4975 3458 5036 patcsta-

1894 5062 1974 5107 tes
2005 5055 2391 5123 requiescunt,
2447 5072 2676 5124 quorum
2747 5057 2988 5126 symbola
3029 5065 3156 5112 sunt
3208 5057 3459 5113 volucres

1891 5143 2013 5197 εαξιί
2045 5145 2096 5198 in
2146 5148 2312 5202 ramis
2363 5148 2537 5217 sinapi
2585 5149 2913 5202 habitantes.
2957 5148 3074 5214 Quo
3113 5148 3455 5219 signiﬁcatur

1895 5247 2119 5303 regnum
2151 5237 2436 5298 castorum,
2473 5237 2614 5305 quod
2646 5237 2845 5292 virtute
2877 5238 2930 5292 in
2964 5237 3119 5292 nobis
3141 5247 3242 5292 est.

297 5395 333 5424 ¹²
364 5394 501 5448 Psal.
544 5412 633 5459 xx,
676 5397 760 5450 12.
837 5397 880 5428 ¹³
905 5397 1028 5453 Job.
1061 5414 1098 5464 l,
1131 5401 1183 5454 7.
1264 5402 1306 5433 “
1334 5400 1493 5458 Prov.
1529 5417 1681 5465 xvn-t,
1718 5405 1808 5460 Π.
1885 5407 1928 5439 ⁸³
1959 5406 2118 5461 Prov.
2153 5425 2228 5472 Ix,
2258 5409 2310 5464 9.
2391 5411 2435 5441 ¹⁶
2468 5409 2610 5465 Psal.
2645 5426 2905 5476 cxxxvnt,
2933 5412 3025 5466 2‘2.

236 5561 269 5613 Β
299 5489 398 5609 (1:6)
421 5491 491 5544 El
511 5493 563 5544 οι
586 5492 1049 5558 προκόπτοντες,
1077 5505 1182 5549 etc.
1227 5495 1436 5550 Eredem
1474 5497 1688 5552 scbedte
1721 5506 1775 5553 et

273 5575 324 5611 ar
342 5575 506 5612 tarus.

273 5575 384 5611 arua
395 5575 506 5612 HIS.

294 5628 392 5703 (85)
429 5628 540 5682 Τοῦ
565 5629 831 5703 πονηροῦ
857 5629 922 5703 εὐ
941 5632 1270 5703 στόμα,οιε.
1307 5633 1515 5692 Ercdcm
1540 5637 1772 5703 scliedm,

235 5699 501 5763 Barbarus,
531 5699 836 5768 partimque
860 5699 1138 5754 Eusebius.

522 5791 792 5850 ΡΑτιιοι..
819 5790 936 5851 Gn.
973 5792 1115 5854 XII.

1955 5502 2066 5572 (86)
2115 5503 2168 5555 '0
2201 5503 2310 5570 τῆς
2337 5504 2648 5573 ἁγιότητος
2671 5505 2968 5570 ἐκπεσών,
2997 5513 3103 5559 etc.
3136 5503 3449 5560 Corderius.

1954 5592 2066 5665 (87)
2110 5594 2205 5646 Ἐν
2225 5593 2344 5663 μὲν
2362 5595 2482 5660 τοῖς
2509 5597 2741 5665 ἔχουσι,
2771 5606 2876 5655 etc.
2907 5596 3132 5652 Schedae
3159 5596 3366 5664 Grabii,
3396 5601 3452 5651 et

1884 5662 2173 5716 Barbarus.

3053 5801 3134 5864 38
