3942 6216
478 280 620 335 H95

555 395 695 449 Vens
734 393 786 448 9.
831 392 1127 446 Insidiatur
1162 399 1218 444 ut
1276 390 1447 459 rapiat
1490 405 1769 460 pauperem
1812 405 1828 442 :
1866 402 2050 453 rapere
2087 389 2123 445 Α

481 501 759 555 pauperem
793 484 918 536 dum
959 484 1181 535 attrahit
1210 497 1352 549 eum,
1406 490 1512 537 etc.
1571 481 1682 536 Hoc
1714 481 1859 535 dicto
1895 489 2050 534 uten-

482 581 608 630 dum
644 585 725 630 est
751 575 1013 629 adversus
1044 573 1261 628 divites.

555 662 716 721 Vens.
760 665 847 722 14.
901 663 1058 717 Vides
1097 664 1347 733 quoniam
1383 672 1438 716 tu
1466 663 1698 717 laborem
1733 671 1781 716 et
1818 660 2051 715 dolorem

483 756 783 812 consideras
808 793 824 819 ,
852 763 908 807 ut
942 754 1122 807 tradas
1162 768 1248 806 eos
1281 754 1333 806 in
1364 767 1549 806 uiantis
1582 744 1734 816 tuas,
1776 760 1882 805 etc.
1917 750 2050 805 Cum

481 847 699 903 labores
755 854 808 900 et
860 844 1078 900 dolores
1111 856 1368 915 operatur
1396 846 1629 899 Satanas
1650 882 1664 907 ,
1708 843 1915 896 animas
1945 855 2050 908 pu-

483 940 713 993 niendas
744 935 909 991 tradit
937 935 1132 1003 judiei.
1163 934 1311 989 «Tibi
1346 935 1635 990 derelictus
1671 942 1755 989 est
1790 946 2045 1001 pauper,»

482 1034 550 1085 ab
595 1032 682 1085 bis
724 1033 816 1099 qui
866 1026 933 1082 ad
991 1033 1165 1079 sortes
1199 1026 1464 1080 veniunt:
1498 1041 1621 1078 nam
1664 1022 1827 1078 stulta
1868 1020 2051 1074 mundi

482 1123 636 1192 eligit
670 1123 830 1176 Deus.
869 1138 885 1171 ι
924 1118 1183 1187 Orpbano
1213 1123 1266 1168 tu
1295 1126 1419 1170 eras
1452 1115 1684 1185 adjutor.
1717 1132 1734 1164 ι
1762 1113 2052 1183 Orphanus

482 1224 568 1273 est
615 1213 705 1283 qui
762 1210 1051 1279 malignum
1105 1221 1308 1275 patrem
1343 1205 1558 1275 altjecit.
1621 1225 1637 1255 ι
1672 1204 1777 1259 Vos
1828 1222 1847 1256 ι
1880 1203 2050 1268 enim,

480 1304 661 1373 inquit
689 1302 940 1357 Salvator
978 1301 1044 1365 ",
1081 1317 1099 1350 ι
1137 1314 1203 1354 ex
1231 1310 1386 1369 patre
1413 1297 1623 1353 diabolo
1661 1296 1811 1352 estis.
1851 1314 1869 1348 ι

552 1482 718 1536 Vens.
763 1479 849 1534 15.
876 1478 1098 1533 Contere
1124 1477 1393 1530 brachium
1414 1474 1703 1544 peccatoris
1731 1482 1777 1528 et
1810 1472 2050 1542 maligni,

479 1582 590 1628 etc.
636 1572 691 1626 Si
745 1571 1003 1626 contritio
1066 1566 1275 1623 brachii
1335 1565 1476 1619 delet
1535 1574 1777 1633 peccata,
1832 1563 2049 1618 liberari

482 1680 611 1719 vero
644 1683 672 1718 a
715 1664 956 1733 peccatis
991 1658 1349 1717 beneficentia
1377 1666 1459 1712 est
1484 1698 1497 1720 ,
1534 1658 1603 1709 ita
1647 1658 1775 1709 mihi
1824 1672 2049 1725 persua-

481 1774 602 1813 sum
634 1768 719 1812 est
749 1757 913 1811 Deum
955 1756 1167 1826 punire.
1207 1751 1495 1806 Bracltiun:
1538 1758 1715 1801 autem
1750 1748 1882 1801 dicit
1929 1747 2046 1800 ani-

482 1864 626 1901 mam
667 1863 788 1917 qua:
816 1844 954 1899 mala
990 1855 1216 1914 Operata
1255 1850 1359 1896 est.
1406 1858 1423 1891 ι
1450 1838 1735 1905 Qumretur
1771 1845 2047 1907 peccatum

483 1938 643 2001 illius,
682 1946 734 1991 et
763 1952 869 1990 non
898 1936 1225 1990 inuenietur.
1253 1951 1270 1983 ›
1300 1932 1392 1986 Vel
1417 1947 1537 1985 eum
1566 1936 1837 1998 qumrclur
1863 1942 2051 1997 pecca-

484 2038 593 2081 tum
652 2026 955 2096 peccatoris
990 2033 1047 2078 et
1101 2022 1344 2092 maligni,
1394 2036 1499 2075 non
1566 2019 1869 2074 invenietur
1914 2017 2049 2086 ipse,

480 2122 679 2192 quippe
708 2120 798 2191 qui
832 2128 975 2172 totus
1008 2116 1184 2171 factus
1216 2116 1288 2169 sit
1333 2122 1611 2183 peccatum
1658 2121 1713 2167 et
1759 2111 2048 2179 iniquitas;

482 2214 590 2280 vel,
619 2214 835 2283 quando
866 2220 1139 2282 quaeretur
1166 2209 1308 2262 illius
1340 2217 1647 2277 peccatum,
1678 2220 1783 2259 non
1814 2203 2055 2258 invenie-

482 2316 594 2370 tur,
626 2320 693 2360 eo
720 2304 860 2374 quod
891 2304 1002 2373 ipse
1039 2302 1325 2355 mundatus
1361 2300 1449 2355 sit.

556 2483 720 2537 Vsus.
768 2480 849 2535 I6.
894 2479 1149 2532 Dominus
1188 2476 1420 2545 regnabit
1467 2476 1521 2528 in
1563 2485 1850 2538 a'ternum,
1904 2486 1951 2528 et
1998 2477 2050 2528 in

484 2570 734 2627 sa'culum
761 2568 964 2632 sa'cnli,
991 2577 1095 2621 etc.
1146 2583 1164 2616 ι
1197 2566 1420 2635 Oportet
1452 2565 1594 2617 enim
1626 2562 1910 2617 Dominum
1944 2584 1961 2617 ο
2000 2566 2051 2618 in

484 2671 745 2717 aeternum
771 2677 788 2709 ι
817 2674 1066 2728 regnare,
1106 2656 1277 2710 donec
1315 2664 1478 2723 ponat
1519 2654 1765 2707 inimicos
1792 2670 1920 2709 suos
1956 2656 2055 2710 sub

486 2754 710 2825 pedibus
762 2750 943 2817 ejus.»
1006 2748 1138 2801 Nam
1185 2762 1408 2817 regnum
1463 2747 1626 2814 ipsius
1672 2747 2055 2817 contemplatio

484 2854 569 2899 est
602 2842 843 2897 omnium
870 2839 1269 2908 prazteritorum
1295 2847 1348 2891 et
1382 2836 1683 2891 futurorum
1714 2839 2051 2904 swenlornm,

483 2950 579 3005 per
636 2948 798 3002 quam
853 2930 1362 2999 contemplationem
1398 2910 1598 2983 \etiam
1657 2928 1861 2983 inimici
1923 2930 2057 2984 ﬁunt

1888 269 1975 326 EX
2012 264 2310 325 ORIGENE

3594 270 3782 325 {196

2233 369 2553 452 Ἑνεδρεῦει
2618 385 2726 437 τοῦ
2794 384 3061 452 ἁρπάσαι
3126 382 3386 452 πτωχὸν,
3457 384 3779 450 ἁρπάσαι

2152 477 2393 545 πτωχὸν
2429 478 2498 529 ἐν
2529 477 2607 541 τῷ
2644 477 2896 530 ἐλκῦσαι
2925 477 3131 541 αὑτὸν,
3169 493 3222 528 κ.
3257 492 3309 528 τ.
3348 477 3397 527 ἐ.
3436 476 3639 547 Τούτῳ
3686 479 3787 547 τῷ

2155 568 2302 638 ῥητῷ
2328 568 2439 639 (88)
2481 567 2739 638 χρηστέον
2769 568 2905 637 πρὸς
2933 569 3057 629 τοὺς
3086 566 3395 629 πλουσίους.

2223 658 2495 723 Βλέπεις,
2536 658 2624 713 ὅτι
2665 656 2742 711 σὺ
2782 659 2972 711 πόνον
3014 658 3111 710 καί
3158 658 3351 727 θυμὸν
3400 659 3789 723 κατανοεῖς,

2152 748 2259 803 τοῦ
2295 750 2663 817 παραδοῦναι
2695 750 2918 815 αὐτοὺς
2954 752 3041 815 είς
3084 750 3284 818 χεῖράς
3310 766 3468 813 σου,
3521 768 3582 801 κ.
3619 768 3677 803 τ.
3726 754 3787 804 ἐ.

2153 842 2356 906 Πόνους
2383 843 2476 896 καὶ
2506 843 2710 913 θυμοὺς
2738 843 2849 913 (89)
2880 846 2907 896 ὁ
2938 844 3178 905 Σατανᾶς
3210 843 3624 913 ἐργαζόμενος,
3648 861 3792 895 τεα-

2155 934 2404 1006 ραδίδωσι
2452 934 2552 997 τὰς
2593 935 2770 1005 ψυχὰς
2808 937 2887 997 εἰς
2926 934 3144 987 κόλασιν
3187 933 3264 1002 τῷ
3310 936 3507 1003 κριτῇ.
3575 953 3596 984 ι
3664 934 3785 986 Σοὶ

2152 1026 2632 1094 ἐγκαταλέλειπται
2663 1029 2690 1079 ὁ
2718 1026 2951 1095 πτωχὸς,
2998 1046 3016 1077 ι
3055 1025 3163 1078 ἀπὸ
3198 1024 3306 1076 τῶν
3332 1027 3418 1087 είς
3444 1027 3591 1087 τοὺς
3622 1027 3781 1095 κλή-

2157 1133 2279 1185 ρους
2313 1118 2620 1188 ἐρχομένων
2640 1135 2652 1146 ·
2684 1117 2762 1170 διὸ
2794 1117 2858 1170 τὰ
2892 1116 3048 1187 μωρά
3077 1116 3169 1169 τοῦ
3199 1116 3412 1184 κόσμου
3450 1117 3775 1185 ἐκλέγεται

2151 1210 2179 1262 ὁ
2205 1208 2357 1272 Θεός.
2392 1227 2409 1259 ι
2463 1209 2712 1280 Ὀρφανῷ
2741 1210 2804 1261 σὺ
2828 1204 2969 1278 ἦσθα
2995 1207 3202 1277 βοηθός.
3236 1227 3254 1259 ι
3296 1209 3589 1279 Ὀρφανός
3609 1210 3774 1260 ἐστιν

2153 1301 2180 1352 ὁ
2220 1299 2508 1354 ἀποϐαλὼν
2541 1301 2630 1354 τὸν
2676 1301 2910 1373 πονηρὸν
2956 1303 3184 1373 πατέρα.
3236 1320 3255 1353 ι
3311 1300 3515 1370 Ὑμεῖς
3562 1320 3583 1351 ι
3622 1301 3765 1370 γὰρ,

2154 1388 2316 1461 φησιν
2342 1393 2369 1443 ὁ
2395 1392 2603 1462 Σωτὴρ,
2635 1412 2652 1444 ι
2690 1394 2754 1445 ἐκ
2775 1393 2867 1445 τοῦ
2890 1395 3094 1463 πατρὸς
3120 1392 3213 1445 τοῦ
3237 1391 3495 1445 διαϐόλου
3515 1391 3689 1443 ἐστέ.
3732 1409 3757 1442 ι

2223 1479 2560 1548 Σύντριψον
2607 1481 2712 1533 τὸν
2751 1482 3048 1550 βραχίονα
3094 1480 3200 1534 τοῦ
3239 1479 3623 1548 ἀμαρτωλυῦ
3658 1482 3763 1533 καί

2154 1571 2438 1638 πονηροῦ,
2470 1587 2521 1623 κ.
2559 1589 2606 1623 τ.
2642 1571 2687 1624 ἐ.
2718 1570 2780 1624 Εἰ
2810 1575 2841 1643 ἡ
2879 1572 3133 1643 ωπριὸὴ
3170 1570 3407 1643 (90)τοῦ
3448 1571 3765 1642 βραχίονος

2154 1664 2400 1732 ἀφανίζει
2425 1664 2524 1727 τὰς
2546 1665 2839 1736 ἁμαρτίας,
2870 1666 2929 1718 τὸ
2954 1665 3009 1717 δὲ
3036 1664 3423 1733 ἀπαλλαγῆναι
3450 1663 3760 1734 ἁμαρτιῶν

2154 1756 2458 1826 εὐεργεσία,
2496 1756 2665 1819 οὑτως
2691 1756 2800 1824 ἐγὼ
2834 1757 3087 1827 πείθομαι
3120 1754 3369 1819 κολάζειν
3405 1756 3580 1809 Θεὸν.
3620 1756 3763 1825 Βρα-

2154 1848 2304 1917 χίονα
2340 1848 2396 1899 δὲ
2435 1847 2581 1915 λέγει
2620 1849 2717 1919 τὴν
2760 1847 2970 1919 πονηρά
3010 1846 3509 1919 κατεργασαμέντγν
3544 1849 3759 1917 ψυχήν.

2160 1958 2177 1988 ι
2209 1937 2577 2010 Ζητηθήσεται
2599 1942 2632 2009 ἡ
2664 1939 2904 2011 ἀμαρτία
2926 1937 3110 1999 αὑτοῦ,
3134 1940 3226 1992 καὶ
3256 1939 3317 1990 οὑ
3352 1939 3433 2008 μὴ
3462 1940 3705 2010 εὑρεθῇ.
3737 1958 3759 1990 ι

2158 2026 2312 2078 Ἤτοι
2347 2026 2681 2098 ζητουμένης
2707 2029 2803 2098 τῆς
2836 2027 3107 2098 ἁμαρτίας
3145 2027 3239 2079 τοῦ
3276 2028 3637 2097 ἀμαρτωλοῦ
3670 2032 3759 2079 καὶ

2156 2116 2411 2187 πονηροῦ,
2466 2118 2631 2180 αὑτὸς
2680 2119 2778 2187 οὑχ
2835 2118 3207 2188 εὑρεθήσεται,
3258 2115 3378 2179 ὅλος
3444 2117 3757 2186 γενόμενος

2155 2208 2398 2280 ἁμαρτία
2442 2210 2532 2278 καὶ
2563 2210 2820 2281 πονηρίαο
2858 2210 2888 2279 ἢ
2922 2208 3072 2261 ἔσται
3113 2209 3199 2260 ὅτε
3232 2207 3630 2279 ζητηθήσεται
3662 2211 3753 2262 αὖ-

2156 2301 2245 2354 τοῦ
2277 2304 2309 2371 ἡ
2342 2302 2602 2372 ἁμαρτία,
2640 2302 2730 2353 καὶ
2755 2302 2853 2372 οὑχ
2886 2301 3256 2371 εὑρεθήσεται,
3284 2298 3362 2369 τῷ
3392 2300 3753 2372 κεκαθάρθαι

2154 2392 2335 2445 αὑτόν.

2224 2484 2583 2537 Βασιλεύσει
2616 2485 2828 2551 Κύριος
2861 2485 2948 2549 είς
2984 2482 3089 2535 τὸν
3127 2481 3336 2545 αἰῶνα,
3370 2482 3481 2536 καὶ
3521 2486 3614 2547 εις
3648 2482 3754 2536 τὸν

2154 2568 2338 2621 αἰῶνα
2361 2568 2466 2623 τοῦ
2496 2569 2729 2636 αἰῶνος,
2764 2588 2816 2623 κ.
2849 2588 2899 2622 τ.
2933 2572 2975 2622 ὲ.
3016 2589 3034 2621 ι
3073 2572 3163 2622 Δεῖ
3202 2589 3221 2622 ι
3254 2570 3369 2643 γάρ
3425 2590 3446 2621 σ
3494 2573 3581 2623 τὸν
3622 2572 3749 2624 K5-

2160 2673 2271 2729 ριον
2305 2658 2415 2729 (91)
2460 2658 2761 2729 βασιλεύειν
2800 2681 2816 2712 ι
2848 2660 2935 2713 διὰ
2964 2660 3073 2713 τῶν
3110 2660 3341 2724 αἰώνων,
3388 2681 3407 2712 ι
3459 2664 3619 2732 ἄχρις
3678 2662 3752 2714 ἂν

2157 2752 2221 2821 θῇ
2262 2752 2465 2815 πάντας
2502 2754 2627 2816 τοὺς
2655 2752 2882 2823 ἐχθροὺς
2908 2752 3071 2805 αὑτοῦ
3116 2753 3222 2805 ὑπὸ
3266 2756 3389 2817 τοὺς
3438 2756 3611 2819 πόδας
3652 2756 3751 2808 αὐ-

2154 2841 2271 2893 τοῦ.
2305 2862 2322 2892 ι
2364 2842 2425 2893 Ἦ
2454 2842 2560 2913 γὰρ
2594 2843 2833 2913 βασιλεία
2858 2842 3022 2895 αὑτοῦ
3050 2845 3194 2897 ἐστιν
3225 2845 3257 2913 ἡ
3284 2844 3502 2915 θεωρία
3536 2848 3753 2900 πάντων

2156 2934 2265 2987 τῶν
2289 2935 2584 3003 γεγονότων
2620 2936 2712 2988 καὶ
2742 2937 3122 3006 γενησομένων
3149 2934 3380 2997 αἰώνων,
3410 2935 3489 2988 δι’
3524 2932 3597 3007 ἧς
3624 2938 3755 2990 θεω-

484 3024 669 3079 amici.
710 3022 823 3077 Hoc
856 3022 998 3076 enim
1042 3030 1125 3074 est
1162 3019 1305 3088 quod
1340 3019 1468 3073 dicit
1514 3019 1641 3073 illud
1672 3037 1685 3074 :
1725 3038 1741 3071 ι
1774 3021 2055 3086 Quazretur

2166 3027 2281 3100 ρίας
2308 3028 2399 3081 καὶ
2426 3029 2473 3080 οἱ
2499 3027 2682 3099 ἐχθροὶ
2707 3028 2846 3096 φίλοι
2872 3029 3129 3096 γίνονται.
3159 3029 3222 3081 Ὀ
3254 3028 3352 3097 μέν
3378 3046 3552 3097 φησι.
3594 3050 3616 3081 ‹
3654 3034 3753 3099 2r,-

486 3124 770 3183 peccatum
822 3113 989 3174 illius,
1042 3122 1099 3167 et
1155 3127 1258 3165 non
1305 3110 1672 3164 invenietur.)
1745 3111 1954 3179 Regnal
2001 3111 2053 3164 in

485 3216 746 3262 :eternum
776 3204 1053 3265 Dominus,
1086 3203 1359 3272 pmprium
1397 3212 1577 3255 autem
1604 3217 1787 3271 regum
1815 3212 1896 3255 est
1924 3202 2053 3255 sub-

480 3300 643 3367 jectis
668 3297 829 3367 590
858 3296 968 3349 suis
1005 3295 1335 3363 prospicere.
1378 3312 1395 3343 ‹
1425 3291 1698 3356 Peribitis,
1735 3302 1926 3361 gentes
1946 3332 1962 3357 ,
1993 3292 2058 3346 de

486 3400 632 3446 terra
680 3390 845 3445 illius.
878 3406 895 3438 ι
945 3385 1111 3440 Terra
1160 3383 1375 3439 Domini
1412 3393 1490 3436 est
1528 3384 1908 3453 contemplatio
1938 3399 2055 3437 om-

489 3484 637 3537 nium
672 3479 1094 3549 prmteritorum,
1120 3494 1282 3547 quam
1319 3487 1372 3531 et
1405 3490 1627 3544 regnum
1651 3476 1911 3528 caelorum
1940 3489 2057 3529 esse

490 3574 743 3628 dicimus.
776 3570 979 3626 Gentes
1013 3578 1173 3634 sunt,
1203 3584 1325 3637 qua:
1360 3567 1549 3621 salutis
1586 3566 1913 3637 prmconium
1950 3581 2055 3619 non

491 3663 779 3729 admisere,
806 3661 899 3715 sed
931 3660 982 3713 in
1009 3674 1200 3713 omnes
1228 3660 1412 3713 divisa
1442 3668 1585 3713 sunt.
1618 3656 1899 3721 Peribitis,
1928 3672 2059 3726 gen-

493 3770 593 3821 tes,
621 3767 887 3825 quatenus
915 3762 1101 3821 gentes
1120 3752 1273 3807 estis.
1320 3750 1433 3807 Una
1475 3752 1616 3807 enim
1660 3766 1792 3820 gens
1824 3759 1905 3805 est
1940 3748 2058 3803 uni-

492 3864 644 3902 versa
683 3857 850 3911 terra,
875 3845 917 3898 si
948 3846 1000 3898 in
1034 3860 1196 3897 unum
1223 3845 1580 3899 consenserit.

563 3939 724 3994 Vens.
770 3937 855 3990 l7.
901 3935 1229 3989 Desiderium
1284 3952 1575 4005 pauperum
1617 3934 1887 3989 exaudivit
1944 3934 2052 3988 Do-

488 4033 682 4093 minus,
710 4042 813 4084 etc.
853 4026 1192 4081 Desiderium
1224 4037 1353 4081 tunc
1376 4027 1595 4080 exaudit
1625 4026 1906 4089 Dominus,
1933 4041 2053 4080 cum

491 4120 821 4177 desideranti
846 4119 1041 4172 anima:
1071 4119 1251 4187 cupita
1287 4118 1533 4186 largitur.
1564 4116 1883 4171 Desiderant
1913 4117 2057 4170 enim

491 4219 551 4264 ut
603 4208 885 4264 brachium
947 4207 1250 4272 peccatoris
1305 4214 1652 4268 conteratur,
1720 4214 1768 4259 el
1828 4208 1895 4259 ab
1944 4205 2059 4272 ejus

494 4299 779 4371 tyrannide
811 4299 1133 4352 liberentur.
1173 4296 1325 4362 Quod
1364 4307 1419 4352 et
1464 4296 1663 4351 factum
1697 4305 1798 4352 est.
1843 4298 2055 4351 Deside-

2160 3120 2451 3191 τηθήσεται
2485 3123 2517 3191 ἡ
2552 3120 2792 3190 ἁμαρτία
2825 3119 3009 3183 αὑτοῦ,
3042 3121 3135 3172 καὶ
3157 3122 3253 3188 οὑχ
3285 3120 3691 3191 εὑρεθήσεται.
3735 3144 3750 3173 ι

2158 3214 2440 3269 Βασιλεύει
2460 3215 2515 3267 δὲ
2540 3216 2618 3277 είς
2639 3214 2728 3267 τὸν
2754 3212 2921 3266 αίῶνα
2942 3215 2971 3265 ό
2993 3213 3210 3283 Κύριος
3236 3212 3367 3265 ἴδιον
3389 3213 3447 3265 δὲ
3479 3213 3756 3283 βασιλέων

2158 3304 2218 3358 τὸ
2248 3308 2490 3376 προνοεῖν
2511 3305 2616 3357 τῶν
2642 3305 2745 3359 ὑπὸ
2775 3306 2871 3375 τὴν
2899 3308 3075 3375 χεῖρα.
3102 3324 3119 3355 ι
3144 3305 3491 3369 Ἀπολεὴθε,
3513 3307 3677 3377 ἔθνη,
3702 3309 3757 3359 ἐκ

2156 3397 2254 3467 τῆς
2279 3397 2383 3466 γῆς
2422 3396 2604 3448 αὑτοῦ.
2648 3416 2665 3447 ι
2708 3397 2781 3467 Γῆ
2829 3396 3033 3467 Κυρίου
3071 3398 3102 3467 ἡ
3136 3394 3337 3466 θεωρία
3380 3397 3620 3452 πάντων
3656 3400 3757 3452 τῦν

2158 3488 2476 3555 γεγονότων,
2515 3487 2579 3557 ἣν
2624 3488 2718 3540 καὶ
2762 3487 3035 3558 βασιλείαν
3073 3487 3315 3559 οὐρανῶν
3355 3485 3511 3540 εἷναί
3550 3508 3752 3560 φαμεν.

2162 3580 2327 3651 Ἔθνη
2364 3580 2432 3635 τὰ
2467 3580 2540 3650 μὴ
2590 3580 2855 3650 δεξάμενα
2887 3580 2947 3632 τὸ
2981 3581 3246 3649 σωτήριον
3278 3580 3593 3650 κήρυγμα,
3644 3582 3755 3635 ἀλλ’

2158 3673 2236 3734 είς
2264 3672 2467 3734 πάντας
2512 3671 2975 3742 κατατεμνόμενα.
3044 3670 3375 3736 Ἀπολεῖσθε,
3408 3672 3578 3745 ἔθνη,
3622 3672 3756 3728 καθὸ

2157 3760 2285 3831 ἔθνη
2313 3762 2453 3815 ἐστέ.
2484 3762 2577 3814 Ἓν
2600 3761 2708 3831 γὰρ
2734 3760 2883 3824 ἔθνος
2905 3762 3050 3814 πᾶσα
3073 3763 3107 3831 ἡ
3135 3760 3226 3830 γῆ,
3256 3760 3347 3814 ἐὰν
3372 3761 3612 3833 ὁμονοῇ.

2234 3933 2352 4002 Τὴν
2374 3934 2690 4003 ἐπιθυμίαν
2706 3932 2824 3986 τῶν
2843 3931 3119 4001 πενήτων
3137 3933 3468 4003 είσήκουσε
3501 3938 3750 4005 Κύριος.

2158 4046 2208 4081 κ.
2230 4044 2280 4079 τ.
2305 4028 2348 4079 ἐ.
2379 4025 2688 4097 Τηνικαῦτα
2716 4025 2989 4079 εἰσακούει
3012 4025 3123 4097 (92)
3140 4024 3241 4095 τῆς
3263 4024 3572 4096 ἐπιθυμίας
3603 4031 3758 4083 ὀΚῦο

2163 4134 2295 4189 ριος,
2330 4116 2565 4187 ὁπηνίκα
2599 4115 2663 4169 ἂν
2696 4116 2756 4169 τὸ
2787 4116 3118 4187 ἐπιθυμητὸν
3156 4116 3416 4187 παράσχῃ
3441 4121 3514 4189 τῇ
3564 4121 3757 4173 ἐπιθυ-

2164 4212 2337 4285 μοὺσῃ
2388 4212 2551 4282 ψυχῇ.
2616 4210 2971 4281 Ἐπιθυμοῦσι
3039 4210 3149 4281 γὰρ
3218 4210 3584 4281 συντριϐῆναι
3658 4214 3755 4265 τοῦ

2160 4303 2484 4375 ἀμαρτωλοὺ
2520 4302 2608 4356 τὸν
2654 4302 2912 4372 βραχίονα
2951 4303 3043 4354 καὶ
3074 4302 3171 4371 τῆς
3216 4302 3379 4355 αὑτοῦ
3422 4306 3756 4374 τυραννίδες

491 4394 632 4448 rium
667 4393 811 4445 enim
858 4392 1012 4446 bona:
1059 4391 1256 4445 mentis
1309 4399 1392 4444 est
1437 4388 1624 4443 ellicax
1668 4390 1864 4455 oratio,
1896 4405 2055 4457 quam

2166 4394 2608 4466 ἐλευθερωθῆναι.
2654 4397 2717 4447 Ὃ
2751 4394 2843 4445 καὶ
2880 4392 3120 4460 γέγονεν.
3167 4391 3461 4462 Ἑπιθυμία
3494 4395 3619 4465 γὰρ
3646 4396 3758 4448 δια-

492 4486 679 4539 videns
715 4484 759 4536 is
794 4482 885 4551 qui
928 4483 1089 4535 corda
1137 4482 1325 4546 novit,
1385 4483 1662 4550 adimplet.
1706 4480 1819 4535 Non
1876 4490 2056 4533 autem

490 4575 675 4629 omnia
707 4574 975 4628 desideria
1024 4572 1201 4626 audiri
1244 4573 1620 4627 arbitrandum
1660 4582 1777 4638 est,
1806 4576 1900 4627 sed
1938 4588 2059 4641 qua:

491 4668 718 4724 honesta
740 4676 887 4721 sunt.
912 4666 930 4717 ξ
956 4665 1411 4735 Ριαψπιιιίοηειιι
1434 4666 1613 4719 cordis
1640 4680 1825 4720 eorum
1852 4667 2061 4721 audivit

491 4763 642 4817 auris
701 4772 813 4818 tua.
849 4778 866 4812 ι
932 4758 1388 4829 Prwparatianem
1470 4758 1649 4811 cordis
1724 4758 2058 4812 beandoru-n

492 4870 790 4923 pauperum
824 4854 977 4908 audit
1002 4852 1153 4906 auris
1177 4848 1409 4912 Domini,
1457 4864 1561 4903 non
1604 4849 1836 4903 attendit
1878 4860 2059 4904 autem

492 4949 561 5003 iis
594 4948 686 5018 qui
736 4945 1019 5016 praeparati
1059 4957 1165 4997 non
1218 4948 1359 4995 sunt.
1413 4939 1547 5004 lloc,
1606 4940 1814 5009 inquit,
1858 4942 2064 5009 appetit

492 5042 720 5110 quilibet
754 5055 940 5095 eorum
962 5038 1054 5107 qui
1079 5036 1288 5105 injuriis
1315 5034 1641 5089 alliciuntur.
1671 5033 1801 5086 Nam
1833 5033 1876 5087 si
1901 5034 2059 5088 modo

496 5134 638 5187 Deus
682 5146 948 5203 pauperes
974 5139 1029 5185 et
1062 5130 1350 5185 destitutos
1384 5127 1705 5191 vindicaret,
1758 5140 1917 5179 nemo
1948 5142 2062 5179 am-

494 5225 634 5295 plius
670 5224 1018 5293 gloriaretur,
1042 5222 1134 5276 sed
1163 5230 1217 5276 et
1238 5219 1328 5289 qui
1362 5218 1590 5289 injurias
1622 5218 1885 5283 inferunt,
1918 5219 2056 5273 male

569 5317 607 5349 ³⁷
644 5313 799 5368 Joan.
844 5328 957 5377 \‘lll,
1019 5312 1106 5364 Η.

566 5410 676 5478 (88)
734 5407 925 5468 Τούτῳ
971 5404 1051 5470 τῷ
1098 5401 1280 5471 ῥητῷ,
1331 5412 1437 5458 etc.
1481 5403 1691 5459 Eadem
1735 5404 1968 5469 seliedae,
2003 5414 2059 5459 et

494 5480 937 5617 Ba{§3)"iiérouc
968 5546 1063 5599 καὶ
1087 5546 1333 5614 θυμούς,
1360 5553 1463 5599 etc.
1504 5542 1726 5600 Scltedte
1747 5542 1955 5609 Grabii,
1995 5558 2058 5597 ac

500 5618 787 5754 “(dirigi
814 5686 851 5753 ἠ
886 5684 1196 5753 cummari,
1224 5693 1326 5739 etc.
1361 5682 1568 5738 Etedem
1605 5681 1811 5737 seltedte
1850 5681 2058 5750 Grabii,

2164 4486 2311 4549 νυίας
2338 4485 2546 4555 ἀγαθῆς
2576 4485 2801 4555 ἐνεργής
2834 4485 2947 4535 ἐστι
2974 4481 3269 4553 προσευχὴ,
3300 4483 3364 4553 ἧν
3400 4482 3529 4536 ἰδὼν
3558 4488 3590 4537 ὁ
3618 4501 3759 4556 καρ-

2163 4577 2491 4647 διογνώστης
2518 4576 2824 4646 ἐπλήρωσε.
2861 4574 2935 4626 Οὑ
2982 4574 3162 4636 πάσας
3193 4572 3484 4643 ἐπιθυμίας
3517 4577 3640 4648 χρὴ
3671 4594 3758 4629 νο-

2170 4669 2345 4740 μίζειν
2377 4666 2685 4732 ἀκούεσθαι,
2714 4664 2848 4718 ἀλλὰ
2875 4665 2972 4726 τὰς
3010 4664 3255 4727 ἀστείας.
3292 4683 3311 4716 ι
3346 4664 3424 4734 Τῇ
3455 4666 3762 4738 ἑτοιμασίᾳ

2166 4761 2266 4831 τῆς
2305 4759 2528 4831 καρδίας
2557 4757 2734 4811 αὑτῶν
2765 4756 3037 4826 προσέσχε
3068 4756 3128 4807 τὸ
3154 4752 3245 4819 οὖς
3275 4771 3386 4808 σου.
3428 4775 3448 4807 ι
3493 4756 3759 4829 Ἑτοιμὸ-

2165 4870 2288 4923 τητι
2330 4851 2556 4923 καρδίας
2604 4848 3052 4921 μακαριζομένων
3094 4850 3340 4919 πενήτων
3381 4849 3652 4920 προσέχει
3690 4852 3758 4903 τὺ

2168 4942 2259 5009 οὖς
2284 4944 2375 4998 τοῦ
2402 4943 2627 5015 Κυρίου,
2656 4943 2716 4995 οὑ
2745 4940 2998 5011 προσέχει
3027 4939 3081 4992 δὲ
3114 4943 3227 5003 τοῖς
3255 4940 3586 5010 ἀνετοίμοις.
3616 4944 3758 4995 Τοῦ.

2168 5055 2281 5101 του,
2304 5037 2485 5107 φησιν,
2508 5036 2735 5096 εκαστος
2761 5034 2971 5103 ἐφίεται
2992 5031 3097 5084 τῶν
3123 5032 3513 5102 ἀδικουμένων.
3542 5034 3616 5088 Ei
3642 5036 3755 5106 γὰρ

2170 5129 2226 5180 ἐν
2256 5126 2333 5197 τῷ
2362 5125 2585 5197 παρόντι
2607 5125 2827 5193 γένηται
2858 5124 3007 5194 παρὰ
3032 5122 3126 5175 τοῦ
3159 5122 3296 5175 Θεοῦ
3323 5123 3611 5193 ἐκδίκησις
3640 5127 3755 5179 τῶν

2170 5217 2543 5287 ἁπεριστάτων
2569 5218 2662 5269 καὶ
2689 5213 2978 5280 ταπεινῶν,
3004 5215 3176 5278 οὐδεὶς
3203 5214 3282 5267 ἔτι
3311 5213 3752 5287 μεγαλαυχήσει,

2168 5397 2615 5595 Σί
2666 5460 2771 5515 τὸν
2812 5462 3049 5530 Κύριον,
3097 5470 3204 5516 etc.
3246 5458 3457 5515 Eaedem
3502 5462 3756 5529 εςιιωε,

2170 5678 2210 5732 Β
2241 5609 2352 5731 (τι)
2380 5602 3046 5672 Τηνικαῦταεὶσακούει,
3066 5611 3171 5657 etc.
3198 5601 3408 5657 Eadem
3432 5602 3678 5671 selteda,
3700 5614 3760 5662 et

2214 5696 2273 5732 ar
2315 5691 2460 5730 ill‘llS.
