3942 6216
152 226 181 279 Ι
206 225 329 281 ιοτ
1226 208 1532 271 ΒΕΙΈΕΤᾹ
1573 204 1647 267 IN
1673 210 1776 267 PS}

1889 209 2013 266 IOS.
2055 241 2120 253 --
2160 210 2355 267 PSAL.
2382 211 2451 269 Χ.
3309 211 3445 265 nos

147 318 325 371 ἀλλὰ
362 315 456 369 καὶ
500 318 548 369 οἱ
589 314 902 376 ἀδικοῦντες
949 311 1245 366 παύσονται
1272 310 1366 363 τοῦ
1403 308 1585 370 κακῶς
1619 305 1771 376 δρᾷν,

1889 317 2055 370 igere,
2089 313 2142 358 et
2180 304 2216 359 ii
2261 304 2456 374 quibus
2506 302 2714 373 injuriae
2757 302 3093 368 inferuntur,
3148 302 3285 357 male
3337 306 3443 372 puti

153 408 278 461 atat
310 409 368 461 οί
396 406 740 475 ἀδικούμενοι
766 405 857 459 τοῦ
888 406 1135 474 πάσχειν.

1889 394 2231 449 desisterent.

796 581 1083 635 ΨΑΛΜΟΣ
1121 578 1177 633 I'.

2450 568 2770 636 PSALMUS
2810 575 2876 633 Χ.

249 675 389 727 ’Ότι
417 672 545 727 ἰδοὺ
576 675 629 726 οἱ
666 672 1000 741 ἁμαρτωλοί
1043 672 1347 727 ἐνέτειναν
1383 666 1583 735 τόξον,
1618 666 1776 740 ἡτοί-

1953 663 2117 725 Vens.
2168 664 2223 725 3.
2266 668 2530 735 Quoniam
2580 686 2696 724 ecce
2750 679 3050 740 peceatores
3110 669 3446 725 intenderunt

153 779 401 833 μασαν
432 761 591 829 βέλη
629 763 715 826 εὶς
746 756 1063 830 φαρέτραν,
1093 761 1198 814 τοῦ
1236 761 1667 823 κατατοξεῦσαι
1708 761 1776 813 ἐν

1889 775 2084 825 arcum,
2134 769 2453 828 parauerunt
2513 761 2737 828 sagittas
2788 776 2912 813 suas
2966 759 3021 813 in
3072 762 3345 827 pharetra,
3391 770 3448 815 ut

160 852 544 922 σκοτομήνῃ
580 852 720 919 τοὺς
746 853 939 918 εὐαεῖς
969 844 1041 920 τῇ
1066 850 1298 921 καρδίᾳ,
1331 871 1383 905 κ.
1414 871 1463 907 τ.
1494 847 1540 905 ἑ.
1565 852 1656 922 Μὴ
1684 853 1776 923 ἀρ-

1889 848 2127 918 mgiltent
2156 850 2212 903 in
2239 850 2459 905 obscuro
2486 859 2651 904 rectos
2675 850 2850 915 corde,
2880 859 2989 904 etc.
3030 849 3144 906 Non
3178 850 3444 911 contenti,

163 943 476 1015 κούμενοι,
521 945 674 1016 φησι,
724 948 788 1016 τῇ
827 946 938 1015 (95)
973 944 1180 997 ἑαυτῶν
1215 939 1461 1016 ἀπωλείᾳ
1502 945 1552 997 οἱ
1599 945 1775 1015 ἁμαρ-

1889 940 2078 1008 ὶιιίιιιίῑ,
2112 949 2433 1009 peccatores
2476 941 2683 1010 seipsos
2726 954 2845 996 esse
2885 941 3162 1009 perditos,
3198 941 3291 996 sed
3324 957 3449 1012 pec-

161 1035 378 1099 τωλοὶ,
426 1036 542 1089 ἀλλ’
583 1034 949 1108 ἐπισπώμενοι
992 1038 1090 1101 τὰς
1130 1034 1404 1108 ἁμαρτίας
1446 1037 1521 1100 ὡς
1557 1030 1775 1107 σχοινίῳ

1889 1038 1999 1084 cata
2052 1031 2205 1098 quasi
2253 1029 2378 1084 fune
2436 1032 2592 1101 longo
2642 1031 3001 1094 attrahentes,
3054 1030 3147 1084 Dei
3204 1032 3452 1087 homines

168 1127 420 1199 μακρῷ,
466 1124 578 1190 τοῖς
624 1127 716 1179 τοῦ
749 1126 883 1180 Θεοῦ
927 1120 1252 1198 πολεμοῦσιν
1298 1120 1624 1198 ἀνθρώποις,
1678 1128 1774 1180 καὶ

165 1211 580 1283 κατατοξεύειν
621 1214 817 1282 αὐτοὺς
850 1220 1146 1292 πειρῶνται
1184 1222 1296 1283 τοῖς
1326 1220 1424 1289 τῆς
1457 1212 1635 1271 αὐτῶν
1676 1236 1774 1271 κα-

165 1310 317 1374 κίας
360 1313 478 1375 ίοῖς,
513 1310 606 1363 καὶ
640 1309 717 1380 τῷ
750 1310 1062 1381 βασκαίνειν
1094 1308 1271 1364 αὐτῶν
1303 1312 1367 1381 τῇ
1399 1304 1638 1383 τοσαύτῃ
1676 1302 1771 1363 τοῦ

166 1404 528 1474 ἡγεμονικοῦ
555 1403 903 1475 καθαρότητι,
930 1402 989 1455 τὸ
1020 1402 1206 1466 σκότος
1240 1400 1629 1473 προδάλλονται
1653 1402 1773 1455 κατ’

168 1496 398 1560 αὐτῶν,
435 1496 511 1559 ὡς
548 1497 603 1549 ai
642 1495 833 1565 σηπίαι
877 1495 938 1547 τὸ
987 1494 1179 1564 μέλαν.
1225 1492 1334 1545 Καὶ
1365 1492 1535 1545 ταῦτα
1582 1491 1770 1565 δρῶσι,

1889 1481 2177 1536 secundum
2227 1490 2474 1535 naturam
2522 1493 2719 1546 rectas,
2765 1498 2901 1552 quas
2942 1481 3086 1538 Deus
3123 1483 3450 1548 inseruerat,

167 1586 285 1649 τὰς
312 1587 552 1655 φυσικάς
580 1587 673 1639 καὶ
694 1586 832 1639 κατὰ
855 1585 1014 1653 φύσιν
1036 1580 1199 1655 ὀρθὰς
1222 1578 1540 1647 καθελόντες
1566 1581 1774 1647 ἐννοίας
1806 1600 1849 1657 Β
1881 1571 2237 1641 cogitationes
2263 1587 2326 1628 ex
2361 1574 2552 1645 εοίρεῑε
2589 1574 2871 1629 abolendo.

170 1677 243 1741 ἐξ
276 1676 517 1739 ἑαυτῶν,
550 1676 616 1739 ἃς
643 1676 706 1747 δὴ
748 1676 881 1739 Θεὸς
905 1670 1286 1746 κατηρτίσατο.

264 1765 387 1818 Τοῦ
437 1765 645 1818 αὐτοῦ.
699 1765 864 1831 Τόξον
931 1764 1077 1817 ἐστὶν
1116 1764 1423 1835 ἀκάθαρτος
1476 1764 1598 1827 νοῦς
1641 1764 1775 1835 (94).

191 1853 376 1922 Ἐγὼ,
410 1856 594 1925 φησὶν,
629 1856 720 1908 ἐπὶ
750 1854 827 1925 τῷ
862 1854 1052 1924 Κυρίῳ
1095 1852 1345 1907 πέποιθα.
1392 1856 1454 1907 Οἱ
1484 1854 1780 1925 πολεμοῦν-

179 1962 283 2008 τες
345 1946 681 2016 ἁμαρτωλοί.
725 1946 819 2009 Τίς
868 1944 933 2000 ἂν
982 1941 1073 1999 οὖν
1121 1946 1273 2016 δείσῃ
1320 1944 1412 1998 καὶ
1470 1944 1614 2017 φύγῃ
1647 1945 1779 1999 Θεὸν

1881 1118 2176 1185 infestant,
2237 1133 2438 1190 eosque
2489 1122 2769 1176 venenatis
2825 1121 3045 1176 malitia:
3094 1137 3203 1175 suae
3254 1120 3452 1191 iaculis

1879 1207 2164 1275 perfodere
2207 1210 2478 1273 nituntur,
2510 1219 2563 1263 et
2597 1223 2782 1264 eorum
2817 1211 3030 1264 eximiae
3057 1209 3277 1277 pnritati
3313 1211 3452 1264 invi-

1880 1300 2089 1364 dentes,
2115 1302 2364 1355 tenebras
2391 1301 2520 1370 ipsis
2547 1299 2854 1363 oﬁundunt,
2886 1316 2992 1354 non
3018 1315 3176 1355 secus
3200 1315 3265 1356 ac
3286 1300 3452 1370 sepiae

1881 1398 2266 1444 atramentum.
2346 1391 2527 1458 Atque
2589 1390 2692 1445 hoc
2748 1390 2992 1457 faciunt,
3065 1390 3341 1446 naturales
3397 1400 3454 1446 et

1954 1746 2223 1817 Ejusdem.
2268 1752 2443 1805 Arcus
2496 1760 2843 1820 peccatorum
2886 1760 2970 1805 est
3009 1752 3219 1820 impura
3272 1766 3446 1807 mens.

1879 1838 2015 1909 Ego,
2082 1840 2278 1909 inquit,
2345 1842 2396 1894 in
2454 1842 2681 1896 Domino
2730 1842 2963 1897 conﬁdo.
3022 1841 3122 1909 Qui
3183 1853 3447 1912 pugnant,

1880 1939 2192 2000 peccatores
2225 1941 2370 1986 sunt.
2406 1932 2537 1999 Quis
2573 1941 2752 1986 autem
2789 1932 3000 1987 timebit
3027 1945 3081 1988 et
3116 1934 3322 2002 fugiet,
3353 1934 3447 2003 qni

184 2035 338 2105 ἔχων
388 2033 601 2105 βοηθὸν,
637 2036 731 2088 καὶ
765 2034 1055 2105 πολεμίους
1092 2033 1474 2105 άμαρτωλούς;
1517 2052 1535 2085 ι
1600 2032 1777 2088 Ἦτοί-

189 2142 386 2196 μασαν
434 2126 561 2199 βέλη
593 2128 673 2190 είς
707 2125 999 2197 φαρέτραν.
1062 2144 1081 2177 ι
1135 2124 1293 2188 Βέλος
1336 2126 1482 2178 ἐστὶν
1526 2125 1780 2197 ἐμπαθὴς

186 2216 481 2287 λογισμὸς,
529 2213 774 2288 φαρέτρα
807 2215 863 2270 δὲ
905 2215 1016 2280 ἕξις
1058 2214 1304 2286 χειρίστη
1338 2214 1613 2286 λογισμῶν
1641 2218 1779 2270 ἀκα-

190 2307 419 2378 θάρτων
471 2305 896 2379 πεπληρωμένη.
952 2306 1135 2359 Ταῦτα
1174 2305 1267 2358 ἐπὶ
1310 2304 1577 2378 δαιμένων
1624 2306 1779 2361 πολε-

195 2395 449 2465 μούντων
501 2393 866 2467 λαμδάνονται
911 2394 1135 2464 νοητῶς.
1189 2395 1448 2467 Νοηθεῖεν
1495 2395 1538 2448 δ’
1573 2394 1637 2449 ἂν
1684 2396 1779 2450 καὶ

194 2487 480 2560 αἰσθητῶς
522 2490 614 2542 ἐπὶ
646 2487 917 2558 αἰσθητῶν
945 2487 1172 2559 ἐχθρῶν.
1214 2506 1232 2538 ι
1270 2488 1357 2540 Ἐν
1383 2489 1709 2562 σκοτομήνῃ.
1753 2507 1772 2540 s

196 2576 521 2648 Σκοτομήνη
569 2576 713 2630 ἐστὶν
758 2578 950 2643 ἄγνοια
997 2576 1173 2645 ψυχῆς
1220 2574 1463 2645 λογικῆς.
1521 2575 1607 2628 Ἐν
1656 2576 1780 2627 ἀσε-

201 2667 352 2737 λήνῳ
391 2668 546 2721 νυκτί
580 2684 742 2738 φησιν
787 2667 983 2730 αὐτοὺς
1017 2665 1335 2736 ἐνεδρεύειν,
1381 2664 1553 2735 δηλῶν
1588 2664 1649 2719 τὸ
1680 2664 1777 2717 λα-

199 2756 392 2828 θραῖον
424 2758 525 2828 τῆς
564 2757 874 2828 ἐπιϐουλῆς.
921 2754 1112 2820 Εὑθεῖς
1139 2755 1195 2808 δὲ
1237 2758 1303 2827 τῇ
1348 2755 1545 2826 καρδίᾳ
1587 2756 1780 2808 ἑαυτὸν

199 2847 350 2917 λέγει
399 2850 493 2902 καὶ
530 2850 655 2912 τοὺς
688 2850 804 2920 μετ’
856 2847 1043 2912 αὐτοῦ,
1077 2847 1137 2901 οὐ
1177 2845 1498 2917 κομπάζων,
1533 2844 1647 2900 ἀλλ’
1678 2848 1778 2916 ἐμ-

1878 2018 2235 2089 opitulantem
2265 2020 2455 2084 Deum,
2486 2028 2539 2074 et
2560 2030 2865 2091 pugnantes
2886 2020 3083 2077 habeat
3112 2023 3451 2093 peccatores?

1885 2129 1904 2162 ι
1947 2110 2288 2166 Paraverunt
2342 2113 2568 2183 sagittas
2616 2114 2666 2166 in
2711 2114 2988 2183 pharetra.
3020 2132 3038 2166 ι
3106 2114 3310 2183 Sagitta
3365 2126 3451 2169 est

1881 2200 2045 2254 animi
2111 2200 2391 2257 aﬁectibus
2455 2202 2766 2273 perturbata
2822 2204 3116 2272 cogitatio;
3192 2205 3451 2275 pharetra

1882 2290 2055 2348 maius
2106 2293 2322 2349 habitus
2356 2304 2438 2350 est
2482 2296 2707 2363 impuris
2756 2296 3176 2366 cogitationibus
3236 2297 3449 2367 plenus.

1881 2382 2008 2440 llzec
2036 2385 2394 2456 spiritualiter
2436 2386 2505 2442 de
2540 2386 2872 2441 daemonibus
2904 2387 3269 2457 pugnantibus
3290 2386 3451 2441 intel-

1882 2480 2141 2549 liguntur.
2174 2479 2372 2537 Verum
2416 2482 2461 2537 si
2501 2482 2567 2537 ad
2598 2497 2814 2537 sensum
2854 2482 3181 2546 referantur,
3221 2478 3451 2537 sensiies

1881 2571 2063 2627 hostes
2095 2573 2339 2629 innuent.
2377 2594 2395 2628 ι
2430 2572 2485 2629 in
2513 2574 2765 2629 obscuro.
2797 2594 2815 2626 ι
2841 2573 2998 2645 591
3021 2569 3334 2628 Obscuritas
3365 2581 3452 2626 est

1883 2662 2191 2732 ignorantia
2227 2664 2503 2721 rationalis
2525 2666 2740 2722 animze.
2786 2664 2843 2720 In
2886 2665 3032 2719 illum
3068 2673 3228 2720 nocte
3258 2664 3333 2719 ait
3356 2679 3451 2719 eos

1881 2753 2153 2821 insidiari,
2189 2756 2503 2827 signiﬁcans
2527 2757 2756 2813 latentes
2784 2755 3028 2811 insidias.
3059 2754 3256 2813 Rectus
3284 2756 3453 2812 corde

1882 2846 2031 2911 dicit,
2060 2855 2112 2901 et
2139 2861 2217 2912 se,
2256 2853 2310 2902 et
2339 2862 2436 2904 eos
2470 2850 2560 2920 qui
2591 2862 2771 2905 secum
2807 2856 2983 2915 erant,
3014 2862 3187 2918 neque
3217 2847 3268 2902 id
3297 2859 3454 2901 arro-

199 2940 406 3007 φαίνων
440 2941 538 3012 τὴν
583 2940 776 2993 ἑαυτοῦ
810 2940 1038 3002 ἔννοιαν,
1086 2938 1180 2993 καὶ
1226 2937 1391 3009 μηδὲν
1443 2936 1776 3009 ἐργάσασθαι

1889 2947 2079 3006 ganter
2104 2938 2268 3004 dicit,
2300 2940 2393 2994 sed
2424 2948 2484 2994 ut
2514 2950 2748 2996 mentem
2783 2954 2938 2994 suam
2974 2940 3259 3002 ostendat.
3308 2940 3452 3009 quod

199 3032 279 3092 εἰς
304 3028 507 3099 βλάϐην
538 3027 630 3081 τοῦ
664 3026 853 3081 Σαούλ.

275 3122 489 3187 Κύριος
512 3120 582 3172 ἐν
614 3117 739 3183 ναῷ
776 3118 922 3188 ἁγίῳ
955 3117 1164 3171 αὐτοῦ’
1192 3119 1427 3184 Κύριος,
1453 3114 1521 3167 ἐν
1545 3114 1780 3182 οἱφανῷ

205 3213 237 3263 ό
270 3210 480 3277 θρόνος
519 3208 725 3260 αὑτοῦ.
764 3210 827 3260 Ol
872 3207 1163 3276 ὀφθαλμοί
1210 3205 1396 3260 αὑτοῦ
1424 3206 1510 3270 είς
1543 3204 1651 3257 τὸν
1678 3202 1781 3255 πέ-

205 3314 357 3366 νητα
397 3298 807 3352 ἀποϐλέπουσι
831 3336 846 3361 ,
887 3298 957 3350 τὰ
988 3296 1269 3365 βλέφαρα
1302 3294 1487 3349 αὐτοῦ
1526 3292 1779 3359 ἐξετάζει

206 3389 345 3455 τοὺς
370 3387 536 3453 υίοὺς
565 3387 683 3441 τῶν
702 3386 1048 3456 ἀνθρώπων,
1082 3405 1135 3440 κ.
1165 3404 1215 3439 τ.
1246 3386 1293 3439 ὲ.
1331 3386 1486 3439 Olus!
1507 3384 1638 3444 Θεὸς
1666 3384 1778 3454 (95)

208 3484 264 3537 ὲν
294 3481 422 3551 ἁγίᾳ
449 3481 540 3533 καὶ
562 3479 799 3551 οὐρανίῳ
830 3478 1034 3548 νοήσει,
1061 3476 1329 3547 οὑρανίως
1359 3474 1655 3545 βασιλεύων
1684 3474 1778 3526 καὶ

210 3570 420 3635 θεῖκῶς.
467 3572 533 3624 Δί
572 3570 628 3623 δὲ
667 3569 961 3621 ὲποπτικαὶ
994 3566 1158 3620 αὐτοῦ
1193 3565 1448 3637 δυνάμεις
1485 3563 1779 3636 φρουροῦσι

212 3662 300 3716 τον
344 3662 568 3731 πένητα.
631 3661 718 3724 Ὠς
766 3659 967 3727 ἀγαθὸς
1001 3658 1058 3710 δὲ
1108 3658 1395 3729 βλεφάροις
1438 3656 1678 3723 ἐξετάζει
1710 3655 1779 3708 τὰ

218 3752 331 3806 καθ’
365 3754 530 3823 ἡμᾶς,
570 3751 683 3805 ἀλλ’
717 3752 818 3803 οὐκ
857 3749 1173 3820 ὀφθαλμοῖς,
1208 3748 1283 3813 ὡς
1324 3747 1391 3802 ἂν
1425 3748 1499 3820 μὴ
1532 3766 1779 3819 παρατη-

219 3840 469 3913 ρούμενος
506 3841 685 3894 αὐτῶν
718 3839 893 3896 πάντα
936 3839 1005 3893 τὰ
1039 3839 1442 3909 ἁμαρτήματα·
1486 3837 1645 3891 τοῦτο
1672 3840 1779 3911 γὰρ

215 3931 510 4004 ἀνθρώποις
550 3932 840 4002 ἀφόρητον.
903 3930 1227 4001 Ὀφθαλμοῖς
1254 3930 1311 3983 δὲ
1344 3926 1529 3999 βλέπει
1561 3928 1652 3981 τὸν
1684 3929 1782 3982 πέ-

215 4039 362 4093 νητα,
398 4022 593 4092 δαψιλῆ
638 4022 734 4093 τὴν
772 4019 1089 4093 εὐεργεσίαν
1126 4017 1469 4090 ποιούμενος,
1503 4016 1604 4073 κᾶν
1646 4014 1726 4081 εἷς
1751 4020 1779 4072 ὁ

217 4112 375 4184 πένης
405 4113 654 4185 ὑπάρχῃ’
693 4112 800 4167 τῶν
831 4113 887 4166 δὲ
918 4108 1127 4165 πολλῶν
1152 4111 1251 4175 τὰς
1276 4109 1522 4175 κολάσεις
1556 4111 1777 4164 συστέλ-

216 4201 334 4265 λων,
365 4202 420 4254 αἳ
453 4203 544 4255 καὶ
574 4202 708 4255 πολὺ
735 4203 795 4255 τὸ
824 4202 1203 4274 κεκρυμμένον
1233 4202 1464 4273 ἔχουσιν.
1510 4202 1597 4255 Ἐν
1625 4202 1681 4254 δὲ
1706 4204 1773 4272 τῇ

218 4292 341 4346 Θεοῦ
393 4292 632 4357 ἐξετάσει
693 4295 973 4365 παρρησία
1032 4293 1140 4347 τῶν
1198 4294 1421 4362 ἀγαθῶν
1480 4293 1776 4364 γινομένων

221 4384 393 4456 πολλή.
435 4403 453 4434 ι
504 4384 594 4454 Τῷ
647 4384 850 4455 βήματι
908 4404 926 4436 ι
978 4385 1086 4457 γὰρ
1119 4405 1137 4439 ι
1187 4382 1352 4439 αὐτοῦ
1399 4384 1777 4455 φανερωθῆναι

224 4476 413 4538 πάντας
442 4476 541 4541 δεῖ,
578 4476 664 4528 ἵνα
701 4475 993 4546 κομίσηται
1037 4477 1266 4540 ἕκαστος
1308 4476 1377 4529 τὰ
1406 4476 1510 4529 ίδια
1540 4475 1633 4528 τοῦ
1667 4474 1773 4529 σώ-

226 4582 395 4635 ματος,
420 4567 455 4620 ά
488 4567 743 4639 ἔπραξεν,
770 4569 877 4621 εἴτε
902 4568 1104 4636 ἀγαθὸν
1127 4568 1237 4621 εἴτε
1261 4566 1447 4621 κακόν.
1495 4586 1513 4618 ι

298 4659 397 4713 Τοῦ
435 4659 640 4714 αὑτοῦ.
677 4657 967 4729 Γενὼμεθα
1008 4658 1237 4731 πένητες
1267 4658 1399 4729 (96),
1439 4659 1526 4711 ἵνα
1560 4656 1771 4727 βλέπω-

225 4773 298 4809 σιν
325 4756 465 4827 ήμᾶς
500 4754 548 4806 oi
585 4750 678 4805 τοῦ
709 4751 915 4823 Κυρίου
943 4750 1231 4822 ὀφθαλμοί.
1275 4752 1338 4804 Ei
1368 4750 1423 4804 δὲ
1451 4751 1498 4802 οἱ
1533 4748 1775 4803 πλούσιοι

218 4849 309 4902 οὐκ
345 4846 448 4899 eisi
492 4844 745 4914 πένητες,
777 4843 877 4896 οὐκ
916 4842 1200 4896 ὲπιδλέπει
1250 4843 1377 4905 τοὺς
1422 4840 1708 4903 πλουσίους
1748 4841 1777 4893 δ

226 4939 423 5011 Κύριος.
459 4934 583 4998 Τοῖς
613 4933 905 5005 δφθαλμοῖς
934 4932 1117 5004 βλέπει
1166 4932 1259 4986 τὸν
1308 4932 1534 5001 πένητα,
1580 4929 1773 5001 δαψιλῆ

224 5033 309 5103 τὴν
330 5028 636 5101 εὐεργεσίαν
670 5026 1009 5097 ποιούμενος,
1044 5024 1145 5080 κᾶν
1174 5022 1252 5090 εἷς
1275 5027 1305 5078 ὁ
1327 5022 1622 5093 πενόμενος
1647 5038 1775 5092 τυγ-

227 5120 375 5189 χάνει.

294 5261 328 5293 ι’
360 5259 397 5313 Il
435 5257 561 5313 Cor.
603 5272 656 5322 ν,
694 5255 779 5311 ιο.

289 5394 386 5462 (95)
414 5392 509 5459 Μὴ
539 5391 915 5460 ἀρκούμενοι,
964 5388 1137 5458 φησὶ,
1180 5386 1276 5456 τῇ,
1306 5397 1412 5443 etc.
1451 5386 1769 5448 Corderius,

232 5476 281 5521 et
303 5463 581 5519 Barbarus.

290 5534 386 5601 (9i)
426 5529 605 5601 Τόξρν
634 5528 807 5601 (ἔστιν
827 5527 1158 5596 ἀκάθαρτος
1205 5526 1372 5593 νοῦς,
1412 5534 1519 5581 etc.
1551 5520 1774 5578 Schetltc

232 5597 409 5668 Grabii,
443 5610 494 5657 et
534 5597 827 5657 Barbarus.

1885 3032 2018 3086 nihil
2053 3046 2288 3102 unquam
2322 3030 2372 3085 in
2401 3029 2656 3087 damnum
2683 3032 2811 3087 Saul
2842 3033 3134 3103 paraverit.

1955 3121 2119 3177 Vens.
2143 3118 2198 3177 5.
2239 3121 2495 3176 Dominus
2530 3124 2583 3176 in
2612 3121 2801 3191 templo
2826 3131 3008 3176 sancto
3026 3136 3149 3185 suo;
3175 3120 3451 3184 Dominus,

1880 3212 1936 3265 in
1975 3212 2102 3266 coelo
2162 3213 2309 3267 sedes
2363 3214 2501 3283 ejus.
2535 3211 2690 3267 Oculi
2731 3213 2848 3280 ejus
2882 3212 2935 3266 in
2962 3223 3243 3280 pauperem
3284 3211 3449 3270 respi-

1880 3303 2047 3368 οἴκου,
2104 3302 2362 3373 palpebra:
2411 3304 2527 3372 eius
2575 3304 2899 3373 interrogant
2957 3302 3097 3371 filios
3160 3300 3448 3365 hominum,

1880 3405 1987 3451 etc.
2031 3391 2249 3451 liabitat
2284 3395 2426 3451 Deus
2459 3395 2512 3450 in
2543 3403 2729 3450 sancta
2771 3404 2825 3449 et
2853 3393 3060 3447 etelesti
3093 3392 3447 3462 cogitatione,

1880 3484 2088 3540 caelesti
2132 3499 2197 3540 ac
2227 3484 2411 3539 divino
2443 3484 2603 3539 modo
2639 3498 2897 3555 regnans.
2940 3482 3292 3553 lnspectriccs
3330 3482 3451 3552 ejus

1880 3578 2026 3631 vires
2057 3574 2351 3631 defendunt
2385 3589 2698 3645 pauperem.
2740 3576 2808 3629 At
2852 3588 2981 3629 vero
3019 3582 3078 3627 ut
3107 3574 3303 3640 bonus,
3333 3572 3451 3642 pal-

1881 3666 2084 3736 pebris,
2137 3681 2241 3720 non
2299 3665 2473 3721 oculis
2516 3666 2798 3720 examinat
2837 3677 2923 3718 res
2953 3671 3206 3728 nostras,
3252 3663 3450 3732 quippe

1880 3757 1971 3824 qui
2020 3769 2128 3810 non
2175 3755 2354 3809 omnia
2385 3767 2571 3810 earum
2604 3751 2796 3808 delicta
2837 3752 3132 3807 observet:
3166 3750 3265 3805 hoc
3302 3752 3447 3803 enim

1881 3846 2186 3901 hominibus
2261 3844 2598 3900 intolerabile
2666 3843 2829 3899 foret.
2906 3840 3093 3898 Oculis
3158 3855 3447 3911 pauperem

1882 3937 2127 4006 respicit,
2160 3938 2379 3993 uberem
2405 3936 2819 3991 beneﬁcentiam
2846 3936 3131 3997 exhibens,
3162 3941 3451 4002 quantum-

1880 4028 1962 4085 vis
2009 4028 2202 4085 unicus
2256 4029 2300 4083 is
2352 4043 2557 4098 pauper
2610 4026 2810 4090 fuerit;
2863 4024 3215 4095 plurimorum
3269 4032 3448 4077 autem

1878 4120 2141 4191 supplicia
2182 4118 2464 4185 cohibens,
2500 4132 2620 4187 qua:
2652 4118 2813 4172 etiam
2852 4114 3011 4169 valde
3042 4111 3255 4168 occulta
3298 4122 3446 4168 sunt.

1878 4212 2147 4268 Caeterum
2177 4210 2229 4264 in
2270 4207 2453 4265 divino
2497 4208 2744 4263 examine
2782 4219 2977 4273 magna
3029 4203 3134 4258 erit
3183 4203 3449 4257 bonorum

1880 4303 2164 4360 securitas.
2201 4319 2220 4354 ι
2250 4299 2479 4356 Omnes»
2508 4300 2651 4354 enim
2689 4295 3049 4351 «manifestari
3088 4303 3300 4364 oportet
3322 4302 3449 4347 ante

1881 4396 2116 4453 tribunal
2160 4394 2295 4463 ejus,
2345 4402 2404 4448 ut
2434 4394 2633 4449 referat
2662 4378 3032 4461 unusquisque
3079 4387 3292 4461 propria
3325 4402 3449 4441 eor-

1880 4489 2047 4562 poris,
2076 4496 2234 4557 prout
2263 4486 2449 4556 gessit,
2478 4485 2591 4539 sive
2620 4484 2843 4550 bonum,
2880 4480 2995 4535 sive
3025 4478 3223 4534 malum
3253 4477 3319 4531 ¹⁸.
3352 4494 3371 4529 ι

1948 4665 2221 4733 Eiusdem.
2280 4663 2499 4718 Fiamus
2523 4672 2786 4731 pauperes
2826 4668 2887 4714 ut
2932 4673 3030 4713 nos
3057 4656 3197 4713 oculi
3234 4655 3448 4710 Domini

1880 4755 2197 4826 respiciant.
2229 4752 2285 4807 Si
2310 4750 2505 4807 divites
2536 4763 2641 4802 non
2671 4755 2799 4801 sunt
2825 4757 3112 4816 pauperes,
3136 4755 3240 4795 non
3275 4738 3450 4807 respi-

1879 4849 1953 4903 cit
1984 4846 2178 4903 divites
2207 4844 2485 4900 Dominus.
2517 4838 2703 4895 Oculis
2732 4849 3022 4904 pauperem
3066 4831 3285 4900 respicit
3312 4829 3448 4883 ube-

1880 4953 1993 4994 rem
2045 4934 2454 4992 beneﬁcentiam
2492 4928 2786 4993 exhibens,
2844 4924 3095 4997 quamvis
3140 4920 3331 4977 unicus
3375 4919 3449 4975 sit

1880 5040 2102 5100 pauper.

1947 5377 2063 5443 (93)
2088 5372 2251 5427 Οίκεῒ
2282 5371 2446 5437 Θεός,
2477 5378 2583 5423 etc.
2623 5366 2804 5421 Codex
2831 5360 3217 5425 Coislinianus,
3246 5357 3452 5415 Corde-

1880 5444 2343 5507 rins,Oarharus.
2536 5508 2543 5509 7
2963 5501 2996 5509 _
3039 5501 3051 5509 ,
3127 5499 3140 5509 _
3243 5496 3279 5509 ,,

1953 5496 2433 5586 ᾑΓενώμεθα
2473 5508 2746 5576 πένητες,
2805 5514 2910 5560 etc.
2962 5499 3191 5556 Schcda:
3239 5496 3455 5564 Grabii,

1885 5585 2177 5641 Barbarus.
