3942 6216
165 264 311 322 tam
1205 235 1513 317 semesa
1545 260 1612 316 1N
1651 258 1988 320 psamos.
2037 295 2095 303 -
2119 260 2311 318 PSAL.
2348 261 2437 317 XI.
3293 267 3429 320 nos

248 385 328 440 Τὰ
368 384 540 453 χείλη
565 381 732 453 ἡμῶν
759 385 895 452 παρ’
941 382 1108 452 ἡμῶν
1141 382 1295 448 ἐστι,
1328 385 1420 450 τίς
1449 382 1614 453 ἡμῶν
1641 382 1745 436 Κύ-

1929 382 2090 439 Vens.
2131 383 2185 438 5.
2231 382 2395 437 Labia
2440 388 2622 440 nostra
2659 384 2714 436 a‘
2741 380 2886 437 nobis
2921 391 3063 448 sunt,
3096 384 3212 452 quis
3255 396 3428 440 noster

147 477 298 544 μυός
321 476 489 539 ean;
517 492 569 528 κ.
608 493 655 528 τ.
696 476 741 528 ἑ.
781 473 938 526 Καὶὸ
975 471 1173 544 Φαραώ
1209 473 1288 543 (5)
1330 491 1512 545 φησιν·
1570 491 1589 524 ι
1639 473 1745 526 Οὐκ

1856 472 2110 529 Dominus
2162 475 2285 528 est?
2350 483 2454 528 etc.
2496 473 2708 529 Pharao
2764 488 2980 543 quoque
3030 475 3155 530 dicit
3202 495 3272 528 τι
3310 477 3424 531 Non

153 565 292 623 οῖδα
317 569 410 622 τὸν
449 568 672 638 Κύριον,
709 586 727 622 ι
761 567 961 638 ὁμοίως
987 565 1063 636 τῷ
1088 566 1374 633 φάσκοντι·
1412 585 1429 617 ι
1476 565 1570 629 Τίς
1596 565 1745 638 ἡμῶν

1855 566 1978 619 novi
2034 566 2355 630 Dominum,
2387 585 2404 618 ι
2460 564 2686 634 perinde
2741 579 2804 620 ac
2859 565 2904 620 is
2941 566 3031 635 qui
3083 568 3158 621 ait
3193 586 3208 622 :
3243 585 3262 618 ι
3293 567 3426 636 Quis

161 659 381 732 Κύριός
412 662 561 724 sm;
613 678 633 712 ι
946 724 948 728 τ

1855 666 2036 711 uoster
2067 655 2326 711 Dominus
2357 655 2484 711 est?
2517 674 2535 708 ι

258 733 394 806 Ἀπὸ
440 747 546 816 τῆς
596 748 994 816 ταλαιπωρίας
1036 745 1152 800 τῶν
1194 746 1463 817 πτωχῶν,
1492 746 1592 801 καὶ
1633 747 1745 800 ἀπὸ

1924 745 2086 803 Vens.
2141 745 2194 801 6.
2249 744 2474 816 Propter
2516 746 2779 801 miseriam
2828 746 3064 815 inapum,
3098 756 3147 800 et
3175 747 3426 816 gemitum

155 839 278 896 1:05
314 839 654 909 στεναγμοῦ
692 838 806 895 τῶν
847 837 1140 906 πενήτων,
1165 839 1281 894 νῦν
1313 837 1745 907 ἀναστήσομαι,

1854 854 2162 906 pauperum,
2211 853 2350 890 nunc
2401 853 2705 906 exsurgunt,
2764 837 2890 890 dicit
2953 837 3244 901 Dominus,
3312 847 3422 890 etc.

157 929 332 998 λέγει
367 931 602 1000 Κύριος,
629 947 682 983 κ.
714 949 764 988 τ.
800 931 847 982 ὲ.
888 930 975 998 Ὠς
1006 932 1034 983 6
1064 929 1273 993 Παῦλος
1307 929 1408 1001 ἔφη
1442 929 1516 1001 (6)
1551 929 1745 994 καὶτὸ,

1854 929 2317 997 Quemadmodum
2378 936 2434 983 et
2491 927 2693 982 Paulus
2750 928 2880 982 dicit
2908 929 2948 960 ³⁸
2980 945 2993 982 :
3030 945 3049 978 ι
3086 927 3272 983 Infelix
3325 943 3425 997 ego

165 1039 188 1072 ι
234 1021 594 1092 Ταλαίπωρος
627 1021 735 1090 ἐγὼ
769 1021 1079 1094 ἄνθρωπος’
1125 1041 1142 1074 ι
1182 1024 1274 1075 καὶ
1300 1021 1379 1088 τὸ,
1423 1041 1440 1074 ι
1485 1022 1570 1084 Ὠς
1604 1039 1745 1074 πτω-

1854 1019 2034 1073 homo.
2061 1037 2079 1070 ι
2115 1017 2180 1072 Ει
2212 1018 2340 1073 illud
2371 1018 2420 1054 “
2453 1031 2468 1068 τ
2499 1036 2517 1069 ι
2548 1016 2702 1070 Sicut
2725 1025 2944 1085 egentes
2970 1057 2985 1081 ,
3023 1016 3220 1070 multos
3244 1026 3424 1072 autem

159 1112 278 1183 χοὶ,
313 1111 538 1177 πολλοὺς
566 1113 620 1169 δὲ
669 1111 1046 1178 πλουτίζοντες
1068 1131 1081 1143 ·
1123 1133 1140 1165 ι
1175 1115 1268 1170 καὶ
1297 1113 1376 1178 τὸ,
1409 1132 1427 1166 ι
1469 1113 1629 1184 Ἄχρι
1654 1111 1745 1181 τῆς

1854 1110 2262 1180 locupletautes.
2301 1129 2318 1161 ι
2353 1109 2594 1178 Itemque
2617 1107 2663 1142 "
2694 1121 2710 1162 :
2737 1125 2755 1159 ι
2785 1106 2970 1175 Usque
2993 1107 3044 1160 in
3068 1107 3206 1162 hanc
3235 1107 3424 1162 horam

159 1201 296 1272 ἄρτι
333 1201 482 1273 ὥρας
533 1204 624 1262 καὶ
677 1204 970 1274 πεινῶμεν,
1029 1222 1046 1254 ι
1092 1203 1185 1258 καὶ
1227 1202 1296 1256 τὰ
1344 1202 1498 1274 ἑξῆς·
1546 1202 1639 1255 καὶ¹
1671 1201 1745 1268 τὸ,

1854 1211 1904 1254 et
1938 1200 2231 1262 esurimus,
2259 1217 2278 1251 ι
2309 1209 2365 1255 et
2397 1199 2626 1270 reliqua.
2653 1200 2718 1254 Et
2745 1199 2874 1254 illud
2899 1197 2946 1240 ⁸⁵
2983 1221 2996 1254 ε
3030 1215 3050 1250 t
3085 1197 3222 1252 Nam
3249 1209 3304 1254 et
3333 1201 3425 1270 qui

166 1310 190 1347 ς
233 1295 297 1348 Oi
337 1295 486 1357 ὄντες
515 1295 574 1346 ὲν
599 1293 676 1364 τῷ
700 1296 889 1366 σκήνει
921 1295 1268 1364 στενάζομεν.
1311 1312 1328 1346 ›

1854 1306 2039 1347 sumus
2070 1291 2122 1345 iu
2149 1291 2252 1347 hoc
2276 1291 2623 1348 tabernaculo
2654 1291 3076 1360 iugemiscimus.
3111 1310 3131 1344 ι

243 1384 361 1440 Τοῦ
388 1386 596 1442 αὐτοῦ.
637 1387 747 1440 Καὶ
786 1386 960 1450 ἄλλως
987 1387 1043 1439 δὲ
1072 1387 1179 1438 τῶν
1213 1385 1289 1454 (7)
1322 1383 1745 1448 ἀλαζονευὸντων

1923 1381 2199 1451 Ejusdem.
2233 1381 2598 1452 lngemiscunt
2629 1381 2820 1452 inopes
2851 1383 3208 1452 superborum
3244 1395 3426 1458 tyran-

159 1479 520 1544 στενάζουσιν
553 1483 601 1532 oi
651 1482 856 1551 πτωχοὶ
885 1482 983 1552 τὴν
1030 1478 1318 1550 τυραννίδα
1352 1478 1426 1548 μὴ
1476 1478 1745 1548 φέροντες.

1854 1473 2032 1529 nidem
2099 1490 2202 1528 non
2253 1475 2516 1532 ferentes.
2591 1473 2932 1544 Quapropter
2979 1474 3240 1532 Dominus
3299 1481 3422 1534 ait:

157 1573 258 1626 Διὸ
292 1574 456 1644 φησιν
494 1575 524 1626 6
548 1572 750 1643 Κύριος
769 1589 782 1602 ο
831 1592 848 1623 ι
898 1573 1319 1643 Ἀναστὴσομαι,
1347 1570 1421 1632 ὡς
1445 1568 1510 1623 ἂν
1550 1569 1626 1623 Θῶ
1654 1587 1745 1640 μου

1859 1583 1878 1617 ι
1901 1566 2220 1635 Exsurgam,
2251 1576 2310 1620 ut
2344 1581 2538 1636 ponam
2565 1567 2849 1621 consilium
2884 1582 3061 1622 meum
3093 1570 3146 1624 in
3175 1570 3424 1628 salutari.

157 1661 265 1733 τὴν
313 1659 506 1730 βουλὴν
553 1662 611 1712 ὲν
656 1661 926 1731 σωτηρίῳ.
962 1659 1414 1732 Παρρησιάσομαι
1449 1659 1504 1711 ἐν
1537 1658 1682 1729 αὐτῷ
1725 1679 1742 1710 ι

1854 1658 2205 1714 Fiducialiter
2234 1673 2388 1728 agam
2430 1658 2482 1712 in
2527 1673 2592 1712 eo
2621 1677 2642 1711 ι
2688 1667 2874 1712 contra
2906 1659 3168 1728 superbos
3190 1701 3204 1724 .
3241 1662 3428 1733 inopes

158 1726 325 1805 κατὰ-
344 1749 450 1803 τῶν
465 1726 889 1820 ⁷ὑπερηφάνων,⁷
902 1750 994 1801 καὶ
1025 1726 1123 1820 ei;
1142 1726 1530 1819 ’ταλαιπωρίας
1576 1726 1745 1800 ἀπαλ-

1854 1767 1979 1807 vero
2008 1750 2074 1804 ab
2104 1751 2248 1805 omni
2274 1726 2589 1804 calamitate
2629 1748 2892 1806 liberabo.
2931 1726 2988 1804 ld
3025 1752 3277 1820 praestitit
3301 1726 3424 1809 cum

160 1841 315 1905 λὰξω
342 1842 466 1904 τοὺς
496 1840 753 1910 πένητας,
785 1839 926 1893 κατὰ
964 1841 1054 1893 τὸν
1087 1841 1186 1910 τῆς
1226 1839 1520 1910 ἐπιδημίας
1557 1839 1745 1908 καιρὸν

1854 1842 1962 1912 ipse
1983 1857 2284 1912 exsurgens
2307 1844 2454 1898 venit
2479 1842 2546 1896 ad
2573 1856 2695 1906 nos,
2721 1851 2781 1895 ut
2808 1855 2995 1895 eorum
3023 1843 3173 1897 salus
3202 1845 3426 1899 manife-

160 1932 408 1996 ἀναστὰς
448 1931 541 1984 καὶ
586 1933 720 2004 πρὸς
752 1933 898 2004 ἡμᾶς
931 1932 1278 2002 ἀφικόμενος,
1316 1931 1392 1994 ὼς
1427 1931 1745 2002 φανερωθῆ-

1854 1943 1930 1988 sta
1948 1934 2039 1998 sit,
2062 1934 2153 2004 qui
2176 1943 2330 1988 extra
2353 1932 2627 1988 miseriam
2645 1942 2708 1993 et
2725 1932 2986 2002 gemitum
3009 1933 3255 1988 collocati
3275 1946 3423 1991 sunt.

162 2039 253 2074 ναι
288 2022 560 2092 σωτηρίαν
580 2021 685 2075 τῶν
709 2020 810 2087 ἔξω
832 2021 1204 2092 ταλαιπωρίας
1231 2022 1322 2074 καὶ
1346 2021 1438 2074 τοῦ
1469 2021 1745 2085 στενάζειν

1854 2022 2046 2078 Paulus
2091 2038 2220 2091 ergo
2253 2038 2376 2078 cum
2411 2023 2640 2077 dixisset
2676 2022 2761 2076 “z
2798 2040 2817 2073 ι
2853 2021 3042 2078 Infelix
3087 2039 3190 2093 ego
3237 2025 3424 2092 homo,

161 2113 568 2185 γεγενημένων.
611 2112 910 2185 Τοιγαροῦν
940 2115 968 2166 6
1011 2112 1222 2177 Παῦλος
1265 2111 1452 2167 εἰπών’
1492 2133 1509 2164 ι
1551 2114 1748 2167 Ταλαί-

161 2222 352 2276 πωρος
385 2205 495 2274 ἐγὼ
528 2205 832 2278 ἄνθρωπος,
860 2205 944 2268 τίς
977 2222 1042 2276 με
1080 2205 1301 2276 ῥύσεται
1335 2206 1397 2257 ὲκ
1432 2203 1527 2258 τοῦ
1564 2203 1749 2276 σώμα-

159 2313 258 2358 τος
292 2296 385 2350 τοῦ
420 2295 647 2349 θανάτου
678 2295 902 2361 τούτους
943 2315 960 2347 ι
996 2297 1220 2365 ἐπάγει·
1265 2314 1284 2346 ι
1322 2296 1644 2368 Εὐχαριστῶ
1671 2296 1748 2367 τῷ

159 2385 286 2456 Θεῷ
304 2386 390 2439 διὰ
428 2387 602 2457 Ἰησοῦ
624 2386 876 2456 Χριστοῦ.
913 2406 930 2439 ι
970 2388 1234 2458 Ἐδήλωσε
1265 2389 1394 2460 γὰρ,
1425 2390 1512 2442 ὅτι
1544 2388 1749 2461 Κύριος

158 2478 192 2529 6
217 2477 518 2547 ῥυσόμενος
550 2477 642 2532 τὸν
673 2477 1142 2549 ταλαιπωροῦντα.
1175 2481 1266 2537 Διὸ
1297 2477 1409 2552 εἶχε
1451 2482 1609 2554 σῶμα
1651 2483 1748 2537 Θα-

160 2567 350 2632 νάτου,
380 2570 408 2621 6
437 2569 531 2621 καὶ⁹
560 2568 656 2622 νῦν
687 2569 887 2638 λέγων’
924 2589 941 2620 ι
977 2570 1092 2623 Νῦν
1122 2573 1516 2644 άναστήσομαι.
1556 2594 1575 2626 ι
1613 2576 1751 2629 Φασὶ

157 2662 221 2714 δὲ
251 2663 465 2732 πτωχὸν
494 2663 582 2715 τὸν
616 2664 916 2718 ἐκπεσόντα
944 2664 1172 2719 πλούτου
1192 2681 1208 2700 ο
1245 2666 1452 2735 πένητα
1484 2666 1541 2719 δὲ
1572 2667 1662 2719 τὸν
1686 2667 1752 2722 ἐκ

164 2752 332 2806 πόνου
375 2753 441 2806 τὰ
487 2754 623 2824 πρὸς
652 2754 744 2807 τὸν
777 2754 886 2824 βίον
920 2756 1390 2828 περιποιούμενον.
1429 2757 1594 2826 Λέγει
1629 2757 1685 2811 δὲ
1713 2760 1746 2829 ὴ

163 2843 388 2914 Γραφήο
428 2862 446 2893 ι
487 2844 736 2898 Πλούσιοι
770 2845 1136 2916 ὲπτώχευσαν,
1183 2866 1200 2898 ι
1241 2848 1334 2903 καὶ
1364 2847 1452 2900 τό·
1493 2868 1511 2900 ι
1549 2850 1751 2903 Ἐπτω-

163 2933 444 3004 χεύσαμεν
481 2933 719 3006 σφόδρα·
760 2953 779 2987 ι
827 2936 921 2988 καὶ
971 2938 1099 3009 περὶ
1145 2937 1241 2990 τοῦ
1293 2939 1573 3010 Σωτῆρος,
1619 2959 1637 2990 ι
1692 2940 1752 3004 ὃς

165 3023 477 3094 ὲπτώχευσε
497 3025 564 3078 δι’
590 3027 736 3095 ἡμᾶς
766 3026 1018 3090 πλούσιος
1049 3028 1145 3093 ὢν,
1173 3029 1260 3082 ἵνα
1294 3050 1311 3079 ι
1349 3032 1509 3100 ἡμεῖς
1540 3049 1558 3082 ι
1588 3031 1750 3084 πλου-

1850 2113 1971 2180 quis
2007 2127 2090 2167 me
2140 2112 2388 2166 liberabit
2431 2111 2499 2166 de
2545 2125 2774 2180 corpore
2799 2113 2990 2167 mortis
3019 2113 3263 2183 hujus?»
3301 2116 3427 2170 sub—

1845 2202 2304 2274 junxituGratias
2325 2217 2429 2273 ago
2453 2205 2558 2258 Deo
2583 2201 2742 2273 593
2762 2217 2856 2271 per
2880 2201 3062 2259 Jesum
3084 2204 3419 2263 Christum.»

1850 2294 1984 2347 Nam
2015 2293 2100 2347 bis
2132 2293 2312 2348 verbis
2345 2290 2630 2347 Dominum
2661 2307 2783 2348 esse
2813 2293 3132 2364 indicatqui
3165 2281 3422 2353 miserum

1851 2386 2071 2441 liberat.
2115 2385 2468 2454 Quapropter
2511 2384 2704 2439 mortis
2745 2399 2942 2455 corpus
2989 2386 3197 2451 habuit,
3249 2388 3426 2457 quiet

1852 2477 1955 2533 hoc
1976 2476 2094 2531 loco
2123 2477 2289 2532 dicit:
2315 2494 2333 2527 ι
2363 2475 2515 2532 Nunc
2547 2490 2858 2547 exsurgant.
2883 2496 2904 2530 ι
2945 2477 3152 2538 Vocant
3181 2478 3419 2534 nonnulli

1852 2583 1974 2623 eum
2003 2567 2240 2638 inopem,
2275 2569 2366 2637 qui
2405 2583 2436 2623 a
2464 2568 2664 2624 divitiis
2698 2569 2932 2633 excidit,
2970 2584 3259 2640 pauperem
3292 2584 3424 2628 vero

1853 2661 1943 2728 qui
1974 2659 2159 2718 labore
2192 2659 2394 2716 victum
2421 2660 2693 2729 quaeritat.
2722 2661 2813 2715 Ait
2835 2669 3013 2718 autem
3041 2661 3322 2732 Scriptura
3353 2664 3422 2718 ’σε

1858 2770 1878 2806 ι
1911 2752 2109 2809 Divites
2144 2762 2432 2821 eguerunt,
2464 2771 2483 2804 ι
2536 2761 2590 2810 et
2636 2752 2764 2812 illud
2799 2755 2843 2793 ⁸-⁷
2879 2772 2894 2810 :
2927 2771 2946 2808 ι
2973 2755 3242 2824 Paupertas
3293 2755 3422 2812 facti

1853 2860 2039 2900 sumus
2065 2845 2261 2911 nimis;
2300 2863 2318 2898 ι
2355 2854 2410 2900 ct
2458 2845 2524 2901 de
2557 2844 2861 2912 Salvatore,
2906 2847 2998 2915 qui
3048 2856 3269 2917 propter
3321 2862 3422 2907 nos

1858 2955 1878 2989 ι
1907 2950 2111 3007 egenus
2137 2936 2310 2994 iactus
2338 2945 2440 3001 est,
2471 2951 2593 2992 cum
2625 2949 2770 2993 esset
2793 2937 2962 3003 dives,
2995 2948 3053 2993 ut
3077 2938 3220 2994 illius
3246 2941 3424 3010 inopia

1856 3044 1952 3082 nos
1982 3029 2178 3082 divites
2211 3042 2454 3082 essemus
2481 3029 2547 3082 ".
2582 3046 2602 3080 ι
2637 3029 2901 3098 Loquitur
2925 3038 3105 3083 autem
3135 3031 3200 3086 de
3223 3033 3422 3100 gemitu

163 3116 425 3186 τήσωμεν
476 3118 542 3185 τῇ
596 3115 762 3174 αὐτοῦ
813 3118 1074 3188 πτωχείᾳ.
1121 3138 1138 3170 ι
1185 3119 1346 3187 Λέγει
1392 3121 1448 3175 δὲ
1492 3121 1622 3192 περὶ
1653 3119 1745 3172 τοῦ

1857 3132 2175 3187 pauperum,
2214 3125 2271 3172 ut
2313 3116 2404 3190 qui
2444 3132 2658 3188 semper
2701 3118 2753 3170 in
2805 3117 2991 3173 labore
3045 3120 3422 3192 ingemiscunt.

147 3204 475 3275 ιστεναγμοῦ
506 3205 614 3258 τῶν
648 3207 916 3277 πενήτων,
945 3209 1019 3272 ὼς
1046 3211 1132 3266 ἀεὶ
1167 3211 1530 3277 στεναζόντων
1555 3211 1647 3270 ἐπὶ
1670 3209 1749 3280 τῷ

169 3295 340 3364 πόνῳ.
371 3295 445 3349 Τὸ
481 3297 558 3361 δὲ,
607 3316 624 3350 ι
680 3298 924 3368 Θήσομαι
969 3300 1027 3355 ὲν
1074 3299 1344 3371 σωτηρίῳ,
1403 3320 1421 3352 ι
1469 3300 1620 3372 δηλοί
1665 3301 1746 3366 τὸ,

181 3385 380 3456 Ὀρίσω
415 3388 506 3440 καὶ
536 3389 766 3459 ποιήσω’
799 3389 874 3452 ὡς
902 3391 994 3445 καὶ
1021 3390 1103 3450 τὸ,
1137 3409 1155 3441 ι
1189 3393 1282 3444 Ὃν
1305 3391 1466 3464 ἔθηκε
1495 3392 1748 3464 κληρονό-

172 3490 271 3546 μον
296 3474 510 3530 πάντων
530 3491 542 3507 '
587 3495 605 3530 ι
642 3477 824 3530 ὁποῖον
855 3478 947 3536 καὶ
978 3479 1059 3543 τὸ,
1102 3497 1121 3534 ι
1167 3480 1358 3534 ’Ἑοετο
1381 3484 1410 3534 6
1432 3481 1564 3546 Θεὸς
1589 3484 1648 3534 ὲν
1678 3481 1744 3550 τῇ

183 3563 477 3636 Ἐκκλησία
516 3565 734 3636 πρῶτον
758 3568 1124 3631 ἀποστόλους,
1169 3589 1186 3620 ι
1231 3571 1324 3624 καὶ
1353 3571 1421 3626 τὰ
1450 3572 1606 3643 ἑξῆς’
1652 3575 1748 3628 καὶ

171 3657 306 3728 πρὸς
351 3659 476 3721 τοὺς
521 3659 924 3731 πρεσϐυτέρους
952 3660 1050 3730 τῆς
1090 3661 1443 3732 Ἐκκλησίας’
1493 3682 1510 3714 ι
1572 3665 1748 3738 Ὑμᾶς

171 3746 322 3800 ἔθετο
351 3748 412 3801 τὸ
443 3750 663 3820 Πνεῦμα
688 3751 748 3803 τὸ
771 3752 925 3820 ἅγιον
951 3752 1282 3816 ἐπισκόπους
1309 3755 1617 3828 ποιμαίνειν
1646 3758 1746 3828 τὴν

184 3837 526 3910 Ἐκκλησίαν,
563 3859 580 3892 ι
609 3841 835 3909 ὡρίσθαι
861 3843 957 3896 καὶ
991 3843 1318 3914 πεποιῆσθαι
1353 3849 1636 3916 σημαῖνον.

241 3929 508 4000 ϐήσομαι
535 3931 604 3986 ἐν
631 3934 919 4001 σωτηρίῳ,
959 3935 1446 4008 παρίδησιάσομαι
1471 3938 1542 3992 ἐν
1563 3937 1745 4004 αὐτῷ,

171 4040 226 4079 κ.
257 4040 306 4075 τ.
331 4023 376 4075 ὲ.
417 4023 476 4075 'U
506 4020 847 4095 θησαυρίζων
878 4023 954 4094 (8)
986 4026 1044 4078 ἐν
1073 4026 1309 4097 οὐρανῷ,
1332 4027 1507 4093 τεθεὶς
1543 4030 1602 4082 ὲν
1643 4047 1748 4085 σω-

169 4113 359 4185 τηρίῳ,
394 4113 566 4169 ταῦτά
623 4132 776 4188 φησι·
836 4134 853 4171 ι
886 4117 1341 4189 Παρῤησιάσομαι
1373 4121 1430 4175 ὲν
1463 4119 1630 4192 αὐτῷ’
1661 4140 1678 4172 ι
1712 4123 1745 4194 ἡ

171 4204 275 4277 γὰρ
307 4205 609 4275 συνείδησις
637 4205 801 4259 αὑτοῦ
828 4208 890 4262 οὑ
918 4207 1335 4278 καταγινώσκει.

247 4295 320 4348 Τὰ
358 4296 532 4364 λόγια
558 4297 777 4363 Κυρίου
820 4300 994 4367 λόγια
1040 4299 1212 4368 ἀγνάο
1242 4301 1525 4376 ἀργύριον
1553 4316 1743 4364 πεπυ-

166 4386 450 4487 ρωμέιρν,
488 4386 758 4456 δοκίμιον
788 4388 861 4487 τῇ
888 4378 1528 4464 τῇ,’κεκαθαρισμένον
1561 4397 1740 4450 ἑπτα·
1775 4430 1818 4487 D

173 4479 463 4543 mlaolwc,
502 4496 554 4530 κ.
593 4497 641 4532 τ.
677 4481 723 4534 ἑ.
756 4480 873 4535 Κᾶν
900 4482 1040 4536 καλὰ
1066 4483 1122 4537 δὲ
1151 4484 1224 4556 (9)
1260 4484 1418 4555 λόγια
1453 4488 1600 4560 παρὰ
1631 4492 1742 4554 τοῖς

174 4569 268 4620 οὐκ
293 4572 357 4621 ὲκ
395 4569 493 4638 τῆς
539 4569 755 4640 μερίδος
791 4573 884 4624 τοῦ
920 4574 1178 4646 Χριστοῦ,
1223 4577 1324 4638 οὐκ
1373 4563 1696 4648 ἔστιν-ἁγνὰ
1725 4620 1740 4644 ,

175 4655 263 4710 ἅτε
294 4657 512 4726 ψεύδεσι
547 4658 758 4732 μυρίοις
798 4663 1252 4738 συμπεφυρμένα*
1289 4665 1356 4718 τὰ
1399 4664 1456 4717 δὲ
1499 4665 1593 4718 τοῦ
1633 4667 1744 4720 Ku-

178 4746 284 4816 ρίου
312 4746 446 4818 μὸνα
472 4747 615 4816 ἀγνὰ
639 4751 805 4813 ἐστιν,
835 4745 916 4813 οἷς
949 4751 1100 4804 οὐδὲν
1127 4753 1319 4822 ψεῦδος
1349 4755 1740 4827 ἀναμέμικται,

175 4839 261 4892 καὶ
291 4838 464 4902 οὕτως
495 4839 634 4910 ἁγνὰ
671 4840 746 4904 ὡς
778 4840 1236 4916 δεδοκιμασμένον
1267 4847 1360 4900 καὶ
1384 4847 1473 4899 διὰ
1505 4848 1736 4917 χωνείας

177 4931 571 5003 κεκαθαρμένον
595 4931 875 5008 ἀργύριον·
917 4934 1039 4986 ὅθεν
1075 4936 1196 4988 οὐδὲ
1227 4937 1586 5007 ἀμφιδάλλειν
1631 4939 1735 5011 χρὴ

175 5025 300 5095 πρὸς
329 5025 397 5078 τὰ
427 5026 556 5098 παρ’
585 5026 760 5083 αὐτῶν
789 5029 1181 5102 σημαινόμενα.
1731 5018 1736 5022 1

1851 3205 1986 3264 Illud
2014 3223 2142 3263 vero
2177 3226 2192 3264 :
2233 3225 2252 3259 ι
2284 3206 2487 3262 Ponant
2517 3208 2570 3264 iu
2602 3208 2857 3274 salutari,
2883 3227 2903 3263 ι
2948 3210 3088 3266 idem
3137 3220 3221 3268 cst
3267 3229 3332 3269 ac
3377 3218 3423 3274 si

1850 3300 2091 3354 diceret:
2129 3299 2465 3357 Constituam
2524 3309 2580 3354 et
2654 3299 2890 3367 iaciam;
2964 3305 3422 3371 quemadmodum

1852 3389 1924 3444 ibi
1959 3390 2004 3421 ²⁹
2037 3409 2048 3445 :
2085 3408 2102 3442 ι
2135 3390 2308 3457 Quem
2337 3390 2623 3450 constituit
2660 3392 2928 3448 haaredem
2963 3396 3364 3452 universorum.
3401 3416 3425 3463 ι

1849 3478 2157 3549 Cuiusmodi
2181 3491 2262 3535 est
2291 3491 2344 3538 et
2370 3480 2499 3538 illud
2532 3481 2578 3513 '°
2611 3497 2628 3536 :
2667 3498 2685 3539 ι
2716 3480 2899 3540 Posuit
2929 3483 3071 3541 Deus
3102 3485 3156 3540 in
3179 3486 3422 3550 Ecclesia

1848 3573 2080 3640 (riuum:
2117 3571 2408 3643 apostolos,
2434 3591 2450 3624 ι
2484 3582 2540 3628 et
2563 3572 2790 3642 reliqua.
2829 3574 2889 3634 Et
2916 3577 3058 3645 quod
3091 3579 3426 3650 presbyteris

1851 3663 2104 3720 Ecclesiae
2126 3665 2328 3720 dictum
2355 3677 2437 3721 est
2467 3667 2510 3697 ³¹
2537 3684 2550 3721 :
2573 3684 2590 3718 ι
2607 3665 2712 3723 Vos
2733 3668 2911 3736 posuit
2938 3667 3176 3738 Spiritus
3202 3683 3424 3730 sanctus

1847 3753 2132 3830 episcopos
2157 3771 2345 3827 regere
2376 3757 2699 3827 Ecclesiam,
2729 3777 2748 3820 ι
2799 3759 2853 3818 id
2883 3759 3178 3831 signiﬁcat,
3214 3763 3423 3827 consti-

1851 3852 1997 3900 tutos
2035 3856 2087 3900 et
2117 3847 2288 3901 factos
2319 3862 2458 3903 esse.

1920 3933 2082 3991 Vens.
2117 3938 2169 3991 6.
2201 3936 2405 3990 Ponant
2439 3939 2494 3991 in
2535 3938 2786 4006 salutari,
2827 3938 3151 4008 ﬁducialiter
3173 3960 3328 4016 agam
3369 3947 3423 3998 in

1847 4044 1930 4093 eo,
1949 4039 2056 4084 etc.
2082 4030 2182 4096 Qui
2215 4029 2548 4090 thesaurizat
2590 4031 2642 4086 in
2670 4031 2829 4096 coelo,
2857 4047 2979 4087 cum
3008 4035 3216 4103 positus
3245 4037 3318 4092 sit
3369 4038 3422 4092 in

1849 4119 2097 4185 salutari,
2153 4118 2266 4173 haec
2312 4119 2479 4173 dicit:
2519 4137 2538 4169 ι
2574 4118 2923 4178 Fiducialiter
2971 4138 3126 4195 agam
3162 4124 3216 4179 in
3258 4140 3358 4195 eo;
3394 4145 3414 4180 ι

1849 4225 1973 4275 nam
2009 4208 2340 4266 conscientia
2375 4223 2499 4266 eum
2540 4225 2646 4264 non
2670 4211 2870 4282 arguit.

1920 4303 2084 4359 Vens.
2115 4303 2167 4358 7.
2198 4302 2426 4374 Eloquia
2451 4302 2661 4356 Domini
2711 4303 2917 4373 eloquia
2939 4314 3116 4370 casta;
3146 4314 3420 4376 argentum

1848 4397 1965 4466 igne
1993 4396 2374 4460 exarninatum,
2417 4395 2691 4464 probatum
2729 4404 2909 4461 terraz,
2933 4407 3215 4467 purgatum
3243 4409 3422 4470 septu-

1844 4487 2013 4558 plum,
2073 4495 2179 4543 etc.
2219 4485 2480 4553 Quamvis
2529 4486 2772 4556 speciosa
2813 4487 2923 4542 sint
2966 4487 3182 4557 eloquia
3227 4503 3418 4544 eorum

1845 4577 1935 4648 qui
1990 4593 2094 4632 non
2145 4585 2291 4632 stant
2341 4590 2370 4631 a
2414 4575 2650 4640 Christo,
2685 4586 2923 4632 attamen
2951 4593 3056 4633 non
3095 4587 3219 4632 sunt
3246 4587 3418 4643 casta,

1845 4667 2042 4738 quippe
2068 4667 2366 4722 mendaciis
2391 4666 2693 4720 innumeris
2727 4680 2982 4736 aspersa;
3020 4665 3132 4720 sola
3164 4679 3292 4721 vero
3316 4666 3421 4721 Do-

1847 4759 1976 4813 mini
2011 4759 2223 4828 eloquia
2253 4767 2398 4813 casta
2435 4766 2581 4823 sunt,
2614 4758 2809 4827 quibus
2843 4755 3046 4809 nullum
3073 4755 3418 4810 mendacium

1847 4849 2137 4905 admistum
2177 4859 2279 4915 est,
2317 4859 2374 4903 et
2410 4849 2636 4920 perinde
2664 4855 2815 4902 casta
2853 4854 2998 4908 sunt,
3031 4855 3194 4915 atque
3223 4845 3420 4915 proba-

1847 4948 1960 4993 tum
1992 4949 2046 4994 et
2072 4939 2291 4995 fornace
2324 4947 2612 5008 purgatum
2644 4944 2951 5007 argentum.
2992 4935 3142 4991 Unde
3159 4937 3420 5007 quidquid

1853 5035 1918 5092 iis
1961 5035 2289 5099 declaratur,
2324 5033 2375 5086 id
2413 5046 2751 5104 nequaquam
2791 5041 2874 5085 est
2925 5029 2980 5084 in
3016 5029 3238 5086 dubium
3268 5045 3421 5088 revo-

1843 5127 2098 5182 caudum.

239 5253 277 5324 ‘_‘
330 5252 485 5324 Bom.
529 5268 626 5313 vn,
667 5251 757 5324 24.
806 5253 961 5324 H“_ll
993 5254 1120 5309 Cor.
1164 5271 1233 5317 γι,
1281 5255 1368 5309 l0.
1452 5258 1496 5289 "
1538 5258 1666 5312 ibid.

1855 5261 1871 5315 Ι
1912 5262 2035 5317 Cor.
2081 5275 2132 5324 ν,
2175 5260 2228 5314 ι.
2302 5260 2348 5293 ⁸⁸
2381 5257 2535 5313 Rom.
2569 5274 2664 5324 vn,
2693 5257 2784 5314 24.
2863 5258 2906 5289 ’⁸
2937 5257 3078 5322 Psal.
3113 5273 3306 5324 χχχιιι,
3334 5258 3418 5313 Η.

168 5317 206 5348 ³⁷
243 5322 379 5377 Psal.
406 5339 634 5388 nuwu,
669 5323 721 5376 8.
799 5323 843 5354 ²³
883 5322 923 5376 ll
962 5324 1086 5379 Cor.
1140 5341 1256 5392 \‘Ill,
1286 5327 1340 5380 9.
1416 5329 1461 5358 "
1504 5327 1666 5383 llcbr.
1727 5347 1743 5385 ι

1854 5369 1868 5388 .
1944 5332 1988 5363 ³ο
2026 5317 2196 5385 Ιϐὸτ.
2229 5344 2323 5396 xtl,
2354 5328 2444 5384 28.
2519 5327 2560 5360 ³⁸
2597 5317 2720 5384 Act.
2762 5345 2854 5395 xx,
2878 5317 2967 5382 28.

243 5441 316 5510 (5)
344 5441 453 5495 Kal
477 5445 509 5495 ὀ
532 5441 762 5510 Φαραώ,
785 5452 893 5500 etc.
932 5442 1154 5502 Scltcda:
1181 5445 1384 5502 Grabii.

235 5512 307 5582 (ϋ)
357 5511 453 5578 Ὠς
485 5514 516 5564 ὀ
546 5512 785 5577 Παῦλος
807 5512 945 5582 ἔφη,
972 5523 1079 5571 etc.
1107 5516 1332 5573 Scheda:
1366 5516 1571 5585 Grabii,
1600 5518 1737 5594 Bar-

181 5583 446 5716 bdlriisiful
473 5651 673 5717 ἄλλως
708 5651 775 5704 δὲ
812 5651 948 5718 τῶν,
984 5664 1090 5716 etc.
1129 5655 1332 5714 Catena
1371 5657 1574 5726 collegii
1611 5658 1734 5712 novi

1845 5432 2190 5512 Oxonieusis,
2227 5447 2523 5505 Barbarus.

1917 5520 1990 5589 (8)
2035 5521 2106 5589 Ὀ,
2120 5515 2508 5589 θησαυρίζων,
2544 5527 2647 5573 etc.
2681 5517 2990 5572 Corilerius.

1919 5585 1993 5661 (9)
2029 5588 2157 5644 Κᾶν
2183 5585 2335 5643 uia
2355 5585 2440 5652 δέ,
2466 5599 2568 5644 ctc.
2605 5589 2916 5650 Corderius,
2947 5594 2999 5638 et
3024 5585 3187 5640 codex
3214 5585 3347 5644 μου.
