3942 6216
230 347 260 402 1
271 347 385 403 203

1269 343 1578 401 SELEC'I‘A
1612 343 1679 399 IN
1707 345 2042 402 PSALIIOS.
2073 349 2150 388 —-‘
2177 346 2370 404 PSAL.
2401 347 2537 404 XIII.

3356 353 3374 405 I
3387 351 3490 406 Ξθθ

223 485 375 538 γωνο
409 487 427 519 ι
451 465 604 538 ’ᾼσω
643 463 722 537 τῷ
761 463 952 537 Κυρίῳ
998 463 1076 536 τῷ
1125 464 1544 537 εὐεργετήσαντί
1597 483 1686 536 με,
1724 467 1818 520 καὶ

1940 468 2022 522 ιὶι.
2059 467 2210 524 Unde
2239 469 2498 538 prepbeta
2535 466 2798 522 beneflcio
2827 465 3054 522 allectus
3086 466 3329 523 victoria:
3361 483 3492 522 Can-

221 557 395 629 ψαλῶ
445 557 524 628 τῷ
570 557 793 627 ὀνόματι
844 556 1049 628 Κυρίου
1083 555 1175 609 τοῦ
1216 555 1463 625 ὑψίστου,
1502 576 1519 606 ι
1558 574 1816 628 πραγμα-

225 649 411 713 τικῶς
461 647 646 720 μαθὼν
686 649 748 702 τὸ
791 650 926 722 πρὸς
975 649 1101 712 τοὺς
1155 647 1480 718 εὐχομένους
1511 647 1693 712 καλῶς·
1715 649 1821 702 ὑπὸ

226 738 336 792 τοῦ
384 739 588 808 Κυρίου
627 738 946 809 λεγόμενονο
1009 756 1026 788 ι
1054 738 1174 791 Ἔτι
1229 753 1322 789 σου
1363 735 1649 800 λαλοῦντος
1688 736 1815 808 ἐρῶ·

248 830 388 884 Ἰδοὺ
418 829 671 901 πάρειμι.
714 849 732 882 ι
769 831 935 898 Λέγει
964 831 1076 893 τοῖς
1108 827 1356 883 συνοῦσιν
1395 827 1471 892 ὡς
1515 821 1596 881 ὧν
1631 829 1820 899 ἤθελεν

232 918 434 989 ετυχεο
499 919 579 973 διὸ
626 920 720 974 καὶ⁴
775 921 953 990 ὑμνεῖ.
1014 919 1170 974 Οὕτω
1228 920 1308 973 δεῖ
1361 921 1456 973 καὶ⁵
1508 922 1655 990 ἡμᾶς
1700 922 1820 975 καθ’

233 1011 482 1082 ἑκάστην
513 1012 656 1083 ᾅδειν
682 1012 999 1084 εὐεργεσίαν
1028 1015 1094 1084 τῇ
1124 1012 1346 1084 θεωρίᾳ,
1375 1012 1468 1071 καὶ.
1497 1011 1574 1083 τῷ
1600 1012 1821 1083 ψάλλειν

233 1103 444 1173 πρᾶξιν
469 1103 793 1172 ἐπάγοντας.

321 1301 476 1372 Ἐγὼ
501 1300 569 1355 δὲ
590 1301 688 1356 ἐπὶ
716 1300 796 1368 τῷ
823 1303 980 1358 ἐλέει
1016 1320 1135 1358 σου
1180 1303 1432 1373 ἤλπισα·
1456 1302 1821 1374 ἀγαλλιάσε-

230 1410 334 1447 ται
392 1395 432 1462 ή
477 1393 693 1463 καρδία
729 1413 848 1464 μου
899 1395 969 1449 ἐν
1002 1395 1083 1461 τῷ
1114 1397 1385 1464 σωτηρίῳ
1413 1411 1548 1459 σου,
1587 1413 1641 1449 κ.
1685 1413 1738 1449 τ.
1772 1397 1820 1450 ἑ.

247 1484 482 1538 Ἐκεῖνοι
515 1485 614 1556 μὲν
643 1486 1019 1558 ὲπιχαίροντες
1045 1487 1089 1556 (I
1103 1486 1156 1556 ι)
1188 1489 1255 1558 τῇ
1292 1485 1496 1539 πτώσει
1521 1503 1622 1558 μου
1657 1503 1824 1558 προσο

229 1575 472 1630 δοκῶσιν
505 1577 952 1647 άγαλλιασθῆναι·
1001 1577 1113 1647 ἐγὼ
1141 1577 1196 1630 δὲ
1226 1578 1318 1631 ἐπὶ
1353 1579 1434 1632 σοὶ
1458 1578 1551 1632 καὶ
1576 1577 1654 1649 τῷ
1683 1577 1822 1632 ὲλέει

231 1665 319 1736 τῷ
353 1667 432 1737 σῷ
455 1667 682 1738 ἦλπισα.

315 1759 480 1826 ’ᾼσω
501 1756 581 1823 τῷ
605 1757 799 1826 Κυρίῳ
824 1758 903 1825 τῷ
924 1759 1386 1830 εὐεργετήσαντι
1398 1776 1493 1829 με,
1521 1759 1618 1812 καὶ
1645 1757 1820 1826 ψαλῶ

232 1846 322 1912 τῷ
351 1849 591 1918 ὀνόματι
622 1850 844 1916 Κυρίου
873 1849 979 1904 τοῦ
1004 1851 1270 1919 ὑψίστου
1291 1891 1306 1915 ,
1332 1867 1386 1903 κ.
1421 1866 1471 1902 τ.
1507 1850 1553 1902 ὲ.
1586 1850 1642 1902 Ὀ
1665 1849 1819 1920 εὐερ-

235 1938 492 2009 γετηθεὶς
523 1940 634 2011 (15)
672 1941 844 2011 ᾀδέτω
863 1981 878 2005 ,
910 1942 1003 1996 καὶ
1027 1944 1056 1995 ὁ
1085 1941 1334 2012 εὐθυμῶν
1378 1940 1644 2010 ψαλλέτω.
1682 1941 1820 2012 Φησὶ

234 2032 370 2103 γάρ’
407 2052 424 2084 t
460 2033 700 2105 Εύθυμεῖ
724 2053 807 2099 τις
831 2037 888 2088 ὲν
925 2039 1092 2107 ἡμῖν;
1120 2035 1388 2106 ψαλλέτω.
1419 2057 1436 2087 ι
1457 2036 1601 2103 ’Ἐξω
1626 2037 1720 2090 καὶ⁸
1740 2037 1819 2100 είς

234 2121 332 2174 τὸν
376 2120 503 2193 ἑξῆς
554 2124 745 2194 χρόνον
783 2126 1138 2197 ἀνεπίληστον
1176 2128 1234 2179 ὲν
1264 2128 1330 2196 τῇ
1365 2125 1508 2196 ψυχῇ
1543 2127 1641 2196 τῆς
1673 2127 1822 2197 εὐερ-

237 2211 432 2280 γεσίας
461 2213 523 2266 τὸ
559 2214 806 2285 μέγεθος,

788 2440 1082 2495 ΨΑΛΜΟΣ
1122 2441 1218 2497 II”.

314 2521 500 2585 Εἶπεν
524 2526 728 2597 ἄφρων
755 2528 827 2584 ἐν
860 2531 1074 2601 καρδίᾳ
1105 2530 1313 2585 αὐτοῦ’
1347 2534 1468 2587 Οὐκ
1497 2531 1627 2586 ἐστι
1659 2535 1822 2601 Θεός.

240 2617 658 2688 Διεφθὰρησαν
685 2621 785 2674 καὶ
805 2620 1262 2691 ἐϐδελύχθησαν
1286 2623 1356 2677 ἐν
1375 2622 1822 2693 ἐπιτηδεύμασι,

240 2721 298 2758 κ.
332 2722 382 2758 τ.
420 2705 468 2759 ἑ.
527 2705 592 2760 Ei
612 2708 669 2762 ἐν
695 2711 807 2772 τοῖς
838 2711 1234 2783 ἐπιτηδεύμασι
1261 2711 1371 2784 (I6)
1398 2711 1823 2784 διαφθείρονται,

240 2797 342 2871 οὐχ
369 2797 402 2868 ἡ
427 2795 605 2868 φαύλη
630 2797 806 2852 ἔννοια
832 2799 1134 2872 διαφθείρει
1167 2801 1288 2854 τινὰ
1305 2841 1319 2865 ,
1363 2799 1499 2855 ἀλλὰ
1528 2799 1588 2853 τὸ
1621 2799 1824 2872 ταύτης

243 2887 596 2958 ἀποτέλεσμα
644 2889 677 2959 ἡ
723 2891 912 2945 κακία.
1000 2891 1132 2944 Ἀπὸ
1180 2891 1470 2955 διαθέσεως
1529 2891 1827 2963 καρδιακῆς

243 2977 488 3042 εἰπόντες
514 2977 588 3050 μὴ
613 2974 753 3035 εἶναι
784 2982 918 3036 Θεὸν
937 3024 952 3048 ,
991 2983 1297 3049 ἀκολούθως
1341 2983 1527 3040 λοιπὸν
1569 2984 1645 3048 ὡς
1678 2983 1825 3041 ἄθεοι

1923 560 2086 614 ticum
2115 561 2264 615 canit
2295 561 2479 614 dicens
2513 577 2529 616 :
2569 577 2592 612 ι
2637 557 2880 613 Cantabo
2915 559 3167 623 Domino,
3209 559 3301 628 qui
3357 560 3496 614 bona

1921 651 2108 705 tribuit
2137 651 2290 715 mihi,
2319 660 2374 706 et
2421 650 2642 720 psallam
2681 650 2883 706 nomini
2916 649 3130 704 Domini
3156 650 3426 706 altissimi.
3470 669 3492 706 ι

1921 740 2116 811 Reipsa
2153 741 2296 795 enim
2333 741 2598 796 didicerat
2616 749 2672 794 et
2707 747 2962 809 expertus
2994 748 3134 804 erat,
3171 738 3311 808 quod
3338 753 3366 790 a
3393 737 3499 791 Do-

1921 833 2068 888 mino
2109 843 2256 888 recte
2307 832 2657 903 precantibus
2686 830 2887 885 dictum
2919 838 3000 885 est
3031 829 3116 883 ’δι
3153 849 3171 881 ι
3221 829 3411 883 Adhuc
3448 839 3498 882 te

1922 926 2179 995 loquente
2204 925 2382 979 dicam
2415 941 2430 979 :
2460 923 2600 980 Ecce
2649 923 2858 977 adsum.
2895 940 2917 974 ι
2951 922 3157 978 Amicis
3205 929 3388 976 narrat
3438 933 3499 974 se

1923 1017 2032 1070 voti
2086 1024 2390 1086 compotem
2439 1029 2580 1079 esse,
2619 1028 2787 1083 quare
2821 1022 2876 1068 et
2917 1013 3174 1084 hymnum
3204 1013 3370 1067 canit.
3421 1008 3498 1063 Ita

1922 1124 2022 1163 nos
2048 1123 2261 1178 quoque
2307 1108 2466 1163 decet
2513 1107 2724 1177 singula
2772 1105 2865 1160 Dei
2901 1105 3160 1161 beneﬁcia
3214 1103 3500 1160 recoleudo

1923 1211 2104 1255 mente
2137 1212 2355 1263 canere,
2385 1207 2440 1252 et
2465 1212 2632 1268 opera
2666 1196 2974 1266 praestando
3005 1195 3257 1265 psallere.

1997 1291 2158 1346 Vens.
2186 1289 2240 1344 6.
2275 1289 2386 1360 Ego
2413 1298 2585 1343 autem
2627 1290 2680 1342 in
2724 1288 3088 1341 misericordia
3131 1298 3221 1340 tua
3258 1287 3501 1355 speravi;

1923 1380 2202 1437 exsultabit
2236 1396 2326 1434 cor
2353 1395 2525 1433 meum
2562 1380 2615 1432 iu
2656 1377 2877 1432 salutari
2903 1387 3014 1440 tuo,
3041 1386 3147 1430 etc.
3178 1376 3252 1429 Illi
3283 1376 3498 1444 quidem

1926 1477 1992 1528 de
2032 1473 2183 1541 lapsu
2230 1485 2351 1526 meo
2389 1472 2687 1540 gaudentes
2731 1477 3052 1538 exspectant
3084 1467 3198 1522 fore
3234 1477 3292 1521 ut
3321 1465 3502 1521 exsul-

1928 1575 2062 1630 tent,
2115 1580 2214 1637 ego
2249 1579 2378 1620 vero
2430 1565 2486 1618 in
2540 1572 2592 1618 te
2635 1572 2691 1618 et
2739 1563 2792 1616 in
2838 1560 3210 1617 misericordia
3253 1568 3344 1614 tua
3374 1573 3502 1628 spe-

1927 1661 2064 1715 ravi.

1995 1749 2232 1806 Cantabo
2266 1747 2485 1802 Domino
2513 1746 2604 1816 qui
2637 1746 2770 1798 bona
2800 1743 2981 1798 tribuit
3019 1742 3167 1806 mihi,
3207 1751 3256 1795 et
3278 1741 3502 1811 psallam
3532 1782 3534 1784 -

1927 1841 2126 1895 ηοιηίιιὶ
2160 1837 2372 1892 Domini
2395 1835 2662 1899 altissimi,
2698 1843 2804 1888 etc.
2842 1831 2942 1898 Qui
2977 1831 3241 1887 beneﬁcio
3277 1829 3505 1885 allectus

1926 1943 2032 1995 est,
2072 1940 2256 1994 canat,
2291 1939 2344 1985 et
2381 1929 2471 1999 qui
2505 1944 2661 1996 inquo
2697 1925 2880 1980 animo
2913 1933 3016 1988 est,
3063 1923 3258 1992 psallat
3295 1921 3360 1978 ⁸⁵.
3416 1923 3507 1976 Ait

1927 2024 2070 2080 enim
2102 2039 2113 2073 :
2154 2041 2174 2074 ι
2223 2021 2404 2090 Αἰσιιιο
2434 2020 2560 2089 quis
2586 2018 2766 2072 animo
2798 2015 2915 2069 est?
2955 2014 3174 2085 psallat.
3214 2033 3232 2067 ι
3267 2012 3507 2068 Manebit

1929 2126 1985 2172 et
2022 2116 2074 2170 in
2101 2121 2376 2184 posterum
2416 2119 2626 2178 tempus
2660 2108 2714 2162 in
2759 2106 2938 2160 anima
2979 2119 3096 2160 mea
3136 2102 3507 2159 beneﬁcentia:

1927 2217 2034 2264 tua:
2057 2203 2393 2277 magnitudo,
2417 2216 2579 2273 quam
2609 2199 2753 2256 nulla
2781 2212 3018 2268 unquam
3055 2195 3257 2252 delebit
3279 2195 3503 2251 oblivio.

2365 2429 2526 2502 595
2566 2422 2888 2483 PSALMUS
2935 2420 3072 2478 XIII.

2000 2531 2166 2586 Vens.
2218 2527 2269 2581 I.
2326 2524 2470 2578 Dixit
2513 2521 2763 2590 insipiens
2818 2519 2871 2571 in
2911 2515 3071 2570 corde
3098 2528 3244 2568 suo:
3287 2511 3408 2568 Non
3432 2523 3506 2566 cst

1931 2618 2352 2686 Deus.Corrupti
2375 2597 2552 2670 suntet
2571 2609 2945 2666 abominabiles
2968 2606 3095 2676 facti
3113 2615 3231 2660 sunt
3254 2607 3306 2660 in
3321 2607 3508 2662 studiis

1925 2717 2060 2780 suis,
2101 2721 2213 2767 etc.
2261 2707 2318 2763 Si
2348 2707 2401 2761 in
2436 2703 2632 2760 studiis
2667 2708 3116 2768 corrumpuntur,
3167 2711 3273 2751 non
3324 2697 3506 2766 utique

1927 2804 2070 2860 mala
2101 2798 2359 2871 cogitatio
2407 2791 2713 2862 corrumpit
2748 2788 3078 2859 quempiam,
3119 2787 3210 2842 sed
3241 2786 3357 2857 ejus
3383 2783 3512 2841 εσυ.

1930 2904 2050 2950 ctus
2077 2891 2306 2948 malitia.
2361 2887 2498 2944 Cum
2539 2899 2606 2940 ex
2651 2881 2833 2938 cordis
2870 2881 3068 2934 allectu
3105 2878 3368 2934 dixissent
3403 2892 3508 2930 non

1928 2998 2048 3042 esse
2073 2984 2266 3043 Deum,
2297 2983 2692 3045 consequenter
2710 2972 2928 3026 utatliei
2961 2971 3233 3034 vixerunt,
3257 2978 3312 3024 et
3343 2968 3508 3022 vitam

246 3059 499 3126 ἐϐίωσαν,
527 3065 620 3118 καὶ
645 3067 736 3120 τὸν
765 3065 876 3137 βίον
899 3068 1054 3139 ἔσχον
1079 3069 1472 3140 διεφθαρμένον
1509 3069 1604 3127 καὶ
1644 3069 1822 3141 πάσης

1940 3086 2157 3149 Pgerunt
2184 3081 2496 3141 corruptam
2533 3078 2588 3124 et
2615 3067 2762 3123 omni
2792 3063 3134 3119 immunditia
3163 3061 3402 3133 plenam.

243 3153 582 3227 ἀκαθαρσίας
612 3158 916 3211 ἀνάπλεων.

313 3246 544 3311 Πάντες
570 3246 890 3312 ἐξέκλιναν
909 3287 922 3311 ,
958 3248 1078 3318 ἅμα
1105 3247 1523 3318 ἡχρειώοησαν
1541 3291 1556 3316 ,
1606 3269 1659 3304 κ.
1688 3269 1740 3306 τ.
1773 3252 1821 3306 ἑ.

244 3335 306 3387 Οί
331 3334 578 3403 λέγοντες
605 3337 738 3408 (17)·
763 3357 781 3390 ι
807 3338 991 3392 Δοῦλοι
1014 3339 1220 3410 ἀχρεῖοί
1246 3340 1432 3410 ὲσμεν,
1457 3361 1474 3392 ι
1497 3341 1718 3417 δυνάμει
1739 3341 1826 3394 λέ-

247 3440 454 3492 γουσιν,
498 3427 798 3500 Ἢχρειὼθη
808 3447 928 3499 μεν.

324 3516 418 3586 Τίς
451 3513 630 3570 δώσει
660 3518 728 3572 ἐκ
760 3518 914 3572 Σιὼν
955 3521 1018 3573 τὸ
1066 3520 1364 3592 σωτήριον
1394 3523 1498 3578 τοῦ
1551 3523 1824 3594 Ἰσραήλ;

249 3624 303 3664 κ.
335 3625 386 3660 τ.
423 3609 471 3661 ὲ.
533 3626 551 3660 ι
573 3607 730 3673 ’Ἥξει
761 3612 825 3663 ἐκ
854 3610 992 3663 Σιὼν
1024 3612 1131 3683 (18)
1155 3616 1183 3667 ὁ
1207 3614 1502 3690 ῥυόμενος,
1559 3616 1652 3672 καὶ
1688 3616 1825 3668 ἀπο-

250 3697 474 3770 στρέψει
508 3699 765 3763 ἀσεϐείας
793 3701 900 3754 ἀπὸ
941 3701 1153 3756 Ἰακώϐ.
1188 3723 1206 3756 ι
1262 3705 1324 3757 Ei
1361 3705 1418 3758 δὲ
1461 3707 1525 3758 ἐκ
1560 3705 1696 3758 Σιὼν
1734 3706 1825 3777 ἕρ-

249 3805 403 3860 χεται
436 3792 464 3843 ὁ
489 3791 678 3866 Σωτὴρ
698 3832 712 3856 ,
762 3792 924 3855 αὐτὸς
949 3793 1005 3846 δὲ
1039 3795 1101 3846 ἐκ
1144 3794 1238 3848 τοῦ
1272 3797 1483 3873 Πατρὸς
1514 3796 1701 3874 ἐξῆλθε
1733 3801 1828 3853 καὶ

249 3876 417 3952 ἧκεν,
453 3883 486 3953 ἡ
530 3881 669 3936 Σιὼν
719 3883 814 3938 νῦν
852 3884 1118 3956 σύμϐολόν
1156 3889 1270 3946 ἐστι
1311 3888 1400 3940 τοῦ
1452 3889 1688 3961 Πατρός.
1751 3891 1826 3944 Οὐ

249 3973 348 4042 τὴν
401 3974 698 4044 γενομένην
756 3978 1030 4051 σωτηρίαν
1079 3981 1192 4042 τοῖς
1239 3982 1331 4033 ἐπὶ
1382 3980 1623 4052 Ἐζεκίου
1671 3983 1828 4056 μόνον

249 4064 678 4135 προσαγορεύει,
731 4067 867 4120 ἀλλὰ
895 4070 990 4121 καὶ
1034 4069 1133 4139 τὴν
1181 4071 1396 4135 πολλοῖς
1440 4071 1666 4146 ὔστερον
1705 4073 1830 4144 χρό-

250 4174 360 4220 νοις
391 4159 690 4230 γενομένην
723 4159 930 4212 ὲκεῖθεν
961 4160 1055 4214 τοῦ
1089 4162 1339 4237 Σωτῆρος
1366 4163 1523 4235 ἡμῶν
1558 4166 1825 4236 σωτήριον

251 4249 586 4316 ἐπιφάνειαν.
653 4251 877 4306 Πάντων
915 4253 1024 4323 γάρ
1077 4253 1474 4319 ἐκκλινάντων,
1514 4257 1828 4326 ἀναγκαίως

252 4337 356 4394 ἔδει
388 4337 571 4392 λοιπον
622 4344 876 4412 παρεῖναι
919 4344 1007 4395 τὸν
1049 4343 1346 4415 δυνάμενον
1393 4348 1610 4416 ἀφεῖναι
1643 4348 1826 4421 ἀμαρ-

251 4429 370 4491 τίας
403 4430 496 4482 καὶ
527 4429 718 4485 σῶσαι.
779 4449 798 4482 ι
823 4432 916 4484 Ἐκ
957 4432 1094 4486 Σιὼν
1125 4454 1142 4486 ι
1178 4435 1255 4497 δὲ,
1303 4436 1384 4488 ὅτι
1423 4438 1487 4489 ἐκ
1515 4437 1827 4508 σπέρματος

265 4517 510 4589 Ἰσραὴλ,
555 4520 648 4572 καὶ
684 4521 764 4572 ὅτι
805 4522 869 4574 ἐκ
904 4522 1039 4576 Σιὼν
1062 4522 1243 4594 ﬁgam}
1281 4525 1594 4596 ἐρχόμενος,
1627 4527 1702 4590 ὡς
1732 4527 1827 4596 γέ-

253 4623 510 4680 γραπται.
553 4629 571 4660 ι
609 4610 696 4664 Ἐν
727 4611 804 4682 τῷ
834 4613 1157 4685 ἐπιστρέψαι
1185 4616 1388 4688 Κύριον
1421 4618 1517 4689 τὴν
1550 4618 1829 4689 αἰχμαλω-

257 4697 373 4750 σίαν
417 4699 510 4750 τοῦ
557 4699 686 4752 λαοῦ
729 4701 915 4755 αὑτοῦ.
943 4721 961 4754 ι
1013 4705 1374 4775 Αἱχμαλωσία
1420 4708 1566 4760 ἐστὶν
1625 4711 1658 4778 ἡ
1718 4710 1828 4764 ἀπὸ

255 4786 502 4854 γνώσεως
527 4789 618 4842 καὶ
642 4790 842 4862 ἀρετῆς
866 4793 958 4846 ἐπὶ
986 4794 1260 4860 ἀγνωσίαν
1305 4797 1397 4849 καὶ
1435 4797 1629 4853 κακίαν
1667 4797 1831 4855 ἀκού-

257 4893 365 4941 σιος
408 4880 727 4950 μετάϐασις.
785 4901 804 4934 ‹
859 4885 1271 4952 Ἀγαλλιάσεται
1323 4887 1552 4950 Ἰακὼϐ,
1602 4890 1698 4944 καὶ
1738 4891 1828 4944 εύ-

257 4969 620 5041 φρανθήσεται
669 4974 904 5046 Ἰσραήλ.
933 4994 951 5026 ι
1005 4977 1416 5043 Ἀγαλλιάσεται
1450 4981 1547 5049 μὲν
1591 4983 1619 5033 ὁ
1649 4999 1826 5052 πρατ-

255 5061 404 5133 τικὴν
434 5064 702 5118 ἀπάθειαν
727 5068 1067 5137 κτησάμενος
1088 5085 1100 5097 ·
1149 5069 1498 5140 εὐφραίνεται
1526 5072 1588 5124 δὲ
1621 5075 1649 5125 ὁ
1681 5090 1823 5142 γνω-

259 5153 440 5222 πικῆς
469 5152 699 5224 θεωρίας
725 5156 1100 5222 καταξιωθείς.

327 5245 438 5298 Τοῦ
473 5246 678 5300 αὐτοῦ.
717 5249 944 5319 Μυρίων
967 5251 1060 5304 ἐπὶ
1109 5251 1206 5324 τὴς
1240 5253 1567 5324 οἰκουμένης
1589 5255 1698 5324 (I9)
1741 5273 1830 5309 κυ-

2002 3253 2240 3310 Υιιιε.5.
2276 3251 2470 3306 Omnes
2510 3246 2924 3310 declinaverunt,
2965 3242 3125 3300 simul
3167 3241 3380 3296 inutiles
3427 3241 3511 3309 fa-

1928 3347 1996 3399 cti
2019 3352 2165 3407 sunt,
2194 3351 2299 3396 etc.
2331 3338 2431 3407 Qui
2455 3336 2678 3391 dicunt:
2707 3353 2724 3385 ι
2754 3331 2905 3388 Servi
2935 3331 3151 3388 inutiles
3179 3345 3370 3387 sumus
3391 3329 3459 3395 ³⁸,
3485 3348 3505 3382 ι

1929 3437 2125 3491 virtute
2151 3433 2361 3498 dicunt,
2395 3427 2618 3484 Inutiles
2641 3426 2770 3482 lacti
2799 3440 3007 3492 sumus.

2006 3526 2166 3581 Vnus.
2202 3525 2251 3579 7.
2281 3523 2410 3590 Quis
2439 3520 2584 3577 dabit
2611 3536 2677 3574 ea:
2716 3518 2848 3573 Sion
2891 3517 3128 3573 salutare
3158 3515 3330 3572 Israel
3351 3515 3377 3572 1’
3401 3523 3508 3571 etc.

1934 3638 1951 3670 ι
1987 3617 2174 3670 Veniet
2199 3629 2264 3669 ex
2304 3613 2433 3668 Sion
2485 3611 2578 3684 qui
2623 3611 2842 3675 liberat,
2876 3617 2928 3662 et
2958 3617 3169 3664 avertet
3202 3607 3512 3676 impietatcs

1929 3726 1956 3763 a
1992 3707 2158 3762 Iacob
2188 3705 2256 3764 ³⁷.
2294 3725 2312 3757 ι
2347 3703 2404 3758 Si
2451 3719 2517 3758 ex
2571 3703 2700 3756 Sion
2739 3701 2887 3756 venit
2919 3700 3194 3763 Salvator,
3229 3700 3346 3768 ipse
3385 3714 3513 3754 vero

1931 3795 1996 3854 ex
2021 3799 2179 3857 Patre
2197 3797 2333 3852 exiit
2363 3805 2418 3850 et
2447 3795 2614 3859 venit,
2648 3794 2777 3848 Sion
2811 3793 2910 3849 hoc
2938 3793 2990 3846 in
3021 3791 3139 3848 loco
3162 3789 3339 3845 Patris
3365 3805 3511 3862 sym-

1932 3891 2110 3944 bolum
2137 3898 2241 3943 est.
2267 3887 2568 3941 Annuntiat
2599 3895 2779 3940 autem
2826 3882 3051 3938 salutem
3091 3898 3199 3938 non
3244 3881 3311 3936 iis
3337 3882 3510 3936 solum

1931 3981 2023 4051 qui
2057 3990 2299 4050 tempore
2317 3979 2563 4035 Ezechize
2592 3987 2772 4041 erant,
2802 3976 2896 4031 sed
2925 3986 2978 4029 et
3016 3982 3134 4044 post
3167 3973 3332 4027 multa
3370 3982 3510 4028 tem-

1933 4088 2059 4140 pora
2109 4071 2233 4126 inde
2265 4071 2506 4129 futurum
2534 4070 2717 4124 multis
2750 4066 3042 4122 saiutarem
3073 4065 3372 4120 Salvatoris
3415 4081 3514 4119 no-

1932 4164 2028 4217 stri
2062 4163 2372 4218 adventum.
2411 4159 2545 4214 Nam
2586 4175 2711 4216 cum
2750 4173 2940 4215 omnes
2987 4156 3374 4218 declinassent,
3417 4171 3513 4210 ne-

1933 4271 2086 4312 cesse
2110 4264 2228 4310 erat
2261 4264 2319 4310 ut
2346 4255 2563 4310 adesset
2601 4253 2690 4323 qui
2714 4261 2938 4322 peccata
2965 4250 3272 4305 dimitteret
3300 4259 3355 4302 et
3379 4247 3514 4304 libe-

1860 4400 1906 4459 υ
1935 4358 2103 4402 raret.
2150 4347 2356 4403 Dicitur
2385 4354 2590 4411 autem,
2633 4364 2651 4396 ι
2690 4361 2754 4400 ex
2800 4344 2955 4409 Sion,
3000 4363 3018 4395 ι
3054 4343 3180 4413 quia
3210 4358 3274 4396 ev
3303 4341 3514 4396 semine

1939 4439 2102 4459 IA,_A-I
2158 4449 2200 4459 -.
2251 4440 2366 4459 ._--2_
2409 4454 2466 4459 Α..
2510 4437 2638 4459 O!__
2681 4438 2855 4459 ---μελε
2897 4436 2983 4459 ---ε
3014 4446 3275 4459 -.-η-..-ηρ
3307 4446 3382 4459 Α...
3456 4443 3512 4459 ..ι

1939 4439 2126 4505 Israel,
2153 4449 2207 4494 et
2246 4440 2371 4508 quia
2403 4454 2470 4492 ex
2510 4437 2642 4492 Sion
2681 4438 2861 4491 veniet
2895 4436 2983 4506 qui
3014 4446 3276 4490 venturus
3305 4446 3408 4497 est,
3456 4443 3516 4488 ut

1931 4531 2196 4600 scriptum
2216 4539 2320 4585 est.
2353 4549 2371 4581 ι
2404 4528 2541 4585 Cum
2575 4529 2834 4584 averterit
2860 4528 3120 4582 Dominus
3141 4527 3510 4597 captivitatem

1933 4621 2104 4691 plebis
2135 4637 2265 4676 sum.
2299 4639 2317 4672 ι
2343 4619 2642 4689 Captivitas
2666 4631 2751 4675 est
2784 4619 3116 4674 voluntarius
3144 4634 3171 4673 a
3203 4619 3431 4673 scientia
3460 4627 3515 4672 et

1933 4712 2134 4767 virtute
2163 4712 2227 4766 ad
2254 4712 2617 4780 ignorantiam
2641 4721 2694 4766 et
2731 4711 2990 4766 malitiam
3021 4711 3298 4765 transitus.
3339 4728 3357 4760 ι
3405 4709 3514 4762 Ex-

1932 4800 2361 4869 sultabitJacob,
2392 4811 2447 4859 et
2481 4803 2752 4859 laetabitur
2784 4802 2972 4858 Israel.
3013 4822 3032 4854 ›
3075 4801 3379 4857 Exsultabit
3419 4799 3510 4869 qui

1937 4894 2192 4949 actricem
2235 4895 2586 4950 aﬂ'ectionum
2635 4895 2935 4950 carentiam
2993 4893 3249 4962 possidet,
3298 4893 3513 4946 laetatur

1932 4994 2114 5039 autem
2154 4987 2245 5056 qui
2275 4987 2343 5042 ad
2367 4985 2730 5057 cognitionem
2755 4993 2809 5038 et
2837 4983 3355 5054 contemplationem
3390 4998 3513 5055 per-

1875 5123 1890 5132 .
1929 5078 2100 5133 venit.

2010 5253 2283 5324 Ejusdem.
2331 5252 2566 5308 Inlinitis
2590 5260 2702 5308 toto
2727 5253 2862 5308 orbe
2903 5250 3306 5308 dominantibus
3332 5253 3512 5323 malis,

323 5337 367 5369 "
397 5325 509 5394 Isa.
539 5356 691 5405 Lvui,
715 5343 768 5396 9.
845 5345 888 5376 ³⁸
910 5344 1102 5402 Iacob.
1131 5362 1181 5411 ν,
1214 5349 1300 5404 I5.
1377 5350 1422 5380 ³⁸
1453 5349 1582 5405 Luc.
1605 5367 1736 5416 XVII.
1763 5351 1824 5405 ¹0

1940 5351 1968 5381 ’⁷
2002 5349 2110 5405 Isa.
2137 5367 2250 5414 ως,
2279 5348 2371 5404 20.

259 5431 461 5558 ὼςιῇζ.
499 5433 742 5488 Ἐκεῖνοι
795 5435 912 5506 μὲν
960 5438 1395 5508 ἐπιχαίροντες,
1442 5452 1550 5498 etc.
1604 5442 1832 5498 Sclteda:

323 5541 526 5645 ξ’ίὲἶό
550 5577 976 5645 εὐερηπηθείς,
1001 5587 1104 5632 etc.
1139 5579 1362 5635 Scliedae
1384 5581 1591 5637 Grabii.

324 5643 436 5718 (lg)
454 5647 520 5697 Et
546 5645 752 5718 ἐντοῖς
775 5643 1226 5718 ἐπιτήδεύμασι,
1247 5661 1355 5707 etc.
1376 5649 1824 5708 Scliederabii.

265 5713 372 5837 ri
389 5714 436 5783 7)
474 5719 536 5768 οἰ
565 5715 868 5784 λέγοντες,
905 5713 1012 5775 etc.
1053 5713 1285 5777 Sclicda:
1311 5721 1520 5788 Grabii,
1546 5734 1601 5778 et
1630 5723 1827 5779 Corde-

2010 5441 2125 5511 (I8)
2179 5441 2340 5505 Ἥξει
2371 5441 2439 5494 ἐκ
2472 5439 2644 5506 Σιών,
2681 5451 2791 5498 etc.
2840 5439 3071 5500 Scliedae
3123 5439 3332 5506 Grabii,
3371 5440 3511 5496 Bar-

2169 5583 2409 5650 Mvplwr
2434 5581 2530 5653 ἐπὶ
2579 5581 2688 5648 τῆς
2733 5580 3110 5651 οἰκουμένης,
3140 5589 3244 5634 etc.
3297 5539 3512 5639 Eaedem

1937 5651 2149 5706 schedio
2181 5653 2404 5716 Grai-ii;
2440 5651 2674 5707 Hilarius
2696 5667 2822 5705 vero
2854 5662 3089 5705 tractatu
3121 5653 3171 5703 in
3199 5654 3342 5706 hunc
3364 5654 3514 5717 psal-

1935 5737 2083 5775 mum
2121 5738 2270 5776 uum.
2302 5722 2356 5785 ὖ,
2387 5723 2466 5777 sic
2488 5724 2647 5778 vertit
2670 5741 2720 5776 ιι
2742 5719 2837 5779 His
2869 5721 3121 5790 igiturita
3141 5721 3517 5790 grassantibus

1937 5791 2112 5860 inalis,
2138 5803 2192 5848 ct
2234 5801 2343 5848 toto
2366 5795 2499 5850 urbe
2532 5793 2959 5861 dominantibus,
2984 5795 3237 5848 conscius
3278 5790 3519 5860 Spiritus
