3942 6216
204 339 230 393 1
245 340 376 395 ‘2'.)9

1261 337 1572 392 SELECTA
1613 336 1677 391 IN
1715 336 2051 394 PSALMOS.
2090 365 2157 378 --
2198 334 2396 391 PSAL.
2439 334 2555 390 XV.

3367 341 3501 395 tam

299 458 424 515 Τοῦ
455 456 662 513 αὐτοῦ.
716 457 775 510 '0
804 457 944 510 κατά
979 457 1070 510 τὸν
1107 457 1216 528 (9.4)
1253 458 1402 521 ἐντὸς
1423 497 1437 521 ,
1485 461 1681 528 φησὶν,
1727 459 1798 512 ἄν·

1997 457 2268 528 Ejusdem.
2316 457 2444 524 Qui,
2493 455 2689 526 inquii,
2735 465 2790 510 et
2832 457 3129 516 secundum
3184 462 3498 518 interiorem

202 554 453 625 θρωπον
491 551 585 604 καὶ
635 548 775 603 κατᾶ
812 547 902 599 τὸν
950 548 1104 610 ἐκτὸς
1159 549 1578 619 ἀπηλλαγμένος
1636 551 1815 620 πάσης

204 642 435 708 κακίας
469 642 560 695 καὶ
592 639 782 711 μώμου
808 639 1033 702 παντὸς,
1062 640 1241 692 πᾶσαν
1275 639 1331 692 δὲ
1366 641 1566 712 ἀρετὴν
1591 640 1810 712 μετιών.

304 905 420 969 ’ος
469 905 579 957 οὐκ
613 903 918 957 ἑδόλωσεν
961 903 1030 955 ἐν
1093 899 1344 971 γλώσσῃ
1399 905 1616 968 αὑτοῦ,
1675 906 1818 960 οὐδὲ

207 996 486 1062 ἐποίησε
519 994 598 1059 τῷ
639 996 908 1061 πλησίον
939 993 1126 1048 αὑτοῦ
1152 980 1372 1059 κακὸν,
1427 1013 1480 1048 κ.
1512 1013 1562 1049 τ.
1600 998 1645 1050 ὲ.
1729 999 1817 1060 Ὠς

210 1089 323 1142 καὶ
353 1090 402 1141 οἱ
429 1088 666 1143 διάκονοι
703 1087 812 1157 (‘25)
847 1087 937 1140 τοῦ
973 1089 1214 1155 Σατανᾶ,
1265 1091 1356 1142 ὅτε
1404 1091 1816 1160 μετασχηματί-

211 1178 418 1242 ζονται
459 1179 534 1240 ώς
581 1178 817 1231 διάκονοι
860 1178 1226 1250 δικαιοσύνης.
1277 1199 1295 1232 t
1323 1181 1432 1232 Kal.
1464 1181 1563 1232 οὐκ
1592 1181 1814 1250 ἐποίησε

209 1268 302 1339 τῷ
344 1268 570 1340 πλησίον
599 1268 762 1321 αὑτοῦ
798 1270 987 1323 κακόν.
1023 1289 1040 1321 ι
1117 1272 1240 1323 Ἐὰν
1274 1271 1347 1342 μὴ
1375 1273 1573 1334 πάντες
1607 1271 1815 1341 ἄνθρω-

214 1379 320 1416 ποι
349 1357 452 1416 ὦσι
484 1362 727 1433 πλησίον,
760 1363 858 1416 οὐκ
891 1362 1225 1433 ἀπαγορεύει
1253 1365 1286 1432 ἡ
1317 1362 1462 1428 λέξις
1504 1365 1674 1414 ποιεῖν
1701 1367 1814 1426 τοῖς

218 1455 304 1524 μὴ
343 1453 570 1526 πλησίον
607 1455 795 1508 κακόν.
860 1455 934 1506 Τὸ
959 1455 1005 1506 δ’
1050 1455 1234 1524 ὅμοιον
1267 1455 1360 1506 καὶ
1391 1453 1484 1505 ἐπὶ
1516 1453 1643 1518 τοῦ,
1705 1475 1721 1505 ι
1757 1455 1814 1506 ’0

211 1545 450 1616 ὀμνύων
497 1545 576 1616 τῷ
631 1545 854 1616 πλησίον
900 1545 1086 1610 αὑτοῦ,
1125 1546 1218 1597 καὶ
1269 1547 1369 1598 οὐκ
1412 1545 1638 1598 ἀθετῶν.
1705 1547 1814 1598 Καὶ

212 1636 533 1705 ὀνειδισμὸν
560 1636 660 1688 οὐκ
690 1635 878 1687 ἔλαϐεν
911 1636 1002 1687 ἐπὶ
1033 1637 1158 1698 τοὺς
1187 1636 1414 1704 ἔγγιστα
1443 1636 1630 1689 αὑτοῦ.
1661 1657 1677 1687 ι
1756 1637 1812 1690 Ὀ

214 1729 614 1798 ἀνεπιλήπτως
676 1727 823 1798 βιοὺς
875 1727 1210 1798 ὀνειδισμοὺς
1272 1729 1332 1781 οὐ
1391 1728 1656 1798 λαμϐάνει
1721 1731 1812 1782 ἐπὶ

1924 549 2195 603 hominem
2223 561 2276 600 et
2299 547 2596 602 secundum
2625 549 2976 613 exteriorem,
3009 549 3076 602 ah
3108 552 3255 605 omni
3292 553 3498 607 malitia

1919 650 1972 693 et
1998 640 2116 692 labe
2146 638 2358 690 alienus
2387 649 2568 702 est,et
2591 655 2809 696 onmem
2836 639 3089 694 virtutem
3123 651 3424 706 assecutus,
3455 644 3499 696 is

1919 729 2126 798 estqui
2178 729 2482 799 ingreditur
2516 729 2638 784 sine
2688 729 2902 788 macula
2943 739 3000 786 et
3035 740 3297 801 operatur
3344 731 3500 802 justi-

1921 821 2074 875 Iliun.

1995 908 2157 962 Vitas.
2191 907 2246 961 5.
2279 905 2383 972 Qui
2409 922 2511 960 non
2560 907 2662 976 egit
2692 907 2874 962 dolum
2906 908 2960 961 in
3013 909 3193 978 lingua
3241 925 3363 972 sua,
3407 925 3498 964 nec

1919 999 2041 1066 [erit
2067 999 2308 1066 proximo
2329 1014 2425 1052 suo
2452 997 2670 1063 malum,
2703 1009 2810 1054 etc.
2842 998 2998 1056 Sicut
3022 1001 3228 1055 faciunt
3261 1001 3494 1055 ministri

1921 1090 2157 1152 Satanae,
2193 1089 2409 1156 quando
2441 1088 2900 1146 transformamur
2935 1089 2988 1144 in
3034 1091 3310 1148 ministros
3336 1093 3498 1162 justi-

1921 1181 2025 1233 the.
2063 1197 2082 1232 ι
2116 1178 2224 1234 Nec
2257 1179 2384 1234 fecit
2418 1179 2669 1248 proximo
2706 1195 2805 1234 suo
2835 1179 3057 1236 malum.
3101 1198 3120 1232 ι
3157 1181 3270 1238 Nisi
3306 1200 3497 1240 οιιιηρε

1919 1271 2166 1326 homines
2215 1271 2324 1325 sint
2365 1271 2624 1340 proximi.
2673 1286 2779 1325 non
2821 1281 2965 1327 vetat
3001 1273 3100 1326 hoc
3142 1272 3262 1330 loco
3293 1277 3492 1332 malum

1919 1363 1986 1416 iis
2008 1363 2121 1416 lteri
2153 1362 2244 1430 qui
2278 1377 2383 1414 non
2407 1370 2534 1415 sunt
2565 1362 2816 1429 proximi.
2854 1361 2997 1415 Idem
3031 1363 3316 1421 dicendum
3347 1376 3400 1420 ct
3429 1367 3495 1418 de

1919 1455 2002 1508 his
2041 1472 2054 1507 :
2091 1471 2110 1503 ι
2144 1453 2243 1518 Qui
2271 1452 2422 1520 jurat
2468 1453 2718 1520 proximo
2758 1468 2877 1518 Suo,
2925 1461 2978 1510 et
3013 1469 3118 1506 non
3153 1454 3374 1522 decipit.
3431 1457 3494 1511 Et

1917 1545 2268 1615 opprobriuttt
2305 1561 2409 1597 non
2440 1544 2650 1612 accepit
2674 1545 2936 1600 adversus
2969 1545 3247 1614 proximos
3279 1562 3422 1600 suos.
3470 1568 3487 1600 ι

1917 1638 2076 1708 597
2109 1637 2209 1703 Qui
2246 1637 2514 1704 inculpate
2545 1635 2697 1696 vivit,
2719 1637 3011 1704 Opprobria
3046 1652 3148 1692 nou
3180 1635 3375 1705 accipit
3401 1641 3493 1690 ad-

1915 1745 2104 1785 versus
2163 1729 2441 1796 proximos
2496 1741 2643 1784 suos.
2676 1726 2776 1793 Qui
2809 1727 2861 1780 in
2914 1727 3146 1796 proximi
3184 1727 3492 1783 calamitate

215 1819 354 1880 τοὺς
408 1818 633 1886 ἔγγιστα
685 1817 886 1870 αὐτοῦ’
941 1819 970 1870 ὁ
1023 1820 1080 1872 ὲν
1136 1821 1391 1890 συμφορᾷ
1436 1819 1529 1872 τοῦ
1583 1820 1798 1891 πλησίω.

1912 1835 2017 1875 non
2041 1829 2348 1887 exasperat,
2379 1832 2477 1877 nec
2509 1817 2722 1876 hetatur
2745 1819 2811 1872 de
2840 1817 3018 1875 alieno
3038 1817 3210 1887 lapsu,
3243 1819 3336 1875 sed
3361 1835 3459 1875 con
3479 1847 3492 1858 -

220 1909 303 1978 μὴ
340 1911 808 1979 ἐπικερτομήσας,
870 1909 1004 1981 μηδὲ
1054 1911 1338 1981 ὲπιχαρεὶς
1374 1909 1623 1982 πτώματι
1658 1912 1812 1965 ἀλλο·

215 1999 382 2070 τρίῳ,
416 2000 552 2054 ἀλλὰ
584 2001 894 2070 συναλγῶνο
929 2004 962 2072 ἢ
989 2005 1017 2055 6
1049 2001 1122 2074 μή
1149 2002 1413 2068 ὀνειδίσας
1441 2003 1532 2056 τὸν
1562 2004 1806 2072 ἔγγιστα,

215 2091 298 2154 ὡς
339 2094 368 2144 ὁ
400 2093 690 2164 Φαρισαῖος
734 2094 824 2146 τὸν
853 2093 1112 2164 τελώνην,
1143 2092 1174 2162 ἦ
1210 2095 1238 2145 ὁ
1265 2093 1338 2164 μὴ
1366 2094 1679 2158 ὀνειδισθεὶς
1717 2095 1808 2147 ἐπὶ

215 2185 336 2244 τοῖς
385 2181 643 2250 ἔγγιστα,
689 2183 762 2247 ώς
805 2184 833 2234 ὁ
878 2184 1026 2238 Ἠλεὶ
1078 2186 1169 2238 ἐπὶ
1211 2187 1321 2247 τοῖς
1371 2185 1608 2249 τέκνοις,
1655 2184 1806 2256 ἥκαὶ

222 2272 415 2336 ἁπλῶς
447 2277 474 2328 ὁ
510 2274 888 2346 ἀνεπιλήπτως
922 2276 1089 2346 βιούς.

779 2454 1070 2507 ΨΑᾹΜΟΣ
1115 2455 1214 2507 ΙΕ¹.

293 2546 576 2609 Φύλιιξέν
598 2564 693 2614 με,
737 2547 932 2614 Κύριε,
970 2545 1058 2598 ὅτι
1093 2546 1188 2598 ἐπὶ
1222 2547 1318 2598 σοι
1368 2545 1621 2612 ἤλπισα.
1657 2541 1811 2598 Εἷπα

221 2636 304 2703 τῷ
322 2639 536 2705 Κυρίῳ·
556 2640 769 2706 Κύριός
779 2658 899 2707 μου
919 2637 976 2694 εἷ
992 2639 1095 2701 σὺ,
1121 2638 1207 2691 ὅτι
1224 2638 1343 2691 τῶν
1357 2638 1593 2708 ἀγαθῶν
1602 2656 1720 2707 μου
1738 2639 1808 2690 οὐ

221 2731 433 2799 χρείαν
457 2731 637 2798 ἔχεις,
665 2748 718 2784 κ.
752 2747 802 2783 τ.
844 2733 889 2784 ὲ.
940 2731 1028 2794 Ὠς
1070 2730 1346 2800 πολεμίων
1380 2730 1493 2799 (26)
1525 2727 1807 2797 ἐπικειμέ-

1910 1911 2073 1965 dolet.
2112 1910 2230 1976 Vel,
2267 1909 2358 1976 qui
2392 1925 2496 1966 non
2533 1910 2825 1977 exprobrat
2862 1909 3109 1977 proximo
3138 1911 3494 1977 quemadmo-

1907 2003 2034 2056 dum
2071 2003 2419 2071 exprobravit
2459 2003 2766 2060 Pharisaztts
2805 1999 3113 2069 publicano,
3156 2000 3236 2057 vel
3279 2001 3367 2069 qui
3418 2001 3490 2053 ob

1906 2095 2212 2164 proximum
2245 2109 2349 2149 nou
2387 2093 2601 2162 accepit
2625 2091 3001 2161 approbriutn,
3029 2091 3481 2158 quemadmodum

1907 2183 2024 2239 lleli
2064 2185 2134 2238 ob
2160 2183 2300 2240 ﬁlios
2329 2198 2480 2248 suos,
2528 2181 2611 2237 vel
2636 2182 2800 2237 etiam
2824 2179 3172 2250 simpliciter,
3196 2179 3286 2250 qui
3317 2181 3488 2237 incul-

1906 2284 2030 2345 pate
2065 2275 2220 2330 vixit.

2365 2433 2377 2444 ⁴
2459 2449 2778 2509 psaruus
2820 2450 2936 2508 xv.

1972 2544 2136 2600 Vens.
2159 2543 2272 2606 με.
2289 2543 2550 2598 Conserva
2571 2560 2668 2608 nte,
2694 2542 2928 2603 Domine.
2949 2544 3194 2607 quoniam
3212 2544 3414 2604 speravi
3433 2544 3485 2596 in

1908 2651 1975 2690 lc.
2002 2639 2118 2691 Dixi
2137 2637 2362 2690 Domino
2384 2653 2403 2690 :
2432 2637 2570 2689 Deus
2601 2653 2742 2688 meus
2769 2652 2820 2687 es
2855 2651 2934 2698 tu,
2953 2636 3200 2702 quoniam
3229 2636 3484 2688 bonorum

1906 2748 2138 2784 ineorum
2165 2748 2268 2784 non
2286 2748 2424 2802 eges,
2450 2741 2555 2786 etc.
2582 2729 2862 2798 Tanquam
2894 2727 3127 2782 inimicis
3159 2729 3486 2782 instantibus

221 2838 328 2872 νων
356 2821 502 2888 λέγει
522 2839 534 2851 ·
569 2842 585 2873 ι
613 2822 848 2887 Φύλαξύν
881 2840 968 2893 με,
998 2844 1016 2875 ι
1058 2821 1264 2892 Ἰησοῦς
1280 2821 1336 2874 δὲ
1361 2822 1419 2874 ὲν
1444 2821 1522 2890 τῷ
1550 2821 1798 2892 προφήτῃ

1910 2823 1982 2877 ait
2021 2845 2034 2879 ;
2077 2842 2094 2873 ι
2133 2821 2408 2877 Conserva
2445 2836 2548 2875 me.
2590 2840 2607 2872 ι
2645 2817 2804 2875 Jesus
2844 2829 3024 2871 autem
3069 2819 3207 2887 apud
3252 2821 3483 2888 prophe«

220 2913 388 2981 λέγει·
409 2914 465 2966 '0
495 2915 586 2966 επὶ
605 2913 684 2984 τῷ
709 2915 898 2986 Κυρίῳ
921 2915 1154 2980 ἐλπίζων
1181 2916 1274 2970 καὶ
1296 2914 1388 2966 ἐπὶ
1417 2913 1604 2984 μηδενὶ
1632 2911 1798 2982 ἄλλῳ,

224 3007 556 3076 φυλάσσεται
587 3009 677 3061 ὑπ’
708 3007 893 3062 αὑτοῦ.
928 3010 1117 3073 Οὐδεὶς
1139 3009 1195 3062 δὲ
1227 3007 1556 3079 ἁμαρτάνων
1579 3005 1800 3058 δύναται

221 3099 586 3171 ἐπαληθεῦσαι
608 3103 673 3171 τῇ
707 3102 878 3169 φωνῇ.
906 3099 1100 3162 Δοῦλος
1121 3098 1231 3170 γάρ
1253 3098 1329 3150 ῶν
1354 3093 1421 3169 ἦς
1449 3098 1593 3149 ποιεῖ
1623 3097 1800 3166 ἁμαρ-

219 3193 359 3254 τίας.
394 3193 454 3244 ού
493 3191 711 3244 δύναται
743 3189 1013 3244 δουλεύειν
1043 3189 1182 3260 Θεῷ.
1222 3191 1280 3243 '0
1310 3189 1366 3242 δὲ
1399 3187 1477 3258 τῷ
1514 3184 1800 3257 πραττικῷ

222 3283 315 3334 καὶ
344 3282 602 3353 θεωρητῷ
651 3283 750 3352 βίῳ
796 3284 1002 3353 στήσας
1040 3282 1242 3351 στήλην
1297 3281 1420 3351 βοᾷο
1484 3298 1501 3330 t
1538 3276 1683 3334 Εἷπα
1721 3279 1798 3350 τῷ

223 3373 432 3443 Κυρίῳο
454 3374 658 3445 Κύριός
687 3392 790 3444 μου
817 3371 867 3427 εἷ
900 3374 986 3427 σύο
1020 3394 1037 3425 ι
1065 3375 1158 3427 καὶ
1185 3376 1248 3426 ἐκ
1279 3373 1386 3426 τῶν
1416 3371 1522 3425 σῶν
1552 3372 1796 3442 δομάτων

225 3466 483 3535 προσάγω
516 3483 596 3518 σοι
643 3466 814 3535 δῶρα,
851 3467 949 3536 οὐχ
978 3466 1054 3528 ὡς
1092 3464 1280 3517 ἐνδεεῖ.
1329 3463 1517 3526 Ούδεὶς
1547 3463 1655 3532 γὰρ
1687 3462 1796 3514 τῶν

225 3556 514 3626 αἱρετικῶν
543 3557 704 3610 τοῦτο
741 3557 916 3625 λέγων
945 3557 1254 3627 ἀληθεύσει.
1289 3556 1362 3609 Ού
1408 3556 1566 3626 μόνον
1605 3555 1662 3607 δὲ
1702 3554 1796 3606 ἐπὶ

221 3645 324 3698 τῶν
349 3647 621 3718 αἰσθητῶς
645 3647 1090 3720 προσαγομένων,
1117 3645 1251 3698 ἀλλὰ
1272 3645 1366 3697 καὶ
1387 3643 1793 3714 πνευματικῶς,

224 3739 582 3808 προσενεκτέα
615 3741 647 3808 ἡ
691 3739 864 3807 φωνή.
892 3736 1009 3791 Κᾶν
1045 3735 1152 3808 γὰρ
1179 3735 1376 3806 ἀρετὰς
1399 3735 1788 3805 ἱερουργῶμεν·

223 3831 318 3884 κᾶν
344 3831 410 3884 τὰ
449 3831 654 3884 ἑαυτῶν
698 3831 926 3901 σώματα
962 3829 1050 3882 διὰ
1085 3828 1382 3891 παντελοῦς
1414 3827 1790 3898 σωφροσύνης,

221 3921 395 3990 τσμεν,
432 3921 514 3974 ὅτι
547 3920 759 3990 δέχεται
794 3921 951 3974 τοῦτο
983 3923 1012 3974 ὁ
1052 3921 1185 3983 Θεὸς
1219 3921 1319 3972 οὐκ
1354 3921 1433 3983 εἰς
1469 3920 1604 3972 ἰδίαν
1645 3920 1790 3989 ὠφέ-

219 4011 378 4077 λειαν,
411 4012 523 4064 ἀλλ’
557 4014 706 4076 ὅπως
746 4014 876 4082 ἡμῖν
904 4011 980 4082 δῷ
1012 4011 1081 4065 τὰ
1128 4012 1188 4078 ἐξ
1224 4010 1455 4082 ούρανοῦ
1487 4010 1668 4079 ἀγαθά
1708 4013 1792 4067 αἰ-

219 4104 394 4158 τοῦσιν
420 4105 577 4160 αὐτά.

293 4279 396 4334 Τοῦ
429 4279 636 4333 αὐτοῦ.
673 4281 734 4332 Εἰ
765 4280 944 4348 ἀγαθά
989 4283 1160 4335 πᾶσαι
1194 4281 1385 4350 ἀρεταὶ
1417 4281 1548 4350 (27),
1599 4281 1788 4352 χρῄζει

221 4372 273 4424 δὲ
300 4374 329 4442 ἡ
356 4371 554 4439 γνῶσις
571 4370 680 4424 τῶν
703 4373 934 4442 ἀρετῶν,
954 4373 1171 4426 πάντων
1198 4373 1304 4444 ἄρα
1321 4373 1511 4444 χρῄζει
1533 4372 1641 4428 τῶν
1660 4374 1790 4441 ἀγα·

222 4463 369 4534 θῶνὴ
394 4462 612 4531 γνῶσις.
639 4464 746 4516 Καὶ
767 4466 972 4534 μήποτε
1000 4464 1182 4532 ἀγαθὰ
1201 4467 1414 4536 εἴρηται
1432 4465 1500 4518 τὰ
1533 4465 1695 4536 μέσα,
1712 4463 1787 4520 ὧν

223 4555 252 4624 ἡ
283 4553 453 4606 δικαία
483 4555 675 4624 χρῆσις
706 4555 853 4624 ἡμᾶς
893 4554 1132 4622 ἀγαθοὺς
1161 4556 1254 4609 καὶ
1293 4557 1353 4608 ού
1390 4557 1480 4608 τὸν
1522 4557 1655 4612 Θεὸν
1689 4558 1783 4626 ἐρα

222 4644 451 4713 γάζεται.
485 4665 501 4695 ι
534 4646 594 4697 Εἰ
625 4665 642 4693 ι
675 4645 783 4716 γὰρ
816 4664 833 4695 ι
862 4645 932 4698 τά
957 4645 1160 4713 ἀγαθὰ,
1192 4667 1209 4696 ι
1245 4648 1408 4716 φησὶν
1445 4646 1586 4714 Ἰὼϐ,
1623 4667 1642 4698 σ
1673 4649 1786 4702 ἐδε-
1839 4653 1843 4656 ’

224 4734 414 4803 ξάμεθα
443 4737 506 4788 ἐκ
530 4736 708 4806 χειρὸς
745 4737 970 4806 Κυρίου,
997 4737 1065 4791 τὰ
1094 4738 1240 4790 κακᾶ
1266 4738 1363 4807 οὐχ
1386 4739 1680 4808 ὑποξσομεν
1705 4756 1720 4801 ;
1756 4758 1776 4795 ι

233 4821 478 4875 Ἐνταῦθα
509 4822 617 4892 γὰρ
648 4823 828 4890 ἀγαθά
859 4823 926 4876 τὰ
951 4825 1261 4896 ὑπάρχοντα
1291 4827 1592 4896 ὠνόμασεν,
1637 4829 1779 4899 ἅπερ

223 4913 355 4982 παρὰ
387 4913 481 4983 τὴν
511 4915 704 4984 χρῆσιν
733 4916 830 4985 τήν
860 4915 1030 4986 καλὴν
1057 4917 1264 4983 γίνεται
1299 4917 1500 4985 ἀγαθά.

289 5002 406 5069 Τοῖς
432 5005 620 5072 ἁγίοις
661 5005 783 5070 τοῖς
809 5006 877 5058 ἐν
908 5004 981 5073 τῇ
1019 5005 1096 5074 γῇ
1121 5006 1309 5060 αὑτοῦ
1345 5009 1776 5076 ἐθαυμάστωσε

221 5093 397 5146 πάντα
428 5093 497 5146 τὰ
538 5093 837 5163 θελήματα
861 5095 1046 5149 αὑτοῦ
1071 5097 1140 5148 ἐν
1176 5095 1398 5162 αὐτοῖς.
1446 5099 1776 5167 Ἐπληθύν-

223 5187 398 5250 θησαν
415 5187 475 5236 (ιὶ
498 5185 799 5240 ἀσθένειαι
827 5187 1045 5251 αὐτῶν,
1064 5188 1214 5257 μετὰ
1243 5187 1431 5242 ταῦτα
1451 5189 1772 5260 ἐτὰχυναν,

224 5289 268 5326 κ.
305 5290 350 5326 τ.
394 5275 438 5326 ἑ.
489 5275 544 5326 Ὀ
589 5276 908 5346 ἁμαρτωλὸς
940 5277 1051 5344 (9.8)
1100 5277 1204 5342 ἔξω
1243 5277 1342 5344 τῆς
1381 5279 1484 5348 γῆς
1519 5282 1632 5333 ἐστι
1680 5282 1773 5335 τοῦ

284 5388 322 5418 ⁸⁸
349 5386 463 5442 Job.
503 5404 540 5441 ll
567 5428 584 5454 ,
621 5389 706 5443 10.

420 5476 479 5548 7'0
509 5480 658 5548 κατὰ
690 5479 816 5548 τόν,
845 5488 950 5530 elc.
979 5479 1155 5532 (Index
1192 5478 1538 5542 Anglicanus.

283 5545 382 5612 (25)
417 5547 509 5611 Ὡς
535 5547 631 5600 καὶ
655 5550 708 5599 οἱ
725 5547 1009 5608 διάκενα,
1037 5557 1142 5599 etc.
1175 5549 1353 5600 Codex
1386 5550 1768 5604 Cnisliniauus.

285 5615 383 5686 (26)
424 5617 519 5682 Ὠς
574 5619 909 5686 πολεμίων,
952 5628 1056 5671 etc.
1111 5616 1440 5684 Cot'derius,
1493 5630 1548 5672 et
1599 5623 1768 5674 codex

223 5686 573 5742 Coislinianus.

289 5756 385 5826 (27)
408 5757 476 5811 El
501 5758 690 5829 ἀγαθὰ
713 5755 896 5815 πᾶσαι
928 5759 1148 5830 ἀρεταί,
1177 5768 1281 5813 ctc.
1311 5757 1533 5814 Scheda:
1558 5757 1762 5814 Grabii.

1911 2925 2017 2968 tam
2045 2913 2176 2969 dicit
2214 2932 2226 2969 :
2263 2913 2363 2982 Qui
2401 2914 2452 2966 in
2497 2912 2742 2975 Domino,
2781 2926 2879 2966 ιιι-ο
2921 2911 2975 2966 in
3012 2910 3120 2964 ullo
3147 2910 3250 2964 alio
3285 2919 3483 2980 sperat,

1909 3008 2211 3063 custoditur
2241 3007 2307 3060 ab
2337 3006 2449 3061 illo.
2483 3006 2552 3060 At
2581 3005 2758 3059 nullus
2788 3012 3039 3074 peccator
3062 3019 3190 3060 vere
3225 3005 3364 3058 hanc
3392 3021 3485 3059 vo-

1907 3115 2023 3156 ccm
2068 3097 2424 3168 pronuntiare
2468 3105 2666 3165 potest.
2696 3096 2828 3149 Cum
2855 3094 3002 3148 enim
3043 3109 3234 3149 servus
3275 3095 3485 3162 sitejus

1906 3191 2046 3260 quod
2077 3191 2228 3254 facit,
2253 3189 2480 3261 peccati,
2510 3203 2615 3242 non
2645 3196 2818 3255 potest
2846 3187 2954 3239 Deo
2982 3189 3209 3242 servire.
3229 3186 3277 3240 Is
3301 3199 3482 3241 autem

1906 3281 1994 3347 qui
2028 3281 2284 3348 practica:
2318 3289 2371 3334 et
2402 3279 2838 3350 contentplativie
2865 3279 2989 3331 vita:
3019 3276 3326 3330 columnam
3361 3293 3482 3332 ere-

1909 3372 2007 3436 xit,
2035 3371 2270 3426 clamat:
2311 3388 2330 3422 (
2367 3371 2482 3424 Dixi
2520 3371 2746 3426 Domino
2775 3389 2787 3423 :
2824 3372 2961 3424 Deus
2990 3384 3142 3423 meus
3167 3384 3227 3423 es
3259 3379 3346 3433 tu;
3385 3388 3401 3420 ι
3432 3381 3483 3424 et

1906 3467 1971 3522 dc
2005 3463 2162 3518 donis
2193 3463 2298 3517 tuis
2331 3477 2554 3516 munera
2585 3463 2680 3516 tibi
2715 3462 2883 3517 oli'ero
2905 3503 2920 3528 ,
2975 3477 3080 3515 non
3115 3471 3371 3530 tanquam
3405 3463 3482 3518 in—

1903 3555 2124 3624 digenti.
2159 3554 2328 3610 Nemo
2357 3555 2500 3609 enim
2527 3554 2903 3609 h=ereticorum
2934 3555 3035 3608 hoc
3067 3555 3269 3617 dicens,
3296 3571 3482 3610 verum

1902 3645 2160 3714 proferet.
2192 3643 2308 3700 Non
2335 3645 2508 3702 solum
2539 3657 2717 3699 autem
2751 3647 2852 3701 hoc
2886 3645 2952 3699 de
2986 3646 3358 3713 sensibilibus,
3388 3649 3481 3702 sed

1901 3741 2063 3797 etiam
2105 3741 2172 3796 de
2216 3740 2552 3810 Spiritalibus
2595 3739 2964 3800 oblationibus
3009 3741 3480 3811 pronuntiamlum

1900 3841 2002 3888 est.
2032 3832 2165 3886 Nam
2201 3831 2325 3886 licet
2351 3831 2678 3887 saerilicium
2708 3831 2968 3886 virtutum
3002 3832 3390 3891 obtulerimns.
3418 3829 3480 3883 li-

1899 3934 1988 3980 cet
2025 3939 2255 3994 corpora
2291 3933 2477 3979 nostra
2525 3937 2622 3994 per
2667 3923 3034 3978 omnimodam
3087 3924 3476 3982 continentiam

1898 4014 2413 4079 sacriﬁcaverimus,
2447 4013 2648 4069 scimus
2676 4013 2727 4068 id
2757 4029 2864 4068 non
2895 4027 3120 4086 propter
3143 4029 3298 4069 suam
3333 4014 3478 4067 utili.

1901 4115 2064 4160 tatem
2095 4105 2262 4160 Deum
2294 4107 2540 4173 accipere
2567 4145 2580 4174 ,
2609 4106 2703 4160 sed
2737 4115 2794 4160 ut
2833 4105 2988 4161 nobis
3015 4106 3332 4182 petentibus
3363 4120 3474 4160 ca:-

1819 4215 1868 4271 ο
1896 4194 2050 4251 lestia
2084 4196 2224 4252 bona
2249 4197 2516 4252 conferat.

1963 4287 2240 4357 Ejusdem.
2285 4288 2340 4343 Si
2378 4290 2521 4345 inter
2566 4290 2707 4344 bona
2750 4298 3095 4346 suntomnes
3126 4288 3374 4352 virtutes,
3420 4299 3474 4342 et

1889 4380 2116 4438 scientia
2151 4381 2354 4451 indiget
2383 4381 2699 4448 virtutibus,
2728 4380 2982 4436 onmibus
3028 4391 3178 4435 certe
3215 4381 3373 4436 bonis
3399 4380 3478 4433 in-

1889 4471 2034 4541 diget
2059 4472 2309 4528 scientia.
2355 4473 2419 4528 Et
2451 4474 2571 4528 vide
2604 4489 2669 4528 ne
2708 4485 2858 4529 certe
2887 4473 2975 4527 hic
3007 4473 3154 4526 dicta
3193 4475 3302 4526 sint
3333 4473 3471 4525 bona

1889 4563 2065 4618 media
2113 4580 2343 4633 quorum
2387 4564 2534 4633 jnsta
2579 4567 2853 4634 possessio
2897 4581 2997 4620 nos
3035 4564 3218 4635 jnstos
3261 4573 3314 4617 et
3365 4580 3470 4618 non

1889 4651 2058 4709 Deum
2078 4654 2286 4724 justum
2321 4657 2517 4712 reddit.
2552 4676 2570 4709 ι
2609 4658 2666 4712 Si
2698 4658 2843 4712 enim
2874 4658 3038 4722 bona,
3076 4655 3250 4726 inquit
3271 4653 3373 4709 Job
3402 4655 3474 4720 δ’,

1886 4748 2232 4818 Suscepimus
2261 4749 2328 4806 de
2357 4765 2516 4804 manu
2567 4749 2800 4817 Domini,
2834 4751 2972 4803 mala
3021 4765 3127 4802 non
3179 4745 3471 4800 sustinebi-

1885 4841 2048 4896 mus?
2083 4861 2100 4892 ι
2139 4842 2226 4900 ubi
2265 4843 2528 4898 bonorum
2553 4844 2770 4901 nomine
2799 4841 3008 4896 vocavit
3038 4838 3323 4892 facultates
3352 4853 3471 4907 quae

1882 4944 1946 4988 ex
1981 4930 2122 4986 bono
2154 4948 2251 4986 usu
2285 4933 2421 4992 ﬁunt
2450 4934 2624 4988 bonae.

1956 5020 2114 5076 Vens.
2143 5023 2196 5088 3,
2232 5023 2285 5076 4.
2326 5023 2538 5078 Sanctis
2565 5023 2656 5092 qui
2695 5031 2814 5074 sunt
2849 5021 2903 5073 in
2939 5031 3080 5073 terra
3127 5019 3245 5089 ejus
3278 5018 3468 5080 miri/i-

1883 5113 2014 5163 cauit
2047 5129 2222 5168 omnes
2252 5113 2545 5166 voluntates
2577 5130 2702 5166 sua;
2731 5113 2782 5164 in
2811 5112 2910 5165 eis.
2943 5109 3316 5176 Multiplicala:
3347 5120 3466 5162 sunt

1887 5201 2226 5268 inﬁrmitates
2259 5220 2470 5270 eorum,
2505 5218 2682 5272 postea
2711 5203 3163 5264 accelerat-erunt,
3197 5209 3303 5253 ete.
3338 5198 3467 5252 Pce-

1886 5301 2040 5346 cator
2065 5305 2146 5348 est
2175 5305 2331 5348 extra
2360 5305 2558 5349 terram
2592 5293 2710 5360 Dei,
2757 5303 2812 5346 ut
2855 5293 2941 5346 cui
2975 5309 3080 5346 non
3111 5291 3346 5346 ostendit
3374 5290 3470 5343 mi-

1955 5487 2066 5555 (28)
2112 5491 2165 5540 Ὁ
2193 5489 2534 5558 ἁμαγτωλιές
2565 5529 2578 5553 ,
2630 5502 2732 5544 etc.
2788 5489 3000 5542 Initium
3053 5487 3212 5558 liapct
3259 5486 3463 5558 corde-

1885 5550 1998 5610 rius
2023 5550 2194 5629 usque
2226 5550 2434 5613 ad'lnee
2473 5550 2633 5613 verba
2675 5577 2688 5612 :
2721 5561 2978 5629 ζητήσεις
3004 5559 3051 5610 εἰ
3083 5550 3262 5629 οὗτοι..Δ
3308 5557 3450 5610 Beli--

1880 5643 1982 5696 qua
2012 5628 2233 5695 (iri-geni
2262 5629 2450 5682 tribuit
2477 5631 2646 5683 codex
2665 5627 3047 5691 Coislit'tianus,
3078 5644 3197 5697 qua:
3224 5627 3460 5684 Eusebio

1880 5709 1931 5754 ct
1957 5698 2246 5755 Theodoro
2273 5699 2494 5755 ascribit
2525 5700 2712 5755 Daniel
2741 5699 3031 5755 Barbarus.
