3942 6216
259 311 405 369 ηις)

1266 291 1576 350 SELECTA
1617 289 1682 346 IN
1720 288 2145 347 PSALMOS.——
2169 286 2362 344 PSAL.
2403 281 2514 340 XV.

3375 279 3514 334 l2”

245 425 406 497 μίαν
440 438 559 491 μου
609 415 759 488 ἐμοὶ,
822 433 876 468 κ.
925 430 974 466 τ.
1011 413 1058 465 έ.
1099 407 1452 481 κληρονομία
1480 406 1693 477 φύσεως
1736 407 1841 476 (30)

1953 405 2248 460 llzereditas
2293 411 2500 457 naturae
2526 397 2738 454 ratione
2779 393 2979 449 utentis
3005 400 3087 448 est
3112 376 3513 463 praeteritorum

255 495 491 580 λογικῆς
514 510 661 560 ἐστιν
692 506 725 576 ἡ
771 501 974 572 Θεωρία
1008 498 1115 552 τῶν
1146 498 1450 567 γεγονότων
1492 497 1584 548 καὶ
1619 495 1725 548 τῶν
1752 512 1843 564 γε-

255 601 576 672 νησομένων
599 594 809 650 αίώνων
833 611 846 624 ο
880 590 1212 664 κληρονομία
1237 589 1294 642 δὲ
1318 587 1556 660 Χριστοῦ
1584 590 1617 658 ἡ
1645 586 1843 656 γνῶσις

253 693 359 747 τοῦ
397 689 554 744 Θεοῦ.
604 688 691 752 Ὠς
717 685 1006 758 ἀρχιερεὺς
1032 682 1207 737 ταῦτά
1237 697 1402 752 φησιν
1435 682 1462 733 6
1498 679 1752 751 Χριστὸς,
1781 673 1842 733 οῦ

262 783 428 857 μερὶς
468 780 691 852 Κύριος.
722 778 786 831 Εἰ
822 777 977 849 μερὶς
1003 773 1262 845 ποτηρίου
1293 773 1517 846 Κύριος,
1559 773 1592 844 ἢ
1636 767 1843 836 οὗτινος

258 878 294 930 6
327 873 552 945 Κύριος,
577 871 813 942 Χριστοῦ
846 868 1003 940 μερὶς
1039 866 1135 938 μὲν
1158 865 1258 934 τῆς
1285 865 1647 937 κληρονομίας
1675 866 1703 918 6
1734 865 1844 918 Πα-

259 967 391 1038 τὴρ,
420 967 454 1035 ἡ
488 964 718 1036 μείνασα
755 959 932 1030 αὐτῷ’
977 959 1158 1012 λοιπὸν
1188 958 1244 1010 δὲ
1285 959 1383 1029 τῆς
1415 957 1778 1028 κληρονομίας
1814 957 1843 1008 6

263 1055 776 1124 ἀποκαθιπάμενος
817 1051 964 1122 αὐτῷ
1006 1050 1132 1113 λαὸς
1170 1050 1278 1104 ἀπὸ
1301 1047 1391 1102 τοῦ
1419 1047 1575 1102 Θεοῦ.
1611 1048 1842 1100 Δύναται

262 1148 322 1200 δὲ
346 1146 477 1218 περὶ
504 1143 599 1198 τοῦ
640 1143 848 1214 Πατρὸς
877 1143 1165 1213 ἀμφότερα
1192 1141 1468 1210 λέγεσθαι,
1500 1141 1591 1192 καὶ
1620 1138 1679 1191 rb
1704 1136 1842 1192 εἶναι

262 1239 429 1294 αὑτὸν
457 1234 898 1291 ἀποκαθιστάντα
933 1233 1296 1306 κληρονομίαν
1345 1230 1521 1301 ἐαυτῷ
1559 1229 1699 1300 μετά
1742 1229 1842 1298 τὴν

265 1330 518 1382 κένωσιν.
571 1327 664 1380 Ἥο
717 1325 992 1398 Ὑπερὸἀς
1030 1322 1267 1377 διαθέσει
1315 1321 1406 1374 τὸν
1449 1320 1673 1389 κόσμον,
1721 1317 1842 1372 τίνα

265 1422 403 1491 σχῇς
449 1419 656 1490 μερίδα·
675 1417 814 1488 πλὴν
846 1415 942 1471 τοῦ
971 1414 1211 1486 κυρίους
1243 1411 1350 1466 Τοῦ
1381 1411 1489 1483 γὰρ
1519 1413 1683 1464 πᾶσιν
1711 1411 1843 1464 ἀπο-

260 1510 600 1581 τασσομένου
643 1510 705 1562 τὸ
746 1508 943 1576 λέγειν’
994 1525 1012 1558 ι
1051 1505 1227 1576 Μερίς
1273 1521 1374 1574 μου
1403 1503 1430 1554 ὁ
1462 1502 1593 1566 Θεὸς
1635 1503 1715 1564 εἰς
1750 1501 1842 1553 τὸν

262 1602 459 1656 αίῶνα.
502 1620 519 1651 ι
555 1599 763 1653 Γίνεται
795 1598 850 1651 δὲ
879 1599 971 1652 καὶ
998 1598 1160 1668 ἄρτος
1184 1597 1212 1647 6
1232 1594 1454 1666 Κύριος,
1481 1591 1737 1662 παρέχων
1765 1591 1842 1644 δι-

259 1692 581 1754 δασκαλίαν,
619 1692 712 1746 καὶ
740 1689 1010 1762 στηρίζων
1037 1687 1130 1740 τοῦ
1164 1686 1430 1747 ἐσθίοντος
1457 1683 1554 1754 τὴν
1591 1681 1834 1754 καρδίαψ

1944 503 1998 547 ει
2045 493 2346 548 futurorum
2396 487 2715 546 saeculorum
2750 482 3177 553 contemplatio;
3221 481 3516 536 ltzereditas

1945 599 2070 639 vero
2101 582 2309 638 Christi
2341 590 2424 636 est
2455 577 2694 650 cognitio
2722 577 2837 630 Dei.
2867 573 2984 628 Hoc
3012 573 3140 628 dicit
3162 571 3411 627 Christus
3456 578 3518 625 ut

1944 689 2188 730 summus
2224 675 2501 737 sacerdos,
2537 672 2691 739 cujus
2721 682 2846 738 pars
2875 664 3136 719 Dominus
3167 673 3270 718 est.
3307 661 3363 718 Si
3391 678 3518 731 pars

1943 765 2129 821 calicis
2160 775 2241 821 est
2269 765 2553 828 Dominus,
2588 762 2670 814 vel
2705 762 2750 815 is
2780 756 2935 826 cujus
2970 765 3053 812 est
3085 754 3376 818 Dominus,
3407 755 3517 808 bae-

1946 856 2190 912 reditatis
2209 856 2424 927 quidem
2444 853 2644 911 Christi
2662 867 2788 922 pars
2812 863 2933 918 quae
2964 848 3031 902 ab
3065 848 3181 917 ipso
3217 845 3380 916 599
3409 859 3514 898 non

1943 945 2239 1009 divellitur,
2262 953 2343 999 est
2372 943 2531 996 Pater
2554 957 2569 1004 ;
2596 940 2811 995 residua
2832 949 3010 994 autem
3039 937 3371 992 litereditatis
3394 951 3518 1004 pars

1945 1047 2027 1093 est
2058 1037 2284 1106 populus
2305 1035 2396 1104 qui
2434 1033 2482 1088 ei
2512 1047 2541 1085 a
2573 1029 2742 1085 Patre
2765 1029 3085 1083 restituitur.
3119 1026 3302 1081 Potest
3334 1034 3515 1078 autem

1944 1131 2009 1186 de
2041 1128 2199 1182 Patre
2231 1135 2520 1194 utrumque
2549 1123 2679 1188 dici,
2708 1122 2994 1190 ipsumque
3021 1132 3143 1173 esse
3178 1119 3268 1186 qui
3299 1116 3399 1172 sibi
3433 1129 3519 1170 re-

1948 1220 2123 1276 stituit
2157 1216 2551 1282 bmreditatem,
2576 1223 2858 1285 postquam
2887 1212 2977 1266 illa
3009 1209 3270 1280 spoliatus
3292 1216 3392 1263 est.
3421 1205 3516 1261 Vel

1944 1315 2022 1369 sic
2048 1332 2060 1367 :
2091 1312 2224 1368 Cum
2255 1320 2307 1366 te
2333 1323 2495 1379 supra
2525 1306 2782 1361 mundum
2805 1302 3000 1358 aﬂ‘ectu
3021 1300 3301 1365 extuleris,
3328 1314 3521 1369 quam-

1943 1421 2067 1462 nam
2101 1403 2328 1459 habebis
2359 1409 2589 1472 partem,
2617 1399 2720 1454 nisi
2750 1395 3067 1450 Dominum?
3092 1393 3220 1462 Ejus
3253 1391 3394 1447 enim
3426 1391 3518 1460 qui

1942 1497 2194 1552 omnibus
2227 1485 2474 1549 nuntium
2516 1490 2757 1554 remisit,
2788 1497 2872 1543 est
2903 1489 3128 1542 dicere:
3167 1503 3186 1536 ι
3231 1485 3363 1539 Pars
3398 1499 3518 1538 mea

1945 1587 2087 1641 Deus
2117 1585 2170 1638 in
2199 1592 2482 1638 aeternum.
2517 1599 2535 1632 ι
2565 1578 2654 1633 Fit
2693 1587 2874 1632 autem
2927 1577 3091 1632 etiam
3135 1575 3288 1643 panis
3336 1573 3519 1626 Domi-

1945 1691 2073 1737 nus,
2107 1673 2368 1728 exhibens
2412 1669 2716 1724 doctrinam
2739 1707 2755 1732 ,
2790 1674 2846 1720 et
2881 1663 3214 1719 conﬁrmans
3243 1676 3337 1716 cor
3364 1674 3519 1714 man-

264 1745 526 1854 πατέριον
547 1745 602 1835 δὲ
630 1745 769 1835 κατά
792 1745 1021 1852 θὲίυριαν
1053 1778 1153 1848 τῆς
1183 1745 1457 1848 ἀληθείας,
1491 1745 1726 1844 παρέχον
1754 1773 1841 1825 εὐσ-

1946 1765 2197 1821 dncantis
2236 1781 2250 1830 ;
2303 1762 2444 1818 calix
2494 1773 2625 1814 vero
2663 1758 2959 1814 secundum
3007 1752 3519 1823 contemplationem

266 1874 544 1947 (εςοσύνην
590 1874 686 1945 τῆς
731 1872 983 1942 γνώσεως
1023 1870 1101 1941 τῷ
1140 1870 1226 1924 διὰ
1261 1865 1708 1938 συγκαταθέσεως
1745 1864 1840 1916 πί-

263 1983 433 2020 νοντι.
476 1967 714 2036 Χορηγεῖ
742 1963 797 2016 δὲ
824 1961 983 2016 τοῦτο
1023 1961 1266 2032 ἄμπελος
1306 1962 1339 2030 ἡ
1367 1957 1615 2029 ἀληθινὴ,
1643 1955 1717 2020 ὡς
1749 1955 1840 2008 τὸν

268 2057 460 2111 πιόντα
495 2055 672 2126 λέγειν
727 2054 1114 2128 χαριστηρίως·
1165 2072 1183 2105 ι
1225 2053 1471 2115 Ἐδωκας
1503 2049 1842 2123 εὐφροσύνην

264 2150 345 2212 είς
372 2149 467 2219 τὴν
497 2147 721 2220 καρδίαν
753 2164 875 2218 μου.
904 2165 922 2197 ι

339 2242 582 2311 Σχοινια
608 2238 915 2294 ἐπέπεσὰν
937 2257 1040 2307 μοι
1073 2237 1143 2290 ἐν
1174 2235 1298 2301 τοῖς
1327 2235 1697 2300 malueram,
1740 2232 1839 2287 καὶ

267 2334 378 2400 γὰρ
407 2333 444 2399 ή
466 2331 834 2400 κληρονομία
851 2348 970 2399 μου
985 2329 1284 2395 καλλίστη
1297 2345 1400 2396 μοι
1417 2327 1608 2388 ἐστὶν,
1637 2343 1690 2378 κ.
1713 2342 1765 2377 τ.
1793 2325 1838 2376 ἑ.

267 2421 332 2473 Εἰ
363 2420 425 2474 τὸ
469 2420 697 2491 σχοινίον
733 2418 843 2490 (51)
879 2419 1074 2490 μέτρον
1114 2419 1250 2482 ἐστὶ,
1287 2416 1403 2479 πῶς
1448 2416 1754 2486 γέγραπται
1784 2415 1844 2466 ὲν

262 2509 344 2580 τῷ
375 2509 514 2564 κατά
551 2509 800 2580 Ἰωάννην
831 2507 1178 2578 Εὐαγγελίῳο
1229 2527 1246 2558 ι
1279 2507 1352 2559 Οὐ
1383 2505 1491 2576 γὰρ
1535 2508 1599 2558 ὲκ
1643 2504 1841 2576 μέτρου

263 2600 480 2654 δίδωσιν
507 2603 536 2654 6
564 2601 696 2663 Θεὸς
723 2601 782 2653 τὸ
804 2598 1037 2670 πνεῦμαο
1072 2618 1089 2650 ι
1123 2599 1216 2652 καὶ
1239 2599 1319 2663 rb,
1345 2618 1362 2648 (
1400 2596 1605 2668 Ἐκχεῶ
1624 2595 1731 2650 ἀπὸ
1748 2593 1843 2648 τοῦ

259 2691 575 2764 πνεύματός
611 2710 711 2762 μου
737 2708 752 2757 ;
787 2711 804 2741 ι
838 2692 908 2744 Ἤ
938 2691 1076 2760 τάχα
1105 2691 1166 2744 τὸ
1196 2690 1392 2762 μέτρον
1417 2689 1478 2742 οὐ
1507 2689 1642 2760 πρὸς
1673 2686 1843 2757 αὐτὴν

258 2785 366 2854 τὴν
385 2783 584 2852 γνῶσιν
612 2782 951 2852 ὀνομάζεται,
973 2781 1108 2834 ἀλλά
1133 2780 1286 2852 παρά
1308 2781 1397 2834 τὸν
1429 2781 1841 2851 ὑποδεχόμενον,

262 2874 350 2944 τῷ
376 2875 450 2945 μὴ
477 2869 613 2927 εἶναι
631 2873 792 2927 αὐτὸν
820 2873 1065 2943 μείζονος
1087 2871 1353 2925 δεκτικόν.
1374 2873 1482 2925 Καὶ
1501 2871 1607 2943 γάρ
1634 2873 1661 2924 6
1690 2871 1843 2936 ὑετὸς

261 2965 430 3029 αὐτὸς
457 2964 554 3036 μὲν
588 2963 823 3036 ἀμετρός
855 2965 991 3026 ἐστι,
1031 2965 1308 3032 μετρεῖται
1330 2962 1386 3016 δὲ
1426 2964 1482 3015 έν
1515 2964 1627 3026 τοῖς
1652 2962 1844 3015 ὑποδε-

264 3055 514 3126 χομένοις
541 3054 704 3107 αὑτὸν
736 3053 996 3122 ἀγγείοις.
1041 3051 1465 3123 Ἐκληροδοτήοη
1493 3051 1550 3104 δέ
1589 3069 1698 3122 μοι,
1734 3070 1840 3122 φη-
1869 3071 1915 3132 (ζ

267 3142 374 3204 σὶν,
403 3139 592 3210 ὥσπερ
621 3143 684 3193 ὲκ
717 3141 915 3212 μέτρου
955 3140 1028 3210 γῆ
1150 3140 1243 3193 καὶ
1285 3140 1578 3211 ἀρκοῦμαι,
1622 3142 1716 3193 καὶ
1754 3141 1840 3194 διὰ

266 3231 378 3284 τῶν
417 3231 715 3284 καλλίστων
755 3248 878 3300 μου,
917 3231 1011 3283 τοῦ
1053 3249 1110 3283 τε
1173 3230 1344 3301 Ἰησοῦ
1390 3233 1483 3284 καὶ
1514 3232 1604 3284 τοῦ
1640 3231 1838 3285 Χάλεϐ.

343 3399 454 3456 Τοῦ
490 3400 697 3455 αὑτοῦ.
733 3400 917 3464 Οὕτως
942 3399 1172 3472 ἐγενήθη
1196 3401 1306 3471 ('52)
1334 3400 1622 3472 σχοίνισμα
1652 3401 1750 3472 κλη
1762 3418 1844 3473 ρο-

264 3489 460 3561 νομίας
495 3488 658 3542 αὑτοῦ
717 3489 953 3560 Ἰσραήλ.
985 3489 1234 3542 Εὐδοκῶν
1266 3490 1323 3542 δὲ
1344 3493 1410 3560 τῇ
1442 3491 1548 3562 ἰδίᾳ
1587 3491 1844 3562 κληρονο-

269 3583 392 3654 μίᾳ,
423 3581 498 3644 ὼς
531 3579 818 3650 κρατίστῃ,
852 3579 1023 3633 ταῦτά
1053 3597 1205 3651 φησι.

339 3671 671 3741 Εὑλογήσω
693 3671 800 3723 τὸν
826 3671 1044 3739 Κύριον
1066 3671 1170 3724 τὸν
1189 3670 1612 3724 συνετίσαντά
1627 3689 1722 3740 με·
1752 3673 1840 3726 ἔτι

264 3763 334 3816 δὲ
365 3763 462 3816 καὶ
491 3763 602 3828 ἕως
626 3763 846 3828 νυκτὸς
882 3760 1251 3816 ἐποίδευσάν
1281 3779 1358 3831 με
1382 3765 1436 3816 oi
1470 3765 1677 3832 νεφροί
1697 3781 1838 3833 μου,

269 3871 322 3906 κ.
347 3870 398 3908 τ.
428 3854 476 3905 ὲ.
508 3852 731 3920 Εὐλογεῖ
751 3869 835 3915 τις
861 3852 952 3904 τὸν
984 3851 1185 3923 Κύριον
1215 3852 1326 3922 ('55)
1351 3853 1654 3920 φαντασίας
1685 3853 1843 3922 ὲγγε-

265 3944 496 4014 νομένης
530 3943 608 4013 τῷ
651 3942 746 4013 νῷ.
793 3943 925 3996 Ἀπὸ
962 3943 1253 4014 προσώπου
1291 3943 1400 4016 γὰρ
1433 3944 1598 3998 αὐτοῦ
1639 3945 1842 4014 γνῶσις

268 4036 364 4091 καὶ
391 4034 626 4098 σύνεσις.
659 4033 815 4088 Οὕτω
843 4035 932 4088 τὸν
957 4035 1056 4098 τὰς
1087 4035 1307 4098 ἐντολὰς
1334 4035 1606 4107 τηροῦντα
1635 4037 1839 4090 συνετί-

267 4128 349 4194 ζει
385 4131 414 4182 6
464 4130 688 4201 Κύριος.
736 4131 872 4200 Περὶ
917 4129 1128 4201 νεφρῶν
1172 4130 1229 4183 δὲ
1275 4130 1444 4198 λέγει,
1480 4129 1588 4183 τῶν
1633 4129 1728 4183 σὺν
1771 4133 1837 4202 τῇ

266 4221 464 4292 καρδία
505 4220 917 4291 ὀνομαζομένων
962 4223 1019 4274 ὲν
1075 4220 1183 4292 τῷ·
1249 4241 1268 4272 ι
1329 4221 1566 4284 Ἐτάζων
1617 4221 1842 4293 καρδίας

265 4311 360 4365 καὶ
395 4313 622 4381 νεφροὺς
651 4312 680 4362 6
713 4311 862 4375 Θεός.
902 4331 918 4362 ι
957 4303 1138 4376 Οὗτοι,
1191 4312 1568 4375 τελειωθέντες
1599 4312 1688 4366 διὰ
1715 4312 1840 4383 νοή-

1944 1857 2210 1922 veritatis,
2243 1839 2488 1925 praebens
2522 1851 2762 1906 lzetitiam
2791 1848 3038 1904 scientire
3072 1846 3146 1901 illi
3179 1846 3269 1916 qni
3298 1860 3364 1898 ex
3394 1843 3523 1898 alle-

1943 1957 2031 2003 ctu
2068 1947 2223 2003 bibit.
2257 1943 2488 1999 Calicem
2520 1941 2666 1996 hunc
2704 1939 2958 2008 pr0pinat
2988 1936 3117 1990 vitis
3143 1951 3305 1998 vera,
3342 1945 3400 1987 ut
3425 1933 3520 2004 qni

1943 2041 2100 2104 bibit,
2137 2053 2259 2093 cum
2294 2035 2593 2106 gratiarum
2626 2030 2842 2086 actione
2869 2028 3054 2083 dicat:
3094 2045 3112 2078 ι
3155 2025 3353 2080 Dedisti
3385 2024 3523 2079 ireti-

1946 2130 2074 2183 tiam
2107 2129 2160 2182 in
2197 2126 2364 2182 corde
2396 2138 2533 2178 meo.
2569 2140 2588 2174 ›

2015 2219 2178 2273 Vens.
2215 2219 2268 2273 6.
2308 2215 2487 2270 Fames
2521 2212 2820 2268 ceciderunt
2861 2210 2987 2263 mihi
3032 2209 3084 2263 in
3111 2207 3402 2278 prmclaris,
3444 2216 3522 2260 el-

1943 2309 2078 2364 euim
2107 2308 2386 2363 [Hereditas
2418 2322 2531 2358 mea
2557 2303 2816 2372 prwclara
2858 2312 2931 2354 est
2960 2300 3107 2363 mihi,
3139 2310 3245 2354 etc.
3287 2297 3341 2352 Si
3375 2296 3518 2350 funis

1945 2418 2198 2459 mensura
2239 2411 2357 2467 est,
2402 2397 2670 2468 quomodo
2715 2394 2978 2462 scriptum
3019 2402 3104 2448 est
3139 2393 3190 2446 in
3226 2389 3518 2458 Evangelia

1945 2493 2240 2548 secundum
2266 2489 2531 2546 Joannem
2558 2488 2604 2518 ⁸⁸
2633 2505 2645 2539 :
2690 2501 2708 2534 ι
2737 2481 2850 2536 Non
2881 2484 3023 2538 enim
3057 2498 3121 2537 ex
3154 2493 3403 2535 mensura
3427 2480 3518 2532 dat

1946 2583 2085 2638 Deus
2125 2583 2398 2652 spiritum,
2434 2600 2453 2632 ι
2487 2588 2543 2635 ει
2583 2576 2712 2633 illud
2737 2577 2818 2628 ":
2861 2596 2879 2628 ι
2920 2573 3201 2630 Ellundam
3231 2571 3296 2626 de
3323 2571 3518 2640 spiritu

1947 2675 2100 2730 meo?
2131 2693 2150 2727 ι
2176 2674 2272 2728 Vel
2306 2672 2446 2728 forte
2481 2687 2731 2727 mensura
2759 2685 2860 2724 non
2895 2677 3114 2738 propter
3139 2667 3309 2734 ipsam
3341 2663 3518 2718 scien-

1947 2763 2074 2818 tiam
2107 2763 2449 2828 nominatur,
2483 2762 2577 2817 sed
2608 2771 2826 2833 propter
2850 2773 2972 2814 eum
3008 2757 3100 2828 qui
3145 2757 3293 2812 illam
3336 2755 3517 2809 susci-

1945 2857 2041 2927 pit,
2067 2857 2209 2926 quod
2235 2869 2429 2924 nempe
2455 2854 2676 2924 majoris
2708 2869 2814 2907 non
2842 2853 2914 2906 sit
2945 2865 3138 2920 capax.
3162 2848 3372 2902 Etenim
3399 2846 3516 2915 ipsa

1945 2949 2124 3018 pluvia
2176 2963 2486 3005 mensuram
2531 2948 2790 3012 excedit,
2843 2945 3143 3000 metiuntur
3187 2949 3361 2994 tamen
3392 2953 3514 2992 eam

1946 3052 2074 3093 vasa
2141 3039 2194 3093 in
2256 3039 2452 3108 quibus
2508 3039 2786 3108 recipitur.
2842 3036 2969 3091 Mihi
3035 3043 3257 3096 autem,
3311 3029 3516 3100 inquit,

1944 3145 2042 3184 ceu
2093 3130 2143 3184 in
2195 3143 2446 3184 mensura
2498 3130 2787 3185 bzereditas
2831 3137 3024 3192 terraz,
3071 3141 3177 3194 qna
3228 3133 3518 3179 contentus

1944 3232 2085 3282 sum,
2126 3219 2250 3274 data
2290 3228 2372 3274 est
2409 3233 2505 3289 per
2542 3219 2834 3290 praeclaros
2873 3231 3021 3272 meos
3053 3214 3241 3271 Jesum
3282 3221 3337 3269 et
3373 3213 3517 3268 Cha-

1945 3309 2050 3363 leb.

2018 3395 2406 3465 Eiusdem.‘Sic
2426 3401 2600 3456 factus
2632 3410 2714 3456 est
2738 3399 3010 3456 funiculus
3039 3398 3376 3454 Itzereditatis
3398 3397 3516 3468 ejus

1944 3490 2130 3546 Israel.
2165 3493 2279 3546 Sibi
2324 3502 2504 3548 autem
2536 3493 2880 3561 complacens
2929 3493 2982 3548 in
3027 3491 3247 3562 propria
3284 3490 3515 3545 hmredi-

1945 3593 2055 3639 tate
2086 3593 2142 3637 ut
2169 3583 2450 3652 praeclara,
2484 3583 2598 3637 haec
2627 3586 2720 3640 ait.

2025 3673 2188 3728 Vsus.
2219 3676 2271 3730 7.
2298 3672 2610 3728 Benedicam
2637 3674 2918 3729 Dominum
2941 3675 3031 3746 qui
3061 3675 3245 3728 tribuit
3278 3675 3404 3728 milii
3436 3674 3516 3727 ἰη-

1943 3767 2203 3822 (allectum
2228 3782 2246 3820 :
2274 3769 2486 3837 insuper
2513 3775 2558 3820 et
2603 3784 2765 3838 usque
2808 3767 2878 3821 ad
2913 3779 3111 3823 noctem
3147 3767 3513 3836 increpueruut

1943 3875 2024 3914 me
2053 3875 2198 3912 renes
2230 3859 2348 3923 mei,
2371 3867 2474 3914 etc.
2505 3858 2788 3917 Benedicit
2817 3858 3011 3929 aliquis
3045 3861 3354 3926 Dominum,
3387 3875 3511 3914 cum

1941 3946 2058 4016 ejus
2102 3948 2268 4003 menti
2323 3949 2533 4018 species
2569 3949 2856 4020 ingeritur.
2893 3949 2938 4003 A
2985 3950 3122 4006 faeie
3164 3951 3307 4005 enim
3339 3952 3510 4020 ipsius

1941 4039 2170 4095 scientia
2206 4049 2261 4096 et
2296 4040 2625 4096 intellectus.
2665 4041 2757 4096 Sic
2791 4043 2838 4096 ei
2869 4042 2961 4112 qui
2986 4043 3224 4098 custodit
3254 4043 3509 4096 mandata

1940 4131 2059 4202 ejus
2094 4130 2430 4186 intellectum
2459 4133 2643 4187 tribuit
2671 4133 2829 4188 Dens.
2869 4133 2942 4188 De
2980 4135 3200 4189 renibus
3225 4143 3403 4188 autem
3431 4132 3508 4185 lo-

1938 4221 2165 4291 quitur,
2206 4224 2298 4292 qni
2337 4239 2442 4276 una
2493 4238 2616 4279 cum
2654 4225 2816 4278 corde
2866 4225 3218 4279 nominantur
3259 4223 3345 4277 his
3385 4237 3510 4275 ver-

1939 4313 2025 4368 bis
2045 4312 2128 4367 δτι
2167 4331 2186 4366 ι
2222 4313 2487 4370 Scrutans
2534 4316 2695 4369 corda
2738 4325 2793 4370 et
2833 4332 2988 4372 renes
3027 4316 3187 4372 Deus.
3231 4333 3248 4366 ι
3287 4313 3348 4368 lli
3380 4328 3504 4368 cum

264 4419 421 4465 σεως,
459 4399 768 4454 παιδεύουσι
802 4403 892 4454 τὸν
924 4403 1300 4470 ὲφιστάνοντα,
1353 4403 1468 4472 φῶς
1502 4403 1836 4474 παρέχοντες

1946 4403 2166 4473 perfecti
2198 4404 2399 4459 fuerint
2430 4405 2810 4478 intelligentia,
2832 4409 3092 4463 erudiunt
3118 4409 3511 4468 attendentem,

261 4490 535 4560 γνώσεως,
569 4492 727 4562 μέχρι
760 4492 894 4564 λυθῇ
918 4494 1016 4564 τῆς
1041 4493 1262 4563 ἀγνοίας
1291 4496 1323 4565 ἡ
1353 4493 1469 4560 νύξ.
1505 4495 1568 4547 Ei
1599 4495 1655 4548 δὲ
1687 4494 1839 4566 δηλοῖ

262 4582 357 4635 καὶ
394 4581 462 4635 τὰ
499 4581 767 4654 βαθύτερα
807 4583 914 4637 τῶν
961 4583 1247 4655 νοημάτων
1293 4587 1326 4655 ἡ
1361 4583 1477 4649 νὺξ,
1518 4584 1653 4638 καθὸ
1680 4584 1838 4652 λόγος

262 4674 473 4745 εἴρηται
508 4675 778 4738 σκοτεινὸς
803 4675 830 4726 ό
866 4675 1144 4745 μυστικὸς,
1176 4675 1428 4747 φανερὸν,
1464 4676 1546 4728 ὅτι
1573 4677 1680 4740 ἕως
1703 4675 1837 4730 ταύ-

259 4781 360 4834 της
390 4765 701 4820 παιδεύουσι
730 4765 828 4835 τῆς
856 4766 1049 4829 νυκτὸς
1093 4767 1143 4819 οἱ
1180 4769 1389 4840 νεφροὶ,
1432 4767 1501 4821 τὰ
1541 4769 1836 4840 ἀπόκρυφα

261 4856 354 4908 καί⁵
386 4855 754 4928 αἰνιγματώδη
791 4855 1198 4927 σαφηνίζοντες.
1234 4859 1605 4931 Μετείληπται
1634 4859 1690 4914 δὲ
1725 4861 1833 4914 ἀπὸ

259 4944 365 4999 τῶν
398 4946 631 5016 νεφρῶν,
665 4948 723 5001 ὲν
753 4942 836 5010 οἷς
863 4948 1020 5016 γοναὶ
1049 4947 1144 5000 καὶ
1174 4952 1547 5021 σπερματικαὶ
1574 4950 1831 5022 δυνάμεις

262 5035 623 5100 συνίστανται,
685 5040 797 5100 τοῖς
847 5041 1186 5110 γεννητικοῖς
1237 5040 1569 5112 χορηγοῦσαι
1620 5041 1826 5112 πόροις.

261 5125 378 5177 Κάν
409 5129 474 5196 τῇ
506 5125 649 5197 ψυχῇ
677 5127 852 5180 τοίνυν
881 5126 1000 5180 ἐστὶ
1023 5128 1272 5199 νοήματά
1293 5147 1415 5183 τινα
1442 5133 1555 5194 τοῖς
1582 5130 1830 5200 σπέρμα-

262 5232 344 5270 σιν
370 5217 630 5286 ἀνάλογα,
675 5219 816 5273 κατὰ
861 5219 930 5272 τὰ
962 5220 1107 5274 ἔνδον
1132 5221 1448 5292 γεννήματα
1481 5224 1538 5276 ὲν
1594 5221 1827 5291 ἀγαθαῖς

323 5355 368 5388 ⁸⁸
395 5354 552 5411 Joan.
580 5371 774 5424 xxxm,
801 5357 889 5412 54.
969 5358 1013 5389 ⁸⁸
1046 5357 1184 5416 Joel.
1216 5375 1275 5425 ιι,
1306 5359 1396 5416 28.
1475 5361 1518 5392 ⁸⁷
1551 5360 1694 5416 Psal.
1719 5377 1814 5427 vn,
1849 5361 1931 5417 l0.

303 5495 851 5622 '(59)K1nﬁ070ﬂ[a
886 5502 1147 5584 φύσεως,
1207 5513 1314 5583 etc.
1363 5506 1585 5561 Sclieda:
1619 5505 1829 5571 Grabii,

303 5577 567 5622 .trttntuue
645 5570 891 5622 arbarus.
917 5582 970 5622 et
1002 5575 1318 5622 LOI‘tlel'llIS-

267 5570 567 5634 partimque
602 5570 896 5632 Barbarus,
917 5582 970 5624 et
1002 5573 1318 5627 Cortlerins.

269 5634 446 5760 ruSil)
479 5639 549 5690 El
572 5638 634 5691 τὸ
661 5642 958 5709 σχοινίον,
990 5650 1096 5697 cte.
1127 5642 1352 5698 Scltcdsc
1387 5643 1596 5713 Gt'abii,
1633 5645 1830 5700 ειμι»..-

1939 4503 1993 4548 et
2022 4493 2201 4549 lumen
2242 4495 2484 4550 scientia:
2519 4499 2796 4566 prmbent,
2837 4500 3011 4555 donec
3049 4499 3366 4570 ignorantiae
3404 4510 3512 4552 nox

1937 4584 2286 4641 dissolvatur.
2315 4585 2466 4653 Quod
2493 4588 2536 4642 si
2567 4603 2664 4658 per
2697 4601 2913 4646 noctem
2941 4592 3107 4646 etiam
3137 4589 3512 4660 profundiores

1937 4676 2297 4744 cogitationes
2321 4678 2710 4749 designantur,
2749 4697 2851 4749 qua
2894 4682 3293 4752 signilicatione
3322 4677 3513 4747 mysti-

1936 4780 2033 4821 cus
2063 4781 2242 4822 sermo
2267 4780 2496 4824 vocatur
2535 4771 2826 4835 obscurus,
2870 4771 3036 4840 liquet
3072 4770 3138 4822 ad
3174 4770 3313 4823 hanc
3341 4781 3512 4836 usque

1938 4867 2150 4912 noctem
2181 4875 2338 4915 renes
2369 4861 2606 4928 erudire,
2640 4876 2764 4916 cum
2796 4861 3011 4916 occulta
3038 4869 3093 4913 et
3119 4860 3301 4913 abdita
3328 4857 3510 4913 decla-

1939 4957 2082 5000 rant.
2116 4947 2426 5018 Metapbora
2459 4961 2638 5005 autem
2671 4952 2834 5006 ducta
2866 4960 2949 5005 est
2987 4965 3016 5002 a
3051 4949 3272 5004 renibus
3310 4949 3511 5020 quibus

1933 5039 2138 5093 semina
2167 5050 2222 5094 et
2243 5041 2536 5096 seminales
2561 5043 2704 5098 vires
2729 5043 2936 5109 insunt,
2961 5057 3082 5112 quas
3109 5043 3252 5096 vasis
3275 5057 3509 5112 genera-

1935 5130 2064 5184 tioni
2109 5131 2622 5200 aptiS'inserviunt.
2661 5136 2802 5190 Sunt
2854 5135 3018 5205 igitur
3047 5135 3209 5189 etiam
3242 5134 3294 5188 in
3329 5133 3507 5187 anima

1935 5238 2129 5280 sensus
2160 5226 2376 5295 quidam
2407 5226 2499 5298 qui
2535 5228 2834 5284 seminibus
2861 5229 3096 5300 quadam
3127 5227 3336 5282 ratione
3361 5242 3511 5282 com-

2006 5508 2118 5575 (δὲ)
2143 5510 2337 5575 Οὕτως
2371 5508 2647 5578 ἐγενήθη,
2674 5518 2778 5564 etc.
2807 5508 3117 5563 Corde-rius.

1937 5649 1974 5703 Β
2018 5578 2128 5702 (ῗδ)
2158 5575 2523 5648 Εὐλιηεῖτις
2562 5580 2663 5633 τὸν
2697 5581 2936 5648 Κύριον,
2985 5589 3093 5633 etc.
3141 5577 3316 5634 Codex
3374 5575 3506 5643 Rue,

1981 5667 2037 5702 ιιι·
2057 5666 2226 5703 ΚΙΙἸΙδο
