3942 6216
251 310 398 366 1217

1219 307 1524 362 ΞΕΙᾸΞΟΤΛ
1560 305 1621 360 ΙΝ
1659 307 1994 365 ΡΞΑΙΔΙΟΒ.
2039 343 2096 351 —
2144 310 2338 366 PSAL.
2367 311 2504 365 XVI.

3396 316 3530 370 1218

243 449 376 500 μου
397 429 506 482 οὐκ
529 427 598 479 ἐν
622 425 848 494 χείλεσι
867 424 1112 488 δολίοις,
1132 441 1183 476 κ.
1202 440 1250 475 τ.
1272 425 1318 476 ὲ.
1338 423 1450 485 Πᾶς
1464 425 1492 474 ὁ
1512 423 1717 484 δίκαιος
1733 424 1829 491 (ὖῖξ

1955 440 2062 478 nem
2093 443 2261 479 meam
2305 444 2408 480 non
2457 428 2509 480 in
2551 425 2703 482 labiis
2737 427 2969 492 dolosis,
3005 437 3114 484 etc.
3145 429 3305 500 σοι
3343 429 3532 485 Omnis

249 522 449 584 δοῦλος
496 519 843 587 δικαιοσύνης
889 516 1055 570 ἐστίν’
1100 517 1128 570 ὁ
1173 515 1229 567 δὲ
1261 514 1395 577 Θεὸς
1443 515 1604 585 μόνος
1642 514 1847 578 δίκαιος

241 614 529 683 Δεσπότης
553 608 918 680 δικαιοσύνης.
956 608 1012 660 Ὀ
1039 606 1200 659 Δαυίδ
1231 602 1344 667 οὖν,
1374 603 1630 668 συνειδὼς
1654 606 1846 659 ἑαυτὸν

246 703 586 775 καθαρεύειν
626 701 736 755 ἀπὸ
772 699 970 762 παντὸς
1005 698 1180 760 δόλου,
1233 697 1370 767 μετὰ
1412 697 1508 767 τῆς
1539 697 1673 767 πρὸς
1714 697 1846 750 Θεὸν

245 794 572 866 παρρησίας
587 791 760 846 ταῦτα
787 791 934 859 λέγει
962 789 1276 860 εὐχόμενος.

341 885 435 938 Ἐκ
455 882 778 951 προσώπου
797 896 914 935 σου
940 881 1006 934 τὸ
1031 879 1206 949 κρῖμα
1225 897 1346 949 μου
1366 881 1622 946 ἐξέλθοι,
1650 899 1704 937 κ.
1723 899 1774 936 τ.
1791 885 1838 936 ὲ.

246 972 319 1026 Εἰ
357 975 540 1027 πᾶσαν
567 971 664 1044 τὴν
705 971 884 1042 κρίσιν
915 971 1027 1041 (58)
1056 970 1289 1024 δέδωκεν
1324 971 1352 1022 ὁ
1381 971 1570 1044 Πατὴρ
1599 972 1678 1044 τῷ
1705 972 1840 1042 Υἰῷ,

247 1065 320 1117 ἐκ
355 1064 646 1136 προσώπου
693 1063 749 1117 δὲ
781 1062 945 1117 αὑτοῦ
985 1063 1045 1116 τὸ
1084 1065 1257 1134 κρῖμα
1298 1061 1598 1134 ἐξέρχεται,
1645 1067 1709 1118 ὲκ
1751 1066 1844 1119 τοῦ

250 1155 391 1210 Υἰοῦ
429 1157 556 1229 ἄρα·
594 1155 757 1210 εἰκὼν
789 1157 896 1229 γάρ
918 1159 1033 1210 ἐστι
1060 1156 1152 1210 τοῦ
1181 1157 1392 1229 [ἰατρὸς
1425 1160 1454 1211 ὁ
1486 1159 1738 1230 Χριστός.

333 1251 445 1301 Τοὺ
474 1247 682 1300 αὐτοῦ.
719 1265 737 1296 t
776 1247 1037 1318 Ἐπείπερ
1076 1248 1104 1300 ὁ
1137 1247 1408 1300 πιστεύων
1432 1249 1542 1319 (59)
1565 1251 1644 1312 εἰς
1671 1250 1794 1320 ἐμὲ,
1825 1269 1840 1299 ι

248 1339 424 1410 φησὶν
455 1341 483 1391 ὁ
511 1338 732 1409 Κύριος,
779 1355 796 1388 ι
833 1338 893 1390 οὐ
926 1338 1194 1409 κρίνεται,
1233 1357 1250 1389 ι
1290 1337 1385 1390 τοῦ
1415 1339 1758 1404 πιστεύοντος
1787 1343 1847 1394 τὸ

246 1433 434 1500 κρῖμα
467 1429 747 1500 ἐξέρχεται
773 1429 839 1482 ἐκ
869 1427 1162 1500 προσώπου
1193 1428 1286 1481 τοῦ
1311 1427 1466 1482 Θεοῦ.
1743 1428 1748 1432 ’

321 1524 387 1574 Ol
417 1520 718 1590 ὀφθαλμοί
740 1537 861 1590 μου
914 1520 1203 1574 ίδέτωσαν
1229 1522 1580 1586 εὐθύτητος,
1623 1537 1676 1577 κ.
1712 1538 1760 1574 τ.
1797 1522 1842 1574 ἐ.

251 1609 395 1681 Περὶ
421 1611 520 1680 τῆς
559 1610 1055 1674 ἀποκαταστάσεως
1093 1611 1204 1683 (40)
1241 1610 1336 1664 τοῦ
1378 1611 1575 1674 παντὸς
1604 1609 1843 1681 εὔχεται,

253 1701 346 1753 ἵνα
381 1701 577 1772 μηκέτι
688 1701 990 1771 σκολιότης,
1041 1702 1287 1771 πλαγίως
1319 1703 1432 1765 τοῖς
1474 1703 1845 1774 ἁμαρτάνουσι

250 1792 624 1864 πορευομένου
675 1791 769 1844 τοῦ
797 1791 954 1846 Θεοῦ.

340 1881 733 1952 Έδοκίμασας
767 1883 884 1952 τὴν
914 1884 1165 1953 καρδίαν
1189 1903 1332 1954 μου,
1383 1885 1702 1955 ἐπεσκέψω
1730 1905 1837 1942 νυ-

248 1977 414 2044 κτός·
438 1979 756 2048 ἐπύρωσάς
782 1997 882 2050 με,
923 1980 1022 2035 καί
1063 1982 1177 2050 οὐχ
1209 1982 1420 2050 εὑρέθη
1450 1983 1520 2036 ἐν
1554 1983 1682 2053 ἐμοὶ
1710 1983 1838 2038 ἀδι-

245 2069 371 2124 κία.
406 2071 594 2138 Ὅπως
616 2071 694 2126 ἂν
723 2071 811 2141 μὴ
848 2072 1095 2141 λαλήσῃ
1128 2073 1194 2126 τὸ
1229 2075 1424 2144 στόμα
1451 2092 1571 2143 μου
1600 2075 1671 2129 τὰ
1695 2076 1841 2145 ἔργα

247 2160 371 2212 τῶν
387 2160 733 2230 ἀνθρώπων
759 2161 858 2216 διὰ
889 2162 1030 2228 τοὺς
1059 2165 1283 2233 λόγους
1314 2163 1432 2217 τῶν
1453 2165 1702 2234 χειλέων
1721 2181 1839 2222 σου

244 2250 367 2318 ἐγὼ
418 2251 694 2320 ἐφύλαξα
747 2252 930 2319 ὀδοὺς
974 2255 1271 2323 σκληρὰς,
1327 2272 1380 2308 κ.
1420 2273 1470 2309 τ.
1513 2257 1561 2309 ὲ.
1603 2257 1841 2328 Σημειω-

244 2339 374 2392 τέον
405 2341 517 2412 (41)
546 2341 626 2406 τὸ,
667 2359 687 2394 ε
734 2342 1046 2412 ἐπεσκέψω,
1088 2363 1106 2394 ι
1150 2345 1251 2398 οὐκ
1285 2347 1379 2400 ἐπὶ
1419 2346 1691 2402 κολάσεων
1721 2348 1838 2401 κεί-

241 2446 434 2500 μενον.
470 2432 637 2487 Πάλιν
689 2434 885 2498 ἰστέον,
917 2435 998 2488 ὅτι
1028 2436 1287 2502 ἐναντίως
1323 2439 1351 2490 ὁ
1393 2439 1637 2504 διάϐολος
1679 2442 1841 2511 πυροῖ

229 2523 328 2592 τῷ
356 2523 494 2593 Θεῷ.
524 2524 658 2588 Θεὸς
705 2525 763 2578 δὲ
810 2525 1021 2597 πυρῶν,
1066 2527 1186 2598 ἤτοι
1231 2527 1327 2599 τὴν
1378 2531 1838 2602 προϋπάρχουσαν

228 2616 492 2684 εὑρίσκει
521 2616 752 2682 ἀδικίαν,
779 2619 812 2691 ἢ
844 2620 965 2672 ἐπεὶ
979 2620 1041 2672 ού
1060 2619 1424 2692 προϋπάρχει,
1455 2622 1552 2691 οὺχ
1573 2622 1835 2693 εὑρίσκει.

242 2723 271 2756 ο
317 2705 399 2758 Τὰ
434 2705 566 2776 ἔργα
619 2708 728 2762 τῶν
766 2709 1066 2780 ἀνθρώπων
1113 2729 1132 2763 ι
1194 2711 1314 2764 ἀντὶ
1374 2711 1469 2764 τοῦ
1509 2730 1527 2764 ι
1570 2713 1839 2783 περὶτῶν

239 2795 427 2866 ἔργων
458 2797 564 2849 τῶν
597 2798 924 2870 ἀνθρώπων.
961 2819 980 2852 ι
1029 2802 1099 2854 Ἢ
1127 2801 1265 2872 ἔργα
1295 2801 1404 2854 τῶν
1434 2803 1743 2875 ἀνθρώπων
1763 2806 1838 2857 εἰ-

241 2888 337 2942 σὶν
382 2890 431 2942 οἰ
464 2890 538 2961 μὴ
567 2890 698 2944 θεῖοι
723 2892 892 2961 λόγοι,
926 2893 1020 2958 οὓς
1057 2894 1338 2967 ἄνθρωποι
1365 2897 1484 2959 ταῖς
1516 2896 1674 2962 ἰδίαις
1715 2899 1837 2954 ἐπι-

239 2975 419 3040 νοίαις
445 2978 790 3047 εἰργάσαντο.

327 3070 434 3124 Τοῦ
461 3073 670 3127 αὐτοῦ.
703 3072 892 3129 Νύκτα
911 3075 1010 3147 τὴν
1033 3075 1210 3146 θλίψιν
1237 3075 1348 3147 (42)
1369 3076 1545 3146 λέγει,
1563 3080 1622 3131 ὲν
1714 3095 1837 3132 σκο-

243 3159 455 3222 τίζεται
484 3163 517 3232 ἡ
545 3162 710 3234 ψυχή.
748 3165 1111 3236 Δοκιμὰζεταί
1141 3183 1224 3230 τις
1255 3168 1518 3235 γενναίως
1550 3167 1838 3238 ὑπομένων

247 3249 320 3302 τὰ
350 3250 603 3321 δυσχερῆ,
640 3254 826 3307 Νύκτα
857 3255 914 3308 δὲ
939 3255 1190 3326 ὠνόμασε
1216 3256 1285 3310 τὰ
1307 3257 1544 3329 δυσχερῆ
1577 3257 1665 3310 διὰ
1695 3257 1756 3310 τὸ
1780 3259 1838 3325 ἐξ

250 3338 492 3408 ἀθυμίας
529 3343 738 3405 σκότος.
763 3346 832 3396 Ἢ
863 3347 1056 3410 νυκτὸς
1080 3347 1348 3418 ἐμνήσθη,
1380 3349 1566 3420 ἐπειδὴ
1600 3351 1658 3402 ὲν
1683 3353 1839 3405 νυκτὶ

251 3427 580 3484 καθεύδοντα
624 3432 760 3485 ἑλὼν
810 3434 1119 3507 ὑποχείριον
1152 3436 1243 3491 τὺν
1275 3438 1446 3493 Σαοὺλ
1480 3440 1862 3517 περιέσωσενη

251 3517 314 3572 οὐ
359 3521 518 3590 μόνον
557 3524 721 3588 αὐτὸς
749 3527 850 3582 οὐκ
878 3527 1108 3591 ἀνελὼν,
1154 3527 1291 3582 ἀλλὰ
1332 3533 1427 3584 καί¹
1459 3531 1585 3595 τοὺς
1628 3533 1836 3586 ἀνελεῖν

247 3609 608 3684 βουλομένους
646 3616 916 3682 κωλύσας.

325 3817 438 3872 Τοῦ
470 3816 678 3872 αὐτοῦ.
722 3834 741 3866 t
780 3815 1066 3870 Εἰσέλθετε
1094 3817 1181 3871 διὰ
1215 3820 1313 3891 τῆς
1353 3822 1548 3893 στενῆς
1583 3823 1694 3894 (43)
1732 3827 1832 3882 πύ-

249 3905 347 3977 λης
372 3913 461 3965 καὶ
482 3909 850 3981 τεθλιμμένης
879 3908 1021 3974 ὀδοῦ,
1066 3930 1084 3961 ι
1106 3911 1350 3964 τουτέστι
1376 3913 1474 3984 τῆς
1505 3918 1830 3988 πραττικῆς,

248 4001 389 4071 ἥτις,
439 4006 487 4056 εἰ
519 4004 611 4057 καὶ
641 4003 735 4056 νῦν
763 4000 956 4072 ὀδύνης
991 4003 1084 4055 καὶ
1113 4003 1174 4056 οὐ
1219 4005 1415 4074 χαρᾶς,
1449 4005 1563 4060 ἀλλ’
1605 4008 1831 4082 ὕστερον

249 4093 474 4163 καρπῶν
506 4091 852 4163 δικαιοσύνης
885 4092 1093 4160 γίνεται
1134 4091 1391 4163 πρόξενος
1427 4099 1539 4160 τοῖς
1565 4097 1632 4150 δι’
1660 4099 1831 4173 αὐτῆς

251 4184 736 4255 γεγυμνασμένοις.

486 4274 798 4342 ἐκέκραξα,
823 4274 911 4327 ὅτι
940 4273 1291 4340 ἐπήκουσάς
1302 4292 1443 4344 μου,
1463 4279 1496 4330 ό
1521 4279 1680 4344 Θεός.
1697 4280 1830 4334 Κ.λῖ-

251 4383 356 4421 νον
396 4366 461 4418 τὸ
510 4361 620 4431 οὖς
649 4381 765 4418 σου
817 4365 966 4433 ἐμοὶ,
1025 4365 1122 4418 καὶ
1165 4365 1532 4420 εἰσάκουσον
1583 4369 1702 4422 τῶν
1724 4374 1829 4440 ρη-

1943 517 2123 585 justus
2153 533 2341 572 servus
2363 528 2446 572 est
2469 519 2697 586 justitia:
2725 539 2738 574 :
2772 519 2912 574 Dens
2935 529 3112 574 autem
3149 523 3300 576 solus
3319 523 3527 590 justus,

1950 607 2210 660 Dominus
2258 617 2342 662 est
2387 608 2634 676 justitizr.
2670 607 2836 662 David
2885 608 3066 677 itaque
3100 625 3222 663 cum
3254 627 3313 665 se
3348 614 3527 668 omnis

1947 696 2056 750 doli
2099 707 2379 765 espertem
2409 699 2676 764 sentiret,
2707 715 2828 753 cum
2866 698 3060 753 ﬁducia
3093 700 3159 753 ad
3203 700 3374 756 Deum
3417 703 3533 776 haec

1947 782 2080 836 dicit
2122 785 2414 852 prccmido.

2020 873 2182 929 V'Ens.
2208 875 2263 928 2.
2307 876 2384 930 De
2436 875 2582 930 vultu
2627 886 2718 930 tuo
2768 877 3032 946 judicium
3072 895 3243 932 meum
3283 880 3528 947 prodeat,

1949 972 2054 1019 etc.
2101 964 2156 1020 Si
2203 966 2368 1021 Pater
2400 982 2561 1022 omne
2605 967 2866 1035 judicium
2899 969 3044 1023 dedit
3077 969 3235 1032 Filio.
3285 971 3353 1026 de
3382 972 3531 1026 vultu

1948 1054 2064 1123 ejus
2107 1057 2373 1126 judicium
2425 1060 2628 1128 prodit,
2695 1059 2952 1114 videlicet
3015 1075 3081 1114 ex
3131 1060 3288 1116 Filio.
3353 1061 3533 1131 Imago

1949 1149 2091 1201 enim
2121 1149 2300 1204 Patris
2330 1149 2580 1205 Christus
2611 1159 2714 1206 est.

2025 1239 2297 1310 Ejusdem.
2328 1261 2344 1293 ι
2373 1242 2637 1308 Quoniam
2666 1244 2758 1314 qui
2786 1244 2960 1299 credit
2993 1246 3045 1298 in
3079 1261 3184 1309 me,
3210 1265 3228 1297 ι
3253 1245 3327 1299 ait
3349 1244 3531 1299 Domi-

1951 1347 2052 1384 nns
2073 1332 2140 1395 5*,
2174 1352 2190 1382 ι
2219 1348 2321 1387 non
2349 1332 2651 1401 judicatur,
2681 1355 2699 1386 ι
2723 1338 2994 1391 credentis
3025 1337 3293 1404 judicium
3321 1337 3434 1390 exit
3465 1337 3535 1389 de

1948 1422 2097 1476 vultu
2134 1423 2249 1479 Dei.

2021 1512 2174 1568 Oculi
2210 1516 2310 1568 mei
2341 1516 2551 1570 videant
2585 1520 2885 1588 a’quitnles,
2918 1529 3028 1578 etc.
3089 1520 3162 1574 De
3188 1519 3532 1576 restitutione

1948 1606 2330 1660 universorum
2367 1619 2640 1676 precatur,
2697 1621 2753 1663 ut
2785 1611 2932 1664 nulla
2986 1613 3221 1682 amplius
3276 1613 3348 1666 sit
3389 1611 3531 1664 obli-

1949 1697 2150 1765 quitas.
2209 1698 2351 1754 Dens
2406 1701 2548 1754 enim
2582 1701 2800 1772 oblique
2832 1719 2954 1758 cum
2989 1705 3368 1774 pelcatoribns
3398 1707 3529 1776 agit.

1880 1785 1917 1838 Β

2025 1876 2185 1931 Vsus.
2209 1876 2264 1941 5,
2294 1877 2348 1933 4.
2395 1875 2646 1932 I’robasti
2677 1895 2770 1932 cor
2805 1897 2975 1934 meum
3014 1893 3062 1936 et
3101 1884 3323 1936 υίεὶιίιειί
3351 1895 3528 1948 nocte;

1948 1973 2067 2040 igne
2087 1987 2168 2024 me
2192 1972 2596 2032 eaaininastimt
2639 1991 2742 2028 non
2771 1987 2846 2029 est
2889 1977 3096 2032 inventa
3144 1980 3198 2032 in
3223 1997 3303 2033 me
3337 1981 3531 2050 iniqui-

1947 2075 2051 2117 tas.
2097 2059 2165 2116 Ut
2193 2079 2293 2116 non
2319 2062 2567 2132 loquatur
2590 2080 2648 2119 os
2673 2081 2843 2118 meum
2868 2083 3023 2136 Opera
3053 2071 3321 2124 hominum
3351 2085 3371 2124 :
3405 2087 3530 2139 pro-

1946 2165 2062 2224 pter
2090 2156 2243 2210 verba
2276 2155 2536 2210 (abiaram
2583 2171 2792 2210 litorum
2841 2175 2933 2229 ego
2973 2164 3228 2216 custodiri
3277 2166 3387 2217 vias
3425 2164 3529 2217 du-

1950 2264 2056 2313 ras,
2092 2256 2200 2303 etc.
2263 2246 2577 2303 Notandum
2625 2259 2708 2304 est
2726 2251 2843 2306 'hoc
2889 2253 3138 2321 verbum,
3179 2257 3474 2324 (visitasli,
3502 2279 3521 2313 ι

1950 2352 2055 2391 non
2095 2339 2162 2392 de
2194 2337 2475 2407 suppliciis
2524 2338 2728 2393 dictum
2781 2355 2922 2397 esse.
2986 2341 3198 2400 Rursus
3242 2349 3526 2403 sciendum

1948 2441 2051 2495 est,
2081 2429 2359 2484 diabolum
2403 2431 2684 2486 contrario
2713 2446 2938 2501 prorsus
2973 2437 3133 2490 modo
3167 2436 3289 2512 igne
3323 2441 3528 2493 exaini-

1950 2537 2099 2576 nare.
2143 2520 2276 2576 Cum
2303 2523 2446 2576 enim
2483 2522 2626 2579 Deus
2654 2525 2776 2592 igne
2821 2526 3116 2588 examinat,
3151 2528 3336 2596 utique
3367 2545 3528 2600 repe-

1951 2613 2019 2665 rit
2048 2612 2515 2680 praeexsistentem
2568 2612 2856 2678 malitiam,
2896 2615 2976 2667 vel
3013 2617 3137 2685 quia
3185 2606 3290 2672 non
3319 2633 3527 2688 praees-

1947 2704 2110 2771 sistit,
2139 2719 2245 2759 non
2279 2706 2501 2774 reperit.
2543 2706 2690 2760 Dixit
2719 2715 2900 2761 autem
2939 2726 2957 2760 ι
2986 2723 3148 2778 opera
3181 2709 3476 2771 homirnam.
3503 2730 3521 2763 ι

1948 2809 2070 2866 pro,
2105 2812 2126 2848 ι
2151 2797 2217 2852 de
2244 2796 2498 2866 operibus
2528 2795 2826 2852 hominum.
2859 2817 2878 2851 ι
2925 2799 3018 2854 Vel
3050 2813 3210 2869 Opera
3243 2801 3524 2857 hominum

1947 2896 2074 2940 sunt
2109 2903 2392 2943 sermones
2439 2888 2664 2944 minime
2712 2891 3072 2960 divini,-qnos
3116 2893 3363 2949 homines
3399 2909 3526 2965 pro-

1948 2979 2081 3047 priis
2103 2979 2522 3048 cogitationibus
2548 2982 2841 3036 commenti
2864 2993 3020 3058 sunt.

2018 3069 2294 3140 Ejusdem.
2335 3071 2560 3128 Noctem
2611 3073 3010 3130 tribulationem
3040 3076 3175 3132 dicit
3205 3078 3258 3132 in
3291 3093 3395 3146 qua
3426 3080 3524 3134 ob-

1944 3161 2258 3217 tenebratur
2287 3163 2488 3217 anima.
2529 3162 2798 3219 Probatur
2830 3165 2975 3233 quis,
3008 3180 3132 3220 cum
3180 3168 3304 3222 forti
3337 3169 3521 3224 animo

1944 3252 2045 3306 fert
2073 3251 2228 3305 dura.
2295 3250 2480 3306 Noctis
2538 3261 2718 3308 autem
2772 3255 2989 3310 nomine
3042 3257 3336 3324 appellavit
3383 3259 3520 3314 dura

1940 3351 2161 3410 propter
2191 3343 2444 3398 tenebras
2485 3357 2622 3412 quas
2656 3345 2966 3412 desperatio
2997 3345 3246 3401 oil’undit.
3295 3346 3386 3402 Vel
3425 3363 3522 3403 no-

1937 3442 2081 3488 ctem
2112 3433 2456 3500 memoravit,
2485 3434 2612 3505 quia
2643 3433 2860 3489 Sanlem
2888 3449 3049 3504 quem
3111 3436 3164 3492 in
3199 3447 3360 3494 nocte
3390 3439 3519 3495 dor-

1940 3526 2194 3581 mientem
2245 3536 2489 3597 ceperat,
2542 3528 2867 3583 incolumem
2925 3530 3178 3597 servavit,
3232 3544 3357 3586 cum
3410 3543 3516 3587 non

1939 3615 2112 3669 solum
2145 3615 2261 3685 ipse
2289 3630 2393 3670 non
2424 3617 2643 3683 occidit,
2698 3617 2792 3673 sed
2825 3617 2961 3675 alios
2993 3618 3084 3688 qui
3115 3633 3238 3674 eum
3270 3620 3518 3676 occidere

1939 3706 2216 3771 volebant,
2250 3706 2545 3776 prohibuit.

2005 3795 2286 3867 Ejusdem.
2349 3797 2594 3855 «Intrate
2641 3813 2738 3868 per
2769 3807 3052 3868 angustam
3102 3809 3316 3869 portam
3338 3809 3516 3858 etar-

1933 3897 2076 3945 ctam
2101 3891 2241 3944 viam
2263 3889 2332 3954 ⁵⁸,
2356 3909 2374 3942 ι
2398 3890 2502 3946 hoc
2534 3900 2616 3946 est
2644 3892 3086 3961 actricom,quzr,
3115 3893 3216 3948 etsi
3249 3906 3389 3948 nunc
3420 3896 3514 3951 do-

1933 3979 2065 4036 loris
2111 3991 2168 4036 et
2217 3996 2324 4035 non
2366 3981 2566 4037 laetitia:
2617 3983 2776 4050 plena
2827 3992 2934 4046 est,
2968 3991 3024 4035 at
3067 3993 3251 4051 postea
3290 3981 3513 4051 iustitiae

1935 4070 2142 4128 fructus
2181 4072 2320 4128 feret
2349 4074 2414 4128 iis
2441 4074 2532 4143 qui
2559 4074 2611 4128 in
2639 4088 2703 4128 ea
2741 4075 3022 4128 exercitati
3055 4075 3282 4131 fuerint.

2005 4270 2168 4326 Vens.
2197 4272 2250 4335 6,
2281 4272 2331 4325 7.
2381 4270 2494 4342 Ego
2539 4270 3066 4339 clamavi'quom’am
3112 4270 3378 4324 exaudiui
3405 4285 3507 4337 me,

1932 4363 2093 4418 Deus.
2156 4361 2366 4416 Inclina
2405 4377 2586 4414 aurem
2627 4371 2771 4414 luam
2821 4359 2972 4422 mihi,
3030 4367 3079 4412 et
3119 4360 3315 4413 exaudi
3357 4360 3506 4414 verba

244 4453 445 4524 μάτων
487 4469 626 4522 μου.
659 4451 1105 4521 Θαυμάστωσον
1129 4452 1199 4506 τὰ
1230 4452 1372 4520 ἐλέη
1401 4469 1539 4518 σου,
1569 4458 1603 4509 ό
1629 4455 1828 4517 σώζων

1955 4473 2065 4508 nea.
2128 4453 2360 4522 Miriﬁca
2405 4453 2796 4506 misericordias
2853 4461 2993 4517 tuas,
3019 4452 3110 4522 qui
3153 4451 3326 4506 salvos
3375 4451 3505 4519 fucis

249 4545 387 4610 τοὺς
415 4541 762 4609 ἐλπίζοντας
801 4541 900 4596 ἐπὶ
926 4541 1020 4606 σὲ,
1069 4561 1120 4596 κ.
1171 4561 1223 4600 τ.
1256 4544 1302 4596 ὲ.
1336 4545 1548 4617 Ὥσπερ
1584 4548 1817 4600 ἐπακου-

251 4635 464 4698 σθέντες
505 4634 614 4706 (Η)
650 4635 780 4705 πρὶν
813 4632 1071 4697 εὔξασθαι
1113 4633 1394 4705 εὐχόμενοι
1445 4637 1818 4708 κεκράγαμεν.

249 4727 319 4780 Ἢ
350 4728 398 4779 εἰ
429 4726 592 4780 καλὸν
622 4727 683 4779 τὸ
710 4725 1037 4797 κεκραγέναι
1065 4724 1139 4795 μὴ
1169 4725 1339 4796 μικρὰ
1369 4726 1462 4780 καὶ
1485 4727 1823 4800 εὐκαταφρό-

247 4835 380 4887 νητα
403 4817 599 4885 λέγειν,
620 4817 754 4870 ἀλλὰ
775 4816 985 4888 μεγάλα
1010 4814 1297 4886 εὐξάμενοι
1323 4818 1417 4871 καὶ
1447 4818 1815 4890 ἐπιτυχόντες,

246 4908 597 4981 κεκράγαμεν
615 4909 701 4961 ὅτε
729 4907 871 4961 οὓτω
897 4907 1267 4977 κεκράγαμεν.
1286 4907 1475 4962 Πολλοὶ
1493 4909 1550 4962 δὲ
1573 4910 1712 4965 ἔλεοι
1736 4912 1820 4980 γί-

247 5015 424 5052 νονται
451 4999 608 5066 Θεοῦ,
638 4999 726 5053 διὰ
776 4999 837 5052 τὸ
863 4997 1151 5069 ἀκολουθίᾳ
1189 4999 1296 5051 τινὶ
1336 4997 1650 5072 ἀνθρωπίνῃ
1678 5021 1815 5074 συμ-

248 5087 468 5154 ϐαίνειν,
511 5089 572 5142 οὐ
623 5088 1095 5160 θαυμαστούμενοι
1141 5088 1245 5141 ὑπὸ
1287 5087 1382 5140 τοῦ
1413 5088 1686 5156 ποιοῦντος
1719 5095 1816 5146 αύ-

316 5203 364 5235 “
419 5197 578 5258 Joan.
615 5219 706 5270 ιιι,
739 5201 826 5258 l8.
938 5202 985 5235 ⁸⁸
1014 5200 1198 5257 Matth.
1227 5217 1319 5257 vn.
1345 5203 1433 5258 15.

460 5317 583 5383 Πᾶς
614 5320 646 5371 ό
673 5318 924 5383 δίκαιος,
978 5325 1083 5370 etc.
1131 5315 1444 5376 Corderius.
1497 5328 1552 5370 et
1598 5317 1810 5374 scheme

246 5387 515 5524 ϐτξὲτίὲξέι
545 5455 751 5512 πᾶσαν
778 5456 890 5524 τὴν
920 5456 1150 5523 κρίσιν.
1188 5465 1294 5510 etc.
1353 5455 1580 5513 Scholia:
1625 5457 1810 5512 Grabii

250 5525 461 5594 Origeni
501 5527 768 5587 tribuunt.
799 5526 1094 5580 Corderius
1117 5525 1368 5578 Eusebio.

310 5595 419 5663 (39)
459 5596 730 5664 Ἐπείπερ
760 5598 792 5649 ό
821 5596 1142 5657 πιστεύων,
1175 5604 1280 5664 etc.
1314 5594 1491 5649 Codex
1523 5594 1654 5651 Itoe.

248 5731 286 5786 ιζ
312 5661 420 5735 (40)
467 5664 625 5737 Περί
662 5661 772 5734 τῆς
831 5661 1411 5730 ἀποκαταστάσεως,
1465 5674 1569 5719 etc.
1623 5666 1805 5721 Codex

291 5747 372 5788 oe.

1929 4556 2195 4615 sperantes
2242 4547 2297 4601 in
2339 4553 2408 4610 te,
2439 4556 2548 4600 etc.
2592 4543 2870 4613 Tanquam
2902 4544 3142 4599 exauditi
3195 4545 3507 4614 priusquam

1929 4655 2236 4706 orarcmus,
2277 4639 2554 4708 precando
2589 4638 2968 4693 clamavimns.
3000 4637 3094 4692 Vel
3127 4637 3172 4691 si
3197 4638 3397 4692 bonum
3426 4647 3510 4690 est

1929 4732 2188 4796 clamare,
2230 4745 2337 4784 non
2373 4745 2540 4798 parva
2581 4745 2756 4800 neque
2781 4730 2927 4792 vilia,
2962 4729 3057 4784 sed
3091 4743 3282 4797 magna
3323 4735 3508 4796 postn-

1930 4824 2100 4879 lantcs
2125 4831 2181 4878 et
2209 4822 2537 4884 obtinentes,
2559 4822 2914 4878 clamavimns
2941 4821 3155 4891 quando
3187 4819 3266 4872 sic
3296 4817 3499 4872 clama-

1927 4916 2128 4970 vimus.
2204 4914 2374 4969 Fiunt
2415 4924 2594 4972 autem
2643 4915 2887 4984 plurimae
2949 4911 3334 4966 misericordia:
3384 4909 3498 4970 Dei.

1924 5023 2064 5077 qum,
2081 5009 2203 5077 quia
2228 5008 2467 5062 humana
2491 5007 2724 5077 quadam
2752 5001 3139 5072 consequentia
3160 5001 3500 5071 contingunt,

1921 5100 2084 5170 602
2118 5115 2222 5154 non
2260 5098 2626 5154 miriﬁcautnr
2671 5096 2739 5150 ab
2773 5110 2839 5150 eo
2870 5093 2960 5164 qui
2998 5093 3120 5148 illas
3166 5091 3318 5146 facit.
3360 5090 3501 5145 Pau-

1993 5325 2102 5394 (M)
2131 5318 2507 5390 Σημειωτέον
2539 5317 2629 5379 τό,
2661 5326 2767 5371 etc.
2785 5315 3102 5372 Cordcrins.

1993 5415 2106 5485 (42)
2140 5416 2344 5468 Νύκτα
2366 5411 2485 5478 τὴν
2510 5409 2741 5479 θλίψιν,
2765 5417 2871 5464 etc.
2917 5404 3142 5461 Schedze
3166 5403 3376 5461 Crabii.

1991 5506 2103 5571 (45)
2145 5503 2467 5558 Εἰσέλθετε
2510 5500 2606 5555 διὰ
2649 5499 2787 5571 τῆς-
2811 5496 3072 5571 στενῆς,
3124 5506 3230 5551 etc.
3289 5496 3498 5551 Eaedem

1919 5569 2165 5636 sclt'edte;
2198 5573 2396 5627 similia
2426 5575 2537 5626 fere
2570 5572 2732 5625 habet
2759 5569 3054 5625 Barbarus.

1990 5665 2102 5736 (Μ)
2129 5659 2906 5736 Ὠσπεργέπακουσθέντεᾳ
2963 5667 3068 5713 etc.
3125 5657 3304 5712 Codex
3361 5652 3497 5718 Roc.

1918 5733 2223 5808 partimque
2243 5733 2569 5789 Corderins.
