3942 6216
204 288 345 343 1221

1171 275 1478 331 SELECTA
1514 274 1578 327 ΙΝ
1617 273 1958 328 Ρὸλωίοὸ.
1999 305 2065 314 -—
2108 275 2303 330 PSAL.
2344 275 2483 333 XVI.

3338 290 3360 342 1
3372 289 3478 344 2'22

204 412 401 463 Ἕνδον
428 410 585 473 ὄντας
621 408 729 477 (49)
756 406 814 458 οὐ
848 403 1268 475 περικυκλοῦσιν
1296 409 1343 459 oi
1370 405 1574 476 ἐχθροὶ,
1606 406 1664 457 ού
1690 408 1787 479 γὰρ

1902 421 2038 467 rum,
2086 414 2190 460 etc.
2234 405 2340 461 Eos
2370 408 2461 474 qni
2499 407 2643 460 intus
2669 416 2813 471 sunt,
2853 419 2955 459 non
3001 408 3337 466 circumdant
3377 416 3477 468 ini-

197 502 479 564 δύνανται,
527 499 639 553 ἀλλ’
666 501 792 553 ἆταν
841 497 1040 551 ἔσωθεν
1072 496 1395 551 ἐκϐάλωσιν.
1430 498 1538 549 Καὶ
1588 496 1790 561 ἔθεντο,

200 594 395 663 φησὶν,
428 590 633 646 ἑαυτῶν
673 591 799 654 τοὺς
844 589 1154 659 ὀφθαλμοὺς
1184 590 1263 652 είς
1297 589 1356 641 τὺ
1399 588 1501 659 ἐμὲ
1548 587 1793 641 ἐκκλῖναι

197 685 304 737 ἀπ’
338 680 567 754 ούρανοῦ
592 681 648 733 ἐν
672 683 736 750 τῇ
762 682 853 750 γῇ,
889 678 1164 731 τουτέστιν
1192 679 1251 731 ἐν
1268 681 1333 748 τῇ
1360 678 1479 751 ὕλῃ.
1524 680 1646 731 Ἐπὶ
1670 678 1794 748 βλά-

200 776 279 849 ϐῃ
311 775 367 827 δὲ
401 771 818 845 περικυκλοῦσιν
852 770 1113 824 ἀπολέσαι
1156 772 1203 824 οἱ
1235 769 1522 840 ζητοῦντες
1559 771 1618 823 τὸ
1658 771 1793 842 πρὸς

199 865 313 933 γῆν
337 865 471 934 όρᾷν
498 862 589 915 καὶ
613 863 837 914 σκοπεῖν
865 859 1000 930 μόνα
1029 860 1098 912 τά
1126 860 1455 930 πρόσκαιρα,
1488 861 1792 914 ἐκκλίνουσι

195 955 261 1007 δὲ
315 952 755 1024 παρανομοῦντες
803 951 902 1022 τὴν
950 950 1166 1004 εὐθεῖαν
1218 950 1336 1005 ὁδὸν
1362 951 1456 1003 καὶ
1497 951 1571 1022 μὴ
1606 951 1793 1022 βουλό-

206 1062 385 1115 μενοι.

284 1134 395 1189 Τοῦ
428 1134 632 1188 αὐτοῦ.
670 1132 870 1186 Τοῦτον
890 1130 1180 1186 κυκλοῦσιν
1208 1134 1255 1187 οἱ
1303 1132 1553 1203 δαίμονες
1585 1133 1696 1204 (50)
1732 1134 1791 1188 ὃν

199 1225 528 1279 ἐκϐάλλουσι
556 1224 653 1294 τῆς
680 1224 897 1294 ἀρετῆς·
934 1222 1013 1275 διὸ
1046 1222 1227 1286 καλῶς
1261 1222 1477 1290 λέγεται
1495 1223 1573 1275 τό·
1613 1242 1631 1274 s
1668 1224 1792 1276 Ἐάν

200 1316 425 1386 πνεῦμα
465 1315 556 1368 τοῦ
607 1313 1007 1378 ἐξουσιάζοντος
1038 1313 1210 1383 ἀναϐῇ
1244 1312 1336 1365 ἐπὶ
1382 1312 1461 1375 σὲ,
1504 1314 1667 1365 τόπον
1697 1332 1789 1367 σου

202 1406 283 1477 μὴ
316 1408 477 1476 ἀφῇς·
521 1425 538 1458 ι
567 1405 660 1457 κα)⁵
692 1405 771 1457 τό’
810 1424 827 1455 ι
875 1404 966 1475 Μὴ
1015 1402 1149 1456 δῶτε
1180 1404 1342 1455 τόπον
1369 1403 1447 1473 τῷ
1496 1402 1735 1473 πονηρῷ⁸
1766 1424 1783 1455 ι

197 1497 337 1549 ὡσεὶ
383 1497 582 1565 ἔλεγεν·
643 1496 767 1549 Ἐὰν
813 1494 1028 1564 πνεῦμα
1066 1496 1320 1565 πορνείας
1346 1494 1517 1564 ἀναϐῇ
1557 1493 1649 1547 ἐπὶ
1709 1494 1786 1556 σὲ,

201 1586 562 1659 σωφροσύνην
590 1602 682 1637 σου
717 1584 790 1655 μὴ
824 1586 985 1653 ἀφῇς’
1016 1584 1109 1636 καὶ
1140 1584 1355 1654 πνεῦμα
1392 1583 1580 1653 μίσους
1614 1581 1785 1652 ἀναϐῇ

200 1678 299 1730 ἐπὶ
324 1680 400 1740 σὲ,
431 1678 647 1746 ἀγάπην
676 1693 767 1728 σου
794 1677 866 1745 μὴ
901 1676 1061 1745 ἀφῇς.
1087 1674 1235 1744 Πλὴν
1273 1674 1601 1745 προσεκτέον
1633 1674 1790 1726 πότε-

202 1784 301 1837 ρον
330 1768 357 1817 ὁ
388 1766 493 1819 ἀπὸ
526 1766 715 1819 πασῶν
745 1766 851 1818 τῶν
887 1765 1096 1837 ἀρετῶν
1132 1764 1379 1818 ἐκπεσὼν
1407 1764 1715 1828 κυκλοῦται,
1749 1765 1781 1836 ἢ
1819 1741 1858 1795 Β

199 1856 314 1909 ἀπὸ
341 1855 569 1920 πολλῶν,
598 1856 630 1925 ἢ
662 1856 767 1908 ἀπὸ
806 1857 952 1925 μιᾶς.
980 1856 1091 1907 Καὶ
1119 1854 1212 1908 ἐάν
1241 1856 1338 1925 μὲν
1361 1854 1787 1908 ἀντακολουθοῦ-

203 1962 293 1998 σιν
327 1946 581 2017 ἀλλήλαις
609 1949 662 1999 αί
689 1946 875 1999 κακίαι
905 1946 1089 2018 ῶσπερ
1114 1946 1204 1998 καὶ
1228 1946 1438 2017 ἀρεταὶ,
1473 1948 1501 1999 6
1534 1945 1641 1999 ἀπὸ
1659 1947 1787 2017 μιᾶς

200 2037 456 2091 ἐκπεσὼν
508 2039 705 2109 ἀρετῆς
750 2037 1059 2091 κυκλοῦται·
1115 2038 1209 2091 ἐάν
1257 2037 1312 2090 δὲ
1346 2038 1419 2109 μὴ
1462 2038 1787 2093 ἀντακολου-

201 2128 389 2181 θοῦσιν
416 2129 669 2200 ἀλλήλαις
706 2132 758 2183 αἱ
794 2130 1002 2193 κακίαι,
1032 2130 1129 2200 οὐχ
1163 2130 1190 2182 6
1216 2130 1323 2183 ἀπὸ
1352 2132 1479 2200 μιᾶς
1506 2131 1789 2202 ἐκϐληθεὶς

201 2215 407 2286 ἀρετῆς
436 2216 746 2280 κυκλοῦται,
771 2217 883 2270 ἀλλ’
917 2220 945 2271 6
983 2219 1089 2271 ἀπὸ
1115 2216 1325 2273 πασῶν.
1364 2220 1435 2272 Ἥ
1464 2219 1607 2291 τάχα
1636 2217 1790 2294 ἧστι-

1899 493 2046 556 tnici,
2084 511 2188 548 non
2217 497 2361 548 enim
2398 506 2641 564 possunt,
2668 499 2760 550 sed
2792 497 3009 565 quando
3049 512 3200 554 extra
3232 502 3472 570 ejicittnt.

1898 583 1963 638 Et
1989 595 2319 653 statuerunt,
2371 588 2567 656 inquit,
2600 588 2789 643 oeulos
2820 602 2948 643 suos
3000 590 3051 643 in
3083 607 3169 646 tne.
3197 593 3477 650 declinare

1898 688 1926 725 a
1960 673 2100 726 crelo
2132 675 2183 727 in
2216 684 2434 740 terram,
2473 677 2574 730 hoc
2609 687 2690 731 est
2718 678 2767 730 in
2821 679 3129 734 materiam.
3168 682 3245 735 Ad
3277 698 3477 740 nocen-

1896 764 2020 815 dntn
2053 772 2228 817 autem
2260 774 2313 817 et
2342 766 2672 833 perdendum
2705 768 3043 821 circumdant
3075 772 3164 839 qui
3201 772 3336 826 nihil
3371 775 3474 828 nisi

1898 862 2113 907 terrena
2160 863 2217 907 et
2267 863 2608 923 temporanea
2664 857 2842 911 videre
2887 870 3155 927 quaerunt,
3203 862 3476 918 declinant

1895 959 2024 997 vero
2074 945 2168 1012 qui
2225 954 2429 998 rectam
2483 945 2622 999 viam
2675 958 3011 1014 pervertunt,
3054 950 3217 1004 etiam
3264 951 3471 1021 impru-

1896 1036 2110 1090 dentes.

1966 1126 2239 1196 Ejusdem.
2309 1128 2460 1183 llnnc
2508 1130 2855 1184 circumdant
2912 1132 3186 1189 dtrmones
3229 1150 3391 1204 quem
3442 1152 3475 1191 e

1894 1217 2094 1271 virtute
2131 1219 2409 1288 dejiciunt.
2449 1221 2816 1287 Quamobrem
2873 1223 3095 1291 pulchre
3150 1228 3351 1282 dicitur
3375 1228 3419 1261 "
3454 1247 3470 1283 τ

1903 1326 1921 1359 ι
1952 1306 2007 1361 Si
2039 1309 2264 1376 spiritus
2294 1320 2614 1379 potestatem
2645 1312 2899 1365 habentis
2948 1314 3260 1368 ascenderit
3313 1316 3362 1369 in
3395 1324 3471 1381 te,

1895 1399 2071 1454 locum
2127 1408 2275 1452 tuum
2333 1416 2401 1454 ne
2449 1401 2694 1456 deseras.
2736 1420 2755 1453 ι
2800 1399 2867 1455 Et
2915 1401 3044 1456 illud
3070 1404 3115 1435 "
3161 1420 3177 1458 :
3235 1424 3253 1456 ι
3297 1406 3475 1463 Nolite

1894 1492 2020 1545 dare
2046 1492 2220 1546 locum
2246 1489 2506 1557 maligno.
2533 1508 2550 1542 ι
2575 1491 2738 1557 Quasi
2764 1492 2965 1547 diceret
2990 1512 3003 1547 :
3033 1494 3087 1546 Si
3116 1495 3339 1563 spiritus
3366 1495 3476 1550 for-

1894 1579 2182 1634 nicationis
2205 1580 2511 1635 ascenderit
2535 1581 2588 1634 in
2616 1590 2685 1643 te,
2709 1580 3095 1636 continentiam
3125 1594 3268 1636 tuam
3294 1601 3360 1639 ne
3381 1587 3473 1639 de-

1894 1686 2062 1726 seras.
2087 1671 2152 1725 Et
2172 1670 2218 1725 si
2248 1672 2466 1740 spiritus
2488 1672 2599 1725 odii
2626 1675 2937 1729 ascenderit
2967 1676 3017 1728 in
3054 1686 3124 1743 te,
3149 1677 3470 1733 eliaritatem

1890 1769 2033 1813 tuam
2069 1775 2135 1813 ne
2158 1762 2398 1815 deseras.
2416 1761 2679 1816 Caeterum
2703 1765 3152 1821 considerandum
3174 1778 3258 1822 est
3283 1784 3349 1823 an
3377 1770 3470 1839 qui

1891 1848 1959 1902 ab
1981 1849 2232 1903 omnibus
2262 1851 2553 1904 virtutibus
2578 1852 2794 1917 decidit,
2819 1854 3203 1919 circumdetur,
3222 1872 3290 1911 an
3316 1860 3403 1926 qui
3439 1875 3468 1911 a

1891 1938 2093 2004 multis,
2129 1955 2195 1993 an
2243 1941 2334 2009 qui
2364 1942 2431 1995 ab
2466 1957 2593 1993 una.
2652 1942 2708 1996 Si
2742 1960 2861 1999 sese
2893 1947 3122 2001 invicem
3168 1957 3471 2017 sequuntur

1891 2025 2135 2091 malitiae,
2161 2028 2613 2094 quemadmodum
2646 2040 2698 2083 et
2732 2032 2981 2100 virtutes,
3011 2036 3101 2103 qui
3139 2037 3204 2090 ab
3233 2052 3335 2092 una
3370 2038 3472 2091 vir-

1890 2123 2002 2168 tute
2032 2116 2252 2181 excidit,
2304 2115 2691 2173 circumdatur.
2754 2118 2813 2174 Si
2850 2132 3028 2176 autem
3065 2140 3187 2179 sese
3237 2126 3466 2181 invicetn

1889 2220 1995 2259 non
2020 2218 2343 2275 sequuntur,
2374 2224 2478 2263 non
2510 2211 2601 2280 qui
2638 2212 2705 2265 ab
2730 2228 2835 2266 una
2865 2214 3065 2268 virtute
3096 2218 3322 2283 excidit,
3354 2220 3465 2271 cir-

198 2307 296 2369 v6;
317 2325 397 2370 τις
425 2308 619 2379 ἀρετῆς
654 2308 930 2381 ἐκπίπτει,
962 2310 1068 2364 ὑπὸ
1092 2309 1190 2381 τῆς
1218 2310 1600 2382 ἀντικειμένης
1615 2312 1784 2385 ταύτῃ

1900 2298 2197 2364 :umdatur,
2238 2302 2329 2354 sed
2376 2303 2466 2371 qui
2500 2305 2567 2357 ab
2602 2304 2879 2359 omnibus.
2924 2306 3016 2360 Vel
3068 2308 3207 2364 forte
3253 2327 3282 2364 e
3326 2326 3466 2380 qna-

197 2399 402 2461 κακίας
437 2398 746 2453 κυκλοῦται.

287 2578 605 2633 Ὺπέλαϐόν
623 2597 698 2649 με
729 2580 869 2633 ὡσεὶ
896 2580 1053 2636 λέων
1070 2580 1301 2651 ἕτοιμος
1327 2584 1414 2648 εἰς
1439 2581 1649 2651 θήραν,
1689 2582 1783 2636 καὶ

1884 2405 2099 2461 cunque
2140 2393 2342 2448 virtute
2391 2397 2515 2465 quis
2550 2397 2774 2464 excidit,
2806 2400 2873 2453 ab
2903 2415 2963 2455 ea
3009 2418 3127 2471 qua:
3163 2402 3239 2457 illi
3274 2406 3465 2460 adver-

1887 2496 2062 2552 satur,
2096 2488 2300 2542 malitia
2330 2489 2721 2543 circumdatur.

1963 2575 2124 2631 Vens.
2161 2578 2247 2633 12.
2311 2578 2660 2647 Susceperunt
2711 2596 2791 2633 me
2840 2581 2972 2634 sicut
3015 2582 3093 2635 leo
3140 2591 3354 2650 paratus
3398 2584 3468 2636 ad

189 2672 347 2725 ὡσεὶ
378 2672 648 2739 σκύμνος
675 2670 853 2725 οἰκῶν
889 2672 959 2726 ἐν
995 2672 1385 2742 ἀποκρύροις,
1423 2692 1475 2727 κ.
1526 2693 1574 2727 τ.
1608 2676 1655 2731 ὲ.
1700 2676 1787 2729 Ἐν

1900 2670 2122 2721 παοάωη
2154 2683 2171 2721 :
2201 2680 2245 2721 et
2270 2669 2405 2721 sicut
2439 2669 2648 2723 catulus
2681 2670 2845 2724 leonis
2879 2672 3122 2725 habitam
3166 2674 3217 2725 iu
3252 2674 3465 2738 abditis,

186 2763 541 2834 ἀποκρύφοις
565 2764 673 2834 (51)
707 2764 815 2835 γάρ
839 2766 931 2818 καὶ
962 2766 1322 2837 ἀπροοράτοις
1348 2768 1479 2837 ἡμῖν
1511 2764 1786 2820 ποιοῦνται

186 2851 303 2915 τὰς
330 2852 447 2905 καθ’
478 2853 633 2922 ήμῶν
659 2853 877 2925 ἐνέδρας
897 2853 970 2916 ὡς
996 2854 1232 2925 σκύμνος
1256 2856 1305 2907 oi
1335 2853 1538 2926 ἐχθροί.

281 2941 388 2994 Τοῦ
440 2941 645 2995 αὐτοῦ.
705 2942 804 2994 Διά
863 2942 955 2995 τοῦ
1004 2944 1313 3017 ἀκαθάρτου
1366 2944 1477 3016 (52)
1526 2944 1785 3016 λογισμοῦ

189 3032 572 3102 ὑπολαμϐάνει
598 3033 686 3086 τὸν
702 3033 825 3085 νοῦν
848 3035 880 3103 ή
889 3034 1004 3103 μῶν
1022 3036 1049 3087 6
1074 3036 1449 3105 ἀντικείμενος
1479 3037 1611 3105 ἡμῖν
1626 3035 1784 3089 λέων.

190 3124 277 3177 Τὸ
305 3123 519 3191 λογικὸν
554 3124 656 3193 τῆς
680 3124 894 3192 φύσεως
931 3125 1335 3197 ἀπορρίψαντες
1363 3126 1528 3197 θηρία
1555 3127 1785 3197 μιμοῦν-

192 3231 292 3267 ται
324 3215 527 3286 τροφῆς
552 3214 834 3285 ἐφιέμενα,
868 3214 963 3270 καλ⁵
985 3214 1191 3285 ταύτην
1231 3218 1667 3286 περισκοποῦντα
1692 3221 1786 3272 καὶ

200 3305 463 3374 ἐξαπίνης
492 3304 767 3375 ὁρμῶντα.

289 3391 616 3459 Ἀνάστηθι,
638 3393 833 3460 Κύριε,
860 3394 1214 3461 πρόρθασον
1238 3396 1480 3461 αὐτοὺς,
1514 3396 1609 3449 καὶ
1639 3400 1787 3451 ὐπο-

204 3476 500 3534 σκέλισόν
525 3481 764 3547 αὐτοὺς·
778 3482 963 3549 ῥῦσαι
986 3483 1098 3550 τὴν
1120 3485 1330 3553 ψυχήν
1351 3504 1469 3554 μου
1502 3487 1620 3539 ἀπὸ
1648 3488 1790 3541 ἀσε-

204 3570 371 3636 ϐοῦς,
424 3572 731 3639 ῥομφαίαν
793 3587 909 3625 σου
968 3574 1085 3626 ἀπὸ
1141 3575 1370 3642 ἐχθρῶν
1430 3576 1541 3643 τῆς
1593 3580 1789 3646 χειρός

202 3676 345 3726 σου,
374 3678 429 3713 κ.
461 3678 511 3713 τ.
541 3662 590 3714 ἐ.
624 3660 732 3732 Τὴν
760 3663 1034 3732 ῥομφαίαν
1062 3664 1172 3733 (53)
1201 3664 1295 3717 τοῦ
1326 3666 1461 3719 Θεοῦ
1487 3665 1596 3718 ἔσθ’
1622 3669 1710 3721 ὅτε
1740 3670 1787 3721 οί

208 3754 393 3824 ἐχθροὶ
429 3756 526 3826 τῆς
574 3754 757 3825 χειρὸς
792 3755 956 3807 αὑτοῦ
989 3755 1428 3826 ἀναλαμϐάνουσι
1455 3757 1575 3811 καθ’
1605 3760 1785 3829 ἡμῶν.

208 3845 425 3916 Ταύτην
452 3843 544 3899 οὖν
589 3844 851 3917 ρυσθῆναι
891 3847 987 3899 καὶ
1039 3846 1271 3918 ἀρθῆναι
1306 3848 1415 3901 ἀπὸ
1444 3849 1550 3902 τῶν
1580 3851 1788 3922 ἐχθρῶν

208 3933 422 4005 εὔχεται
450 3930 527 4005 τῷ
544 3934 683 4006 Θεῷ.

287 4025 393 4078 Τοῦ
422 4025 628 4079 αὐτοῦ.
669 4026 875 4095 Ὥσπερ
924 4025 1043 4079 Ἰὼϐ
1092 4026 1205 4097 (54)
1240 4027 1340 4097 τὴν
1384 4027 1668 4099 πλήξασαν
1702 4030 1791 4084 αὑ.

207 4116 299 4169 τὸν
334 4116 562 4186 δύναμιν
589 4118 746 4187 χεῖρα
771 4116 917 4184 λέγει
959 4115 1115 4168 Θεοῦ
1148 4134 1165 4167 ι
1206 4118 1298 4187 Μή
1338 4133 1405 4186 με
1436 4116 1728 4188 στροϐείτω
1764 4136 1782 4169 ι

208 4210 335 4280 γὰρ,
360 4210 543 4279 φησιν,
591 4228 609 4260 ι
650 4209 683 4279 η
719 4207 840 4279 χείρ
876 4225 989 4260 σου·
1035 4228 1054 4260 s
1109 4206 1254 4261 οὕτω
1285 4209 1527 4272 καὶτοὺς
1564 4209 1789 4280 ἐχθροὺς

206 4303 303 4369 τῆς
344 4301 693 4371 εὐεργετικῆς
726 4300 906 4370 χειρὸς
946 4299 1038 4352 τοῦ
1066 4299 1221 4363 Θεοῦ,
1254 4302 1529 4370 ῥομφαίαν
1568 4304 1596 4355 6
1627 4301 1789 4354 Δαυῒδ

208 4388 365 4480 καλ-εἴ
388 4386 478 4440 τοῦ
503 4386 657 4439 Θεοῦ.
695 4388 1028 4458 Εὐεργετικὴ
1060 4387 1117 4441 δὲ
1146 4388 1267 4459 χεὶρ
1293 4392 1340 4442 οί
1370 4390 1513 4457 ἅγιοι
1545 4390 1783 4459 ἄγγελοι,
1819 4425 1861 4480 D

207 4478 275 4532 δι’
293 4470 367 4529 ὧν
396 4479 423 4529 6
448 4477 579 4540 Θεὸς
622 4480 928 4543 προνοεῖται
960 4477 1052 4529 τοῦ
1092 4478 1317 4548 κόσμου,
1344 4474 1426 4543 οἷς
1458 4480 1787 4534 ἀντίκεινται

209 4568 477 4637 δαίμονες,
510 4568 555 4619 οἱ
594 4567 668 4638 μὴ
705 4566 1013 4637 βουλόμενοι
1049 4570 1225 4622 πάντα
1249 4569 1534 4640 ἄνθρωπον
1564 4572 1644 4633 είς
1670 4571 1789 4623 ἐπί-

218 4670 407 4723 γνωσιν
436 4657 690 4728 ἀληθείας
726 4656 918 4711 ἐλθεῖν.
951 4658 1090 4729 Χεὶρ
1110 4658 1245 4712 Θεοῦ
1263 4662 1291 4713 6
1316 4660 1609 4732 μονογενὴς
1636 4661 1783 4724 Υἱός·

214 4750 532 4818 ῥομφαία.δέ
565 4752 598 4821 ὴ
632 4752 804 4821 ἰσχὺς,
845 4752 878 4821 ἡ
921 4750 1166 4821 δύναμις,
1204 4754 1237 4823 ἡ
1273 4752 1510 4816 ἐξουσία.
1553 4753 1788 4824 Ἐκάστη

209 4840 353 4913 ψυχὴ
372 4842 553 4896 δικαία
570 4842 800 4895 ἕλκουσα
827 4843 952 4905 τοὺς
976 4844 1332 4914 ἁμαρτωλοὺς
1364 4844 1423 4908 ἐξ
1444 4845 1691 4909 ἀσεϐείας
1711 4847 1791 4908 είς

212 4932 540 4997 θεοσέϐειαν,
576 4935 815 5005 ῥομφαία
852 4934 968 4987 ἐστὶ
1003 4934 1138 4987 Θεοῦ
1164 4936 1477 5006 ὴκονημένη
1510 4937 1650 4989 κατά
1678 4936 1787 4989 τῶν

214 5026 535 5095 πνευμάτων
566 5025 665 5094 τῆς
696 5026 980 5096 πονηρίας.
1021 5024 1238 5095 Ταύτην
1274 5022 1365 5079 οὖν
1392 5026 1489 5094 τὴν
1515 5024 1788 5096 ῥομφαίαν

215 5132 306 5169 σου
338 5118 497 5187 ῥῦσαι
533 5118 641 5171 ἀπὸ
668 5117 877 5189 ἐχθρῶν
922 5135 1014 5171 σου
1045 5118 1151 5170 τῶν
1185 5117 1592 5189 ἀνθισταμένων
1618 5120 1682 5187 τῇ
1709 5119 1789 5180 είς

214 5206 301 5261 τὸν
330 5208 604 5279 Μονογενῆ
631 5210 829 5265 πίστει.

282 5371 325 5404 ³⁷
350 5372 527 5427 Ecclc.
566 5389 619 5435 κ,
646 5372 698 5425 4.
772 5374 816 5404 ⁸⁸
843 5372 1041 5443 Epltes.
1066 5386 1139 5435 tv,
1161 5370 1253 5425 27.
1330 5371 1373 5402 "
1400 5368 1520 5425 Job.
1547 5385 1622 5433 ix,
1648 5360 1739 5424 ὅτι.

304 5483 394 5551 49)
426 5482 639 5537 ’Ἑν-δον
665 5483 862 5549 ὄντας,
894 5491 999 5537 etc.
1035 5482 1212 5551 Codex
1240 5481 1373 5534 Boe.

304 5484 394 5551 49)
426 5484 639 5537 ’Ἑν-δον
665 5484 862 5549 ὄντας,
894 5491 999 5537 etc.
1035 5484 1212 5536 Codex
1240 5484 1373 5534 Boe.

282 5484 396 5635 εὕρ)
440 5552 660 5635 Τοῦτον
692 5552 1027 5607 κινκλοῦσιν
1053 5554 1105 5605 οι
1130 5550 1427 5619 δαίμονες,
1455 5560 1561 5606 etc.
1593 5549 1779 5607 Codex

216 5623 462 5685 C0islin.,
494 5624 556 5676 l0

286 5694 396 5764 (5i)
437 5695 530 5748 Ἐν
562 5693 955 5763 ἀποκρύφοις,
982 5701 1088 5749 etc.
1118 5691 1297 5749 Codex
1331 5690 1465 5745 ltoe.

1887 2769 1994 2815 etc.
2036 2758 2093 2813 In
2124 2758 2375 2814 obscuris
2408 2761 2557 2814 enim
2606 2772 2654 2816 et
2696 2762 2850 2817 nobis
2897 2763 3303 2833 inopinantibus
3331 2765 3464 2820 insi-

1887 2849 2110 2904 diantur
2144 2849 2348 2904 inimici
2386 2851 2528 2904 sicut
2553 2851 2765 2905 catulus
2792 2852 2981 2906 leonis.

1914 2940 1919 2943 ’
1961 2940 2237 3009 Ejusdem.
2318 2940 2422 2995 l’er
2475 2943 2783 2998 immundus
2835 2946 3191 3014 cogitationes
3238 2949 3466 3017 suscipit

1891 3045 2131 3088 mentem
2171 3043 2413 3086 nostram
2463 3036 2808 3090 adversarius
2852 3046 3036 3091 noster
3082 3038 3183 3092 leo.
3238 3038 3461 3107 Alijecta

1890 3125 2122 3179 naturali
2173 3125 2385 3178 ratione
2438 3124 2588 3179 feras
2637 3126 2919 3180 imitantttr
2952 3143 3070 3197 qua:
3099 3129 3350 3182 alimenta
3392 3131 3462 3183 ita

1888 3226 2145 3285 appetunt
2198 3225 2256 3269 ut
2304 3217 2355 3269 in
2398 3231 2461 3270 ea
2497 3218 2665 3272 semel
2710 3228 2999 3287 conspecta
3050 3220 3229 3274 subito
3263 3220 3463 3289 impetu

1887 3309 2152 3362 ferantur.

1963 3397 2123 3451 Vens.
2158 3397 2244 3460 l5,
2271 3396 2355 3449 14.
2417 3397 2676 3467 Exsurge,
2728 3397 2972 3463 Domine,
3018 3398 3247 3467 prteveui
3287 3414 3372 3453 eos
3414 3407 3464 3453 et

1887 3489 2167 3554 supplauta
2202 3501 2287 3538 eos
2307 3502 2325 3549 ,'
2358 3489 2497 3557 eripe
2525 3488 2757 3540 animam
2810 3503 2977 3539 meum
3020 3489 3085 3541 ab
3120 3490 3297 3556 impio,
3350 3489 3467 3558 fra-

1890 3595 2057 3631 meam
2092 3587 2235 3633 tuam
2276 3582 2339 3635 ab
2381 3580 2608 3633 inimicis
2649 3594 2839 3631 manus
2890 3587 3014 3643 tuae,
3058 3590 3163 3635 etc.
3208 3579 3300 3633 Dei
3357 3581 3466 3635 fract

1891 3684 2062 3722 meam
2085 3671 2374 3740 aliquando
2400 3670 2601 3725 inimici
2618 3683 2808 3722 manus
2832 3668 2948 3736 ejus
2976 3680 3257 3724 asstnnunt
3274 3672 3465 3724 adver-

1888 3776 2006 3813 smn
2037 3776 2156 3815 nos.
2195 3762 2240 3815 A
2279 3762 2387 3817 Deo
2420 3761 2583 3830 igitur
2614 3760 2747 3829 petit
2789 3760 2928 3815 hanc
2960 3761 3029 3815 ab
3068 3760 3302 3816 inimicis
3324 3759 3463 3830 eripi

1888 3861 1943 3906 et
1972 3850 2196 3907 auferri.

1962 4030 2235 4100 Ejusdem.
2296 4030 2761 4098 Quemadmodum
2791 4028 2893 4084 Joh
2929 4028 3035 4081 vim
3063 4030 3234 4099 ipsum
3276 4027 3460 4096 flagel-

1890 4124 2089 4178 lantem
2128 4123 2218 4177 Dei
2266 4122 2761 4194 manum‘appellat
2798 4139 2812 4174 :
2854 4139 2871 4172 ι
2908 4119 3022 4175 Νοιι
3054 4135 3164 4184 me.
3192 4120 3459 4190 inquit”,

1892 4224 2145 4284 torqueat
2172 4228 2360 4267 manus
2394 4222 2483 4265 tua
2505 4229 2520 4278 ;
2545 4230 2563 4263 ι
2595 4212 2673 4265 sic
2698 4221 2753 4267 et
2790 4211 3038 4265 inimicos
3066 4210 3323 4266 benefica:
3353 4227 3465 4264 ma-

1893 4320 1991 4360 nus
2019 4305 2132 4370 Dei,
2170 4303 2430 4358 frameam
2463 4303 2557 4357 Dei
2592 4314 2748 4357 vocat
2774 4304 2960 4357 David.
3001 4301 3250 4357 Bcnefica
3278 4311 3461 4357 autem

1891 4409 2084 4448 manus
2114 4394 2229 4457 Dei,
2257 4393 2430 4447 sancti
2460 4391 2637 4462 angeli
2670 4402 2818 4456 sunt,
2848 4408 2943 4460 per
2972 4406 3109 4460 quos
3143 4392 3281 4447 Deus
3315 4408 3467 4445 mun-

1891 4484 1959 4537 do
1993 4484 2261 4555 providet,
2298 4492 2354 4536 et
2400 4484 2600 4552 quibus
2635 4483 2908 4536 daemones
2956 4484 3340 4549 adversantur,
3369 4482 3462 4551 qui

1893 4574 2086 4629 nolunt
2117 4589 2307 4628 omnes
2356 4575 2607 4629 homines
2640 4573 2706 4628 ad
2754 4573 2999 4628 veritatis
3035 4574 3283 4627 notitiam
3310 4586 3464 4627 acce-

1892 4667 2039 4721 dere.
2083 4665 2272 4720 Manus
2319 4665 2431 4727 Dei.
2486 4666 2800 4737 unigenitus
2849 4664 3018 4719 Filius
3068 4673 3180 4726 est;
3235 4662 3462 4725 framea,

1891 4758 2085 4821 virtus,
2131 4759 2213 4811 vis
2243 4767 2295 4810 et
2327 4766 2587 4828 potestas.
2644 4756 2911 4824 Qutelibet
2953 4754 3132 4807 anima
3165 4751 3307 4819 iusta
3345 4766 3466 4817 quae

1893 4859 2207 4919 peccatores
2257 4851 2426 4904 trahit
2470 4851 2537 4902 ab
2563 4850 2842 4917 impietate
2883 4845 2948 4898 ad
2996 4845 3273 4913 pietatem,
3300 4839 3467 4912 θοῆἱ

1892 4941 2093 4995 framea
2126 4940 2217 4995 Dei
2250 4950 2331 4994 est
2362 4949 2519 4993 acuta
2551 4947 2742 4992 contra
2775 4937 2998 5004 spiritus
3032 4932 3270 4987 malitia).
3315 4930 3465 4984 llanc

1891 5029 2052 5099 igitur
2078 5029 2337 5083 frameam
2364 5038 2509 5081 tuam
2542 5027 2691 5095 eripe
2719 5025 2787 5080 ah
2814 5024 3047 5079 inimicis
3070 5020 3196 5084 tuis,
3220 5020 3309 5089 qui
3343 5017 3463 5073 fidei

1894 5121 1947 5174 in
1987 5120 2333 5191 Unigenitum
2365 5118 2744 5174 adversantur.

1953 5476 2068 5542 (52)
2098 5473 2199 5527 Διὰ
2219 5471 2324 5526 τοῦ
2354 5467 2714 5542 ἀκαθάρτου,
2738 5477 2843 5542 etc.
2868 5465 3047 5542 Codex
3070 5461 3462 5518 Coislinianns.

1987 5536 2075 5616 53)
2111 5544 2230 5616 Τὴν
2255 5536 2579 5616 ῥομφαίαν,
2614 5550 2721 5616 etc.
2747 5536 3061 5616 Q0?tl£l‘lll§.
3090 5603 3101 5615 .

1896 5685 1937 5740 Β
2113 5598 2346 5681 ’Ὠστίερ
2373 5598 2509 5677 Ἶώΰ,
2545 5598 2649 5664 etc.
2676 5607 2856 5663 Codex
2883 5603 3245 5661 Coislinianus
3288 5598 3376 5666 l0,
3416 5605 3471 5651 et

1944 5703 2004 5739 ar
2024 5699 2191 5738 tarus.
