3942 6216
163 215 311 272 1⁸3⁸ὶὸ

1085 203 1392 262 SELECTA
1430 203 1493 260 IN
1536 203 1871 261 PSALMOS.
1912 237 1978 246 -—
2017 205 2214 263 I’SAL.
2251 204 2411 262 XVII.

3289 215 3422 272 me

161 327 244 390 ὡς
272 329 449 396 τεῖχος
492 320 638 392 αὖτῷ
681 321 968 390 γενόμενον
999 337 1010 349 ο
1053 320 1288 392 ρύστην,
1326 321 1401 383 ὼς
1445 319 1532 372 ὑπ’
1579 319 1740 372 αὑτοῦ

1858 335 1943 375 rus
1983 324 2032 376 ei
2096 322 2294 390 fuerit;
2358 323 2739 390 liberatorem,
2798 337 2858 382 ut
2915 329 2983 383 ah
3043 328 3156 398 ipso
3213 333 3423 387 redem-

159 415 484 480 λυτρωθείς.

243 435 264 470 τ
385 434 484 470 εις.

243 434 588 561 Ἰῗῦυαῦτοῦ.
623 505 822 576 Βοηθδν
849 500 970 558 εἷπε
1002 505 1111 575 (62)
1137 506 1228 558 τὸν
1251 505 1402 569 Θεὺν,
1431 506 1504 568 ὼς
1530 506 1746 557 ἐπικου-

165 599 238 671 ρή
247 615 440 653 σαντα.

244 689 358 743 Τοῦ
382 689 588 743 αὐτοῦ.
629 686 1068 759 Ὑπερασπιστὴν
1101 687 1202 759 ἔφη
1231 687 1340 759 (6⁵5)
1363 687 1452 740 τὸν
1487 687 1640 751 Θεὸν,
1670 686 1744 750 ὼς

159 778 485 849 πρόμαχον·
521 779 688 851 κέρας
718 779 1024 850 σωτηρίας,
1061 778 1137 842 ὡς
1175 778 1239 831 δι’
1274 779 1439 833 αὐτοῦ
1492 781 1618 844 τοὺς
1656 780 1747 850 ὲχ-

161 868 334 940 θροῦς
358 871 558 941 τρόπον
601 872 722 926 τινα
778 872 1090 943 κερατίσας,
1131 872 1225 924 καὶ
1257 874 1320 942 τῇ
1373 871 1562 926 τούτου
1608 889 1744 944 προ·

168 963 373 1035 μηθείᾳ
396 963 699 1027 διασωθείς.
728 963 910 1034 Κέρας
962 965 1227 1035 σωτήριον
1277 965 1370 1017 καὶ
1426 965 1454 1016 ὁ
1485 965 1740 1035 Χριστὸς,

160 1055 312 1107 κατὰ
335 1054 424 1108 τὸν
451 1056 723 1127 Ζαχαρίαν
746 1055 989 1122 λέγοντα·
1022 1075 1039 1106 ι
1081 1055 1193 1108 Καὶ
1217 1055 1405 1124 ἤγειρε
1439 1055 1607 1126 κέρας
1641 1073 1743 1108 σω-

161 1143 364 1213 τηρίας
390 1145 542 1214 ἡμῖν.
575 1162 592 1194 ι
627 1144 810 1215 Κέρας
835 1143 927 1196 καὶ
964 1144 998 1213 ἡ
1055 1143 1329 1214 βασιλεία,
1367 1144 1442 1206 ὡς
1474 1145 1552 1196 τό.
1618 1163 1635 1194 ι
1658 1145 1747 1196 ’Υ-

157 1231 341 1301 ψώσει
371 1235 538 1306 κέρας
569 1233 804 1306 Χριστοῦ
848 1234 1031 1289 αὑτοῦ.
1067 1254 1084 1284 ο

224 1323 424 1376 Αἰγῶν
453 1322 888 1393 ἐπικαλέσομαι
910 1325 1146 1391 Κύριον,
1171 1322 1266 1376 καὶ
1291 1323 1357 1375 ἐκ
1383 1323 1500 1376 τῶν
1518 1323 1745 1392 ἐχθρῶν

155 1431 282 1483 μου
313 1414 681 1484 σωθήσομαι,
711 1431 766 1467 κ.
792 1432 843 1470 τ.
877 1415 925 1468 ἐ.
968 1413 1025 1466 '0
1059 1413 1194 1484 μετὰ
1255 1413 1348 1467 τοῦ
1413 1415 1601 1484 ὑμνεῖν
1632 1413 1742 1485 (64)

162 1506 485 1577 εὐχόμενος,
513 1505 677 1559 αἰνῶν
703 1505 1042 1559 ἐπικαλεῖται
1077 1506 1168 1558 τὸν
1199 1503 1414 1576 Κύριον.
1455 1505 1643 1570 Οὐδεὶς
1687 1506 1744 1560 δὲ

157 1598 345 1663 οὕτως
395 1598 615 1670 εὔχεται
652 1601 764 1662 τοῖς
824 1599 1178 1668 συμϐαίνουσι
1225 1599 1739 1670 δυσαρεστούμενος.

1848 421 1990 483 plus.

1917 501 2194 572 Ejusdem.
2221 505 2534 574 Adjutorem
2577 510 2712 565 dixit
2760 510 2970 576 Deum,
2999 519 3186 582 utpote
3235 528 3264 566 a
3316 530 3416 584 qur

1849 593 2106 648 auxilium
2136 599 2423 665 acceperit.

1917 683 2196 755 Ejusdem.
2232 689 2604 747 Protectorem
2629 694 2768 749 dixit
2800 696 2996 762 Deum,
3033 710 3097 751 ac
3142 698 3186 751 si
3219 697 3426 753 diceret

1851 787 2346 846 propugnatorem;
2371 797 2541 836 cornu
2576 783 2803 850 salutis,
2839 798 2898 841 ut
2929 787 3081 856 cujus
3107 804 3209 857 ope
3242 790 3426 844 inimi-

1849 883 1942 922 cos
1973 868 2370 936 quodammodo
2397 887 2566 928 cornu
2593 877 2954 945 prostravcrit
2977 917 2990 942 ,
3017 886 3070 933 et
3094 880 3210 950 ejus
3243 882 3428 950 provi-

1848 960 2028 1014 dentia
2069 960 2333 1018 liberatus
2388 962 2571 1019 fuerit.
2617 965 2794 1021 Cornu
2834 968 3024 1024 salutis
3071 980 3155 1026 est
3202 982 3256 1027 et
3311 975 3426 1043 ipse

1847 1047 2292 1118 Christus,juxta
2323 1052 2644 1110 Zachariam
2687 1056 2955 1114 dicentem
2985 1061 3061 1116 ⁶¹ε
3110 1081 3128 1114 ι
3163 1062 3226 1117 Et
3247 1065 3424 1120 erexit

1847 1150 2016 1191 cornu
2063 1137 2258 1194 salutis
2309 1141 2485 1197 nobis.
2523 1162 2542 1195 ι
2614 1144 2793 1199 Cornu
2855 1157 2939 1202 est
2963 1149 3126 1204 etiam
3172 1167 3420 1222 regnum,

1841 1225 1994 1296 juxta
2033 1228 2161 1285 illud
2183 1231 2228 1262 ⁶¹
2257 1253 2267 1285 :
2312 1250 2332 1283 ι
2367 1231 2695 1292 Sublimabit
2726 1252 2897 1293 cornu
2932 1238 3131 1296 Christi
3163 1243 3268 1297 sui.
3307 1261 3326 1293 ι

1904 1316 2065 1373 Vens.
2088 1318 2144 1373 4.
2167 1319 2417 1377 Laudem
2439 1324 2689 1382 invocabo
2706 1326 3007 1399 Dominum,
3029 1340 3077 1386 et
3103 1334 3168 1386 ab
3191 1334 3421 1390 inimicis

1850 1409 1978 1462 meis
2001 1409 2177 1466 salvus
2201 1428 2312 1479 cro,
2335 1423 2443 1469 etc.
2480 1416 2723 1483 Quicum
2749 1420 2966 1492 hymnis
2993 1434 3270 1492 precatur,
3302 1425 3421 1480 lau-

1843 1497 1982 1554 dans
2014 1498 2230 1555 invocat
2268 1501 2576 1559 Dominum.
2613 1505 2804 1564 Nullus
2835 1519 3016 1566 autem
3042 1512 3134 1581 qui
3169 1528 3264 1579 ea,
3299 1530 3420 1585 qua:

1847 1589 2124 1658 accidunt,
2149 1607 2289 1663 πει-ρ
2313 1594 2436 1663 fert,
2471 1597 2548 1652 sic
2567 1609 2840 1668 precatur.
2870 1601 3003 1657 Cum
3029 1618 3158 1674 ergo
3179 1605 3418 1661 circum—

165 1691 280 1743 Καὶ
335 1689 444 1742 τῶν
509 1689 716 1760 ἐχθρῶν
777 1684 868 1742 οῦν
922 1690 1379 1760 περιεστηκότων,
1421 1689 1592 1754 οῦτως
1653 1692 1740 1744 εύ-

1858 1679 1976 1734 tlant
2010 1658 2233 1750 inimici,
2265 1683 2338 1738 ita
2369 1658 2697 1754 precandum
2725 1698 2825 1744 est.

165 1779 344 1834 κτέον.

240 1867 664 1940 Περιέσχονμε
717 1871 924 1940 ὠδῖνες
963 1873 1222 1928 θανάτου
1248 1913 1262 1938 ,
1303 1873 1401 1928 καὶ
1442 1876 1744 1945 χείμαρροι

163 1963 421 2032 ἀνομίας
478 1963 846 2032 ἐξετὰραξάν
887 1982 985 2036 με.
1025 1965 1246 2032 Ὡδῖνες
1291 1965 1438 2032 ᾅδου
1479 1968 1744 2036 περιεκύ-

167 2054 418 2108 κνιωσάν
455 2071 534 2124 με
552 2072 565 2086 ·
616 2055 1009 2126 προέφθασάν
1041 2074 1118 2127 με
1166 2057 1415 2127 παγιίδες
1463 2057 1741 2122 θανάτου,

162 2161 217 2198 κ.
237 2163 291 2200 τ.
316 2145 364 2198 ἐ.
383 2147 440 2200 '0
462 2146 695 2218 Χριστὸς
718 2147 849 2217 (65),
867 2146 1050 2212 καθὼς
1071 2147 1375 2218 ἄνθρωπος,
1401 2147 1533 2218 φησί
1547 2146 1740 2200 ταῦτα.

163 2235 354 2307 Τούτῳ
381 2236 490 2309 γὰρ
512 2240 540 2292 ὁ
565 2237 794 2303 Θάνατος
843 2239 1039 2302 ὠδῖνας
1067 2238 1241 2302 ἔτεκε,
1284 2237 1378 2290 καί
1424 2239 1473 2291 οἰ
1512 2237 1742 2305 ἀνομίας

161 2326 460 2400 χείμαρροι
485 2329 812 2401 ἐξετάραξαν
843 2330 1027 2396 αὑτὸν,
1065 2331 1151 2384 ὅτε
1192 2327 1344 2384 εἶπεν
1371 2347 1384 2362 υ
1424 2349 1442 2383 ι
1487 2333 1550 2384 ἸΙ
1595 2330 1740 2402 ψυχή

163 2437 269 2491 μου
305 2420 655 2492 τετάρακται·
683 2442 700 2474 ι
730 2423 792 2476 οὐ
825 2425 930 2493 μὴν
956 2422 1217 2494 κατέσχον
1241 2422 1451 2478 τοῦτον,
1479 2424 1588 2477 Καὶ
1615 2423 1740 2476 ὠδῖ-

159 2527 253 2576 νες
270 2511 396 2583 ᾅδου
425 2512 894 2584 περιεκύκλωσαν,
917 2512 1190 2584 οἰηθέντες
1210 2513 1371 2569 αὑτὸν
1391 2513 1740 2580 καταλαδεῖν,

157 2604 224 2658 οῦ
263 2604 371 2676 μὴν
399 2604 514 2668 uio;
536 2603 664 2675 ᾇδου
695 2604 910 2672 ἐγένετὸ
946 2621 1102 2658 ποτε.
1158 2603 1503 2676 Προέφθανον
1547 2605 1606 2658 δὲ
1641 2604 1741 2660 αὐσ-

157 2696 275 2760 τδν,
299 2697 464 2768 ἤγουν
485 2697 725 2768 προῆγον
747 2735 762 2760 ,
798 2696 891 2750 καὶ
921 2697 978 2750 αἰ
1023 2695 1159 2768 πρὸς
1193 2695 1420 2752 θάνατον
1454 2695 1741 2768 ἁμαρτίαι,

157 2786 408 2839 τουτέστι
443 2784 664 2854 παγίδες
684 2801 696 2814 ·
744 2784 856 2837 ἀλλ’
890 2783 1049 2837 αὐτὸν
1083 2785 1182 2854 οὐχ
1238 2784 1500 2841 ἑάλωσαν.
1531 2783 1742 2839 Οὐκοῦν

162 2876 497 2948 χειμάρρους
527 2873 753 2944 ἀνομίας
786 2875 930 2945 ἐρεῖς
973 2873 1041 2927 τὰ
1081 2874 1327 2945 ῥεύματα
1374 2875 1475 2947 τῆς
1518 2875 1737 2942 κακίας,

161 2968 259 3020 καὶ
297 2966 526 3022 θανάτου
563 2965 798 3036 παγίδας
818 2965 918 3031 τὰς
950 2965 1258 3038 πρακτικὰς
1293 2968 1589 3039 ἁμαρτίας.

239 3148 349 3202 Τοῦ
375 3147 593 3204 αὑτοῦ.
635 3149 830 3211 Ὠδῖνες
851 3147 1081 3201 θανάτου
1121 3147 1253 3218 (66),
1281 3149 1400 3218 ἤτοι
1431 3151 1484 3202 αἰ
1519 3152 1608 3204 τὸν
1643 3153 1742 3205 002-

161 3256 321 3292 νατον
349 3239 702 3310 τίκτουσαι,ῆ
737 3241 793 3292 αἰ
827 3239 1245 3310 συνειλημμέναι
1279 3241 1342 3292 ἐκ
1368 3240 1460 3293 τοῦ
1485 3241 1738 3307 Θανάτου,

163 3329 310 3390 ὅστις
334 3328 557 3398 ἔσχατος
589 3327 779 3399 ἐχθρὸς
808 3327 1358 3399 καταργηθησὸμενος
1388 3331 1489 3384 ὑπὸ
1526 3331 1738 3386 Παύλου

167 3421 522 3491 κεκήρυκται.

243 3509 352 3564 Τοῦ
384 3510 592 3566 αὐτοῦ.
633 3512 937 3583 Χείμαρροι
980 3513 1206 3583 ἀνομίας
1251 3511 1360 3582 (67)
1389 3515 1438 3566 οἰ
1501 3517 1738 3587 παράνο-

167 3619 257 3672 μοι
285 3601 552 3673 λογισμοί,
593 3603 788 3667 οἵτινες
839 3603 1024 3666 ὠδῖνες
1076 3603 1364 3658 καλοῦνται
1401 3605 1738 3676 χρονίζοντες

166 3696 224 3751 ἐν
249 3694 401 3764 ἡμῖν,
454 3694 548 3748 καὶ
580 3695 741 3748 πάλιν
783 3695 1009 3763 παγίδες
1043 3693 1398 3758 θανατοῦντες
1439 3699 1587 3767 ἡμᾶς
1650 3697 1738 3751 διὰ

165 3782 264 3855 τῆς
303 3787 424 3838 κατ’
449 3786 725 3858 ἐνέργειαν
759 3786 1050 3858 ἁμαρτίας.

235 3876 345 3932 Kal
399 3877 470 3931 ἐν
522 3878 602 3944 τῷ
647 3880 957 3933 θλίϐεσθαι
995 3897 1072 3948 με
1130 3878 1594 3948 ἐπεκαλεσάμην
1633 3879 1738 3933 τὸν

166 3969 402 4038 Κύριον,
429 3968 528 4022 καί
564 3967 714 4037 πρὸς
745 3969 849 4024 τὸν
882 3971 1032 4024 Θεόν
1046 3988 1167 4039 μου
1191 3970 1507 4038 ἐκέκραξα.
1532 3973 1739 4026 Ἤκου-

167 4075 279 4115 σεν
296 4060 365 4115 ἐκ
390 4059 538 4114 ναοῦ
562 4061 734 4130 ἁγίου
765 4060 951 4115 αὑτοῦ
984 4060 1095 4129 τῆς
1125 4059 1330 4129 φωνῆς
1366 4079 1509 4130 μου,
1546 4061 1642 4115 καί
1697 4063 1735 4130 ἡ

166 4152 391 4222 κραυγή
414 4171 531 4223 μου
581 4151 836 4206 ἐνώπιον
877 4152 1063 4208 αὑτοῦ
1107 4153 1514 4209 εἰσελεύσεται
1543 4154 1630 4218 εὶς
1668 4154 1739 4205 τὰ

162 4240 280 4299 ὦτα
307 4244 514 4307 αὐτοῦ,
546 4261 596 4298 κ.
622 4261 674 4300 τ.
701 4244 750 4298 ἐ.
790 4244 876 4297 Ἐν
895 4244 1090 4314 μέσαις
1116 4246 1237 4307 ταῖς
1267 4243 1478 4313 θλίψεσι
1510 4245 1618 4315 (68)
1644 4245 1736 4298 καὶ

1920 1854 2081 1915 Vsus.
2116 1857 2169 1923 5,
2197 1857 2248 1913 6.
2283 1859 2751 1920 Circ‘imdedernnt
2777 1883 2856 1922 me
2882 1868 3087 1925 dolores
3116 1874 3327 1939 mortis,
3370 1885 3418 1928 et

1849 1955 2104 2002 torrentes
2133 1949 2428 2018 iniquitatis
2458 1956 2892 2014 conturbauerunt
2941 1977 3043 2019 me.
3079 1962 3300 2020 Dolores
3337 1967 3420 2019 in-

1849 2039 1985 2106 ferni
2022 2040 2475 2097 circumdederunt
2517 2061 2629 2110 me;
2680 2063 3169 2121 praeoccupaverunt
3215 2072 3296 2110 me
3331 2059 3418 2110 (ao

1846 2131 1964 2201 οιιεὶ
1988 2132 2190 2197 mortis,
2224 2141 2330 2191 etc.
2367 2134 2640 2205 Christus,
2672 2149 2940 2208 quatenus
2971 2143 3133 2202 homo
3166 2155 3272 2216 est,
3300 2148 3419 2204 ltme

1849 2221 1999 2276 dicit.
2034 2220 2170 2278 Huic
2193 2223 2337 2279 enim
2371 2240 2518 2281 mors
2547 2228 2761 2288 dolores
2793 2234 3027 2304 peperit,
3058 2247 3113 2292 et
3145 2247 3416 2297 torrentes

1849 2311 2156 2382 iniquitatis
2187 2314 2363 2384 ipsum
2392 2321 2886 2392 conturbaverunt,
2926 2328 3144 2396 quando
3175 2330 3310 2385 dixit
3335 2331 3381 2364 “
3401 2349 3414 2364 ο

1852 2421 1871 2453 ι
1906 2404 2097 2460 Anima
2132 2422 2249 2462 mea
2280 2410 2492 2466 turbata
2518 2423 2636 2480 est;
2669 2433 2687 2468 ι
2721 2417 2813 2472 sed
2837 2416 3009 2487 ipsum
3034 2433 3139 2474 non
3168 2435 3418 2491 compre-

1849 2494 2175 2552 henderunt.
2217 2497 2284 2552 Et
2326 2499 2542 2558 dolores
2588 2504 2784 2560 inferni
2829 2509 3002 2578 ipsum
3043 2512 3418 2573 circumdede-

1847 2595 2003 2655 runt,
2041 2597 2295 2658 putantes
2337 2591 2514 2662 ipsum
2546 2598 2987 2668 apprehendere,
3034 2619 3222 2661 verum
3272 2624 3417 2664 nun-

1845 2691 2006 2748 quam
2038 2678 2181 2734 [ilius
2211 2679 2410 2738 inferni
2446 2685 2672 2741 exstitit.
2721 2685 3268 2763 l‘rmoecupaveruut,
3299 2698 3419 2755 sive

1846 2778 2226 2836 praevenerunt
2262 2771 2427 2827 etiam
2465 2773 2640 2844 ipsum
2679 2787 2909 2848 peccata
2951 2796 3069 2852 quae
3108 2785 3312 2842 ducunt
3348 2790 3416 2844 ad

1845 2867 2110 2926 mortem,
2148 2860 2201 2916 id
2252 2872 2334 2916 est
2395 2863 2602 2934 laquei;
2652 2868 2745 2922 sed
2791 2882 2916 2924 cum
2977 2887 3083 2926 nou
3133 2889 3411 2944 ceperunt.

1844 2950 2032 3023 Itaque
2081 2962 2353 3013 torrentes
2404 2959 2712 3030 iniquitatis
2758 2973 2907 3020 recte
2963 2966 3170 3024 dixeris
3215 2969 3414 3028 ﬂuenta

1846 3045 2098 3113 malitiae;
2128 3057 2183 3102 ct
2215 3048 2407 3105 mortis
2439 3049 2681 3121 laqueos,
2721 3058 2958 3124 practica
2990 3071 3234 3128 peccata.

1916 3137 2190 3208 Ejusdem.
2273 3142 2495 3200 Dolores
2532 3144 2728 3200 inferni
2761 3159 2917 3216 sunt,
2946 3152 3030 3206 vel
3064 3154 3156 3224 qui
3185 3165 3412 3212 mortem

1843 3229 2080 3296 pariunt,
2115 3230 2195 3284 vel
2226 3232 2316 3300 qui
2345 3235 2589 3304 concepti
2619 3243 2830 3291 suntex
2866 3248 3070 3308 morte,
3101 3242 3290 3300 ultimo
3320 3249 3413 3314 qui

1843 3317 2173 3386 destruetur,
2213 3323 2452 3387 inimico,
2489 3335 2545 3378 ut.
2579 3326 2652 3380 ait
2685 3325 2904 3384 Paulus.

1916 3500 2194 3571 Ejusdem,
2247 3503 2542 3562 Torrentes
2588 3507 2896 3579 iniquitatis
2952 3521 3079 3567 sunt
3144 3529 3414 3586 perversa:

1844 3591 2286 3652 ratiocinationes
2319 3612 2441 3668 quae
2467 3609 2731 3656 vocantur
2774 3601 2988 3659 dolores
3026 3605 3078 3659 in
3124 3608 3280 3672 nobis
3319 3611 3409 3664 diu

1841 3697 2257 3754 permanentes,
2297 3689 2424 3745 item
2465 3691 2642 3763 laquei
2677 3695 2766 3764 qui
2805 3704 3034 3752 mortem
3084 3699 3239 3754 nobis
3274 3700 3414 3756 infe-

1841 3785 1969 3830 runt
2001 3792 2096 3846 per
2122 3789 2404 3848 peccatum
2436 3794 2556 3841 actu
2588 3787 2959 3842 commissum.

1917 3867 2147 3924 νεικεῖ.
2175 3865 2244 3924 1η
2269 3871 2610 3928 tribulatione
2638 3891 2752 3928 mea
2776 3874 3009 3930 invocavi
3026 3875 3305 3933 Dominum
3327 3919 3341 3945 ,
3361 3891 3412 3935 et

1840 3959 1909 4012 ad
1923 3956 2088 4012 Deum
2109 3976 2280 4015 meum
2302 3962 2545 4022 clamavi.
2565 3961 2629 4018 Et
2652 3966 2916 4022 exaudiuit
2933 3967 2997 4022 de
3023 3968 3212 4035 templo
3229 3983 3412 4026 sancto

1838 4067 1934 4105 suo
1964 4067 2133 4106 vocem
2168 4069 2337 4107 meant
2363 4095 2378 4120 ,
2409 4065 2457 4110 et
2493 4056 2694 4112 clamor
2723 4074 2862 4112 metu
2899 4060 2954 4113 in
2981 4071 3259 4128 conspectu
3294 4065 3410 4133 ejus

1839 4141 2075 4197 introibit
2103 4143 2159 4197 in
2189 4161 2345 4200 aures
2369 4146 2482 4215 ejus
2505 4187 2522 4212 ,
2564 4157 2672 4205 etc.
2704 4149 2759 4205 In
2807 4150 3003 4206 mediis
3039 4152 3410 4209 tribulationi-

1841 4233 1961 4300 bus,
1993 4234 2167 4304 iisquc
2193 4237 2546 4305 ferventibus,
2580 4239 3095 4312 soeinvocandus
3123 4252 3206 4298 est
3229 4245 3412 4300 Domi-

161 4332 534 4404 ἀκμαζούσαις
587 4332 794 4399 αὐταῖς,
842 4332 1158 4403 ἐπικλητέον
1204 4334 1295 4387 τὸν
1355 4334 1558 4405 Κύριον
1583 4377 1598 4401 ,
1640 4335 1733 4389 καὶ

1858 4341 1980 4392 tus,
2013 4336 2068 4380 et
2091 4326 2437 4384 clamandum
2471 4341 2556 4386 est
2587 4332 2653 4386 ad
2683 4334 2870 4387 Deum.
2939 4332 3032 4387 Sic
3065 4334 3210 4388 enim
3241 4351 3412 4390 exan-

165 4423 425 4494 κρακτέον
452 4422 585 4493 πρὸς
632 4422 784 4476 Θεὸν.
820 4422 974 4476 Οῦτω
1008 4424 1116 4495 γὰρ
1156 4423 1314 4496 ἡμῶν
1371 4425 1732 4480 ἐπακούσεται

161 4515 224 4566 ἐκ
247 4514 338 4567 τοῦ
371 4513 500 4567 ναοῦ
539 4513 701 4568 αὑτοῦ
743 4513 941 4581 λόγων·
983 4516 1076 4568 καί
1131 4515 1239 4568 ἀπὸ
1269 4515 1523 4586 τοιαύτης
1557 4516 1733 4570 διαθέ-

164 4618 298 4666 σεως
318 4603 475 4672 ἡμῶν
514 4604 546 4674 ἡ
580 4604 712 4675 εὐχὴ
749 4604 887 4674 μετὰ
913 4606 1220 4676 παρρησίας
1243 4607 1629 4673 εἰσελεύσεται,
1656 4609 1730 4672 ὼς

163 4693 240 4757 εἰς
264 4695 459 4748 οἰκεῖον
475 4696 657 4762 τόπον,
689 4697 758 4751 τὰ
785 4696 1051 4767 λεγόμενα
1073 4691 1186 4750 ὦτα
1212 4698 1398 4752 αὐτοῦ.
1428 4700 1653 4769 Μήποτε
1673 4700 1731 4753 δὲ

163 4785 255 4837 καὶ
276 4783 604 4854 ὁπλιζόμεθα
643 4786 782 4840 κατὰ
817 4786 922 4839 τῶν
947 4785 1155 4856 ἐχθρῶν
1186 4789 1241 4840 ἐν
1271 4787 1419 4858 αὐτῷ
1452 4789 1526 4858 τῷ
1560 4792 1728 4842 αἰνεῖν

164 4874 254 4928 καὶ
281 4875 656 4932 ἐπικαλεῖσθαι
688 4875 911 4950 Κύριον.

235 4967 346 5022 Τοῦ
386 4967 591 5021 αὑτοῦ.
626 4968 770 5030 Nato;
792 4966 925 5020 Θεοῦ
968 4966 1078 5036 (69)
1111 4970 1139 5020 ὀ
1172 4969 1437 5040 Χριστὸς,
1487 4967 1724 5038 Χριστοῦ

159 5058 214 5111 δὲ
246 5061 300 5114 αἰ
335 5059 516 5130 νοεραὶ
535 5059 629 5111 καὶ
663 5059 812 5126 ἅγιαι
839 5059 1111 5128 δυνάμεις.
1154 5060 1243 5112 Διὸ
1286 5061 1376 5116 καὶ
1423 5062 1451 5112 ὀ
1497 5060 1729 5130 Χριστὸς

1837 4416 1950 4472 dict
1993 4417 2156 4472 verba
2192 4427 2374 4475 nostra
2421 4420 2489 4475 de
2543 4421 2744 4490 templo
2771 4437 2903 4486 suo,
2951 4431 3008 4477 et
3041 4423 3110 4478 ab
3140 4423 3410 4494 ejusmodi

1837 4502 2031 4562 all'ectu
2063 4509 2306 4577 profecta
2331 4511 2507 4566 oratio
2531 4521 2719 4567 nostra
2750 4527 2870 4566 cum
2901 4511 3096 4568 ﬁducia
3134 4514 3409 4583 ingredie—

1837 4605 1948 4664 tur,
1983 4597 2129 4653 velut
2163 4599 2215 4653 in
2255 4599 2430 4656 locum
2476 4606 2778 4672 proprium,
2811 4603 2862 4658 in
2890 4618 3050 4659 aures
3077 4603 3213 4670 ejus.
3246 4605 3410 4660 Forte

1835 4688 1998 4742 etiam
2040 4699 2227 4744 contra
2284 4692 2532 4748 inimicos
2582 4710 2897 4758 armantur,
2943 4709 3066 4748 cum
3113 4695 3403 4748 Dominum

1836 4781 2117 4838 laudamus
2145 4794 2200 4840 et
2227 4785 2563 4842 invocamus.

1909 4964 2185 5035 Ejusdem.
2235 4969 2517 5040 Templum
2577 4971 2668 5025 Dei
2711 4971 2984 5037 Christus,
3013 4971 3214 5030 Cltristi
3249 4989 3408 5041 vero,

1837 5057 2108 5126 spiritales
2138 5070 2191 5114 et
2233 5070 2435 5115 sanctae
2469 5069 2780 5152 potestates.
2831 5064 3012 5131 Quare
3043 5076 3100 5122 et
3130 5082 3275 5123 nunc
3321 5069 3406 5122 di-

228 5173 266 5204 ⁶¹
307 5171 438 5228 Luc.
477 5189 517 5239 ι,
560 5171 646 5226 69.
726 5172 769 5202 ε’
803 5169 843 5224 l.
885 5171 1015 5239 Reg.
1043 5187 1103 5237 ll,
1152 5170 1237 5224 l0.
1309 5170 1352 5201 ⁵³
1385 5167 1706 5250 σιοειιιιιηιιι,
1737 5166 1826 5220 27.

229 5291 342 5360 (62)
372 5290 601 5357 Βοηθὸν
623 5286 772 5355 εἶπε,
798 5299 911 5360 etc.
949 5287 1178 5345 Scheda:
1199 5290 1424 5360 rGrabii.

375 5359 864 5448 ςζπεριξσπιςτῂν
887 5361 1026 5440 ἔφη,
1059 5359 1423 5448 malignitate
1441 5359 1678 5448 seltcdtc.

226 5431 335 5500 (64)
375 5431 431 5483 '0
451 5431 601 5500 μετὰ
632 5431 737 5484 τοῦ
767 5431 996 5498 ὑμνεῖν,
1033 5440 1140 5484 etc.
1170 5431 1350 5486 Codex
1387 5431 1521 5484 lloe.

227 5500 335 5582 (σᾷ)
362 5501 432 5582 ,Ὁ
458 5501 871 5582 Xpto'tdc._etc.
904 5499 1076 5556 Codd.
1120 5498 1487 5582 Coislinianus
1510 5507 1562 5554 et
1589 5497 1721 5552 lloc.

159 5568 443 5625 Coi-derius
467 5579 647 5624 autem
673 5569 834 5638 habet
858 5576 1116 5638 tanquam
1146 5569 1427 5638 anonymi.

229 5641 338 5710 (66)
385 5639 604 5704 Ὠδῖγες
633 5637 911 5704 θανάτου,
939 5637 1046 5693 etc.
1081 5637 1306 5694 Scltcdte
1350 5639 1560 5693 Graliii.

468 5733 737 5794 Ριιτιιοι.
785 5732 902 5793 (in.
954 5731 1093 5792 ΧΗ.

451 5431 601 5500 μετὰ
632 5431 737 5484 τοῦ
767 5429 1012 5500 ὑμνεῖν,
1033 5430 1350 5500 οιοηϐοιίοξ
1387 5429 1521 5484 lloe.

2043 5281 2356 5365 {eiltaépm
2388 5283 2807 5365 ἀνομίας-ρῳ.
2846 5283 3056 5365 Eaedem
3079 5283 3314 5365 s’cltedm.

1894 5351 2007 5424 (68)
2052 5354 2148 5404 Ἑν
2171 5351 2387 5420 μέσαις
2429 5352 2558 5418 ταῖς
2613 5354 2881 5422 (MM-sm,
2935 5363 3040 5410 etc.
3090 5355 3407 5422 Corderius,

1822 5423 2387 5563 Ba(‘llbl;)rll’sad¢_esoﬁ,
2416 5498 2526 5563 etc.
2578 5491 2761 5547 Codex
2813 5491 3219 5560 Coisliniauus,
3251 5509 3404 5552 num.

1824 5561 1913 5627 l0;
1939 5562 2152 5617 scltcdae
2185 5561 2390 5626 Cranii,
2419 5572 2472 5618 et
2497 5561 2791 5623 Barbarus.

3017 5725 3095 5782 39
