3942 6216
201 429 229 481 ι
247 425 366 481 2235

1230 417 1539 474 SELECTA
1581 416 1644 471 IN
1686 399 2016 471 PSALMOS.
2058 446 2125 453 —
2166 414 2361 469 PSAL.
2404 411 2563 467 XVII.

3354 405 3482 460 HM

199 544 313 600 τοῦ
339 541 653 615 ἀνθρώπου.
694 539 1114 612 Καθαρειότητα
1160 537 1359 607 χειρῶν
1389 536 1485 599 τὰς
1530 553 1797 606 προφητι-

1928 542 2067 588 atem
2099 545 2377 595 manuum,
2408 528 2793 599 prophetarum
2821 532 2975 578 vocat
3007 532 3249 577 actiones
3276 536 3394 589 qua:
3419 519 3487 572 ab

200 639 323 703 κάς
363 654 525 707 φησιν
552 636 831 707 ἐνεργείας
857 632 1188 705 ἄμολύντους
1217 630 1381 694 οὔσας
1422 629 1529 683 ἀπὸ
1556 629 1653 699 τῆς
1688 628 1805 698 βελ-

204 729 418 798 τίστης
450 725 640 791 ἕξεως.

288 819 407 874 Kal
440 817 653 887 ἔσομαι
680 816 917 886 ἄμωμος
940 814 1067 884 μετ’
1096 812 1305 877 αὐτοῦ,
1330 811 1429 864 καὶ
1467 808 1806 880 φυλάξομαι

207 909 345 964 ἀπὸ
370 908 481 976 τῆς
500 908 752 978 ἀνομίας
778 924 918 977 μου,
950 923 1074 960 κ.τ.
1110 906 1157 958 ὲ.
1189 902 1373 974 Χωρὶς
1404 900 1536 954 Θεοῦ
1572 900 1681 971 (85)
1710 900 1808 953 οὐκ

216 1002 383 1055 ἔστιν
429 996 565 1054 εἴναι
619 1000 877 1071 ἄμωμον·
934 997 1052 1068 μετ’
1081 997 1237 1064 ὀλίγα
1285 990 1378 1048 οὖν
1425 1009 1591 1063 φησι’
1628 1013 1646 1043 ι
1700 991 1810 1045 Καὶ

217 1090 389 1143 ἔθετο
425 1088 652 1161 ἄμωμον
675 1089 773 1159 τὴν
809 1087 925 1140 ὁδόν
949 1103 1070 1157 μου.
1108 1104 1125 1136 ι
1162 1085 1275 1137 Οὐκ
1314 1084 1428 1136 ἐστι
1461 1082 1517 1134 δὲ
1544 1080 1685 1135 κατὰ
1719 1080 1810 1132 τὸν

216 1182 461 1250 λέγοντα
516 1182 595 1236 τό.
639 1201 657 1233 ι
699 1178 1091 1234 Ἀνταποδώσει
1148 1194 1236 1249 μοι
1278 1176 1483 1247 Κύριος
1525 1174 1666 1228 κατὰ
1715 1173 1811 1244 τὴν

213 1271 577 1343 δικαιοσύνην
612 1287 737 1341 μου,
771 1290 788 1322 ι
822 1270 916 1324 καὶ
944 1270 1005 1323 τὸ
1046 1270 1193 1339 ἑξῆς,
1226 1267 1369 1337 ἔχειν
1409 1266 1660 1337 ἀνομίαν.
1702 1264 1812 1317 Καὶ

216 1365 309 1418 τό.
343 1384 362 1417 ι
396 1363 708 1435 Φυλάξομαι
738 1363 845 1416 ἀπὸ
867 1362 969 1433 τῆς
999 1362 1226 1433 ἀνομίας
1256 1378 1410 1431 pou,»
1442 1359 1662 1412 δύναται
1692 1358 1815 1410 ἁνα-

220 1454 499 1526 φὲρεσθαι
535 1455 626 1507 ἐπὶ
658 1454 720 1506 τὸ
763 1453 1053 1525 λεγόμενον
1079 1452 1140 1506 τὸ
1179 1454 1235 1505 ὲν
1267 1453 1400 1522 ἡμῖν
1427 1451 1635 1513 σκότος,
1672 1447 1813 1501 κατὰ

220 1543 287 1596 τό
306 1562 320 1575 ’
366 1565 384 1595 ‹
425 1546 488 1599 Et
521 1540 613 1599 οὖν
639 1544 700 1597 τὸ
736 1544 851 1613 ea);
871 1544 933 1597 τὸ
962 1544 1020 1596 ὲν
1046 1544 1127 1596 σο¹ι
1152 1542 1342 1607 σκότος
1366 1541 1505 1605 ἐστὶ,
1534 1540 1596 1594 τὸ
1623 1538 1813 1604 σκότος

219 1635 399 1690 πόσον
422 1652 435 1701 ;
476 1654 492 1687 ι

306 1832 421 1887 Τοῦ
452 1831 662 1886 αὑτοῦ.
702 1832 963 1902 Ἀμωμὸς
990 1832 1134 1886 ἐστιν
1163 1833 1272 1904 (84)
1312 1834 1339 1887 ό
1370 1833 1508 1903 ἔχων
1538 1834 1594 1886 ὲν
1638 1834 1813 1904 ἐαυτῷ

1908 630 2112 699 optimo
2144 626 2335 699 habitu
2362 625 2575 678 munda:
2601 630 2653 675 et
2677 616 3103 688 ineoinquinatze
3132 623 3303 669 erant.

1984 826 2149 879 \‘ens.
2188 820 2279 875 Ἡ.
2320 818 2389 873 Et
2426 835 2515 874 ero
2550 816 2922 872 immaculatus
2962 829 3080 866 cum
3115 827 3196 874 eo,
3231 820 3274 862 et
3303 810 3485 861 obser-

1909 919 2036 972 vabo
2069 932 2149 970 me
2181 914 2243 968 ab
2278 912 2551 983 iniquitate
2598 924 2735 973 mea,
2773 917 2879 961 etc.
2922 905 3143 973 Absque
3176 902 3287 955 Deo
3329 913 3485 954 nemo

1909 1015 2089 1079 potest
2120 1018 2243 1061 esse
2274 1002 2677 1058 immaculatus.
2708 996 2889 1064 Quare
2918 993 3077 1065 paulo
3105 1000 3223 1062 post
3257 990 3363 1044 ait:
3386 1008 3402 1039 ι
3424 988 3489 1041 Ει

1913 1099 2090 1170 posuit
2135 1094 2537 1152 immaculatam
2575 1092 2717 1146 viam
2771 1101 2968 1142 meam.
2997 1104 3014 1137 ι
3065 1084 3182 1138 Non
3231 1081 3488 1138 convenit

1912 1197 2092 1243 autem
2122 1187 2197 1241 illi
2221 1186 2313 1255 qui
2338 1185 2415 1239 ait
2442 1200 2455 1238 :
2488 1201 2506 1234 ι
2543 1180 2827 1236 Retribuet
2852 1174 2983 1230 mihi
3016 1173 3275 1229 Dominus
3295 1185 3490 1227 secun.

1912 1278 2040 1333 dum
2062 1277 2334 1349 juStitiam
2368 1288 2567 1338 meam,
2601 1290 2619 1324 ι
2655 1281 2765 1325 etc.
2787 1307 2803 1334 ,
2841 1275 2900 1321 ut
2948 1265 3112 1319 ullam
3149 1263 3348 1318 habeat
3383 1260 3489 1314 ini-

1913 1369 2202 1441 quitatem.
2244 1368 2311 1422 Et
2347 1366 2478 1423 illud
2512 1381 2529 1420 :
2566 1384 2583 1417 ι
2611 1360 2927 1419 Observabo
2959 1372 3047 1413 me
3087 1355 3156 1411 ab
3203 1353 3493 1424 iniquitate

1913 1477 2055 1527 mea,
2101 1481 2119 1513 ι
2160 1459 2355 1516 referri
2402 1466 2580 1529 potest
2615 1457 2681 1510 ad
2724 1454 2857 1509 illud
2891 1451 3034 1521 quod
3065 1449 3118 1504 in
3149 1447 3304 1504 nobis
3334 1460 3493 1501 voca-

1915 1562 2002 1607 tur
2050 1550 2310 1616 tenebrat,
2352 1548 2505 1619 juxta
2542 1545 2673 1602 illud
2697 1546 2744 1577 ⁷⁸
2776 1562 2789 1599 :
2821 1561 2840 1596 ι
2873 1542 2929 1597 Si
2968 1555 3103 1612 ergo
3134 1539 3314 1593 lumen
3349 1536 3492 1607 quod

1915 1644 1969 1698 in
2028 1651 2080 1698 te
2130 1649 2253 1705 est,
2308 1639 2547 1695 tenebrae
2599 1637 2730 1701 sint,
2794 1635 2924 1705 ipsa:
2978 1632 3220 1688 tenebrae
3277 1636 3494 1699 quanta:

1913 1733 2106 1787 erunt?
2140 1752 2160 1784 ι

1986 1822 2267 1895 Ejusdem.
2320 1821 2705 1877 lmmaculatus
2756 1825 2842 1872 est
2870 1814 2961 1870 ille
2992 1814 3082 1885 qui
3114 1814 3257 1869 viam
3311 1811 3401 1866 Dei
3441 1812 3493 1864 in

224 1924 331 1994 τὴν
361 1924 479 1976 ὁδὸν
508 1922 600 1977 τοῦ
639 1921 795 1987 Θεοῦ,
826 1923 918 1976 τὸν
954 1924 1207 1995 Χριστόν.
1238 1903 1259 1975 «⁷
1296 1923 1435 1993 Ἐγὼ
1468 1923 1596 1995 γὰρ,
1623 1903 1808 1994 φησὶν,

1928 1932 1973 1972 se
2007 1915 2193 1980 habet,
2222 1913 2504 1969 Christum
2537 1911 2773 1967 scilicet.
2817 1928 2834 1961 ι
2856 1908 2968 1978 Ego
2993 1907 3159 1971 enim,
3197 1903 3375 1973 inquit
3405 1904 3449 1933 ⁷⁷
3475 1942 3491 1965 ,

225 2016 351 2085 εἰμὶ
400 2016 433 2084 ἡ
488 2014 625 2079 ὁδός.
689 2033 706 2065 ι
754 2015 1017 2085 Ἀμωμον
1063 2014 1119 2068 δὲ
1160 2015 1364 2085 ταύτην
1416 2016 1515 2086 τὴν
1559 2014 1675 2068 ὁδὸν
1717 2016 1812 2068 καὶ

226 2100 400 2163 αὐτὸς
423 2100 451 2151 ό
475 2100 636 2155 Δαυΐὸ
667 2099 779 2171 ἔφη’
805 2101 982 2169 λέγων
1007 2120 1020 2133 ο
1065 2122 1081 2155 ι
1129 2102 1187 2157 '0
1211 2103 1344 2167 Θεός
1369 2120 1490 2174 μου,
1522 2104 1750 2174 ἄμωμος
1778 2105 1812 2175 ἡ

227 2189 355 2252 ὁδός
391 2205 504 2241 σου.
548 2208 565 2240 ι
660 2254 667 2259 ξ

305 2282 415 2337 Καὶ
452 2282 868 2337 ἀνταποδὼσει
901 2303 1002 2354 μοι
1047 2275 1265 2354 Κύριος
1287 2285 1437 2341 κατὰ
1464 2287 1579 2355 τὴν
1597 2287 1818 2341 δικαιο-

228 2375 439 2441 σύνην
462 2389 603 2442 μου,
636 2391 689 2429 κ.
724 2392 775 2427 τ.
808 2375 853 2428 ὲ.
874 2378 917 2427 ο
970 2376 1056 2429 Ἐν
1158 2378 1340 2449 μέτρῳ
1382 2378 1494 2451 (85)
1546 2382 1815 2451 μετρεῖτε,

229 2464 764 2536 ἀντιμετρηθήσεται
799 2466 947 2537 ὑμῖν.
1002 2486 1021 2518 ι
1063 2469 1260 2538 ’Λγίων
1301 2469 1360 2523 δὲ
1413 2469 1554 2541 αὕτη
1586 2473 1621 2543 ἡ
1665 2471 1817 2543 φωνὴ

230 2552 343 2604 τῶν
367 2552 455 2605 διὰ
486 2552 686 2623 πολλὴν
713 2556 1024 2626 παρρησίαν
1042 2557 1353 2629 δυναμένων
1377 2560 1578 2630 λέγειν’
1608 2581 1626 2613 ι
1666 2564 1817 2614 ’Λντ-

232 2644 434 2708 απόδος
473 2644 551 2715 τῷ
586 2645 756 2717 δούλῳ
791 2663 906 2701 σου.
961 2665 979 2697 ι
1017 2650 1371 2721 Δικαιοσύνην
1408 2652 1556 2721 λέγει
1614 2653 1711 2724 τὴν
1754 2655 1819 2707 ὲκ

235 2734 478 2799 πίστεως
513 2737 686 2807 Ἰησοῦ
738 2737 991 2809 Χριστοῦ,
1015 2740 1136 2809 ἥτις
1164 2743 1541 2814 πεφανέρωται
1574 2747 1654 2808 είς
1685 2745 1819 2799 πάν-

236 2843 339 2889 τας
367 2828 494 2890 τοὺς
537 2826 921 2893 πιστεύοντας*
954 2834 1069 2895 τοῖς
1099 2833 1208 2905 γὰρ
1253 2834 1430 2906 ὀρθῶς
1471 2836 1817 2893 πιστεύουσιν

237 2919 272 2987 ἠ
305 2918 486 2983 πίστις
509 2920 589 2982 είς
616 2920 960 2992 δικαιοσύνην
992 2923 1284 2992 λογίζεται.

308 3011 470 3062 Μετὰ
490 3009 663 3063 ὁσίου
691 2991 1018 3081 octobrium,
1052 2991 1147 3066 καὶ
1174 3016 1327 3083 μετὰ
1359 3016 1579 3086 ἀνδρὸς
1625 3018 1819 3075 ἀθώου

237 3096 431 3165 ἀθῶος
474 3098 612 3167 ἔσῃ,
658 3100 757 3153 καὶ
800 3100 953 3168 μετὰ
1004 3102 1293 3159 ἐκλεκτοῦ
1346 3106 1634 3175 ἐκλεκτὸς
1674 3109 1817 3178 ἔσῃ,

241 3190 342 3243 καὶ
360 3190 511 3258 μετὰ
543 3193 838 3260 στρεϐλοῖ)
882 3194 1283 3264 διαστρόφοις,
1322 3215 1374 3251 κ.
1406 3216 1458 3252 τ.
1492 3200 1540 3253 ἑ.
1586 3201 1671 3265 Ὠς
1695 3202 1817 3255 ἔσο-

247 3298 345 3351 μαι
380 3281 492 3353 (86)
525 3282 756 3353 ἄμωμος
784 3286 899 3356 μετ’
927 3285 1092 3339 αὐτοῦ
1116 3286 1211 3339 τοῦ
1244 3288 1399 3356 Θεοῦ,
1426 3290 1599 3355 οὕτως
1630 3293 1659 3344 ό
1685 3294 1817 3357 Θεὸς
1845 3274 1886 3331 C

247 3372 387 3441 μετὰ
437 3372 582 3426 ὁσίου
634 3374 1021 3447 ὁσιωθήσεται,
1075 3378 1169 3431 καὶ¹
1218 3379 1356 3448 μετὰ
1413 3379 1589 3434 ἀθώου
1644 3381 1818 3447 ἀθῶος

246 3460 417 3525 ἔσται,
435 3460 529 3514 καὶ
556 3461 699 3531 μετὰ.
721 3464 975 3518 ἐκλεκτοῢ
1003 3466 1257 3530 ἐκλεκτὸς
1276 3466 1428 3522 ἔσται
1458 3470 1639 3533 αὐτός.
1664 3470 1820 3524 Μετὰ

247 3550 504 3621 στρεϐλοῦ
532 3550 589 3605 δὲ
610 3552 728 3623 οὐχὶ
769 3554 1021 3625 στρεὸλδς
1047 3556 1197 3609 ἔσται
1226 3557 1366 3627 (οὐδὲ
1412 3557 1521 3628 γὰρ
1553 3559 1817 3632 θεμιτὸν),

244 3640 379 3694 ἀλλὰ
402 3641 765 3713 διαστρέψεις,
792 3643 867 3707 ὡς
903 3645 1043 3715 μετὰ
1068 3646 1288 3717 Φαραώ.

322 3725 429 3786 Τοῦ
467 3733 675 3787 αὑτοῦ.
720 3733 811 3788 Ἐν
860 3734 959 3804 μὲν
989 3739 1100 3800 τοῖς
1131 3736 1299 3802 όσίοις
1332 3738 1446 3809 (87)
1490 3741 1636 3805 ὅσιός
1669 3744 1817 3796 ἐστιν

244 3824 273 3876 ὁ
297 3822 447 3887 Θεὸς,
483 3824 540 3877 ἐν
570 3824 626 3878 δὲ
656 3828 768 3888 τοῖς
797 3826 995 3890 ἀθώοις
1010 3826 1204 3892 ἁθῶος,
1233 3830 1290 3883 ὲν
1320 3831 1377 3884 δὲ
1405 3834 1518 3896 τοῖς
1546 3833 1817 3899 ἐκλεκτοῖς

250 3916 521 3981 ἐκλεκτὸς,
561 3919 619 3971 ὲν
667 3917 725 3970 δὲ
764 3920 878 3978 τοῖς
920 3918 1198 3989 στρεϐλοῖς
1247 3922 1308 3973 ού
1361 3923 1634 3993 στρεύλὸς,
1680 3925 1815 3978 ἀλλὰ

250 4007 744 4077 συστρεϐλούμενος
779 4007 963 4069 αὐτοῖς
999 4007 1087 4061 διὰ
1128 4008 1190 4061 τὸ
1239 4009 1502 4081 εὔφημον.
1553 4013 1816 4082 Στρεϐλὸν

245 4096 351 4168 γὰρ
376 4099 466 4150 τὸν
487 4098 619 4152 Θεὸν
641 4102 813 4152 εἰπεῖν
838 4098 1159 4169 ἐφυλάξατο.
1186 4100 1420 4165 Τούτους
1447 4105 1574 4167 τοὺς
1604 4106 1817 4176 στίχους

247 4190 296 4241 οἱ
321 4189 676 4261 ἀπλούστεροι
707 4190 800 4243 ἐπὶ
837 4189 944 4244 τῶν
983 4190 1286 4263 ἀνθρώπων
1316 4192 1576 4257 πολλάκις
1607 4195 1818 4265 λαμϐά-

247 4296 443 4335 νουσιν.
474 4280 630 4333 Οὕτω
656 4281 713 4334 δὲ
736 4283 1152 4353 συστρεσλοῦται
1175 4283 1327 4347 Θεὸς,
1344 4284 1419 4348 ὡς
1446 4285 1504 4339 ὲν
1524 4284 1603 4356 τῷ
1629 4289 1819 4339 Δευτε-

250 4372 479 4441 ρονομίῳ
510 4371 689 4439 λέγει’
747 4392 764 4423 ι
799 4372 924 4428 Ἐὰν
964 4374 1341 4445 είσελεύσησθε
1388 4376 1525 4447 πρὸς
1561 4377 1627 4447 μὲ
1678 4378 1816 4433 πλά-

248 4476 369 4527 γιοι,
394 4458 767 4528 εἰσελεύσομαι
785 4460 939 4528 κάγὼ
964 4464 1098 4533 πρὸς
1117 4465 1259 4534 ὑμᾶς
1290 4465 1347 4517 ἐν
1366 4464 1518 4536 θυμῷ
1546 4466 1810 4538 πλαγίῳ.»

318 4550 426 4605 Τοῦ
454 4551 661 4604 αὐτοῦ.
684 4550 829 4621 Πρὸς
858 4552 959 4616 τὰς
981 4553 1203 4624 γνώμας
1234 4555 1343 4627 (88)
1380 4557 1485 4610 τῶν
1516 4558 1814 4629 ἀνθρώπων

249 4644 531 4715 ἁρμόττεις
563 4645 660 4708 τὰς
685 4646 1000 4711 ἀντιδόσεις,
1035 4642 1079 4701 ὦ
1107 4624 1369 4705 Δέσποτα.
1402 4624 1672 4724 Παρέχεις
1704 4654 1813 4725 γὰρ
1846 4624 1889 4680 D

249 4738 354 4799 τοῖς
386 4736 554 4799 όσίοις
585 4737 655 4790 τὰ
683 4739 959 4811 ὁσιότητος
1002 4740 1146 4805 ἄξια,
1198 4744 1309 4805 τοῖς
1358 4743 1668 4808 ἁνευθύνοις
1717 4749 1819 4800 καὶ.

250 4826 471 4889 δικαίοις
501 4827 568 4881 τὰ
594 4829 896 4902 πρόσφορα,
926 4830 1019 4882 καὶ
1042 4833 1153 4893 τοῖς
1174 4832 1447 4896 ἐκλεκτοῖς
1472 4834 1564 4885 καὶ
1588 4835 1813 4900 τελείοις

252 4915 315 4968 τὰ
343 4916 549 4970 τέλεια·
584 4920 696 4980 τοῖς
732 4918 788 4971 δὲ
834 4920 1152 4990 ἐκτραπεῖσι
1198 4923 1289 4974 καὶ
1325 4921 1423 4993 τὴν
1470 4926 1717 4978 ἐναντίαν
1756 4929 1812 4980 ό-

251 5007 454 5061 δεύουσι
517 5009 846 5079 κατάλληλον
900 5012 1334 5081 παρασκευάζεις
1393 5014 1495 5083 τῆς
1573 5016 1691 5069 ὁδοῦ
1752 5019 1812 5072 τὸ

254 5108 409 5171 τέλος.
442 5109 552 5163 Καὶ
602 5108 723 5163 τίνα
763 5110 995 5182 τρόπους
1041 5131 1058 5162 ι
1104 5111 1223 5164 ’Ὁτι
1273 5111 1337 5164 σὺ
1388 5110 1515 5164 λαὸν
1560 5110 1815 5163 ταπεινὸν

256 5215 456 5261 σωσεις.
491 5217 509 5249 ι

315 5332 359 5363 ⁷⁸
396 5331 587 5387 Matth.
620 5334 785 5397 v1.23.
876 5336 923 5366 ⁷⁷
951 5333 1109 5389 Joan.
1136 5350 1246 5398 xw,
1271 5334 1325 5389 6.

256 5416 390 5464 xm,
430 5401 613 5467 27,28.

318 5540 424 5611 (83)
454 5542 643 5609 Χωρὶς
671 5542 840 5605 Θεοῦ,
865 5552 972 5598 etc.
1002 5543 1183 5600 Codex
1205 5543 1338 5600 Roe.
1364 5542 1657 5599 Corderius
1684 5560 1816 5602 vero

256 5622 498 5675 tanquam
532 5612 724 5666 incerti
756 5612 937 5666 habet.

255 5681 423 5805 mg)
459 5683 722 5750 Ἀιιωμός
753 5682 945 5749 ἐστιν,
995 5691 1100 5737 etc.
1159 5682 1386 5739 Schedte
1436 5681 1645 5751 Grahii,
1679 5683 1807 5739 Bar-

289 5768 297 5778 .
345 5772 359 5803 ,
407 5790 423 5805 ,

467 5822 568 5877 Ἐν
588 5817 637 5895 ᾦ
659 5823 869 5895 μέτρῳ,
897 5831 1001 5879 etc.
1031 5821 1253 5880 δοιιοάιυ
1284 5822 1489 5891 Grabii,
1512 5823 1803 5883 Barbarus.

1438 5335 1486 5367 ⁷⁸
1508 5334 1593 5389 Ps.
1616 5348 1747 5400 ινιι,
1774 5334 1863 5391 3i.

1913 2025 2031 2065 sum
2058 2010 2167 2063 via.
2195 2026 2213 2060 ι
2266 2004 2674 2060 lmmaculatam
2720 2002 2860 2056 hanc
2906 2000 3054 2053 viam
3084 2008 3139 2052 et
3172 1999 3285 2066 ipse
3325 1995 3492 2050 David

1917 2098 2153 2171 appellat
2187 2098 2371 2153 dicens
2400 2094 2488 2150 ηε
2531 2110 2549 2145 ι
2582 2093 2724 2149 Deus
2782 2104 2954 2155 meus,
3003 2085 3348 2143 immaculata
3406 2085 3493 2139 via

1918 2199 2030 2246 tua.
2067 2208 2089 2243 ι

1995 2279 2156 2335 Vnus.
2196 2278 2289 2333 25.
2345 2277 2408 2331 Et
2460 2277 2707 2331 retribuet
2748 2274 2876 2328 mihi
2920 2272 3179 2327 Dominus
3208 2271 3497 2324 secundum

1911 2372 2180 2441 justitiam
2210 2384 2403 2433 meum,
2441 2376 2546 2421 etc.
2584 2385 2602 2419 ι
2636 2366 2751 2433 Qua
2800 2377 3053 2418 mensura
3106 2359 3277 2416 mensi
3330 2358 3495 2413 iueri-

1920 2465 2014 2528 tis,
2048 2464 2366 2519 remetietur
2400 2471 2455 2517 et
2486 2460 2642 2516 vobis
2678 2459 2742 2513 ⁷⁷.
2770 2476 2789 2510 ι
2823 2456 3145 2513 Sanctorum
3179 2462 3359 2507 autem
3385 2450 3499 2505 hac

1918 2571 2023 2611 vox
2060 2554 2269 2626 σει,ᾳυί
2325 2567 2435 2622 prae
2492 2550 2692 2621 ingenti
2746 2548 2938 2603 ﬁducia
2992 2544 3172 2599 dicere
3225 2549 3499 2612 possunt:

1924 2666 1943 2699 ι
1975 2647 2236 2702 Retribue
2268 2658 2428 2700 servo
2464 2652 2557 2697 tuo
2585 2642 2653 2696 ⁸ο.
2677 2661 2699 2695 ι
2730 2639 3005 2695 Justitiam
3036 2651 3166 2694 vero
3189 2649 3308 2692 eam
3342 2632 3494 2695 dicit,

1918 2755 2038 2812 qua:
2073 2750 2252 2795 estex
2285 2737 2392 2793 ﬁde
2429 2736 2556 2793 Jesu
2598 2735 2830 2801 Christi,
2881 2748 3002 2804 quae
3032 2731 3377 2787 manifestata
3414 2738 3499 2782 est

1922 2834 1973 2887 in
2018 2846 2207 2887 onmcs
2260 2830 2550 2886 credentes
2585 2846 2598 2882 :
2633 2843 2757 2882 nam
2809 2827 2875 2882 iis
2916 2824 3007 2896 qui
3043 2832 3194 2880 recte
3226 2822 3494 2883 credunt,

1921 2925 2055 2981 ﬁdes
2081 2925 2147 2980 ad
2169 2922 2436 2993 justitiam
2469 2928 2771 2991 reputatur.

1992 3014 2156 3071 Vsus.
2188 3014 2280 3082 26,
2312 3014 2405 3069 27.
2429 3013 2559 3068 Cum
2586 3020 2768 3066 sancto
2795 3019 3004 3064 sanctus
3027 3025 3156 3074 em,
3175 3017 3224 3062 et
3245 3022 3361 3061 cum
3389 3004 3497 3059 viro

1922 3107 2195 3161 innocente
2231 3108 2477 3160 inuocem
2509 3105 2644 3168 eris;
2690 3111 2737 3155 et
2772 3117 2890 3155 cum
2930 3101 3091 3155 electo
3137 3100 3332 3154 electus
3368 3097 3497 3158 eris,

1921 3207 1971 3251 et
2012 3214 2126 3251 cum
2165 3210 2404 3264 perverso
2470 3192 2811 3262 perveneris,
2859 3199 2964 3246 etc.
3030 3186 3494 3257 Quemadmodum

1922 3286 2304 3344 immaculatus
2346 3297 2440 3338 ero
2495 3297 2618 3339 eum
2666 3282 2783 3352 ipso
2831 3281 2972 3347 Deo,
3020 3281 3101 3335 sic
3145 3280 3311 3335 etiam
3356 3280 3497 3334 Deus

1920 3394 2043 3436 cum
2091 3386 2281 3433 sancto
2318 3372 2788 3439 sanetiﬂcabitur,
2836 3381 2891 3427 et
2936 3387 3059 3427 cum
3094 3372 3385 3427 innocente
3410 3368 3495 3423 in-

1921 3484 2119 3525 noceus
2174 3467 2299 3533 erit,
2348 3474 2404 3522 et
2456 3480 2577 3521 cum
2632 3462 2806 3519 electo
2852 3462 3077 3519 electus.
3126 3463 3324 3519 Verum
3371 3479 3497 3519 eum

1922 3574 2184 3630 perverso
2218 3572 2558 3628 nequaquam
2587 3570 2879 3627 perversus
2930 3555 3033 3610 erit
3069 3554 3196 3626 (hoc
3221 3555 3365 3611 enim
3398 3569 3498 3611 ne-

1924 3649 2049 3720 tas),
2079 3649 2171 3704 sed
2202 3649 2553 3720 perveneris,
2580 3655 2781 3702 utcum
2817 3646 3119 3703 Pharaone.

1992 3739 2271 3811 Ejusdem.
2324 3740 2380 3795 In
2410 3740 2615 3795 sanctis
2648 3746 2869 3793 sanctus
2907 3749 2990 3794 est
3029 3738 3194 3806 Deus,
3247 3739 3300 3794 in
3335 3740 3494 3795 inno-

1921 3834 2175 3891 centibus
2224 3833 2487 3888 innocens
2508 3871 2523 3898 ,
2557 3831 2611 3885 in
2654 3830 2839 3887 electis
2872 3830 3102 3896 electus,
3138 3831 3191 3886 in
3223 3832 3496 3901 perversis

1923 3944 2027 3982 non
2059 3939 2373 3996 perversus,
2405 3926 2498 3979 sed
2528 3924 2688 3979 simul
2714 3932 2976 3988 mutatus,
2998 3923 3160 3992 idque
3178 3924 3495 3978 reverentia

1919 4033 2085 4075 causa
2117 4018 2336 4071 dicitur.
2372 4015 2696 4071 Perversum
2724 4017 2890 4087 610
2937 4018 3081 4071 enim
3122 4017 3288 4071 Deum
3324 4030 3392 4071 ne
3416 4016 3498 4071 di-

1919 4120 2090 4177 ceret,
2129 4110 2293 4166 cavit.
2339 4108 2449 4164 Hos
2484 4123 2672 4163 versus
2733 4108 3096 4179 simpliciores
3154 4109 3220 4163 de
3256 4108 3495 4166 homini-

1920 4203 2018 4259 bus
2046 4217 2191 4272 stepe
2227 4201 2521 4270 accipiunt.
2549 4201 2689 4256 Deus
2717 4208 2899 4256 autem
2924 4200 3281 4267 convertitur,
3307 4216 3496 4271 quem-

1919 4295 2209 4351 admodum
2245 4295 2297 4350 in
2330 4295 2752 4350 Deuteronomio
2796 4293 2929 4350 dicit
2962 4294 3003 4325 ⁸⁷
3043 4312 3057 4347 :
3094 4312 3113 4346 ι
3151 4292 3208 4349 Si
3260 4293 3494 4365 ingressi

1920 4388 2133 4445 fueritis
2165 4388 2233 4443 ad
2266 4404 2355 4444 me
2387 4388 2652 4459 perversi,
2682 4387 2959 4459 ingrediar
2990 4398 3045 4443 et
3077 4402 3178 4459 ego
3207 4388 3273 4442 ad
3310 4402 3405 4443 vos
3440 4388 3493 4441 in

1918 4484 2000 4535 ira
2039 4494 2317 4550 perversa.
2354 4500 2372 4531 ι

1991 4571 2265 4643 Ejusdem.
2300 4572 2404 4627 Pro
2433 4570 2629 4627 mentis
2653 4572 2848 4627 aﬂ‘ectu
2881 4568 3192 4628 nominibus
3226 4586 3383 4629 necs.
3405 4585 3495 4626 re-

1920 4665 2133 4734 pendis,
2167 4680 2200 4720 o
2235 4665 2481 4721 Domine.
2517 4665 2654 4720 Nam
2707 4666 2914 4720 sanctis
2960 4681 3089 4734 quas.
3140 4665 3492 4719 sanctitatem

1919 4757 2134 4822 decent,
2167 4759 2550 4814 innocentibus
2580 4767 2635 4814 et
2659 4758 2821 4828 justis
2848 4756 3265 4821 convenientia,
3305 4754 3495 4810 electis

1920 4858 1972 4903 et
2031 4848 2288 4919 perfectis
2326 4849 2567 4917 perfecta
2606 4848 2839 4912 tribuis;
2877 4847 2942 4901 iis
2973 4854 3155 4901 autem
3190 4846 3281 4915 qui
3319 4844 3489 4899 deeli~

1920 4951 2049 4995 nant
2079 4956 2107 4995 ει
2141 4940 2222 4994 via
2250 4980 2265 5004 ,
2310 4950 2365 4995 et
2402 4941 2741 4996 contrarium
2807 4939 2911 4994 iter
2973 4938 3295 5004 ambulant,
3358 4953 3490 4994 con~

1917 5048 2111 5100 gruum
2144 5034 2269 5087 vitae
2306 5035 2467 5089 tinem
2500 5030 2901 5087 accommodas.
2943 5028 3047 5086 Sed
3080 5046 3186 5101 qua
3227 5031 3492 5087 ratione?

1921 5143 1939 5176 ‹
1973 5124 2239 5192 Quoniam
2274 5136 2332 5179 tu
2363 5124 2618 5195 populum
2653 5124 2914 5181 humilem
2956 5125 3163 5183 salvum
3192 5125 3383 5181 facies.
3415 5144 3434 5179 ι

1978 5337 2240 5393 "Matth.
2283 5352 2376 5402 vn,
2421 5336 2475 5391 2.
2588 5336 2635 5368 ⁸ο
2662 5335 2754 5393 Ps.
2804 5350 2993 5403 cxvm,
3046 5335 3131 5390 l7.
3244 5336 3286 5367 ⁸³
3315 5333 3488 5391 chit.

1990 5547 2104 5624 (δύ)
2140 5548 2242 5624 ςῼς
2270 5549 2505 5624 ἔσομαι,
2536 5556 2643 5624 etc.
2672 5547 3011 5624 Corderius._
3068 5619 3081 5624 _
3208 5617 3252 5624 Δ,

1916 5618 2243 5743 “l(88'17))’Er
2262 5618 2380 5689 μὲν
2401 5618 2525 5684 τοῖς
2562 5622 2775 5685 ὁσίοις,
2824 5629 2929 5675 etc.
2970 5618 3152 5675 Codex
3197 5618 3488 5677 Cbislinia-

1936 5706 1948 5743 ι
2123 5728 2135 5741 .

1986 5757 2096 5829 (88)
2129 5760 2284 5828 Πρὸς
2315 5760 2416 5827 τὰς
2448 5758 2699 5832 γνώμας,
2737 5768 2839 5817 etc.
2881 5759 3107 5817 St'ncdtc
3136 5758 3345 5817 Grabii.
