3942 6216
278 430 432 487 i2“

1251 419 1565 477 SELECTA
1604 417 1671 474 IN
1708 415 2050 472 PSALMUS.
2090 447 2159 454 —
2197 415 2385 471 PSAL.
2432 414 2611 471 XVIII.

3413 418 3550 473 ηιξ

370 542 482 597 Τοῦ
511 537 720 595 αὐτοῦ.
753 535 887 591 Οῦτε
921 536 1029 607 γὰρ
1060 535 1128 605 γῆ
1162 534 1296 604 (12),
1325 531 1447 587 οῦτε
1472 535 1500 585 6
1533 532 1597 584 ὲκ
1625 532 1727 603 γῆς
1768 534 1878 601 χοῖ-

2054 529 2329 598 Ejusdem.
2361 530 2552 600 Neque
2591 527 2735 583 enim
2773 534 2939 591 terra,
2962 540 3139 598 neque
3170 532 3235 584 de
3269 538 3409 585 terra
3445 542 3553 586 ter-

278 633 389 698 κδς
419 628 782 702 διηγήσασθαι
819 625 1037 678 δύναται
1070 623 1226 689 δόξαν
1252 622 1408 675 Θεοῦ.
1438 640 1460 674 t
1501 622 1557 674 Ὀ
1585 620 1692 692 γὰρ
1721 619 1795 672 ὣν
1815 622 1877 672 ὲκ

275 724 395 796 τῆς
428 724 532 794 γῆς
563 722 626 773 ἐκ
684 720 784 789 τῆς
818 719 921 789 γῆς
946 715 1115 770 λαλεῖ.
1160 733 1178 766 ι
1206 714 1360 785 Τάχα
1389 714 1445 767 δὲ
1502 711 1718 784 οὐρανοί
1742 714 1878 764 εἰσιν

280 818 343 872 οἱ
377 814 474 870 τοῦ
504 812 756 886 οὐρανίου
790 811 884 881 τὴν
921 811 1103 864 εἰκόνα
1160 808 1475 881 φοροῦντες,
1525 807 1722 868 οἵτινες
1758 805 1879 876 διη-

281 904 523 978 γοῦνται
547 902 703 969 δόξαν
729 899 883 954 Θεοῦ.
921 901 1041 953 Εἰσὶ
1070 899 1126 952 δὲ
1161 900 1254 952 καὶ
1283 897 1503 967 οὐρανοὶ
1523 894 1734 965 ποίημα
1767 911 1881 964 χει-

291 996 413 1071 ρῶν
444 992 599 1049 Θεοῦ.
630 994 800 1064 Τήρει
828 992 883 1044 δὲ
911 988 1194 1061 διαφορὰν,
1224 988 1284 1041 τὸ
1320 988 1420 1058 μὲν
1443 985 1747 1058 διηγεῖσθαι
1785 984 1881 1037 ἐπὶ

286 1089 409 1143 τῶν
467 1084 710 1158 οὐρανῶν
748 1083 1018 1153 κείμενον,
1067 1081 1129 1134 τὸ
1156 1080 1214 1134 δὲ
1262 1078 1612 1149 ἀναγγέλλειν
1663 1075 1755 1129 ἐπὶ
1786 1074 1880 1127 τοῦ

293 1195 393 1231 στε
401 1174 507 1249 ρεώ
515 1191 682 1245 ματος
716 1170 1026 1243 εἰρημένον.

387 1248 606 1337 Ἡμέρα
654 1261 731 1331 τῇ
782 1261 974 1331 ἡμέρᾳ
1029 1260 1328 1329 ἐρεύγεται
1367 1256 1554 1325 ῥῆμα,
1610 1253 1708 1308 καὶ
1764 1248 1883 1317 γνὺξ

290 1358 473 1413 νυκτὶ
514 1353 870 1425 ἀναγγέλλει
896 1352 1141 1422 γνῶσιν,
1192 1367 1245 1403 κ.
1278 1367 1329 1403 τ.
1384 1349 1429 1401 ὲ.
1495 1344 1654 1398 Ἀλλὰ
1691 1345 1785 1398 καὶ
1832 1343 1882 1396 oi

288 1450 391 1503 τὸν
426 1448 537 1520 (15)
570 1445 843 1517 θεωρητὸν
876 1440 1241 1512 ἀσπαζόμενοι
1299 1439 1412 1510 βίον
1464 1433 1882 1507 θησαυρίζουσιν

291 1542 355 1595 ὲν
381 1537 618 1610 οὐρανῷ,
645 1537 804 1590 κάκεῖ
834 1535 931 1606 τὴν
975 1532 1203 1604 καρδίαν
1248 1530 1484 1600 ἔχοντες,
1520 1526 1743 1597 οὐρανοί
1774 1528 1882 1579 εἰσι

288 1626 643 1699 διηγούμενοι
663 1625 761 1693 τὴν
786 1620 1189 1693 προειρημένην
1205 1617 1338 1671 Θεοῦ
1360 1615 1517 1680 δόξαν
1537 1615 1625 1668 διὰ
1648 1613 1883 1685 Θεωρίας

292 1719 400 1789 τῆς
430 1717 559 1787 περὶ
590 1712 798 1785 νοητῶν
831 1712 1195 1783 πραγμάτων.
1253 1710 1315 1763 Ol
1351 1706 1645 1778 πρακτικοὶ
1677 1705 1733 1758 δὲ
1764 1721 1886 1757 στε-

298 1809 495 1883 ρέωμά
519 1810 676 1869 εἰσιν,
711 1807 909 1876 ἑδραῖοι
939 1803 1318 1874 τυγχάνοντες,
1354 1800 1448 1855 καὶ
1482 1796 1883 1866 ἀπαγγέλλουσι

1981 638 2143 677 renus
2171 637 2431 677 enarrare
2467 629 2644 690 potest
2676 619 2903 690 gloriam
2955 618 3069 673 Dei.
3125 619 3258 674 Nam
3296 642 3315 673 ι
3355 626 3443 693 qui
3484 640 3553 679 ex

1983 723 2126 767 terra
2174 722 2277 779 est,
2332 713 2398 767 de
2446 721 2586 767 terra
2636 711 2873 779 loquitur
2910 710 2975 762 ⁸³.
3015 731 3032 763 ›
3061 710 3223 767 Forte
3256 729 3386 768 vero
3430 696 3552 770 eceli

1980 813 2124 869 sunt,
2168 806 2257 873 qui
2304 815 2497 873 gerunt
2550 806 2838 873 imaginem
2880 807 3139 864 caelestis.
3187 808 3251 863 Hi
3299 818 3556 863 enarrant

1980 897 2208 967 gloriam
2251 897 2364 953 Dei.
2397 897 2535 951 Snnt
2567 909 2745 952 autem
2783 900 2946 953 etiam
2971 901 3095 955 coeli
3124 916 3260 971 Opus
3298 917 3554 955 manuum

1983 988 2095 1042 Dei.
2122 986 2360 1044 Observa
2386 988 2677 1043 discrimen
2706 1006 2719 1043 :
2744 990 2865 1045 οωιί
2893 990 3145 1047 dicuntur
3163 994 3379 1065 quidem
3406 1007 3559 1049 enar-

1983 1094 2122 1145 rare,
2158 1080 2556 1137 ﬂrmamentnm
2592 1098 2718 1138 vero
2752 1084 3097 1140 annnntiare.

2056 1262 2219 1318 Vens.
2258 1265 2311 1320 5.
2363 1263 2487 1319 Dies
2536 1264 2643 1319 diei
2687 1272 2889 1318 eructat
2937 1263 3168 1327 verbum,
3196 1273 3242 1317 et
3278 1279 3384 1317 nox
3418 1262 3560 1318 nocti

1983 1356 2185 1409 indicat
2228 1354 2522 1421 scientiam,
2555 1364 2665 1409 etc.
2701 1355 2809 1410 Sed
2850 1362 2904 1410 et
2950 1354 3004 1409 hi
3036 1354 3126 1423 qui
3156 1354 3563 1423 contemplatri-

1984 1460 2101 1501 cem
2137 1446 2302 1501 vitam
2336 1445 2751 1514 amplectuntur,
2796 1444 2848 1499 in
2897 1442 3037 1501 cmlo
3081 1444 3469 1507 thesaurizant,
3506 1454 3561 1499 et

1984 1552 2105 1591 cum
2143 1536 2214 1591 ibi
2252 1551 2348 1592 cor
2385 1537 2640 1603 habeant,
2676 1535 2796 1590 caeli
2832 1542 2961 1589 sunt
3003 1535 3095 1602 qui
3127 1534 3436 1598 praedictam
3466 1533 3560 1590 Dei

1984 1630 2207 1701 gloriam
2241 1637 2499 1684 enarrant
2548 1643 2644 1697 per
2684 1628 3049 1697 spiritualium
3092 1642 3272 1681 rerum
3316 1634 3562 1682 contem-

1985 1724 2295 1793 plationem.
2345 1721 2445 1787 Qui
2491 1728 2667 1775 autem
2717 1721 2974 1775 actricem
3004 1718 3170 1773 vitam
3200 1726 3387 1790 agunt,
3412 1720 3449 1774 ii
3495 1719 3565 1775 ob

1986 1815 2312 1870 soliditatem
2344 1821 2465 1867 sunt
2509 1814 2928 1878 ﬁrmamentum,
2957 1823 3013 1867 et
3042 1813 3364 1867 annuntiant
3402 1825 3563 1881 opera

293 1903 400 1974 τὴν
424 1900 641 1969 ποίησιν
694 1898 804 1951 τῶν
852 1896 947 1951 τοῦ
977 1895 1111 1949 Θεοῦ
1145 1894 1364 1965 χειρῶν,
1418 1891 1772 1963 ἐργαζόμενοι
1814 1890 1882 1942 τὰ

1994 1921 2238 1961 manuum
2285 1904 2399 1968 Dei,
2425 1904 2551 1958 dum
2586 1919 2747 1973 opera
2780 1904 2874 1959 Dei
2902 1912 3158 1960 exercent
3203 1913 3261 1959 et
3310 1904 3409 1973 ipsi
3449 1902 3565 1971 ejus

296 1994 395 2049 τοῦ
434 1993 590 2056 Θεοῦ,
621 1992 715 2046 καὶ
747 1991 939 2044 τούτου
972 1988 1333 2058 τυγχάνοντες
1364 1984 1520 2055 ἔργα.
1558 1983 1668 2037 Καὶ
1700 1983 1735 2051 ὴ
1763 1998 1879 2049 φωο

295 2086 451 2159 τ’..ινὴ
479 2087 536 2139 δὲ
568 2085 751 2154 νόησις
785 2082 997 2154 ἡμέρας
1023 2077 1178 2140 οὖσα,
1239 2077 1402 2147 ἑτέρᾳ
1434 2075 1666 2145 φωτεινῇ
1701 2073 1881 2142 νοήσει

299 2178 594 2248 σύμφωνος
618 2171 772 2236 οὖσα,
798 2171 1080 2243 ἐρεύγεται
1105 2169 1273 2239 ῥῆμα
1302 2167 1377 2230 ὡς
1399 2169 1431 2236 ή
1458 2163 1667 2218 Παλαιὰ
1692 2163 1881 2235 Γραφὴ

298 2270 410 2324 τῶν
450 2266 829 2337 πνευματικῶν
859 2261 1208 2336 πληρωθεῖσα
1236 2258 1471 2330 τροφῶν,
1495 2257 1603 2312 ἀπὸ
1623 2256 1717 2311 τοῦ
1748 2256 1886 2327 πλη·-

301 2359 557 2434 ρὼματος
591 2354 944 2429 ἐρευγομένη,
972 2352 1338 2425 προσφέρεται
1366 2350 1583 2421 ῥήματα
1602 2350 1668 2419 τῇ
1706 2348 1880 2417 Καινῇ

300 2450 564 2522 Διαθήκῃ.
641 2448 706 2501 'II
756 2447 814 2499 δὲ
843 2446 960 2509 νὺξ,
1018 2446 1051 2516 ἡ
1126 2442 1401 2513 βαθυτάτη
1438 2440 1548 2493 τῶν
1606 2439 1884 2510 μυστικῶν

299 2540 647 2613 πραγμάτων
694 2536 964 2607 διάληψις,
1010 2535 1147 2607 πρὸς
1191 2534 1384 2604 ἑτέραν
1426 2533 1575 2603 ἡμᾶς
1618 2530 1885 2598 ἀσάφειαν

298 2632 503 2701 ὁδηγεῖ,
560 2631 741 2701 ἥνπερ
771 2626 1023 2696 διάληψιν
1051 2626 1236 2679 δίδωσι
1267 2625 1327 2677 τὸ
1353 2622 1446 2677 τοῦ
1491 2620 1627 2675 Θεοῦ
1662 2620 1886 2692 Πνεῦμα

295 2726 415 2786 τοῖς
436 2722 647 2793 ἔχουσιν
674 2718 834 2773 αὐτόο
870 2718 931 2771 τὸ
953 2717 1047 2771 καὶ
1070 2715 1139 2770 τά
1172 2714 1310 2786 βάθη
1339 2714 1574 2787 ἐρευνῶν
1604 2713 1697 2767 τοῦ
1727 2712 1882 2767 Θεοῦ.

317 2815 386 2867 Ἥ
412 2812 573 2867 λαλιὰ
601 2812 653 2865 δὲ
689 2813 1033 2883 προποιεῖται
1066 2810 1179 2871 τοῖς
1212 2808 1389 2875 λόγοις
1407 2847 1423 2874 ,
1452 2808 1501 2859 οἱ
1529 2807 1585 2860 δὲ
1611 2805 1759 2873 λόγοι
1786 2805 1886 2877 τὴν

298 2908 615 2979 ἐπιστήμην
669 2903 972 2972 ἐπάγουσι,
1024 2901 1123 2965 τὰς
1174 2900 1479 2967 ἀποδείξεις
1534 2898 1882 2971 παρέχοντες.

316 3000 626 3072 Ἀμφότερα
651 2997 709 3051 δὲ
750 2996 840 3049 διά
866 2993 1023 3048 τοῦτο
1070 2993 1221 3064 παρὰ
1252 2992 1387 3046 Θεοῦ
1422 2990 1691 3055 λέλεκται,
1738 2991 1886 3053 ὅπως

301 3091 370 3146 ἃν
419 3088 757 3145 ἀκουσθῶσιο
830 3086 910 3140 διὸ
960 3085 1196 3148 καὶτοῖς
1240 3083 1557 3138 ἀπειθοῦσιν
1610 3084 1711 3136 οὐκ
1738 3082 1884 3137 ἐστιν

303 3182 589 3249 ἀπολογία.
618 3178 870 3251 Χωροῦσι
920 3178 977 3230 δὲ
1017 3177 1111 3230 τὸν
1144 3176 1380 3246 φθόγγον
1415 3177 1528 3228 ὅσοι
1555 3173 1883 3244 τυγχάνουσι

306 3275 380 3344 γῆ
404 3273 540 3344 πρὸς
601 3272 800 3342 σπόρον
832 3268 1135 3339 ἐπιτηδεία,
1187 3267 1287 3337 τὴν
1318 3267 1462 3332 λέξιν
1492 3266 1589 3335 τὴν
1627 3264 1768 3318 κατὰ
1826 3264 1886 3317 τὸ

308 3361 564 3433 αἰσθητὸν
590 3361 685 3431 τῆς
713 3358 957 3430 Γραφῆς.
993 3358 1056 3410 Ol.
1089 3357 1146 3409 δὲ
1173 3357 1395 3419 τούτους
1426 3353 1882 3425 ὐπερϐεϐηκότες,

308 3453 401 3507 καὶ
430 3452 643 3523 πέρατα
664 3450 1116 3521 χρηματίζοντες,
1166 3448 1411 3518 δέχονται
1445 3447 1516 3499 τά
1545 3448 1763 3519 ῥήματα
1793 3462 1887 3497 σα-

308 3543 425 3613 φῶς
448 3542 850 3612 παιδευόμενοι·
887 3542 948 3593 οὐ
984 3540 1219 3609 φθόγγου
1252 3538 1360 3610 γὰρ
1389 3536 1601 3590 άκούων
1628 3537 1657 3588 6
1682 3535 1885 3606 Πέτρος

308 3635 460 3702 ἔλεγε
482 3649 500 3666 '
536 3651 553 3685 ι
596 3634 843 3703 Ῥήματα
892 3629 1036 3700 ζωῆς
1070 3630 1289 3683 αἰωνίου
1316 3628 1477 3698 ἔχεις.
1521 3646 1539 3679 ι
1574 3627 1684 3681 Καὶ
1711 3628 1740 3679 6
1783 3628 1889 3680 Σωο

306 3725 411 3796 τηρ
457 3723 562 3794 ἔφη
584 3739 599 3753 ·
633 3739 652 3773 ι
712 3720 792 3773 Τὰ
850 3721 1068 3792 ῥήματα
1110 3716 1147 3771 ἃ.
1185 3717 1420 3787 ἐλάλησα
1468 3717 1624 3787 ὑμῖν,
1672 3715 1888 3786 πνεῦμά

310 3818 475 3870 ἔστιν.
516 3833 534 3866 ι
584 3811 929 3875 Ἀποστόλοις
960 3810 1068 3881 γὰρ
1091 3808 1263 3878 ἔλεγε,
1283 3809 1496 3879 πέρατα
1528 3806 1886 3878 τυγχάνουσιν

311 3910 457 3962 οἰκου
466 3906 651 3977 μένης.

383 4001 505 4052 Οὐκ
539 3997 657 4052 εισι
688 3996 894 4050 λαλιαὶ
920 3994 1073 4049 οὐδὲ
1101 3996 1291 4065 λόγοι,
1335 3987 1424 4047 ὧν
1469 3992 1604 4062 οὐχὶ
1635 3988 1888 4047 ἀκούονς.

315 4108 403 4146 ται
427 4094 486 4145 al
517 4088 707 4159 φωναὶ
738 4087 957 4150 αὐτῶν,
985 4106 1039 4140 κ.
1076 4104 1128 4142 τ.
1170 4087 1217 4140 ἑ.
1249 4087 1322 4139 Οὐ
1351 4086 1546 4140 ταυτὸν
1565 4086 1726 4141 λαλιά
1775 4086 1885 4159 (Η)

318 4184 408 4238 καὶ
454 4182 629 4251 λόγος,
685 4181 807 4235 ἐπεὶ
853 4181 974 4234 οὐδὲ
1031 4180 1223 4233 ταυτὸν
1252 4181 1280 4233 6
1313 4179 1471 4242 λάλος
1508 4179 1586 4250 τῷ
1610 4180 1805 4250 λογίῳο
1852 4180 1885 4251 ἢ

315 4275 453 4343 τάχα
485 4273 681 4326 λαλιῶν
714 4273 810 4343 μὲν
836 4274 865 4325 6
890 4271 1146 4342 φθόγγος,
1175 4271 1347 4340 λόγων
1387 4272 1444 4325 δὲ
1478 4271 1545 4325 τά
1578 4273 1814 4343 ῥήματα.

395 4451 499 4507 Ἓν
523 4449 604 4515 τῷ
640 4451 790 4518 ἡλίῳ
820 4449 987 4504 ἔθετο
1015 4449 1081 4505 τὸ
1109 4451 1399 4520 σκήνωμα
1426 4450 1642 4516 αὑτοῦ,
1674 4466 1728 4503 κ.
1759 4466 1812 4503 τ.
1839 4450 1885 4501 ἐ.

326 4542 383 4597 '0
418 4541 620 4612 Κύριος
648 4540 803 4611 ἡμῶν
834 4541 941 4611 (15)
976 4544 1004 4595 6
1023 4543 1173 4613 ἥλιος
1202 4543 1303 4613 τῆς
1332 4541 1679 4613 δικαιοσύνης
1712 4542 1881 4604 ἐστὶν,

317 4634 373 4687 ὲν
397 4630 544 4702 αὐτῷ
579 4631 636 4685 δὲ
668 4636 999 4702 κατασκηνοῖ
1039 4635 1067 4686 6
1116 4634 1324 4706 Πατὴρ,
1359 4634 1503 4688 κατὰ
1555 4634 1615 4687 τό
1636 4652 1648 4665 ·
1685 4653 1702 4685 ι
1746 4632 1888 4701 Ἐγὼ

317 4728 371 4781 ὲν
412 4725 490 4796 τῷ
535 4724 732 4796 Πατρὶ,
779 4724 873 4777 καὶ
912 4726 940 4777 6
986 4725 1173 4796 Πατὴρ
1207 4728 1264 4779 ὲν
1293 4727 1435 4797 ἐμοί.
1481 4745 1498 4777 ι
1536 4726 1649 4780 Καὶ
1681 4726 1844 4779 πάλιν
1872 4740 1889 4757 ο

324 4832 341 4865 ι
385 4814 442 4866 Ὀ
474 4813 664 4884 Πατὴρ
714 4814 771 4865 ὲν
810 4814 933 4883 ἐμοὶ
985 4814 1160 4883 μένων
1188 4815 1349 4878 αὐτὸς
1395 4818 1539 4867 ποιεῖ
1568 4815 1636 4868 τά
1671 4814 1827 4887 ἔργα.
1866 4834 1885 4867 ι

321 4906 424 4957 Καὶ
452 4903 480 4956 6
520 4902 871 4967 Ἀπόστολος’
915 4923 933 4955 ι
966 4905 1099 4969 Θεδς
1125 4901 1193 4975 ἦν
1222 4907 1280 4959 ἐν
1312 4905 1390 4976 τῷ
1420 4905 1641 4977 Χριστῷ
1684 4906 1889 4978 κόσμον

323 4994 696 5048 καταλλάσσων
722 4992 916 5065 ἑαυτῷ.
953 5014 971 5047 ι

304 5106 312 5167 l

1983 2013 2150 2069 Opera
2189 1997 2456 2051 existunt.
2487 1997 2598 2050 Diei
2630 1996 2867 2065 cognitio
2902 2012 3024 2050 cum
3065 1997 3133 2049 sit
3176 1996 3369 2060 lucida,
3401 2005 3454 2050 et
3482 1994 3564 2049 al-

1988 2088 2087 2143 teri
2140 2086 2333 2140 lucidze
2379 2084 2669 2155 cognitioni
2718 2099 2994 2153 congrua,
3041 2093 3254 2138 eructat
3300 2084 3561 2139 verbum:

1986 2176 2441 2249 quemadmodum
2474 2176 2757 2245 Scriptura
2790 2176 2957 2231 Vetus
2987 2175 3325 2247 spiritalibus
3362 2175 3564 2230 referta

1985 2269 2141 2329 cibis,
2187 2269 2253 2323 de
2296 2267 2629 2338 plenitudine
2685 2282 2781 2322 sua
2825 2276 3100 2333 eructans,
3147 2268 3349 2337 praebet
3400 2266 3564 2321 verba

1986 2359 2135 2415 Novo
2168 2358 2535 2413 Testamento.
2581 2356 2695 2412 Nox
2740 2372 2887 2422 vero,
2921 2372 3040 2426 qua:
3086 2366 3168 2411 est
3206 2356 3566 2425 profundissi-

1988 2466 2073 2506 ma
2106 2464 2285 2504 rerum
2320 2463 2637 2503 arcanarum
2675 2447 3117 2517 comprehensio,
3140 2447 3222 2500 'ad
3272 2447 3433 2500 aliam
3466 2460 3567 2501 nos

1986 2539 2374 2595 obscuritatem
2413 2538 2649 2593 adducit.
2696 2537 2847 2592 llanc
2891 2536 3428 2605 comprehensxonem
3470 2535 3565 2590 Dei

1988 2630 2224 2702 Spiritus
2274 2630 2463 2685 tribuit
2514 2630 2580 2684 iis
2612 2629 2702 2699 qui
2757 2629 2933 2699 ipsum
2985 2628 3204 2683 habent.
3246 2625 3344 2681 Hic
3396 2627 3564 2680 etiam

1987 2721 2253 2793 profunda
2285 2721 2380 2776 Dei
2407 2730 2681 2776 scrutatur
2706 2720 2774 2774 ".
2812 2719 3080 2775 Caeterum
3113 2718 3323 2788 loquela
3352 2732 3565 2773 sermo-

1990 2815 2148 2868 nibus
2174 2814 2543 2884 praamittitnr,
2569 2826 2853 2868 sermones
2875 2800 3056 2865 autem
3085 2810 3369 2866 scientiam
3397 2809 3568 2862 addu-

1989 2916 2148 2973 cunt,
2200 2909 2330 2963 dum
2380 2908 2641 2963 exhibent
2689 2904 3203 2963 demonstrationes.
3267 2901 3568 2972 Utrumque

1988 3009 2167 3054 autem
2206 3014 2236 3053 a
2271 2999 2382 3054 Dco
2414 2999 2617 3054 dictum
2653 3006 2735 3053 est
2778 3007 2838 3052 ut
2883 2997 3192 3053 audiantur.
3228 2994 3569 3064 Quapropter

1988 3090 2134 3145 nulla
2166 3099 2417 3160 superest
2446 3088 2743 3145 incredulis
2769 3088 3067 3143 excusatio.
3100 3085 3309 3142 Sonum
3346 3085 3568 3155 capiunt

1990 3182 2300 3250 quicunque
2338 3190 2466 3235 sunt
2497 3192 2640 3235 terra
2680 3178 2872 3233 semini
2919 3186 3065 3247 apta,
3116 3177 3171 3231 id
3216 3186 3301 3231 est
3346 3175 3567 3231 litterali

1991 3271 2285 3340 Scriptura:
2317 3271 2521 3327 sensui.
2575 3269 2677 3337 Qui
2702 3284 2830 3322 vero
2862 3268 2948 3323 his
2992 3268 3304 3337 superiores
3334 3275 3478 3330 sunt,
3514 3278 3568 3321 ct

1990 3363 2126 3418 lines
2150 3361 2507 3432 appellantur,
2532 3370 2719 3430 aperte
2746 3359 2782 3414 ii
2808 3359 3007 3414 eruditi
3037 3358 3337 3429 suscipiunt
3362 3358 3523 3413 verba
3549 3373 3565 3411 :

1988 3469 2163 3524 neque
2196 3453 2339 3509 enim
2370 3467 2561 3507 sonum
2598 3452 2771 3508 solum
2817 3451 3041 3506 auribus
3083 3449 3323 3521 percepit
3354 3449 3567 3514 Petrus,

1990 3563 2111 3602 cum
2135 3546 2273 3602 dixit
2293 3546 2338 3578 ”
2372 3563 2386 3600 :
2418 3544 2584 3617 615
2608 3564 2627 3597 ι
2665 3546 2839 3600 Verba
2883 3545 3004 3599 vitae
3041 3553 3259 3599 aeternae
3309 3544 3498 3598 habes.
3544 3561 3567 3594 ι

1988 3640 2056 3695 Ει
2089 3638 2341 3694 Salvator
2367 3639 2444 3693 ait
2467 3639 2513 3671 ³⁸
2543 3656 2558 3693 :
2591 3656 2609 3688 ι
2650 3636 2968 3708 Verba-qna:
3000 3635 3213 3691 locutus
3245 3650 3363 3689 sum
3393 3634 3568 3699 vobis,

1989 3732 2212 3802 spiritus
2236 3741 2382 3787 sunt.
2416 3750 2435 3783 ι
2463 3730 2686 3785 Dicebat
2709 3730 2854 3785 enim
2878 3730 2983 3786 hoc
3010 3728 3266 3801 apostolis
3289 3729 3380 3799 qui
3412 3738 3571 3783 erant

1993 3823 2127 3879 lines
2159 3824 2311 3879 orbis
2342 3831 2636 3878 terrarum.

2062 3999 2293 4053 Vaas.4.
2318 3996 2440 4054 Non
2468 4009 2590 4053 sunt
2617 3998 2839 4069 loquela:
2869 4014 3032 4071 neque
3055 4013 3317 4053 sermones
3346 4012 3570 4068 quorum

1992 4107 2091 4145 non
2109 4091 2400 4144 audiantur
2417 4107 2561 4145 voces
2580 4106 2781 4157 eorum,
2810 4099 2915 4145 etc.
2937 4088 3051 4144 Non
3084 4089 3224 4145 idem
3250 4098 3335 4144 est
3359 4088 3567 4157 loquela

1992 4190 2155 4249 atque
2180 4183 2383 4247 sermo,
2413 4180 2671 4249 quoniam
2704 4196 2810 4236 non
2838 4181 2984 4235 idem
3025 4189 3110 4235 est
3155 4179 3352 4249 loquax
3390 4194 3455 4234 ae
3483 4181 3569 4234 di-

1990 4284 2189 4329 sertus.
2222 4273 2317 4328 Vel
2350 4272 2488 4328 l‘orte
2520 4288 2689 4329 sonus
2738 4273 2804 4330 ad
2853 4273 3112 4344 loquelas,
3142 4273 3304 4329 verba
3340 4273 3407 4329 ad
3447 4274 3593 4329 ser?

1992 4379 2180 4419 mones
2203 4365 2497 4433 pertinent.

2063 4452 2229 4509 Vsus.
2258 4453 2311 4508 6.
2345 4454 2413 4509 In
2455 4455 2564 4510 sole
2593 4459 2768 4525 posuit
2807 4453 3204 4510 tabernaculum
3257 4469 3432 4518 suum,
3462 4460 3566 4508 etc.

1996 4544 2251 4602 Dominus
2283 4555 2469 4602 noster
2491 4549 2714 4617 justitia:
2742 4548 2821 4603 sol
2852 4558 2955 4613 est,
2998 4548 3050 4602 in
3076 4562 3184 4616 quo
3227 4546 3388 4600 Pater
3413 4544 3569 4599 habi-

1995 4644 2091 4701 tat,
2111 4635 2267 4704 juxta
2299 4636 2430 4691 illud
2454 4639 2497 4669 "
2527 4653 2542 4692 :
2568 4658 2587 4691 ι
2623 4638 2736 4711 Ego
2764 4640 2816 4693 in
2842 4638 3023 4707 Patre,
3055 4648 3111 4693 et
3134 4636 3297 4691 Pater
3319 4637 3373 4689 in
3402 4650 3507 4689 me.
3548 4654 3569 4686 ι

1993 4727 2060 4782 Et
2089 4743 2272 4782 rursus
2288 4729 2361 4782 πε
2394 4748 2411 4779 ι
2442 4729 2601 4785 Pater
2623 4731 2676 4785 in
2705 4746 2790 4786 me
2812 4744 3037 4785 manens
3059 4729 3174 4797 ipse
3192 4728 3320 4782 facit
3344 4740 3529 4797 opera.
3549 4745 3567 4777 ι

1993 4820 2060 4874 Ει
2090 4821 2382 4890 Apostolus
2418 4824 2462 4854 ”
2500 4840 2513 4877 ε
2544 4840 2561 4873 ‹
2600 4824 2739 4878 Deus
2780 4830 2897 4879 erat
2959 4822 3013 4874 in
3048 4818 3262 4876 Christo
3311 4816 3573 4871 mundum

1996 4913 2355 4971 reconcilians
2387 4913 2513 4969 sibi.
2554 4933 2571 4966 ι

385 5194 496 5265 (16)
523 5194 592 5250 In
620 5196 731 5250 sole
769 5200 941 5266 posuit
973 5200 1368 5254 tabernaculum
1412 5216 1588 5254 suum.
1621 5199 1760 5267 Quid
1813 5212 1896 5259 est
1943 5204 2086 5275 quod
2129 5204 2306 5259 dixit:
2344 5221 2362 5254 ι
2404 5201 2459 5257 ln
2485 5202 2599 5258 sole
2633 5201 2812 5271 posuit
2861 5199 3270 5256 tabernaculum
3318 5200 3511 5255 suum?
3548 5221 3565 5253 ι

320 5288 541 5356 Quidam
572 5290 791 5360 quidem
827 5292 1076 5349 dicebant
1108 5296 1251 5364 quod
1285 5294 1538 5350 Salvator
1567 5305 1752 5352 noster
1782 5301 2085 5356 ascendens
2129 5315 2159 5356 e
2205 5298 2364 5354 terris
2403 5298 2471 5351 ad
2517 5298 2735 5363 caelum,
2769 5305 2824 5353 et
2848 5310 3044 5364 corpus
3083 5311 3237 5351 suum
3267 5310 3569 5365 assumens,

320 5385 556 5455 pervenit
588 5400 756 5455 usque
790 5387 858 5441 ad
888 5403 1013 5444 eum
1046 5391 1307 5447 circulum
1346 5392 1437 5461 qui
1490 5392 1621 5448 solis
1653 5409 1789 5448 zona
1835 5396 2167 5462 nominatur,
2193 5404 2248 5451 et
2293 5395 2389 5462 ibi,
2431 5395 2606 5461 aiunt,
2639 5395 2823 5465 posuit
2868 5392 3274 5449 tabernaculum
3325 5396 3572 5463 corporis

382 5523 603 5579 "Joan.
633 5542 731 5593 xu,
758 5529 849 5581 δῖ.
925 5528 1145 5588 "lCor.
1173 5544 1230 5594 It,
1260 5532 1343 5586 l0.
1419 5531 1464 5563 ”
1486 5529 1638 5587 Joan.
1670 5549 1744 5599 vt,
1769 5533 1857 5590 69.
1931 5536 1977 5567 "
2002 5508 2244 5590 ibid.65.
2318 5531 2503 5587 "ibid.
2533 5548 2645 5595 xtv,
2672 5534 2755 5587 10.
2834 5532 2879 5566 ’⁸
2906 5528 3036 5587 ibid.
3119 5533 3164 5565 "
3196 5532 3236 5587 ll
3258 5531 3383 5587 Cor.
3402 5547 3450 5594 v,
3482 5530 3570 5603 l9.

383 5636 498 5777 in;
516 5638 665 5693 Οὔτε
694 5626 805 5709 γὰρ
835 5638 930 5711 γῆ,
961 5651 1066 5697 etc.
1105 5641 1419 5700 Corderius.

414 5708 476 5760 13
533 5708 711 5764 Ἀλλὰ
741 5711 840 5764 καὶ
890 5715 942 5765 οἱ
979 5715 1109 5776 τόν,
1147 5722 1255 5770 etc.
1301 5715 1419 5771 Con

414 5708 498 5789 εὖ)
533 5708 711 5789 we.
741 5708 850 5764 καῖ
890 5708 946 5789 ot
979 5715 1109 5789 tor,
1147 5722 1255 5770 etc.
1301 5715 1596 5772 Corderius
1633 5715 1878 5788 Origeni,

321 5774 585 5848 Barbarus
610 5777 837 5848 Didymo
861 5782 1068 5834 tribuit.

385 5845 494 5916 (Li)
530 5849 612 5903 Οὐ
646 5845 863 5906 ταυτὸν
895 5850 1096 5921 λαλιά,
1130 5863 1235 5912 etc.
1273 5854 1498 5914 Scheda:
1530 5855 1738 5914 Grabii.

2067 5647 2175 5719 (l5)
2219 5646 2284 5701 '0
2309 5647 2524 5715 Κύριος
2553 5647 2742 5717 ἡμῶν,
2772 5656 2879 5703 etc.
2922 5646 3152 5704 Scheda:
3193 5646 3406 5713 Grabii,
3440 5646 3573 5701 Bar-

2204 5787 2394 5859 Exstat
2452 5789 2555 5842 hoc
2600 5788 2965 5859 fragmentum
3016 5788 3069 5846 in
3110 5787 3362 5859 Apologia
3412 5785 3577 5843 Pam-

1993 5857 2123 5929 phili
2154 5858 2408 5927 martyris
2449 5876 2543 5929 pro
2584 5858 2826 5929 Origene.
