3942 6216
197 401 378 456 liii}
1225 397 1538 454 SELECTA
1569 397 1634 452 IN
1671 398 2010 456 PSALMOS.
2047 430 2117 440 —
2156 398 2349 456 PSAL.
2387 399 2528 456 XIX.
3359 394 3494 450 1246

301 510 424 566 Τοῦ
443 510 629 566 αὐτοῦ
676 531 694 563 ι
737 513 793 566 Ὀ
823 511 984 582 φόϐος
1009 512 1216 584 Κυρίου
1237 513 1420 598 ἁγνὸς,
1439 513 1707 584 διαμένων
1739 516 1814 578 εἰς

1995 516 2268 585 Ejusdem.
2304 534 2322 566 ‹
2367 512 2553 569 Timor
2587 513 2798 568 Domini
2845 519 3048 576 castus,
3079 523 3405 581 permanens
3437 510 3491 564 iu

198 603 412 658 αἰῶνα
443 602 636 665 αἰῶνος
705 620 723 653 r
781 603 996 671 ’Δγνεία
1044 605 1190 656 ἐστὶν
1235 603 1348 674 (20)
1403 605 1814 674 ἁμαρτημάτων

1924 606 2170 660 saeculum
2227 603 2428 659 smculi.
2466 623 2485 656 ι
2514 603 2749 659 Castitas
2803 613 2886 658 est
2943 601 3262 657 abstinentia
3296 616 3325 654 a
3364 615 3492 669 pec-

200 693 436 764 ἀποχὴ,
457 695 551 746 καὶ
573 694 602 745 6
623 692 785 762 φόϐος
806 695 989 762 ἁγνὸς,
1013 694 1089 757 ὡς
1118 694 1316 762 ἁγνοὺς
1349 692 1518 747 ποιῶν
1539 710 1552 723 ο
1609 694 1686 765 τῷ
1706 694 1814 765 γὰρ

1924 698 2071 760 ratis,
2109 708 2162 751 et
2185 697 2348 752 timor
2369 709 2575 762 castus,
2609 695 2811 766 quippe
2836 694 2928 764 qui
2955 703 3134 748 castos
3166 692 3292 746 facit
3320 711 3332 746 :
3367 708 3491 745 nam

206 772 387 854 φόϐῴ
414 785 618 855 Κυρίου
646 784 882 838 ἐκκλίνει
910 788 1017 850 πᾶς
1039 786 1146 839 ἀπὸ
1173 785 1369 839 κακοῦ.
1407 787 1634 850 Αίώνιος
1660 788 1715 839 δὲ
1739 787 1814 840 ὢν

1924 789 2127 843 Domini
2171 789 2365 844 timore
2400 790 2627 860 quilibet
2682 805 2712 843 a
2762 789 2903 843 malo
2933 785 3186 841 declinat.
3233 784 3493 838 Aﬁternus

202 877 243 930 ὁ
288 874 482 944 φόϐος,
519 875 613 930 καὶ
632 876 881 940 αἰωνίους
911 871 993 940 οἷς
1017 875 1081 930 ἂν
1107 877 1330 949 γένηται
1358 880 1519 931 ποιεῖ.
1547 877 1814 931 Εύλάϐεια

1924 890 2098 933 autem
2141 895 2261 935 cunt
2303 880 2374 936 sit
2415 881 2597 945 timor,
2649 890 2880 933 a-ternos
2929 889 3142 952 quoque
3177 874 3348 944 ipsum
3397 873 3495 928 ba-

207 967 324 1020 καὶ
369 968 399 1020 6
427 966 522 1020 τοῦ
541 966 678 1021 Θεοῦ
717 967 883 1035 φόϐος
911 969 1018 1026 τῶν
1045 969 1279 1024 αἰωνίων
1304 969 1525 1038 ἀγαθῶν
1570 968 1814 1041 προξενεῖ

1924 972 2104 1026 bentes
2151 970 2332 1026 ellicit.
2376 971 2698 1027 Reverentia
2751 981 2801 1025 et
2855 969 2946 1022 Dei
3007 969 3169 1022 timor
3227 967 3491 1020 bonorum

207 1059 327 1131 τὴν
353 1059 673 1114 ἀπόλαυσιν.
697 1059 934 1124 Εἰκότως
960 1060 1016 1114 δὲ
1041 1060 1069 1112 6
1089 1059 1182 1113 τοῦ
1207 1060 1342 1114 Θεοῦ
1366 1060 1529 1131 φόϐος
1556 1060 1717 1128 ἁγνός
1735 1073 1750 1090 ο
1787 1062 1814 1113 6

1924 1073 2247 1118 aeternorum
2279 1064 2516 1118 fructum
2551 1063 2711 1132 parit.
2750 1062 2939 1115 Merito
2977 1067 3152 1113 autem
3207 1059 3299 1112 Dei
3332 1059 3495 1111 timor

209 1151 342 1222 γὰρ
374 1150 714 1224 ἀνθρώπινος
754 1151 1000 1222 ψέγεται,
1037 1153 1130 1207 καὶ
1155 1151 1356 1218 δειλίας
1388 1152 1498 1222 ἔχει
1536 1169 1814 1224 προσηγο-

1924 1165 2097 1210 castus
2140 1167 2266 1210 est:
2306 1157 2574 1211 humanus
2627 1154 2770 1209 enim
2820 1152 3130 1216 damnatur,
3188 1159 3243 1204 et
3294 1148 3494 1204 timidi-

217 1241 361 1312 ρίαν
377 1283 392 1296 .
1921 1247 2044 1300 tatis
2090 1246 2350 1301 vocabulo
2381 1247 2707 1301 nominatur.

300 1333 418 1388 Καὶ
449 1333 558 1404 γηάρ
593 1337 627 1388 ό
646 1334 867 1402 δοῦλός
893 1352 1010 1390 σου
1042 1335 1348 1405 φυλάσσει
1375 1333 1545 1401 αὐτὰ,
1605 1351 1659 1386 κ.
1682 1351 1732 1386 τ.
1765 1335 1812 1388 ἐ.

1989 1335 2153 1391 Vens.
2189 1337 2276 1390 12.
2309 1335 2519 1390 Etenim
2553 1353 2728 1390 servus
2757 1346 2880 1389 tuus
2915 1335 3140 1389 custodit
3169 1351 3251 1398 ea,
3287 1344 3394 1389 etc.
3433 1332 3490 1388 Si

217 1425 291 1476 ΕΞ
323 1426 356 1477 6
389 1423 575 1489 δοῦλος
595 1425 706 1497 (21)
731 1427 1014 1496 φυλάσσει,
1049 1430 1078 1481 6
1105 1427 1178 1498 μὴ
1206 1426 1498 1496 φυλάσσων
1519 1426 1580 1479 ού
1607 1425 1811 1488 δοῦλος.

1924 1444 2103 1484 servus
2130 1430 2384 1494 custodit,
2420 1429 2510 1498 qui
2563 1444 2667 1483 non
2714 1427 2968 1493 custodit,
3015 1442 3122 1481 non
3155 1435 3239 1481 est
3277 1439 3490 1480 servus.

216 1514 506 1569 Φυλάσσει
534 1516 592 1569 δὲ
617 1517 688 1570 τὰ
716 1517 1030 1591 ἐπιθυμητὰ
1056 1518 1149 1571 τοῦ
1177 1516 1312 1570 Θεοῦ
1340 1519 1369 1570 6
1410 1515 1693 1586 ἐπιθυμῶν
1717 1516 1814 1569 οὐκ

1924 1520 2159 1575 Custodit
2207 1499 2386 1574 autent
2436 1519 2816 1575 desiderabilia
2865 1517 2981 1584 Dei,
3028 1517 3120 1586 qui
3167 1514 3301 1568 nihil
3349 1513 3492 1568 aliud

218 1603 363 1657 ἄλλο
396 1607 514 1676 τιῆ
562 1606 722 1660 αὐτὰ.
777 1608 868 1660 Διὸ
920 1608 1031 1677 ἔχει
1079 1607 1428 1661 ἀνταπόδοσιν
1477 1608 1654 1677 τυχεῖν
1706 1604 1814 1658 τῶν

1924 1610 2182 1665 desiderat
2215 1619 2409 1680 pragter
2459 1611 2601 1680 ipsa.
2657 1608 2860 1664 Idcirco
2912 1622 3010 1676 pro
3059 1605 3495 1661 remuneratione

221 1694 708 1767 ἐπιθυμουμένων.
739 1698 820 1752 Τά
844 1700 1053 1772 φανερά
1075 1699 1132 1754 δέ
1161 1699 1530 1770 κατορθώσας,
1550 1698 1678 1769 περὶ
1708 1696 1818 1751 τῶν

223 1785 483 1855 γρυφίων
505 1784 741 1857 εὔχεται.

1916 1701 2120 1757 obtinet
2167 1715 2231 1757 ea
2288 1717 2408 1772 qua:
2469 1701 2820 1757 desideravit.
2883 1699 2986 1766 Qui
3033 1706 3214 1754 autem
3262 1713 3324 1752 ea
3374 1711 3495 1766 quae

1917 1802 2100 1862 aperta
2131 1800 2280 1856 sunt,
2313 1800 2458 1846 recte
2501 1793 2684 1861 gessit,
2734 1805 2834 1862 pro
2873 1788 3101 1845 occultis
3149 1788 3490 1859 deprecatur.

313 1873 463 1929 Ἐὰν
510 1853 602 1945 mi
641 1896 762 1947 μου
817 1880 1348 1946 κατακυριεύσωσι,
1412 1880 1543 1934 τότε
1577 1877 1814 1951 ἄμωμος

1951 1853 1968 1862 ’
1991 1881 2150 1937 Vens.
2177 1883 2263 1937 Μ.
2291 1882 2354 1938 Si
2377 1883 2477 1938 mei
2501 1853 2608 1936 non
2636 1853 2829 1951 [nerint
2850 1880 3130 1948 dominati,
3150 1853 3280 1933 tunc
3305 1878 3494 1932 intuta-

224 1965 472 2034 ἐσεμαι,
507 1985 560 2021 κ.
593 1987 642 2022 τ.
679 1970 726 2022 ἐ.
768 1970 893 2026 Ἐὰν
923 1973 972 2025 οἰ
1005 1972 1271 2044 ἀλλότριοι
1307 1971 1417 2044 (22)
1466 1971 1539 2043 μὴ
1571 1987 1813 2025 κατακυ-

229 2056 525 2128 ριεύσωσιν
552 2059 726 2130 ἡμῶν,
748 2061 868 2116 τότε
895 2062 1114 2134 ἄμωμοι
1159 2063 1414 2134 ἐσόμεθα,
1459 2063 1520 2117 οὺ
1550 2062 1814 2134 πρότερον

225 2150 468 2205 τοιοῦτοι
490 2151 659 2216 ὄντες.
689 2154 1018 2224 ’Λμωμοιδέ
1049 2155 1280 2226 ἐσόμεθα
1306 2155 1688 2226 καθαιρόμενοι
1721 2156 1815 2210 καὶ

227 2239 345 2292 ἀπο
381 2239 642 2312 μεγίστης
671 2243 963 2314 ἁμαρτίας.
999 2246 1108 2298 Καὶ
1140 2245 1234 2299 τοῦ
1283 2247 1380 2317 μὲν
1435 2245 1599 2316 μηδὲν
1654 2245 1815 2314 ἁγνὸν

229 2333 647 2403 προφερομένου
681 2335 746 2388 ἐκ
790 2335 882 2389 τοῦ
920 2336 1052 2392 ἰδίου
1087 2337 1354 2407 στόματος
1383 2336 1449 2389 τά
1481 2336 1635 2404 λόγια
1667 2336 1814 2390 ἔσον-

228 2437 323 2473 ται
357 2423 437 2484 εἰς
469 2421 733 2489 εὐδοκίαν,
757 2423 851 2480 ἅτε
877 2425 1184 2494 ἀνοίγοντος
1213 2425 1275 2479 τδ
1295 2425 1469 2495 στόμα
1501 2424 1646 2497 μόνῳ
1669 2426 1814 2497 λόγῳ

227 2511 372 2565 Θεοῦ
398 2528 412 2544 ο
439 2512 533 2566 τοῦ
574 2514 631 2566 δὲ
653 2515 894 2569 τοιούτου
921 2519 955 2587 ἡ
1000 2517 1198 2589 μελέτη
1220 2517 1322 2587 τῆς
1351 2516 1575 2587 καρδίας
1602 2516 1689 2570 διά
1714 2518 1814 2588 τὴν

231 2603 546 2675 παρρησίαν
565 2605 796 2666 ,ἐνώπιόν
830 2609 945 2660 ἐστι
967 2608 1060 2661 τοῦ
1093 2608 1247 2672 Θεοῦ,
1279 2610 1340 2661 οὑ
1367 2608 1496 2661 ποτέ
1522 2608 1641 2678 μὲν,
1684 2608 1814 2662 ποτέ

230 2695 294 2748 δέ
320 2694 405 2758 οὒ,
436 2695 571 2748 ἀλλά
591 2696 678 2749 διά
699 2698 916 2762 παντός.
943 2699 1166 2762 Οὐδενὸς
1189 2699 1247 2753 δὲ
1271 2699 1510 2762 ἀνιέντος
1532 2699 1628 2771 τὴν
1657 2700 1814 2770 μελέ-

232 2802 337 2856 την
356 2787 457 2856 τῆς
490 2788 681 2842 ἐαυτοῦ
709 2789 952 2862 καρδίας,
993 2790 1084 2844 καὶ
1109 2789 1197 2844 διά
1237 2791 1396 2844 τοῦτο
1451 2791 1812 2862 μολυνομένου

230 2873 605 2950 διαλογισμοῖς
635 2881 907 2952 πονηροῖς,
958 2879 1178 2934 δύναται
1220 2881 1419 2953 μελέτη
1445 2882 1542 2953 τῆς
1589 2881 1813 2953 καρδίας

235 2965 374 3023 εἶναι
402 2971 491 3025 διὰ
523 2973 721 3037 παντὸς
755 2971 984 3026 ἐνώπιον
1006 2973 1100 3026 τοῦ
1127 2972 1280 3027 Θεοῦ.

811 3281 1104 3334 ΨΔΛΜΟΣ
1129 3279 1226 3336 ΙΘ¹.

325 3373 682 3427 Ἐποκούσαι
741 3384 857 3426 σου
900 3373 1115 3438 Κύριος
1165 3372 1235 3424 ἐν
1288 3371 1478 3441 ἡμέρᾳ
1532 3374 1812 3442 θλίψεως,

244 3463 652 3534 ὑπερασπίσαι
679 3476 795 3516 σου
823 3461 887 3514 τὸ
917 3462 1102 3531 ὄνομα
1129 3461 1234 3516 τοῦ
1259 3463 1407 3517 Θεοῦ
1443 3463 1676 3518 Ἰακώϐ·
1721 3467 1817 3530 ἐξ-

245 3555 594 3610 αποστείλαι
626 3567 724 3608 σοι
747 3552 1038 3618 ,βοήθειαν
1067 3552 1136 3618 ἐξ
1161 3553 1354 3622 ἁγίου,
1412 3553 1510 3607 καὶ
1543 3555 1612 3607 ἐκ
1663 3555 1818 3608 Σιὼν

245 3645 613 3701 ἁντιλὰὄοιτό
667 3657 804 3709 σου,
857 3661 911 3700 κ.
968 3661 1018 3696 τ.
1075 3645 1120 3697 ἐ.
1178 3644 1238 3697 '0
1291 3647 1348 3700 ἐν
1378 3648 1537 3716 στενῇ
1572 3645 1684 3716 (25)
1723 3647 1818 3702 καὶ

247 3735 572 3806 τεθλιμμένη
601 3733 881 3804 τυγχάνων
912 3733 1037 3804 ὁδῷ,
1065 3733 1346 3807 ἐπαγούσῃ
1381 3735 1474 3788 ἐπὶ
1515 3734 1616 3807 τήν
1647 3735 1814 3809 ζωὴν,

247 3829 459 3891 πάντως
502 3827 534 3898 ἢ
593 3829 652 3880 ἐν
708 3825 873 3879 παντὶ
914 3825 1174 3888 θλίϐεται,
1225 3826 1318 3880 καὶ
1369 3827 1427 3880 ἐν
1473 3826 1657 3899 ἡμέρᾳ
1702 3828 1817 3880 ἐστὶ

248 3919 472 3989 θλίψεως
492 3935 507 3950 ο
541 3918 622 3972 διὸ
653 3918 910 3988 τυγχάνει
941 3917 1040 3988 τῆς
1084 3917 1141 3969 ἐν
1165 3916 1243 3987 τῷ
1281 3917 1643 3971 ἐπακούεσθαι
1669 3917 1816 3974 εὐλο-

247 4007 387 4075 γίας,
416 4003 484 4080 ἧς
527 4005 888 4075 ἀποτυγχάνει
920 4007 948 4058 6
998 4007 1055 4058 ἐν
1085 4004 1314 4075 πλατείᾳ
1341 4004 1437 4060 ὧν.
1490 4005 1582 4058 Διὸ
1617 4006 1814 4080 μᾶλλον

247 4100 300 4152 ἐν
324 4099 506 4172 ἡμέρᾳ
526 4097 757 4169 θλίψεως
779 4093 921 4154 εἶναι
946 4096 1259 4168 θελήσωμεν
1277 4112 1292 4128 ο
1318 4097 1682 4168 ύπερασπίσει
1708 4098 1813 4171 γάρ

246 4193 397 4264 ἡμῶν
420 4192 481 4246 τὸ
517 4193 684 4263 ὄνομα
705 4189 798 4243 τοῦ
833 4188 968 4243 Θεοῦ
993 4188 1225 4252 .Ἰακὼϐ,
1253 4187 1300 4242 εἰ
1325 4189 1674 4260 ἐνδυσάμενοι
1718 4190 1814 4261 τὴν

251 4284 542 4339 πανοπλίαν
585 4283 750 4336 αὐτοῦ
802 4283 1064 4353 σταίημεν
1099 4281 1233 4353 πρὸς
1263 4281 1362 4344 τὰς
1414 4281 1691 4352 μεθοδείας
1719 4280 1813 4334 τοῦ

249 4375 507 4430 διαϐόλου.
566 4372 865 4444 Εὑχὼμεθα
901 4368 994 4425 οὖν
1025 4372 1243 4435 πάντως
1271 4374 1326 4425 ἐν
1355 4371 1537 4443 ἡμέρᾳ
1561 4372 1812 4442 θλίψεως.

253 4468 333 4520 ἵνα
357 4463 801 4533 ἐπακουσθῶμεν,
843 4464 1140 4533 ἀηελικῆς
1174 4465 1209 4535 ἦ
1240 4483 1386 4529 τινος
1429 4465 1682 4537 τοιαύτης
1726 4466 1814 4532 ἐξα
1845 4532 1857 4537 ξ

251 4552 708 4625 αποστελλομίνης
732 4556 862 4626 ἡμῖν
893 4555 992 4625 τῆς
1045 4555 1317 4626 βοηθείας,
1369 4556 1402 4628 ἢ
1445 4556 1694 4628 βοηθείας
1718 4557 1812 4611 τοῦ

252 4645 498 4719 Χριστοῦ.

323 4737 428 4791 Τοῦ
463 4736 668 4791 αὐτοῦ.
727 4735 786 4788 Ὀ
818 4736 917 4807 τὴν
950 4736 1140 4808 στενὴν
1170 4737 1283 4808 (ει)
1309 4739 1404 4792 καὶ
1447 4738 1810 4810 τεθλιμμένην

253 4826 439 4881 ὁδεύων
461 4827 580 4881 όδὸν
609 4827 694 4880 ἀεί
718 4828 865 4879 ἐστιν
895 4828 953 4880 ἐν
978 4827 1206 4896 θλίψεσι,
1236 4830 1330 4882 καὶ
1382 4830 1670 4900 εὐχόμενος
1701 4833 1811 4884 εἰσ-

255 4918 495 4974 ακούεται
513 4934 528 4948 ο
581 4919 611 4972 6
666 4918 922 4972 πλατεῖαν
954 4917 1075 4972 οὔτε
1102 4919 1360 4983 θλίϐεται,
1382 4919 1507 4972 οὕτε
1530 4921 1805 4975 ἀκούεται.

257 5009 541 5083 Εὐχώμεθα
571 5005 664 5064 οὖν
699 5012 756 5063 ἐν
797 5010 1057 5081 θλίψεσιν,
1095 5011 1181 5064 ἵνα
1204 5010 1667 5082 εἰσακουσώμεθα.
1701 5013 1811 5065 Καὶ

267 5102 498 5168 Ἐζεκίας
524 5102 634 5174 γὰρ
660 5103 758 5174 τὴν
784 5103 1068 5174 ἐπιστολὴν
1100 5102 1280 5157 λαϐὼν
1303 5103 1671 5174 ΔΣεναχηρεὶμ,
1718 5103 1811 5156 καὶ

256 5191 308 5244 ἐν
350 5191 426 5261 τῷ
473 5192 588 5262 ναῷ
633 5191 838 5262 ταύτην
887 5191 962 5262 τῷ
1007 5193 1125 5264 Θεῷ
1178 5193 1506 5259 ἐπιδεικνὺς,
1553 5192 1646 5246 τοῦ
1680 5192 1810 5247 λαοῦ

257 5282 381 5352 ὑπὲρ
407 5280 571 5335 αὐτοῦ
605 5282 896 5354 εὐχομένου
929 5283 1279 5354 εἰσηκούσθη.

312 5373 615 5443 ,Μνησθεῶπ
661 5373 865 5442 πάσης
890 5376 1106 5442 θυσίας
1137 5391 1273 5440 σου,
1325 5376 1422 5430 καί
1460 5373 1524 5428 τὸ
1557 5374 1808 5430 ὁλοκαύ-

262 5568 426 5692 ωξῖῐέ
463 5567 689 5639 Ἀγνεία
739 5569 931 5638 ἐστίν,
983 5581 1092 5626 etc.
1141 5568 1366 5625 Schedaa
1400 5565 1586 5624 Grabii
1613 5608 1629 5636 ,
1680 5567 1816 5625 Bar-

263 5708 530 5834 Βηίιῖιέΐιὲἐ.
549 5712 581 5764 o'
606 5709 849 5777 δοῦλος,
875 5718 982 5767 etc.
1007 5708 1320 5778 Corderius,
1355 5708 1568 5766 schedae
1599 5706 1808 5775 Grabii,

1839 3291 1886 3352 Ο

1915 1973 2122 2028 tutatus
2147 1989 2256 2040 ero,
2297 1985 2405 2028 etc.
2446 1972 2502 2027 Si
2536 1971 2694 2028 alieni
2735 1987 2840 2026 non
2887 1971 3084 2025 fuerint
3117 1970 3271 2025 nobis
3316 1969 3490 2037 domi-

1917 2066 2049 2130 nati,
2082 2074 2207 2120 tunc
2239 2063 2564 2118 intmaculati
2609 2063 2831 2127 erimus,
2865 2075 2988 2116 cum
3039 2059 3188 2128 prius
3224 2056 3358 2112 tales
3385 2071 3489 2110 non

1917 2172 2178 2213 essemus.
2231 2155 2566 2210 lmmaculati
2604 2165 2784 2209 autem
2840 2152 3044 2208 erimus
3086 2160 3142 2206 et
3183 2166 3213 2204 a
3259 2149 3494 2204 maximo

1917 2259 2142 2318 peccato
2193 2248 2414 2317 expiati.
2452 2249 2624 2316 Atque
2673 2243 2793 2315 ejus
2838 2242 3054 2314 quidem
3097 2242 3188 2312 qui
3226 2239 3358 2295 nihil
3390 2239 3492 2295 nisi

1917 2348 2124 2395 castum
2148 2355 2215 2394 ex
2238 2353 2335 2394 ore
2368 2353 2467 2393 suo
2492 2337 2722 2407 profert,
2747 2335 2956 2405 eloquia
2987 2340 3144 2388 erunt
3168 2340 3225 2386 ut
3257 2330 3492 2399 compla-

1916 2441 2089 2492 ceant.
2120 2431 2319 2501 quippe
2341 2429 2431 2499 qui
2465 2443 2569 2483 non
2598 2427 2805 2499 aperiat
2826 2441 2889 2482 os
2917 2425 3019 2480 nisi
3044 2423 3145 2479 soli
3173 2423 3336 2500 verbo
3376 2423 3492 2478 Dei.

1916 2518 2087 2589 Hujus
2119 2531 2296 2575 autem
2331 2518 2609 2576 meditatio
2640 2519 2824 2574 cordis
2863 2517 2914 2572 in
2951 2523 3240 2584 conspectu
3279 2512 3374 2567 Dei
3413 2525 3496 2568 est

1918 2627 2152 2681 semper.
2179 2611 2386 2667 Nullius
2422 2620 2602 2666 autem
2641 2610 2731 2679 qui
2779 2608 3048 2663 remiserit
3087 2604 3492 2660 meditationem

1920 2701 2102 2756 cordis
2130 2700 2214 2755 sui
2247 2709 2306 2756 et
2337 2709 2619 2770 propterea
2650 2697 2919 2771 perversis
2961 2694 3375 2765 cogitationibus
3408 2693 3489 2748 in-

1919 2791 2174 2862 quinatus
2201 2791 2388 2856 fuerit,
2423 2800 2602 2863 potest
2639 2791 2919 2848 meditatio
2953 2788 3133 2846 cordis
3179 2788 3232 2842 in
3264 2799 3487 2856 conspe-

1921 2895 2009 2939 ctu
2038 2883 2132 2940 Dei
2159 2899 2280 2942 esse
2307 2898 2540 2955 semper.

2445 3277 2764 3335 PSALMUS
2821 3276 2960 3331 XIX.

1994 3372 2162 3442 616
2184 3371 2353 3429 Vens.
2375 3371 2448 3427 9.5
2497 3369 2769 3424 Exnndiat
2807 3378 2854 3421 te
2887 3366 3146 3421 Dominus
3181 3366 3234 3420 in
3273 3365 3358 3420 die
3389 3366 3489 3418 tri-

1919 3468 2200 3523 bulationis
2223 3505 2239 3531 ,
2270 3472 2503 3534 protegat
2531 3471 2580 3516 te
2608 3476 2791 3515 nomen
2821 3459 2918 3515 Dei
2941 3459 3107 3514 Iacob
3138 3477 3156 3523 ;
3197 3460 3366 3513 mittat
3395 3460 3489 3511 tibi

1918 3559 2172 3614 auxilium
2213 3557 2276 3610 de
2311 3562 2514 3616 sancto,
2549 3562 2596 3606 et
2631 3553 2694 3607 de
2736 3551 2870 3608 Sion
2912 3559 3120 3605 tueatur
3149 3559 3217 3617 te,
3245 3560 3352 3606 etc.
3387 3550 3487 3620 Qui

1918 3653 1971 3708 in
2002 3659 2230 3723 angusta
2262 3659 2318 3704 et
2365 3656 2516 3702 arcta
2551 3647 2635 3700 via
2684 3654 2790 3710 est,
2829 3659 2948 3714 quia
2992 3642 3138 3699 ducit
3180 3643 3246 3698 ad
3303 3643 3487 3708 vitam,

1917 3744 2138 3800 omnino
2169 3751 2261 3797 aut
2287 3741 2338 3795 iu
2368 3739 2624 3794 omnibus
2657 3736 2965 3800 tribulatur,
2995 3743 3050 3790 et
3082 3745 3163 3790 est
3190 3735 3240 3790 in
3271 3735 3358 3790 die
3389 3734 3488 3789 tri-

1917 3835 2245 3892 bulationis:
2278 3841 2607 3904 quapropter
2647 3829 2854 3886 obtinet
2875 3827 3232 3882 exauditioni
3266 3827 3488 3882 benedE--

1919 3929 2149 3983 ctionem
2175 3942 2276 3997 qua
2308 3924 2600 3980 frustratur
2629 3923 2676 3977 is
2703 3921 2792 3990 qui
2823 3921 2876 3975 in
2907 3919 3016 3976 lata
3049 3919 3134 3973 via
3163 3928 3264 3974 est.
3294 3919 3492 3986 Quant-

1915 4021 2100 4077 obrem
2132 4018 2308 4090 potius
2333 4016 2557 4071 velimus
2584 4028 2704 4069 esse
2735 4012 2786 4068 in
2815 4011 2899 4066 die
2927 4009 3288 4066 tribulationis
3314 4028 3331 4068 ε
3361 4025 3489 4080 ιιι-ος

1919 4119 2062 4180 teget
2096 4110 2240 4166 enim
2274 4124 2372 4163 nos
2419 4120 2612 4163 nomen
2659 4103 2750 4158 Dei
2796 4101 2984 4170 Jacob,
3022 4103 3067 4158 si
3105 4101 3275 4157 iudttti
3312 4117 3490 4156 arma-

1919 4209 2091 4255 turam
2135 4198 2274 4268 ejus,
2305 4198 2513 4251 artibus
2546 4193 2743 4249 diaboli
2793 4194 3126 4248 resistamus.
3169 4191 3492 4249 Omnimodo

1917 4291 2079 4362 igitur
2124 4290 2177 4344 iu
2223 4289 2310 4344 die
2358 4281 2720 4344 tribulationis
2751 4299 2984 4350 oremus,
3021 4293 3076 4339 ut
3115 4285 3486 4352 exaudiatnur,

1916 4392 1970 4438 et
2018 4382 2320 4453 angelicum
2370 4381 2452 4436 vel
2509 4381 2652 4437 aliud
2707 4381 2968 4449 eiusmodi
3019 4381 3277 4436 auxilium
3333 4378 3490 4440 nobis

1918 4475 2190 4542 mittatur,
2217 4473 2302 4530 vel
2328 4474 2583 4528 auxilium
2613 4473 2837 4530 Christi.

1995 4738 2263 4808 Ejusdem.
2300 4737 2402 4804 Qui
2441 4751 2538 4807 per
2583 4742 2867 4804 angustam
2915 4742 2966 4789 et
3010 4743 3216 4787 arctam
3253 4734 3489 4790 ambulat

1918 4845 2084 4895 vram,
2108 4844 2318 4898 semper
2344 4837 2426 4885 est
2481 4829 2534 4883 in
2566 4825 3029 4894 tribulationibus,
3061 4835 3115 4878 et
3145 4838 3266 4877 cum
3297 4837 3488 4891 preca-

1919 4929 2026 4985 tur,
2057 4922 2381 4986 exauditur;
2416 4920 2506 4989 qui
2535 4930 2714 4973 autetn
2744 4918 2906 4970 latant
2939 4924 3086 4968 tenet
3120 4913 3280 4977 viam,
3315 4928 3488 4982 neque

1920 5013 2229 5076 tribulatur,
2261 5028 2436 5081 neque
2466 5009 2770 5065 exauditur.
2802 5008 3029 5063 Oremus
3064 5019 3192 5077 ergo
3229 5005 3281 5059 itt
3314 5006 3487 5059 tribu-

1918 5102 2204 5158 lationibus
2238 5113 2294 5158 ut
2327 5103 2699 5157 exaudiamur.
2747 5098 3004 5154 Ezechias
3036 5112 3155 5152 eum
3201 5096 3484 5167 epismlaut

1918 5206 1946 5245 a
1994 5193 2364 5248 Senuacherib
2412 5194 2728 5263 accepisset,
2767 5197 2820 5245 et
2863 5204 2982 5244 eam
3041 5189 3148 5243 Deo
3185 5188 3236 5242 in
3285 5193 3488 5258 templo

1917 5285 2263 5351 ostendisset,
2294 5285 2490 5354 p0pulo
2523 5300 2620 5354 pro
2650 5297 2717 5338 eo
2751 5289 2939 5337 orante
2967 5281 3249 5336 exauditus
3275 5289 3380 5336 est.

1990 5374 2148 5431 Vens.
2181 5374 2236 5428 4.
2265 5374 2467 5428 Memor
2504 5373 2571 5426 sit
2611 5372 2779 5426 onmis
2827 5367 3073 5430 sacriﬁcii
3115 5367 3215 5434 tui,
3249 5378 3297 5422 et
3335 5364 3488 5418 Isolo.

2010 5569 2101 5635 22)
2126 5570 2270 5625 Ἐὰν
2296 5573 2351 5624 οἱ
2376 5569 2702 5636 ἀλλότριοι,
2731 5576 2835 5623 etc.
2859 5567 3168 5623 Cnrderius.

2008 5639 2104 5712 9.3)
2142 5642 2196 5694 Ὁ
2227 5640 2298 5712 ἐν
2327 5639 2537 5712 στενῇ.
2561 5651 2666 5694 etc.
2695 5638 3009 5712 Co_rderi_us.

1983 5706 2098 5780 (24)
2133 5712 2188 5767 '0
2219 5710 2333 5780 τὴν
2357 5706 2600 5779 attrahe,
2626 5719 2731 5766 etc.
2758 5707 2981 5766 Scltcdae
3005 5706 3214 5763 Crabii.
