3942 6216
110 243 273 300 ιεειει

1149 229 1458 289 seuseu
1495 228 1561 284 ιιι
1601 224 1941 282 ussuros.
1975 226 2051 264 '—-
2089 208 2284 281 essu.
2324 221 2442 277 xx.

3302 218 3437 275 1250

105 361 242 431 (34)
312 361 381 413 ἐν
416 359 669 432 νοητοῖς,
726 356 820 411 καὶ
867 352 1071 426 θεωρία
1106 348 1400 421 ὀφθαλμῶν
1449 348 1507 399 ἐν
1552 346 1769 415 ὁρατοῖς

1895 356 1991 395 ιιιιιι
2028 341 2081 395 in
2106 338 2409 394 visibilibus
2441 344 2498 390 et
2527 333 2875 406 spectaculis,
2923 332 3172 388 voluntas
3201 347 3327 387 vero
3357 338 3436 390 la-

107 451 221 503 καὶ
283 450 580 520 θεάμασι,
632 448 849 516 θέλησις
892 444 949 497 δὲ
976 442 1197 513 χειλέων
1226 443 1282 493 ἐν
1303 442 1369 511 τῇ
1396 436 1650 509 περὶτῶν
1680 452 1766 488 ve-

108 552 224 606 νοη
234 535 446 605 μένων
485 538 584 591 καὶ
612 533 1040 605 τεθεωρημένων
1068 529 1393 600 ἐπαγγελίᾳ.

206 630 521 697 Ἐθηκας
573 628 668 681 ἐπὶ
724 626 839 695 τὴν
891 624 1169 694 κεφαλὴν
1221 622 1409 676 αὑτοῦ
1463 620 1769 689 στέφανον

115 718 200 772 ἐκ
266 720 473 774 λίθου
529 720 743 788 τιμίου,
792 735 846 769 κ.
886 736 935 771 τ.
976 718 1023 771 ὲ.
1086 715 1355 783 Στέφανος
1391 712 1489 782 μὲν
1530 710 1764 784 Χριστοῦ

123 810 255 883 (⁸55)
311 814 344 864 6
374 810 550 875 Θεὸς,
585 811 816 881 Χριστὸς
864 809 919 861 δὲ
948 808 1046 878 τῆς
1072 808 1295 877 λογικῆς
1341 806 1574 874 φύσεως.
1616 805 1765 857 Λίθοι

122 902 324 973 τίμιοι
382 906 439 956 οἱ
480 905 817 976 μαργαρῖται
846 902 1019 969 λόγοι,
1060 900 1187 972 περὶ
1225 893 1299 953 ὧν
1330 898 1576 970 εἴρηταιο
1632 918 1648 949 ι
1676 899 1765 969 Μὴ

129 987 359 1059 ῥίψητε
397 992 537 1055 τοὺς
572 990 916 1061 μαργαρίτας
970 988 1124 1061 ὑμῶν
1179 988 1484 1060 ἔμπροσθεν
1518 988 1626 1041 τῶν
1652 988 1765 1058 χοί-

133 1094 284 1151 ρων.
339 1100 361 1132 ι
394 1082 519 1135 Καὶ
555 1084 583 1134 6
604 1080 968 1152 πολυτίμητος
1004 1062 1345 1151 μαργαρίτης
1379 1079 1472 1133 τοῦ
1500 1080 1764 1151 ἐμπόρου,

133 1172 243 1223 καί
273 1174 326 1224 οἱ
364 1171 619 1245 Χριστοῦ
669 1172 927 1243 μαθηταὶ,
961 1172 1011 1224 οἳ
1059 1172 1134 1235 ὡς
1175 1171 1437 1241 στέφανος
1472 1171 1769 1234 πλακέντες

136 1265 213 1334 τῇ
246 1264 517 1335 Χριστοῦ
557 1264 765 1334 κεψαλῇ
796 1264 1229 1334 ἐπιτεθήσονται.

222 1356 355 1410 Τοῦ
380 1356 601 1411 αὑτοῦ.
655 1356 745 1421 Ἐξ
784 1351 857 1411 ὧν
886 1374 968 1421 τις
1001 1358 1308 1429 ἐπιτηδεύει
1336 1356 1466 1427 (56),
1520 1358 1614 1412 καὶ
1646 1376 1767 1412 στε-

140 1444 469 1511 φανοῦται.
516 1446 575 1498 '0
600 1445 709 1517 γὰρ
735 1446 959 1509 δίκαιος,
991 1445 1186 1511 διώξας
1214 1446 1275 1498 τὸ
1297 1446 1525 1511 δίκαιον,
1554 1447 1644 1500 τὸν
1670 1448 1772 1518 τῆς

143 1532 531 1605 δικαιοσύνης
575 1536 910 1607 ἀπολήψεται
961 1535 1256 1605 στέφανον’
1298 1538 1326 1589 6
1352 1539 1771 1610 κατατρυφήσας

147 1624 214 1677 δὲ
249 1625 358 1678 τοῦ
397 1627 613 1699 Κυρίου
644 1627 892 1698 στεφάνῳ
922 1628 1135 1700 τρυφῆς
1177 1629 1612 1700 ὑπερασπίζεται
1636 1649 1649 1661 ·
1679 1631 1771 1684 καὶ

151 1718 187 1769 6
224 1717 436 1787 χάριτι
490 1717 683 1781 σωθεὶς
736 1718 999 1786 στέφανον
1042 1720 1282 1791 χαρίτων
1322 1722 1415 1775 ἐπὶ
1445 1722 1544 1793 τῆς
1576 1724 1769 1779 ἐαυτοῦ

146 1806 397 1877 νδέχεται
456 1808 735 1879 κορυφῆς·
783 1809 875 1862 καὶ
921 1810 950 1861 6
981 1808 1317 1881 θησαυρίσας
1361 1813 1498 1882 μετά
1546 1815 1770 1886 χρυσίου

154 1898 261 1950 καὶ
313 1898 593 1970 ἀργυρίου
644 1898 823 1963 λίθους
870 1901 1103 1971 τιμίους,
1135 1902 1225 1971 ὑφ’
1255 1895 1330 1955 ὧν
1374 1905 1663 1974 εἰργάσατο
1694 1907 1773 1959 λί-

150 1988 280 2042 θων
321 1991 832 2063 στεφανωθήσεται.
871 1994 982 2046 Καὶ
1028 1995 1057 2046 6
1100 1993 1305 2066 Κύριος
1348 1997 1473 2060 τοὺς
1512 1999 1775 2061 είς“αὑτὺν

144 2080 514 2149 ἐλπίζοντας
541 2085 795 2152 στεφανοί
827 2084 883 2137 ἐν
907 2083 1045 2137 ἐλέει
1072 2086 1165 2138 καὶ
1191 2087 1512 2158 οίκτιρμοίς.
1570 2102 1573 2103 ⁷

244 2264 439 2331 Ζωὶιι·
468 2264 740 2334 ᾑτήσατό
767 2280 860 2328 σε,
897 2264 993 2319 καὶ
1030 2266 1257 2333 ἔδωκας
1286 2268 1446 2335 αὺτῷ
1477 2273 1775 2341 μακρᾴτη-

156 2370 248 2408 τα
279 2356 535 2424 ἡμερῶν
561 2358 647 2421 εις
673 2354 857 2410 αἰῶνα
879 2355 1114 2424 αἰῶνος,
1149 2375 1202 2411 κ.
1226 2375 1275 2413 τ.
1301 2360 1346 2411 ὲ.
1393 2362 1633 2432 Ζήτησον
1667 2362 1776 2433 (57)

155 2446 219 2498 εί
251 2447 286 2516 ἡ
329 2447 437 2515 μὲν
467 2445 613 2499 ἔστιν
644 2446 750 2500 ἀπὸ
781 2447 917 2500 Θεοῦ
941 2449 1199 2521 δεδομένη
1229 2448 1362 2521 ζωὴ,
1392 2454 1424 2522 ἡ
1458 2453 1513 2505 δὲ
1545 2454 1653 2507 ἀπὸ
1680 2455 1781 2525 τῆς

157 2534 317 2606 ,ὕλης
348 2536 654 2607 ἐρχομένη,
688 2537 779 2590 καὶ
824 2537 1112 2609 σὺγκρινον
1144 2540 1223 2592 τό·
1265 2558 1283 2591 ι
1307 2541 1667 2612 Ἑνεφὺσησεν
1699 2545 1779 2608 είς

166 2627 236 2681 τὸ
268 2628 577 2699 πρόσωπον
605 2628 772 2682 αὐτοῦ
800 2631 967 2701 πνοὴν
1001 2630 1164 2702 ζωῆς,
1187 2650 1206 2683 ι
1244 2631 1322 2703 τῷ
1341 2648 1354 2663 ·
1394 2652 1411 2685 ι
1435 2634 1781 2704 Ἐξαγαγέτω

169 2719 206 2788 ἠ
235 2719 315 2789 γῆ
350 2718 538 2789 ψυχὴν
565 2717 763 2783 ζῶσαν.
792 2737 812 2772 ι
865 2720 1019 2790 Ζωὴν
1044 2722 1283 2793 ῂτήσατό
1327 2738 1405 2789 σε,
1437 2724 1526 2778 τὸν
1554 2725 1661 2797 πρὸ
1686 2726 1783 2796 τῆς

171 2810 346 2863 νόσου
381 2809 500 2879 βίον
541 2810 729 2863 αὑτοῦ.

250 2902 380 2957 -Τοῦ
417 2902 628 2955 αὑτοῦ.
677 2903 735 2954 Ὀ
783 2903 1035 2973 βασιλεὺς
1069 2903 1176 2975 (58)
1205 2904 1281 2969 ὡς
1313 2906 1516 2975 ἀγαθὸν
1545 2909 1784 2981 ᾐτήσατο

173 2995 283 3065 τεὴν
320 2994 474 3064 ζωὴν
503 2994 609 3047 ἀπὸ
641 2994 867 3067 Κυρίου,
895 2995 987 3049 καὶ
1013 2995 1253 3067 εἴληφεν.
1293 2999 1519 3067 Ἀγαθὸν
1555 2999 1611 3052 δέ
1636 3003 1783 3054 ἐστιν

180 3086 216 3154 ἡ
250 3085 395 3157 ζωὴ,
422 3087 451 3137 6
476 3084 673 3137 εἰπών’
711 3105 727 3137 ι
754 3086 894 3155 Ἐγώ
924 3089 1037 3158 είμι
1066 3088 1255 3160 ήξωή.
1288 3109 1306 3143 ι
1342 3092 1452 3144 Καὶ
1472 3080 1618 3163 τάχα
1642 3095 1670 3146 6
1696 3094 1781 3145 δό-

184 3174 287 3239 ξας
331 3176 616 3244 φιλοζωεῖν
662 3174 910 3247 Ἐζεκίας
948 3178 1163 3249 ἐκείνην
1209 3180 1364 3250 ⁸ῆθελε
1396 3183 1494 3253 τὴν
1523 3182 1685 3255 ζωὴν,
1716 3186 1781 3255 ῆν

189 3467 249 3502 κ.
284 3467 334 3501 τ.
370 3451 414 3503 ὲ.
459 3450 531 3502 Τὸ
566 3454 828 3524 σωτήριον
860 3454 968 3524 (59)
1014 3458 1171 3524 δόξαν
1224 3465 1501 3530 περιποιεῖ
1542 3464 1781 3535 μεγάλην

189 3538 275 3610 τῷ
311 3540 379 3593 ἐκ
402 3541 611 3611 νεκρῶν
644 3545 934 3599 ἀναστάντι
981 3547 1224 3617 βασιλεῖ·
1276 3552 1369 3603 καὶ
1406 3552 1561 3619 δόξαν
1604 3552 1780 3622 ἔχοντι

192 3633 294 3686 καὶ
326 3631 519 3705 ιτέραν
548 3635 856 3707 προσέθηκε
901 3640 995 3691 καὶ
1026 3640 1089 3693 ἐκ
1119 3642 1216 3711 τῆς
1248 3643 1617 3711 ἀναστάσεως,
1644 3647 1783 3698 κατά

192 3721 259 3774 τό
275 3738 287 3750 ·
319 3739 337 3771 s
362 3722 616 3789 Ἐδόξασα
638 3726 736 3778 καὶ
762 3726 921 3781 πάλιν
948 3729 1172 3793 δοξάσω.
1198 3750 1215 3782 ι

276 3812 387 3868 Τοῦ
415 3816 619 3869 αὐτοῦ.
681 3818 745 3870 Ἡ
785 3818 912 3883 δόξα
957 3819 1066 3893 (40)
1114 3823 1208 3876 τοῦ
1261 3824 1527 3895 βασιλέως
1575 3832 1781 3903 μεγάλη

200 3903 354 3955 ἐστὶν
397 3904 457 3957 ἐν
498 3905 574 3975 τῷ
607 3910 859 3979 σωτηρίῳ
890 3910 983 3963 τοῦ
1031 3913 1254 3984 Κυρίου,
1302 3918 1395 3969 καὶ
1439 3920 1539 3972 οὑκ
1574 3920 1629 3975 ἐν
1680 3941 1783 3977 τινι.

200 3994 311 4047 τῶν
343 3996 668 4068 κατωτέρων
696 4000 957 4057 ἐκείνουΛ
976 4002 1141 4069 Δόξαν
1174 4006 1268 4059 καὶ
1312 4010 1783 4082 μεγαλοπρέπειαν

199 4084 483 4155 ἐπιθήσεις
514 4088 601 4139 ἐπ’
628 4087 843 4143 αὑτόν.»
857 4088 985 4162 Εἶχε
1035 4095 1135 4164 μὲν
1180 4099 1208 4149 6
1234 4099 1465 4169 Χριστὸς
1495 4102 1650 4170 δόξαν
1693 4108 1784 4160 καὶ

205 4176 679 4248 μεγαλοπρέπειαν
708 4181 767 4233 ἐν
798 4185 977 4254 μορφῇ
1010 4183 1143 4238 Θεοῦ
1174 4187 1434 4261 ὑπάρχων
1453 4209 1465 4221 ·
1493 4194 1582 4246 ὅτε
1608 4196 1665 4248 δὲ
1692 4198 1784 4251 καὶ

201 4266 487 4337 ἄνθρωπος
516 4270 756 4337 γέγονεν,
782 4273 810 4324 6
838 4272 969 4337 Θεὸς
1000 4276 1162 4330 αὑτὸν
1190 4280 1529 4351 ὑπερύψωσε.

274 4359 559 4426 Εὐρεθείη
598 4361 637 4426 ἡ
678 4362 807 4430 χείρ
849 4378 966 4417 σου
1011 4366 1161 4422 πᾶσι
1200 4370 1323 4438 τοῖς
1365 4373 1602 4443 ἐχθροῖς
1647 4392 1783 4443 σου,

206 4464 260 4501 κ.
284 4463 336 4537 τ,
359 4447 405 4499 ἑ.
446 4449 508 4499 Οἱ
555 4450 652 4518 μὲν
700 4451 885 4523 ἐχθροὶ
921 4454 1033 4525 (tl)
1069 4458 1161 4511 τοῦ
1198 4461 1402 4533 Κυρίου
1442 4466 1785 4537 εὑρίσκουσιν

209 4534 392 4629 αὑτὸν,
427 4540 475 4592 οἱ
506 4538 563 4591 δὲ
599 4541 883 4610 μισοῦντες
923 4548 1082 4601 αὑτὸν
1133 4552 1477 4623 εὑρίσκονται
1511 4534 1657 4629 ’παρ’
1688 4561 1787 4613 αὑ-

206 4624 322 4715 τοῦ.
356 4629 465 4682 Καὶ
494 4629 582 4683 διά
622 4633 719 4701 μὲν
744 4634 835 4687 τοῦ
871 4638 1033 4708 νόμου
1074 4642 1398 4715 εὑρίσκομεν
1423 4648 1575 4715 Θεὸν,
1611 4624 1709 4705 ’διὰ
1733 4652 1789 4706 δὲ

211 4713 318 4767 τῶι
338 4718 680 4810 εὐαγγελίων
705 4724 1069 4797 εὑρισκόμεθα
1105 4734 1234 4803 παρ’
1262 4713 1449 4801 αὑτοῦ,
1493 4713 1675 4810 ἐχθροὶ
1699 4740 1787 4793 δν-

208 4818 301 4896 τες
324 4808 383 4860 τὸ
412 4809 672 4881 πρότερον
695 4815 787 4866 καὶ
820 4834 837 4867 ι
862 4815 1000 4880 ξένοι
1026 4814 1133 4873 τῶν
1160 4822 1430 4895 διαθηκῶν
1458 4847 1477 4880 ι
1514 4808 1608 4882 τοῦ
1629 4830 1785 4896 Θεοῦ,

214 4913 232 4943 ι
257 4895 449 4950 ἐλπίδα
478 4898 551 4969 μὴ
578 4899 790 4970 ἔχοντες
830 4905 922 4956 καὶ
950 4905 1099 4961 ἄθεοι
1126 4911 1183 4963 ἐν
1223 4912 1301 4982 τῷ
1331 4916 1519 4987 κόσμῳ
1538 4934 1554 4949 ο
1579 4937 1598 4969 ι
1637 4920 1669 4988 ἢ
1701 4895 1790 4973 διά

212 4989 518 5073 πρακτικῆς
556 4991 654 5061 μὲν
679 4993 1003 5066 εὑρίσκομεν
1029 4998 1181 5063 Θεὸν,
1214 5003 1300 5057 διὰ
1330 5004 1386 5057 δὲ
1415 5006 1664 5073 γνώσεως
1702 5010 1790 5061 εὑ-

214 5079 513 5150 ρισκόμεθα
541 5085 669 5153 παρ’
693 5085 878 5141 αὑτοῦ.

281 5193 635 5263 'Matth.vn,
681 5197 732 5253 6.
809 5202 828 5231 ⁷
858 5201 994 5259 Gen.
1039 5223 1099 5274 ιι,
1151 5210 1201 5263 7.

430 5336 745 5421 LEiztowu'a
778 5343 1181 5421 μὲν-καρδίας,
1212 5354 1315 5398 etc.
1340 5344 1511 5421 idem.

216 5406 723 5530 Balrz‘tilrizésaaroc
740 5406 859 5481 μὲν
890 5406 1173 5484 Χρὶστοῧ,
1200 5427 1307 5470 etc.
1337 5416 1558 5472 Schedze
1578 5417 1789 5487 Grabii,

285 5544 397 5622 (ξρ)
566 5539 654 5598 ὧν
673 5564 763 5617 τις
797 5554 1154 5622 ἐπιτηδεύει,
1187 5564 1295 5607 etc.
1324 5554 1548 5612 Schedzr
1575 5559 1785 5615 Grabii.

220 5614 399 5738 4;.57)
431 5614 707 5683 Ζήτησον
740 5614 793 5677 ἐι
820 5627 857 5693 ἡ
882 5614 995 5694 μὲν
1024 5614 1220 5692 ἔστιν,
1251 5636 1356 5681 etc.
1392 5614 1603 5685 Eaedem
1630 5634 1790 5687 sche-

1279 5212 1458 5267 l‘ibid.
1490 5230 1529 5280 ι,
1564 5215 1655 5273 24.
1733 5215 1938 5273 ’Joan.
1982 5232 2093 5284 xiv,
2139 5216 2192 5271 6.

1867 433 2080 488 biorum
2112 432 2165 484 in
2202 442 2389 484 eorum
2421 439 2542 496 quae
2583 422 2862 479 intellectu
2912 422 3143 492 visuque
3182 434 3439 491 percepta

1868 532 2015 591 sunt,
2042 522 2415 579 enuntiatione
2448 519 2719 575 consistit.
3262 532 3265 535 ί

1939 616 2103 671 Vens.
2143 615 2198 668 4.
2235 613 2465 667 Posuisti
2515 612 2567 664 in
2597 610 2765 678 capite
2805 608 2921 674 eius
2967 624 3217 661 coronam
3258 610 3322 661 de
3364 606 3444 659 lo-

1866 708 1985 779 prde
2013 706 2258 776 pretioso,
2289 714 2396 759 etc.
2431 701 2631 757 Christi
2662 700 2824 764 Deus,
2858 700 3107 754 Christus
3140 707 3319 752 autem
3358 712 3445 750 ra-

1870 799 2143 857 tionabilis
2169 806 2375 851 natura:
2410 809 2608 849 corona
2640 802 2741 847 est.
2776 792 3005 861 Lapides
3055 790 3275 859 pretiosi
3317 799 3447 844 sunt

1869 890 2174 962 margarita:
2198 901 2499 950 sermones,
2529 886 2594 939 de
2626 884 2823 952 quibus
2850 884 3049 937 dictum
3074 890 3158 937 est
3187 882 3207 913 ⁸
3233 900 3249 939 :
3281 900 3300 934 ι
3339 881 3447 936 Νο-

1869 983 1961 1038 lite
2013 980 2282 1051 projicere
2331 978 2655 1049 margaritas
2719 984 2931 1030 vestras
2973 986 3097 1027 ante
3137 971 3368 1043 'porcos.
3419 993 3441 1025 ι

1868 1076 2111 1130 Pretiosa
2150 1073 2442 1143 margarita
2496 1068 2815 1126 mercatoris
2847 1068 3010 1122 etiam
3040 1066 3240 1122 Christi
3286 1066 3447 1121 disci-

1870 1168 1978 1237 puli
2010 1176 2154 1230 sunt,
2179 1166 2270 1236 qui
2305 1166 2481 1219 instar
2501 1176 2717 1218 coronae
2754 1158 3067 1231 complicati
3098 1157 3300 1214 Christi
3348 1172 3445 1213 ca-

1872 1261 1965 1331 piti
2004 1260 2366 1329 imponentur.

1946 1351 2218 1422 Ejusdem.
2287 1351 2493 1418 Quibus
2573 1348 2766 1404 studiis
2808 1346 3002 1416 aliquis
3052 1359 3270 1415 operam
3320 1344 3447 1410 dat,

1873 1445 2062 1500 iisdem
2099 1454 2154 1500 et
2209 1451 2519 1499 coronatur.
2578 1439 2708 1493 Nam
2737 1437 2915 1509 justus
2943 1437 3033 1506 qui
3059 1437 3327 1507 justitiam
3360 1452 3448 1490 se-

1872 1539 2077 1609 quitur,
2119 1535 2344 1606 iustitiae
2393 1548 2652 1589 coronam
2704 1531 2967 1599 accipiet;
3026 1530 3117 1599 qui
3147 1529 3451 1583 oblectatur

1862 1633 1927 1687 in
1978 1631 2226 1692 Domino,
2278 1642 2479 1683 corona
2522 1621 2899 1681 cxsultationis
2947 1632 3286 1691 prorogetur;
3358 1622 3449 1690 qui

1874 1724 2047 1796 gratia
2081 1722 2318 1778 salvatus
2364 1730 2467 1787 est,
2520 1719 2816 1791 gratiarum
2862 1730 3127 1773 coronam
3162 1714 3215 1769 iu
3248 1715 3453 1770 vertice

1876 1817 2106 1887 accipiet
2135 1830 2262 1880 suo;
2291 1822 2343 1868 et
2376 1813 2465 1882 qui
2497 1828 2629 1867 auro
2651 1821 2703 1866 et
2729 1820 2955 1881 argento
2987 1811 3306 1863 thesaurum
3370 1808 3450 1861 la-

1875 1911 2057 1981 pidum
2110 1908 2477 1978 pretiosorum
2520 1905 2622 1959 sibi
2668 1903 3047 1972 comparavit,
3099 1916 3166 1956 ex
3220 1900 3287 1955 iis
3316 1916 3454 1970 quos

1872 1998 2257 2062 elaboraverit,
2324 1996 2596 2065 lapidibus
2656 1994 3033 2049 coronabitur.
3093 1993 3158 2046 Et
3192 1992 3454 2048 Dominus

1874 2100 2168 2163 sperantes
2217 2090 2271 2143 in
2316 2102 2374 2143 se
2416 2093 2643 2141 coronat
2674 2084 2728 2139 iu
2771 2084 3147 2139 misericordia
3189 2092 3243 2138 et
3284 2083 3451 2139 mise-

1878 2179 2201 2236 rationibus.

1955 2270 2125 2344 618
2150 2266 2316 2327 Vens.
2339 2270 2394 2327 5.
2440 2267 2609 2321 Vitam
2640 2265 2787 2333 petiit
2821 2282 2852 2318 α
2888 2274 2958 2330 te,
2987 2264 3219 2319 tribuisti
3269 2265 3316 2319 ei
3345 2264 3457 2318 lon-

1877 2364 2168 2435 gitudinem
2212 2362 2417 2413 dierum
2465 2357 2519 2409 in
2566 2356 2820 2410 saeculum
2862 2356 3062 2421 attenti,
3103 2364 3209 2409 etc.
3264 2354 3455 2421 Quaere

1883 2471 2010 2511 num
2041 2454 2147 2509 alia
2181 2453 2303 2506 sita
2336 2451 2447 2505 Deo
2476 2450 2601 2503 data
2631 2450 2762 2511 vita,
2793 2458 2849 2503 et
2879 2448 2984 2501 alia
3017 2462 3135 2516 quae
3166 2463 3193 2499 a
3228 2448 3455 2502 materia

1882 2546 2055 2612 venit,
2103 2553 2157 2599 et
2201 2543 2393 2599 confer
2418 2540 2649 2596 istud':
2691 2558 2710 2592 ι
2748 2540 2812 2595 Ει
2844 2541 3133 2609 inspiravit
3159 2540 3211 2595 in
3254 2540 3453 2595 faciem

1882 2638 2001 2707 ejus
2055 2632 2388 2704 spiraculum
2434 2630 2581 2695 vitae,
2631 2650 2649 2682 ι
2703 2645 2826 2685 cum
2884 2630 2976 2685 illo
3018 2629 3077 2680 'z
3116 2647 3135 2679 ι
3190 2628 3461 2683 Producat

1885 2741 2033 2786 terra
2060 2727 2298 2782 animam
2327 2723 2621 2778 viventem.
2650 2741 2673 2776 ι
2718 2722 2893 2777 Vitam
2928 2722 3085 2793 petiit
3106 2738 3135 2776 ιι
3161 2731 3235 2789 te,
3273 2721 3325 2776 id
3349 2732 3455 2787 est,

1885 2824 2050 2877 vitam
2075 2829 2201 2874 aute
2227 2816 2626 2872 inﬁrmitatem.

1956 2910 2235 2981 Ejusdem.
2264 2909 2382 2965 Rex
2412 2918 2667 2979 tanquam
2697 2906 2901 2977 aliquid
2930 2905 3077 2974 boni,
3109 2906 3265 2978 petiit
3293 2906 3459 2961 vitam

1811 3036 1860 3101 ο
1890 3021 1920 3061 a
1968 3005 2220 3070 Domino,
2275 3013 2331 3058 et
2378 3002 2607 3070 accepit.
2641 2999 2847 3053 Bonum
2878 3000 3120 3065 estvita,
3176 2999 3267 3069 qui
3315 3000 3465 3053 dicc-

1891 3099 1983 3153 bat
2012 3098 2032 3129 ⁹
2066 3114 2079 3149 :
2115 3114 2133 3147 ι
2170 3095 2284 3165 Ego
2316 3110 2432 3149 sum
2463 3093 2598 3147 vita.
2633 3110 2652 3143 ι
2690 3092 2753 3143 Et
2790 3089 3020 3144 forsitan
3054 3090 3338 3153 Ezechias.
3367 3092 3461 3160 qui

1890 3187 2013 3241 vitae
2035 3184 2262 3256 cupidus
2287 3184 2595 3248 videbatur,
2630 3181 2797 3234 vitam
2826 3180 2971 3235 illam
3001 3181 3239 3250 petebat,
3297 3195 3459 3249 quam

1889 3277 2188 3348 symbolice
2220 3276 2525 3329 adamabat.

1966 3368 2130 3421 Vens.
2162 3365 2216 3420 6.
2249 3365 2443 3435 Magna
2474 3373 2551 3418 est
2598 3364 2765 3435 gloria
2815 3364 2927 3432 ejus
2975 3362 3030 3416 in
3088 3362 3316 3416 salutari
3348 3370 3459 3428 tuo,

1889 3468 1997 3513 etc.
2034 3457 2286 3512 Salutare
2314 3470 2562 3525 magnam
2598 3454 2823 3520 gloriam
2856 3453 2998 3523 parit
3029 3454 3193 3522 regia
3228 3454 3459 3508 mortuis

1892 3545 2226 3616 resurgenti;
2254 3552 2308 3598 et
2335 3542 2585 3612 quamvis
2629 3541 2856 3611 gloriam
2878 3542 2991 3611 jam
3044 3542 3264 3605 habeat,
3296 3542 3459 3596 aliam

1890 3637 2207 3708 superaddit
2256 3650 2320 3689 ex
2384 3636 2810 3698 resurrectione,
2861 3634 3015 3702 juxta
3070 3633 3202 3689 illud
3230 3636 3309 3689 ηε
3345 3653 3363 3687 ι
3398 3634 3463 3689 Et

1890 3728 2188 3800 gloriﬁcavi
2219 3737 2274 3781 et
2309 3728 2502 3780 iterum
2529 3724 2868 3793 gloriﬁcaho.
2909 3744 2927 3777 ι

1962 3822 2235 3885 Eiusdem.
2273 3819 2453 3875 Gloria
2485 3818 2628 3888 regis
2655 3833 2850 3888 magna
2880 3826 2964 3872 est
2993 3817 3045 3873 in
3082 3818 3306 3873 salutari
3364 3817 3464 3873 Do-

1892 3913 2046 3978 mini,
2083 3920 2268 3966 etnon
2302 3912 2355 3966 in
2390 3910 2568 3979 aliqua
2608 3923 2665 3964 re
2694 3909 2811 3977 ipso
2841 3908 3123 3966 inferiore.
3162 3928 3181 3961 ι
3215 3910 3455 3965 Gloriam

1891 4015 1946 4059 et
1974 4018 2227 4073 magnum
2263 4002 2511 4057 decorem
2542 4000 2785 4070 impones
2813 4015 2975 4070 super
2997 4014 3140 4054 eum.
3196 4017 3214 4051 ι
3268 3998 3466 4054 llahuit

1892 4095 2107 4165 quidem
2147 4093 2398 4149 Christus
2430 4091 2656 4163 gloriam
2693 4102 2748 4146 et
2775 4106 3028 4161 magnum
3062 4092 3313 4147 decorem
3341 4106 3462 4145 cum

1894 4188 1946 4242 in
1974 4187 2145 4243 forma
2184 4186 2275 4240 Dei
2304 4194 2423 4240 erat
2464 4201 2478 4237 :
2510 4185 2730 4255 quando
2752 4193 2932 4239 autem
2964 4184 3126 4239 homo
3157 4185 3332 4241 factus
3359 4193 3462 4248 est,

1894 4279 2036 4335 Deus
2067 4279 2218 4333 illum
2245 4276 2695 4348 superexaltavit.

1817 4383 1863 4439 ι)
1970 4371 2128 4425 Vens.
2156 4369 2209 4426 9.
2246 4368 2561 4424 Inveniatur
2606 4384 2792 4423 manus
2832 4376 2922 4421 tua
2950 4368 3187 4422 omnibus
3238 4367 3465 4421 inimicis

1893 4464 2022 4529 suis,
2052 4472 2159 4517 etc.
2203 4460 2409 4516 Inimici
2460 4460 2668 4515 Domini
2704 4460 3001 4530 inveniunt,
3032 4472 3185 4523 eum;
3248 4458 3341 4529 qui
3369 4474 3468 4512 au-

1892 4564 2001 4609 tem
2032 4568 2155 4607 eum
2183 4554 2439 4617 oderunt.
2467 4553 2816 4608 inveniuntur
2845 4552 2914 4606 ab
2938 4565 3025 4608 eo.
3060 4551 3126 4605 Et
3159 4564 3253 4621 per
3295 4551 3465 4621 legem

1892 4645 2107 4715 quidem
2140 4644 2446 4700 invenimus
2480 4644 2671 4709 Deum,
2704 4659 2802 4713 per
2830 4641 3120 4711 Evangelia
3158 4656 3284 4694 vero
3313 4641 3380 4694 ab
3402 4655 3467 4691 eo

1894 4736 2321 4809 invenimur,qni
2356 4739 2509 4805 prius
2538 4736 2745 4791 inimici
2791 4750 3028 4797 eramus,
3063 4752 3081 4784 ι
3125 4740 3180 4784 ιιι
3231 4731 3468 4799 hospites

1893 4838 2343 4886 testamentorum
2383 4846 2401 4880 ι
2433 4829 2547 4893 Dei,
2580 4848 2599 4881 ι
2629 4842 2776 4895 spem
2806 4842 2907 4879 non
2963 4824 3243 4884 habentes,
3270 4830 3323 4875 et
3351 4821 3467 4874 sine

1900 4925 2008 4978 Deo
2042 4923 2094 4976 in
2119 4922 2220 4977 hoc
2245 4920 2446 4976 mundo
2477 4920 2541 4973 “.
2576 4938 2596 4969 ι
2637 4917 2729 4973 Vel
2756 4933 2851 4986 per
2874 4916 3138 4969 actionem
3168 4912 3471 4967 invenimus

1899 5018 2088 5083 Deum,
2118 5026 2172 5071 ct
2201 5032 2296 5087 per
2328 5015 2690 5085 cognitionem
2724 5010 3029 5067 invenimur
3059 5010 3125 5065 ab
3151 5022 3235 5066 co.

2296 5216 2338 5247 ¹⁶
2368 5214 2500 5270 ibid.
2554 5230 2648 5279 xu,
2694 5212 2785 5270 28.
2865 5214 2905 5246 “
2944 5213 3141 5284 Ephes.
3173 5210 3352 5275 ".12.

1993 5350 2084 5421 38)
2124 5350 2187 5421 '0
2205 5350 2528 5421 βασιλεύς,
2561 5362 2664 5407 etc.
2696 5354 3005 5409 Corderius.

1993 5420 2083 5485 39)
2122 5420 2191 5473 Τὸ
2215 5420 2529 5489 σωτήριον,
2559 5434 2665 5478 etc.
2698 5423 2918 5477 Scheilze
2942 5423 3151 5478 Crahii.

1967 5488 2079 5564 (40)
2122 5491 2191 5564 ’ζι
2228 5488 2417 5564 δόξα,
2446 5502 2550 5547 etc.
2586 5492 2787 5549 l’artim
2828 5495 3119 5549 Corderius
3164 5493 3470 5564 partimque

1892 5558 2106 5613 schedze
2133 5560 2343 5614 Grabii.

1965 5628 2078 5713 (tl)
2124 5633 2186 5713 ρι
2226 5631 2343 5713 μεν
2387 5631 2621 5700 ἐχθροί,
2673 5641 2779 5689 etc.
2838 5630 3017 5691 Codex
3067 5633 3467 5698 Coislinianus,

1892 5702 2103 5756 scheda:
2130 5702 2337 5755 Cranii.
