3942 6216
267 210 433 268 ,253

1246 215 1560 274 SELECTA
1593 219 1661 275 IN
1692 221 2029 282 ΡεΑιΜοε.
2073 259 2139 270 -ο
2178 228 2377 287 PSAL.
2412 230 2550 287 ΧΧΙ.

3414 238 3550 294 1⁵251

263 342 366 390 τις
391 324 634 395 θεωρῶν,
664 325 758 380 καὶ
787 326 978 395 ψάλλει
1016 329 1139 381 κατ’
1169 328 1370 401 ἀρετὴν
1415 332 1672 403 ἐνεργῶν.
1704 335 1836 388 Δεῖε

1979 340 2191 405 quando
2217 341 2635 409 contemplatur;
2673 350 2727 396 et
2758 340 2960 412 psallit,
2992 356 3113 399 cum
3142 344 3396 401 virtutem
3423 365 3553 419 ope-

255 413 381 471 καὶ
421 413 647 485 θεωρεῖν
674 415 774 479 τὰς
800 415 1119 480 δυναστείας
1144 416 1331 484 αὐτοῦ,
1365 420 1458 474 καὶ
1487 420 1628 475 κατὰ
1667 424 1871 487 ταύτας

254 506 569 579 πράττειν.

833 685 1127 741 ΨΑΛΜΟΣ
1164 689 1297 742 KA'.

360 772 422 825 '0
448 772 613 839 Θεὸς,
645 775 677 826 ὀ
700 775 842 841 Θεός
857 793 997 845 μου,
1021 778 1289 844 πρόσχες
1316 792 1438 846 μοι’
1468 780 1570 834 ἵνα
1600 783 1657 836 tl
1686 784 1861 853 ἐγκα-

256 862 523 952 τνέλιπές
550 884 641 934 με,
686 885 741 921 κ.
766 884 817 923 τ.
841 869 885 922 ἑ.
927 868 1074 943 Αὕτη
1125 874 1158 943 ὴ
1202 874 1353 945 φωνὴ
1380 875 1491 947 (49)
1528 878 1620 930 τοῦ
1655 881 1859 952 Κυρίου

258 948 541 1029 Χριστοῦ,
588 958 665 1030 τῷ
712 960 928 1032 σταυρῷ
958 963 1402 1037 προσηλωμένον,
1460 970 1551 1023 καὶ
1597 948 1770 1037 ἄλλως
1800 974 1860 1028 δὲ

256 1053 444 1104 ’τυποῖ
465 1051 526 1105 τὸ
552 1053 817 1126 ἡμέτερον
847 1056 1038 1122 πάθος.
1083 1058 1272 1129 Ἡμεῖς
1293 1059 1401 1131 γὰρ
1427 1056 1568 1133 ἦμεν
1612 1066 1660 1117 οἱ
1694 1066 1863 1135 ἐγκα-

256 1141 692 1215 ταλελειμμένοι
719 1146 814 1200 καὶ
839 1150 1256 1222 παρεωραμένοι
1285 1152 1578 1225 πρότερον·
1616 1152 1733 1210 εἶτα
1764 1158 1860 1212 νῦν

258 1234 746 1305 προσειλημμένοι
787 1239 881 1292 κα)⁸
936 1241 1267 1311 σεσωσμένοι
1310 1244 1423 1307 τοῖς
1475 1245 1570 1300 τοῦ
1614 1248 1859 1315 ἀπαθοῦς

254 1323 529 1405 πάθεσιν,
562 1325 751 1399 ὥσπερ
798 1328 897 1400 τὴν
939 1331 1249 1404 ἀφροσύνην
1274 1334 1432 1405 ἡμῶν
1459 1337 1551 1390 καὶ
1594 1338 1656 1390 τὸ
1678 1340 1858 1412 πλημ-

260 1400 441 1483 μελὲς
464 1417 848 1489 οἰκειούμενος,
895 1420 983 1475 διὰ
1154 1400 1399 1494 ἐξῆςτοῦ
1439 1426 1653 1496 ψαλμοῦ
1687 1400 1853 1502 φηόιο

1976 439 2151 486 ratur.
2197 431 2466 487 Caeterum
2504 432 2735 488 virtutes
2778 434 2893 503 ejus
2923 438 3353 509 contemplanda:
3398 452 3545 507 sunt,

1974 532 2031 578 et
2066 524 2132 577 ad
2161 524 2280 580 illas
2306 525 2417 579 vita
2448 526 2735 596 exigenda.

2508 708 2831 765 PSALMUS
2872 712 3010 766 XXI.

2042 793 2209 850 Vens.
2250 795 2304 850 2.
2346 796 2504 865 Deus,
2537 799 2677 855 Deus
2708 819 2875 867 meus,
2906 805 3103 873 respice
3132 807 3187 862 in
3231 824 3352 864 me:
3381 826 3544 879 quare

1966 900 2049 940 me
2079 888 2432 959 dereliquisti,
2466 900 2574 946 etc.
2604 892 2729 948 ﬂare
2754 902 2838 949 est
2879 894 3091 951 Domini
3135 898 3337 954 Christi
3376 902 3556 956 cruci-

1968 976 2057 1031 fixi
2092 991 2220 1043 vox,
2266 994 2386 1049 quze
2427 978 2650 1037 aliunde
2686 983 2885 1052 ﬁgurat
2936 988 3081 1056 quod
3114 989 3274 1045 nobis
3325 992 3541 1049 accidit.

1968 1064 2076 1123 Nos
2113 1069 2257 1124 enim
2281 1084 2501 1126 eramus
2529 1073 2683 1143 prius
2712 1074 2960 1130 derelicti
2989 1086 3044 1131 et
3069 1078 3335 1149 despecti,
3398 1099 3545 1139 nunc

1967 1174 2100 1216 vero
2130 1164 2474 1230 postmodum
2500 1167 2761 1236 assumpti
2793 1176 2847 1221 et
2872 1168 3005 1225 salvi
3043 1171 3172 1227 facti
3197 1176 3540 1243 passionibus

1966 1252 2084 1322 ejus
2110 1253 2203 1323 qui
2233 1269 2338 1308 non
2362 1264 2475 1309 erat
2502 1258 2849 1326 passionibus
2873 1262 3162 1326 obnoxius,
3191 1268 3537 1332 quemadmoo

1966 1344 2092 1398 dum
2140 1345 2507 1415 insipientiam
2556 1358 2800 1404 nostram
2847 1359 2902 1405 et
2949 1352 3208 1409 delictum
3247 1355 3350 1409 sibi
3376 1358 3539 1429 620

1966 1439 2405 1506 accommodans,
2460 1442 2745 1509 sequentia
2796 1443 2987 1511 psalmi
3040 1446 3204 1502 verba
3260 1451 3470 1518 profert
3519 1465 3539 1505 :

265 1522 289 1555 ε
311 1506 557 1578 Μακρὰν
585 1508 694 1562 άπὸ
718 1509 818 1580 τῆς
846 1512 1118 1583 σωτηρίας
1150 1530 1252 1583 μου
1282 1516 1334 1568 oi
1364 1516 1511 1586 λόγοι
1535 1519 1645 1573 τῶν
1674 1538 1836 1594 παρα-

1968 1547 1989 1581 s
2029 1529 2211 1603 Longe
2236 1549 2265 1587 a
2296 1534 2468 1589 salute
2500 1552 2622 1591 mea
2654 1541 2819 1592 verba
2861 1538 3179 1596 delictorum
3213 1558 3479 1602 meorum.
3514 1564 3533 1597 ι

257 1598 586 1667 πτωμάτων
617 1618 736 1669 μου.
760 1620 779 1652 ι
827 1602 914 1665 Ὠς
951 1603 1105 1673 ἔλεγε
1129 1604 1241 1676 (50)
1261 1625 1275 1638 ·
1303 1607 1537 1680 Μακράν
1573 1629 1639 1682 με
1671 1615 1858 1671 ποιοῦ-

253 1701 319 1737 σι
351 1686 453 1756 τῆς
482 1689 753 1758 σωτηρίας
786 1693 840 1744 αἱ
870 1693 1156 1764 ἁμαρτίαι.

341 1798 429 1852 Σὺ
479 1799 547 1853 δὲ
589 1800 658 1853 ἐν
699 1803 844 1873 ἁγίῳ
887 1809 1179 1877 κατοικεῖς
1225 1813 1259 1866 δ
1307 1814 1553 1883 ἔπαινος
1589 1819 1694 1874 τοῦ
1747 1820 1856 1875 Ἱσ-

248 1887 451 1957 ραὴλ,
484 1908 537 1945 κ.
565 1909 614 1945 τ.
643 1893 690 1946 ἐ.
760 1896 1039 1953 Ἐντεῦθεν
1081 1902 1422 1977 μανθάνομεν
1453 1905 1588 1978 (51),
1630 1912 1711 1964 ὅτι
1755 1913 1854 1965 αύ-

256 1980 553 2047 τοέπαινός
591 1984 738 2039 ἐστιν
780 1988 1054 2061 όΚύριος,
1098 1994 1190 2046 καὶ
1231 1995 1451 2062 ἔπαινος
1488 1998 1714 2073 μακρὰν
1754 2002 1848 2056 τοῦ

275 2068 519 2143 Ἰσραήλ.

354 2164 494 2232 Ἐγὼ
515 2164 581 2219 δέ
602 2169 715 2236 εἰμι
745 2169 992 2238 σκώληξ
1018 2175 1115 2227 καὶ
1144 2177 1253 2229 οὐκ
1287 2175 1615 2247 ἅνθρωπος,
1647 2199 1700 2235 κ.
1724 2200 1771 2237 τ.
1798 2186 1845 2240 ἑ.

271 2252 335 2305 ὐ
370 2254 586 2327 σκώληξ
616 2258 727 2330 (52)
776 2261 874 2314 οὐκ
913 2264 977 2316 ὲκ
1030 2266 1371 2338 συνδυασμοῦ
1416 2275 1691 2338 γεννᾶται,
1734 2275 1849 2327 ἀλλ’

256 2345 374 2398 ἀπὸ
420 2346 596 2414 ξύλου,
651 2352 745 2404 καὶ
792 2354 1065 2409 κατεσθίει
1109 2356 1258 2423 ξύλα,
1308 2360 1516 2432 χόρτον,
1574 2364 1844 2437 καλάμην.

252 2437 419 2507 Τάχα
470 2438 561 2492 καὶ
591 2443 619 2495 6
656 2442 787 2507 Θεὸς
813 2443 971 2515 ἡμῶν
1001 2445 1112 2519 πῦρ
1160 2450 1275 2503 ἐστι
1318 2453 1711 2509 καταναλίσκον
1751 2459 1847 2527 τὴν

260 2530 546 2601 μοχθηρὰν
593 2535 684 2587 καὶ
718 2532 1025 2609 εὔπρηστον
1075 2536 1227 2612 ὕλην.
1279 2543 1342 2596 Εἰ
1387 2543 1441 2597 δὲ
1492 2544 1621 2612 ξύλα
1665 2549 1760 2604 καὶ
1789 2551 1845 2603 ui

254 2621 479 2691 λογικαὶ
500 2625 855 2697 ὀνομάζονται
879 2628 1097 2699 φύσεις’
1136 2633 1263 2687 «Σὲ»
1298 2637 1426 2708 γὰρ,
1455 2639 1639 2709 φησὶν,
1674 2659 1692 2691 ι
1719 2640 1846 2711 ἐζή-

254 2712 439 2769 λωσαν
480 2718 655 2772 πάντα
703 2720 768 2773 τὰ
803 2721 933 2785 ξύλα
968 2722 1061 2775 τοῦ
1104 2726 1455 2796 παραδείσου.
1486 2748 1504 2780 ι
1544 2731 1602 2782 ἐν
1632 2731 1687 2784 δὲ
1716 2732 1846 2785 ταύ-

253 2819 380 2868 ταις
410 2806 615 2874 πέφυκε
639 2811 928 2877 γεννᾶσθαι
955 2814 1187 2885 Χριστὸς
1212 2817 1287 2880 ὼς
1315 2819 1495 2888 σοφία,
1530 2821 1622 2873 καὶ
1643 2822 1844 2876 δικαιο-

1960 1618 2124 1687 Quasi
2152 1624 2356 1679 diceret
2386 1644 2400 1681 :
2436 1625 2631 1682 Procul
2657 1642 2687 1681 s
2711 1627 2887 1684 salute
2936 1646 3021 1686 me
3049 1644 3272 1702 peccata
3309 1635 3534 1691 iaciunt.

2030 1802 2199 1859 Vens.
2236 1804 2292 1858 4.
2326 1804 2403 1858 Tu
2434 1820 2606 1861 autem
2640 1810 2695 1863 in
2731 1819 2914 1864 sancto
2947 1810 3157 1866 habitas
3184 1812 3303 1868 laus
3338 1813 3532 1880 Israel,

1956 1904 2065 1949 etc.
2093 1892 2233 1949 llinc
2274 1896 2534 1952 discimus
2588 1897 2872 1955 Dominum
2920 1915 3041 1958 esse
3093 1903 3306 1959 laudem
3340 1906 3533 1977 ipsam,

1956 1998 2010 2044 et
2041 1989 2274 2045 maxime
2301 1990 2513 2047 laudem
2540 1992 2724 2047 Israel.

2025 2162 2190 2219 Vsus.
2226 2167 2280 2221 7.
2338 2167 2451 2237 Ego
2505 2176 2681 2221 mitem
2731 2183 2843 2221 sum
2878 2170 3067 2222 vermis
3117 2179 3167 2223 et
3225 2187 3327 2227 non
3353 2173 3529 2237 homo,

1953 2258 2059 2306 etc.
2094 2251 2209 2307 Non
2237 2254 2410 2309 oritur
2438 2256 2639 2310 vermis
2680 2272 2746 2312 cx
2780 2258 2994 2327 copula,
3033 2261 3127 2314 sed
3162 2275 3226 2315 ex
3281 2261 3449 2333 ligno,
3475 2273 3531 2318 et

1956 2343 2095 2397 rodit
2148 2344 2314 2415 ligna,
2370 2348 2595 2413 Renum,
2642 2350 2922 2419 stipulam.
2989 2351 3243 2408 Fortasse
3298 2365 3353 2408 et
3387 2357 3529 2411 Deus

1952 2445 2138 2488 noster
2170 2435 2311 2504 ignis
2338 2448 2421 2491 est
2448 2454 2776 2495 consumens
2812 2457 3035 2512 pravam
3070 2454 3124 2498 et
3173 2446 3528 2501 combustth-

1952 2526 2055 2581 lem
2088 2530 2389 2585 materiam.
2430 2530 2583 2597 Quod
2612 2533 2655 2586 si
2688 2534 2957 2601 lignorum
2995 2537 3254 2591 vocabulo
3286 2539 3526 2593 rationa-

1952 2617 2085 2672 biles
2110 2633 2323 2688 quoque
2351 2630 2556 2675 natura:
2587 2623 2927 2691 appellantur
2961 2640 2973 2675 :
3013 2642 3030 2674 ι
3068 2625 3143 2680 Te
3189 2646 3207 2678 ι
3245 2629 3412 2695 enim,
3445 2629 3527 2684 iu-

1948 2708 2065 2778 quit
2097 2708 2161 2772 'I‘,
2193 2726 2213 2760 ι
2259 2711 2509 2764 ωηιυιοιο
2561 2722 2686 2766 sunt
2714 2706 2894 2768 omnia
2930 2713 3072 2782 ligna
3110 2718 3370 2783 paradisi,
3416 2738 3436 2771 ι
3472 2720 3525 2774 iu

1949 2800 2032 2853 his
2056 2810 2234 2854 autem
2268 2799 2401 2854 solet
2431 2802 2577 2855 nasci
2606 2802 2873 2868 Christus,
2901 2814 2961 2857 ut
2983 2806 3245 2873 sapientia
3283 2818 3336 2863 et
3362 2808 3527 2878 justi-

258 2895 394 2965 σύνη
419 2914 431 2926 ·
469 2900 653 2964 καλῶς
691 2902 719 2954 6
746 2904 980 2976 Χριστὸς
1006 2884 1329 2977 όνομάζεται
1370 2884 1586 2983 σκώληξ
1628 2913 1685 2964 ἐν
1730 2916 1836 2978 τοῖς

1960 2889 2041 2956 Lia,
2074 2892 2302 2960 pulchre
2354 2890 2606 2947 Christus
2648 2893 2851 2948 dicitur
2898 2896 3097 2950 vermis
3142 2898 3198 2951 in
3255 2900 3521 2967 ejusmodi

254 2988 519 3053 τοιούτοις
548 2990 725 3057 ξύλοις
752 2995 1057 3066 γενόμενος.
1103 2998 1259 3055 Ἀλλὰ
1290 3002 1385 3055 καὶ⁵
1409 3002 1485 3067 ὡς
1518 3004 1735 3078 σκώληξ
1759 3008 1844 3061 δέ-

252 3076 389 3150 λεαρ
420 3080 609 3150 γέγονε
639 3084 718 3154 τῷ
763 3086 992 3159 διαϐόλῳ
1042 3090 1135 3142 καὶ
1177 3094 1287 3152 τοῖς
1336 3095 1590 3163 ἀγγέλοις
1636 3076 1838 3153 αύτοῦ⁸

256 3171 353 3226 καὶ
384 3173 700 3243 εὑρίσκεται
750 3177 846 3247 μὲν
886 3177 966 3248 τῷ
1015 3181 1161 3251 σοφῷ
1208 3184 1388 3249 εὐθὺς,
1434 3187 1511 3256 τῷ
1542 3187 1598 3240 δὲ
1646 3189 1839 3259 ἄφρονι

250 3260 488 3323 σκολιός.
538 3262 746 3317 Γίνεται
774 3265 830 3317 δὲ
862 3267 956 3318 καὶ
1007 3269 1142 3340 ἡμῖν
1193 3271 1567 3343 ἁμαρτάνουσι
1600 3276 1834 3350 σκώληξ,

253 3348 352 3419 τὴν
384 3351 684 3421 συνείδησιν
715 3353 874 3423 ήμῶν
901 3356 1188 3429 διελέγχων
1224 3363 1317 3415 καὶ
1346 3364 1735 3436 κατατρώγων.

328 3440 454 3495 Ὅτι
486 3443 567 3497 σὺ
611 3446 669 3499 εἷ
704 3448 737 3499 d
766 3446 1087 3517 ἐκσπάσας
1114 3470 1193 3521 με
1238 3454 1307 3509 ἐκ
1355 3461 1634 3528 γαστρὸς,
1678 3462 1716 3529 ἠ
1743 3462 1839 3517 ἐλ-

254 3533 356 3600 πίς
395 3552 515 3603 μου
559 3535 678 3591 ἀπὸ
706 3538 955 3607 μαστῶν
1003 3542 1113 3611 τῆς
1149 3549 1376 3615 μητρός
1410 3567 1550 3619 μου,
1599 3570 1650 3606 κ.
1693 3572 1740 3608 τ.
1786 3556 1831 3608 ἐ.

254 3625 386 3679 Θεὸν
422 3626 528 3698 γὰρ
569 3630 857 3700 γενόμενον
904 3632 1015 3704 (55)
1060 3636 1089 3687 6
1122 3634 1310 3710 Πατὴρ
1360 3641 1721 3710 ἐμαιεύσατοο
1758 3643 1834 3700 οἷ-

258 3736 352 3789 μαι
384 3719 439 3774 δὲ
472 3720 567 3775 καὶ
601 3723 760 3793 μόνον
788 3722 895 3777 τῶν
927 3726 1007 3789 είς
1047 3726 1262 3795 γένεσιν
1304 3730 1660 3802 ἐληλυθότων,
1710 3738 1831 3793 ἐπεὶ

1948 2978 2104 3050 lignis
2134 2990 2314 3036 natus.
2363 2980 2470 3037 Sed
2516 2991 2573 3037 et
2624 2994 2880 3053 tanquam
2937 2986 3141 3041 vermis
3180 3002 3308 3043 esca
3343 2989 3525 3046 factus

1946 3081 2029 3127 est
2063 3074 2276 3129 diabolo
2304 3082 2357 3129 et
2391 3075 2596 3143 angelis
2643 3074 2782 3143 ejus.
2820 3075 3067 3145 Sapienti
3120 3079 3342 3148 insuper
3370 3081 3525 3136 inve-

1944 3165 2094 3218 nitur
2152 3174 2353 3231 rectus,
2385 3166 2661 3235 insipienti
2722 3182 2854 3222 vero
2912 3168 3184 3236 obliquus.
3232 3171 3319 3224 Fit
3352 3173 3521 3227 etiam

1946 3257 2101 3311 nobis
2132 3258 2511 3325 peccatoribus
2543 3258 2767 3324 vermis,
2814 3259 3211 3315 conscientiam
3271 3272 3515 3319 nostram

1941 3360 2175 3417 arguens
2207 3355 2259 3401 et
2294 3347 2513 3402 rodens.

2010 3457 2174 3512 Vens.
2206 3455 2296 3513 10.
2344 3456 2608 3523 Quoniam
2658 3466 2713 3510 tu
2767 3473 2820 3512 es
2855 3459 2945 3528 qui
2992 3462 3271 3516 extraxiin
3321 3481 3404 3519 me
3444 3468 3510 3520 de

1939 3560 2133 3613 ventre,
2158 3566 2274 3616 spes
2308 3565 2423 3603 mea
2464 3549 2527 3603 ab
2555 3549 2800 3604 uberibus
2853 3552 3038 3605 matris
3066 3570 3215 3621 mem,
3242 3565 3351 3611 etc.
3400 3556 3511 3612 Na-

1937 3642 2112 3697 scenti
2140 3642 2249 3698 Deo
2290 3640 2451 3696 Pater
2474 3640 2865 3698 obstetricatus
2900 3652 3003 3707 est,
3035 3646 3192 3714 eique
3224 3647 3349 3713 soli,
3384 3651 3509 3719 opi-

1936 3748 2056 3795 nor,
2093 3732 2218 3803 quia
2268 3730 2418 3787 solus
2462 3733 2529 3787 de
2574 3731 2779 3801 Spiritu
2813 3746 3004 3789 Sancto
3045 3748 3183 3790 erat.
3237 3737 3505 3805 Quoniam

255 3814 344 3866 xui.
378 3812 537 3883 μόνος
588 3814 646 3881 ἐξ
695 3815 849 3884 ἁγίου
896 3818 1211 3891 Πνεύματος
1250 3818 1338 3893 ἦν.
1392 3825 1455 3878 El
1500 3826 1557 3881 δὲ
1592 3828 1831 3895 ἐλπίζειν

1960 3833 2112 3878 intem
2168 3838 2389 3894 sperare
2435 3837 2682 3893 noverat,
2732 3842 2851 3880 cum
2899 3829 3076 3883 adhuc
3156 3833 3506 3900 periretionis

252 3906 365 3977 ᾔδει
394 3907 471 3960 ἔτι
496 3907 1050 3981 γαλακτοδοτούμενος
1071 3911 1386 3985 τελειότητι,
1418 3916 1554 3988 πρὸς
1576 3921 1661 3984 τὸ,
1697 3938 1716 3974 ι
1740 3923 1831 3977 ἐκ..

1933 3915 2072 3970 lacte
2103 3918 2423 3979 nutriretur,
2471 3920 2536 3973 ad
2595 3918 2723 3973 illud
2760 3934 2780 3969 ι
2815 3921 3097 3974 extraxisti
3128 3937 3233 3987 me,
3271 3940 3289 3974 ι
3321 3924 3507 3977 dicen-

256 4000 462 4064 σπάσας
492 4018 580 4071 με,
606 4020 625 4052 ι
672 4001 889 4072 λεχθείη
922 4002 1009 4068 ἂν,
1043 4006 1124 4057 ὅτι
1158 4007 1251 4060 καὶ
1283 4006 1373 4069 ἵνα
1404 4009 1481 4081 μὴ
1513 4010 1706 4085 ἐξέλθῃ
1731 4013 1827 4085 τῆς

1960 4008 2062 4062 lum
2102 4010 2228 4073 erit,
2255 4009 2448 4078 ipsum,
2483 4012 2777 4080 quominus
2800 4011 2972 4067 exiret
2995 4010 3060 4066 de
3090 4023 3298 4078 ventre,
3337 4013 3505 4069 fuisse

252 4092 499 4162 γαστρὸς,
533 4091 920 4147 ἐπεϐουλεύετο
946 4094 1041 4146 καὶ
1070 4096 1357 4159 ἐκωλύετο,
1394 4098 1469 4162 ὡς
1495 4099 1698 4154 δεῖσθαι
1730 4102 1825 4155 τοῦ

1960 4096 2267 4168 inpeditum,
2301 4099 2459 4168 eique
2500 4100 2725 4155 insidias
2778 4100 2984 4171 positas
3039 4099 3228 4164 fuisse,
3279 4104 3414 4158 adeo
3442 4115 3502 4157 ut

251 4176 377 4231 θεοῦ
410 4178 718 4243 ἐκσπῶντος
769 4180 931 4234 αὑτὸν
971 4181 1081 4236 ἀπὸ
1135 4186 1389 4258 γαστρός.
1442 4188 1593 4259 Τάχα
1624 4190 1681 4243 δὲ
1728 4193 1817 4245 κα“ι

1960 4206 2064 4259 pus
2097 4191 2351 4247 habuerit
2382 4192 2491 4247 Deo
2524 4194 2614 4262 qui
2645 4192 2792 4247 illum
2844 4193 3159 4248 extraheret
3188 4193 3258 4250 de
3287 4203 3495 4250 ventre.

253 4270 419 4324 πάντα
450 4270 540 4323 τὸν
584 4271 918 4341 γεννώμενον
962 4274 1191 4345 ἀόρατός
1234 4296 1317 4341 τις
1366 4279 1594 4350 δύναμις
1640 4285 1817 4355 ἐκσπᾷ

1960 4281 2093 4338 'orte
2137 4292 2317 4339 autem
2369 4292 2422 4337 et
2478 4284 2776 4352 quemlibet
2843 4294 3156 4339 nascentem
3213 4285 3501 4340 invisibilis

252 4362 352 4416 ἀπὸ
388 4363 488 4433 τῆς
516 4365 754 4435 γαστρός
772 4382 785 4393 ⁸
840 4366 972 4435 ἁγία
1002 4368 1121 4438 μὲν,
1148 4368 1224 4433 ὼς
1268 4370 1360 4424 τὸν
1389 4372 1600 4427 Παῦλον
1624 4375 1818 4448 ἀφορι-

253 4452 463 4525 ζόμενον
485 4456 553 4507 ὲκ
575 4455 780 4519 κοιλίας
803 4458 1006 4528 μητρός
1026 4477 1038 4489 ο
1073 4461 1269 4532 χείρων
1294 4462 1371 4528 δὲ,
1400 4464 1475 4528 ὡς
1495 4466 1619 4529 τοὺς
1647 4467 1819 4540 ἀπηλ-

1927 4374 2172 4443 (ιυωάοηι
2213 4374 2387 4428 virtus
2410 4374 2651 4428 extrahit
2675 4375 2741 4428 de
2766 4384 2991 4438 ventre;
3029 4384 3217 4428 sancta
3253 4377 3495 4445 quidem,

1925 4464 2098 4534 qualis
2133 4464 2233 4517 fuit
2261 4479 2322 4518 ea
2354 4480 2473 4533 qme
2505 4465 2745 4518 extraxit
2782 4464 3008 4520 Paulum
3048 4477 3387 4538 segregatum
3428 4487 3494 4524 ex

251 4543 635 4615 λοτριωμένους
667 4545 774 4599 ἀπὸ
802 4548 1013 4618 μήτρας
1035 4552 1408 4622 ἁμαρτωλούς.
1444 4557 1619 4610 Μόνον
1647 4558 1702 4611 δὲ
1724 4559 1814 4613 τὸν

1966 4566 2078 4610 tero
2106 4558 2325 4621 matris;
2383 4557 2521 4611 mala
2575 4572 2863 4627 vero,qu:e
2913 4558 3145 4613 extrahit
3175 4572 3493 4628 peccatores

252 4632 463 4703 Σωτῆρα
496 4634 656 4697 αὐτὸς
684 4634 980 4700 ἐξέσπασεν
1006 4637 1035 4689 6
1064 4639 1252 4712 Πατὴρ
1287 4644 1396 4696 ἀπὸ
1426 4645 1523 4716 τῆς
1556 4648 1815 4720 γαστρὸς,

1922 4648 2015 4717 qui
2064 4647 2282 4702 alienati
2322 4657 2447 4701 sunt
2492 4664 2519 4699 ο
2570 4648 2751 4703 vulva.
2803 4650 2872 4703 At
2916 4650 3089 4704 solum
3148 4649 3490 4705 Salvatorem

250 4720 375 4775 ὥστε
406 4722 567 4775 αὐτὸν
614 4721 707 4775 τοῦ
761 4723 1042 4795 ἐξαιρέτου
1093 4729 1479 4803 αἰσθανόμενον
1530 4736 1810 4807 εἰρηκέναι

1960 4758 2034 4796 ise
2071 4743 2307 4797 extraxit
2351 4740 2512 4795 Pater
2552 4741 2617 4794 de
2668 4752 2878 4805 ventre,
2926 4745 3062 4795 adeo
3093 4750 3150 4793 ut
3200 4742 3491 4810 singularis

248 4813 320 4867 τό.
354 4815 502 4868 «Ὅτι
547 4816 611 4868 σὺ
658 4810 709 4868 εἰ
752 4818 780 4868 6
810 4818 1090 4881 ὲκσπάσας
1134 4838 1200 4890 με
1236 4823 1300 4875 ὲκ
1344 4828 1578 4896 γαστρός
1595 4844 1615 4890 ο,
1641 4848 1659 4881 ι
1698 4830 1807 4881 τῶν

1960 4835 2166 4890 enelicii
2197 4834 2449 4889 c0nscius
2488 4833 2659 4887 Filius
2698 4833 2899 4887 dixerit
2933 4846 2948 4883 :
2983 4849 3002 4883 ι
3042 4832 3308 4897 Quoniam
3342 4843 3393 4887 tu
3428 4852 3487 4887 es

249 4905 402 4959 ἄλλων
438 4906 739 4978 ἀνθρώπων
780 4909 878 4961 ούκ
918 4912 1327 4982 ἐκσπασμένων,
1374 4916 1489 4970 ἀλλ’
1514 4918 1803 4991 ἐξερχομέ-

1914 4927 2005 4997 qui
2064 4926 2350 4980 extraxisti
2388 4940 2472 4980 me
2526 4925 2591 4978 de
2640 4933 2850 4987 ventre,
2886 4941 2905 4973 ι
2947 4938 3069 4976 cum
3102 4921 3193 4975 alii
3238 4922 3484 4978 homines

248 5013 371 5050 νων’
422 4997 684 5067 «Ἐξῆλθε
709 5017 727 5049 ι
771 4999 899 5071 γὰρ,
943 4999 1128 5071 φησὶν,
1175 5021 1193 5053 ι
1234 5006 1262 5057 6
1306 4995 1474 5060 Ἠσαῦ
1506 5010 1636 5065 ὡσεὶ
1672 5013 1803 5085 δορὰ

1960 5035 2020 5074 οη
2045 5019 2425 5080 extrahantur,
2457 5015 2548 5070 sed
2582 5014 2967 5084 egrediantur:
3002 5032 3021 5064 ι
3056 5012 3317 5083 Egressus
3345 5024 3427 5069 est
3459 5034 3480 5068 ›

248 5086 409 5152 δασύς.
445 5108 463 5140 ι
510 5088 607 5142 Διὰ
653 5089 811 5143 τοῦτο
842 5091 898 5143 δὲ
934 5092 1092 5161 μόνος
1137 5094 1197 5146 ού
1231 5094 1452 5163 γέγονεν
1484 5100 1543 5153 ὲν
1589 5105 1654 5174 τῇ
1694 5105 1803 5159 τῶν

1960 5109 2075 5175 ιίιη,
2107 5108 2349 5179 inquit",
2375 5125 2392 5160 ι
2417 5106 2555 5161 Esau
2574 5106 2714 5160 sicut
2742 5104 2896 5175 pellis
2922 5102 3146 5174 pilosus.
3178 5124 3197 5158 ι
3224 5104 3479 5176 Propter—

311 5223 349 5255 “
375 5223 572 5279 Ezech.
612 5226 825 5291 xxxt,9.
904 5228 947 5259 ¹⁸
992 5227 1127 5283 Cen.
1177 5245 1304 5298 xxv,
1345 5232 1436 5287 25.

307 5361 405 5435 (69)
432 5362 603 5435 Αὕτη
635 5362 679 5435 ἡ
714 5363 881 5431 φωνή
905 5403 919 5427 ,
952 5375 1057 5421 etc.
1090 5364 1379 5421 Corderius
1404 5407 1419 5427 .
1467 5366 1580 5435 qui,
1607 5376 1661 5420 et
1713 5367 1789 5422 si-

247 5432 371 5513 milia
425 5431 539 5487 fere
592 5431 757 5487 habet
806 5435 907 5489 sub
961 5436 1177 5491 nomine
1229 5431 1498 5507 Gregorii
1537 5433 1786 5492 Nazian-

247 5516 402 5697 Zeigél)
437 5572 539 5696 L9;
564 5572 756 5643 ἔλεγε,
790 5584 896 5633 etc.
923 5573 1106 5632 Codex
1136 5574 1521 5644 Coislinianus,
1551 5585 1606 5633 et
1635 5577 1791 5634 sche-

277 5656 313 5697 π
376 5657 429 5696 ra
474 5660 526 5696 ιι.

277 5656 313 5697 π
334 5656 526 5697 υνθυιι.

1974 5368 2085 5442 (5!)
2128 5367 2440 5442 ξειτεῦᾷεν
2452 5372 2858 5442 μανθάνομεν,
2879 5386 2981 5431 etc.
3014 5376 3235 5433 δακρύω
3264 5380 3471 5437 Grabii.

1972 5438 2087 5508 (52)
2128 5440 2189 5491 Ὀ
2232 5438 2512 5507 σκώληξ,
2559 5451 2666 5498 etc.
2711 5438 2888 5499 Codex
2931 5446 3150 5503 Coislin.
3185 5460 3236 5504 et
3261 5452 3479 5507 schcdze

1899 5506 2114 5570 Grabii,
2148 5506 2439 5563 Barbarus.

1972 5578 2082 5662 (ᾧ)
2111 5578 2267 5662 Θεὸζ
2300 5578 2411 5662 γᾴρ
2440 5583 2774 5662 γενόμενον
2798 5623 2811 5649 ,
2849 5595 2950 5643 etc
2990 5587 3214 5644 Scltcnm
3260 5590 3468 5649 Gradii.

1901 5648 2203 5716 partimque
2230 5648 2545 5707 Corderius.
