3942 6216
336 712 357 749 Ι

478 126 613 184 8235

1842 130 1932 183 EX
1973 128 2274 185 ORIGENE

3602 133 3743 186 12:5

476 260 537 303 ea
571 244 717 301 solus
744 243 993 297 Salvator
1026 239 1266 295 infantia:
1306 241 1602 296 amentiam
1638 252 1692 296 et
1715 250 1911 296 statum
1942 258 2028 297 nm

2153 245 2360 317 νηπίων
2386 244 2540 317 ἀνοίᾳ
2572 245 2663 300 καὶ
2693 247 3059 301 καταστάσει·
3092 248 3167 301 ἔτι
3202 248 3311 319 γὰρ
3344 249 3602 319 μαστοὺς
3638 270 3753 321 μη-

476 347 559 394 est
585 344 861 404 expertus,
906 334 1107 402 quippe
1157 334 1248 401 qui
1295 332 1475 388 adbuc
1512 334 1677 388 ubera
1710 335 1899 390 matris
1924 349 2049 389 cor-

2148 338 2275 408 τρὸς
2305 337 2390 391 διὰ
2418 339 2476 391 τὸ
2509 339 2665 409 σῶμα
2703 339 2948 411 anteco»
2981 341 3217 404 ἐλπίζειν
3246 342 3359 411 ᾔδει
3396 342 3493 394 ἐπὶ
3525 341 3627 394 τὸν
3658 347 3755 396 ἐκ·

477 441 609 496 pore
638 439 860 494 sugens,
887 438 1110 492 sperare
1137 432 1362 477 noverat
1384 424 1435 476 in
1463 438 1584 479 eum
1613 425 1706 494 qui
1748 436 2023 480 estraxera

2151 430 2428 483 σπάσαντα
2451 430 2611 483 αὐτὸν
2644 432 2708 483 ὲκ
2738 433 2974 504 γαστρός
2999 450 3011 463 ⁸
3064 435 3262 498 πάντες
3291 436 3404 506 γὰρ
3459 436 3755 505 ἄνθρωωει

476 516 623 570 illum
654 518 718 568 de
740 524 947 569 ventre.
974 514 1173 567 Omnes
1198 512 1343 567 enim
1371 514 1621 570 homines
1649 515 1740 569 ubi
1764 516 1873 569 nati
1901 525 2044 583 sunt,

474 608 542 661 ad
608 606 869 661 malitiam
912 604 1149 674 primum
1204 605 1493 667 accedunt,
1552 605 1812 661 Dominus
1862 616 2045 661 autem

476 707 661 753 noster
696 715 714 747 ε
750 697 1069 765 priusquam
1120 698 1333 751 noverit
1378 697 1576 750 bonum
1622 706 1715 749 aut
1754 696 1975 763 malum,
2019 716 2037 749 ι

471 790 614 845 sicut
655 789 732 842 ait
787 786 956 842 fsaias
986 788 1051 853 ¹⁶,
1082 806 1101 839 ‹
1150 788 1367 841 malitia:
1388 787 1753 853 abrenuntiat,
1782 796 1841 843 ut
1885 788 2047 858 eligat

474 881 694 935 bonum.
737 897 755 931 ι
795 879 927 933 Cum
951 880 1039 933 bis
1078 878 1327 933 conferes
1353 894 1414 932 ea
1467 894 1585 946 qum
1618 879 1761 933 dicta
1805 888 1929 933 sunt
1977 878 2044 933 de

468 967 677 1022 Joanne
706 986 724 1019 ι
762 968 1069 1023 exsultante
1120 982 1231 1036 pm
1278 967 1473 1037 gaudio
1514 968 1583 1033 ¹⁷,
1618 986 1638 1019 ι
1669 976 1724 1021 et
1761 968 1828 1021 de
1871 966 2043 1023 Iacob

475 1078 492 1108 ι
532 1059 583 1111 in
638 1066 794 1113 utero
845 1059 1229 1127 supplantante
1269 1058 1494 1113 fratrem
1540 1075 1699 1114 suum
1728 1060 1793 1129 ’⁸,
1836 1079 1853 1111 ι
1882 1068 1937 1114 et
1976 1060 2042 1114 de

467 1148 700 1201 Jeremia
732 1167 751 1199 ‹
781 1150 1093 1218 priusquam
1120 1150 1294 1203 exiret
1312 1153 1375 1204 de
1400 1150 1555 1206 vulva
1581 1150 1921 1205 sanctiﬁcato
1939 1151 2034 1207 “.9

535 1241 694 1310 621
727 1240 888 1294 Vens.
919 1240 1007 1303 10,
1044 1242 1126 1294 Η.
1170 1239 1298 1311 Spes
1333 1258 1445 1295 mea
1480 1243 1543 1295 ab
1581 1243 1823 1296 uberibus
1857 1244 2040 1295 matris

465 1348 613 1393 mete,
641 1334 693 1384 in
716 1340 763 1383 te
785 1333 1043 1400 projectus
1067 1350 1184 1387 sum
1204 1350 1269 1386 ex
1300 1344 1467 1399 utero,
1490 1344 1597 1390 etc.
1624 1335 1767 1390 Euos
1790 1336 2031 1404 speravit

468 1424 718 1479 invocare
745 1426 935 1491 Deum,
966 1426 1059 1481 sed
1093 1442 1202 1482 non
1234 1428 1301 1481 ab
1332 1428 1589 1485 uberibus
1624 1428 1853 1483 matris:
1888 1429 2040 1483 Chri-

463 1524 579 1568 ειυς
621 1523 799 1568 autem
836 1525 1128 1584 antequam
1176 1526 1531 1585 cognosceret
1566 1519 1764 1572 bonum
1802 1528 1895 1572 aut
1924 1534 2041 1572 ma-

2148 519 2426 590 γενόμενοι
2474 522 2735 593 πρότερον
2785 526 2851 594 τῇ
2910 524 3075 594 κακία
3130 525 3578 597 προσέρχονταιο
3636 530 3755 582 662-:

2148 609 2349 680 Κύριος
2379 611 2555 681 ἡμῶν,
2605 612 2786 676 καθώς
2814 631 2979 683 φησιν
3024 616 3272 680 Ἡσαΐας,
3311 635 3329 667 ι
3357 618 3495 688 πρὶν
3530 620 3567 687 ἤ
3602 620 3754 687 756-

2147 720 2232 755 ναι
2261 703 2421 755 αὐτὸν
2445 704 2647 770 ἀγαθὸν
2690 706 2722 775 ἢ
2759 706 2945 769 κακὸν,
2981 708 3196 762 ἀπειθεῖ
3223 714 3467 783 πονηρίᾳ
3508 714 3616 766 τοῦ
3650 715 3752 767 ἑκ-

2145 791 2398 857 λέξασθαι
2429 792 2489 845 τὸ
2518 793 2737 861 ἀγαθόν.
2765 814 2783 846 ι
2834 796 2906 848 Τὸ
2933 795 2988 849 δὲ
3028 798 3153 869 περὶ
3196 800 3447 853 Ἰωάννου
3484 802 3753 871 μέντοιγε

2153 898 2171 932 ι
2197 881 2521 954 σκιρτῶντος
2562 884 2618 934 ὲν
2667 882 3019 951 ἀγαλλιάσει»
3081 887 3460 953 συνεξετάσεις
3501 892 3746 955 τούτοξ,

2146 974 2335 1027 καὶτὰ
2376 975 2504 1044 περ)⁵
2544 974 2737 1027 Ἰακὼϐ
2774 994 2792 1027 ι
2816 979 2873 1029 ἐν
2917 979 2979 1047 τῇ
3009 976 3186 1049 κοιλίᾳ
3228 980 3629 1051 πτερνίζοντος
3652 984 3747 1036 τὶν

2144 1065 2370 1135 ἀδελφὸν
2402 1064 2590 1123 αὑτοῦ.
2618 1086 2634 1117 ι
2666 1070 2759 1120 καὶ
2805 1068 2871 1121 τὰ
2904 1070 3031 1141 περὶ
3070 1070 3331 1141 Ἱερεμίου
3362 1091 3380 1124 ι
3404 1075 3545 1143 πρὶν
3594 1074 3747 1139 €521-

2144 1152 2255 1205 θεῖν
2284 1154 2348 1206 ἐκ
2374 1155 2584 1224 μήτρας
2608 1154 3010 1222 ἁγιασθέντος.ι

2225 1245 2286 1301 Ἠ
2307 1246 2481 1311 ἐλπίς
2504 1264 2623 1315 μου
2648 1246 2766 1300 ἀπὸ
2784 1247 3032 1315 μαστῶν
3060 1248 3169 1317 τῆς
3192 1252 3419 1318 μητρός
3448 1270 3608 1320 μου,
3642 1254 3739 1307 ἐπὶ

2142 1336 2216 1391 σὲ
2258 1338 2585 1406 ἐπεῤῥίφην
2618 1338 2685 1391 ἐκ
2721 1340 2952 1407 μήτρας
2980 1380 2994 1404 ,
3040 1358 3093 1394 κ.
3145 1359 3193 1394 τ.
3245 1344 3314 1393 ἐκ
3342 1344 3520 1409 Ἐνὼς
3572 1348 3738 1416 7:13:-

2143 1446 2233 1481 σεν
2261 1429 2372 1500 (54)
2396 1429 2765 1482 ἐπικαλεῖσθαι
2788 1430 2877 1483 τὸν
2907 1431 3060 1495 Θεὸν,
3233 1435 3333 1487 οὐκ
3357 1436 3477 1488 ἀπὸ
3504 1440 3742 1505 μαστῶν

2140 1517 2237 1587 τῆς
2269 1518 2472 1588 μητρός
2492 1532 2503 1545 ·
2536 1521 2564 1571 ὁ
2594 1519 2649 1571 δὲ
2678 1520 2910 1591 Χριστὸς
2947 1521 3076 1591 πρὶν
3108 1522 3140 1592 ἢ
3172 1523 3490 1595 γνωσθῆναι
3527 1528 3740 1595 ἁγαῦὸτ

463 1604 593 1670 lum,
639 1604 801 1674 elegit
848 1605 1071 1658 bonum.
1123 1604 1303 1671 Quare
1351 1608 1521 1674 probe
1558 1607 1757 1661 dicitur
1796 1623 2028 1676 sperasse

2142 1606 2392 1677 ἧκακὸν,
2433 1606 2710 1673 ἐξελέξατο
2758 1608 2816 1660 τὸ
2858 1609 3089 1676 ἀγαθὸν·
3142 1610 3281 1663 ὥστε
3338 1613 3534 1676 καλῶς
3578 1609 3742 1678 οὗτος

461 1697 529 1748 ab
571 1695 829 1747 uberibus
867 1693 1078 1747 matris.
1122 1712 1139 1744 ι
1173 1692 1286 1747 Non
1338 1696 1481 1749 enim
1507 1735 1523 1762 ,
1571 1696 1837 1764 inquit",
1874 1697 2036 1751 homo

460 1793 545 1840 est
568 1784 657 1854 qui
691 1786 860 1848 vivat,
885 1791 939 1837 et
966 1799 1073 1838 non
1109 1794 1319 1853 peccet.
1345 1802 1365 1835 θ

535 1961 610 2015 De
642 1969 819 2014 uentre
852 1958 1033 2013 matris
1066 1972 1194 2010 mea:
1224 1955 1360 2010 Deus
1393 1973 1537 2011 meus
1569 1974 1621 2011 es
1651 1968 1728 2022 tu,
1758 1967 1863 2013 etc.
1900 1959 2035 2026 Quia

456 2053 714 2108 nimirum
746 2066 867 2105 cum
893 2057 1232 2111 nasceretur,
1258 2050 1468 2113 orabat,
1499 2048 1637 2103 forte
1661 2050 1823 2104 etiam
1851 2052 2034 2121 prius-

459 2159 619 2213 quam
650 2151 983 2197 nasceretur.
1010 2138 1337 2194 Prudentior
1368 2140 1513 2194 enim
1545 2140 1650 2195 fuit
1675 2140 1813 2197 Jona
1847 2144 1939 2212 qui
1980 2143 2031 2197 in

458 2244 649 2291 ventre
682 2232 785 2288 ceti
817 2231 1015 2287 oravit.

532 2328 696 2381 Vsus.
726 2326 814 2379 12.
845 2323 928 2378 Ne
961 2324 1267 2378 discesseris
1294 2340 1324 2376 a
1357 2338 1458 2387 me,
1488 2322 1730 2393 quoniam
1760 2321 2031 2377 tribulatio

459 2418 701 2485 proxima
754 2425 867 2480 est,
918 2415 1167 2484 quoniam
1226 2431 1329 2468 non
1381 2424 1454 2467 est
1502 2413 1594 2483 qui
1628 2415 1875 2483 adjuvet,
1922 2426 2029 2470 etc.

461 2508 729 2564 Fortassis
760 2507 923 2572 istud,
969 2524 988 2557 ι
1023 2506 1303 2561 tribulatio
1335 2505 1579 2575 proxima
1615 2515 1719 2570 est,
1744 2524 1762 2557 ι
1811 2507 2030 2562 dicebat

459 2617 580 2655 cum
629 2601 682 2654 in
715 2613 877 2654 cruce
922 2594 1201 2668 penderet,
1238 2597 1621 2667 referebatque
1658 2597 1785 2653 illud
1824 2602 1891 2655 ad
1935 2614 2029 2655 eas

455 2706 591 2761 quas
626 2692 677 2745 in
718 2691 927 2747 inferno
977 2699 1299 2758 experturns
1332 2700 1451 2744 erat
1496 2688 1824 2747 alllictiones
1857 2693 1928 2745 ab
1967 2692 2032 2747 iis

458 2795 579 2846 quae
621 2780 695 2835 ibi
730 2782 1015 2850 degebant,
1059 2780 1442 2849 potestatibus.
1487 2779 1611 2836 llaec
1647 2792 1826 2837 autem
1876 2784 2027 2848 dicit,

459 2870 615 2938 quasi
653 2870 828 2924 nullus
861 2870 1176 2938 angelorum
1213 2869 1425 2926 futurus
1467 2882 1612 2927 esset
1648 2873 1883 2942 adjutor.
1913 2873 2025 2928 Non

456 2960 601 3013 enim
650 2975 714 3015 ex
768 2960 877 3015 illis
935 2960 1201 3029 quispiam
1254 2960 1378 3015 illuc
1436 2975 1599 3017 ausus
1649 2969 1730 3017 cst
1779 2978 1903 3018 cum
1961 2978 2025 3019 eo

456 3050 811 3106 descendere.

535 3138 694 3194 Vens.
726 3141 811 3195 15.
860 3140 1325 3195 Circumdederuut
1376 3158 1453 3196 me
1498 3142 1643 3195 uituli
1679 3142 1851 3208 multi,
1884 3146 2025 3198 tauri

458 3233 673 3304 pingues
696 3232 1001 3285 obsederunt
1029 3247 1127 3293 me,
1158 3243 1262 3286 etc.
1288 3233 1409 3285 llaec
1438 3234 1598 3287 etiam
1634 3233 1835 3289 referes
1856 3236 1921 3289 ad
1946 3238 2026 3290 in-

468 3323 800 3379 tellectuales
845 3322 1142 3387 daemones,
1181 3333 1235 3377 ct
1271 3322 1558 3377 vitulorum
1602 3325 1820 3379 nomine
1844 3325 2024 3380 'intcl-

457 3414 591 3485 liges
622 3413 906 3483 malignas,
937 3429 1057 3483 qua:
1094 3422 1307 3469 terrena
1341 3425 1652 3483 operantur,
1686 3424 2020 3484 potestates:

458 3519 579 3556 nam
609 3503 809 3556 vitulus
860 3503 1060 3557 animal
1098 3514 1175 3557 est
1216 3514 1373 3558 terra:
1420 3504 1678 3571 Operibus
1714 3509 2019 3562 addictum.

453 3594 752 3647 Taurorum
804 3594 1075 3664 pinguium
1129 3594 1348 3648 nomine
1396 3595 1463 3649 ob
1514 3595 1865 3667 multiplicem
1903 3614 2024 3653 ma-

454 3686 583 3741 litiae
627 3686 909 3741 scientiam
943 3701 1035 3741 eas
1064 3689 1212 3743 dices
1243 3687 1470 3741 virtutes
1504 3702 1625 3756 qua:
1656 3690 1835 3746 verbis
1867 3692 2018 3746 falla-

452 3778 609 3833 cibus
639 3785 896 3846 prtesunt,
926 3788 980 3833 et
1010 3779 1077 3833 iis
1104 3793 1206 3833 ceu
1246 3793 1413 3833 cornu
1454 3780 1699 3835 homines
1743 3782 1945 3837 feriunt
1969 3791 2024 3838 et

453 3878 758 3939 proterunt.
788 3869 897 3925 Leo
943 3871 1051 3925 erit
1081 3869 1332 3924 diabolus
1368 3871 1587 3940 rugiens
1616 3882 1808 3927 contra
1841 3889 1941 3928 nos
1971 3883 2026 3928 et

452 3962 653 4018 multos
707 3962 1037 4033 abripiens:
1090 3977 1119 4016 a
1169 3979 1277 4033 quo
1337 3961 1493 4017 leone
1537 3966 1769 4019 extraxit
1838 3974 2024 4035 pastor

451 4052 626 4108 bonus
650 4053 758 4108 duo
804 4054 1006 4108 femora
1050 4061 1105 4107 et
1150 4055 1313 4109 imam
1359 4055 1509 4110 auris
1550 4064 1780 4125 partem.
1821 4056 2020 4109 Aurem

451 4145 598 4197 enim
649 4146 842 4201 animae
876 4146 1109 4201 hominis
1156 4161 1252 4215 per
1297 4146 1561 4214 auditum,
1589 4155 1643 4201 et
1689 4160 1785 4215 per
1819 4148 2020 4201 femora

454 4233 723 4288 incessum
748 4235 863 4305 ejus
892 4236 1226 4306 deglutierat.

525 4322 803 4393 Ejusdem.
836 4328 919 4381 Ab
967 4328 1051 4383 his
1087 4328 1311 4384 verbis:
1353 4346 1372 4379 ι
1404 4326 1886 4383 Circumdederuut
1935 4340 2022 4380 me

450 4413 601 4467 vituli
630 4415 803 4481 multi,
828 4438 846 4469 ο
876 4434 1089 4488 quaeres
1133 4436 1259 4475 nmn
1302 4418 1404 4474 alia
1437 4420 1656 4489 quidem
1706 4418 1772 4474 ad
1806 4432 1867 4472 ea
1903 4431 2021 4487 qua:

448 4504 565 4571 ejus
610 4506 816 4561 exitum
864 4522 1279 4579 prazcesserunt,
1327 4513 1431 4565 alia
1466 4520 1645 4565 autem
1690 4510 1755 4563 ad
1801 4524 1862 4564 ea
1898 4525 2019 4577 qua:

452 4598 604 4653 illum
648 4599 936 4657 subsecuta
972 4612 1120 4667 sunt,
1167 4621 1236 4658 an
1271 4620 1399 4659 vero
1447 4604 1626 4657 omnia
1663 4603 1726 4654 ad
1778 4601 1864 4656 illa
1899 4617 2017 4670 quae

448 4691 654 4746 exitum
699 4691 987 4749 subsecuta
1020 4704 1168 4757 sunt,
1217 4696 1546 4766 pertineant.
1591 4691 1898 4745 Verisimile
1935 4699 2016 4744 est

441 4782 601 4836 illum
640 4784 838 4840 vidisse
902 4785 1319 4841 circumstantes
1371 4792 1663 4856 potestates
1721 4798 1837 4851 quas
1896 4781 2013 4834 aui-

443 4887 595 4926 mam
625 4876 743 4943 ejus
775 4875 1029 4946 abripere
1058 4876 1305 4932 volebant
1342 4886 1395 4931 ct
1426 4875 1492 4931 ad
1525 4872 1867 4930 borribiliora
1896 4871 2011 4927 loca

440 4963 504 5016 de
520 4964 756 5021 trudere.

2137 1697 2351 1766 λέγεται
2404 1699 2688 1768 ἠλπικέναι
2732 1699 2839 1754 ἀπὸ
2887 1701 3103 1769 μαστῶν
3148 1702 3245 1771 τῆς
3280 1706 3522 1775 μητρός.
3562 1726 3585 1758 ι
3622 1710 3741 1760 Οὐκ

2137 1789 2253 1843 ἔστι
2303 1790 2430 1862 γὰρ,
2487 1792 2668 1864 φησὶν,
2720 1791 3023 1863 ἄνθρωπος,
3074 1793 3131 1856 ὃς
3162 1793 3401 1864 ζήσεται,
3470 1798 3578 1850 καὶ
3639 1800 3740 1868 ait:

2140 1875 2463 1949 ἁμαρτήσει.
2510 1898 2528 1930 s

2222 1968 2354 2021 Ἀπὸ
2402 1971 2658 2039 γαστρὸς
2692 1974 2916 2041 μητρός
2947 1992 3065 2043 μου
3101 1978 3241 2042 Θεός
3271 1993 3394 2045 μου
3424 1977 3489 2029 εἴ
3526 1979 3637 2043 σὺ,
3686 1998 3739 2035 κ.

2138 2079 2186 2114 τ.
2229 2062 2273 2114 ὲ.
2305 2058 2382 2116 Ἦ
2414 2065 2535 2116 ἐπεὶ
2563 2065 2678 2135 ἅμα
2711 2064 2822 2135 (55)
2857 2066 2933 2135 τῷ
2966 2067 3285 2139 γεννηθῆναι
3320 2068 3566 2140 ηὔχετο,
3600 2071 3740 2142 τάχα

2145 2155 2235 2207 καὶ
2268 2155 2396 2227 πρὶν
2429 2157 2782 2228 γεννηθῆναι’
2812 2153 2880 2228 ἦν
2910 2157 3018 2229 γὰρ
3066 2157 3427 2231 συνετώτερος
3459 2162 3636 2215 Ἰωνᾶ
3682 2166 3737 2215 ἐν

2136 2242 2313 2316 κοιλίᾳ
2339 2247 2535 2317 κήτους
2561 2248 2874 2319 εὐχομένου.

2204 2336 2300 2405 Μὴ
2334 2337 2608 2407 ἀποστῇς
2646 2342 2750 2394 ἀπ’
2795 2340 2960 2410 ἐμοῦ,
3006 2343 3095 2395 ὅτι
3137 2344 3341 2412 θλίψις
3386 2344 3608 2414 ἐγγὺς,
3646 2348 3727 2400 ἔτι

2136 2426 2245 2481 οὐκ
2275 2426 2446 2482 ἐστιν
2472 2432 2504 2481 ό
2530 2430 2796 2497 βοηθῶν,
2836 2446 2889 2482 κ.
2908 2447 2957 2486 τ.
2988 2431 3033 2483 ὲ.
3053 2432 3203 2501 Τάχα
3222 2432 3302 2497 τὸ,
3332 2453 3351 2484 ι
3392 2434 3587 2504 θλίψις
3626 2438 3725 2507 (563

2135 2520 2319 2589 ἔγγὺς,
2358 2540 2377 2573 ι
2411 2520 2592 2589 ἔλεγεν
2616 2520 2708 2573 ἐπὶ
2732 2520 2824 2574 τοῦ
2860 2523 3092 2593 σταυροῦ
3124 2524 3502 2594 κρεμάμενος,

2136 2629 2244 2685 ρων
2278 2611 2369 2665 ἐπὶ
2402 2613 2499 2676 τὰς
2534 2614 2590 2665 ὲν
2632 2612 2756 2687 ᾅδου
2797 2615 2930 2685 πρὸς
2969 2614 3069 2678 τὰς
3112 2615 3227 2668 ἐκεῖ
3264 2615 3537 2687 δυνάμεις
3574 2636 3721 2688 mps-

2135 2703 2368 2767 στάσεις.
2398 2704 2558 2772 Λέγει
2585 2706 2640 2758 δὲ
2668 2704 2857 2770 ταῦτα,
2887 2706 3052 2759 οἱονεὶ
3076 2707 3287 2771 οὐδενὸς
3322 2708 3437 2761 τῶν
3470 2708 3723 2775 ἀγγέλων

2133 2793 2280 2864 αὑτῷ
2313 2794 2650 2865 βοηθοῦντος.
2693 2798 2765 2851 Οὐ
2812 2798 2920 2869 γὰρ
2965 2798 3227 2869 ἐτόλμησέ
3265 2816 3350 2862 τις
3393 2798 3583 2852 αὐτῶν
3620 2798 3718 2861 Eu,"

2134 2885 2251 2938 ἐκεῖ
2275 2888 2701 2958 συγκαταϐῆναι.

2199 3139 2692 3207 Περιεκύκλωσάν
2712 3156 2788 3210 με
2810 3142 3033 3210 μόσχοι
3073 3140 3311 3203 πολλοὶ,
3343 3139 3541 3207 ταῦροι
3572 3138 3698 3191 κίο-

2128 3247 2227 3297 νες
2258 3230 2577 3299 περιέσχον
2603 3248 2698 3299 με,
2735 3249 2787 3285 κ.
2818 3249 2867 3286 τ.
2911 3233 2955 3283 ὲ.
3002 3231 3244 3298 Ἀνάγοις
3289 3231 3345 3283 δὲ
3394 3231 3576 3283 ταῦτα
3604 3229 3714 3300 (ἷῆ)

2128 3323 2221 3376 καὶ
2249 3322 2340 3375 ἐπὶ
2376 3323 2501 3383 τοὺς
2539 3323 2760 3393 νοητοὺς
2790 3322 3068 3391 δαίμονας,
3096 3322 3188 3374 καὶ
3237 3322 3475 3391 μόσχοκ
3500 3322 3718 3390 νοήσεις

2125 3409 2223 3472 τὰς
2277 3408 2602 3480 ἐνεργούσας
2662 3410 2823 3479 γήϊνα
2868 3410 3108 3479 πονηρὰς
3159 3409 3439 3479 δυνάμεις,
3506 3410 3602 3462 διὰ
3662 3410 3719 3461 τὺ

2125 3499 2398 3569 γεωπὸνον
2435 3495 2572 3553 εἶναι
2621 3501 2682 3553 τὸ
2726 3499 2890 3564 ζῶον
2940 3498 3173 3571 ταύρους
3211 3500 3265 3553 δὲ
3301 3500 3499 3565 πίονας
3537 3501 3635 3554 διὰ
3664 3504 3719 3555 τὲ

2125 3595 2432 3667 πολυμαθὲς
2461 3594 2559 3664 τῆς
2590 3593 2783 3657 κακίας
2822 3594 2919 3655 τὰς
2970 3593 3076 3645 τῶν
3108 3592 3396 3662 ἀπατηλῶν
3448 3596 3721 3663 ῥημάτων

2126 3685 2527 3755 προῖσταμένας
2576 3683 2832 3754 δυνάμεις
2872 3685 2963 3736 καὶ
2997 3684 3064 3736 δι’
3109 3683 3285 3737 αὐτῶν
3320 3683 3452 3746 τοὺς
3504 3684 3723 3756 ἀνθρὼ-

2127 3794 2259 3840 πους
2293 3774 2711 3847 κερατιζούσας·
2744 3776 2933 3829 λέοντα
2962 3775 3018 3828 δὲ
3052 3775 3143 3828 τὸν
3180 3775 3418 3828 διάϐολον
3457 3776 3717 3847 ὠρυόμε-

2124 3886 2213 3922 νον
2252 3867 2372 3921 καθ’
2403 3867 2578 3939 ἡμῶν,
2630 3867 2722 3920 καὶ
2766 3864 2995 3929 πολλοὺς
3043 3866 3486 3937 καθαρπάζοντα,
3529 3870 3629 3936 ἀφ’
3662 3864 3720 3921 οὗ

2124 3958 2336 4023 λέοντος
2369 3952 2665 4023 ὲξέσπασέν
2707 3958 2735 4009 ὁ
2768 3957 2968 4028 ποιμὴν
3000 3959 3026 4010 ὁ
3068 3956 3229 4019 καλὸς
3267 3956 3360 4009 δύο
3410 3957 3589 4028 σκέλη
3626 3961 3721 4012 καὶ

2124 4052 2279 4105 λοϐὸν
2310 4050 2493 4118 ὠτίου,
2529 4050 2616 4103 διὰ
2650 4051 2929 4121 παρακοῆς
2964 4050 3061 4121 μὲν
3093 4048 3487 4112 κατατείνοντος
3526 4050 3590 4102 τὸ
3622 4046 3720 4112 οὖς

2122 4143 2222 4214 τῆς
2261 4142 2437 4214 ψυχῆς
2480 4141 2574 4194 τοῦ
2622 4140 2930 4211 ἀνθρώπου,
2966 4141 3053 4194 διὰ
3102 4141 3158 4194 δὲ
3200 4141 3307 4195 τῶν
3349 4140 3564 4197 σκελῶν
3616 4145 3721 4215 τὴν

2127 4233 2348 4304 πορείαν
2377 4232 2562 4303 αὐτῆς.

2201 4320 2309 4374 Τοῦ
2346 4320 2551 4375 αὑτοῦ.
2585 4321 2846 4391 Ζητήσεις
2875 4319 2930 4372 δὲ
2961 4319 3069 4390 (58)
3100 4321 3205 4374 ἀπὸ
3232 4320 3346 4385 τοῦ,
3381 4340 3400 4373 ι
3434 4323 3723 4394 Περιεκύ-

2124 4413 2337 4467 κλωσάν
2370 4431 2437 4484 με
2469 4413 2657 4483 μόσχοι
2698 4413 2899 4477 πολλοὶ,
2937 4433 2954 4463 ι
2989 4414 3214 4483 πότερον
3251 4414 3318 4466 τὰ
3353 4414 3454 4482 μὲν
3486 4414 3721 4483 λέγεται

2124 4502 2229 4573 πρὸ
2259 4502 2355 4572 τῆς
2390 4502 2587 4568 ἐξόδου,
2617 4501 2685 4554 τὰ
2722 4502 2778 4555 δὲ
2816 4503 2939 4573 περὶ
2973 4502 3078 4555 τῶν
3110 4502 3245 4573 μετὰ
3283 4502 3381 4573 τὴν
3429 4502 3635 4568 ἔξοδον,
3681 4508 3719 4577 ἦ

2122 4596 2337 4657 πάντως
2370 4594 2497 4663 περὶ
2526 4593 2632 4644 τῶν
2671 4591 2804 4662 μετὰ
2833 4592 2928 4661 τὴν
2958 4592 3153 4658 ἔξοδον.
3186 4594 3295 4646 Καὶ
3334 4593 3478 4655 εἰκός
3518 4610 3585 4659 γε
3623 4595 3721 4647 ἔτι

2121 4686 2266 4758 ἐώρα
2303 4686 2723 4757 περιεστηκυίας
2757 4685 3009 4755 δυνάμεις
3039 4685 3364 4756 βουλομένας
3392 4683 3488 4755 τὴν
3521 4685 3722 4756 ψυχὴν

2122 4777 2283 4831 αὑτοῦ
2309 4778 2661 4847 παραλαϐεῖν,
2690 4778 2783 4830 καὶ
2814 4777 3174 4834 καταϐιϐάσαι
3216 4781 3272 4831 ἐν
3316 4778 3719 4849 σκυθρωποτέ-

2123 4886 2236 4939 ροις
2263 4869 2499 4939 χωρίοις.

522 5102 565 5132 ’⁸
623 5102 723 5158 lsa.
753 5119 847 5167 \‘ll,
894 5103 980 5158 16.
1059 5105 1098 5134 ⁸⁷
1128 5103 1257 5159 Luc.
1290 5105 1424 5167 1,44.
1504 5103 1545 5136 ⁸⁸
1572 5102 1709 5157 Gen.
1737 5117 1905 5165 xxv",
1931 5100 2018 5155 ὅθ.

2162 5099 2365 5153 Jerem.
2397 5109 2434 5157 I,
2459 5093 2514 5148 5.
2590 5094 2634 5124 ²⁰
2674 5092 2738 5147 lll
2772 5093 2902 5162 Reg.
2930 5109 3047 5161 nu,
3074 5094 3161 5147 46.

518 5241 632 5311 (54)
670 5240 849 5308 Ἐνὼς
874 5241 1154 5310 ἤλπισεν,
1187 5252 1292 5299 etc.
1320 5241 1547 5299 Sclteda:
1572 5241 1777 5306 Grabii,
1804 5239 2009 5295 Barba-

450 5325 563 5373 rus,
589 5313 755 5366 codex
785 5312 1165 5367 Coisliuianus.

520 5380 631 5501 (55)
663 5378 746 5435 Ἦ
778 5381 907 5464 ἐπεὶ
939 5381 1094 5451 ἅμα,
1133 5394 1235 5437 etc.
1285 5380 1466 5438 Codex
1511 5379 1905 5442 Coislinianus,
1956 5386 2012 5431 et

520 5450 599 5500 Itet
621 5467 665 5501 ξιξ
689 5452 893 5501 Grabu-

450 5450 665 5503 seltedaa
689 5452 893 5506 Grabii.

520 5516 630 5587 t56)
668 5518 823 5588 Τάχα
850 5521 932 5587 τὸ,
976 5520 1201 5590 θλίψις,
1233 5529 1338 5577 etc.
1383 5518 1592 5576 Emdem
1623 5519 1855 5587 scbedae,
1888 5516 2014 5571 Bar-

2346 5305 2605 5374 ‘Ardrmc
2643 5303 2713 5356 δὲ
2756 5303 2975 5367 ταῦτα,
3034 5313 3143 5359 etc.
3198 5303 3423 5358 Sebeda
3463 5299 3652 5357 Grabii
3677 5338 3702 5375 ρ

2117 5374 2426 5445 partimque
2470 5376 2761 5431 Corderius
2803 5378 2940 5441 apud
2991 5389 3152 5443 quem
3210 5375 3417 5429 incerto
3477 5374 3695 5427 auctori

2123 5445 2448 5500 tribuuntur.

2192 5513 2303 5585 (58)
2338 5513 2628 5581 Ζητήσεις
2658 5512 2744 5577 δέ,
2783 5521 2889 5568 etc.
2919 5511 3141 5568 Scllcda?
3173 5512 3381 5569 Grabii.
