3942 6216
197 305 345 360 {9.57

196 515 275 564 τὰ
306 508 458 563 ὀστᾶ
480 528 622 578 μου,
651 529 702 564 κ.
737 529 787 566 τ.
819 511 866 563 ἑ.
903 511 1066 564 ὐστᾶ
1095 508 1194 578 τῆς
1228 507 1418 576 σοφίας
1441 504 1550 576 (59)
1574 506 1642 558 τὰ
1667 505 1795 573 ἁγια

195 602 455 672 δόγματα
487 603 586 672 τῆς
626 602 950 674 Ἐκκλησίας
996 601 1166 665 ἐστὶν,
1209 600 1354 669 ειπερ
1395 600 1453 650 ὲν
1501 595 1579 666 τῷ
1610 597 1796 666 Πάσχα

197 697 320 756 τοῖς
346 693 618 757 Ἰουδαίοις
641 694 715 764 μὴ
735 695 1038 766 συντρίϐειν
1053 692 1520 764 νενομοθέτηται-ι
1543 686 1790 743 Ὀστοῦν»

197 785 340 856 γὰρ,
397 785 587 856 φησὶν,
622 785 723 838 «ού
750 785 1067 857 συντρίψετε
1120 783 1307 837 αὐτοῦ.
1351 803 1370 835 ›
1413 783 1682 852 Ἐκχεῖται
1738 780 1796 834 δὲ

195 875 340 926 ὡσεὶ
367 873 508 945 ὕδωρ
549 873 704 942 λόγος
733 875 838 928 ὑπὸ
882 874 990 928 τῶν
1022 874 1432 946 πρεσϐευόντων
1475 872 1639 925 αὐτὸν
1669 871 1794 926 ὑδα-

201 966 341 1034 ρῶς,
373 967 465 1019 καὶ
491 966 595 1020 ὑπὸ
621 966 731 1020 τῶν
761 969 840 1031 εἰς
868 968 969 1022 οὐκ
997 967 1276 1039 ἐπιτήδεια
1302 965 1470 1036 σκεύη
1496 965 1796 1019 λαλούντων

195 1059 394 1121 αὐτὸν,
427 1060 520 1113 καὶ
562 1059 889 1130 ἐκχεόντων·
926 1059 1370 1132 διασκορπίζεται
1418 1059 1474 1112 δὲ
1513 1057 1693 1113 πάντα
1727 1058 1796 1112 τὰ

194 1151 341 1206 ὀστᾶ
364 1153 456 1205 τού
481 1153 639 1221 λόγου
675 1152 780 1205 ὑπὸ
801 1151 908 1204 τῶν
941 1150 1014 1222 μὴ
1049 1150 1328 1215 σωζόντων
1357 1148 1522 1202 αὐτοῦ
1547 1148 1607 1201 τὸ
1640 1148 1793 1219 ὕψος,

194 1241 343 1295 ἀλλὰ
363 1243 462 1312 τὴν
489 1243 547 1296 ὲν
565 1245 683 1306 ταῖς
705 1243 744 1295 Γ
750 1245 946 1313 ραφαῖς
969 1240 1233 1312 ἁρμονίαν
1263 1237 1426 1292 αὑτοῦ
1453 1239 1793 1308 διαλυόντων,

193 1329 347 1383 ὥστε
391 1327 531 1384 εἶναι
576 1329 728 1402 παρὰ
773 1331 870 1401 μὲν
908 1328 1044 1401 τῷδέ
1077 1345 1182 1381 τινι.
1222 1325 1340 1380 τόδε
1388 1325 1572 1379 ὀστέον
1607 1326 1793 1391 αὐτοῦ,

195 1423 360 1494 παρὰ
406 1423 542 1494 τῷδέ
590 1440 697 1476 τινι
731 1423 938 1493 ἓτερον,
982 1421 1077 1476 καὶ⁸
1108 1421 1293 1490 ἕτερον
1343 1420 1472 1490 παρ’
1502 1418 1693 1489 ἑτέρῳ.
1737 1418 1796 1472 '0

193 1512 255 1566 δὲ
304 1513 364 1565 ἐν
409 1513 487 1583 τῷ
506 1512 695 1583 τελείῳ
741 1512 874 1576 Θεὸς
913 1511 1135 1579 συνάγει
1182 1507 1374 1562 ὀστοῦν
1412 1508 1548 1579 πρὸς
1580 1506 1793 1571 ὀστοῦν,

196 1605 300 1658 καὶ
336 1607 602 1677 ἁρμονίαν
650 1605 787 1677 πρὸς
823 1603 1089 1676 ἁρμονίαν
1139 1605 1203 1658 ἐκ
1240 1601 1335 1656 τοῦ
1368 1602 1520 1664 ὄντος
1561 1599 1790 1672 Ἰσραήλ.

208 1697 284 1748 ’Ἡ
316 1697 459 1750 κατὰ
491 1697 572 1759 τὸ,
608 1716 626 1748 ι
677 1695 928 1766 Ἐλέησόν
958 1711 1048 1764 με,
1082 1693 1276 1766 Κύριε,
1307 1693 1389 1746 ὅτι
1422 1689 1698 1763 ἐταράχθη
1726 1689 1796 1744 τὰ

198 1787 344 1842 όστᾶ
375 1807 498 1858 μου,
542 1808 560 1841 ι
602 1789 722 1842 ἐστί
757 1806 878 1842 τινα
909 1788 1010 1859 τῆς
1034 1788 1211 1858 ψυχῆς
1240 1785 1405 1858 νοητὰ
1432 1786 1584 1839 ὀστᾶ.

273 1879 384 1933 Καὶ
423 1883 511 1947 είς
557 1879 713 1948 χοῦν
754 1877 1014 1934 θανάτου
1060 1875 1392 1946 κατήγαγές
1434 1893 1532 1946 με,
1561 1892 1618 1930 κ.
1653 1893 1703 1928 τ.
1740 1874 1787 1928 ὲ.

199 1972 321 2024 υὺκ
343 1973 422 2035 είς
453 1971 679 2024 Θάνατον
707 1971 840 2042 (60),
870 1971 984 2025 ἁλλ’
1016 1973 1096 2034 είς
1122 1969 1249 2040 χοῦν
1281 1968 1512 2024 θανάτου
1542 1965 1790 2037 κατήχθη

195 2066 228 2116 ὁ
268 2064 537 2135 Χριστός·
569 2065 631 2117 ού
666 2063 775 2136 γὰρ
817 2065 850 2134 ἡ
893 2063 1040 2134 ψυχὴ
1081 2059 1246 2115 αὑτοῦ
1279 2061 1359 2124 εἰς
1397 2059 1528 2131 ᾅδου
1559 2057 1790 2129 κατελή-

200 2156 337 2227 φθη,
365 2157 459 2210 καὶ
484 2158 517 2227 ἡ
546 2155 681 2227 σὰρξ
703 2155 867 2209 αὑτοῦ
898 2155 997 2208 οὐκ
1019 2150 1126 2208 οἶδε
1155 2151 1472 2223 διαφθοράν.

272 2338 691 2407 Διεμερ¹σαντο
735 2337 807 2391 τὰ
840 2337 1039 2406 ἱμάτιά
1080 2355 1200 2407 μου
1240 2337 1496 2405 ἑαυτοῖς,
1537 2338 1636 2393 καὶ
1693 2338 1794 2392 ἐπὶ

198 2431 311 2484 τὸν
330 2432 649 2499 [pano-[uir
664 2448 784 2500 μου
803 2431 1026 2484 ἔϐαλον
1047 2431 1296 2499 κλῆρον,
1314 2449 1369 2486 κ.
1401 2449 1451 2486 τ.
1475 2433 1522 2485 ὲ.
1553 2431 1792 2486 Ἰουδαῖοι

202 2523 304 2593 μὲν
332 2521 411 2590 (61
426 2533 442 2588 )
466 2521 556 2572 τὸν
581 2521 826 2592 γραπτὸν
850 2521 1012 2592 νόμον
1033 2519 1327 2592 τηροῦντες
1347 2521 1441 2575 ml.
1467 2521 1534 2576 τὰ
1560 2520 1795 2592 αἰσθητὰ

201 2615 396 2684 ἱμάτια
424 2612 518 2666 τοῦ
541 2614 715 2680 Λόγου
736 2613 1174 2685 διαμερίζονται·
1206 2613 1367 2683 ἡμεῖς
1399 2611 1454 2666 δὲ
1481 2613 1542 2666 τὸ
1577 2612 1793 2684 πνεῦμα

200 2703 296 2757 τοῦ
323 2704 481 2770 λόγου
511 2702 895 2772 φυλάσσοντες,
921 2701 989 2754 τὰ
1017 2700 1184 2771 νοητὰ
1210 2700 1400 2771 ἱμάτια
1419 2699 1514 2753 τοῦ
1541 2700 1793 2770 Σωτῆρος

200 2795 359 2865 ἡμῶν
397 2793 844 2866 διαμεριζόμεοα,
875 2793 955 2857 είς
993 2792 1225 2863 Χριστὸν
1258 2791 1666 2861 βαπτιζόμενοι,
1697 2791 1794 2843 καὶ

200 2885 366 2939 αὑτὸν
391 2885 695 2957 ἐνδυόμενοι
718 2884 793 2949 ὡς
823 2885 1016 2954 σοφίαν
1046 2886 1140 2939 καὶ
1175 2884 1432 2956 ἀλήθειαν
1464 2881 1558 2939 καὶ
1578 2881 1793 2948 δικαιο-

202 2977 390 3048 σύνην.

279 3068 480 3123 Ῥῡσαι
510 3068 629 3124 ἀπὸ
647 3069 948 3138 ῥομφαίας
983 3067 1097 3138 τὴν
1121 3071 1333 3138 ψυχήν
1357 3088 1496 3140 μου,
1538 3090 1592 3127 κ.
1630 3088 1682 3126 τ.
1735 3073 1783 3125 ἐ.

210 3159 276 3212 Ἥ
307 3161 577 3232 δυναμένη
609 3163 708 3232 τὴν
739 3161 915 3232 ψυχὴν
947 3161 1058 3231 (69.)
1091 3161 1288 3231 πλῆξαι
1337 3161 1578 3231 ῥομφαία
1621 3163 1784 3233 νοητὴ

201 3252 306 3322 ἄρα
333 3253 469 3311 ἐστὶ,
499 3253 627 3322 περὶ
663 3248 732 3322 ἦς
763 3255 1004 3323 εἴρηται·
1047 3271 1065 3303 ι
1100 3254 1212 3306 Καὶ
1258 3253 1350 3306 σοῦ
1393 3253 1450 3306 δὲ
1487 3254 1660 3324 αὐτῆς
1686 3255 1785 3326 τὴν

199 3343 378 3412 ψυχὴν
426 3343 759 3396 διελεύσεται
799 3343 1062 3414 ῥομφαία.
1091 3363 1109 3394 ι
1148 3343 1419 3414 Ῥομφαία
1461 3345 1638 3398 τοίνυν
1671 3346 1786 3399 ἐστὶ

199 3433 373 3505 ψεκτὴ
404 3435 707 3506 πειρασμὸς
733 3435 812 3498 είς
838 3435 1097 3488 ἀπιστίαν
1139 3433 1272 3487 Θεοῦ
1313 3435 1786 3506 προσκαλούμενος

200 3523 296 3594 τὴν
335 3523 532 3593 ψυχὴν,
571 3523 605 3593 ἢ
635 3523 836 3592 γνῶσις
881 3523 1250 3596 ψευδώνυμος,
1281 3526 1313 3596 ἢ
1357 3525 1614 3595 λογισμὸς
1651 3525 1787 3578 ἀκά-

195 3615 396 3685 ἰαρτος
438 3616 517 3678 εἰς
567 3614 842 3686 ἁμαρτίαν
875 3615 1234 3686 ἐφελκόμενος
1273 3616 1371 3688 τὴν
1404 3617 1607 3688 ψυχήν·
1648 3617 1785 3689 ὅπερ

204 3706 488 3778 συμϐαίνει
531 3709 644 3770 τοῖς
687 3705 782 3778 τὴν
829 3707 1137 3779 πρακτικὴν
1186 3706 1484 3779 κατορθοῦν
1527 3707 1783 3779 βουλομέ-

202 3817 332 3862 νοις.

271 3889 377 3945 Kal
409 3891 475 3944 ἐκ
509 3890 709 3958 χειρὸς
734 3890 918 3956 κυνὸς
943 3887 1058 3958 τὴν
1081 3890 1380 3960 μονογενῆ
1400 3909 1540 3960 μου,
1571 3909 1626 3946 κ.
1653 3910 1703 3947 τ.
1734 3892 1780 3946 ἑ.

202 3985 280 4038 Τὰ
310 3986 372 4037 ὲκ
399 3984 587 4037 τούτου
615 3982 724 4053 (63)
753 3982 848 4036 τοῦ
871 3983 1031 4047 κυνὸς
1057 3982 1369 4052 γεννώμενα
1407 3984 1500 4036 καὶ
1524 3984 1663 4038 αύτὰ
1690 4002 1784 4038 κυ-

201 4077 359 4147 νάρια
384 4074 728 4147 ὀνομάζεται,
754 4074 882 4148 περὶ
909 4071 984 4128 ὧν
1009 4076 1222 4147 εἴρηται
1241 4093 1254 4105 ·
1285 4094 1302 4126 ι
1335 4076 1448 4129 Οὐκ
1477 4075 1590 4129 ἔστι
1621 4077 1782 4130 καλὸν

201 4168 379 4221 λαϐεῖν
408 4168 499 4220 τὸν
526 4168 688 4236 ἄρτον
715 4165 824 4219 τῶν
863 4165 1091 4232 τέκνων,
1125 4166 1218 4219 καὶ
1251 4165 1434 4236 βαλεῖν
1463 4168 1577 4230 τοῖς
1621 4184 1784 4220 κυνα-

207 4260 357 4331 ρίοις.

270 4351 631 4419 Διηγήονομαι
661 4350 726 4403 τὸ
762 4350 950 4420 ὄνομά
997 4365 1114 4404 σου
1151 4349 1274 4416 τοῖς
1315 4351 1601 4420 ἀδελφοῖς
1639 4370 1778 4420 μου,

1218 294 1529 353 SELECTA
1570 291 1637 348 IN
1679 291 2012 348 PSALMOS.
2055 322 2122 332 —
2155 288 2348 346 PSAL.
2391 289 2530 345 XXI.

287 416 444 470 'ﬂcsl
481 415 634 484 ὕδωρ
661 415 977 487 ἐξεχύθην,
1009 414 1106 470 καὶ
1137 413 1568 481 διεσκορπίσθη
1602 411 1794 464 πάντα
1825 421 1866 476 Α

3352 303 3490 361 19.53

1973 407 2114 461 Vens
2166 407 2251 462 l5.
2290 406 2436 461 Sicut
2472 423 2608 476 aqua
2637 406 2836 474 r/[usus
2869 423 2982 460 aunt
3009 417 3058 461 et
3087 407 3324 475 dispersa
3351 423 3472 465 sum

1901 502 2076 554 omnia
2107 517 2227 554 ossa
2278 515 2415 564 mea,
2445 508 2551 554 etc.
2588 497 2722 554 Ossa
2757 499 3053 567 sapientiae,
3088 501 3338 570 dogmata
3375 499 3477 553 Er-

1900 592 2077 646 clesim
2120 601 2306 647 sancta
2339 600 2491 656 sunt,
2541 605 2660 659 quae
2700 590 2752 645 in
2789 590 3055 646 Paschate
3099 608 3204 646 non
3240 594 3461 648 commi—

1901 684 2111 737 nuenda
2158 698 2278 738 esse
2309 682 2394 737 lex
2440 681 2640 738 .Iudzcis
2670 682 3050 753 praecipiebat:
3085 702 3104 732 σ
3131 683 3204 738 Os
3247 702 3264 734 ι
3298 682 3469 740 enim.

1901 773 2156 842 inquit",
2180 791 2198 824 ι
2231 785 2334 826 non
2362 771 2740 826 comminuetis
2766 786 2832 826 ex
2855 786 2975 828 eo.)
3007 769 3312 825 Eﬂ‘unditur
3336 771 3478 826 sicut

1900 877 2039 933 aqua
2071 864 2295 916 verbum
2327 862 2397 918 ab
2431 861 2498 916 iis
2525 861 2616 930 qui
2653 877 2759 917 non
2808 863 3022 919 sincere
3054 866 3230 933 ipsum
3266 878 3478 917 annun-

1902 955 2058 1020 tiant,
2101 963 2156 1009 et
2188 954 2256 1008 ab
2293 955 2359 1011 iis
2391 955 2482 1024 qui
2526 955 2578 1010 in
2612 957 2803 1011 idonea
2837 971 2964 1011 vasa
2997 972 3101 1012 non
3150 956 3279 1011 illud
3312 957 3476 1010 emit-

1900 1054 2058 1113 tunt;
2111 1047 2500 1119 disperguntur
2541 1068 2671 1109 vero
2711 1052 2890 1108 omnia
2939 1067 3064 1108 ossa
3111 1054 3260 1110 verbi
3299 1055 3366 1108 ab
3411 1053 3478 1108 iis

1899 1139 1989 1209 qui
2039 1139 2156 1208 ejus
2205 1142 2594 1201 sublimitatem
2628 1160 2733 1201 non
2773 1155 3025 1213 servant,
3067 1147 3160 1202 sed
3199 1161 3318 1202 eam
3355 1162 3477 1216 quae

1903 1230 1955 1285 in
1994 1229 2293 1302 Scripturis
2329 1243 2433 1303 est,
2467 1236 2808 1292 harmoniam
2839 1237 3164 1304 dissolvunt,
3199 1238 3273 1292 ita
3324 1247 3384 1294 ut
3412 1253 3478 1293 os

1898 1323 2014 1394 ejus
2047 1324 2189 1380 aliud
2239 1341 2403 1396 penes
2444 1328 2589 1383 hunc
2627 1329 2736 1394 sit,
2785 1329 2928 1384 aliud
2981 1343 3152 1397 penes
3195 1328 3379 1391 illum.
3419 1341 3476 1385 et

1899 1417 2042 1471 aliud
2074 1433 2238 1487 penes
2271 1418 2522 1474 alterum.
2553 1418 2657 1486 Qui
2700 1431 2883 1476 autem
2927 1421 3090 1492 622
3135 1421 3187 1474 iu
3231 1421 3476 1490 perfecto

1899 1510 2108 1566 habitat
2142 1512 2305 1577 Deus,
2334 1527 2396 1567 os
2427 1513 2494 1566 ad
2523 1528 2584 1567 os
2623 1513 2923 1582 conjungit,
2952 1523 3005 1567 et
3037 1512 3375 1566 harmoniam
3408 1514 3473 1566 ad

1900 1599 2240 1654 harmoniam
2290 1619 2354 1657 ex
2391 1601 2576 1658 Israel.
2627 1603 2722 1657 Vel
2753 1601 2904 1670 juxta
2965 1603 3096 1658 illud
3125 1606 3170 1636 "
3201 1621 3214 1658 :
3258 1622 3277 1655 ι
3307 1603 3473 1659 Mise-

1900 1703 2023 1745 rere
2069 1690 2192 1752 mei,
2231 1691 2476 1756 Domine,
2521 1693 2778 1761 quoniam
2819 1695 3142 1749 conturbata
3182 1704 3312 1750 sunt
3351 1711 3473 1751 ossa

1826 1779 1869 1834 B
1900 1797 2040 1846 mea,
2076 1801 2095 1834 ι
2141 1784 2381 1852 quaedam
2417 1793 2545 1839 sunt
2584 1783 2967 1839 intellectualia
3000 1787 3192 1842 anima:
3219 1802 3365 1842 ossa.

1968 1877 2130 1935 Vens.
2158 1881 2242 1934 16.
2271 1880 2338 1934 Et
2366 1884 2420 1936 in
2448 1882 2715 1951 pulverem
2741 1883 2924 1936 mortis
2945 1882 3212 1936 deduxiin
3235 1899 3334 1946 me,
3362 1892 3470 1937 etc.

1893 1969 2008 2025 Non
2052 1973 2102 2025 in
2137 1981 2389 2038 mortem,
2419 1975 2515 2028 sed
2549 1975 2601 2027 in
2651 1972 2930 2042 pulverem
2982 1973 3172 2028 mortis
3208 1975 3474 2028 deductus

1893 2073 1976 2119 est
2021 2064 2305 2120 Christus:
2347 2080 2454 2120 non
2483 2066 2627 2120 enim
2658 2065 2835 2118 anima
2865 2066 2982 2132 ejus
3031 2067 3084 2120 in
3125 2064 3338 2120 inferno
3381 2067 3473 2119 de-

1897 2155 2080 2208 relicta
2111 2163 2226 2222 est,
2269 2170 2446 2226 neque
2484 2169 2612 2211 caro
2641 2153 2757 2223 ejus
2794 2163 3015 2225 experta
3045 2163 3129 2211 est
3167 2156 3473 2226 corruptio-

1895 2261 2038 2299 nem.

1967 2335 2130 2392 chs.
2175 2339 2260 2394 l9.
2329 2337 2628 2394 Diviserunt
2692 2340 2795 2394 sibi
2856 2340 3164 2394 vestimenta
3221 2356 3374 2406 mea,
3422 2351 3470 2394 et

1893 2444 2050 2497 super
2099 2438 2286 2483 vestem
2328 2445 2496 2483 meum
2555 2430 2811 2483 miserunt
2863 2440 3088 2501 sortem,
3135 2439 3242 2486 ctc.
3299 2429 3470 2484 Judaei

1893 2517 2114 2587 quidem
2173 2519 2297 2572 dum
2350 2518 2524 2587 legem
2578 2519 2835 2589 scriptam
2889 2529 3144 2585 servant,
3194 2520 3470 2574 sensibilia

1893 2608 2054 2665 Verbi
2072 2610 2392 2668 vestimenta
2437 2609 2705 2677 dividunt,
2738 2627 2835 2666 nos
2865 2627 2996 2667 vero
3029 2613 3280 2682 spiritum
3319 2617 3469 2668 verbi

1891 2697 2282 2762 custodientes,
2315 2699 2694 2754 intellectualia
2729 2700 3042 2758 Servaloris
3075 2704 3248 2758 nostri
3290 2705 3460 2759 vesti-

1894 2798 2076 2843 menta
2108 2787 2419 2856 dividimus,
2450 2789 2503 2844 in
2537 2790 2820 2845 Christum
2872 2791 3162 2861 baptizati,
3206 2802 3260 2847 et
3294 2793 3468 2862 ipsum

1895 2889 2154 2952 tanquam
2221 2882 2581 2951 sapientiam,
2628 2882 2919 2939 veritatem
2971 2893 3026 2939 et
3069 2884 3336 2956 justitiam
3388 2886 3466 2939 iu-

1893 2973 2030 3028 dttti.

1983 3062 2149 3122 Vsus.
2210 3064 2299 3119 21.
2358 3064 2504 3120 Erue
2569 3083 2601 3119 α
2664 3066 2910 3134 framea,
2983 3066 3161 3130 Deus,
3238 3068 3468 3122 animum

1891 3171 2078 3220 meum,
2111 3165 2217 3210 etc.
2263 3155 2488 3211 Framea
2518 3173 2638 3228 qum
2668 3161 2904 3212 animam
2937 3157 3102 3212 ferire
3130 3161 3323 3230 possit,
3363 3167 3470 3214 ut—

1886 3260 1990 3313 quc
2016 3247 2274 3317 spiritalis
2301 3259 2407 3314 est,
2450 3248 2518 3304 de
2550 3264 2655 3319 qua
2687 3248 2890 3303 dictum
2919 3260 3002 3305 est
3027 3251 3112 3305 "z
3151 3269 3170 3303 ι
3203 3252 3268 3306 Ει
3317 3262 3464 3307 tuam

1887 3337 2057 3408 ipsius
2094 3339 2332 3394 animam
2371 3340 2724 3408 perlransibit
2772 3340 3004 3411 gladius.
3035 3360 3053 3394 ι
3100 3342 3472 3413 Reprehensi-

1888 3429 2012 3484 bilis
2043 3431 2226 3499 itaque
2264 3431 2470 3486 framea
2499 3442 2582 3486 est
2609 3434 2836 3488 tentatio
2860 3432 2950 3486 illa
2977 3447 3098 3503 qua:
3120 3436 3187 3489 ad
3217 3436 3469 3490 incredu-

1888 3519 2096 3577 litatem
2131 3522 2221 3577 Dei
2271 3525 2508 3577 animam
2540 3525 2765 3591 inducit,
2801 3523 2884 3578 vel
2917 3525 3157 3596 cognitio
3192 3526 3350 3596 falsa,
3383 3533 3466 3582 vel

1887 3612 2144 3683 cogitatio
2179 3614 2386 3684 impura
2426 3629 2546 3684 qua:
2581 3617 2632 3670 in
2668 3626 2950 3686 peccatum
2984 3619 3222 3676 animam
3255 3622 3461 3677 trahit;

1886 3707 2028 3775 quod
2059 3707 2285 3777 contigit
2313 3707 2398 3764 bis
2427 3709 2518 3779 qui
2549 3720 2699 3766 recte
2725 3725 2886 3781 agere
2920 3711 3127 3768 volunt.

1958 3889 2029 3944 Et
2080 3892 2144 3946 de
2195 3908 2356 3948 manu
2409 3896 2554 3949 canis
2612 3896 2824 3950 unicam
2879 3912 3079 3960 meam,
3130 3906 3238 3954 etc.
3292 3898 3462 3967 Hujus

1888 3981 2038 4036 canis
2073 3981 2217 4039 fetus
2243 3995 2296 4038 et
2341 3986 2441 4054 ipsi
2474 3987 2655 4042 catelli
2686 3997 2971 4052 vocantur,
3020 3991 3086 4044 de
3132 3991 3330 4061 quibus
3379 3993 3464 4046 di-

1885 4082 2030 4126 ctum
2065 4083 2150 4128 est
2170 4075 2256 4129 ’δε
2293 4095 2311 4128 ι
2340 4075 2456 4129 Non
2486 4087 2570 4131 est
2601 4079 2801 4134 bonmu
2839 4094 3055 4136 sumere
3093 4097 3285 4153 panem
3323 4083 3461 4138 tilio-

1889 4179 2010 4219 rum
2036 4174 2090 4219 et
2121 4165 2254 4222 dare
2279 4168 2508 4223 catellis.
2531 4189 2550 4222 ι

1957 4349 2118 4404 Vens.
2141 4350 2231 4406 25.
2257 4351 2504 4405 Narrabo
2523 4370 2710 4410 nomen
2731 4365 2878 4408 tuum
2901 4354 3158 4424 fratribus
3184 4358 3332 4426 meis,
3351 4367 3458 4414 etc.

203 4461 251 4497 κ.
283 4461 334 4495 τ.
369 4445 414 4496 ἑ.
445 4442 629 4496 Ταῦτα
665 4443 825 4496 οἱονεὶ
855 4443 965 4512 (64)
997 4444 1328 4507 ἀναστάντος
1357 4446 1420 4497 ἐκ
1448 4444 1656 4515 νεκρῶν
1688 4446 1780 4497 ὑπ’

1905 4443 2011 4499 late
2037 4444 2105 4499 ab
2146 4445 2262 4515 ipso
2294 4446 2436 4500 dit-ta
2466 4458 2592 4504 sunt
2621 4450 2774 4518 quasi
2801 4451 2912 4518 jam
2947 4466 2975 4504 a
3011 4453 3240 4509 mortuis
3279 4469 3463 4509 resur-

202 4531 360 4586 αὑτοῦ
408 4532 646 4600 λέγεται,
680 4533 775 4585 καὶ
821 4533 1248 4596 ὲπακουσθέντος
1291 4533 1378 4602 ἐφ’
1414 4528 1497 4597 οἷς
1539 4533 1778 4605 προσηύ-

212 4620 244 4688 ξ
281 4641 344 4676 :o.

160 4757 175 4802 Ῑ
269 4715 429 4782 Παρὰ
455 4714 571 4768 σοῦ
601 4717 634 4768 ὁ
658 4715 904 4780 ἔπαινός
920 4734 1039 4784 μου
1063 4716 1134 4768 ἐν
1165 4718 1496 4786 Ἐκκλησίᾳ
1519 4717 1775 4788 μεγάλῃ,

203 4823 254 4859 κ.
292 4823 342 4858 τ.
385 4807 431 4860 ὲ.
466 4825 484 4858 ι
525 4808 614 4860 Ἐν
643 4807 720 4877 τῷ
753 4809 944 4880 Κυρίῳ
972 4807 1082 4878 (65)
1118 4810 1534 4880 ἐπαινεθήσεται
1565 4813 1598 4880 ἡ
1629 4810 1774 4883 ψυχή

207 4914 323 4968 μου,
357 4917 373 4947 ι
403 4897 680 4951 τουτέστιν
703 4899 802 4952 οὐκ
828 4902 884 4952 ἐν
914 4900 1160 4971 εὐγενείᾳ
1183 4901 1292 4954 οὐδ’
1322 4903 1378 4954 ὲν
1407 4901 1638 4973 πλούτῳ,
1659 4903 1774 4956 ἀλλ’

204 4989 256 5040 ἐν
287 4987 445 5057 cogat;
479 4988 571 5040 καὶ
601 4987 932 5059 δικαιοσύνῃ.

268 5078 555 5150 Φάγονται
600 5080 856 5149 πένητες
896 5081 993 5134 καὶ
1052 5081 1581 5151 ἐμπλησοήσονται
1605 5122 1620 5144 ,
1674 5081 1775 5136 καὶ

314 5216 355 5246 ’ί
395 5215 553 5270 Joan.
590 5232 703 5279 XIX,
737 5217 826 5270 ὅθ.

268 5334 378 5396 (ΞΗ)
427 5332 606 5388 Ὀστᾶ
648 5332 759 5400 τῆς
801 5333 1059 5402 σοφίας,
1109 5341 1215 5388 cte.
1270 5333 1480 5388 Emdem
1527 5335 1776 5406 schedac,

248 5425 258 5458 :
346 5422 356 5454 :
447 5421 491 5459 ς.

209 5403 532 5557 Βιςὲὸῗίλίνκ
560 5477 652 5557 sic
683 5475 979 5536 θάνατον,
1022 5482 1129 5529 etc.
1169 5472 1350 5527 Codex
1386 5473 1776 5545 Coislinianus,

213 5545 412 5597 schcda-
444 5545 651 5597 Graltii.

271 5613 376 5683 (6t)
414 5614 685 5683 Ἰουδαῖοι
714 5615 851 5682 μέν,
883 5622 989 5668 etc.
1019 5612 1202 5668 Codex
1234 5612 1620 5679 Coislinianus,
1647 5615 1776 5673 Bar-

210 5684 378 5744 barus,
413 5687 624 5736 sclietltc
654 5682 862 5737 Grahii.

271 5753 396 5822 (6:!)
455 5754 517 5806 Ἠ
561 5753 865 5822 δυναμένη
921 5754 1033 5822 τὴν
1080 5753 1331 5823 ψυχήν,
1390 5763 1498 5811 etc.
1547 5753 1772 5812 Sched:e

473 5849 746 5908 Ριτιιαι..
782 5847 900 5908 (in.
936 5847 1078 5910 XII.

920 5217 965 5248 ²²
1005 5215 1228 5277 ΡειιΙΑτ,
1257 5217 1310 5270 3.
1388 5215 1433 5245 "
1470 5215 1603 5271 Luc.
1635 5232 1706 5281 ιι,
1734 5217 1824 5271 55.
1901 5217 1948 5250 “
1983 5217 2172 5274 Matth.
2200 5237 2289 5284 xv,
2315 5221 2404 5275 26.

1887 4537 2141 4604 rexisset,
2180 4549 2234 4594 et
2272 4541 2562 4594 exauditus
2600 4554 2745 4598 esset
2778 4559 2874 4613 pro
2907 4545 2972 4600 iis
3004 4561 3234 4615 quorum
3284 4549 3460 4618 gratia

1881 4641 2156 4684 oraverat.

1956 4720 2118 4776 Vens.
2161 4721 2252 4776 9.6.
2306 4722 2458 4790 Apud
2509 4731 2558 4776 te
2614 4722 2732 4777 laus
2779 4741 2892 4778 mea
2943 4727 2995 4778 in
3049 4726 3288 4779 Ecclesia
3338 4745 3455 4779 ma-

1882 4828 2006 4882 gna,
2045 4823 2152 4869 etc.
2183 4833 2202 4866 ‹
2229 4815 2284 4870 In
2334 4817 2560 4871 L'omiuo
2607 4818 2922 4871 laudabitur
2957 4820 3135 4871 anima
3188 4834 3304 4874 mea
3334 4821 3401 4884 ",
3433 4841 3450 4871 ι

1883 4904 1986 4959 hoc
2008 4914 2113 4974 est,
2147 4923 2251 4962 non
2285 4909 2335 4962 iu
2372 4911 2586 4979 generis
2611 4909 2910 4973 nobilitate,
2941 4925 3116 4979 neque
3145 4910 3196 4962 in
3228 4909 3456 4977 divitiis,

1883 4993 1976 5046 sed
2011 4994 2062 5047 iu
2095 4996 2368 5064 sapientia
2397 5007 2451 5052 et
2479 4997 2713 5064 iustitia.

1955 5081 2124 5140 Vens.
2151 5085 2244 5141 27.
2283 5086 2449 5141 Edent
2477 5105 2730 5157 pauperes
2757 5097 2806 5142 et
2836 5090 3243 5159 saturabuutur,
3271 5104 3318 5147 et
3347 5094 3438 5147 lau

2495 5222 2540 5254 “
2583 5221 2930 5290 Psalmxxul,
2970 5224 3024 5278 5.

1874 5337 2062 5393 Grabii
2085 5377 2102 5403 ,
2149 5339 2456 5410 partimque
2488 5339 2780 5396 Corderius
2806 5383 2822 5407 ,
2865 5352 2921 5398 et
2954 5343 3124 5398 codex
3171 5345 3456 5404 Coislinia-

1946 5479 2059 5600 (65)
2118 5479 2194 5533 Τὰ
2236 5479 2305 5532 ἐκ
2347 5479 2602 5546 τούτου,
2653 5489 2756 5536 etc.
2809 5482 2990 5538 Codei
3052 5485 3454 5555 Coislinianus,

1946 5551 2026 5600 her
2048 5565 2093 5600 ιε
2122 5549 2331 5600 Grabii.

1875 5549 2093 5604 εοΙιθιίιε
2122 5549 2331 5604 Grabii.

1967 5621 2058 5683 64)
2094 5619 2284 5674 Ταῦτα
2322 5622 2525 5685 οἷονεί,
2557 5631 2668 5676 etc.
2702 5622 3014 5679 Corderius.

1969 5691 2057 5762 65)
2104 5691 2206 5746 Ἐν
2236 5689 2316 5756 τῷ
2353 5695 2567 5761 Κιφίφ,
2605 5707 2712 5750 etc.
2749 5696 2931 5752 Codex
2959 5696 3345 5755 Coislinianus.

3120 5857 3198 5919 ho
