3942 6216
157 260 185 317 Ι
206 265 314 317 275

172 471 248 522 'il
297 470 452 533 ἐλπὶς
493 468 603 539 (98)
649 469 711 521 οὐ
766 464 1135 535 καταισχύνει.
1185 464 1444 535 Θυγάτηρ
1491 465 1596 536 γάρ
1646 465 1763 518 ἐστι

156 558 437 629 δοκιμῆς,
472 557 695 626 ἔκγονος
750 556 804 609 δὲ
846 555 1125 625 ὑπομονῆς
1165 553 1382 625 δοκιμή-
1421 555 1665 625 ὑπομονὴ
1706 556 1762 609 δὲ

162 651 238 702 ὲκ
276 648 506 717 θλίψεων
538 647 770 714 γίνεται,
802 639 878 700 ὧν
917 643 1166 715 πρόξενοι
1191 643 1248 697 αἱ
1283 644 1477 715 ἀρεταὶ
1509 640 1598 708 αἷς
1632 645 1762 698 ἐπε-

162 760 268 797 ται
306 740 506 811 γνῶσις
535 739 696 794 Θεοῦ.

745 918 1037 974 ΨΑΛΜΟΣ
1075 919 1205 973 KE‘.

254 1012 546 1079 Πύρωσον
585 1009 728 1076 τοὺς
777 1010 1036 1079 νεφρούς
1076 1026 1219 1078 μου,
1261 1026 1314 1062 κ.
1358 1026 1409 1062 τ.
1457 1010 1504 1062 ἐ.
1550 1009 1760 1080 Νεφροὶ

182 1103 291 1173 μὲν
324 1102 432 1174 (99)
474 1101 740 1172 σύμϐολόν
770 1103 877 1156 εἰσι
923 1100 1018 1154 τοῦ
1061 1099 1364 1170 παθητικοῦ
1419 1099 1617 1171 μέρους
1668 1101 1767 1170 τῆς

174 1195 386 1266 ψυχῆς,
412 1195 659 1249 τουτέστι
687 1192 861 1265 θυμοῦ
889 1194 984 1247 καὶ
1012 1192 1327 1262 ἐπιθυμίας
1364 1192 1558 1264 καρδία
1590 1193 1647 1246 δὲ
1672 1192 1766 1245 τοῦ

176 1287 518 1357 λογιστικοῦ.

265 1468 394 1522 Ὅτι
425 1470 457 1522 ὀ
478 1467 651 1532 ἔλεός
678 1480 793 1520 σου
815 1463 1126 1518 κατέναντι
1152 1461 1270 1516 τῶν
1301 1460 1628 1530 ὀφθαλμῶν
1651 1478 1773 1530 μου

183 1559 346 1624 ἐστὶ,
382 1559 482 1612 καί
521 1556 900 1625 εὺηρέστησιι
919 1556 989 1608 ἐν
1014 1553 1089 1622 τῇ
1116 1554 1363 1621 ἀληθείᾳ
1390 1567 1526 1616 σου,
1563 1571 1616 1606 κ.
1645 1570 1694 1606 τ.
1724 1553 1770 1604 ὲ.

1141 256 1446 313 SELECTA
1483 255 1550 311 ΙΝ
1584 254 1924 313 ΡΒᾹΙΜΟΞ.
1965 287 2034 297 -—
2069 254 2264 311 PSAL.
2301 253 2467 309 XXV.

243 383 301 433 Μ
310 377 342 446 ii
363 376 890 446 καταισχυνθείην,
915 375 1004 428 ὅτι
1033 372 1266 442 ἤλπισα
1291 373 1390 425 ἐπὶ
1419 373 1513 436 σὲ,
1556 391 1608 428 κ.
1646 392 1694 426 τ.
1717 374 1761 428 ἑ.
1797 380 1840 435 Α

3311 257 3450 310 19.ἲύ

1945 372 2103 425 Vens.
2152 372 2241 424 20.
2311 370 2433 424 Non
2481 370 2801 437 erubescam,
2833 371 3080 440 quoniam
3129 372 3330 434 speravi
3377 373 3430 422 in

1873 477 1942 525 te.
1976 476 2083 518 ete.
2119 464 2257 532 Spes
2291 478 2397 516 non
2432 462 2735 520 confundit.
2767 463 2901 516 Filia
2935 462 3078 515 enim
3117 462 3452 530 probationis

1873 568 1978 620 est,
2015 554 2289 626 patientia-
2331 564 2513 608 autem
2555 555 2695 608 lctus
2742 563 2826 609 est
2876 554 3145 624 probatio,
3191 553 3450 621 patientia

1873 663 2004 702 vero
2035 647 2281 701 nascitur
2302 662 2367 701 ex
2400 646 2840 700 tribulationibus
2869 662 3003 714 quas
3038 646 3271 712 hospitio
3297 645 3449 696 exci-

1876 740 2032 810 piuut
2061 741 2290 794 virtutes
2324 741 2522 809 quibus
2547 747 2860 794 assectatur
2890 737 3128 807 cognitio
3159 736 3272 790 Dei.

2390 921 2711 978 PSALMUS
2785 919 2954 974 XXV.

1947 1014 2110 1068 Vens.
2147 1012 2202 1067 9..
2256 1011 2364 1067 Ure
2407 1027 2552 1066 renes
2585 1027 2753 1073 meos,
2790 1019 2896 1064 etc.
2938 1008 3117 1063 Renes
3155 1009 3457 1079 symbolum

1875 1116 2002 1159 sunt
2052 1104 2196 1158 illius
2253 1103 2425 1171 partis
2481 1103 2676 1155 anima:
2728 1115 2849 1170 qum
2896 1097 3180 1154 affectibus
3224 1099 3458 1153 obnoxia

1874 1204 1976 1255 est,
2016 1193 2116 1247 hoc
2160 1201 2241 1246 est
2275 1192 2568 1245 iracundiae
2599 1199 2651 1244 et
2679 1189 3173 1258 concupiscenti-.12;
3209 1204 3306 1242 cor
3355 1205 3460 1242 an-

1880 1294 1985 1337 tem
2019 1281 2326 1352 symbolum
2374 1290 2457 1336 est
2489 1280 2632 1334 illius
2663 1296 2784 1349 qua:
2811 1279 3172 1334 ratiocinandi
3205 1279 3463 1334 facultate

1880 1374 2104 1444 praadita
2136 1383 2239 1428 est.

1951 1467 2119 1521 Vens.
2151 1467 2206 1521 5.
2244 1466 2510 1533 Quoniam
2560 1465 2926 1518 misericordia
2970 1473 3062 1517 tua
3113 1473 3236 1516 ante
3283 1462 3464 1516 oculos

1881 1577 2020 1614 meos
2049 1569 2147 1623 est,
2179 1571 2226 1614 et
2255 1559 2550 1628 complacui
2584 1558 2635 1610 in
2667 1558 2881 1610 veritate
2910 1565 3026 1620 tua,
3055 1565 3161 1608 etc.
3195 1555 3294 1620 Qui
3331 1571 3462 1607 cou-

203 1649 265 1702 Ὀ
302 1648 436 1702 νοῶν
468 1645 543 1717 (1)
585 1647 653 1700 τά
687 1645 814 1716 περὶ
849 1645 1031 1708 ἐλέους
1059 1645 1233 1698 ταῦτα
1261 1646 1394 1716 ἐρεῖ,
1429 1645 1777 1715 μεμνημένος

1904 1652 2082 1704 ηἰιιοιοιιι
2114 1647 2570 1712 misericordiam,
2602 1662 2813 1702 memor
2842 1648 3324 1716 contemplationis
3351 1646 3468 1714 t'jtlS

188 1739 298 1809 τῆς
341 1739 468 1810 περὶ
501 1738 684 1802 ἐλέους
723 1737 976 1809 θεωρίαςο
1021 1738 1078 1792 ὐ
1125 1737 1274 1800 ἔλεός
1319 1754 1413 1790 σου
1445 1738 1473 1789 6
1505 1736 1775 1810 τεθεωρη-

196 1832 362 1902 μένος
395 1847 506 1901 μοι,
548 1830 628 1900 τῷ
658 1831 945 1884 κατέναντι
988 1829 1098 1883 τῶν
1145 1827 1438 1898 ὀφθαλμῶν
1484 1843 1584 1897 μου
1616 1821 1776 1890 εἶναι,

196 1926 452 1994 συνεργεῖ
483 1923 620 1994 πρὸς
659 1921 721 1975 τδ
757 1921 1118 1992 εὐαρεστῆσαι
1161 1921 1218 1973 ἐν
1263 1921 1330 1990 τῇ
1379 1917 1610 1990 ἀληθείᾳ
1658 1935 1776 1973 σου.

197 2016 336 2067 Κατ’
369 2013 624 2086 ἀλήθειαν
663 2012 773 2084 γὰρ
812 2014 908 2067 καὶ
939 2014 1039 2065 οὐκ
1081 2010 1431 2075 ἐπιπλάστως
1466 2013 1781 2084 εὐαρεστεῖν

197 2109 344 2160 ποιεῖ
384 2106 445 2160 τὸ
476 2106 566 2160 τοῦ
597 2105 730 2160 Θεοῦ
763 2104 928 2169 ἔλεος,
963 2104 1134 2174 Σοφοῦ
1176 2103 1287 2176 γάρ
1319 2105 1413 2158 καὶ
1447 2103 1782 2176 θεωροῦντος

194 2199 299 2268 τὴν
340 2199 596 2269 ἀλήθειαν
640 2200 674 2270 ἡ
712 2197 884 2268 φωνή.
936 2193 1069 2251 Εἶτα
1103 2197 1204 2268 τῆς
1244 2197 1659 2269 εὐαρεστήσεως
1712 2193 1784 2247 τὰ

195 2289 318 2361 εἴδη
343 2290 613 2356 διέξεισιν.
1049 2317 1054 2322 -

281 2381 390 2434 Τοῦ
421 2381 625 2434 αὐτοῦ.
656 2380 717 2432 Ei
747 2379 779 2451 ὴ
809 2376 1038 2449 ἀλήθειὰ
1065 2377 1141 2448 (2)
1171 2378 1286 2430 ἐστι
1330 2375 1565 2448 Χριστὸς
1591 2377 1620 2429 6
1651 2373 1784 2438 Θεὸς

192 2473 381 2544 ἡμῶν,
414 2472 490 2536 ὡς
537 2468 707 2526 εἶπενο
745 2490 763 2522 ι
801 2469 941 2539 Ἐγώ
968 2470 1082 2540 είμι
1129 2470 1162 2540 ἡ
1194 2468 1476 2541 ἀλήθεια’›
1514 2469 1574 2522 ἐν
1617 2467 1672 2521 δὲ
1716 2471 1784 2540 τῇ

189 2563 430 2634 ἀληθεία
477 2563 814 2634 εὐηρέστησε
865 2560 1026 2616 Δαυῖδ
1055 2560 1134 2632 τῷ
1179 2560 1319 2631 Θεῷ,
1349 2562 1408 2614 ἐν
1441 2559 1519 2631 τῷ
1547 2559 1666 2631 Θεῷ
1697 2560 1784 2612 εὐσ

185 2655 423 2728 ηρέστει
439 2655 547 2726 ἄρα
564 2658 593 2710 6
613 2654 774 2707 Δαυῖδ
785 2653 863 2724 τῷ
882 2651 1020 2724 Θεῷ.
1039 2652 1138 2705 Διά
1156 2652 1332 2716 τοῦτο,
1346 2651 1533 2722 φησὶν,
1548 2651 1788 2704 ἔσπευσα

187 2751 516 2821 εὐαρεστεῖν
530 2751 596 2819 τῇ
614 2745 840 2817 ἀληθείᾳ
870 2763 985 2808 σου,
1011 2746 1130 2798 ἀντὶ
1151 2744 1268 2811 τοῦ,
1294 2744 1396 2798 σοί.
1422 2745 1789 2816 Περιφραστι-

190 2842 319 2904 κῶς
341 2840 448 2912 γὰρ
471 2841 570 2911 τὴν
589 2838 843 2911 ἀλήθειαν
869 2835 961 2891 τοῦ
990 2837 1124 2890 Θεοῦ
1158 2836 1320 2891 αὐτὸν
1349 2835 1505 2889 καλεῖ
1520 2835 1610 2889 τὸν
1631 2835 1788 2890 Θεόν.

281 2936 403 2988 Οὐκ
438 2931 694 2987 ἐκάθισα
705 2931 855 3002 μετὰ
881 2929 1204 2998 συνεδρίου
1231 2929 1648 2998 ματαιότητος,
1683 2927 1784 2982 καὶ

191 3025 352 3099 μετὰ
383 2997 889 3095 παρανομούντων
937 3024 1012 3078 οὐ
1054 2997 1140 3091 μὴ
1175 2997 1448 3076 εἰσέλθω.
1489 3021 1792 3090 Ἐμίσησα
1816 2997 1861 3056 C

198 3119 544 3186 ἐκκλησίαν
595 3117 1114 3184 πονηρευομένων,
1159 3117 1253 3169 καὶ
1279 3114 1431 3184 μετὰ
1457 3113 1694 3168 ἀσεϐῶν
1717 3117 1790 3170 οὐ

204 3209 292 3280 μὴ
331 3208 579 3270 καθίσω,
608 3225 662 3260 κ.
688 3224 736 3261 τ.
765 3208 810 3260 ἐ.
837 3207 1120 3276 Συνέδριον
1157 3205 1514 3276 ματαιότητος
1544 3206 1620 3276 (5)
1657 3221 1792 3277 πρε-

211 3298 462 3368 σϐύτεροι
496 3297 780 3370 αἱρετικοί’
807 3295 1248 3367 παρανομοῦντες
1264 3295 1443 3348 λαῖκοὶ
1459 3293 1788 3366 παράνομοι.

226 3393 520 3463 Ἐκκλησία
567 3392 1013 3464 πονηρευομένων
1060 3394 1308 3465 αἱρετικὴ
1361 3392 1643 3460 σύνταξις,
1699 3393 1794 3447 καὶ

213 3486 429 3550 ἀσεϐεῖς
481 3485 842 3557 πρεσϐύτεροι
885 3484 1167 3556 αίρετικοί.
1215 3485 1457 3548 Τούτοις,
1501 3485 1684 3555 φησιν,
1730 3484 1794 3537 οὐ

218 3577 498 3648 συνῆλθον,
529 3577 644 3630 ἀλλ’
671 3576 792 3629 οὐδὲ
825 3579 937 3640 τοῖς
968 3577 1060 3629 τὸν
1098 3576 1240 3629 θεῖον
1279 3575 1676 3647 παραϐαίνουσι
1708 3575 1797 3629 νό-

219 3685 318 3741 μον
346 3668 743 3740 συνεφυρόμην.
772 3667 1020 3722 Μάλιστα
1040 3668 1096 3721 δὲ
1130 3668 1344 3721 πάντων
1372 3668 1794 3739 ἀπεστρεφόμην

216 3761 340 3823 τοὺς
372 3760 432 3812 τὸ
453 3759 593 3812 θεῖον
626 3757 1008 3830 ἐνυϐρίζοντας
1043 3756 1203 3821 σέϐας
1223 3759 1280 3810 ἐν
1312 3757 1608 3830 Ἐκκλησία
1634 3757 1794 3829 δῆθεν

217 3850 739 3923 συγκροτουμένουςο
763 3851 857 3904 καὶ
879 3850 1014 3922 πρὸς
1036 3848 1244 3913 τούτοις
1267 3849 1368 3920 τὴν
1388 3849 1494 3902 τῶν
1515 3848 1797 3903 εἰδωλολα-

215 3941 486 4012 τρούντων
511 3939 789 4006 ἀσέϐειαν,
819 3936 902 4006 οἷς
930 3940 1024 3994 καὶ
1055 3939 1116 3994 τὸ
1143 3939 1515 4011 συγχρονίζειν
1544 3939 1796 4011 ἡγούμην

215 4033 531 4102 ἐπισφαλές.

292 4125 402 4179 Τοῦ
429 4123 634 4179 αὐτοῦ.
667 4122 852 4178 Ταῦτα
884 4122 1077 4194 ῥητέον
1104 4121 1182 4195 (4)
1212 4120 1494 4192 φιλίπποις
1519 4122 1617 4176 καὶ
1647 4122 1795 4193 αἱρε-

215 4219 401 4280 τικοτς.
439 4217 624 4270 Ταῦτα
669 4217 847 4270 πάντα
879 4215 1112 4280 τέθεικε,
1148 4215 1469 4286 βουλόμενος
1495 4214 1684 4280 δεῖξαι,
1714 4215 1796 4267 ὃτι

1882 1742 1998 1794 luce
2033 1741 2224 1794 dicet:
2260 1737 2632 1794 Misericordia
2685 1749 2772 1789 tua
2817 1751 2939 1805 quae
2993 1737 3125 1790 mihi
3180 1748 3463 1804 perspecta

1881 1841 1986 1896 est,
2033 1848 2097 1886 eo
2128 1832 2273 1900 quod
2319 1830 2493 1886 oculis
2539 1829 2678 1882 meis
2721 1829 3064 1889 obversetur,
3107 1827 3260 1896 juvat
3294 1843 3378 1880 me
3412 1836 3470 1879 ut

1882 1923 2250 1994 complaceam
2285 1925 2339 1977 in
2375 1923 2606 1977 veritate
2655 1929 2768 1976 tua.
2811 1919 2879 1976 Ut
2911 1921 3034 1990 quis
3062 1921 3208 1974 enim
3258 1935 3383 1972 vere
3417 1930 3469 1974 ct

1884 2034 1990 2071 non
2041 2017 2164 2071 ﬁcte
2211 2016 2569 2085 complaceat,
2606 2014 2734 2068 facit
2783 2014 2875 2068 Dei
2913 2013 3312 2068 misericordia.
3343 2011 3468 2066 llmc

1883 2110 2026 2164 enim
2055 2125 2156 2163 vox
2188 2119 2271 2162 est
2298 2108 2562 2176 sapientis
2592 2117 2648 2161 et
2681 2108 2967 2160 veritatem
3021 2106 3465 2175 contemplantis.

1885 2199 2090 2254 Deinde
2125 2205 2374 2254 recenset
2406 2197 2619 2267 Species
2653 2196 3086 2267 complaccntiar.

1957 2375 2238 2448 Ejusdem.
2279 2378 2335 2434 Si
2385 2379 2591 2433 veritas
2626 2388 2710 2433 ρει
2766 2377 3018 2433 Christus
3069 2379 3208 2433 Deus
3255 2388 3467 2440 noster,

1887 2470 2343 2538 quemadmodum
2383 2470 2578 2523 dixit”
2607 2488 2620 2523 :
2654 2488 2672 2521 ι
2698 2469 2808 2539 Ego
2846 2486 2964 2523 Slllll
2993 2470 3216 2534 veritas,
3249 2487 3266 2520 ι
3299 2471 3351 2523 iu
3381 2485 3472 2522 vc-

1858 2605 1863 2611 .
1892 2562 2050 2616 ritate
2077 2571 2258 2615 autem
2291 2562 2621 2630 complacuit
2653 2562 2818 2616 David
2875 2565 3005 2629 Deo,
3047 2563 3098 2616 in
3134 2562 3241 2616 Deo
3287 2563 3473 2628 utian

1892 2651 2058 2706 David
2103 2653 2434 2722 complacuit
2481 2653 2611 2707 Deo.
2667 2653 2987 2723 Propterea,
3038 2653 3239 2723 inquit,
3290 2653 3472 2706 studui

1891 2745 2109 2816 placere
2142 2745 2362 2800 veritati
2391 2754 2517 2808 tum,
2550 2746 2600 2798 id
2636 2755 2718 2799 est
2749 2747 2872 2800 tibi.
2905 2745 3038 2799 Nam
3066 2760 3134 2799 ex
3171 2745 3472 2815 periphrasi

1893 2837 2182 2892 veritatem
2217 2837 2332 2900 Dei,
2363 2839 2541 2907 ipsum
2572 2848 2731 2891 vocat
2763 2839 2954 2893 Deum.

1975 2928 2138 2986 Vsus.
2167 2929 2220 2983 4.
2250 2929 2375 2983 Non
2406 2932 2518 2984 sedi
2549 2947 2668 2984 cum
2710 2930 2931 2984 consilio
2963 2929 3228 2992 vanitatis,
3266 2940 3312 2983 et
3357 2945 3474 2981 cum

1893 3020 2073 3089 iniqua
2104 3020 2403 3090 gerentibus
2433 3036 2537 3074 non
2567 3021 2816 3072 introibo.
2844 3019 3004 3073 Odiin'
3057 3020 3330 3072 ecclesiam
3358 3036 3477 3070 ma-

1892 3112 2294 3182 lignantium,et
2325 3127 2442 3164 cum
2475 3112 2648 3179 impiis
2682 3128 2784 3164 non
2811 3112 3020 3175 sedebo,
3047 3121 3150 3166 etc.
3179 3113 3472 3164 Consilium

1891 3202 2152 3257 vanitatis
2193 3211 2321 3256 sunt
2351 3202 2650 3272 presbyteri
2690 3202 2965 3266 limretici;
3007 3203 3190 3270 iniqua
3224 3214 3472 3271 agentes,

1894 3304 2023 3352 sunt
2069 3294 2192 3350 laici
2239 3294 2687 3364 prwvaricantes.
2740 3293 2976 3348 Ecclesia
3031 3294 3471 3362 inalignmrtimn,

1895 3398 1978 3443 est
2007 3398 2181 3442 curtus
2224 3386 2628 3452 barreticornm,
2663 3396 2718 3440 ct
2754 3386 2902 3454 impii
2957 3385 3258 3456 presbyteri
3302 3387 3475 3440 lia're-

1899 3477 2011 3535 tici.
2050 3477 2185 3532 Cum
2227 3477 2400 3542 hisce,
2451 3477 2644 3545 inquit,
2687 3494 2790 3530 non
2848 3492 3173 3547 congressus
3203 3493 3343 3540 sum,
3380 3494 3476 3530 nec

1895 3584 2020 3625 eum
2045 3569 2243 3623 divina:
2278 3568 2412 3639 legis
2448 3570 2957 3636 prwvaricatoribus
2989 3570 3304 3622 connnistus
3335 3585 3474 3622 sum.

1897 3661 2130 3716 Maxime
2168 3662 2411 3714 omnium
2451 3661 2557 3732 l'ugi
2591 3661 2788 3715 divina:
2827 3660 3094 3729 inajestati
3127 3659 3354 3728 injurios
3384 3663 3475 3729 qui

1898 3755 1950 3808 in
1982 3753 2220 3808 Ecclesia
2251 3757 2748 3825 congregabantur,
2779 3765 2834 3808 et
2867 3754 3038 3808 multo
3074 3756 3244 3824 magis
3284 3756 3478 3822 impios

1899 3846 2236 3911 idololatras,
2279 3849 2599 3916 quibuscum
2650 3846 2978 3901 connnorari
3028 3847 3254 3900 minime
3300 3857 3476 3900 tntum

1897 3955 2019 3994 esse
2051 3939 2384 3994 existimavi.

1974 4125 2248 4193 Ejusdem.
2284 4123 2409 4180 llaec
2438 4139 2706 4194 equorum
2750 4125 3088 4179 :nnatoribus
3119 4136 3171 4178 et
3209 4126 3478 4182 haereticis

1899 4217 2122 4272 dicenda
2143 4218 2421 4272 suut.llzec
2435 4220 2616 4271 omnia
2637 4219 2832 4287 posuit,
2851 4229 2905 4271 ut
2919 4219 3078 4289 631
3099 4222 3406 4274 ostenderet
3423 4238 3481 4274 se

216 4311 336 4365 οὐδὲ⁹
364 4312 482 4372 ταῖς
511 4311 720 4380 ἑορταῖς
752 4309 860 4362 τῶν
890 4307 1122 4364 εἰδώλων
1149 4307 1474 4380 ἐκοινώνησέ
1503 4325 1652 4371 ποτε,
1675 4306 1786 4361 οὐδέ

1904 4326 2178 4380 nunquam
2218 4311 2483 4365 idolorum
2520 4312 2676 4366 festis
2713 4312 3049 4376 interfuisse,
3081 4329 3253 4382 neque
3297 4315 3479 4384 splen-

218 4402 284 4454 τὰ
324 4400 553 4471 λαμπρά
605 4397 712 4453 τῶν
755 4400 966 4455 ἀσεϐῶν
1008 4401 1318 4473 ἠγάπησεν,
1348 4402 1470 4456 οὐδέ
1499 4401 1795 4472 ἐξέπληξεν

217 4493 376 4549 αὐτὸν
406 4496 434 4547 6
461 4494 561 4563 τῆς
605 4494 948 4559 Βαϐυλωνίας
995 4495 1242 4560 πλοῦτος,
1284 4495 1400 4549 ἀλλ’
1428 4492 1496 4567 ἦν
1541 4495 1692 4567 αὐτῴ
1737 4498 1795 4550 ἐν

217 4585 557 4656 ἐπιτηδεύσει
590 4588 624 4656 ή
653 4586 906 4640 εὐσέϐεια
936 4589 1031 4641 καὶ
1059 4589 1093 4658 ἡ
1134 4588 1626 4660 ταπεινοφροσύνη.

285 4679 542 4747 Nigri-opai
563 4679 633 4732 ὲν
650 4677 862 4745 ἀθώοις
881 4684 988 4744 τὰς
1011 4679 1214 4748 χεῖράς
1235 4699 1354 4750 μου
1377 4679 1477 4734 καί
1501 4681 1794 4734 κυκλώσω

216 4769 280 4823 τὸ
325 4770 760 4838 θυσιαστήριόν
783 4786 921 4835 σου,
954 4773 1152 4839 Κιξριε,
1187 4790 1241 4828 κ.
1271 4791 1319 4826 τ.
1348 4775 1393 4827 ἐ.
1431 4773 1662 4841 Λογικὸν
1695 4773 1790 4826 θυ-

217 4861 528 4929 σιαστήριον
550 4859 628 4930 (5)
653 4859 788 4913 Θεοῦ
819 4861 848 4912 6
877 4859 1001 4924 νοῦς
1026 4861 1183 4932 ήμῶν
1221 4862 1390 4926 ἐστιν,
1423 4863 1507 4930 ἐφ’
1545 4855 1608 4915 οὐ
1643 4863 1794 4917 καίο-

219 4966 315 5020 μεν
343 4950 419 5020 τῷ
451 4951 602 5022 παρὰ
635 4950 729 5004 τοῦ
768 4952 981 5024 Πατρὸς
1017 4954 1096 5016 είς
1123 4953 1222 5024 τὴν
1250 4953 1352 5022 γῆν
1381 4952 1629 5022 βληθέντι
1657 4955 1793 5026 πυρὶ

217 5040 391 5092 πάντα
437 5039 693 5111 λογισμὸν
742 5041 935 5110 ἄλογον
986 5042 1400 5114 ἀποσκιρτῶντα
1442 5043 1542 5113 τῆς
1593 5043 1798 5114 ἀγέλης

215 5129 309 5183 τοῦ
340 5129 621 5186 δεσπότου.
646 5133 772 5185 Ὅτε
788 5132 968 5187 τοίνυν
999 5132 1200 5205 ἡψυχὴ
1220 5134 1322 5187 οὐκ
1348 5132 1453 5197 ἔξω
1476 5133 1641 5199 νεύει,
1663 5134 1798 5187 ἀλλὰ

286 5226 334 5258 ⁵⁸
361 5225 518 5282 Joan.
562 5243 675 5295 xlv,
707 5229 762 5284 6.

241 5391 255 5405 ‘
285 5320 505 5405 (9.8).?!
533 5319 744 5388 ἐλπίς,
795 5329 902 5377 etc.
962 5319 1192 5377 Schedze
1241 5318 1461 5389 Grabii,
1511 5331 1565 5380 et
1615 5325 1785 5380 codex

219 5391 592 5445 Coislinianus.

287 5461 400 5529 (θεν)
421 5462 639 5531 Νεφρρὶ
665 5461 802 5531 μέν,
833 5471 938 5515 clc.
965 5462 1149 5519 Codex
1176 5462 1562 5519 Coislinianus.

291 5531 365 5595 (l)
410 5532 472 5583 '0
497 5529 678 5592 νοῶν,
699 5544 806 5586 etc.
834 5532 1143 5589 Cordi-rius.

287 5600 362 5673 (2)
383 5602 450 5673 Et
476 5603 512 5670 ἡ
541 5601 812 5673 ἀλήθεια,
841 5614 946 5661 etc.
978 5605 1161 5663 Codex
1201 5603 1586 5673 Coisliuianus,
1624 5608 1782 5664 sche-

231 5668 528 5733 dchrabii,
568 5671 856 5730 Barbarus.

1903 4403 2090 4456 dorem
2125 4402 2417 4472 impiorum
2448 4418 2683 4469 amasse,
2721 4417 2900 4472 neque
2948 4404 3365 4475 Babyloniorum
3395 4407 3480 4458 di-

1904 4494 2049 4548 vitiis
2080 4510 2139 4549 se
2173 4511 2294 4550 esse
2323 4496 2659 4565 perculsum,
2687 4499 2783 4551 sed
2817 4485 2929 4565 prae
2968 4496 3221 4553 oninibus
3250 4498 3483 4552 coluisse

1903 4588 2160 4658 pietatem
2193 4600 2244 4643 et
2284 4589 2670 4643 humilitatem.

1977 4681 2136 4735 Vens.
2169 4681 2222 4736 6.
2260 4681 2470 4736 Lavabo
2499 4685 2635 4736 inter
2656 4682 2956 4735 innocentes
2998 4697 3183 4734 manus
3217 4697 3356 4733 meas
3379 4723 3393 4746 ,
3435 4693 3481 4733 et

1900 4776 2239 4830 circumdabo
2273 4777 2442 4832 altare
2476 4787 2658 4844 tuum,
2692 4778 2945 4836 Domine,
2973 4786 3079 4827 etc.
3118 4771 3266 4825 Mens
3297 4783 3482 4826 nostra

1903 4868 2223 4924 rationabile
2275 4867 2366 4923 Dei
2416 4871 2590 4924 altare
2629 4880 2733 4933 est,
2779 4870 2830 4922 in
2867 4884 2976 4938 quo
3021 4866 3143 4936 igne
3183 4882 3211 4917 a
3237 4863 3395 4918 Patre
3432 4868 3483 4918 in

1901 4965 2101 5010 terram
2157 4959 2324 5013 misso
2377 4959 2746 5013 comburimus
2795 4973 3011 5012 omnem
3057 4955 3482 5010 ἱττειιίοιιοὺὶιιιιιι

1894 5047 2280 5116 cogitationem
2320 5065 2440 5117 qua:
2494 5065 2560 5104 ex
2615 5058 2864 5102 armento
2909 5047 3186 5102 dominico
3235 5057 3484 5114 prolem:

1897 5141 2104 5194 exsilit.
2149 5140 2378 5206 Quando
2419 5141 2585 5211 igitur
2614 5141 2796 5194 anima
2831 5155 2936 5194 non
2971 5150 3122 5195 extra
3145 5178 3160 5203 ,
3199 5139 3294 5192 sed
3327 5139 3394 5189 ad
3429 5153 3486 5190 se

1969 5326 2046 5394 ('5)
2076 5323 2396 5391 Συνέδρων
2414 5323 2832 5392 ματαιότητος,
2859 5333 2966 5377 ctc.
3002 5321 3315 5394 Carderius.

1971 5392 2046 5469 (ί)
2084 5394 2956 5469 Τιιῦ-ταρητέον,γριυεδυίιοι-Ιιυ
3002 5394 3227 5458 Grabii,
3278 5392 3480 5445 Bai-lm-

1897 5466 2010 5522 rus.
2057 5467 2265 5520 Similia
2293 5468 2454 5519 habet
2477 5468 2644 5520 codex
2677 5466 3062 5520 (Ioislinianus.

1969 5539 2048 5606 (5)
2083 5537 2288 5604 Λογικιῖ
2304 5554 2338 5589 ν
2359 5537 2794 5606 θυσιαστήριον
2817 5577 2830 5602 ,
2869 5547 2973 5593 ctt'.
3018 5537 3241 5591 Scltcdtc
3268 5535 3482 5600 Crabit,

1895 5614 2064 5666 cole:
2098 5608 2322 5666 Corslin.
