3942 6216
564 323 698 378 νέῗθ

560 523 808 592 qua‘dam
838 521 908 574 sit
938 519 1053 582 Dei,
1091 519 1184 587 qui
1219 517 1467 571 habitant
1503 519 1554 570 itt
1588 517 1751 570 domo
1781 513 2016 574 Domini,
2052 511 2129 562 vi-

561 615 766 667 dchnnt
797 613 849 664 iti
905 611 1147 664 bonitate
1199 609 1288 663 Dei
1339 608 1774 675 jucnmlitatem;
1808 605 1898 673 qtti
1949 613 2128 654 autctn

561 715 713 757 extra
744 704 962 756 domtnn
990 703 1110 771 ejus
1135 710 1291 764 sunt,
1324 703 1668 755 severitatem
1701 697 1817 764 ejus
1845 696 2163 785 experiere.

563 802 666 846 tur.
699 793 958 846 Advertes
995 804 1170 848 autem
1197 807 1325 845 num
1359 787 1572 842 tlill‘erat
1605 786 1860 853 templum
1896 782 2126 846 Domini,

563 901 591 936 ιι
627 885 786 938 domo
825 884 1030 937 Domini
1060 922 1074 943 .
1124 891 1180 936 et
1227 896 1352 933 ntun
1389 881 1580 933 domus
1620 878 1689 931 sit
1735 877 1974 932 Ecclesia
2009 891 2130 943 qua:

563 984 768 1040 spei-tet
807 974 965 1030 simul
1014 975 1081 1028 ad
1142 972 1356 1026 Levitas
1405 981 1458 1025 et
1500 971 1832 1024 sacerdotes.
1882 967 2128 1020 Primum

563 1066 782 1133 quidem
812 1067 861 1118 in
897 1065 984 1118 die
1012 1061 1276 1117 malorttnt
1314 1061 1663 1115 absconditur
1689 1059 1810 1127 quis
1834 1074 1863 1111 a
1903 1058 2133 1110 Domino

564 1158 617 1210 in
657 1158 746 1211 Dei
800 1153 1174 1214 tabernaculo,
1215 1152 1412 1206 deinde
1464 1150 1768 1219 protegitur
1801 1149 1854 1202 itt
1905 1149 2133 1201 abscon-

563 1250 677 1304 dito
703 1246 1031 1302 tabernaculi
1059 1247 1249 1316 ipsius,
1286 1247 1443 1300 tertio
1469 1243 1683 1298 demum
1711 1243 1761 1296 in
1794 1252 1944 1311 petra
1980 1239 2134 1294 exal-

563 1351 730 1394 tatur.
761 1339 900 1392 Petit
932 1341 1116 1408 itaque
1146 1348 1201 1392 ιιι
1235 1339 1288 1392 in
1322 1337 1560 1392 Ecclesia
1594 1334 1858 1389 inhabitet
1887 1335 2132 1388 curando

564 1447 653 1483 res
699 1429 1105 1484 ecclesiasticas
1152 1430 1405 1483 omnibus
1437 1429 1628 1483 diebus
1660 1426 1977 1480 illuminatze
2011 1425 2132 1477 vita:

563 1533 695 1574 sine.
726 1517 780 1572 In
820 1529 988 1584 terra,
1028 1520 1225 1588 inquit,
1263 1534 1509 1583 manens,
1542 1517 1755 1571 tametsi
1790 1515 1972 1569 multis
2031 1516 2130 1567 bo-

565 1612 649 1664 nis
680 1625 864 1680 egeam
887 1651 904 1674 ,
953 1626 1116 1663 unum
1157 1611 1418 1664 hactenus
1449 1619 1593 1676 peto.
1647 1608 1782 1664 Cum
1816 1609 1963 1664 enim
1996 1621 2130 1661 con-

565 1704 743 1757 fertim
795 1704 846 1756 in
881 1704 1135 1758 omnibus
1181 1702 1336 1757 bonis
1374 1703 1577 1756 versari
1611 1717 1904 1770 nequeam.
1932 1715 1998 1753 ne
2028 1699 2132 1753 sal-

565 1803 674 1848 tem
707 1793 807 1846 hoc
833 1810 919 1846 me
943 1793 1159 1847 deﬁciat
1183 1794 1323 1862 quod
1356 1809 1608 1862 magnum
1649 1801 1703 1846 et
1731 1794 1990 1847 eximium
2023 1802 2130 1858 est,
2164 1768 2205 1826 Β

568 1901 589 1934 ι
618 1893 673 1936 ιιι
707 1883 939 1946 videam,
972 1901 990 1934 ι
1034 1893 1138 1936 etc.
1193 1882 1298 1948 Qui
1329 1893 1510 1936 autem
1541 1883 1720 1950 diligit
1751 1883 1999 1936 decorem
2033 1882 2133 1937 do-

567 1988 686 2025 mus
715 1973 948 2040 Domini,
975 1975 1208 2028 dulciter
1232 1974 1351 2043 ejus
1378 1986 1673 2043 conspectu
1707 1975 1810 2028 l'rui
1837 1974 2128 2040 desiderat,

565 2074 621 2119 ct
655 2074 775 2134 post
820 2067 1334 2134 conti-inplatimtem
1362 2107 1377 2133 ,
1417 2066 1652 2121 invisere
1693 2067 1945 2136 templum
1993 2067 2130 2135 ejus.

567 2157 736 2212 Porro
772 2158 816 2212 is
841 2159 982 2211 videt
1008 2158 1406 2227 jucttudilatem
1441 2158 1651 2212 Domini
1683 2158 1776 2226 qui
1820 2158 2134 2214 fundamen-

569 2251 693 2303 talia
742 2250 995 2305 Ecclesia:
1055 2251 1304 2320 dogmata
1350 2251 1626 2305 intuetur:
1677 2249 1963 2305 Trinitatis
2007 2266 2135 2306 vero

569 2343 823 2413 mySIeria
859 2342 1213 2396 considerans
1238 2381 1254 2407 ,
1301 2343 1554 2412 templum
1585 2340 1700 2409 ejus
1751 2342 2136 2412 contemplabic

568 2443 673 2487 tur.
713 2433 882 2488 Decor
911 2434 1144 2498 Domini,
1173 2445 1252 2489 est
1281 2435 1444 2488 etiam
1475 2436 1651 2489 omnis
1685 2450 1874 2490 eorum
1903 2436 2011 2489 vita
2041 2435 2132 2504 qtti

567 2528 764 2578 virtute
807 2535 862 2579 et
903 2526 1099 2593 pietate
1145 2535 1424 2595 priestaut.
1477 2546 1496 2578 ι
1537 2526 1804 2592 Quoniam
1850 2526 2135 2580 abscondit

568 2630 673 2677 tne,
700 2633 720 2666 ι
754 2625 861 2668 etc.
901 2635 919 2667 ι
945 2617 1151 2669 lnitnici
1181 2618 1422 2685 quidem,
1463 2617 1656 2684 inquit,
1687 2618 1984 2670 inﬁrmitati
2011 2626 2137 2672 sunt

564 2711 620 2755 ct
642 2702 986 2766 ce-:iderunt;
1020 2723 1038 2755 ι
1079 2719 1180 2772 ego
1215 2714 1392 2759 autem
1423 2706 1524 2759 sub
1546 2707 1767 2759 dextera
1807 2707 1973 2775 ipsius
2004 2708 2133 2761 abs-

565 2793 865 2855 condebar,
902 2795 1152 2850 habitans
1197 2796 1250 2849 in
1291 2797 1678 2862 tabernaculo;
1733 2797 1989 2865 quoniam
2023 2806 2135 2851 tum

567 2883 620 2936 iit
654 2881 883 2936 desertis
917 2885 1187 2952 tnorabar,
1221 2903 1319 2940 nec
1347 2887 1610 2941 habebam
1637 2888 1856 2941 domum
1888 2887 2004 2954 Dei,
2037 2904 2135 2946 nec

570 2973 824 3042 templum
888 2975 1024 3044 ejus.
1083 2975 1466 3032 Verumtamen
1518 2977 1623 3031 isto
1683 2980 2132 3048 persecutionum

569 3065 733 3139 634
781 3074 1022 3136 tempore
1073 3069 1310 3137 protexit
1360 3084 1466 3123 me.
1509 3070 1902 3124 Absconditum
1953 3081 2206 3158 autetnc

571 3159 932 3226 tabernaculi,
961 3170 1081 3215 erat
1105 3161 1222 3230 ejus
1249 3160 1497 3214 intimum
1526 3171 1581 3214 ct
1609 3163 1965 3228 inaccessum,
1989 3165 2136 3232 quod

572 3247 771 3302 Sancta
805 3260 1116 3304 sanctorum
1141 3248 1511 3315 appellabant.
1554 3246 1669 3302 Non
1703 3248 1923 3302 omnino
1955 3258 2138 3303 autem

569 3341 982 3396 tabernaculum
1041 3341 1092 3394 in
1143 3339 1263 3394 loco
1298 3339 1463 3394 fuisse
1513 3339 1744 3406 asserit,
1784 3339 1881 3394 sed
1927 3339 1981 3393 in
2010 3355 2139 3394 sana

569 3436 768 3490 animae
798 3435 1188 3488 constitutione
1218 3449 1337 3501 qua:
1368 3435 1440 3488 sit
1481 3435 1553 3488 alt
1582 3435 1729 3488 omni
1777 3433 2141 3489 multitudinis

568 3527 949 3582 communione
974 3525 1164 3580 libera.
1192 3524 1307 3579 Non
1338 3526 1584 3594 permisit
1607 3542 1715 3590 me,
1742 3526 1939 3595 inquit,
1973 3525 2141 3580 latere

573 3633 741 3686 usque
778 3619 829 3670 iti
875 3618 1034 3671 ﬁnem
1062 3657 1078 3682 ,
1118 3619 1212 3672 sed
1244 3633 1364 3672 cum
1397 3618 1562 3671 etiam
1609 3618 1731 3672 aliis
1772 3632 1856 3672 mc
1887 3618 2142 3686 prodesse

572 3709 754 3773 vellet,
791 3709 841 3762 iit
877 3719 1051 3777 petra,
1089 3710 1140 3764 id
1187 3721 1272 3764 est
1305 3709 1521 3764 Christo
1545 3710 1808 3764 exaltavit
1839 3725 1945 3763 me.
1992 3709 2142 3764 Alias

570 3801 737 3855 etiam
768 3817 908 3872 saepe
938 3802 1139 3856 dictum
1168 3811 1252 3858 est
1295 3801 1648 3856 tabernaculo
1675 3801 1976 3869 profectum
1997 3841 2013 3868 ,
2047 3801 2144 3855 do-

574 3909 662 3947 mo
692 3901 870 3948 autem
919 3893 1315 3963 perfectionem
1368 3892 1687 3962 signiﬁcari.
1727 3891 1896 3946 Nemo
1943 3893 2139 3960 igitur,

571 4001 694 4041 cum
741 3986 839 4057 ipsi
888 3986 1004 4042 dies
1047 3985 1221 4040 malus
1268 3985 1554 4048 imminet,
1596 3984 1649 4038 in
1679 3985 1839 4038 domo
1886 3984 1978 4038 Dei
2015 3999 2136 4039 esse

571 4086 784 4147 potest:
829 4077 921 4132 sed
959 4078 1011 4131 in
1053 4078 1242 4131 umbra
1285 4075 1637 4130 absconditur
1661 4115 1678 4142 ,
1713 4077 1854 4145 quod
1892 4076 1938 4129 is
1987 4077 2078 4145 qui
2111 4092 2141 4130 a

576 4168 717 4224 male
765 4168 959 4223 liberat
1006 4167 1304 4237 profectum
1357 4166 1476 4235 ejus
1521 4175 1790 4235 protegat.
1845 4166 1948 4232 Qui
1995 4167 2142 4220 enim

573 4262 753 4316 adhuc
778 4271 944 4329 agunt
973 4259 1364 4330 pcenitentiam.
1403 4257 1792 4328 perfectionem
1829 4259 2028 4312 habere
2055 4273 2146 4311 ne-

575 4361 801 4420 queunt.
831 4351 1060 4405 Possunt
1089 4350 1250 4404 etiam
1283 4349 1420 4404 mala
1459 4348 1546 4406 hic
1579 4347 1810 4418 intelligi
1841 4348 2143 4403 adversita-

1998 306 2086 361 ΕΚ
2120 301 2423 360 ORIGENE

561 434 773 502 pidibus
807 429 962 481 vivis.
996 425 1129 482 Cum
1178 442 1305 480 vero
1339 435 1394 481 et
1439 425 1743 494 benignitas
1774 431 1829 475 et
1865 419 2126 476 severitas

2239 410 2377 466 οἷκον
2408 411 2612 482 Κυρίου
2640 406 2890 478 λέγεσθαι
2919 404 3016 474 τὴν
3052 395 3389 472 Ἐκκλησίαν
3424 398 3593 451 Θεοῦ
3626 400 3814 462 giras:

3705 291 3810 344 i354.

3853 559 3864 620 ἴ

3847 643 3864 706 ζ

3853 1121 3866 1180 έ

2230 507 2296 557 ὲκ
2323 503 2482 555 λίθων
2509 501 2741 565 ζώντων.
2779 495 2958 566 Οὔσης
2996 495 3053 548 δὲ
3092 495 3187 548 καὶ
3226 492 3665 562 χρηστότητος,
3689 491 3816 552 5-121.

2229 596 2286 648 δὲ
2320 595 2412 647 καὶ
2441 591 2741 660 ἀποτομίας
2772 587 2907 642 Θεοῦ
2927 626 2944 651 ,
2972 587 3022 638 οἱ
3047 587 3144 655 μὲν
3174 581 3602 641 κατοικοῦντες
3642 583 3702 631 ἐν
3721 585 3800 631 ei:

2231 685 2436 757 Κυρίου
2475 683 2694 750 όῷονται
2725 681 2822 752 τὴν
2857 681 2917 732 ὲν
2941 680 3008 748 τῇ
3035 675 3371 748 χρηστότητι
3403 671 3514 723 τοῦ
3559 671 3712 722 θεοῦ

2232 779 2492 849 πνότηταο
2524 778 2573 830 οί
2600 776 2656 828 δὲ
2688 774 2791 840 ἔξω
2811 771 2904 825 τοῦ
2926 770 3076 824 οἴκου
3103 768 3482 834 τυγχάνοντες
3513 763 3642 830 τῆς
3663 765 3822 813 ἀπετι-

2235 868 2362 938 μίας
2391 866 2552 918 αὑτοῦ
2589 867 2784 934 πεῖραν
2831 860 3112 931 λήψονται.
3147 856 3212 907 Εἰ
3260 853 3542 922 διαςρὲρεε
3609 852 3675 903 δὲ

2231 959 2437 1030 Κυρίου
2471 957 2566 1010 καὶ
2593 952 2740 1018 οἶκος
2769 953 2973 1024 Κυρίου
2997 950 3333 1020 ἐπιστήσεις,
3362 947 3463 998 καὶ
3493 947 3558 996 εἰ
3584 939 3740 1004 οἶκος

2230 1053 2270 1121 ἡ
2313 1049 2603 1120 Ἐκκλησία
2632 1045 2908 1114 ἀναλόγως
2944 1044 3193 1104 Λευῖταις
3234 1041 3334 1092 καὶ
3385 1035 3655 1106 ἱερεῦσι.
3701 1035 3816 1101 Πρὸ-

2231 1159 2320 1195 τον
2348 1144 2406 1194 ὲν
2442 1143 2509 1211 τῇ
2543 1141 2714 1209 σκηνῇ
2761 1135 2855 1190 τοῦ
2899 1133 3033 1186 Θεοῦ
3073 1129 3385 1203 κρύπτεταί
3427 1145 3525 1190 τις
3567 1128 3642 1177 ἐν
3853 1149 3866 1211 Ξ

2231 1233 2418 1286 κακῶν
2453 1232 2560 1286 ἀπὸ
2598 1229 2834 1300 Κυρίου,
2883 1225 3001 1279 εἶτα
3045 1224 3389 1287 σκεπάζεται
3429 1221 3493 1271 ὲν
3537 1218 3814 1286 ἀποχρῇ.

2231 1326 2331 1394 τῆς
2373 1323 2575 1393 σκηνῆς
2610 1319 2809 1381 αὐτοῦ,
2859 1318 2953 1371 καὶ
2996 1317 3175 1389 τρίτον
3214 1316 3276 1366 ὲν
3327 1311 3530 1381 πέτρα
3603 1309 3814 1376 imp-3:;

2232 1417 2383 1468 Αἰτεῖ
2443 1415 2620 1467 τοίνυν
2657 1414 2754 1482 τὴν
2795 1409 3116 1480 Ἐκκλησίαν
3151 1407 3324 1458 οἰκεῖν
3352 1403 3459 1456 διὰ.
3494 1400 3608 1455 τοῦ
3643 1405 3810 1468 ςρρνὲέέ.

2232 1503 2301 1556 τὰ
2357 1498 2789 1571 ὲκκλησιαστικὰ
2847 1499 3026 1558 πάσας
3075 1495 3172 1557 τὰς
3214 1495 3451 1564 ἡμέρας
3510 1492 3625 1560 τῆς
3671 1506 3810 1552 2.2;:—

2231 1593 2490 1664 τισμένης
2519 1590 2683 1644 αὑτοῦ
2719 1588 2882 1659 ζωῆς.
2931 1587 3056 1640 Ἐπὶ
3089 1586 3212 1655 γῆς,
3246 1585 3420 1653 φησι,
3443 1583 3760 1651 τυγχάνων.
3787 1598 3808 1628 ;

2233 1687 2326 1740 καὶ
2354 1685 2560 1740 πολλῶν
2610 1683 2689 1736 δεῖ
2741 1699 2832 1752 μοι
2860 1679 2969 1732 τῶν
2996 1676 3240 1745 ἀγαθῶν,
3271 1675 3413 1745 μίαν
3443 1673 3687 1742 αἴτησιν
3716 1671 3808 1720 τὲς

2234 1778 2386 1832 αίτῶ.
2431 1776 2665 1847 Ἀθρόως
2710 1773 2819 1846 γὰρ
2864 1774 2922 1826 ὲν
2974 1773 3136 1825 πᾶσιν
3175 1770 3275 1839 οὐχ
3308 1762 3434 1820 οἷόν
3481 1783 3546 1817 τε
3593 1763 3800 1831 revise:

2232 1873 2344 1934 τοῖς
2377 1868 2618 1937 ἀγαθοῖς,
2656 1868 2821 1937 μήπω
2847 1865 2963 1918 τόδε
2991 1863 3165 1916 λείποι
3205 1863 3266 1915 τὸ
3297 1861 3459 1930 μέγα
3490 1861 3597 1911 καὶ
3639 1857 3803 1926 i313]:—

2232 1977 2357 2024 τον,
2404 1979 2422 2010 ι
2453 1958 2514 2010 τὸ
2559 1959 2781 2028 θεωρεῖν
2813 1973 2899 2026 με,
2928 1974 2945 2005 ι
2983 1955 3075 2006 καὶ
3111 1953 3180 2005 τὰ
3211 1951 3366 2020 ἑξῆς.
3423 1949 3493 2000 'U
3524 1949 3587 2001 δὲ
3621 1948 3798 2015 ἀγγεῖ-

2233 2052 2331 2121 τὴν
2362 2048 2692 2120 εὐπρέπειαν
2724 2046 2817 2101 τοῦ
2855 2046 3004 2100 οἴκου
3035 2046 3238 2115 Κυρίου
3277 2041 3553 2113 βούλεται
3597 2040 3800 2110 tigri-.-

2234 2139 2600 2196 ὲναπολαῦσαι
2631 2142 2696 2210 τῇ
2733 2139 2851 2210 θέᾳ,
2885 2139 2980 2190 καὶ
3015 2137 3153 2208 μετά
3183 2137 3283 2207 τὴν
3313 2135 3575 2205 θεωρίαν
3621 2135 3796 2184 ἐπιπίι

2235 2233 2465 2287 πτεσθαι
2492 2233 2584 2286 τὸν
2616 2231 2743 2285 ναὸν
2767 2229 2954 2284 αὑτοῦ.
2983 2231 3190 2300 Θεωρεί
3226 2229 3286 2281 δέ
3333 2245 3426 2291 τις
3459 2227 3573 2297 τὴν
3617 2227 3796 2294 army..-

2234 2345 2373 2398 τητα
2411 2325 2638 2397 Κυρίου.
2664 2323 2733 2377 τὰ
2761 2322 3140 2392 ὑποϐεϐηκότα
3170 2321 3429 2390 δόγματα
3474 2320 3587 2388 τῆς
3851 2321 3862 2336 -.

2238 2419 2357 2480 σίας
2399 2415 2561 2487 ὁρῶν⁶
2608 2413 2930 2486 προσϐαλὼν
2961 2413 3016 2466 δὲ
3043 2415 3152 2476 τοῖς
3180 2413 3311 2480 περὶ
3343 2411 3622 2480 Τριάδος,
3651 2425 3794 2476 περιτο

2237 2509 2426 2582 θρήσει
2450 2508 2542 2560 τὸν
2561 2507 2685 2560 ναὸν
2710 2505 2896 2560 αὑτοῦ.
2929 2503 3243 2576 Εύπρέπεια
3259 2502 3319 2554 δὲ
3349 2503 3586 2572 Κυρίου
3616 2502 3702 2552 καὶ
3722 2501 3794 2560 εἰς

2236 2604 2266 2655 ὁ
2292 2603 2410 2656 κατ’
2450 2599 2647 2670 ἀρετὴν
2678 2599 2792 2670 βίος
2823 2598 2932 2652 τῶν
2971 2599 3028 2652 ὲν
3077 2593 3360 2663 θεοσεὸείᾳ
3390 2592 3794 2663 διαπρεπόνιυι.

2243 2714 2261 2745 ι
2291 2695 2412 2747 Ὅτι
2445 2691 2649 2764 ἐκρυψέ
2677 2708 2765 2762 με,
2796 2710 2814 2742 ι
2846 2691 2940 2744 καὶ
2980 2688 3051 2742 τὰ
3085 2688 3230 2759 ἑξῆς.
3267 2707 3284 2736 ι
3309 2687 3382 2738 Οἱ
3469 2686 3581 2755 μὲν
3613 2684 3789 2753 ἐχθροὶ,

2239 2786 2428 2856 φησιν,
2487 2783 2746 2854 ἠσθένουν
2795 2782 2889 2836 καλ⁹
2914 2782 3160 2834 ἔπιπτονο
3183 2799 3202 2830 ι
3233 2777 3350 2846 ἐγὼ
3390 2778 3451 2831 δὲ
3491 2778 3606 2830 ὑπὸ
3626 2778 3708 2845 τῆς
3723 2773 3789 2827 ai-

2238 2877 2331 2931 τοῦ
2364 2876 2544 2942 δεξιᾶς
2584 2874 2935 2947 ἐκρυπτόμην
2981 2875 3041 2926 ὲν
3083 2873 3255 2940 σκηνῇ
3287 2869 3614 2932 κατοικῶν,
3643 2868 3718 2920 διὰ
3749 2867 3788 2915 τι

2235 2969 2443 3037 διάγειν
2467 2970 2526 3022 ὲν
2553 2966 2832 3039 ἐρημίαις,
2868 2964 2964 3018 καὶ
3008 2963 3082 3033 μὴ
3109 2961 3250 3032 ἔχειν
3281 2961 3416 3012 τότε
3440 2961 3536 3012 τὸν
3560 2957 3694 3011 οἷκον
3717 2955 3786 3008 vr;

2237 3060 2373 3115 Θεοῦ
2396 3101 2412 3125 ,
2469 3059 2602 3130 μηδὲ
2643 3057 2735 3111 τὸν
2774 3056 2901 3110 ναὸν
2941 3053 3127 3110 αὑτοῦ.
3170 3052 3285 3106 Καὶ
3335 3053 3404 3104 ὲν
3444 3051 3562 3119 τῷδε
3591 3049 3665 3117 τῷ
3690 3048 3783 3098 τῶν

2239 3149 2490 3221 διωγμῶν
2529 3149 2706 3222 καιρῷ
2739 3147 3011 3202 ὲσκὲπασέ
3067 3164 3157 3217 με.
3205 3145 3543 3216 Ἀπόκρυτον
3576 3140 3624 3192 δὲ

2241 3244 2336 3313 νῆς
2372 3242 2433 3294 τὸ
2465 3241 2741 3294 ἐνδότατόν
2773 3257 2830 3294 τε
2864 3239 2959 3293 καὶ
2989 3238 3205 3300 ἄϐατον,
3231 3237 3381 3306 ὅπερ
3408 3229 3782 3296 ἐκὰλουνᾋξιε

2241 3334 2430 3402 ἁγίων.
2470 3334 2544 3387 Οὐ
2568 3332 2784 3394 πάντως
2808 3330 2864 3384 δὲ
2887 3330 2986 3398 τὴν
3009 3327 3211 3398 σκηνὴν
3235 3327 3296 3378 ὲν
3317 3327 3480 3395 τόπῳ
3505 3320 3789 3392 γετενῆςξιώ

2242 3444 2426 3500 φησιν,
2477 3427 2592 3480 ἀλλ’
2643 3427 2700 3478 ὲν
2740 3423 2916 3493 ψυχῆς
2975 3417 3303 3474 καταστάσει
3354 3417 3694 3487 ἡγιασμένη,
3726 3413 3786 3463 :12

2241 3521 2424 3590 πάσης
2452 3515 2848 3590 ἀπηλλαγμένῃ
2867 3514 2965 3585 τῆς
2984 3512 3093 3564 τῶν
3122 3508 3332 3563 πολλῶν
3361 3503 3784 3570 κοινωνίας.

2241 3614 2340 3667 ούκ
2364 3609 2546 3681 ἀφῆκέ
2581 3626 2669 3679 με,
2706 3605 2867 3677 φησι,
2909 3603 3070 3674 μέχρι
3113 3601 3298 3662 τέλους
3341 3592 3784 3658 λανθάνεινβζιέά

2243 3707 2336 3760 καὶ
2367 3703 2574 3774 ἑτέροις
2602 3700 2872 3771 χρήσιμον
2903 3691 3154 3764 γενέσθαι
3187 3689 3548 3761 βουλόμενος,
3573 3689 3632 3740 ἐν
3663 3688 3786 3753 πέτρᾳ

2242 3801 2319 3871 τῷ
2351 3795 2570 3870 Χριστῷ
2605 3792 2787 3864 ὓψωσέ
2829 3808 2916 3862 με.
2949 3789 3058 3842 Καὶ
3085 3786 3258 3848 ἄλλως
3286 3784 3345 3836 δὲ
3379 3783 3654 3845 πολλάκις
3681 3781 3787 3850 εἴρῃ-

2242 3911 2332 3947 ται
2364 3890 2462 3961 τὴν
2495 3889 2591 3959 μὲν
2621 3883 2823 3957 σκηνὴν
2860 3881 3054 3954 δηλοῦν
3108 3877 3414 3950 προκοπὴν,
3463 3875 3563 3928 τὸν
3597 3873 3726 3928 οἷκον

2245 3981 2575 4052 τελειότητα.
2611 3977 2798 4038 Οὐδεὶς
2827 3969 2920 4027 οὖν
2943 4011 2958 4037 ,
2992 3968 3344 4040 ἐνεστηκυίας
3375 3965 3537 4035 αὐτῷ
3573 3967 3672 4037 τῆς
3714 3963 3788 4014 τίεν

2247 4075 2432 4129 κακῶν
2461 4070 2693 4141 ἡμέρας,
2728 4069 2785 4119 ὲν
2816 4064 2949 4134 οἴκῳ
2979 4058 3116 4116 εἶναι
3141 4059 3361 4114 δύναται
3387 4057 3489 4111 τοῦ
3520 4057 3680 4110 Θεοῦ·

2246 4168 2304 4221 ὲν
2343 4167 2408 4235 τῇ
2443 4163 2569 4232 σκιᾷ
2602 4158 2898 4231 κρύπτεται
2921 4153 3030 4224 ,τῷ
3061 4153 3160 4224 τὴν
3192 4149 3483 4223 προκοπὴν
3529 4149 3790 4212 σκεπάζειν

2245 4256 2337 4310 τὸν
2364 4253 2560 4315 κακίας
2597 4247 3087 4317 ἀπαλλαττόμενον.
3126 4244 3246 4330 ᾚτι
3278 4240 3386 4311 γὰρ
3410 4241 3792 4310 μετανοοῦντες.

2247 4349 2309 4401 ού
2343 4345 2597 4400 δύνανται
2629 4341 2773 4412 ἔχειν
2821 4338 2918 4409 τὴν
2962 4336 3296 4404 τελειότητα.
3355 4330 3596 4402 Δύναταε
3644 4333 3697 4385 δὲ
3730 4333 3794 4381 καὶ

579 4453 688 4506 tes;
739 4443 1116 4497 absconditum
1164 4451 1342 4496 autem
1377 4442 1706 4498 tabernaculi
1742 4439 1858 4509 ejus
1899 4441 2138 4510 discipli-

2249 4439 2344 4493 νῦν
2388 4435 2534 4491 κακὰ
2585 4433 2820 4486 νοεῖσθαι
2878 4428 2948 4482 τὰ
2998 4424 3374 4498 περιστατικά·
3413 4422 3796 4494 ἀπόκρυφονέ

579 4552 678 4598 na,
721 4550 826 4602 qua
859 4536 1022 4587 etiam
1057 4533 1394 4602 proiicimus.
1429 4533 1608 4602 Atque
1641 4534 1744 4587 alia
1772 4534 1989 4601 quidem
2021 4543 2146 4588 eunt

579 4623 892 4689 manifesta,
929 4624 1029 4677 alia
1064 4639 1192 4677 vero
1224 4624 1472 4692 mystica.
1508 4623 1652 4679 Deus
1694 4625 1878 4693 itaque
1919 4639 2025 4678 non
2055 4640 2146 4678 su-

576 4720 794 4786 pt-rlicie
830 4728 988 4772 tenus
1012 4717 1382 4786 proﬁcientem
1414 4717 1673 4786 protegit.
1707 4716 1850 4770 Dixit
1886 4717 2142 4772 taberna-

578 4810 757 4863 culum
792 4809 941 4878 ejus,
975 4809 1228 4880 quoniam
1274 4823 1380 4863 non
1432 4808 1615 4863 omnis
1643 4807 1918 4877 profectus
1952 4823 2145 4863 secun-

579 4904 704 4955 dutn
732 4901 895 4955 Deum
928 4913 1040 4965 est,
1085 4901 1229 4956 hunc
1257 4909 1434 4956 autem
1469 4899 1770 4970 profectum
1805 4901 2018 4970 excepit
2049 4915 2142 4970 pe-

581 5003 660 5047 tra
689 4992 1055 5061 perfectionis.
1095 4992 1365 5049 Profectui
1404 4977 1697 5061 respondet
1727 4992 1944 5046 verbum
1980 5011 2000 5040 ι
2022 4994 2148 5049 abs-

578 5085 796 5148 condit;
849 5105 868 5136 ι
948 5085 1270 5152 perfectioni
1320 5100 1449 5140 vero
1505 5104 1524 5138 ι
1571 5085 1850 5139 exultavit.
1893 5103 1911 5136 ι
1966 5084 2148 5141 Possis

579 5178 743 5230 etiam
781 5177 1182 5231 tabernaculum
1226 5177 1539 5246 intelligere,
1583 5179 1704 5232 vitae
1733 5178 2034 5231 institutum
2061 5192 2146 5231 se-

581 5269 814 5320 cundum
846 5268 1016 5336 legem
1045 5276 1099 5322 et
1123 5270 1438 5337 prophetas,
1466 5271 1517 5322 in
1545 5285 1671 5338 quo,
1708 5271 1758 5322 id
1793 5277 1874 5324 cst
1904 5269 1954 5322 iit
1985 5284 2146 5322 svnsu

583 5361 831 5427 mystico,
866 5359 1152 5412 abscondit
1192 5361 1328 5414 Dens
1358 5376 1480 5413 eum
1519 5376 1677 5428 quem
1711 5360 1952 5424 instruit,
1997 5360 2146 5414 ωηι-

584 5461 704 5501 tans
736 5449 910 5517 ipsum
944 5449 993 5502 iit
1023 5458 1194 5517 petra,
1225 5451 1274 5502 itl
1309 5458 1389 5505 est
1417 5451 1466 5503 in
1492 5451 1729 5504 Christo.

613 5602 627 5614 _
660 5539 816 5592 Vens.
869 5542 920 5592 5.
961 5541 1223 5605 Quoniam
1269 5541 1540 5594 abscondit
1588 5559 1667 5594 me
1715 5545 1767 5594 in
1817 5541 2150 5594 tabernaculo

587 5643 682 5681 suo
713 5630 768 5682 in
807 5632 890 5684 die
927 5633 1186 5686 malorum
1211 5673 1226 5698 ,
1266 5643 1370 5688 ctc.
1408 5633 1839 5688 'l‘abcrnaculum
1875 5633 2148 5686 Christum

2252 4531 2458 4603 σκηνῆς
2486 4527 2650 4582 αὑτοῦ
2685 4526 2778 4579 ἐπὶ
2812 4524 2909 4594 τῆς
2938 4519 3290 4580 παιδεύσεως,
3330 4517 3491 4569 κάκεῖ
3520 4519 3796 4586 προκόπτο-

2255 4639 2373 4696 μεν.
2401 4622 2483 4675 Τὰ
2511 4620 2612 4691 μέν
2636 4620 2754 4671 ἐστι
2797 4613 3047 4685 προφανῆ
3071 4653 3086 4676 ,
3113 4611 3182 4664 τὰ
3205 4611 3263 4663 δὲ
3306 4607 3565 4680 μυστικά.
3621 4611 3731 4662 Οὐκ
3761 4611 3799 4659 ἐν

2250 4718 2362 4780 τοῖς
2386 4711 2720 4772 ὲπιπολαίοις
2748 4703 2841 4761 οὖν
2865 4708 2894 4758 ό
2914 4705 3046 4766 Θεὸς
3069 4703 3161 4755 τὸν
3183 4700 3564 4772 προκόπτοντα

2251 4809 2423 4864 Αὐτοῦ
2451 4808 2506 4860 δὲ
2533 4801 2651 4858 εἷπε
2681 4800 2906 4871 σκηνὴν,
2929 4798 3051 4850 ἐπεὶ
3076 4796 3152 4868 μὴ
3192 4795 3341 4847 πᾶσα
3369 4792 3512 4845 κατὰ
3534 4791 3673 4846 Θεὸν
3699 4811 3800 4864 προ-

2253 4901 2415 4971 κοπή·
2435 4896 2700 4959 διεδέξατο
2725 4893 2784 4946 δὲ
2807 4891 2904 4962 τὴν
2931 4887 3214 4959 προκοπὴν
3241 4886 3274 4955 ή
3300 4884 3472 4952 πέτρα
3499 4884 3601 4952 τῆς
3627 4884 3798 4938 telae}-

2251 5007 2434 5062 τητος.
2466 4984 2815 5049 Κατάλληλον
2846 4982 2904 5035 δὲ
2933 4983 3000 5051 τῇ
3030 4979 3129 5050 μὲν
3148 4976 3398 5048 προκοπῇ
3430 4974 3491 5027 τὸ
3525 4995 3542 5026 ι
3563 4976 3797 5047 {asp-33,5,»

2253 5087 2322 5154 τῇ
2353 5082 2409 5135 δὲ
2439 5079 2735 5146 τελειότητι
2763 5074 2826 5127 τὸ
2853 5094 2871 5124 ι
2896 5072 3100 5140 ὓψωσε.
3130 5090 3148 5121 ι
3185 5068 3375 5136 Λέγοις
3423 5066 3468 5117 δ’
3503 5066 3568 5119 ἂν
3599 5069 3800 5154 Fuﬁ-,1,

2257 5152 2350 5228 καὶ
2377 5173 2474 5243 τὴν
2502 5169 2591 5224 διὰ
2610 5169 2774 5238 νόμου
2805 5163 2897 5218 καὶ
2925 5161 3220 5234 προφητῶν
3245 5157 3488 5227 ἀγωγὴν,
3517 5152 3624 5231 ὲνῇ
3659 5162 3716 5212 ὲν
3743 5159 3802 5225 τίς,

2260 5259 2502 5335 μυστικῷ
2532 5257 2608 5328 νῷ
2636 5256 2867 5327 κρύπτει
2904 5253 2996 5306 τὸν
3024 5248 3409 5319 παιδευόμενον
3439 5248 3468 5298 ὁ
3492 5245 3641 5310 Θεὸς,
3673 5250 3802 5317 ὑψῶν

2258 5355 2419 5410 αὐτὸν
2448 5354 2506 5405 ev
2531 5353 2598 5421 τῇ
2629 5349 2804 5418 πέτρᾳ
2841 5345 2916 5414 τῷ
2942 5339 3183 5413 Χριστῷ.

2329 5537 2447 5588 Ὅτι
2472 5528 2698 5599 ἔκρυψέ
2722 5545 2798 5596 με
2830 5527 2900 5579 ἐν
2941 5523 3141 5592 σκηνῇ
3171 5520 3356 5576 αὐτοῦ
3393 5521 3462 5572 ἐν
3507 5521 3686 5589 vim”;
3717 5543 3797 5576 m-

2259 5629 2380 5685 κών
2401 5647 2540 5698 μου,
2568 5644 2622 5678 κ.
2646 5643 2693 5678 τ.
2723 5625 2768 5675 ἐ.
2796 5621 3007 5691 Σκηνὴν
3036 5619 3124 5672 τὸν
3158 5615 3385 5685 Χριστὸν
3421 5615 3532 5685 (14)
3551 5618 3795 5688 ὀνομάζει,

653 5743 762 5816 (Η)
790 5742 1039 5812 Σκηνὶιν
1075 5746 1175 5801 τὸν
1207 5749 1483 5816 Χριστόν,
1520 5757 1622 5804 etc.
1664 5746 1892 5804 Sclicdzc
1938 5746 2138 5818 Gt'abii,

2239 5749 2346 5806 ide:
2377 5742 2760 5801 Coisliuianus.
2794 5735 3077 5792 Barbarus.
