3942 6216
57 321 214 376 231

1081 324 1391 380 SEI.ECTA
1426 325 1490 380 IN
1523 325 1862 385 PSALMOS.
1913 357 1963 373 ν-
1993 330 2181 383 ιιδΑι..
2218 331 2404 383 XXVI.

3235 345 3372 395 1⁸282

57 460 98 492 ν
153 435 224 508 εἶ)
279 441 399 498 καὶ
457 444 873 512 κατεσκήνωπν
931 440 961 490 ὁ
1003 441 1167 504 Θεὸς·
1217 461 1233 492 ι
1272 444 1360 495 Ἐν
1393 443 1473 513 τῷ
1505 443 1646 516 ἡλίῳ
1683 465 1695 495 ι

1815 451 1979 505 vocat,
2010 443 2065 496 in
2096 459 2204 512 quo
2234 444 2376 497 Deus
2404 444 2684 498 habitavit.
2723 464 2740 495 ι
2776 446 2834 497 lu
2881 447 2992 501 sole
3031 466 3047 498 υ
3083 449 3258 510 enim,
3289 453 3372 506 in-

50 534 216 604 ’ὰρ,
266 535 476 606 φησὶν,
526 554 542 583 ι
569 533 721 586 ἔθετο
750 534 810 586 τὸ
845 535 1111 604 σκήνωμα
1157 535 1342 588 αὑτοῦ.
1376 554 1394 585 ι
1429 536 1613 600 ’Ἥλιος
1654 537 1709 589 δὲ

49 625 473 696 ίικαιοσύνης
511 626 540 677 6
587 623 811 696 Κύριος.
846 625 955 678 Καὶ
984 625 1092 696 γὰρ
1127 626 1192 678 ἐκ
1234 625 1330 678 τοῦ
1380 627 1509 680 ναοῦ
1553 645 1708 699 φησι.

49 715 334 787 Γαύτην
371 717 504 788 γὰρ,
539 716 707 784 λέγει,
769 717 973 789 σκηνὴν
1030 717 1186 788 ἔσχον
1238 719 1337 789 τὴν
1378 718 1589 790 σκέπην
1617 721 1711 774 καὶ

49 809 175 879 τὴν
252 809 546 880 βοήθειαν.
583 809 800 881 Ἐπειδὴ
834 812 892 863 ἐν
922 813 989 881 τῇ
1022 809 1116 863 τοῦ
1151 809 1285 864 Θεοῦ
1322 814 1492 882 σκηνῇ
1545 830 1711 884 προσ-

49 898 420 970 ευξάμενος
441 941 456 963 ,
497 900 589 953 καὶ
621 902 719 974 τὴν
749 901 856 956 ἀπὸ
878 901 985 955 τῶν
1018 902 1197 973 ἄρτων
1231 902 1411 956 λαϐὼν
1432 903 1707 972 εὐλογίαν,

49 989 179 1052 τὰς
233 994 452 1062 χεῖρας
483 992 593 1046 τῶν
643 993 1022 1064 πολεμούντων
1053 994 1305 1064 διέφυγεν
1332 1035 1346 1057 ,
1393 997 1553 1050 ὁπότε
1616 1000 1711 1053 καὶ

49 1083 268 1154 Δωὴκ
301 1084 413 1148 τὰς
445 1084 728 1154 βασιλικὰς
766 1086 1022 1156 ἡμιόνους
1061 1087 1242 1157 νέμων
1279 1088 1378 1159 τὴν
1407 1088 1574 1142 αὑτοῦ
1610 1107 1711 1158 φυσ-

49 1176 188 1246 γὴν
228 1177 324 1248 τῷ
355 1178 534 1232 Σαοὺλ
563 1179 958 1249 κατεμήνυσεν.
999 1199 1016 1229 σ
1061 1180 1366 1234 Ἐσκέπασέ
1399 1197 1464 1250 με
1495 1181 1552 1234 ὲν
1575 1181 1710 1236 ἀπο-

49 1266 310 1337 κρύφῳ
364 1269 468 1338 τῆς
520 1270 726 1339 σκηνῆς
771 1269 960 1324 αὑτοῦ.
987 1288 1005 1321 ι
1059 1269 1202 1322 Ἀντὶ
1228 1269 1345 1334 τοῦ,
1379 1271 1453 1334 ὡς
1482 1273 1539 1325 ἐν
1573 1273 1709 1326 ἀπο-

49 1357 332 1429 κρύφῳ.
375 1359 552 1422 Οὕτω,
589 1360 743 1430 φησὶ,
779 1359 950 1414 πολλὰ
979 1361 1314 1432 ζητήσαντες
1341 1361 1469 1432 περὶ
1502 1361 1636 1433 ἐμοῦ
1659 1365 1708 1416 oi.

52 1449 370 1519 πολέμιοι
405 1451 506 1521 οὐχ
549 1443 708 1523 εὗρόν
758 1469 846 1523 με,
891 1450 985 1505 τοῦ
1015 1452 1150 1506 Θεοῦ
1194 1470 1262 1524 με
1319 1453 1705 1518 σκεπάζοντος.

53 1541 201 1592 Καὶ
249 1540 412 1595 οῦτω
438 1543 520 1604 τὸ,
555 1544 837 1616 «Ἕκρυψέ
863 1562 985 1615 με.»

153 1634 292 1686 Καὶ
324 1634 447 1688 νῦν
477 1634 606 1688 ιδοὺ
638 1635 850 1703 ὒψωσε
884 1633 1000 1700 τὴν
1040 1636 1316 1705 κεφαλήν
1339 1654 1460 1706 μου
1489 1637 1582 1690 ἐπ’
1609 1639 1710 1707 ἑχ-

59 1726 299 1791 Οροὺς
320 1742 466 1795 μου·
502 1725 823 1780 ἐκύκλωσα
844 1729 942 1781 καὶ
962 1729 1153 1783 ἔθυσα
1183 1729 1254 1782 ἐν
1283 1728 1358 1798 τῇ
1384 1729 1590 1798 σκηνῇ
1609 1733 1711 1784 αὐ-

59 1813 202 1866 τοῦ
247 1815 487 1867 θυσίαν
515 1815 889 1885 ἀλαλαγμοῦ,
909 1834 963 1870 κ.
987 1834 1038 1871 τ.
1063 1819 1111 1870 ἑ.
1133 1819 1196 1870 Εἰ
1223 1820 1252 1872 6
1276 1819 1562 1881 κυκλώσας
1593 1819 1705 1888 (15)

62 1902 240 1956 Oder
287 1902 455 1956 θυσία
497 1905 555 1958 δέ
589 1907 705 1959 ἐστι
753 1907 968 1978 πνεῦμα
1014 1909 1492 1980 συντετριμμένον·
1525 1910 1554 1960 6
1584 1926 1708 1962 συν-

61 1995 310 2066 τρίψας
353 1996 453 2067 τὴν
505 1997 697 2051 ἑαυτοῦ
747 1999 926 2070 ψυχὴν
978 2000 1162 2072 κύκλῳ
1214 2000 1386 2072 αὐτὴν
1439 2000 1705 2073 πεποίηκε

71 2088 300 2158 σχῆμα
335 2089 540 2157 γωνίας
568 2089 642 2162 μὴ
677 2090 903 2160 ἔχουσαν
939 2092 1330 2162 ὲπιδεχομένην
1358 2091 1584 2164 φθορὰν,
1613 2093 1707 2147 καὶ¹

68 2178 193 2248 τὴν
227 2179 558 2252 ἀφροσύνην
589 2182 759 2254 αὐτὴν
781 2224 795 2247 ,
828 2185 862 2254 ἢ
884 2227 898 2248 ,
942 2185 1076 2254 φησὶ
1105 2184 1377 2256 Σολομὼν,
1414 2205 1432 2236 ι
1463 2188 1583 2248 ταῖς
1605 2202 1707 2254 γω-

75 2271 249 2333 νίαις
292 2273 641 2344 παρεδρεύει·
672 2294 689 2326 ι
739 2276 943 2341 καὶτὸ,
974 2295 992 2326 ι
1019 2277 1292 2330 Κατελθὸν
1334 2277 1391 2330 δὲ
1444 2279 1536 2330 ἐπὶ
1579 2278 1706 2340 τοὺς

72 2358 312 2422 παῖδας
358 2359 477 2413 ’1ὼὸ
519 2361 631 2433 πῦρ
677 2363 787 2418 τῶν
821 2365 1103 2437 τεσσάρων
1151 2366 1330 2438 ἥψατο
1354 2367 1564 2436 γωνιῶν
1607 2369 1703 2422 τοῦ

74 2467 288 2505 οικου.
327 2471 346 2501 ι

155 2545 276 2598 Σοὶ
318 2541 490 2600 εἶπεν
513 2548 550 2615 ἡ
581 2548 792 2617 καρδία
823 2563 962 2617 μου⁶
1005 2547 1370 2619 Ἐξεζήτησα
1405 2550 1471 2604 τὸ
1511 2553 1704 2620 πρόσ-

70 2636 265 2688 ωπόν
285 2637 512 2695 σου.τὸ
527 2641 852 2706 πρόσωπόν
876 2657 1013 2704 σου,
1037 2642 1234 2709 Κύριε,
1253 2641 1504 2710 ζὴτήσω,
1519 2659 1636 2696 κ.τ.
1652 2645 1701 2698 ὲ.

76 2725 276 2780 Ὅταν
321 2726 383 2778 τὸ
422 2727 712 2798 πρόσωπόν
740 2747 886 2793 τινος
921 2731 1029 2800 (16)
1057 2731 1119 2784 τὸ
1147 2731 1438 2802 πρόσωπον
1468 2730 1562 2786 τοῦ
1592 2735 1705 2786 Κυ-

79 2817 214 2889 ρίου
254 2817 518 2888 ζητήσει,
570 2819 691 2873 τότε
724 2821 1264 2893 άνακεκαλυμμὲνως
1283 2823 1382 2893 τὴν
1401 2822 1560 2890 δόξαν
1585 2825 1703 2878 Κυ-

85 2909 218 2980 ρίου
270 2911 724 2981 κατοπτρίζεται,
761 2913 856 2966 καὶ
892 2913 1184 2984 γενόμενος
1235 2913 1556 2982 ἰσάγγελος,
1613 2913 1702 2968 διὰ

50 3057 52 3066 ι
88 2997 314 3061 παντὸς
341 2997 532 3069 ὄψεται
561 2999 622 3052 τὸ
660 3001 949 3074 πρόσωπον
979 3001 1071 3056 τοῦ
1101 3002 1160 3056 ἐν
1181 3001 1431 3073 οὐρανοῖς
1466 3003 1700 3076 Πατρός.

50 3081 52 3158 ί
176 3092 300 3146 Τοῦ
325 3093 533 3146 αὐτοῦ.
568 3096 646 3146 Δι’
679 3089 754 3148 ὧν
791 3094 1043 3164 καθαίρει
1073 3111 1157 3157 τις
1198 3093 1310 3164 (17)
1352 3094 1565 3160 ἑαυτὸν,
1594 3095 1703 3170 δεί-

50 3249 54 3264 Ι
94 3200 271 3236 κνυσι
328 3183 510 3254 ζητῶν
546 3185 608 3237 τὸ
634 3187 924 3257 πρόσωπον
959 3185 1052 3238 τοῦ
1098 3187 1259 3251 Θεοῦ,
1295 3187 1432 3257 ὅπερ
1458 3188 1508 3238 oi.
1538 3187 1703 3256 ἄγγε-

50 3265 53 3278 ’
95 3275 184 3326 λοι
228 3275 326 3327 διὰ
356 3274 556 3336 παντὸς
580 3275 828 3344 λέγονται
857 3277 1092 3346 βλέπειν.

171 3366 316 3419 Ὅτι
350 3367 384 3418 ὁ
414 3366 608 3432 πατήρ
633 3385 752 3436 μου
790 3370 887 3422 καὶ
927 3371 966 3438 ἡ
1005 3371 1204 3440 μήτηρ
1242 3389 1364 3441 μου
1396 3373 1700 3444 ἐγκατέλι-

98 3458 227 3509 πόν
265 3472 376 3523 με,
409 3473 464 3510 κ.
497 3470 552 3509 τ.
601 3458 648 3511 ὲ.
702 3445 988 3530 Μακάριος
1029 3464 1058 3515 6
1099 3464 1548 3535 ἐγκαταλειφθεὶς
1588 3467 1698 3538 (18)

100 3547 216 3601 ὑπὸ
246 3545 344 3600 τοῦ
373 3547 622 3601 διαῦόλου
663 3549 757 3602 καὶ
782 3550 883 3620 τῆς
913 3551 1147 3621 συζύγου
1195 3555 1360 3607 αὑτοῦ
1388 3557 1606 3622 κακίας,
1641 3557 1699 3624 ἐξ

103 3638 176 3712 ἧς
233 3640 408 3696 τίκτει
449 3641 576 3705 τοὺς
626 3643 978 3713 παρανόμους
1040 3645 1226 3698 τούτου
1267 3646 1432 3710 υἱούς.
1488 3648 1699 3720 Ὥσπερ

104 3732 329 3796 Παῦλος
361 3733 448 3786 διὰ
477 3733 572 3786 τοῦ
613 3733 947 3801 Εὑαγγελίου
974 3736 1138 3806 γεννᾷ
1161 3735 1288 3799 τοὺς
1318 3736 1584 3800 Γαλάτας,
1607 3737 1699 3790 οὖ-

107 3843 188 3877 τω
217 3822 314 3876 καὶ
339 3823 423 3878 διὰ
462 3823 561 3896 τῆς
588 3823 789 3888 κακίας
829 3827 858 3878 6
892 3825 1134 3889 διάϐολος
1174 3829 1338 3898 γεννᾷ
1365 3828 1491 3892 τοὺς
1531 3846 1698 3901 πονη-

109 3917 264 3986 ρούς.
305 3914 413 3984 Τῆς
447 3917 752 3986 συμφορᾶς,
778 3915 942 3987 φησὶν
963 3955 978 3975 .
1011 3917 1310 3988 ἐπιστάσης
1351 3936 1441 3988 μοι
1464 3919 1580 3985 νῦν,
1602 3922 1698 3975 καὶ

108 4006 211 4075 τῆς
242 4005 508 4059 τοσούτων
546 4006 825 4078 πολεμίων
870 4009 1087 4077 ἐφόδου,
1137 4011 1258 4064 οὐδὲ
1302 4012 1484 4085 πατὴρ
1515 4015 1580 4068 ἄν
1628 4033 1695 4086 με

109 4094 403 4164 ὠφέλησαν
453 4095 573 4149 οὐδὲ
597 4097 804 4167 μήτηρ,
835 4097 999 4160 αὐτὸς
1021 4097 1077 4150 δὲ
1104 4099 1226 4153 ἀντὶ
1260 4100 1478 4156 πάντων
1509 4101 1697 4176 ὤφθης

116 4205 208 4257 μοι
236 4185 444 4257 βοηθός.

184 4277 601 4344 Νομοθέτησόν
615 4294 712 4347 με,
742 4279 940 4346 Κύριε,
971 4278 1086 4348 τὴν
1105 4280 1254 4336 ὁδόν
1273 4299 1410 4348 σου,
1434 4285 1530 4339 καὶ
1555 4285 1694 4353 ὀδή-

117 4368 311 4437 γησόν
343 4383 418 4435 με
456 4367 528 4421 ἐν
560 4370 734 4437 τρίϐῳ
766 4373 988 4438 εὐθείᾳ,
1041 4390 1096 4428 κ.
1143 4391 1195 4428 τ.
1239 4375 1285 4428 ἐ.
1335 4377 1474 4449 Ὅρα
1510 4377 1602 4430 τὸν
1635 4379 1694 4431 ὲν

1801 535 1919 603 quit
1948 534 2012 599 “,
2044 554 2060 586 ι
2105 535 2284 603 posuit
2327 536 2730 589 tabernaculum
2778 554 2954 592 suum.
2995 559 3012 590 ι
3055 542 3146 595 Sol
3188 554 3369 599 autem

1797 621 2019 689 justitia:
2052 624 2314 678 Dominus
2351 634 2450 678 est.
2491 626 2702 680 Etenim
2745 627 2812 680 de
2840 629 3040 697 templo
3068 631 3216 686 dicit.
3258 634 3372 688 Hoc

1800 716 1944 770 enim
1966 755 1980 778 ,
2008 715 2202 784 inquit,
2236 717 2638 770 tabernaculum
2669 720 2992 787 protectioui
3019 722 3149 776 mihi
3179 735 3232 778 et
3271 741 3371 779 au-

1799 799 1928 863 xilio
1955 809 2074 863 fuit.
2122 811 2255 862 Nam
2286 823 2410 862 cum
2443 819 2650 864 orasset
2680 811 2735 863 in
2779 813 3126 868 tabernaculo
3167 816 3283 881 Dei,
3317 827 3372 871 et

1803 914 1970 968 panes
2011 900 2407 954 benedictionis
2455 902 2768 970 accepisset,
2802 919 2994 956 manus
3024 904 3257 959 hostium
3289 907 3370 959 ef-

1800 989 1955 1060 fugit,
1982 991 2198 1060 quando
2231 992 2376 1062 Doeg
2404 993 2666 1062 regiarum
2695 993 2960 1046 mularum
2988 1005 3172 1064 pastor
3201 997 3370 1065 ipsius

1799 1083 1976 1152 fugam
2005 1084 2150 1136 Sauli
2181 1084 2561 1142 mauil'estavit.
2600 1103 2616 1134 ι
2656 1084 2893 1138 Protexit
2931 1101 3016 1139 me
3053 1088 3106 1139 iu
3136 1088 3370 1142 abscon-

1810 1175 1924 1230 dito
1954 1177 2286 1230 tabernaculi
2311 1177 2416 1231 sui.
2452 1196 2470 1229 »
2512 1177 2653 1233 Loco
2680 1177 2842 1241 illius,
2880 1188 3136 1247 tauquam
3176 1184 3227 1236 in
3262 1184 3387 1236 abs-

1810 1266 2051 1321 condito.
2114 1267 2206 1320 Sic
2228 1304 2246 1332 ,
2290 1267 2483 1335 inquit,
2515 1283 2639 1322 cum
2673 1268 2894 1321 multum
2930 1285 3015 1323 me
3050 1272 3392 1338 quaesiisseut

1811 1356 2037 1420 inimici,
2077 1374 2182 1411 non
2209 1359 2531 1412 invenerunt
2562 1375 2664 1419 me.
2692 1361 2887 1429 quippe
2915 1375 3074 1429 quem
3109 1363 3245 1415 Deus
3269 1380 3393 1431 pro.

1811 1447 2046 1516 tegebat.
2077 1447 2278 1516 Sicque
2313 1447 2690 1516 aecipieudum
2723 1459 2806 1502 est
2843 1449 3010 1504 illud:
3047 1468 3065 1501 ι
3094 1451 3391 1505 Abscondit

1811 1552 1914 1591 me.
1947 1557 1964 1588 ι

1885 1630 2046 1684 Vsus.
2080 1628 2132 1684 6.
2169 1627 2236 1681 Et
2269 1646 2408 1684 nunc
2438 1619 2686 1684 exaltari!
2717 1643 2872 1696 caput
2910 1649 3077 1686 meum
3111 1650 3268 1699 super
3296 1635 3391 1686 ini-

1811 1721 1976 1774 micos
2003 1735 2181 1773 meos:
2208 1722 2424 1773 εἰεί-»εἰνὶ
2453 1731 2499 1773 el
2529 1723 2794 1774 immolavi
2823 1723 3242 1775 iri-tabernaculo
3274 1725 3387 1783 eius

1742 1794 1781 1848 Β
1808 1810 2032 1862 hostium
2064 1809 2482 1876 vociferationis.
2506 1819 2614 1862 etv.
2647 1808 2702 1862 Si
2732 1813 2822 1879 qui
2849 1813 3064 1875 circuit,
3091 1813 3382 1877 sacrilicat,

1809 1901 2140 1955 sacrificium
2171 1914 2350 1955 autem
2407 1912 2488 1953 est
2527 1900 2754 1968 spiritus
2783 1904 3089 1955 contritus:
3124 1904 3212 1970 qui
3249 1919 3384 1955 con--

1809 1995 1936 2048 terit
1966 1995 2204 2047 animam
2235 2007 2411 2052 suam.
2450 1994 2715 2046 circulum
2757 2010 2874 2046 eam
2910 1994 3037 2048 facit
3069 1995 3162 2064 qui
3194 1997 3260 2048 ab
3291 2013 3389 2047 au-

1805 2085 1976 2152 gulari
2029 2085 2198 2155 ﬁgura
2245 2085 2584 2152 corruptibili
2632 2086 2818 2154 procul
2853 2088 3031 2147 abest,
3071 2103 3276 2140 necnon
3316 2092 3384 2141 ab

1807 2178 1921 2246 ipsa
1947 2177 2277 2246 insipientia,
2305 2193 2466 2246 quam
2491 2178 2748 2232 Salomon
2781 2195 2799 2228 ι
2822 2180 2875 2230 in
2906 2179 3118 2245 angulis
3142 2179 3329 2234 sedere
3363 2199 3381 2229 ι

1806 2271 1971 2325 dicit:
2005 2274 2147 2339 quod
2179 2271 2345 2324 etiam
2375 2273 2734 2326 continuatur
2761 2287 2826 2324 ex
2862 2272 2961 2325 hoc
2991 2271 3065 2325 “z
3101 2290 3120 2322 ι
3153 2272 3387 2330 Dercen-

1806 2365 1938 2420 deos
1977 2380 2106 2419 vero
2143 2364 2280 2434 ignis
2311 2380 2476 2436 super
2509 2365 2648 2421 filios
2679 2363 2780 2419 Job
2813 2363 2982 2434 tetigit
3022 2375 3260 2434 quatuor
3285 2382 3384 2419 au-

1802 2456 1960 2528 gulos
1993 2457 2205 2511 domus.
2239 2475 2256 2507 ι

1879 2547 2041 2602 Vsus.
2091 2549 2142 2602 8.
2196 2546 2312 2601 Tibi
2349 2547 2484 2601 dixit
2530 2563 2620 2601 cor
2668 2565 2859 2613 meum,
2881 2549 3151 2618 Ezquisivi
3196 2547 3384 2618 {aciem

1802 2651 1968 2705 tuam,
1995 2639 2157 2711 635
2180 2640 2368 2707 faciem
2401 2651 2569 2704 luam,
2627 2639 2873 2707 Domine,
2912 2642 3176 2709 requiram
3209 2680 3223 2702 ,
3271 2652 3381 2694 etc.

1803 2729 2034 2797 Quando
2063 2731 2228 2784 facies
2253 2730 2482 2799 alicujus
2505 2729 2697 2784 faciem
2735 2729 2947 2784 Domini
2982 2732 3228 2799 requirit,
3258 2742 3383 2785 tunc

1801 2820 1920 2873 sine
1959 2818 2080 2873 velo
2111 2819 2336 2889 gloriam
2375 2819 2584 2873 Domini
2623 2820 2886 2884 intuetur,
2925 2830 2981 2874 et
3014 2821 3240 2890 mqualis
3283 2838 3381 2874 an-

1801 2912 1940 2980 gelis
1971 2910 2194 2967 rﬂ'ertus
2223 2953 2239 2980 ,
2288 2927 2504 2982 semper
2538 2913 2683 2967 videt
2730 2911 2926 2968 faciem
2969 2913 3144 2970 Patris
3177 2916 3268 2985 qui
3327 2917 3383 2970 iu

1800 3004 1956 3058 malls
1986 3013 2089 3059 est.

1875 3092 2152 3163 Ejusdem.
2189 3092 2290 3148 Per
2318 3109 2438 3162 qua:
2493 3095 2728 3161 seipsum
2761 3094 3030 3164 quispiam
3073 3105 3375 3162 expurgat,

1757 3181 1772 3200 '
1804 3188 2037 3242 05teudit
2067 3202 2126 3240 se
2155 3200 2399 3254 quaerere
2429 3183 2524 3239 Dei
2582 3184 2771 3241 faciem
2800 3226 2816 3252 ,
2847 3202 3011 3256 quam
3047 3203 3262 3256 semper
3297 3191 3380 3242 in-

1805 3279 1941 3331 tueri
1971 3276 2145 3344 angeli
2185 3277 2460 3329 dicuntur.

1880 3368 2043 3422 Vens.
2087 3367 2175 3421 10.
2213 3366 2480 3432 Quoniam
2513 3377 2663 3433 pater
2689 3383 2833 3422 metu
2865 3379 2912 3421 et
2945 3380 3116 3424 mater
3150 3389 3263 3426 mea
3295 3374 3381 3426 de-

1801 3461 2122 3530 reliqueruut
2159 3475 2236 3512 me
2258 3498 2273 3523 ,
2311 3469 2420 3514 etc.
2454 3457 2650 3511 Beatus
2678 3459 2878 3529 estqui
2910 3475 2938 3512 a
2972 3461 3188 3516 diabolo
3224 3464 3378 3516 dere-

1800 3553 2065 3621 linquitur
2103 3562 2156 3607 et
2189 3550 2417 3617 conjuge
2450 3549 2567 3618 ejus
2604 3549 2836 3614 malitia,
2869 3567 2933 3606 cx
2969 3567 3071 3622 qlia
3102 3553 3243 3608 ﬁlius
3275 3557 3381 3610 ini-

1799 3643 2026 3714 quitatis
2057 3643 2220 3710 parit.
2253 3643 2717 3708 Quemadmodum
2747 3640 2950 3696 Paulus
2996 3659 3092 3713 per
3135 3646 3379 3717 Evange-

1799 3736 1926 3790 liutn
1957 3733 2179 3789 Galatas
2213 3734 2421 3803 genuit,
2464 3734 2545 3787 sic
2585 3747 2681 3802 per
2716 3734 2975 3789 malitiam
3011 3737 3252 3792 diabolus
3287 3755 3379 3807 ge-

1800 3836 1954 3882 nerat
1981 3825 2172 3880 malos.
2204 3827 2261 3880 In
2295 3829 2427 3892 bac,
2466 3826 2674 3894 inquit,
2705 3825 2992 3895 ing-ruente
3028 3829 3079 3882 in
3115 3845 3198 3883 me
3230 3831 3378 3884 cala-

1801 3919 2022 3982 mitate,
2053 3925 2108 3970 et
2151 3917 2734 3986 impetu—inimicorum
2755 3955 2772 3981 ,
2817 3934 2991 3988 neque
3023 3929 3177 3988 pater
3205 3936 3378 3989 neque

1799 4019 1972 4063 mater
2015 4008 2147 4062 mihi
2178 4019 2372 4077 praesto
2422 4009 2651 4064 fuissent
2677 4047 2693 4074 ,
2744 4011 2837 4064 sed
2887 4021 2939 4065 tu
2979 4010 3096 4066 loco
3129 4013 3372 4067 οιιιιιίιιιη

1799 4102 1930 4157 mibi
1960 4101 2254 4156 auxiliator
2283 4101 2452 4156 fuisti.

1867 4279 2030 4335 τελε.
2070 4280 2156 4334 11.
2202 4279 2383 4352 Legem
2413 4297 2544 4350 pone
2580 4280 2728 4344 mihi,
2761 4278 3007 4342 Domine,
3048 4297 3102 4334 ιη
3136 4259 3226 4334 υἷα
3256 4294 3372 4345 tua,

1793 4382 1841 4427 et
1876 4373 2043 4442 dirige
2074 4390 2155 4426 me
2192 4375 2246 4427 in
2277 4384 2516 4427 semitam
2555 4389 2774 4436 rectam,
2808 4382 2915 4426 etc.
2953 4373 3087 4427 Vide
3125 4388 3245 4427 eum
3278 4375 3371 4442 qui

117 4458 196 4527 τῷ
223 4458 369 4528 νόμῳ
401 4457 511 4528 (19)
540 4460 816 4525 Μωῡσέως
855 4465 948 4517 καὶ
974 4467 1282 4537 γράμματι,
1317 4468 1392 4532 ὡς
1425 4470 1525 4523 οὐκ
1562 4471 1692 4525 ὄντα

1820 4481 1851 4518 u
1890 4465 2007 4534 lege
2034 4463 2232 4535 Moysis
2264 4475 2320 4518 et
2351 4465 2403 4518 in
2439 4464 2621 4518 littera
2650 4473 2754 4528 est,
2785 4478 2850 4517 ac
2877 4463 2924 4516 si
2959 4479 3064 4516 ltnlt
3098 4465 3167 4518 sit
3200 4466 3251 4517 in
3285 4468 3370 4519 via

123 4550 178 4600 ὲν
210 4545 312 4616 ὀδῷ
337 4547 558 4618 Κυρίου,
581 4551 1004 4626 νομοθετηθῆναι
1053 4557 1345 4630 εὐχόμενον
1369 4563 1436 4632 τῇ
1465 4561 1569 4634 ὁδῷ
1595 4563 1688 4617 τοῦ

123 4639 346 4693 Κυρίου.

205 4671 206 4680 η
249 4655 346 4693 ιου.

205 4655 495 4796 ’ἒνδρίζου
514 4770 530 4795 ,
581 4733 682 4786 καὶ
728 4739 1137 4803 κραταιούσθω
1178 4743 1216 4810 ἡ
1257 4744 1471 4812 καρδία
1522 4760 1641 4800 σου
1667 4794 1684 4818 ,

125 4836 179 4874 κ.
204 4837 252 4873 τ.
285 4819 329 4872 ὲ.
355 4819 626 4892 ’Δνδρίζου
659 4823 794 4895 (‘20),
832 4826 1108 4881 τουτέστιν
1146 4831 1396 4901 ἀνδρείαν
1429 4834 1686 4898 ἁνάλαὸε,

130 4912 204 4984 μὴ
245 4913 358 4964 κατ’
401 4913 550 4982 ἰσχὺν
599 4913 870 4986 σώματος,
925 4916 1060 4971 ἀλλά
1103 4923 1540 4994 κραταιουμένης
1591 4926 1690 4996 τῆς

129 5001 344 5075 καρδίας
382 5021 495 5057 σου·
531 5003 673 5060 οὕτω
699 5006 806 5078 γὰρ
835 5009 1125 5080 ὑπομεῖναι
1162 5011 1254 5064 τὸν
1284 5013 1490 5084 Κύριον
1529 5015 1690 5086 δυνη-

203 5112 288 5150 ση.

132 5096 306 5237 θήξῦ
330 5183 531 5237 αὑτοῦ.
571 5183 810 5257 Ἀνδρεία
836 5185 1034 5257 καρδία
1070 5187 1182 5259 (2|)
1215 5191 1311 5244 καὶ
1347 5191 1492 5263 ψυχή
1535 5195 1683 5248 ἐστιν

199 5278 244 5312 ⁸⁸
279 5277 410 5333 Psal.
442 5295 595 5347 mu,
627 5282 682 5336 6.
756 5283 802 5315 “
828 5281 953 5340 Job.
986 5298 1027 5347 I,
1056 5282 1145 5338 19.

139 5395 305 5521 mgni)
340 5398 403 5451 Εἰ
433 5398 466 5450 ό
499 5397 839 5466 κυκλώσας,
870 5409 976 5457 etc.
1027 5401 1256 5457 Scbeda:
1302 5402 1510 5472 Grabii,
1543 5405 1678 5461 Bar-

148 5537 304 5660 rﬂii)
339 5534 509 5593 Ὅταν
562 5539 628 5593 τὸ
685 5539 1008 5608 πρόσωπόν
1058 5555 1254 5609 τινος,
1314 5555 1419 5599 etc.
1469 5543 1678 5603 Corde-

177 5623 206 5660 ιι
252 5645 264 5658 .

205 5675 305 5749 (ll)
339 5677 411 5730 Δι⁹
554 5679 817 5749 καθαίρει
847 5697 956 5748 τις,
987 5692 1095 5738 etc.
1135 5681 1362 5738 Scbeda:
1393 5682 1604 5741 Grabii.

208 5741 306 5817 (18)
341 5748 630 5820 Μακάριος
671 5741 1269 5823 όᾋγκαὲάλειφθείς,
1311 5763 1418 5812 etc.
1467 5754 1680 5814 Eaedem

1798 4557 2038 4622 Domini,
2063 4571 2225 4612 orare
2259 4565 2317 4610 ut
2348 4555 2432 4610 lex
2465 4555 2566 4610 sibi
2599 4565 2837 4627 ponatur
2867 4557 2920 4611 in
2952 4557 3034 4612 via
3066 4559 3299 4615 Utllltitti.

1875 4737 2032 4792 Vsus.
2073 4735 2160 4790 M.
2204 4733 2441 4790 Viriliter
2477 4751 2602 4806 age,
2625 4746 2672 4790 et
2722 4737 3047 4806 conferretur
3080 4752 3173 4790 car
3197 4745 3366 4798 tuum,

1797 4840 1906 4886 etc.
1942 4828 2185 4883 Viriliter
2213 4843 2334 4896 age,
2375 4827 2426 4881 id
2455 4837 2560 4894 est,
2595 4827 2803 4882 virilem
2834 4828 3075 4880 auiunun
3108 4841 3326 4879 assume
3346 4863 3366 4892 ,

1801 4937 1906 4976 non
1933 4922 2228 4976 secundum
2269 4920 2433 4972 robur
2462 4920 2728 4988 corporis,
2764 4920 2858 4972 sed
2893 4919 3194 4972 secundum
3227 4918 3370 4972 vires

1797 5012 1980 5067 cordis
2011 5013 2087 5066 tui
2112 5031 2126 5066 :
2157 5012 2242 5065 sic
2273 5009 2419 5064 enim
2457 5009 2740 5062 Domiuttm
2771 5009 2974 5078 poteris
3004 5011 3292 5064 sustinere.

1865 5190 2142 5263 Ejusdem.
2175 5191 2285 5247 Cor
2323 5187 2479 5244 virile
2516 5188 2681 5245 etiam
2709 5188 2888 5262 anima
2919 5199 3002 5245 est
3039 5204 3159 5259 quze
3193 5190 3366 5260 impu-

1783 5405 1998 5464 schedae
2023 5416 2085 5455 ac
2115 5399 2407 5454 Barbarus.

1855 5473 1968 5544 (191
1995 5472 2168 5544 _"0pa_
2181 5469 2288 5544 tor
2317 5467 2387 5519 ἐν
2419 5466 2498 5534 τῷ
2529 5466 2713 5535 νόμῳ,
2739 5475 2846 5522 etc.
2893 5465 3120 5525 Scitedte
3149 5467 3363 5536 Grabii,

1784 5539 2102 5602 Coi-(terius,
2135 5539 2426 5591 Barbarus.

1873 5613 1967 5674 20)
2018 5605 2331 5674 Ἀνδρίζου,
2363 5615 2469 5661 etc.
2501 5606 2813 5662 Corderius.

1878 5614 1945 5667 20
2018 5613 2331 5674 Ἄνδρὶζου,
2363 5615 2469 5661 etc.
2501 5613 2813 5662 Corderius.

1878 5613 1977 5810 ili
2025 5678 2280 5760 Ἀνδρεία
2310 5675 2546 5744 καρδία,
2577 5690 2686 5734 etc.
2725 5677 2954 5736 Schedze
2999 5677 3219 5750 Grabii,
3265 5692 3362 5736 co-

1878 5771 1889 5809 ι
1960 5751 2321 5810 ‘oislimanus,
2361 5747 2652 5805 Barbarus.

1785 5747 1889 5813 dei
1936 5747 2321 5814 Coislinianus,
2361 5747 2652 5805 Barbarus.
