3942 6216
135 276 313 350 iis!»

1122 290 1428 347 SELECTA
1470 290 1533 344 IN
1578 288 1911 345 μειωιυε.
1950 318 2015 327 ——
2050 286 2248 343 PSAL.
2290 282 2526 341 XXVIII.

3310 286 3440 341 I390

136 414 411 485 ἐποίησε
504 415 671 468 ταῦτα
714 414 918 480 tedam;
951 432 968 465 ι
1006 390 1074 467 "I-I
1098 414 1238 483 τάχα
1268 412 1403 484 ἔργα
1433 412 1533 482 μὲν
1559 412 1751 483 Κυρίοι.

1877 428 1894 461 ι
1934 408 2143 476 Nonne,
2176 408 2350 478 inquit
2378 408 2450 471 ",
2479 419 2672 460 manus
2706 419 2827 460 mea
2862 403 2984 460 fecit
3021 404 3135 460 hrec
3154 406 3336 459 omnia
3365 410 3386 457 3'
3422 424 3440 456 ι

131 504 209 557 αἱ
240 504 477 576 ἀρεταὶ,
509 503 643 575 ἔργα
674 504 730 557 δὲ
754 504 949 574 χειρῶν
971 501 1136 557 αὑτοῦ
1158 504 1206 555 οί
1240 501 1386 571 λόγοι
1414 500 1522 555 τῶν
1549 499 1769 569 γεγονό-

130 614 295 649 των.
312 615 335 646 ε
347 595 617 658 Καθελεῖς
633 597 825 659 αὐτοὺς
842 596 935 650 καὶ
950 595 1010 648 οὐ
1034 593 1109 666 μὴ
1123 593 1375 665 οίκοδομή
1383 610 1495 658 σεις
1513 592 1728 656 αὐτούς.
1745 611 1762 643 ι

136 686 419 745 Καθελεῖ
466 686 669 757 Κύριος
724 685 823 749 τὰς
874 684 1016 752 ἕξεις
1075 683 1174 747 τάς
1232 683 1506 753 πονηρὰς,
1557 683 1651 736 καὶ
1703 682 1763 734 οὐ

144 774 238 845 μὴ
286 773 376 826 ἔτι
428 764 771 845 συγχωρήσει
834 776 945 838 τοῖς
1000 772 1371 843 οἰκοδομοῦσιν
1416 772 1767 843 οἰκοδομῆσαι

141 865 370 929 αὑτάς.
832 920 930 944 ιν

230 960 359 1013 Καὶ
403 959 699 1013 ἀνέθαλεν
726 960 763 1027 ἡ
793 952 951 1026 σάρξ
974 976 1117 1027 μου,
1152 975 1207 1011 κ.
1247 976 1298 1013 τ.
1336 960 1381 1011 ὲ.
1429 956 1617 1029 Σάρκα
1669 956 1766 1026 μὲν

143 1051 437 1121 ὠνόμασε
467 1050 581 1121 (30)
597 1051 696 1122 τὴν
715 1050 891 1120 ψυχὴν
914 1050 1000 1103 διὰ
1029 1049 1089 1102 τὸ
1119 1048 1478 1119 κεκολλῆσθαι
1504 1048 1671 1119 αὐτὴν
1697 1051 1763 1120 τῇ

150 1141 368 1210 σαρκὶ,
407 1140 548 1193 κατὰ
591 1139 672 1203 τὸ,
718 1158 737 1190 ι
776 1138 1004 1208 Ὄψεται
1047 1140 1196 1192 πᾶσα
1233 1137 1367 1210 σὰρξ
1408 1138 1469 1191 τὸ
1501 1138 1766 1209 σωτήριον

147 1228 262 1281 τοῦ
320 1229 463 1281 Θεοῦ
495 1228 674 1299 ἡμῶν.
715 1247 731 1278 ι
769 1228 840 1281 Ἦ
880 1228 1019 1298 τάχα
1052 1228 1087 1299 η
1120 1226 1353 1297 αἰσθητὴ
1402 1226 1584 1281 θάλλει
1632 1226 1768 1296 σὰρξ

150 1319 496 1390 ἀποθεμένη
524 1317 591 1371 τὰ
610 1317 776 1388 πάθη.

231 1407 460 1462 Σῶσον
489 1407 595 1461 τὸν
643 1409 803 1461 λαόν
826 1422 964 1469 σου,
990 1404 1087 1458 καί
1118 1406 1461 1473 εὑΜγησον
1483 1404 1597 1471 τὴν
1625 1407 1769 1472 κλη-

143 1500 466 1569 ρονομίαν
493 1514 631 1562 σου,
671 1498 767 1552 καί
802 1498 1097 1566 ποίμανον
1115 1494 1359 1560 αὐτοὺς,
1392 1495 1491 1548 καί
1540 1495 1767 1563 ἔπορον

144 1582 406 1650 ταύτοὺς
459 1586 570 1652 ἕως
598 1584 707 1639 τοῦ
734 1583 971 1651 αἰῶνος,
1004 1602 1057 1637 κ.
1093 1602 1139 1637 τ.
1172 1585 1222 1636 ἑ.
1250 1583 1631 1655 κληρονομίαν
1650 1582 1763 1653 (51)

153 1676 264 1729 νῦν
304 1676 458 1744 λέγει
502 1678 602 1749 τὴν
646 1676 1084 1750 κληρονομοῦσαν
1122 1676 1284 1730 αὐτὸν
1315 1674 1474 1745 φύσιν
1514 1675 1761 1746 λογικήν.

1875 498 1967 553 Vel
1999 497 2142 554 forte
2173 512 2337 568 opera
2369 494 2579 551 Domini
2610 504 2739 549 sunt
2773 496 2995 549 virtutes
3016 536 3032 561 ,
3062 510 3226 564 opera
3257 504 3442 549 autem

1873 604 2128 644 manuum
2154 589 2290 655 ejus,
2322 594 2446 641 sunt
2478 599 2656 639 rerum
2684 584 2952 639 factarum
2987 587 3249 642 rationes.
3293 606 3311 637 ‹
3346 587 3443 640 De-

1871 691 2052 735 strucs
2078 679 2199 733 illos
2222 689 2276 732 et
2308 695 2413 733 non
2446 679 2740 735 mdiﬁcahis
2764 694 2880 734 eos.
2933 698 2950 729 ι
2980 678 3219 732 Destruit
3259 678 3443 732 Domi-

1874 788 1975 827 nus
2023 773 2193 827 malos
2242 771 2478 837 habitus,
2514 787 2615 827 nec
2652 770 2923 841 permittit
2953 769 3346 824 aediﬁcantibus
3387 778 3446 825 ut

1872 864 2020 933 ipsos
2047 865 2373 918 instanrent.

1944 954 2104 1009 Vens.
2141 955 2192 1009 7.
2220 954 2285 1008 Et
2311 955 2548 1024 reﬂoruit
2582 969 2706 1007 caro
2748 969 2882 1017 meo,
2913 961 3020 1007 etc.
3064 951 3295 1007 Carnem
3344 965 3446 1005 vo-

1870 1047 2012 1100 cavit
2042 1047 2301 1113 animam,
2333 1047 2476 1116 quod
2501 1046 2652 1100 carui
2680 1044 2978 1105 adhaereat,
3006 1043 3158 1112 juxta
3184 1043 3311 1096 illud
3337 1042 3383 1074 '°
3426 1058 3444 1097 :

1876 1158 1894 1190 ι
1932 1137 2145 1193 Videbit
2168 1139 2345 1193 omnis
2370 1154 2502 1192 caro
2524 1137 2765 1192 salutare
2794 1136 2883 1190 Dei
2907 1136 3095 1190 nostri.
3129 1154 3146 1186 ι
3182 1134 3276 1189 Vel
3307 1135 3449 1190 forte

1870 1229 2087 1284 sensilis
2125 1243 2253 1283 caro
2286 1228 2604 1295 reﬂorescit,
2636 1244 2758 1282 eum
2803 1226 3029 1280 allectus
3066 1225 3335 1295 deposuit.
3528 1214 3531 1217 ’

1938 1404 2105 1477 639
2139 1411 2293 1467 Vens.
2323 1404 2374 1460 9.
2412 1403 2631 1460 Salvum
2657 1404 2742 1472 [uc
2769 1400 3021 1470 pupulum
3053 1409 3224 1462 tuum,
3254 1408 3303 1450 et
3353 1398 3445 1483 bc-

1871 1496 2023 1549 nedtc
2052 1495 2355 1549 Iurreditati
2395 1504 2519 1557 tum,
2558 1506 2604 1548 et
2648 1509 2762 1562 rege
2818 1508 2929 1554 eos,
2963 1499 3011 1545 et
3066 1489 3257 1543 extalle
3322 1486 3446 1539 illos

1870 1601 2029 1656 usque
2050 1584 2104 1639 in
2128 1600 2401 1646 (eternum,
2433 1594 2542 1639 etc.
2570 1582 2953 1636 Hmreditatem
2997 1588 3155 1635 vocat
3205 1577 3445 1631 rationa-

1870 1674 2032 1730 bilem
2059 1684 2305 1729 naturam
2334 1689 2453 1743 quas
2484 1675 2656 1743 ipsius
2684 1673 2855 1727 Intres
2886 1671 3024 1724 facta
3056 1679 3162 1726 est.

244 1767 367 1823 Τοῦ
395 1745 604 1822 αὑτοῦ.
636 1745 807 1832 Αὐτδς
829 1771 858 1822 6
881 1745 1129 1839 *Χριστὸς
1173 1767 1284 1838 (3‘2)
1326 1768 1476 1837 ἡμᾶς
1509 1745 1751 1837 ποιμανεῖ

1943 1764 2219 1835 Ejusdem.
2260 1764 2375 1834 Ipse
2413 1765 2661 1820 Christus
2705 1764 2880 1834 pascit
2914 1778 3013 1817 nos
3042 1762 3135 1831 qui
3172 1760 3225 1815 in
3266 1759 3440 1829 ipsum

150 1853 299 1923 τοὺς
351 1860 433 1923 είς
477 1860 640 1914 αὑτὸν
684 1859 1136 1923 πεπιστευκότας,
1182 1857 1405 1928 πέμψας
1434 1857 1549 1910 ἀντ’
1594 1855 1758 1911 αὑτοῦ

156 1953 264 2005 καὶ
299 1952 380 2015 ὡς
408 1951 571 2005 αὑτὸν
596 1950 687 2005 τὸν
716 1950 1092 2022 Παράκλητον,
1118 1951 1147 2003 ὅ
1181 1951 1295 2003 ἐστι
1323 1949 1384 2002 τὸ
1414 1949 1639 2018 Πνεῦμα
1662 1949 1763 2020 τῆς

156 2041 454 2112 ἀληθείας.
474 2042 585 2095 Kal.
617 2042 722 2113 μὴν
745 2042 837 2095 καὶ
863 2042 1078 2113 ἐπαίρει
1104 2038 1214 2095 άπὸ
1236 2039 1344 2093 τῶν
1362 2041 1584 2111 γηΐνων,
1606 2058 1763 2094 τουτ-

1866 1858 2217 1921 credidimus,
2255 1858 2471 1911 mittens
2502 1873 2599 1927 pro
2629 1872 2686 1912 se
2715 1865 2771 1911 et
2805 1865 3060 1925 tauquam
3099 1868 3160 1908 se
3188 1852 3443 1908 Paracle-

1873 1960 2008 2017 tum,
2038 1948 2300 2020 Spiritum
2326 1951 2590 2005 veritatis.
2610 1948 2748 2016 Quin
2778 1959 2831 2002 et
2853 1948 3060 2003 extollit
3087 1960 3183 2001 nos
3207 1962 3236 2000 a
3271 1956 3445 2000 terre-

1872 2042 1976 2105 nis,
2003 2042 2050 2095 id
2080 2051 2165 2096 est
2191 2042 2451 2096 sublimes
2479 2041 2605 2097 facit
2632 2042 2686 2096 in
2710 2039 2891 2095 futura
2916 2050 2969 2094 et
2991 2037 3200 2093 inﬁnita
3219 2036 3439 2092 sarcula.

160 2134 323 2188 ἐστιν
385 2135 621 2203 ὑψηλοὺς
668 2133 957 2203 ἀποφαίνει
988 2134 1070 2198 είς
1120 2133 1245 2195 τοὺς
1287 2132 1585 2201 μέλλοντας
1625 2134 1719 2186 καὶ
1759 2134 2146 2204 άτελευτήτους
2186 2132 2407 2196 αἰῶνας.

740 2326 1032 2383 ΨᾹΛΜΟΣ
1051 2329 1185 2383 KII'.

243 2445 555 2515 Ἐνέγκατε
587 2441 668 2509 τῷ
706 2444 919 2511 Κυρίῳ,
942 2443 1057 2496 υἱοί
1082 2440 1253 2504 Θεοῦ,
1288 2461 1340 2497 κ.
1374 2461 1423 2497 τ.
1546 2441 1757 2511 Παῦλος

153 2512 190 2592 δ
228 2512 395 2605 ἆγιος⁷
421 2535 532 2603 (55)
582 2534 694 2605 υἱὸς
727 2531 864 2586 Θεοῦ
896 2532 1088 2600 γέγονε
1133 2531 1223 2586 διὰ
1262 2532 1357 2585 τοῦ
1395 2533 1750 2602 Εὑαγγελίου.
1779 2530 1793 2543 ’

172 2623 407 2696 Ἕγέννα
446 2620 503 2679 δὲ
552 2622 644 2679 καὶ
689 2625 852 2731 αὐτὸς
912 2625 1060 2688 υἱοὺς
1108 2624 1201 2678 καὶ
1236 2618 1476 2695 προσῆγε
1503 2624 1583 2697 τῷ
1611 2626 1749 2699 Θεῷ,
1787 2670 1831 2731 c

160 2714 337 2781 Υἰοὺς
390 2717 546 2771 καλεῖ
578 2718 705 2778 τοὺς
755 2705 955 2784 πολλῆς
1003 2714 1266 2785 τυχόντας
1306 2713 1456 2784 παρὰ
1494 2714 1590 2771 τοῦ
1623 2715 1758 2770 Θεοῦ

158 2810 527 2881 κηδεμονίας,
579 2810 675 2863 καὶ
724 2804 997 2871 σωθέντας
1044 2805 1384 2877 παραδόξως,
1435 2802 1512 2864 ὧν
1551 2812 1579 2864 6
1627 2807 1757 2872 Θεὸς

161 2896 426 2971 ἐφείσατο
446 2900 618 2964 οὕτως
648 2898 723 2963 ὡς
757 2898 911 2955 υἱῶν.

246 2994 556 3065 Ἐνέγκατε
594 2992 674 3058 τῷ
725 2994 921 3061 Κυρίῳ
974 2992 1144 3059 υἱοὺς
1182 2991 1382 3060 κριῶν,
1416 3003 1472 3046 κ.
1508 3009 1560 3045 τ.
1607 2991 1653 3045 ὲ.
1695 2993 1755 3046 ’0

167 3087 418 3154 συνάγων
452 3085 565 3154 (54)
598 3083 667 3138 τά
696 3083 1158 3155 διεσκορπισμένα
1194 3082 1444 3154 πρόϐατα
1491 3080 1752 3153 Χριστοῦ,

168 3179 264 3233 καὶ
308 3177 651 3248 ὲπιστρέφων
682 3174 750 3227 τὰ
791 3166 1201 3244 πεπλανημένα,
1236 3174 1329 3225 καὶ
1375 3173 1645 3243 εὑρίσκων
1686 3171 1755 3224 τὰ

166 3266 503 3329 ἀπολωλότα,
533 3260 688 3329 οὗτος
723 3264 877 3334 φέρει
911 3262 989 3332 τῷ
1021 3261 1210 3333 Κυρίῳ
1242 3262 1389 3323 υἱοὺς
1437 3260 1625 3327 κριῶψ
1658 3260 1752 3313 καὶ

168 3346 201 3408 ὃ
232 3356 396 3409 ποιῶν
421 3357 568 3418 ὅπως
606 3355 789 3408 ἴδωσιν
818 3355 867 3406 oi
907 3353 1182 3424 ἄνθρωποι
1212 3351 1279 3405 τά
1312 3350 1449 3404 καλὰ
1481 3351 1618 3421 ἔργα
1650 3351 1752 3403 αὐ-

166 3446 287 3510 τοῦ,
314 3447 404 3500 κα)⁵
427 3446 690 3511 δοξάσωσι
721 3446 811 3497 τὸν
853 3447 910 3497 ὲν
951 3446 1199 3516 οὐρανοῖς
1222 3443 1463 3514 Πατέρα.
1496 3441 1654 3512 Φέρει
1694 3441 1751 3495 δὲ

168 3537 249 3607 τῷ
271 3537 456 3608 Κυρίῳ
487 3534 642 3600 δόξαν
677 3536 768 3589 καὶ
800 3537 828 3587 6
855 3536 913 3588 ὲν
946 3534 1086 3603 λόγῳ
1123 3533 1312 3602 σοφίας
1332 3530 1615 3601 Θεολογῶν.
1652 3532 1750 3584 Τι-

173 3629 282 3701 μην
324 3630 378 3682 δὲ
421 3629 574 3701 φέρει
622 3627 814 3698 Κυρίῳ
840 3628 867 3679 6
904 3627 977 3697 μὴ
1019 3627 1083 3680 ὲκ
1115 3625 1288 3696 λύπης
1320 3624 1353 3695 ἢ
1408 3622 1468 3688 ἐξ
1503 3623 1750 3696 ἀνάγκης

170 3718 333 3775 ἐλεῶν
362 3720 592 3790 πτωχὸν,
633 3719 727 3772 καὶ
779 3720 837 3771 ἐν
894 3716 1066 3788 τούτῳ
1106 3715 1336 3780 δανείζει
1364 3715 1502 3786 Θεῷ.
1536 3715 1609 3768 Τδ
1638 3715 1748 3787 γάρ

178 3827 198 3887 ι
238 3814 398 3885 τιμᾷν
432 3832 455 3887 ι
476 3810 619 3874 ἰδίως
640 3812 733 3865 καὶ
751 3809 842 3863 ἐπὶ
861 3809 1063 3885 τούτων
1078 3811 1134 3862 ὲν
1157 3812 1222 3880 τῇ
1255 3810 1443 3881 Γραφῇ
1463 3809 1744 3875 τέτακται,

2362 2329 2678 2385 PSALMUS
2717 2329 2953 2384 XXVlII.

1937 2443 2178 2501 VnaJ.
2236 2445 2435 2515 Α’πετιι
2474 2444 2719 2509 Domino,
2771 2446 2872 2514 ﬁlii
2924 2444 3039 2510 Dei,
3089 2455 3197 2500 etc.
3239 2445 3439 2501 Paulus

1864 2532 2087 2592 sanctus
2110 2537 2252 2591 Illius
2280 2536 2375 2592 Dei
2412 2552 2507 2605 per
2542 2536 2891 2605 Evangelium
2914 2536 3091 2591 factus
3119 2547 3221 2592 est.
3239 2536 3439 2593 Geuuit

1862 2638 2041 2682 autem
2083 2637 2137 2682 et
2166 2627 2281 2696 ipse
2332 2626 2468 2681 filios
2496 2637 2549 2680 et
2576 2628 2755 2681 attulit
2814 2627 2943 2682 Deo.
2984 2626 3148 2682 Filios
3178 2636 3336 2682 vocat
3367 2626 3438 2683 de

1862 2721 2059 2790 quibus
2083 2721 2271 2790 ingens
2297 2736 2429 2776 cura
2458 2731 2540 2776 est
2571 2723 2699 2788 Deo,
2733 2723 2825 2793 qui
2848 2724 3168 2779 mirabiliter
3202 2724 3436 2781 salutem

1862 2821 1988 2868 sunt
2008 2813 2210 2883 adepti,
2238 2822 2294 2869 et
2319 2813 2524 2883 quibus
2567 2815 2709 2872 Deus
2764 2825 3019 2888 tanquam
3074 2817 3199 2872 ﬁliis
3242 2833 3437 2889 peper-

1861 2905 1954 2959 cit.

1933 2988 2134 3066 Aﬁ'erle
2158 2987 2385 3053 Domino
2430 3000 2568 3069 ﬁlios
2599 2998 2847 3064 arietum,
2908 3009 3013 3057 etc.
3077 3000 3179 3069 Qui
3225 3003 3433 3075 colligit

1861 3078 2134 3157 dispersas
2160 3089 2363 3144 Christi
2392 3105 2555 3154 oves,
2592 3098 2645 3145 et
2683 3096 2935 3145 errantes
2977 3091 3206 3158 reducit,
3254 3095 3433 3163 perdi-

1861 3186 2053 3247 tasque
2088 3178 2313 3249 reperit,
2368 3182 2414 3234 is
2474 3178 2626 3233 all‘ert
2691 3180 2917 3235 Domino
2949 3180 3087 3236 filios
3141 3184 3429 3239 arietum:

1856 3270 1997 3338 quod
2021 3269 2153 3323 item
2187 3271 2316 3325 facit
2349 3272 2440 3339 qui
2471 3272 2545 3325 ita
2595 3271 2761 3324 vitam
2814 3271 3068 3335 instituit,
3099 3283 3158 3327 ut
3203 3274 3428 3329 videant

1860 3358 2109 3413 homines
2162 3374 2326 3428 opera
2382 3361 2497 3429 ejus
2537 3359 2701 3425 bona,
2738 3366 2792 3417 et
2847 3362 3151 3432 gloriliccut
3204 3364 3425 3419 Patrem

1853 3448 1944 3517 qui
1987 3448 2039 3501 in
2078 3449 2235 3502 c'odis
2262 3460 2367 3506 est.
2390 3445 2555 3502 Aﬂ‘ert
2579 3449 2742 3503 etiam
2789 3450 2895 3504 Deo
2945 3450 3169 3522 gloriam
3214 3454 3305 3522 qui
3358 3456 3429 3510 «te

1855 3540 1965 3594 Deo
2002 3540 2280 3608 sapienter
2319 3540 2558 3608 loquitur
2605 3550 2660 3595 et
2714 3541 2896 3595 sentit.
2961 3540 3235 3598 Honorem
3296 3560 3426 3599 vero

1856 3629 2081 3684 Domino
2113 3624 2286 3690 δῦθι-ι,
2313 3629 2402 3699 qui
2433 3634 2541 3684 nun
2578 3643 2644 3684 ex
2681 3629 2900 3684 tristitia
2944 3630 3026 3684 vel
3065 3646 3128 3685 ex
3184 3633 3422 3688 necessi-

1854 3731 1964 3777 tate
1989 3724 2206 3790 pauperi
2231 3721 2322 3774 dat
2354 3722 2776 3791 eleemosynam,
2805 3731 2861 3777 et
2893 3722 2947 3777 in
2973 3723 3087 3791 ipso
3117 3716 3424 3779 faeneratur

1850 3805 1982 3867 Deo.
2016 3828 2035 3863 ι
2064 3802 2352 3866 IIonOrare
2377 3831 2395 3863 ι
2420 3812 2567 3867 enim
2602 3816 2815 3881 proprie
2846 3815 3012 3869 etiam
3045 3817 3148 3871 hoc
3170 3832 3332 3875 sensu
3366 3821 3420 3876 in

172 3899 248 3964 ὡς
273 3902 424 3974 δῆλον
452 3885 521 3955 ἑκ
547 3901 660 3954 τοῦ·
703 3919 721 3951 ι
759 3901 945 3979 Χήρας
973 3899 1126 3969 τίμα,
1157 3898 1253 3961 τὰς
1280 3899 1448 3963 ὅντως
1478 3900 1672 3971 χήρας,
1720 3917 1739 3950 ι

1874 3902 2135 3971 icriptura
2161 3904 2396 3973 ponitur,
2429 3904 2506 3956 uti
2560 3903 2906 3959 manifestum
2934 3914 3108 3962 estex
3150 3909 3234 3964 his
3294 3926 3421 3966 ver-

179 3992 286 4055 καὶ,
314 4008 332 4040 ι
367 3986 511 4060 Τίμα
536 3988 625 4043 τὸν
672 3990 881 4061 πατέρα
911 3989 1005 4043 κοιλ⁸
1032 3988 1130 4060 τὴν
1161 3988 1394 4059 μητέρα.
1438 4008 1455 4041 ι
1505 3988 1651 4061 ac»,
1685 3989 1741 4042 δὲ

1874 3991 1931 4045 ιίε
1960 3991 2004 4024 ⁸⁸
2044 4009 2057 4045 :
2101 4011 2119 4043 ι
2151 3987 2353 4047 Viduas
2381 3993 2607 4056 honora,
2646 4004 2764 4061 qua:
2805 4008 2931 4048 vere
2986 3994 3161 4051 vidum
3190 4008 3355 4064 sunt;
3396 4019 3415 4053 ι

180 4081 302 4151 άγία
328 4082 361 4153 ἠ
397 4067 708 4153 Ἐκκλησία.

441 4264 661 4332 Κυρίου
683 4262 781 4318 ἐπὶ
804 4263 922 4318 τῶν
946 4256 1200 4324 ὑδάτων,
1230 4269 1285 4318 κ.
1303 4282 1354 4317 τ.
1381 4264 1428 4317 ἑ.
1453 4264 1608 4335 Φωνὴ
1642 4263 1742 4335 μὲν

178 4356 371 4427 Κυρίου
414 4348 527 4424 (35)
558 4350 743 4418 ἁπλῶς
772 4355 995 4411 ἐπὶτῶν
1036 4357 1263 4419 ὑδάτων,
1293 4356 1456 4419 αὐτὸς
1484 4354 1540 4409 δὲ
1570 4357 1598 4409 6
1628 4351 1742 4410 Κύ-

183 4464 287 4517 ριος
314 4447 401 4500 ἐπὶ
430 4446 635 4520 ὑδάτων
662 4446 888 4523 πολλῶν.
937 4448 1173 4516 Λογικὰς
1199 4446 1256 4501 δὲ
1289 4446 1479 4517 φύσεις
1513 4445 1608 4499 νῦν
1640 4463 1738 4515 οη-

1844 4093 1895 4137 et
1921 4084 2037 4139 istis
2056 4080 2101 4115 “
2136 4099 2152 4138 :
2190 4102 2209 4133 ι
2249 4082 2461 4137 Honora
2491 4090 2700 4154 patrem
2723 4092 2778 4139 et
2804 4094 3052 4143 matrem.
3084 4106 3103 4139 ι
3139 4090 3274 4143 Aula
3315 4107 3419 4145 au-

1847 4186 1954 4228 tem
1991 4184 2200 4239 sancta,
2240 4185 2321 4229 est
2353 4172 2614 4231 Ecclesia.

1915 4263 2080 4319 Vens.
2212 4264 2322 4318 Vox
2352 4265 2567 4319 Domini
2589 4282 2746 4336 super
2764 4285 2951 4338 aquas,
2982 4278 3087 4325 etc.
3150 4272 3264 4329 Vox
3300 4278 3422 4344 qui-

1844 4358 1966 4410 dem
2002 4352 2213 4410 Domiui
2245 4356 2565 4426 simpliciter
2603 4367 2687 4413 est
2718 4373 2884 4428 super
2914 4374 3118 4429 aquas;
3170 4363 3285 4434 ipse
3319 4378 3417 4418 au-

1847 4456 1954 4501 tem
1986 4447 2253 4501 Deminus
2278 4456 2439 4515 snper
2466 4461 2635 4516 aquas
2669 4448 2883 4503 multas.
2918 4449 3294 4508 Ratiouabiles
3320 4472 3421 4508 na.

182 4539 348 4607 μαίνει
372 4536 436 4590 τὰ
453 4526 637 4591 ὕδατα.
669 4556 686 4588 ι
716 4532 1021 4609 Γενηθήτω,
1102 4539 1255 4609 φησὶ,
1347 4538 1409 4591 τὸ
1445 4537 1733 4609 στερέωμα

1874 4542 1977 4590 [ηαξ
2000 4538 2103 4592 hoc
2132 4538 2248 4590 loco
2273 4538 2430 4606 aquis
2463 4538 2840 4607 signiﬁcantur
2900 4560 2918 4593 ι
2963 4542 3102 4599 Fiat.
3140 4543 3313 4612 inquit
3339 4545 3410 4612 ⁸³,

180 4626 234 4678 ὲν
258 4628 394 4697 μέσῳ
418 4628 510 4681 τοῦ
542 4627 750 4691 ὓδατος,
788 4630 880 4683 καὶ
912 4630 1049 4682 ἔστω
1075 4629 1419 4702 διαχωρίξον.
1467 4648 1486 4682 ι

238 4718 335 4771 Καὶ
358 4719 639 4772 λεπτυνεῐ
666 4719 850 4785 αὑτὰς
874 4722 954 4785 ὡς
984 4720 1087 4773 τὸν
1112 4721 1353 4789 μόσχον
1392 4719 1499 4773 τοῦ
1558 4718 1733 4774 Λιϐά-

178 4826 298 4872 νου,
341 4827 390 4862 κ.
419 4826 469 4863 τ.
502 4811 548 4862 ἑ.
582 4808 797 4879 Μόσχος
832 4810 1061 4863 Λιϐάνου
1090 4809 1197 4873 (56)
1238 4813 1266 4863 6
1316 4810 1549 4881 πονηρὸς
1600 4809 1733 4863 ἐνώ-

182 4914 291 4951 nov
307 4899 502 4970 Κυρίου
532 4900 965 4971 παντοκράτορος
990 4895 1362 4973 τραχηλιάσας
1390 4903 1484 4955 καὶ
1509 4898 1735 4972 ἀπορρί-

178 4988 275 5057 ψας
312 4988 395 5041 τὸν
434 4989 783 5057 εὐαγγελικὺν
817 4989 998 5059 ζυγὸν,
1062 4978 1180 5056 θεὸς
1222 4986 1359 5046 εἶναι
1395 4990 1734 5062 βιαζόμενος.

240 5150 283 5184 ⁷⁸
308 5150 540 5215 Act.vu,
572 5151 663 5211 50.
736 5153 781 5185 '°
803 5153 936 5210 Luc.
963 5170 1044 5220 ιιι,
1076 5155 1130 5210 ϐ.
1205 5152 1251 5187 ἰ
1290 5155 1307 5209 |
1340 5152 1484 5209 Tim.
1505 5167 1560 5221 v,
1588 5157 1640 5209 3.

217 5309 341 5391 ,(⁵0)
374 5309 586 5391 ιεά,οκικΔ
619 5312 736 5391 per
786 5313 1094 5391 ᾠκόμασε,
1132 5322 1241 5367 etc.
1288 5314 1469 5391 codex
1519 5313 1716 5391 (Σο-ξειὶ-

181 5382 373 5502 manus,
423 5384 636 5438 schedae
681 5382 905 5447 Grabii,
958 5384 1269 5452 partimque
1323 5382 1523 5436 Catena
1586 5383 1717 5435 Bar-

245 5464 301 5502 rt.

263 5486 340 5584 δί)
373 5519 809 5587 κληρονομίαν,
831 5531 937 5575 etc.
971 5521 1115 5576 idem
1149 5536 1282 5574 mss.

265 5586 342 5654 32)
376 5586 570 5653 Αὐτὸς
595 5591 628 5641 ό
648 5586 931 5655 Χριστός,
957 5600 1062 5644 etc.
1093 5590 1273 5645 Codex
1302 5591 1434 5648 Rue.

246 5654 343 5727 (55)
375 5656 619 5721 Παῦλος
649 5660 681 5709 ό
732 5654 919 5726 ἅγιος,
950 5669 1056 5713 etc.
1107 5660 1291 5715 Codex
1343 5661 1473 5726 Roe,
1518 5661 1720 5714 Barba-

357 5749 628 5809 ΡΑτιιοι..
661 5750 779 5811 Gn.
812 5750 958 5813 XII.

1839 4625 2239 4679 ﬁrmamentum
2271 4626 2321 4679 itt
2350 4627 2526 4681 medio
2556 4643 2731 4696 aqum,
2764 4640 2819 4682 et
2840 4631 2911 4683 sit
2934 4630 3199 4685 dividens.
3242 4649 3261 4681 ι

1915 4713 2074 4770 Vens.
2104 4714 2157 4769 6.
2187 4714 2253 4768 Et
2276 4718 2589 4770 comminuet
2620 4735 2708 4772 eas
2732 4729 2981 4786 tanquam
3035 4721 3255 4774 vitulum
3318 4720 3412 4775 Li-

1838 4808 1979 4876 bani,
2012 4818 2115 4864 etc.
2144 4807 2355 4863 Vitulus
2382 4808 2570 4863 Libani
2625 4811 2890 4881 malignus
2939 4821 3021 4865 est
3069 4812 3158 4881 qui
3214 4827 3401 4869 coram

1839 4899 2065 4953 Domino
2087 4900 2457 4967 omnipotente
2489 4899 2754 4953 cervicem
2782 4898 3038 4955 attollens
3080 4903 3289 4958 excutit
3314 4903 3407 4975 ju-

1843 5005 1967 5059 gum
1991 4990 2385 5056 evangelicum,
2415 4998 2467 5042 et
2497 4991 2629 5044 deus
2657 4990 2842 5046 haberi
2869 5005 3121 5048 conatur.

1714 5151 1761 5184 "
1795 5152 1966 5207 Exod.
2002 5165 2093 5214 xx,
2139 5150 2218 5205 l2.
2294 5150 2342 5181 ⁸³
2361 5149 2557 5205 Cenes.
2584 5166 2622 5215 ι,
2652 5151 2706 5208 6.

1833 5324 1941 5368 rus.
1971 5309 2140 5364 codex
2163 5309 2552 5367 Coisliniauus.

1900 5379 2010 5450 (54)
2064 5379 2117 5432 Ὁ
2150 5379 2451 5450 συνάγων,
2483 5396 2587 5437 etc.
2618 5383 2818 5439 Catena
2850 5381 3116 5438 Corderii.

1899 5449 2014 5525 (35)
2054 5448 2226 5525 ’βων-ὴ
2275 5448 2695 5525 μὲν-Κυρίου,
2741 5464 2847 5525 etc.
2898 5453 3126 5509 Schedae
3174 5452 3397 5525 Grabii,

1830 5521 2133 5588 partimque
2163 5519 2362 5574 Catena
2398 5519 2662 5583 Corderii.
2700 5539 2763 5577 ac
2796 5522 3107 5579 Barbarus.

1901 5586 2014 5657 (38)
2053 5588 2298 5659 Μόσχος
2325 5591 2602 5659 Λιϐάνου,
2630 5604 2737 5649 etc.
2772 5591 2999 5649 Sc'heda:
3025 5593 3240 5662 Grabil,
3266 5596 3399 5652 Bar-

3002 5755 3075 5819 Μ

1835 5657 2020 5711 herus.
2096 5702 2101 5707 .
