3942 6216
216 372 374 426 ιεογ
1252 364 1559 421 semen
1599 363 1666 419 1N
1705 363 2037 419 PSAIMOS.
2072 338 2121 406 ‘—
2176 363 2365 418 PSAL.
2408 360 2574 417 xxx.
3347 359 3481 415 ms

208 482 326 539 τοῦ
358 485 584 554 αἵματος
613 480 776 537 αὐτοῦ
813 483 990 555 μάτην
1030 482 1375 553 γεγενῆσθαι.
1423 480 1731 552 Διαφθορᾶν
1767 480 1809 533 6i

1922 481 2098 536 detur.
2132 482 2543 550 Curruptinuetu
2580 488 2762 533 autem
2800 485 2954 533 vocat
3003 489 3250 533 naturam
3302 480 3483 533 carnis

211 576 383 645 λέγει
410 573 508 644 τὴν
539 575 701 643 φύσιν
734 575 831 644 τῆς
861 572 1080 645 σαρκὸς,
1115 574 1180 643 ἣν
1216 573 1505 635 ἐνδέδυται,
1538 573 1571 642 ἢ
1602 573 1692 625 τὸν
1723 572 1809 626 θά-

1920 587 2078 639 quam
2138 573 2331 634 induit,
2368 573 2449 625 vel
2482 580 2736 633 mortem,
2783 582 2940 637 quam
2980 572 3236 638 suscepit.
3286 568 3483 623 Verum

213 680 395 718 νατον
431 665 511 726 εἰς
539 662 598 717 ὃν
620 663 873 731 ἔφθασεν.
922 664 1096 733 Ἐρεῖς
1140 664 1195 716 δὲ
1214 701 1229 727 ,
1262 664 1343 717 ὅτι
1368 663 1571 732 κατέϐη
1611 662 1706 732 μὲν
1736 663 1809 725 εἰς

1919 664 2066 717 dices
2116 663 2459 717 descendisse
2510 676 2632 715 eum
2664 659 2880 728 quidem
2936 659 2990 712 in
3035 661 3480 729 corruptionem,

212 753 550 825 διαφθορὰν,
593 754 693 807 οὐκ
746 753 905 808 ἔλαϐε
957 755 1013 808 δὲ
1050 756 1155 808 ἀπὸ
1202 753 1295 807 τοῦ
1341 753 1477 807 Θεοῦ
1520 754 1644 807 ἰδεῖν
1699 753 1809 807 δια-

1918 750 2080 823 643
2115 763 2170 806 at
2200 768 2303 806 non
2328 752 2603 814 accepisse
2630 766 2660 804 a
2698 751 2807 806 Deo
2830 751 3014 806 videre
3058 751 3482 819 corruptionem.

215 846 461 918 φθοράν.
519 864 537 898 ι
588 845 679 917 Μή
730 846 1181 919 ἐξομολογήσεταί
1225 863 1307 899 σοι
1354 846 1526 916 χοῦςς
1572 846 1606 917 ἢ
1652 846 1817 915 ἀναγ-

216 937 385 1005 γελεῖ
406 936 503 1009 τὴν
529 936 785 1007 ἀλήθειάν
815 954 906 989 σου
934 954 948 1003 ;
986 958 1003 988 ι
1047 937 1105 990 Ὀ
1129 936 1216 990 διά
1243 936 1336 989 τοῦ
1366 936 1432 990 τὰ
1460 935 1617 989 ύλικὰ
1645 937 1817 1008 πράτ-

215 1044 370 1090 τειν,
398 1028 491 1081 καί
522 1030 736 1098 φρονεῖν
759 1027 827 1080 τά
850 1028 1085 1097 ἐπίγεια,
1115 1027 1245 1099 χοῦς
1275 1026 1533 1096 γεγονὼς,
1566 1026 1661 1080 καὶ
1693 1028 1814 1080 ἑπι-

224 1117 420 1187 μένων
452 1118 517 1187 τῇ
547 1116 791 1188 ἁμαρτίᾳ
810 1155 826 1181 ,
856 1117 964 1171 οὐδ’
998 1116 1451 1189 ἐξομολογήσεται
1481 1117 1560 1188 τῷ
1600 1113 1751 1184 Θεῷ,
1780 1116 1814 1189 ἢ

219 1205 528 1274 ἀναγγελεῖ
556 1204 651 1277 τὴν
673 1205 929 1275 ἀλήθειαν
952 1204 1138 1271 αὑτοῦ,
1162 1205 1257 1259 καὶ
1283 1204 1349 1257 δι’
1376 1204 1523 1273 ἠθῶν
1556 1204 1647 1257 καὶ
1676 1200 1816 1271 γνώ-

222 1312 377 1358 σεως
408 1295 763 1367 ἐσφαλμένος.
800 1295 858 1349 '0
890 1296 998 1368 7&9
1037 1296 1176 1367 ἔχων
1203 1296 1301 1367 τὴν
1345 1297 1527 1349 εἰκόνα
1571 1295 1665 1349 τοῦ
1700 1300 1813 1366 χοῖ-

221 1383 359 1443 κοῦ,
392 1384 470 1454 τῷ
497 1380 635 1438 εἷναι
670 1386 727 1438 ὲν
752 1388 939 1456 σαρκὶ,
974 1387 1065 1439 καὶ
1090 1387 1165 1458 μὴ
1198 1386 1491 1456 πνεύματι,
1521 1386 1646 1456 χοῦς
1675 1388 1814 1454 ἐστι,

220 1474 328 1527 καὶ
355 1477 411 1528 ὲν
442 1475 545 1549 ᾄδῃ
571 1478 687 1530 ἔστί
707 1495 720 1509 υ
752 1478 832 1531 διὸ
858 1478 978 1531 οὐδὲ
998 1476 1445 1549 ἐξομολογήσεται
1476 1477 1553 1548 τῷ
1577 1477 1715 1547 Θεῷ.
1757 1479 1816 1531 '0

219 1565 284 1618 se
336 1565 682 1634 ἀναγγέλλων
724 1567 821 1639 τὴν
859 1568 1115 1640 ἀλήθειαν
1144 1567 1240 1621 τοῦ
1269 1567 1427 1632 Θεοῦ,
1461 1568 1683 1639 ταχθεὶς
1724 1569 1814 1621 ὑπ’

223 1656 401 1709 αὑτοῦ
435 1656 771 1722 διδάσκαλος,
801 1659 901 1712 οὐκ
935 1660 1001 1713 ἂν
1028 1659 1114 1731 εἰη
1158 1659 1314 1731 χοῦς·
1349 1658 1683 1730 κολλώμενος
1709 1660 1809 1733 7&9

1918 1658 2260 1721 constitutus,
2300 1658 2343 1711 is
2385 1666 2601 1710 nonest
2636 1656 2834 1726 pulvis.
2875 1657 3174 1712 Adba‘rens
3212 1660 3353 1712 enim
3381 1658 3486 1711 Du-

230 1747 309 1818 τῷ
349 1748 560 1819 Κυρίῳ,
586 1748 646 1803 ἓν
680 1750 897 1821 πνεῦμά
937 1752 1103 1805 ἐστιν.
1160 1749 1320 1804 Ἀλλά
1346 1751 1450 1804 κᾶν
1490 1750 1617 1821 χοῦς
1644 1768 1729 1813 τις
1756 1748 1809 1826 ᾖ,

1918 1750 2085 1815 tnino,
2121 1763 2258 1801 unus
2303 1764 2424 1802 cum
2453 1762 2517 1803 eo
2549 1749 2771 1818 spiritus
2804 1758 2907 1803 est.
2951 1751 3019 1802 At
3071 1750 3115 1803 si
3164 1751 3286 1817 quis
3322 1749 3485 1803 fuerit

231 1839 330 1891 sat
377 1838 558 1911 φορῶν
598 1839 697 1912 τήν
745 1840 933 1895 εἰκόνα
974 1838 1068 1896 τοῦ
1118 1837 1337 1913 χοϊκοῦ,
1371 1842 1474 1895 ούκ
1506 1841 1571 1896 ἂν
1602 1842 1809 1895 δύναιτο

1918 1840 2109 1909 pulvis,
2150 1837 2518 1908 etintaginem
2550 1838 2749 1893 terreni
2786 1840 3083 1907 portaverit
3106 1878 3120 1903 ,
3157 1839 3202 1893 is
3243 1855 3350 1893 non
3382 1856 3484 1909 po-

224 1927 584 1997 ἀναγγέλλειν
610 1930 709 2003 τὴν
738 1930 996 2004 ἀλήθειαν
1019 1931 1112 1986 τοῦ
1140 1927 1302 1987 Θεοῦ.

1918 1932 2038 1985 terit
2065 1932 2393 1986 annuntiare
2420 1930 2702 1985 veritatem
2738 1930 2854 1983 Dei.

324 2017 436 2073 Τοῦ
476 2020 682 2078 αὐτοῦ.
732 2023 808 2077 Ού
864 2022 1075 2091 δοξάσει
1116 2024 1258 2093 (52)
1306 2021 1506 2093 χοϊκός.
1568 2022 1816 2094 Ἀλήθεια

225 2110 256 2163 6
296 2112 568 2183 Χριστός·
613 2114 647 2186 ἢ
689 2116 830 2186 τάχα
870 2115 970 2187 τὴν
1027 2116 1087 2171 ἑν
1136 2116 1427 2189 πράγμασι
1485 2118 1633 2187 λέγει
1686 2120 1816 2191 ἀλή-

229 2199 409 2254 θειαν.

310 2295 567 2349 Ἤκουσε
605 2296 851 2364 Κύριος,
897 2298 995 2352 καί
1041 2298 1271 2368 ἠλέησέ
1301 2317 1398 2369 με.
1446 2301 1660 2370 Κύριος
1690 2302 1820 2371 ἐγε-

228 2382 388 2452 νήθη
423 2385 652 2453 βοηθός
677 2404 829 2455 μου,
865 2406 921 2442 κ.
954 2407 1005 2443 τ.
1038 2390 1085 2446 ἑ.
1125 2392 1288 2460 Δέγοι
1325 2391 1369 2445 δ’
1402 2392 1470 2447 ἂν
1499 2394 1671 2448 ταῦτα
1702 2394 1815 2466 (55)

228 2475 329 2527 καὶ
364 2475 392 2528 6
424 2476 616 2547 Σωτὴρ
654 2479 1027 2544 εἰσακουσθεὶς
1066 2481 1194 2553 περὶ
1234 2481 1341 2536 τῶν
1377 2484 1705 2539 κοινωνικῶν
1740 2484 1816 2550 ὼς

225 2561 296 2616 δι’
323 2563 488 2618 αὐτοῦ
524 2566 823 2637 μελλόντων
855 2568 1293 2641 ἐξομολογεῖσθαι
1325 2574 1403 2646 τῷ
1434 2574 1584 2647 Θεῷ,
1618 2577 1702 2646 ἐφ’
1735 2570 1817 2640 οἷς

229 2654 655 2731 εύφραινόμενός
674 2676 835 2731 φησιν
859 2677 873 2693 ·
908 2662 983 2716 Ού
1015 2663 1090 2735 μὴ
1118 2663 1364 2735 λυπηθῶ,
1385 2664 1562 2737 (τοῦτο
1595 2665 1704 2738 γὰρ
1731 2666 1813 2731 τὸ,

235 2763 255 2801 s
292 2746 367 2799 Ού
406 2746 480 2822 μή
517 2750 838 2820 κατανυγῶ·
874 2750 922 2823 ι)
962 2753 1060 2824 τήν
1110 2755 1250 2826 ἐμήν
1298 2756 1457 2822 δόξαν
1505 2756 1808 2813 ἀπολαϐών.

242 2835 534 2907 Ἠλεῆσθαι
586 2838 643 2896 at
693 2839 840 2908 λέγει
894 2840 1137 2913 ἑλεηθείς
1199 2843 1306 2899 τῶν
1360 2844 1517 2918 ήμῶν
1540 2885 1556 2910 ,
1608 2847 1702 2900 καὶ
1753 2845 1815 2900 τὸ

229 2928 362 2997 περὶ
390 2927 547 2999 ήμῶν
580 2929 772 2995 πένθος
824 2932 919 2985 καὶ
962 2934 1190 2989 κοπετὸν
1222 2936 1303 2998 εἰς
1343 2936 1681 3010 εὐφροσύνην
1712 2953 1815 3009 με·

229 3016 498 3072 τιὸαλών.
540 3020 649 3075 Καὶ
681 3021 773 3075 ἐπὶ
811 3025 878 3094 τῇ
924 3023 1032 3078 τῶν
1068 3025 1390 3098 σωζομένων
1436 3029 1682 3102 σωτηρίᾳ
1711 3047 1816 3101 φη-

232 3107 317 3161 σίν
339 3126 352 3139 ⁸
384 3128 420 3225 ι(
463 3109 630 3182 Κύριε
662 3113 691 3165 6
720 3112 853 3178 Θεός
883 3132 1017 3184 μου,
1046 3117 1125 3181 εἰς
1157 3118 1248 3174 τὸν
1287 3118 1457 3174 αἰῶνα
1488 3119 1812 3192 ὲξομολογή-
1841 3166 1883 3225 c

235 3198 399 3269 σομαί
442 3216 544 3254 σοι.
567 3219 587 3255 ι

1918 3211 2218 3266 conﬁtebor
2252 3213 2367 3266 tibi.
2402 3231 2422 3265 ι

309 3292 653 3359 Ἐστρεψας
700 3294 807 3348 τὸν
847 3299 1105 3351 κοπετόν
1138 3314 1259 3367 μου
1300 3299 1388 3367 εἰς
1431 3299 1625 3368 χαρὰν
1662 3300 1809 3370 ἐμοί,

1993 3299 2149 3355 Vens.
2174 3301 2261 3358 12.
2295 3300 2610 3356 Convertiin
2625 3302 2894 3372 planctum
2931 3322 3098 3361 meum
3142 3309 3197 3362 in
3227 3310 3475 3377 gaudium

233 3394 369 3470 κατ.
393 3379 452 3470 γε.
487 3380 696 3454 Ὥσπερ
718 3388 810 3436 τὸν
855 3385 1021 3439 κόπον
1045 3386 1157 3457 (56)
1207 3387 1419 3460 δέχεται
1462 3390 1642 3463 χαρὰ,
1672 3390 1809 3448 οὕτω

1918 3390 2062 3457 mihi,
2092 3404 2198 3445 etc.
2239 3392 2705 3459 Quemadmodum
2730 3398 3004 3466 planctum
3039 3402 3241 3470 excipit
3267 3400 3479 3465 laetitia,

236 3468 331 3522 καὶ
353 3469 450 3541 τὴν
472 3474 782 3546 πρακτικὴν
812 3476 1011 3544 γνῶσις
1042 3477 1200 3533 Θεοῦ.

1918 3484 1986 3537 ita
2015 3484 2283 3539 actionem
2321 3487 2562 3558 cognitio
2600 3487 2719 3545 Dei.

1923 860 1941 895 ι
1974 841 2228 910 Nunquid
2256 839 2607 895 conﬁtebitur
2658 840 2752 896 tibi
2790 839 2988 911 pulvis,
3029 838 3486 894 autannnntiabit

1917 932 2200 987 veritatem
2226 930 2416 985 tuam?
2444 948 2463 983 ι
2500 929 2599 999 Qui
2629 944 2695 984 eo
2727 932 2870 999 quod
2908 928 3209 984 materialia
3247 938 3484 994 tractet,

1914 1032 1971 1080 et
2008 1034 2217 1081 terrena
2244 1024 2439 1093 sapiat,
2472 1022 2648 1094 pulvis
2678 1021 2901 1077 effectus
2923 1032 3035 1090 est,
3066 1032 3119 1077 et
3176 1023 3227 1077 in
3262 1031 3485 1092 peccato

1915 1124 2215 1182 permanet,
2247 1115 2292 1168 is
2321 1129 2496 1183 neque
2536 1114 2881 1169 conﬁtebitur
2903 1112 3033 1177 Deo,
3067 1128 3239 1184 neque
3271 1129 3482 1167 annun-

1918 1205 2070 1258 tiabit
2101 1205 2385 1259 veritatem
2426 1204 2569 1274 ejus,
2596 1212 2783 1274 utpote
2815 1204 3056 1259 moribus
3083 1214 3136 1259 et
3176 1205 3484 1274 cognitione

1917 1295 2201 1349 aberrans.
2239 1293 2339 1361 Qui
2370 1296 2516 1349 enim
2566 1295 2618 1350 in
2655 1310 2820 1350 carne
2858 1307 2914 1350 et
2942 1310 3047 1350 non
3073 1296 3126 1349 in
3152 1296 3342 1365 spiritu
3370 1311 3485 1349 am-

1918 1386 2154 1441 bulando
2189 1386 2389 1444 terreni
2422 1386 2710 1457 imaginem
2736 1387 2896 1455 gerit,
2931 1387 2977 1442 is
3001 1386 3196 1457 pulvis,
3224 1396 3276 1440 et
3310 1387 3361 1441 in
3395 1388 3483 1441 in-

1921 1470 2071 1531 ferno
2099 1484 2213 1541 est;
2259 1476 2606 1545 quamobrem
2642 1491 2748 1531 non
2794 1476 3143 1533 conﬁtebitur
3191 1478 3320 1532 Deo.
3379 1479 3480 1545 Qui

1915 1575 2090 1618 autem
2132 1567 2418 1620 atuiuutiat
2445 1567 2727 1621 veritatem
2763 1567 2878 1630 Dei,
2913 1578 3214 1637 praeceptor
3261 1568 3331 1623 ab
3366 1572 3483 1637 ipso

1988 2022 2260 2093 Ejusdem.
2296 2020 2412 2078 Non
2439 2020 2764 2093 gloriﬁcabit
2792 2031 3063 2077 terrenus.
3092 2022 3302 2081 Veritas
3324 2025 3486 2080 Chri-

1915 2128 2030 2172 stus
2071 2124 2183 2182 est;
2214 2114 2295 2170 vel
2317 2113 2456 2170 forte
2484 2126 2603 2169 eam
2627 2125 2744 2181 quae
2776 2112 2829 2166 in
2858 2112 3015 2169 rebus
3047 2123 3151 2180 est,
3196 2117 3483 2171 veritatem

1915 2208 2068 2263 dicit.

1990 2294 2152 2351 Vens.
2181 2297 2266 2352 ll.
2299 2297 2515 2353 Audiuit
2554 2296 2816 2352 Dominus
2862 2304 2910 2350 et
2950 2295 3197 2351 misertus
3247 2307 3322 2351 est
3358 2300 3480 2353 mei.

1917 2386 2173 2443 Dominus
2194 2389 2373 2457 factus
2414 2399 2488 2444 est
2535 2388 2753 2456 adjutor
2794 2403 2959 2454 meus,
2992 2398 3097 2442 etc.
3131 2387 3252 2442 Haec
3283 2389 3482 2443 dixerit

1915 2482 2077 2536 eti-.un
2119 2481 2368 2537 Salvator
2392 2481 2686 2537 exauditus
2732 2496 2830 2551 pro
2868 2481 3031 2536 sociis
3061 2482 3151 2550 qui
3185 2496 3282 2550 per
3310 2483 3481 2551 ipsum

1916 2573 2119 2641 gratius
2172 2574 2345 2629 acturi
2394 2583 2549 2629 erant
2598 2572 2730 2640 Deo,
2782 2588 2887 2643 qua
2928 2574 2995 2625 de
3023 2588 3078 2628 re
3111 2575 3316 2627 laetatus
3354 2576 3428 2633 ait
3461 2592 3475 2627 :

1916 2661 2030 2717 Non
2062 2678 2228 2734 angar
2247 2664 2374 2734 (hoc
2400 2664 2544 2719 enim
2573 2664 2675 2718 sibi
2707 2663 2838 2727 vult,
2870 2680 2889 2715 ι
2912 2661 3031 2718 Non
3057 2678 3390 2733 compungar
3410 2666 3479 2735 ι),

1916 2768 2037 2809 cum
2076 2770 2249 2810 meam
2277 2754 2501 2826 gloriam
2534 2770 2812 2824 recepero.
2860 2754 3135 2809 Misertuut
3170 2765 3351 2810 autem
3394 2758 3481 2811 sui

1916 2845 2081 2901 Deum
2112 2859 2234 2902 esse
2272 2846 2406 2902 dicit
2434 2846 2652 2918 quando
2707 2846 2820 2917 ipse
2862 2849 3120 2903 misertus
3169 2856 3252 2902 est
3279 2850 3482 2914 nostri,

1913 2949 1969 2994 et
1990 2937 2189 2993 luctum
2222 2948 2277 2994 et
2325 2938 2605 3008 planctum
2636 2952 2793 2992 suum
2826 2952 2922 3007 pro
2960 2938 3118 2993 nobis
3150 2938 3202 2992 in
3230 2939 3481 3009 gaudium

1915 3030 2207 3087 convertit.
2237 3029 2377 3096 Quin
2403 3040 2458 3085 et
2482 3030 2552 3086 ob
2589 3043 2779 3085 eorum
2808 3031 2899 3100 qui
2938 3031 3219 3086 salvantur
3245 3033 3478 3087 salutent

1918 3121 1992 3172 ait
2020 3119 2198 3189 (Vers.
2230 3120 2317 3192 t5)
2353 3139 2366 3177 :
2410 3138 2428 3172 s
2462 3120 2688 3175 Domine
2721 3121 2862 3175 Deus
2893 3137 3066 3189 meus,
3112 3125 3165 3177 in
3216 3134 3481 3178 ειτιιιΐηιιιιι

827 3700 1120 3756 ΨΔΔΜΘΣ
1149 3703 1229 3757 A’.

318 3789 449 3846 Ἐκί
479 3796 580 3853 σοι
603 3831 619 3857 ,
652 3791 861 3859 Κύριε,
896 3792 1161 3861 ἤλπισα,
1188 3793 1275 3863 μὴ
1303 3798 1811 3868 καταισχυνθείην

235 3886 321 3948 εἰς
345 3881 451 3935 τὸν
489 3881 705 3944 αἰῶνα,
742 3881 813 3938 ἐν
848 3882 921 3953 τῇ
952 3883 1311 3953 δικαιοσύνῃ
1354 3900 1471 3940 σου
1503 3887 1693 3954 ῥῦσαι
1732 3909 1811 3962 με

242 3972 336 4026 καί
355 3972 571 4036 ἐξελοῦ
593 3989 691 4042 με,
716 3991 769 4028 κ.
794 3993 846 4029 τ.
881 3977 928 4029 ἑ.
974 3976 1116 4030 Ὠσεί
1148 3976 1300 4045 ἔλεγε
1329 3976 1471 4047 (55)·
1508 3979 1688 4050 Μηδὲν
1714 3982 1807 4037 τοῦ

240 4064 426 4128 αἰῶνος
456 4064 619 4135 μέρος
647 4066 1132 4137 καταισχυνθείην,
1167 4067 1280 4122 ἀλλ’
1315 4071 1400 4138 ἐφ’
1431 4071 1551 4125 ὅλον
1580 4071 1806 4127 ἀνεπαί-

242 4171 458 4224 σχυντος
492 4155 749 4226 γενοίμην
770 4173 784 4188 σ
830 4157 973 4221 τινες
1003 4157 1112 4228 7&9
1168 4157 1268 4228 μὲν
1297 4159 1687 4230 ἀναστήσονται
1726 4165 1806 4227 εἰς

240 4244 533 4313 ὀνειδισμὸν
580 4246 674 4299 καὶ
716 4247 996 4318 αἰσχύνην.
1056 4247 1129 4301 Τὸ
1187 4247 1243 4300 δὲ
1305 4248 1435 4319 ἑξῆς
1489 4252 1805 4317 πεποιθότος

2448 3712 2669 3772 PSALM
2679 3713 2762 3771 US
2800 3712 2971 3771 XXX.

1922 3840 1923 3843 η
1990 3809 2152 3865 Vsus.
2180 3809 2237 3865 2.-
2271 3807 2337 3863 In
2370 3818 2441 3871 te.
2475 3807 2715 3871 Domine,
2744 3808 2971 3874 speravi,
3028 3821 3130 3860 non
3158 3806 3477 3875 .confuudar

1911 3900 1965 3953 in
1994 3909 2265 3965 retentum,
2305 3900 2360 3954 in
2397 3899 2614 3968 justitia
2652 3906 2745 3952 tua
2784 3898 2948 3951 libera
2983 3912 3063 3951 ms
3101 3906 3148 3952 et
3193 3897 3336 3965 eripe
3364 3914 3472 3965 me,

1910 3999 2037 4045 εις..
2075 3988 2240 4056 Quasi
2293 3990 2481 4045 dicat:
2515 3986 2672 4045 Nulla
2705 3987 2891 4045 saeculi
2936 3998 3093 4057 parte
3140 3988 3474 4057 confundar,

1910 4079 2003 4134 sed
2032 4078 2254 4133 omnino
2293 4093 2487 4149 expers
2524 4077 2625 4133 sim
2672 4076 3003 4147 ignominia.
3050 4076 3278 4145 Quidam
3328 4080 3474 4135 enim

1911 4174 2197 4233 resurgent
2235 4165 2300 4219 ad
2360 4164 2713 4245 opprobrium
2766 4173 2822 4220 et
2872 4165 3263 4221 confusionem.
3319 4165 3473 4236 Quod

1910 4264 2089 4309 autent
2120 4256 2389 4325 sequitur,
2418 4270 2522 4310 vox
2538 4264 2635 4313 .est
2663 4256 2768 4312 sibi
2801 4256 3157 4317 conﬁdentis.
3181 4257 3295 4313 Non
3330 4260 3474 4315 enim

241 4324 379 4387 ἐστὶν
418 4335 595 4406 ἑαυτῷ
633 4337 666 4407 ὴ
699 4340 846 4407 φωνή
873 4356 887 4369 ·
914 4339 975 4392 ού
1008 4339 1116 4411 7&9
1145 4340 1341 4394 ταντόν
1367 4343 1513 4397 ἐστιν
1545 4343 1678 4415 ἐλέῳ
1707 4347 1804 4414 ῥυ-

1918 4345 2051 4399 idem
2103 4324 2215 4400 est,
2236 4347 2617 4403 misericordia
2674 4348 2917 4411 liberari,
2938 4361 3011 4409 ac
3042 4349 3147 4405 ciu
3173 4349 3416 4419 justitia;
3446 4370 3468 4405 s

239 4423 424 4493 σθῆναι
456 4424 535 4495 τῷ
573 4445 589 4477 ι
628 4428 685 4479 ὲν
724 4428 1032 4500 δικαιοσύνη
1061 4448 1074 4461 ο
1116 4448 1136 4483 s
1181 4431 1240 4484 τὸ
1279 4432 1377 4501 μὲν
1409 4433 1515 4506 7&9
1553 4436 1804 4505 ἐμφαίνει

244 4516 542 4586 παρρησίαν
564 4555 579 4580 ,
622 4516 682 4570 τὸ
707 4518 763 4571 δὲ
796 4520 857 4572 ού
891 4520 1033 4574 κατά
1067 4521 1166 4591 τὴν
1194 4520 1371 4586 ἀξίαν.
1418 4524 1513 4587 Τίς
1544 4524 1600 4578 δὲ
1637 4527 1746 4597 ἄρα
1776 4529 1804 4580 6

242 4604 449 4675 θαρρῶν
480 4608 567 4660 ἐπ’
603 4608 865 4680 ἀκρόασιν
895 4611 1005 4664 τῶν
1043 4612 1235 4666 ἑαυτοῦ
1260 4613 1434 4682 λόγων
1464 4616 1680 4670 καλέσει
1712 4617 1803 4674 τὸν

241 4695 383 4756 Θεὸν,
407 4697 482 4761 ὡς
520 4700 549 4751 6
588 4698 761 4753 ταῦτα
784 4701 992 4770 λέγωνς
1028 4705 1139 4773 Ούχ
1168 4702 1340 4769 οὕτως
1366 4707 1471 4760 ἀπὸ
1500 4708 1697 4771 πόνων,
1725 4707 1803 4772 ὡς

241 4783 342 4836 ἀπὸ
376 4788 572 4852 κακίας
621 4788 897 4860 ταχύτατα
939 4792 1185 4860 αἰτητέον
1206 4831 1221 4856 ,
1269 4794 1353 4846 ἰνα
1391 4794 1521 4857 Θεὸς
1553 4795 1801 4866 ἐξέληται

242 4876 376 4944 ἡμᾶς
429 4877 522 4930 ἀπ’
556 4879 762 4950 αὐτῆς,
801 4882 930 4950 πρὶν
977 4883 1071 4935 ὲπὶ
1109 4882 1290 4937 πλεῖον
1338 4886 1395 4938 ὲν
1433 4885 1568 4956 αὐτῇ
1610 4887 1796 4958 βαφῶ-

246 4978 353 5031 μεν.

306 5054 413 5109 Τοῦ
437 5056 644 5112 αὐτοῦ.
667 5057 743 5112 Οὐ
778 5059 937 5129 μόνον
960 5059 1072 5132 (56)
1100 5060 1157 5112 ὲν
1186 5064 1251 5132 τῇ
1277 5062 1592 5137 δικαιοσύνῃ
1618 5065 1806 5136 ῥύεται

243 5145 376 5214 ἡμᾶς
415 5146 445 5199 6
473 5146 638 5213 Θεὸς,
670 5149 805 5204 ἀλλά
846 5150 955 5222 γάρ
1003 5154 1096 5206 καὶ
1128 5155 1187 5208 ὲν
1232 5154 1555 5228 σωφροσύνῃ
1584 5157 1677 5211 καὶ
1714 5158 1806 5211 ἀν-

245 5237 384 5309 δρείᾳ
424 5242 518 5294 καί⁵
549 5242 757 5317 ἀγάπῃ.
803 5246 917 5299 Νῦν
959 5247 1015 5300 δὲ
1054 5249 1267 5304 τέθεικε
1307 5250 1403 5321 τὴν
1438 5250 1803 5323 δικαιοσύνην,

247 5330 420 5405 ἐπειδὴ
462 5338 776 5407 περιεκτική
804 5338 918 5391 ἐστι
944 5340 1131 5394 πασῶν
1160 5341 1266 5394 τῶν
1298 5344 1527 5413 ἀρετῶν.
1561 5345 1631 5397 Ἣ
1663 5346 1804 5416 τάχα

551 5524 815 5612 eosdm,
846 5540 952 5612 etc.
987 5533 1213 5591 Scltedte
1236 5535 1443 5602 Graliii,
1486 5542 1790 5612 partimque

243 5596 390 5647 codex
424 5596 786 5653 Coislinianus
812 5610 983 5658 vetns.

304 5664 408 5734 (53)
437 5665 610 5734 Λόγοι
639 5665 690 5718 δ’
724 5668 800 5722 ἂν
826 5671 1029 5734 ταῦτα,
1066 5682 1172 5726 etc.
1220 5673 1441 5729 Scltedaa
1466 5676 1670 5733 Grabii.
1705 5678 1787 5735 Si-

247 5736 354 5787 tndc
383 5746 559 5791 autent
590 5737 865 5802 quidpiam
900 5742 1058 5796 habet
1087 5740 1287 5797 Catena
1322 5744 1562 5801 Barbari.

1911 4451 2034 4490 nam
2056 4437 2154 4490 hoc
2178 4436 2379 4491 indicat
2406 4436 2810 4501 confidentiam,
2842 4437 2968 4492 illud
2996 4453 3122 4494 vero
3150 4455 3256 4494 non
3282 4456 3475 4496 secun~

1908 4525 2037 4581 dum
2074 4527 2330 4582 meritum
2363 4527 2441 4582 ﬁt.
2484 4528 2631 4595 Quis.
2670 4528 2855 4597 itaque
2892 4528 3056 4583 Deum
3084 4531 3153 4585 ad
3190 4547 3474 4588 sermones

1907 4631 2035 4671 suos
2073 4618 2376 4673 audiendos
2408 4632 2603 4674 vocare
2632 4621 2853 4686 audeat,
2878 4630 2934 4674 ut
2966 4621 3009 4675 is
3040 4623 3131 4689 qui
3168 4622 3281 4677 haec
3304 4624 3472 4678 dicit?

1910 4705 2023 4760 Non
2061 4706 2140 4761 sic
2175 4722 2206 4760 a
2248 4707 2546 4776 laboribus,
2576 4709 2719 4764 sicut
2750 4726 2779 4764 a
2825 4711 3028 4767 malitia
3060 4712 3342 4767 celerrime
3372 4727 3470 4780 pe-

1908 4795 2129 4850 tendum
2173 4807 2256 4852 est
2285 4807 2343 4851 ut
2370 4798 2514 4853 Deus
2543 4813 2642 4854 nos
2666 4798 2882 4869 eripiat,
2921 4810 3212 4870 antequam
3239 4800 3398 4855 altius
3417 4802 3467 4857 in

1904 4902 2020 4943 eam
2044 4888 2447 4959 immergamur.

1978 5064 2253 5134 Ejusdem.
2309 5066 2423 5122 Non
2474 5069 2525 5122 in
2580 5067 2793 5137 iustitia
2847 5079 3058 5126 tantum
3113 5071 3314 5129 liberat
3369 5090 3466 5130 nos

1904 5159 2063 5225 Deus,
2118 5161 2213 5216 sed
2241 5170 2296 5215 et
2328 5163 2379 5215 in
2429 5164 2812 5231 temperantia,
2843 5164 2894 5250 in
2931 5164 3271 5232 fortitudine,
3300 5168 3466 5243 644

1902 5251 1953 5305 itt
2000 5252 2290 5339 cltaritate.
2326 5252 2477 5308 Nunc
2520 5265 2701 5310 autem
2733 5258 2997 5327 justitiam
3030 5262 3233 5331 posuit,
3263 5264 3462 5332 quippe

1898 5357 2231 5412 quaeomnes
2267 5345 2495 5401 virtutes
2520 5348 2888 5417 amplectitur.
2930 5352 3039 5409 Aut
3079 5352 3217 5407 forte
3237 5352 3461 5423 iustitia)

1968 5542 2079 5613 (56)
2112 5545 2330 5613 ’Ὠσπερ
2354 5547 2457 5599 τὸν
2480 5551 2691 5613 κόπον,
2716 5562 2821 5604 etc.
2865 5551 3083 5607 Schedze
3110 5556 3314 5611 Crubii.

2113 5611 2494 5696 pestexere,
2525 5631 2629 5696 etc.
2672 5611 3160 5696 gstetiaCorderii.

1899 5683 2424 5809 ωἰβὶῧζέΐξνον.
2456 5689 2636 5744 (Iudex
2670 5690 3047 5757 Coislinianus,
3084 5698 3292 5752 scltedm
3319 5698 3453 5750 Gra-
