3942 6216
86 225 289 295 μου
1152 208 1463 273 samem
1502 214 1567 270 1N
1605 213 1946 269 pSALuos.
1982 246 2025 257 -.
2076 214 2271 271 PSAL.
2312 202 2529 283 mni.
3308 219 3445 277 1306

88 360 240 409 σιν,
285 359 313 394 s
384 339 521 394 καθ’
554 340 621 410 ἦν
667 337 881 411 κρίνειν
915 338 997 391 ὅτι
1050 336 1120 389 τά
1176 335 1429 407 ’κρίματα
1476 332 1573 387 τοῦ
1626 332 1761 386 Θεοῦ

1906 333 2067 388 icium
2112 354 2130 387 ι
2184 351 2294 406 quo
2325 334 2571 406 judicat,
2603 336 2861 405 quoniam
2902 336 3105 407 judicia
3151 336 3244 392 Dei
3298 355 3447 407 vera,

89 435 293 486 tactv
332 430 623 503 ἀληθινὰ,
652 429 747 483 καὶ
769 427 1002 490 ἄϐυσσος
1030 425 1226 497 πολλὴ,
1274 427 1369 479 καὶ
1406 422 1762 497 ἀνεξεύρητα.

1905 433 1923 475 ι
1948 423 2175 495 ahyssus
2206 426 2371 480 multa
2406 436 2458 482 et
2507 426 2877 482 inscrutabilis
2899 428 2940 482 '.
2965 426 3273 495 Quinetiam
3299 442 3449 485 amat

108 524 402 595 Ἀγαπᾷ
438 524 498 577 δὲ
530 523 711 595 κρίσιν
748 521 843 574 καὶ
871 520 969 591 τήν
1001 519 1111 573 τῶν
1163 520 1409 583 δικαίων,
1446 510 1522 572 ῶν
1574 518 1623 571 οἱ
1684 516 1762 569 λο-

1899 516 2126 571 udicium
2177 517 2488 586 justorum,
2534 534 2767 588 quorum
2827 520 3187 589 cogitationes
3238 522 3446 592 judicia

97 616 354 685 για-μοὶ
392 613 650 686 κρίματά
710 612 838 675 είσι,
892 611 1023 683 περὶ
1070 604 1146 665 ὧν
1195 609 1412 678 λέγεται
1442 624 1457 641 ο
1520 626 1540 660 ι
1577 607 1764 680 Κρίμα

1899 613 2012 669 unt,
2041 607 2106 691 de
2140 607 2337 674 quibus
2374 607 2577 661 dicitur
2604 607 2624 639 ‘
2661 625 2674 661 :
2708 627 2726 659 ι
2764 608 2976 663 .lustum
3006 609 3271 678 judicium
3304 611 3451 679 judi-

99 702 376 757 δίκαιον
418 702 665 775 κρίνατε.
693 720 712 753 s
750 701 879 754 Ὅτε
909 700 966 755 δὲ
998 719 1016 752 ι
1052 702 1143 754 τὸν
1162 700 1313 771 ἣλιον
1351 697 1630 752 ἀνατέλλει
1676 698 1764 750 ἐπὶ

1901 702 2013 749 ate.
2046 714 2065 747 ι
2092 694 2324 763 Quando
2369 708 2548 750 autem
2586 715 2604 749 ι
2636 698 2805 753 solem
2841 714 3000 753 suum
3036 700 3169 754 oriri
3199 701 3329 755 facit
3358 715 3451 756 su.

106 793 454 865 πονηροὺς
481 792 575 846 καὶ
602 790 862 860 ἀγαθοὺς,
898 792 992 846 καὶ
1019 791 1201 862 βρέχει
1252 790 1343 843 ἐπὶ
1389 788 1629 850 δικαίους
1674 790 1764 843 καὶ

1899 799 1967 839 >er
1987 786 2161 843 malos
2193 796 2244 841 et
2280 790 2475 855 bonis,
2503 794 2558 842 et
2609 788 2743 856 pluit
2787 804 2951 858 super
2995 789 3172 858 jnstos
3218 804 3273 846 et
3305 791 3451 860 inju-

109 881 420 947 ἀδίκους,
468 901 488 933 s
525 880 793 951 βλέπομεν
823 880 939 944 πῶς
960 879 1055 933 τοῦ
1083 880 1262 943 ἐλέους
1304 879 1509 949 Κυρίου
1556 877 1764 949 πλήρης

1904 886 1987 932 tos
2006 879 2051 943 ',
2066 898 2083 930 ι
2102 880 2346 934 videmus
2367 882 2636 949 quomodo
2661 880 3032 935 misericordia
3057 881 3265 943 Domini
3290 884 3449 952 plcua

115 972 162 1042 ἡ
199 971 322 1044 γῆο

1901 969 1940 1022 it
1978 976 2139 1023 terra.

217 1087 445 1154 Τιθεὶς
477 1089 548 1142 ἐν
573 1087 904 1155 θησαυροῖς
928 1086 1261 1153 ἀϐύσσους,
1295 1101 1350 1138 κ.
1383 1102 1434 1138 τ.
1468 1084 1514 1137 ὲ.
1577 1084 1642 1137 Ol
1681 1082 1764 1136 λό-

123 1193 231 1244 γοι
270 1177 407 1249 (85)
438 1181 539 1250 τῆς
560 1178 798 1233 ἀϐύσσου
824 1180 879 1231 ὲν
910 1179 1022 1241 τοῖς
1043 1176 1335 1247 θησαυροῖς
1356 1177 1459 1231 είσι
1490 1174 1584 1228 τοῦ
1609 1172 1765 1228 Θεοῦ.

216 1268 576 1337 Φοϐηθήτω
612 1269 720 1322 τὸν
746 1270 966 1337 Κύριον
992 1267 1160 1321 πᾶσα
1196 1268 1233 1335 ἢ
1265 1265 1361 1336 γῆ,
1423 1266 1526 1320 ἀπ’
1581 1266 1768 1321 αὐτοῦ

128 1356 215 1421 δὲ
246 1358 755 1426 σαλευθήτωσαν
785 1359 1009 1424 πάντες
1065 1360 1120 1411 ol
1176 1356 1595 1422 κατοικοῦντες
1655 1355 1770 1423 τὴν

130 1450 570 1519 οἰκουμένην,
615 1468 667 1504 κ.
704 1467 757 1507 τ.
782 1450 827 1502 ὲ.
854 1448 1025 1503 Τοῦτο
1067 1451 1125 1503 ὲν
1150 1450 1216 1519 τῇ
1250 1446 1524 1519 παρουσίᾳ
1540 1446 1648 1517 (84)
1672 1445 1764 1499 τοῦ

1900 1443 1986 1498 Ioc
2019 1443 2071 1497 in
2106 1444 2337 1498 adventu
2373 1445 2464 1499 Dei
2493 1445 2775 1514 impletum
2807 1456 2911 1503 est.
2948 1448 3165 1514 quando
3195 1448 3451 1502 universa

133 1539 295 1594 Θεοῦ
347 1542 735 1613 πεπλήρωται,
781 1543 868 1594 ὅτε
906 1541 1055 1594 πᾶσα
1087 1541 1121 1610 ἡ
1168 1540 1242 1610 γῆ
1289 1536 1528 1609 Χριστοῦ
1548 1535 1764 1608 Ἐκκλη-

1899 1549 2022 1590 erra
2051 1534 2250 1589 Christi
2277 1533 2531 1590 Ecclesiis
2569 1544 2654 1589 est
2693 1536 2914 1606 repleta.
2941 1536 3104 1592 Forte
3146 1539 3312 1591 etiam
3344 1539 3451 1591 dici

140 1631 310 1694 σίαις
346 1631 706 1703 πεπλήρωτο.
743 1631 897 1701 Τάχα
917 1630 1114 1699 λέγοιτ’
1146 1630 1243 1685 ἀν’
1279 1630 1340 1683 Ol
1404 1628 1502 1700 μὲν
1560 1628 1764 1699 ἀνθρω-

1899 1628 2041 1683 mssit
2069 1646 2083 1681 :
2111 1628 2388 1694 llmnines,
2408 1629 2638 1699 diligite,
2666 1640 2808 1683 terra
2840 1645 2967 1683 vero
2994 1630 3202 1683 timeat.
3230 1630 3329 1696 Qui
3358 1646 3452 1684 an-

146 1683 729 1791 ποι,ἀγαπήόατε,ἠ
753 1683 918 1792 δέ’γῆ
947 1683 1255 1792 aesaes}...
1293 1722 1356 1779 Ol
1388 1683 1440 1773 έὲ
1468 1719 1565 1797 τήν
1594 1683 1764 1775 οἰκου-

1899 1731 1979 1770 ειη
2007 1715 2195 1770 orbem
2228 1716 2481 1771 Ecclesiae
2513 1716 2607 1772 Dei
2651 1716 2984 1781 inhabitant,
3017 1732 3139 1771 cum
3168 1715 3451 1770 Dominum

148 1807 346 1879 μένην
392 1808 725 1879 Ἐκκλησίας
748 1810 839 1865 τοῦ
862 1810 997 1864 Θεοῦ
1029 1809 1441 1873 κατοικοῦντες,
1476 1809 1577 1863 ούκ
1616 1810 1764 1862 ἀναι-

1902 1811 2258 1877 agnoverint,
2292 1811 2362 1865 ab
2398 1809 2514 1880 ipso
2560 1818 3007 1875 commoventur,
3045 1809 3170 1861 dum
3207 1807 3258 1862 id
3309 1809 3454 1878 quod

150 1897 509 1968 ώητοῦντες
534 1898 626 1953 τοῦ
653 1901 881 1971 Κυρίου,
917 1901 1013 1955 ἀπ’
1054 1901 1219 1955 αὑτοῦ
1256 1899 1593 1966 σαλεύονται,
1628 1899 1764 1972 πλη-

1899 1901 2205 1969 ηόροείιυιιι
2258 1911 2363 1965 est,
2398 1911 2727 1971 praeceptum
2774 1902 3092 1955 observant.
3142 1899 3237 1955 Vel
3287 1900 3382 1968 qui
3422 1915 3452 1951 a

154 1986 404 2057 ροῦντες
433 1987 533 2059 τήν
562 1990 929 2061 προκειμένην
962 1990 1203 2061 ἐντολήν.
1234 1990 1304 2043 Ἦ
1340 1990 1389 2043 oi
1444 1990 1555 2044 ἀπὸ
1606 1990 1764 2059 λόγου

1899 1995 2037 2048 ἐτὺο
2063 1994 2159 2048 Dei
2192 2005 2499 2059 moventur,
2525 1994 2593 2049 ab
2624 1993 2740 2065 ipso
2768 2001 3202 2059 commoventur,
3233 1978 3455 2057 vivente

152 2078 260 2131 τοῦ
290 2078 439 2132 Θεοῦ
474 2080 782 2151 κινούμενοι
816 2081 911 2134 ἀπ’
954 2081 1119 2135 αὐτοῦ
1172 2080 1509 2149 σαλεύονται,
1566 2081 1764 2147 ζῶντος

1899 2102 1925 2140 n
1963 2085 2095 2156 ipsis
2124 2085 2365 2141 Christo.

153 2170 219 2223 ιν
249 2170 449 2234 αὐτοῖς
481 2170 575 2223 τοῦ
612 2170 873 2242 Χριστοῦ.

244 2259 365 2313 Τοῦ
403 2261 615 2315 αὐτοῦ.
672 2260 840 2324 Σάλος
891 2262 1039 2327 ἐστὶν
1092 2261 1203 2332 (85)
1245 2263 1530 2328 ἐπαινετὸς
1588 2263 1768 2336 ψυχῆς

160 2347 407 2419 λογικῆς
442 2351 551 2404 ἀπὸ
579 2351 775 2416 κακίας
835 2353 929 2407 καὶ
975 2353 1251 2423 ἀγνωσίας
1309 2355 1397 2407 ἐπ’
1430 2354 1631 2426 ἀρετήν
1674 2359 1768 2410 καὶ

161 2440 381 2509 γνῶσιν
422 2442 734 2512 μετάθεσις.

1943 1081 2111 1138 Vens.
2136 1081 2194 1135 ’1.
2236 1080 2449 1136 Ponens
2487 1083 2541 1135 in
2570 1083 2830 1137 thesauris
2863 1084 3098 1153 abyssos,
3129 1095 3233 1141 etc.
3264 1084 3451 1142 Ratio-

1872 1187 1969 1228 nes
2004 1173 2182 1244 abyssi
2222 1174 2275 1227 in
2304 1174 2582 1229 thesauris
2604 1175 2695 1228 Dei
2722 1185 2869 1231 sunt.

1948 1262 2109 1319 Vsus.
2138 1263 2193 1319 8.
2226 1264 2429 1319 Timeat
2460 1265 2744 1319 Dominum
2783 1267 2954 1320 omnis
2985 1277 3147 1333 terra,
3177 1267 3241 1320 ab
3266 1281 3329 1321 eo
3350 1286 3449 1321 au-

1872 1363 1975 1408 tem
2022 1366 2450 1409 commoveantur
2498 1372 2676 1417 omnes
2703 1358 3056 1411 inhabitantes
3101 1358 3303 1424 orbem,
3338 1370 3445 1415 etc.

1941 2259 2220 2330 Ejusdem.
2265 2259 2571 2316 Caintnotio
2617 2258 2905 2315 laudabilis
2932 2268 3014 2313 est
3059 2259 3253 2313 animm
3287 2260 3453 2314 ratio-

1871 2353 2014 2409 nalis
2049 2370 2078 2408 a
2111 2353 2311 2407 malitia
2341 2363 2396 2408 et
2433 2353 2737 2424 ignorantia
2788 2352 2855 2407 ad
2892 2352 3153 2407 virtutem
3181 2364 3235 2408 et
3279 2354 3458 2409 SCiCII‘.

1872 2451 2342 2507 tiam-translatio.

244 2553 373 2605 Ὅτι
404 2553 590 2620 αὐτὸς
615 2549 765 2619 εἷπε,
790 2554 886 2607 καὶ
906 2553 1285 2624 ἐγενήθησαν
1302 2574 1317 2586 ο
1346 2558 1530 2619 αὐτὸς
1552 2556 1768 2612 ἐνετεί-

169 2648 348 2706 υιατο,
382 2646 481 2697 καὶ
522 2639 910 2712 ἐκτίσθησαν,
938 2662 993 2698 κ.
1027 2662 1077 2698 τ.
1116 2646 1161 2699 ἑ.
1203 2647 1266 2699 Ἡ
1292 2648 1390 2718 μὲν
1413 2647 1627 2715 γένεσις
1658 2647 1769 2719 (86)

170 2735 274 2805 τήν
307 2734 422 2787 τῶν
456 2734 690 2803 λογικῶν
735 2734 992 2789 ούσίωσιν
1035 2736 1223 2807 δηλοῖ·
1273 2738 1306 2807 ή
1356 2738 1413 2793 δὲ
1454 2739 1631 2802 κτίσις
1667 2738 1768 2809 τὴν

172 2826 285 2878 ἀπὸ
308 2826 407 2879 τοῦ
444 2826 751 2898 κρείττονος
785 2827 878 2880 ἐπὶ
916 2827 977 2881 τὸ
1015 2832 1197 2900 χεῖρον
1246 2828 1581 2901 μεταϐολήν·
1642 2848 1661 2881 ι
1702 2830 1771 2884 Εἴ

174 2930 260 2976 τις
299 2933 318 2965 s
346 2915 457 2986 γὰρ
491 2932 509 2966 ι
542 2916 598 2968 ἐν
624 2914 845 2987 Χριστῷ
864 2916 1024 2988 καινὴ
1051 2918 1250 2985 κτίσις,
1283 2937 1301 2971 ι
1332 2917 1762 2983 ἁνακαινίζεται.

1940 2561 2106 2617 Vens.
2145 2561 2199 2616 9.
2235 2560 2500 2627 Quoniam
2544 2560 2654 2629 ipse
2696 2560 2854 2628 dixit,
2881 2570 2926 2615 et
2967 2562 3114 2629 facta
3146 2570 3292 2623 sunt,
3338 2561 3449 2627 ipsc

1869 2654 2161 2718 mandavit,
2180 2663 2227 2706 et
2250 2664 2426 2706 creata
2460 2662 2604 2718 sunt,
2638 2662 2743 2707 etc.
2770 2652 3063 2707 Generatio
3085 2651 3453 2720 substantiam

1872 2744 2276 2801 rationabilium
2335 2758 2517 2797 rerum
2585 2742 2904 2813 signiticat;
2992 2744 3203 2797 creatio
3265 2755 3447 2798 autem

1871 2836 2224 2890 mutationem
2254 2850 2282 2887 a
2316 2835 2461 2888 bono
2485 2833 2536 2887 in
2566 2833 2789 2887 malum.
2823 2850 2841 2883 ι
2882 2833 2937 2886 Si
2970 2848 3072 2901 qua
3111 2852 3129 2884 ι
3161 2834 3303 2886 enim
3341 2851 3358 2884 ι
3398 2835 3449 2889 in

1869 2927 2087 2982 Christo
2116 2942 2250 2981 nova
2282 2934 2530 2981 creatura
2558 2925 2632 2989 ⁸,»
2668 2934 2980 2979 renovatur.

250 3027 460 3095 Κύριος
513 3027 885 3090 διασκεδάζει
932 3030 1172 3097 βουλὰς
1190 3029 1401 3096 ἐθνῶν,
1448 3033 1651 3087 ἀθετεῖ
1696 3033 1764 3087 δὲ

1938 3038 2101 3092 Vens.
2131 3036 2215 3090 10.
2263 3037 2516 3090 Dominus
2558 3036 2781 3102 dissipat
2812 3032 3036 3086 consilia
3079 3033 3334 3103 gentium,
3368 3047 3449 3097 re:

178 3118 509 3191 λογισμοὺς
542 3117 707 3172 ,λαῶν
727 3157 744 3181 ,
774 3120 874 3173 καὶ
903 3120 1097 3173 ἀθετεῖ
1139 3121 1379 3186 ,βουλὰς
1432 3122 1762 3190 ἀρχόντων,

184 3224 240 3259 κ.
272 3223 323 3259 τ.
354 3209 399 3261 ἑ.
425 3208 491 3259 Αἱ
522 3207 708 3277 βουλαὶ
736 3210 847 3262 τῶν
877 3209 1047 3262 ὲθνῶν
1086 3209 1237 3280 (87),
1292 3210 1388 3263 καὶ
1426 3212 1477 3262 oi
1515 3212 1766 3282 λογισμοὶ

185 3298 294 3351 τῶν
316 3299 481 3364 λαῶν,
512 3301 607 3353 καὶ
628 3302 685 3355 al
717 3300 906 3371 βουλαῖ⁹
963 3301 1073 3354 τῶν
1122 3301 1399 3372 ἀρχόντων
1445 3302 1765 3357 ἀθετοῦνται

187 3390 292 3444 ὑπὸ
317 3391 542 3463 Κυρίου,
578 3393 654 3456 ὼς
682 3393 1092 3462 ὲναντιούμεναι
1139 3393 1218 3464 τῷ
1249 3392 1517 3464 θελήματι
1574 3395 1762 3460 αὑτοῦ,

190 3482 281 3551 τοῦ
304 3502 322 3534 ι
346 3484 549 3547 πάντας
571 3483 891 3555 ἀνθρώπους
913 3485 1157 3548 θέλοντος
1177 3484 1414 3555 σωθῆναι
1440 3486 1533 3539 καὶ
1551 3490 1627 3550 είς
1653 3488 1767 3541 ἐπί-

192 3590 384 3643 γνωσιν
412 3574 669 3644 ἀληθείας
695 3574 890 3629 ἐλθεῖν.
937 3595 957 3628 ι

214 3652 217 3655 ’
274 3665 324 3714 Ὁ
362 3664 600 3729 πλάσας
631 3664 783 3718 κατὰ
816 3667 1012 3735 μόνας
1071 3667 1178 3732 τὰς
1230 3668 1481 3737 καρδίας
1543 3667 1761 3733 αὐτῶν,

196 3756 232 3807 ό
253 3753 477 3818 συνιεὶς
507 3752 703 3807 πάντα
730 3761 801 3808 τὰ
832 3757 976 3825 ἔργα
1000 3755 1218 3821 αὐτῶν,
1257 3776 1309 3811 κ.
1337 3767 1389 3812 τ.
1419 3761 1468 3814 ι.
1512 3760 1572 3812 'U
1604 3761 1767 3830 μόνος

1866 3129 2049 3195 probat
2079 3138 2251 3179 autem
2273 3126 2613 3194 cogitationes
2630 3122 2965 3191 populorum,
2983 3130 3029 3175 et
3058 3123 3298 3188 reprobat
3322 3138 3449 3175 con-

1866 3218 1989 3271 silia
2013 3218 2337 3286 principum,
2363 3226 2469 3269 ctc.
2512 3213 2750 3268 Consilia
2803 3213 3068 3283 gentium,
3094 3214 3448 3282 cogitationes

1868 3308 2185 3378 populorum
2224 3346 2239 3371 ,
2273 3316 2329 3361 et
2375 3306 2596 3361 consilia
2646 3306 2949 3375 principum
3006 3306 3369 3373 reprobantnr
3414 3320 3449 3366 λ

1870 3400 2120 3473 Domino,
2153 3410 2210 3453 nt
2259 3400 2534 3454 contraria
2569 3398 2833 3451 voluntati
2890 3396 3007 3465 ejus
3057 3414 3076 3448 ι
3122 3397 3212 3466 qui
3249 3412 3445 3449 omnes

1869 3491 2117 3547 homines
2153 3492 2261 3545 vult
2304 3492 2480 3545 salvos
2512 3491 2625 3545 ﬁeri
2657 3499 2709 3545 et
2732 3490 2797 3544 ad
2831 3490 3162 3559 agnitionem
3197 3489 3447 3543 veritatis

1871 3585 2058 3639 venire
2086 3587 2128 3639 '.
2170 3603 2189 3637 s
3154 3592 3157 3593 '

1942 3674 2109 3729 VERE.
2138 3674 2224 3729 15.
2268 3674 2371 3740 Qui
2404 3674 2560 3742 [insit
2596 3673 2912 3742 singillatim
2943 3672 3103 3725 corda
3130 3687 3331 3734 eorum,
3358 3670 3452 3739 qui

1868 3764 2113 3833 intelligit
2160 3767 2338 3817 omnia
2374 3782 2533 3833 opera
2586 3780 2788 3827 eorum,
2818 3773 2922 3819 etc.
2957 3764 3056 3831 Qui
3091 3764 3239 3819 solus
3272 3764 3444 3826 finxit.

198 3843 396 3911 πλάσας
418 3842 526 3911 (88)
557 3844 717 3913 μόνος
745 3847 839 3897 καὶ
867 3845 1155 3913 γινώσκει·
1202 3847 1282 3911 διδ
1325 3848 1506 3914 καλῶς
1548 3850 1764 3919 λέγεται

1899 3857 2015 3912 olus
2037 3859 2202 3912 etiam
2236 3858 2538 3927 cognoscit.
2563 3856 2741 3923 Quare
2778 3856 3005 3925 pulchre
3038 3856 3329 3911 admodum
3357 3872 3448 3911 suo

200 3934 227 3985 ὀ
251 3934 375 3997 Θεὸς
408 3933 568 4003 μόνος
598 3935 1058 4009 καρδιογνώστης.

277 4047 593 4102 Ῥὐσασθαι
629 4049 699 4121 ἐκ
731 4049 992 4106 θανάτου
1029 4051 1134 4118 τὰς
1171 4055 1377 4123 ψυχὰς
1412 4054 1631 4119 αὐτῶν,
1665 4057 1764 4111 καὶ

1866 3948 1953 4002 lus
1981 3950 2120 4005 Deus
2154 3950 2399 4005 cordium
2426 3950 2678 4019 cognitor
2709 3948 2927 4001 dicitur.

1943 4064 2103 4117 Vens.
2133 4064 2218 4119 l9.
2256 4061 2324 4117 Ut
2354 4072 2503 4117 eruat
2533 4080 2564 4115 a
2591 4071 2758 4116 morte
2782 4062 2989 4115 animas
3021 4077 3222 4124 eorum,
3255 4071 3302 4113 et
3331 4060 3442 4112 alat

204 4136 494 4205 διαθρέψαι
522 4140 745 4207 αὐτοὺς
774 4143 843 4195 ἐν
868 4142 1041 4211 λιμῷ,
1076 4161 1129 4216 κ.
1177 4162 1227 4197 τ.
1276 4146 1323 4200 ἑ.
1370 4145 1639 4216 Πρότερον
1686 4147 1764 4200 δεῖ

1899 4173 1952 4210 os
1982 4158 2036 4208 in
2073 4156 2232 4225 fame.
2258 4164 2363 4209 etc.
2395 4153 2551 4209 Prius
2572 4151 2847 4205 eruendus
2871 4160 2951 4204 est
2987 4150 3254 4219 quispiam
3277 4148 3446 4221 658

208 4229 308 4300 (89)
331 4247 442 4282 τινα
469 4230 732 4300 ῥύσασθαι
761 4234 868 4286 ἀπὸ
892 4234 1141 4299 θανάτου,
1163 4233 1261 4290 εἷθ’
1286 4236 1456 4301 οὕτως
1478 4238 1767 4310 διατραφῆ-

1868 4264 1895 4301 a
1936 4257 2133 4309 morte,
2158 4246 2352 4301 deinde
2401 4246 2481 4299 sic
2531 4243 2772 4299 alendus.
2808 4241 2961 4296 llunc
2998 4256 3091 4311 per
3110 4256 3273 4310 opera
3302 4239 3446 4294 eruit

209 4336 306 4375 ναι.
326 4321 440 4408 ΔΚαὶ
466 4320 554 4373 διὰ
585 4322 684 4391 μὲν
708 4324 1017 4394 πρακτικῆς
1038 4324 1224 4395 ῥύεταί
1252 4344 1374 4397 τινα
1398 4327 1506 4384 ἀπὸ
1534 4328 1764 4384 θανάτου

1899 4340 2014 4405 »ους
2047 4352 2078 4391 a
2113 4344 2307 4403 morte,
2334 4335 2428 4391 alit
2458 4343 2638 4389 autem
2678 4348 2774 4403 per
2810 4332 3193 4401 c0gnitiouem.

210 4408 234 4460 ὁ
262 4406 466 4480 Κύριος,
488 4408 574 4462 διὰ
675 4409 927 4477 γνώσεως
950 4414 1155 4485 τρέφει.

286 4522 422 4592 Ἡδὲ
471 4523 642 4595 ψγυχὴ
691 4523 860 4599 ἡμῶν
904 4528 1193 4596 ὑπομενεῖ
1250 4531 1331 4596 τῷ
1396 4533 1608 4599 Κυρίῳ,
1672 4533 1760 4599 ὅτι

221 4609 409 4678 ϐοηθὸς
447 4614 545 4667 καὶ
579 4617 1044 4685 ὑπερασπιστὴς
1089 4619 1258 4688 ἡμῶν
1284 4621 1474 4684 ἐστιν,
1510 4639 1564 4675 κ.
1609 4640 1660 4677 τ.
1711 4625 1760 4683 ι.

226 4702 281 4753 Ἢ
308 4702 390 4755 τοῦ
408 4703 614 4758 δικαίου
641 4705 774 4775 (89‘)
795 4709 989 4779 καρδία
1014 4710 1113 4762 ούκ
1144 4712 1491 4783 εὐφραίνεται
1522 4715 1578 4765 ἐν
1617 4713 1759 4785 βρώο

220 4793 413 4863 μασινῆ
445 4795 503 4847 ὲν
537 4795 798 4865 πόμασιν,
829 4797 945 4851 ἀλλ’
978 4800 1037 4851 ὲν
1056 4799 1397 4873 δικαιοσύνῃ,
1424 4806 1517 4855 καί
1548 4803 1762 4870 γιώσει,

220 4883 299 4936 καὶ
328 4885 497 4957 σοφίᾳ.

1945 4532 2105 4588 Vens.
2130 4530 2221 4584 9.0.
2256 4528 2445 4585 Anima
2496 4537 2672 4581 nostra
2722 4528 2935 4581 sustinet
2969 4524 3281 4585 Dominum,
3312 4537 3443 4590 quo-

1870 4625 2009 4678 niam
2036 4624 2252 4694 adjutor
2288 4632 2338 4677 et
2382 4629 2641 4690 protector
2682 4630 2854 4672 noster
2880 4628 2972 4677 est,
3022 4625 3131 4669 etc.
3181 4608 3436 4676 Corjustl

1870 4732 1973 4771 non
2004 4716 2305 4770 delectatur
2337 4713 2390 4767 in
2424 4714 2547 4768 cibo
2599 4720 2690 4765 aut
2720 4720 2869 4780 potu,
2906 4707 2999 4761 scd
3044 4706 3095 4758 in
3128 4701 3361 4770 justitia,
3385 4706 3439 4752 et

1873 4806 2119 4871 scientia,
2149 4818 2199 4861 ct
2232 4805 2520 4877 sapientia.

280 5020 298 5051 '
326 5019 453 5087 Psal.
498 5036 649 5086 svnt,
687 5024 752 5089 ιιι
776 5033 827 5079 et
870 5039 1030 5088 xxxv,
1059 5025 1114 5079 'I.
1188 5027 1209 5057 ⁸
1232 5026 1387 5083 loan.
1417 5043 1513 5090 vn,
1541 5028 1632 5083 ει.
1708 5031 1725 5059 ⁷
1757 5029 1764 5083 l

1899 5034 1942 5084 lt.
1975 5026 2142 5093 v,45.
2220 5024 2241 5057 ⁸
2267 5022 2309 5077 ll
2333 5022 2460 5077 Cor.
2497 5034 2549 5084 ν,
2585 5018 2671 5071 Π.
2747 5017 2809 5072 'l
2840 5015 2979 5071 Tim.
3006 5031 3063 5080 ll,
3101 5013 3153 5067 4.

262 5176 375 5257 ,(83)
398 5179 463 5231 οι
490 5178 679 5257 λέγω.
714 5192 820 5257 etc.
866 5181 1093 5257 Schedae
1122 5184 1331 5249 Grabii,
1362 5186 1531 5241 codex
1563 5186 1759 5245 Coisli-

226 5248 410 5307 nisnus.
436 5259 493 5303 et
526 5248 731 5305 catena
765 5250 1018 5307 Barbari.

228 5316 375 5439 dog?)
406 5318 584 5376 Τοῦτο
623 5321 694 5374 ἐν
738 5320 811 5389 τῇ
849 5325 1170 5403 παρουσίᾳ,
1220 5335 1325 5380 etc.
1386 5324 1585 5385 Catena
1631 5326 1762 5382 Cor.

283 5455 374 5527 (85)
402 5456 589 5526 Σάιος
627 5461 823 5525 ἐστίν,
861 5473 950 5517 etc
1034 5464 1214 5519 Codex
1268 5463 1654 5527 Coislinlanus.
1704 5476 1757 5522 et

235 5525 406 5581 scheil'e
428 5525 633 5584 Grabii.
1305 5569 1308 5573 η

300 5593 393 5678 (80)
426 5596 495 5651 Ἡ
508 5598 625 5668 μὲν
649 5600 905 5674 γένεσις,
934 5612 1040 5659 etc.
1082 5602 1263 5659 Codex
1294 5603 1673 5659 Coislinisuus.

1867 5268 1922 5313 et
1952 5274 2029 5309 cm

1940 5188 2054 5307 (87)
2082 5189 2151 5243 Αἱ
2169 5162 2393 5266 ﬁcia/lati
2425 5181 2541 5236 τῶν
2576 5178 2791 5246 ἐθνῶν,
2820 5188 2927 5234 etc.
2988 5176 3215 5233 Scheda:
3245 5172 3428 5232 Crabii

1952 5274 2029 5307 coi
2054 5272 2119 5307 ex
2148 5255 2532 5307 (linslintanns.

2054 5272 2119 5310 ex
2148 5255 2532 5307 (lnislinianns.

1938 5326 2050 5395 (88)
2090 5327 2142 5379 '0
2168 5324 2348 5389 μόνος
2376 5320 2639 5395 ἶπλάσας,
2671 5330 2779 5377 etc.
2834 5318 3015 5374 Codex
3047 5316 3425 5379 Coislinianns,

1860 5406 1914 5451 el
1938 5393 2137 5450 Catena
2168 5393 2411 5448 Barbari.

1939 5468 2047 5527 (89)
2080 5464 2368 5529 Πρότερον
2399 5460 2511 5525 δεῖ,
2545 5472 2651 5516 etc.
2708 5458 2930 5515 Schedzc
2960 5457 3144 5514 Grabii
3177 5466 3228 5512 et
3262 5456 3429 5512 codex

1868 5534 2246 5591 Comltnianus.

1941 5607 2074 5670 (89')
2116 5599 2177 5661 Ἠ
2212 5601 2314 5656 τοῦ
2340 5601 2591 5665 δικαίου,
2624 5611 2732 5658 etc.
2772 5601 2907 5658 idtm
2932 5599 3084 5657 codd.
3124 5614 3251 5655 tuas.
