3942 6216
206 235 233 287 1
248 235 354 290 321

931 239 1239 296 SELECTA
1279 241 1341 294 ΙΝ
1379 240 1718 298 PSALMOS.
1752 273 1818 280 —
1856 240 2088 298 HOMIL.
2133 246 2149 296 Ι
2187 243 2250 299 ΙΝ
2295 247 2486 301 l’S;\I..
2536 249 2769 307 XXXVI.

3345 263 3484 318 I323

203 360 337 428 ipse
363 368 444 414 est
471 374 671 416 sermo.
703 361 810 415 Sed
839 372 894 416 et
933 363 987 417 in
1011 365 1273 433 Apostolo
1302 367 1564 435 scriptum
1597 376 1682 422 est
1709 367 1753 400 '°
1781 386 1793 420 :
1827 373 1874 430 Α
1905 371 1998 423 sed
2027 369 2147 424 ideo
2189 385 2306 439 qua:
2340 370 2500 426 stulta
2542 383 2669 426 sunt
2705 373 2866 444 elegit
2902 375 3044 432 Deus
3077 377 3240 449 hujus
3270 389 3476 446 mumtl,

202 449 298 502 An
341 449 656 503 (villulamur
708 452 988 506 Dominum
1025 456 1051 507 ν
1092 455 1347 524 Nunquid
1407 458 1652 524 fortiores
1705 459 1798 511 illo

201 555 400 592 sumus
442 542 467 594 1’
519 540 585 593 Et
610 540 698 594 ubi
746 543 998 610 habetur,
1033 548 1351 597 mmutnmur
1382 545 1702 612 Dominum,
1742 549 1794 603 in

201 629 544 698 quibusdam
607 632 1056 701 exemplaribus,
1121 635 1399 690 irritamus
1466 637 1790 709 Dominum,

198 721 481 790 scriptum
512 731 614 777 est.
648 723 724 778 Ex
756 725 953 792 quibus
980 728 1235 783 omnibus
1271 730 1602 784 testimoniis
1651 733 1793 787 indi-

203 823 411 879 catur,
465 814 606 883 quod
650 817 892 870 aemulari
942 818 1215 887 aliquem,
1275 819 1495 876 irritare
1542 837 1666 878 eum
1711 834 1793 880 est

200 913 264 958 et
318 919 616 971 provocare
663 924 677 960 :
735 917 817 975 ιιι,
858 909 1009 964 verbi
1059 925 1268 976 causa,
1321 912 1364 965 si
1412 913 1502 966 tali
1578 925 1794 971 utamur

197 998 462 1065 exemplo
489 997 661 1053 :Sunt
694 1001 942 1068 quadam
980 1001 1236 1058 mulieres
1279 1005 1564 1074 impudicae
1607 1016 1660 1061 et
1693 1024 1789 1062 ne-

197 1101 399 1155 quam,
424 1103 543 1157 quae
571 1089 613 1144 si
647 1091 791 1144 forte
822 1090 970 1147 viros
997 1092 1049 1148 in
1069 1095 1275 1150 amoris
1309 1095 1491 1151 furtivi
1519 1097 1792 1152 illecebris

197 1180 478 1248 ceperint,
517 1195 778 1250 processu
810 1184 1069 1253 temporis
1098 1187 1331 1242 occultis
1368 1203 1474 1243 non
1518 1197 1788 1244 contenta:

194 1271 447 1342 ﬂagitiis,
503 1273 691 1328 volunt
722 1275 887 1329 etiam
924 1278 1140 1347 pudicis
1195 1280 1520 1350 conjugihus
1561 1281 1785 1336 innote-

197 1378 391 1428 scere,
423 1365 564 1432 quod
595 1364 663 1418 ab
695 1380 882 1420 earum
927 1367 1057 1422 viris
1085 1378 1356 1433 amentur,
1393 1379 1451 1423 ut
1479 1384 1543 1424 ex
1589 1370 1692 1424 hoc
1731 1371 1784 1424 in

192 1457 383 1509 zelum
417 1457 682 1521 excitent,
727 1467 781 1512 et
827 1458 1063 1522 irritent,
1102 1475 1166 1514 ac
1205 1461 1527 1530 perturbent
1580 1461 1785 1518 alienas

189 1546 415 1604 domos.
451 1549 507 1602 Si
545 1548 856 1603 intellexisti
902 1551 1138 1621 exempli
1183 1553 1460 1616 virtutem,
1513 1557 1785 1624 quomodo

189 1641 380 1708 pellex
416 1641 590 1694 zelum
615 1642 851 1697 concitet
882 1646 1062 1712 uxori,
1097 1655 1153 1700 et
1182 1645 1284 1701 hoc
1307 1647 1473 1702 debes
1498 1648 1781 1703 advertere

1903 471 1960 514 ut
1988 461 2284 516 confundat
2334 464 2629 531 sapientes,
2660 477 2712 519 et
2745 467 2822 520 sic
2856 468 3110 537 impletur
3157 475 3301 542 quod
3337 480 3479 532 scri-

1901 561 2050 620 ptum
2081 563 2166 606 est
2196 570 2209 606 :
2252 553 2318 606 In
2351 568 2553 622 gentem
2589 557 2914 621 insipientem
2953 561 3174 616 irritnbo
3229 582 3339 626 eos.
3369 572 3476 624 Sed

1899 653 1953 697 et
1992 648 2136 712 quod
2175 647 2306 699 dicit
2345 649 2635 718 Apostolus
2676 652 2763 705 ³³ε
2808 655 2886 705 An
2933 656 3248 711 «enmlamnr
3286 660 3473 714 Domi«

1898 751 2019 789 num
2041 737 2065 789 ?
2091 736 2346 807 Nunquid
2367 741 2614 810 fortiores
2647 761 2827 798 sumne
2854 746 2947 799 illo
2976 748 3000 800 ?
3026 749 3306 806 videamus
3341 756 3470 824 quid

1899 825 2120 881 indicet.
2161 827 2217 881 ln
2255 845 2320 883 eo
2351 830 2467 886 loco
2511 834 2623 887 lere
2664 835 2821 899 dixit,
2848 837 2937 890 ubi
2967 837 3032 892 de
3069 843 3373 909 sacrificiis,
3420 857 3474 898 et

1896 919 2074 972 dehis
2115 936 2234 990 qua:
2267 921 2426 977 idolis
2463 923 2839 992 immolantur,
2888 928 3146 998 disputat.
3190 934 3271 987 An
3305 953 3474 990 temn-

1893 1008 2089 1073 lantur,
2148 1012 2246 1076 ait,
2287 1013 2590 1079 Dominum,
2644 1017 2747 1073 hoc
2795 1031 2877 1074 est
2930 1022 3046 1076 zelo
3091 1027 3467 1093 concitamus,

1893 1098 2116 1155 edentes
2152 1118 2213 1157 ea
2245 1119 2365 1174 qua:
2403 1106 2558 1161 idolis
2598 1109 2874 1164 immolata
2923 1123 3070 1178 sunt,
3107 1117 3248 1172 sicut
3288 1117 3461 1174 Judmi

1893 1190 2067 1246 zelum
2100 1193 2215 1262 ejus
2242 1211 2659 1255 commoverunt
2705 1190 2758 1256 in
2803 1203 2960 1259 idolis
3004 1207 3120 1261 suis
3153 1209 3176 1262 τ
3211 1208 3467 1280 Nunquid

1889 1284 2048 1337 etiam
2083 1301 2181 1340 nos
2209 1288 2372 1343 simili
2424 1293 2584 1346 modo
2630 1294 2809 1350 facere
2846 1297 3136 1354 volumus?
3173 1299 3296 1356 Ideo
3332 1318 3464 1373 ergo

1890 1376 2005 1431 ait:
2041 1378 2122 1432 An
2165 1383 2482 1438 cumulantur
2529 1384 2813 1440 Dominum
2841 1391 2866 1442 ."
2915 1389 3170 1460 Nunquid
3219 1393 3466 1461 fortiores

1888 1467 1983 1520 illo
2024 1485 2205 1523 sumus
2233 1473 2260 1525 ."
2284 1472 2398 1526 lloc
2432 1485 2517 1529 est
2546 1477 2688 1545 quod
2723 1479 2870 1532 dicit.
2899 1476 2951 1531 Si
2973 1482 3191 1550 quidem
3220 1485 3464 1539 concite-

1887 1576 2008 1615 mus
2048 1562 2224 1617 zelum
2257 1565 2422 1619 alicui
2456 1569 2544 1635 qui
2584 1568 2810 1624 inferior
2854 1580 2936 1625 est
2976 1573 3189 1630 viribus
3233 1578 3459 1641 nostris,

1886 1666 2171 1720 possumus
2195 1655 2356 1712 facile
2386 1669 2741 1714 contemnere
2772 1679 2786 1727 ;
2816 1662 2859 1717 si
2898 1678 3028 1720 vero
3058 1664 3252 1721 fortem
3279 1671 3465 1724 conci-

188 1729 335 1797 quid
365 1729 437 1783 sit
469 1729 713 1783 aemulari
755 1732 897 1786 inter
928 1731 1160 1803 aliquos,
1196 1735 1246 1789 id
1288 1745 1388 1801 est,
1419 1751 1543 1790 cum
1571 1737 1650 1792 eis
1673 1753 1780 1791 ma-
1814 1716 1853 1771 Β
1885 1752 2062 1801 temus
2095 1748 2144 1801 in
2182 1748 2383 1814 zelum,
2413 1754 2654 1821 nunquid
2679 1769 2784 1809 non
2813 1755 2865 1809 in
2898 1758 3176 1827 propriam
3206 1761 3463 1817 molimur

190 1819 335 1873 litim
370 1818 602 1888 alicujus
633 1821 990 1877 incitamenta
1028 1824 1362 1893 prmhentur.
1387 1825 1630 1897 Denique
1653 1827 1776 1896 quia

187 1925 384 1966 sermo
408 1911 496 1967 ille
527 1911 954 1980 Deuteronomii,
980 1913 1032 1969 in
1069 1929 1177 1984 quo
1215 1917 1333 1971 alt:
1371 1917 1484 1985 Ipsi
1516 1919 1569 1972 in
1608 1920 1778 1974 zelum

187 2005 537 2059 adduxerunt
589 2022 670 2060 me
717 2008 772 2061 in
810 2025 910 2063 non
948 2008 1080 2075 Deo,
1129 2011 1178 2065 id
1223 2020 1307 2066 est
1349 2012 1772 2082 παρεζήλωσαν,

188 2095 302 2148 hoc
327 2095 616 2164 signiﬁcet,
647 2111 714 2150 ex
751 2097 856 2153 hoc
888 2100 1232 2156 manifestius
1265 2101 1441 2156 claret
1468 2103 1615 2172 quod
1644 2105 1776 2159 alibi

187 2189 457 2257 scriptum
483 2201 568 2244 est
604 2190 670 2256 ³⁸,
707 2193 835 2261 quia
878 2192 1019 2247 Deus
1055 2204 1240 2249 noster
1284 2195 1428 2249 Deus
1474 2196 1659 2251 zelans
1685 2197 1774 2251 di-

187 2278 361 2332 citur.
396 2280 591 2336 Zelans
621 2293 800 2336 autem
841 2284 1069 2340 maritus
1115 2285 1223 2341 diei
1266 2286 1404 2342 solet
1441 2287 1507 2343 de
1549 2286 1776 2358 conjuge

183 2384 317 2435 sua,
349 2387 471 2426 cum
510 2375 560 2429 ei
592 2374 911 2442 pudicitiam
942 2375 1233 2433 sollicitius
1259 2387 1314 2433 et
1345 2378 1561 2434 cautius
1592 2391 1770 2446 curat,

182 2462 501 2531 nec.pollni
541 2465 749 2535 patitur
800 2466 1054 2536 conjugis
1083 2469 1410 2524 castitatem.
1449 2468 1603 2525 Unde
1638 2486 1772 2527 con-

177 2564 486 2625 sequenter
519 2559 608 2632 qui
642 2569 853 2628 peccat,
903 2559 1074 2615 Deum
1111 2563 1203 2632 qui
1247 2563 1434 2618 zelans
1460 2564 1681 2636 dicitur,
1717 2567 1770 2622 in

179 2653 368 2707 zelum
406 2654 619 2723 incitat,
644 2665 697 2712 et
723 2657 932 2712 irritat.
966 2656 1168 2714 Verum
1200 2662 1316 2717 haec
1339 2663 1520 2718 omnia
1547 2666 1773 2723 abusive

178 2745 463 2799 audienda
502 2757 634 2802 sunt
681 2748 748 2802 de
794 2747 928 2818 Deo,
975 2751 1114 2806 sicut
1144 2762 1199 2808 et
1227 2768 1291 2809 ea
1328 2769 1447 2824 qua:
1488 2757 1554 2811 de
1582 2755 1771 2813 furore

178 2836 291 2891 Dei
343 2838 614 2904 dicuntur,
658 2841 744 2896 vel
789 2842 857 2897 de
897 2857 1115 2911 somno,
1154 2846 1241 2901 vel
1277 2847 1345 2900 de
1383 2848 1628 2915 tristitia,
1673 2864 1770 2919 per

173 2947 311 3001 quze
359 2931 486 2990 illud
539 2934 863 3004 intelligitur
905 2937 1034 3008 quid
1087 2941 1468 3011 unusquisque
1520 2952 1766 2998 nostrum

176 3040 288 3094 pro
334 3027 550 3082 actibus
599 3029 714 3084 suis
760 3029 827 3084 de
875 3030 984 3085 Deo
1036 3044 1334 3088 mereatur.
1388 3034 1631 3105 Denique
1682 3037 1762 3091 sic
1792 3065 1838 3126 ο

170 3117 324 3171 dixit
353 3122 405 3172 iu
438 3118 863 3176 Deuteronomio
890 3123 957 3190 ³¹,
988 3125 1113 3192 quia
1154 3127 1253 3194 ipsi
1295 3127 1348 3177 in
1391 3128 1559 3179 zelum
1585 3129 1759 3180 addu-

92 3237 97 3241 κ
177 3222 376 3266 xerunt
397 3228 477 3266 me
497 3215 550 3264 in
587 3231 688 3268 non
717 3214 848 3282 Deo,
877 3227 925 3268 et
954 3219 1397 3270 exneerbaverunt
1425 3235 1502 3270 me
1524 3221 1575 3271 in
1606 3221 1761 3275 idolis

178 3303 315 3363 suis,
349 3302 402 3357 id
436 3313 541 3369 est,
574 3305 814 3360 colentes
849 3307 989 3362 idola
1040 3308 1092 3362 in
1141 3309 1312 3362 zelqu
1348 3311 1761 3366 concitaverunt

182 3409 294 3447 me.
324 3392 432 3451 Sed
463 3396 592 3464 quid
622 3398 911 3466 sequitur?
943 3398 1008 3452 Et
1056 3417 1149 3470 ego
1198 3403 1252 3453 in
1291 3399 1457 3454 zelum
1495 3405 1761 3457 adducam

177 3500 272 3538 eos
312 3487 364 3540 in
408 3503 513 3540 non
545 3499 771 3557 gentem,
818 3491 874 3544 in
912 3500 1115 3560 gentem
1167 3492 1496 3561 insipientem
1539 3497 1758 3550 irritabo

180 3591 292 3631 eos.
330 3578 479 3635 Unde
508 3581 671 3634 etiam
709 3598 855 3637 nunc
884 3581 1056 3638 τιυόωί
1102 3599 1207 3638 non
1244 3598 1531 3641 moventur
1564 3592 1760 3644 adver-

179 3682 276 3723 sus
328 3670 580 3739 gentiles,
627 3671 914 3727 adversum
971 3689 1072 3730 eos
1121 3677 1211 3745 qui
1262 3677 1402 3732 idola
1450 3680 1653 3746 colunt,
1706 3690 1761 3735 et

178 3761 350 3818 Deum
382 3763 779 3834 blasphemant,
808 3778 861 3823 et
889 3769 1012 3825 illos
1043 3785 1150 3824 non
1189 3771 1445 3835 oderunt,
1479 3789 1577 3827 nec
1610 3774 1754 3827 indi-

177 3867 415 3923 gnantur
439 3859 730 3914 adversum
758 3875 852 3915 eos
879 3878 894 3926 ;
928 3863 1216 3917 adversum
1254 3862 1600 3919 Christianos
1628 3881 1755 3921 vero

176 3947 474 4005 insatiabili
505 3952 632 4007 odio
677 3952 947 4020 feruntur,
983 3955 1072 4024 qui
1117 3955 1301 4024 utique
1341 3956 1552 4011 relictis
1599 3957 1754 4012 idolis

174 4041 244 4094 ad
271 4040 435 4097 Deum
477 4043 724 4100 conversi
765 4054 910 4100 sunt.
946 4045 1081 4101 Cum
1129 4061 1263 4116 ergo
1307 4046 1510 4102 videris
1536 4045 1753 4104 Judaeos

174 4131 296 4192 odio
322 4135 582 4191 habentes
613 4135 982 4192 Christianum
1018 4149 1073 4193 et
1098 4139 1427 4194 insidiantes
1469 4142 1543 4208 ei,
1587 4143 1750 4196 intel-

174 4226 276 4296 lige
309 4226 432 4295 quia
467 4228 769 4296 completur
813 4232 1094 4300 prophetia
1145 4231 1234 4285 illa
1282 4247 1404 4302 quae
1441 4233 1573 4288 dicit
1614 4251 1627 4286 :
1680 4233 1749 4287 Et

173 4335 264 4390 ego
298 4318 569 4372 concitabo
599 4335 684 4372 eos
729 4319 784 4373 in
835 4337 939 4376 non
980 4331 1206 4392 gentem.
1237 4321 1347 4378 Nos
1373 4324 1518 4378 enim
1559 4341 1746 4381 sumus

1885 1837 1984 1892 ista
2024 1840 2322 1907 perniciem
2347 1841 2369 1894 ?
2393 1839 2449 1895 Si
2479 1858 2610 1914 ergo
2643 1846 2914 1901 vescimur
2949 1849 3108 1905 idolis
3140 1852 3456 1920 immolatis,

1880 1937 1936 1982 et
1967 1928 2253 1985 adversum
2295 1947 2394 1988 nos
2426 1934 2601 1988 zelum
2638 1936 2849 1991 Domini
2885 1941 3238 2004 concitamus.
3269 1943 3460 1999 fortio-

1880 2035 1994 2075 rem
2033 2021 2169 2076 iram
2201 2033 2390 2079 contra
2419 2040 2540 2092 nos,
2573 2027 2624 2081 id
2659 2037 2742 2082 est
2773 2031 2838 2082 ad
2867 2031 3145 2102 preprium
3179 2034 3456 2091 interitum

1879 2127 2260 2182 provocamus.
2293 2116 2350 2173 Si
2389 2120 2606 2188 quando
2636 2136 2768 2192 ergo
2803 2122 3004 2179 videris
3049 2126 3321 2182 hominem
3356 2146 3455 2184 ne-

1877 2219 2063 2273 quam,
2091 2207 2341 2273 observa,
2371 2219 2426 2264 et
2457 2225 2592 2266 cave
2625 2227 2692 2266 ne
2720 2221 2899 2268 zelum
2932 2213 3055 2284 ejus
3090 2219 3334 2275 concites
3355 2222 3452 2274 ad-

1875 2312 2089 2353 versum
2134 2309 2204 2365 te,
2250 2316 2316 2355 ne
2343 2303 2472 2370 quid
2503 2303 2728 2359 incaute
2773 2304 2968 2373 facias,
3012 2308 3153 2363 unde
3206 2313 3452 2380 nequitia

1875 2389 2200 2445 concitetur.
2234 2389 2395 2447 Verbi
2429 2407 2618 2459 causa,
2666 2405 2723 2449 ut
2769 2412 2867 2466 per
2896 2400 3203 2469 exemplum
3236 2402 3453 2471 planius

1873 2479 1970 2534 ﬁat
2003 2483 2145 2551 quod
2179 2483 2401 2550 dicitur,
2433 2485 2628 2543 beatus
2677 2488 2847 2543 David
2880 2489 3012 2544 Saul
3059 2493 3448 2563 malignantem

1873 2573 2177 2627 concitavit
2209 2575 2262 2628 in
2299 2576 2496 2641 zelum,
2531 2581 2749 2648 quando
2778 2582 3054 2652 processit
3087 2593 3213 2638 ante
3239 2589 3451 2640 exerci-

1873 2670 2026 2726 tum,
2075 2673 2130 2718 et
2179 2666 2382 2720 occidit
2433 2667 2688 2736 Goliam,
2744 2679 2798 2726 et
2850 2686 3241 2741 processerunt
3295 2677 3448 2731 chori

1871 2755 2171 2824 puellarum
2199 2766 2254 2812 et
2292 2757 2581 2814 mulierum
2608 2763 2858 2818 dicentes
2891 2763 2936 2795 "
2965 2783 2979 2818 ε
3017 2762 3288 2823 Pereum't
3318 2769 3448 2825 Saul

1871 2845 1926 2898 in
1963 2846 2215 2909 millibus,
2252 2857 2302 2901 et
2335 2847 2507 2903 David
2543 2851 2594 2905 in
2637 2854 2812 2909 decem
2863 2857 3113 2913 millibus.
3148 2861 3302 2927 Quod
3344 2865 3450 2917 uti-

1869 2951 1976 3006 que
2018 2939 2063 2991 si
2107 2940 2294 2994 studio
2330 2956 2429 2996 suo
2480 2943 2683 3012 egisset
2718 2945 2908 3015 David,
2938 2951 3224 3009 aemulatus
3254 2954 3450 3013 fuisset

1871 3026 1924 3082 in
1967 3029 2301 3100 malignitate
2335 3031 2486 3086 Saul.
2521 3035 2628 3090 Sed
2665 3053 2811 3093 nunc
2852 3055 2961 3095 non
3005 3057 3104 3098 suo
3139 3046 3316 3102 studio
3360 3047 3446 3101 fa-

1871 3128 2020 3174 ctum
2045 3131 2128 3176 est
2154 3132 2211 3175 ut
2235 3123 2451 3177 exirent
2473 3124 2626 3180 chori
2649 3128 2974 3196 puellarum,
2992 3141 3046 3186 et
3071 3134 3444 3203 hujuscemodi

1867 3211 2125 3281 hymnum
2160 3215 2427 3281 dicerent,
2472 3218 2602 3287 quia
2647 3219 2815 3276 David
2861 3225 3134 3291 percussit
3171 3228 3224 3280 in
3255 3228 3441 3284 decem

1867 3300 2131 3369 millibus,
2181 3314 2235 3359 et
2279 3306 2406 3360 Saul
2460 3308 2515 3362 in
2566 3309 2822 3370 millibus.
2870 3313 2983 3370 lioc
3023 3326 3107 3371 est
3134 3333 3265 3390 ergo
3297 3326 3440 3389 quod

1867 3408 1969 3448 nos
2001 3395 2190 3450 edocet
2226 3398 2491 3467 psalmus,
2539 3411 2598 3455 ut
2645 3406 2901 3472 quoniam
2947 3422 3118 3476 genus
3159 3411 3439 3470 hominum

1867 3485 2108 3553 proclive
2141 3498 2228 3542 est
2257 3489 2325 3544 ad
2354 3491 2706 3562 zelotypiam,
2751 3504 2805 3549 et
2851 3498 3111 3567 perfacile
3143 3505 3212 3558 ad
3248 3507 3440 3560 vitium

1864 3576 2006 3634 istud
2040 3579 2357 3648 inclinatur,
2391 3586 2622 3641 observa
2667 3602 2734 3642 ne
2784 3588 2835 3643 id
2885 3605 3035 3659 agas,
3071 3597 3214 3664 quod
3267 3598 3437 3653 malos

1864 3669 2112 3726 homines
2144 3672 2195 3726 in
2229 3675 2634 3732 mmulationem
2668 3683 2741 3733 tui
2768 3681 2965 3750 irritet,
2991 3695 3045 3740 et
3073 3687 3139 3741 ad
3166 3688 3436 3746 insidian-

1861 3764 1989 3817 dum
2030 3765 2124 3819 tibi
2159 3769 2416 3834 concitet,
2449 3769 2530 3824 vel
2559 3771 2626 3826 ad
2657 3772 2841 3828 odium
2877 3777 2949 3830 tui
2985 3779 3209 3834 excitet.
3257 3781 3318 3836 Et
3350 3794 3438 3838 est

1858 3856 1961 3912 hoc
1988 3866 2160 3912 totum
2189 3862 2333 3929 quod
2372 3863 2716 3933 significatur
2750 3867 2802 3921 in
2838 3868 2923 3923 his
2950 3872 3222 3938 omnibus,
3252 3885 3310 3930 ut
3348 3892 3440 3935 ne-

1857 3959 1963 4013 que
1995 3946 2110 4016 ipse
2144 3965 2410 4019 provoces
2439 3954 2564 4007 mali
2600 3955 3002 4013 aemulationem
3037 3961 3324 4020 adversum
3356 3978 3431 4034 te,

1857 4053 2032 4108 neque
2083 4051 2137 4094 tu
2179 4043 2477 4112 nequitiam
2524 4047 2800 4102 zemuleris
2846 4049 3102 4105 alienam.
3150 4053 3426 4120 Quomodo

1854 4147 1985 4202 ergo
2045 4135 2208 4190 homo
2273 4139 2570 4207 nequitiam
2632 4141 2921 4198 aemulatur
2970 4145 3248 4203 alterius?
3299 4149 3428 4207 Sine

1853 4223 2018 4280 dubio
2053 4241 2176 4280 cum
2200 4230 2388 4284 eadem
2417 4230 2547 4300 agit.
2581 4230 2734 4298 Quod
2763 4245 2947 4290 autem
2986 4238 3129 4303 dico,
3181 4242 3292 4297 tale
3324 4255 3429 4300 est:

1853 4315 1910 4370 Si
1944 4318 2067 4386 quis
2092 4320 2164 4374 sit
2190 4336 2288 4390 per
2313 4322 2655 4391 iniquitatem
2688 4326 2840 4381 dives
2867 4326 3040 4384 factus
3068 4345 3132 4386 ex
3166 4347 3428 4404 paupere,

173 4425 277 4466 non
304 4424 454 4478 gens,
498 4411 590 4478 qui
633 4411 791 4478 pauci
839 4427 908 4468 ex
953 4414 1055 4468 ista
1092 4413 1317 4470 civitate
1354 4415 1645 4483 credimus,
1687 4428 1743 4472 et

1869 4407 1896 4461 si
1930 4410 2002 4463 sit
2046 4410 2260 4466 vicinus
2293 4412 2410 4481 ejus
2458 4429 2647 4483 egens,
2695 4427 2750 4472 et
2800 4420 2980 4475 videat
3021 4423 3168 4480 illum
3216 4429 3306 4497 qui
3363 4432 3430 4485 de

173 4499 264 4555 alii
321 4516 387 4555 ex
434 4501 562 4565 alia,
614 4511 670 4557 et
713 4519 984 4574 nusquam
1039 4521 1173 4576 gens
1215 4506 1426 4577 integra
1473 4507 1541 4561 ab
1588 4509 1741 4563 initio

171 4592 504 4648 credulitatis
532 4594 748 4658 videtur
780 4607 1082 4667 assumpta.
1128 4598 1245 4654 Non
1289 4600 1437 4655 enim
1471 4602 1613 4656 sicut
1640 4599 1737 4656 Ju-

170 4683 402 4739 daaorum
461 4701 594 4756 gens
655 4696 797 4755 erat,
857 4689 944 4745 vel
994 4689 1379 4762 Egyptiorum
1448 4709 1600 4763 gens,
1667 4695 1738 4748 ita

168 4777 324 4830 etiam
353 4776 787 4835 Christianorum
819 4795 991 4853 genus
1019 4797 1152 4852 gens
1185 4794 1271 4839 est
1303 4801 1438 4849 una,
1471 4787 1552 4842 vel
1594 4788 1736 4843 inte-

169 4884 280 4942 gra,
316 4871 410 4926 sed
438 4875 667 4948 sparsim
715 4891 782 4931 ex
831 4877 1058 4948 singulis
1098 4880 1352 4948 gentibus
1391 4881 1558 4952 656
1596 4897 1732 4936 con-

170 4971 478 5038 gregantur.
518 4966 658 5022 Dicit
683 4983 834 5038 ergo,
875 4971 999 5039 quia
1023 4969 1131 5041 Ego
1159 4973 1214 5025 in
1247 4973 1416 5025 zelum
1449 4991 1537 5028 eos
1575 4977 1735 5029 indu-

169 5071 278 5130 cent
312 5057 364 5110 in
396 5074 500 5118 non
525 5072 746 5128 gentem,
794 5064 851 5118 in
891 5075 1093 5134 gentem
1134 5066 1470 5136 insipientem
1508 5070 1728 5123 irritabo

167 5161 271 5210 eos.
304 5145 368 5200 Et
395 5147 516 5203 ideo
545 5151 832 5208 irritantur
878 5155 930 5209 in
980 5171 1097 5222 nos,
1129 5166 1185 5212 et
1222 5158 1348 5212 odio
1393 5171 1493 5213 nos
1527 5159 1729 5215 habent

168 5239 303 5300 velut
339 5251 556 5310 gentem
592 5244 965 5314 insipientem,
995 5250 1242 5305 dicentes
1274 5267 1331 5306 se
1363 5266 1484 5307 esse
1513 5254 1730 5321 sapien-

169 5337 266 5390 tes,
305 5332 562 5399 quouiam
604 5337 822 5403 quidem
869 5338 1061 5407 primis
1109 5341 1239 5409 ipsis
1283 5343 1575 5396 commissa
1606 5351 1733 5396 sunt

166 5422 364 5490 eloquia
405 5425 519 5490 Dei,
549 5438 601 5480 et
637 5429 958 5485 meditantes
989 5447 1018 5485 a
1051 5448 1215 5500 puero
1238 5449 1410 5502 usque
1454 5434 1522 5488 ad
1570 5449 1724 5489 sene-

167 5526 351 5569 uutem
386 5516 554 5588 legem
588 5519 709 5586 Dei,
760 5524 811 5576 in
841 5524 1011 5594 legem
1057 5526 1150 5579 Dei
1185 5543 1287 5580 non
1321 5536 1724 5596 pervenerunt;

234 5693 323 5748 "l
372 5695 496 5750 Cor.
560 5713 614 5759 x,
656 5698 746 5752 22.
825 5701 864 5731 ³¹
917 5701 1086 5758 Exod.
1131 5719 1183 5770 x,
1231 5703 1283 5758 5.

385 5789 657 5851 Pauor...
696 5791 813 5852 Gtt.
850 5794 989 5855 ΧΠ.

1364 5705 1406 5735 ³¹
1453 5705 1607 5758 Deut.
1647 5720 1817 5771 χχχιι,
1847 5705 1936 5759 (ΞΙ.

1853 4509 1997 4554 terra
2039 4505 2309 4568 surrexit,
2355 4515 2409 4559 et
2446 4508 2512 4561 ad
2553 4508 2864 4565 divitiarum
2898 4517 3109 4570 culmen
3158 4524 3428 4590 ascendit,

1853 4603 1907 4647 et
1944 4595 2169 4664 incipiat
2202 4600 2444 4654 aemulari
2473 4610 2529 4655 ut
2554 4602 2811 4660 similiter
2843 4607 3010 4662 etiam
3063 4610 3176 4677 ipse
3213 4628 3280 4667 ex
3318 4614 3423 4668 ini-

1849 4685 2328 4757 quitateditescat,
2365 4691 2468 4746 hoc
2495 4701 2578 4747 est
2617 4695 2860 4751 aemulari
2900 4696 3164 4754 facientes
3212 4702 3418 4772 iniqui-

1848 4783 2038 4832 tatem.
2081 4778 2185 4836 Sed
2213 4791 2268 4836 et
2296 4784 2339 4838 si
2376 4784 2496 4853 quis
2525 4801 2648 4840 eum
2680 4788 2772 4857 qui
2803 4787 2885 4842 vel
2931 4789 3148 4846 furtivis
3190 4796 3420 4863 stupris,

1844 4884 1927 4939 vel
1983 4885 2189 4942 illicitis
2234 4891 2528 4947 conatibus
2575 4892 2714 4946 ultra
2763 4893 2944 4948 locum
2989 4904 3046 4950 et
3107 4912 3420 4957 mensuram

1838 5008 1992 5047 suam
2046 4991 2260 5048 invadit
2311 4997 2551 5065 nuptias,
2610 4995 2821 5060 domos,
2875 4997 3126 5065 divitias,
3173 5004 3416 5060 :emulari

1838 5099 1993 5163 velit,
2026 5101 2309 5156 aemulatus
2341 5109 2424 5155 cst
2447 5100 2708 5157 facientes
2741 5104 3106 5174 iniquitatem.
3133 5106 3251 5164 .Iam
3289 5127 3422 5166 vero

1836 5218 1933 5259 eos
1957 5205 2051 5275 qui
2081 5219 2178 5276 per
2207 5207 2418 5260 diversa
2458 5205 2681 5276 ﬂagitia,
2710 5209 2796 5264 vel
2835 5209 3085 5280 indignas
3117 5222 3278 5284 atque
3307 5215 3416 5270 illi-

1834 5313 1972 5367 citas
2019 5314 2347 5370 ambitiones
2398 5315 2465 5369 ad
2522 5315 2791 5371 immerita
2849 5317 3121 5374 bonorum
3176 5319 3415 5376 culmina

1834 5428 2228 5489 pervenerunt,
2252 5428 2307 5474 et
2329 5419 2529 5490 iniquis
2561 5420 2891 5478 factionibus
2915 5424 2996 5479 vel
3027 5427 3271 5481 eruentis
3298 5444 3414 5480 ma-

1834 5524 1995 5580 nibus
2032 5525 2267 5581 honores
2293 5541 2398 5580 non
2436 5526 2540 5582 sibi
2575 5526 2785 5583 debitos
2828 5542 3195 5601 occuparunt,
3234 5533 3332 5588 hos
3363 5533 3412 5590 si

2015 5705 2060 5737 ³³
2094 5704 2261 5761 lCor.
2298 5722 2353 5773 Χ,
2383 5706 2473 5761 2‘2.
2552 5705 2596 5736 ³³
2622 5703 2639 5756 Ι
2669 5705 2797 5776 Reg.
2839 5721 2993 5768 Xthl,
3039 5705 3070 5756 7

2864 5798 2943 5857 1&2
