3942 6216
181 230 203 281 l
219 228 331 282 59.5

877 216 1185 274 summa
1226 213 1291 269 1N
1332 213 1671 273 esamos.
1712 243 1783 256 -
1822 206 2054 266 ttoutL.
2095 208 2117 265 ι
2160 213 2223 267 IN
2263 215 2454 273 PSAL.
2497 215 2734 271 xxxvr.
2940 225 2945 234 -
2986 222 3036 244 τε

3305 218 3435 271 1326

176 344 505 410 honoribus,
550 343 773 407 divitiis,
820 350 875 395 et
907 340 1053 395 omni
1103 337 1271 409 gloria
1309 340 1541 406 carnali,
1593 349 1757 410 atque
1787 341 1833 398 Α
1862 339 2035 393 mines
2094 336 2442 392 introducere
2487 336 2797 407 ὁμωνυμίᾳ,
2851 336 2901 391 id
2952 344 3035 391 est
3081 336 3436 395 similitudine

175 438 439 493 Omnibus
472 434 650 490 srcculi
703 433 878 498 bonis,
926 432 979 485 in
1019 429 1268 493 Domino,
1321 432 1530 500 inquit,
1582 445 1760 505 spera.

177 526 433 597 Sperans
482 536 664 579 autem
723 526 773 577 in
832 522 1057 577 Domino
1094 534 1199 574 non
1253 520 1331 574 sis
1381 522 1615 585 otiosus;
1672 521 1764 575 sed

180 618 490 674 bonitatem
528 617 751 681 faciens,
780 628 937 684 spera
977 614 1027 667 in
1057 627 1140 666 eo.
1173 612 1303 679 Qua:
1333 623 1416 666 est
1446 625 1626 667 autem
1664 613 1762 665 ista

184 712 428 771 bonitas,
471 711 768 764 videamus.
798 706 952 764 Unus
986 714 1067 762 est
1111 721 1173 760 ex
1220 705 1326 759 illis
1362 703 1602 759 fontibus
1632 719 1765 771 quos

185 802 368 856 sancti
406 801 643 871 Spiritus
695 799 909 853 fructus
959 813 1081 852 esse
1121 804 1405 850 enmnerat
1449 795 1761 863 Apostolus.

186 891 427 948 Fructus
460 904 636 947 autem
668 892 884 958 spiritus
911 901 984 945 est
1029 890 1286 953 clmrilas,
1321 888 1594 958 gaudium.
1638 903 1763 953 pax,

183 983 467 1053 patientia,
512 983 715 1035 bonitas
759 996 807 1035 et
854 981 1064 1048 justitia
1090 976 1155 1032 “.
1200 976 1309 1033 Fac
1369 992 1499 1045 ergo
1550 976 1762 1028 bonita-

191 1085 324 1137 tem,
362 1074 502 1128 velut
539 1074 581 1127 si
620 1074 828 1127 diceret
861 1072 927 1126 ad
973 1085 1164 1140 agrum
1197 1070 1448 1137 loquens,
1476 1065 1578 1120 Fac
1616 1067 1761 1120 illum

188 1168 433 1222 fructum
474 1167 555 1222 vel
604 1167 792 1221 illum:
834 1165 905 1218 ita
954 1180 1097 1218 nunc
1143 1162 1238 1217 tibi
1286 1162 1519 1215 auditori
1559 1162 1767 1215 divina-

186 1275 311 1313 rum
351 1260 776 1329 Seripturarum,
818 1267 1074 1325 tanquam
1125 1270 1257 1323 agro
1306 1253 1548 1321 loquitur
1580 1266 1763 1305 sermo

183 1351 427 1404 divinus.
462 1349 573 1404 Fac
613 1351 917 1410 bonitatem,
949 1360 994 1402 et
1030 1347 1266 1401 inhabita
1320 1354 1539 1408 terram,
1588 1354 1635 1398 et
1671 1361 1762 1411 pa-

184 1445 349 1499 sceris
381 1444 436 1497 in
477 1444 674 1497 divitiis
717 1443 854 1513 ejus.
902 1439 1020 1495 Noli
1070 1454 1190 1495 esse
1240 1438 1381 1493 sicut
1431 1436 1609 1489 fenum
1643 1450 1764 1489 are-

184 1552 383 1600 scens,
432 1537 535 1591 noli
590 1536 703 1589 lleri
750 1536 890 1588 sicut
935 1534 1082 1587 olera
1124 1533 1448 1592 herbarum,
1499 1543 1617 1597 qua:
1654 1528 1763 1582 cito

184 1628 471 1692 deﬁcient,
519 1628 610 1681 sed
643 1642 797 1694 spera
831 1626 884 1678 in
922 1624 1173 1688 Domino,
1216 1630 1269 1677 et
1319 1621 1402 1677 l‘ac
1443 1620 1759 1683 bonitatem,

184 1730 241 1773 et
283 1718 523 1772 inhabita
559 1727 779 1771 terram.
813 1714 984 1782 Quam
1040 1723 1243 1768 terram
1297 1711 1606 1766 inhabitare
1662 1724 1761 1763 nos
1795 1693 1834 1748 Β

180 1808 341 1877 jubet
388 1811 432 1862 si
485 1808 782 1863 bonitatem
834 1805 1163 1862 fecerimus?
1212 1803 1411 1873 Utique
1464 1802 1507 1856 si
1554 1802 1620 1856 de
1661 1801 1760 1855 ista

186 1902 508 1969 loqueretur
543 1910 687 1955 terra
733 1916 895 1970 quam
947 1899 1278 1963 habitamus,
1314 1904 1368 1950 et
1418 1895 1511 1965 qui
1560 1893 1763 1947 iaciunt

187 1993 514 2057 bonitatem,
556 2002 610 2046 et
653 1993 743 2062 qui
780 2007 884 2045 non
920 1989 1147 2053 faciunt,
1186 1988 1435 2043 habitant
1469 1985 1610 2039 hanc
1653 1994 1761 2037 ter-

186 2101 328 2140 ram.
376 2083 719 2154 Superlluum
750 2100 881 2155 ergo
931 2082 1145 2136 videtur
1197 2092 1321 2135 esse
1362 2077 1675 2132 mandatum
1716 2077 1759 2130 si

189 2176 531 2247 intelligatur
559 2176 674 2230 haec
702 2184 870 2230 terra.
905 2174 1009 2229 Sed
1042 2172 1325 2227 videamus
1352 2184 1419 2225 ne
1448 2168 1587 2224 forte
1615 2167 1761 2221 illam

187 2270 341 2322 dicat
376 2276 581 2322 terram
623 2267 688 2321 de
734 2281 840 2337 qua
886 2265 1148 2334 scriptum
1197 2263 1370 2327 est",
1419 2260 1545 2331 quia
1581 2273 1763 2314 semen

187 2358 337 2412 aliud
370 2358 563 2412 cecidit
593 2348 753 2426 super
792 2367 991 2411 terram
1025 2354 1243 2415 bonam,
1271 2366 1393 2422 qum
1438 2349 1620 2404 attulit
1652 2338 1763 2401 fru—

188 2458 360 2512 ctum,
399 2449 452 2503 in
499 2464 603 2517 qua
653 2462 797 2503 nunc
830 2458 975 2502 terra
1032 2460 1129 2501 cor
1165 2441 1431 2498 auditoris
1464 2439 1765 2510 signiﬁcari

185 2540 425 2594 videtur.
481 2538 633 2595 Hauc
685 2553 817 2609 ergo
863 2537 1122 2606 iubemur
1166 2534 1494 2597 inhabitare,
1532 2533 1636 2587 hoc
1682 2539 1767 2585 est

189 2647 301 2685 non
329 2630 543 2702 longius
567 2632 817 2702 evagari,
843 2644 947 2685 non
980 2629 1117 2682 ultra
1153 2628 1400 2697 citraque
1433 2624 1789 2687 discurrere,‘

184 2724 287 2778 sed
338 2724 612 2789 habitare,
667 2732 723 2779 et
771 2722 1072 2778 consistere
1124 2721 1266 2775 intra
1320 2718 1516 2772 animm
1567 2725 1765 2770 nostra:

188 2814 490 2879 terminos,
536 2824 592 2869 et
639 2812 994 2870 considerare
1051 2827 1171 2867 eam
1231 2809 1542 2880 diligentius
1601 2819 1765 2878 atque

186 2904 332 2959 elliei
363 2903 480 2975 ejus
509 2905 745 2975 agricola
779 2904 920 2959 sicut
960 2903 1059 2958 fuit
1084 2894 1305 2967 Noe,et
1336 2901 1585 2970 plantare
1617 2900 1670 2955 in
1700 2906 1765 2955 ea

186 2998 440 3061 vineam,
486 3004 541 3051 et
585 2995 835 3052 excolere
887 3003 1093 3051 terram
1143 3009 1264 3065 qua:
1310 2993 1455 3047 intra
1496 3006 1596 3047 nos
1645 3002 1760 3057 est,
1792 3026 1837 3085 ε

190 3095 393 3140 nostra:
434 3086 628 3140 animae
676 3086 936 3140 innovare
970 3083 1204 3148 novalia,
1248 3091 1303 3138 et
1345 3096 1452 3136 non
1492 3080 1766 3136 seminare

189 3192 357 3249 super
384 3177 569 3246 spinas
598 3196 611 3231 :
644 3176 898 3232 videlicet
929 3190 1055 3230 cum
1087 3175 1328 3228 animam
1364 3180 1607 3226 nostram
1638 3187 1766 3241 pur-

193 3282 385 3338 gamus
415 3282 444 3319 a
478 3266 645 3335 vitiis,
671 3277 726 3323 et
755 3265 989 3321 incultos
1021 3275 1184 3333 atque
1214 3278 1442 3333 asperos
1482 3277 1661 3318 mores
1700 3265 1767 3316 ad

196 3359 668 3414 mansuetudinem
728 3356 933 3413 Christi
986 3356 1310 3411 imitationis
1360 3353 1676 3419 excolimus,
1713 3361 1768 3408 et

196 3453 268 3506 ita
309 3452 521 3505 demum
570 3465 637 3504 ex
672 3451 935 3503 virtutum
993 3447 1197 3503 divitiis
1231 3447 1528 3518 pascimur.
1582 3445 1767 3515 Neque

194 3541 339 3596 enim
367 3542 662 3610 putandum
693 3550 776 3595 est
825 3540 1041 3610 praecipi
1077 3538 1234 3595 nobis
1268 3550 1515 3594 terrenas
1551 3538 1768 3593 divitias

195 3647 461 3701 quasrere,
510 3646 646 3701 quas
688 3641 1039 3686 contemnere
1088 3630 1344 3701 jubemur
1387 3638 1447 3684 et
1484 3640 1765 3699 spernere.

196 3726 285 3780 Ait
328 3739 503 3795 ergo:
544 3723 795 3778 Inhabita
845 3733 1063 3777 terram.
1113 3722 1225 3777 lloc
1272 3729 1356 3776 est
1390 3734 1542 3791 ergo,
1576 3721 1769 3774 animae

199 3828 303 3873 tuae
354 3832 572 3888 semper
602 3817 817 3881 assiste,
866 3814 936 3869 ibi
979 3828 1195 3884 semper
1240 3827 1520 3883 permane,
1564 3820 1618 3867 et
1667 3827 1769 3866 ex-

197 3913 313 3967 cole
350 3921 551 3966 terratn
584 3922 763 3974 tuam,
810 3922 868 3963 ut
894 3950 910 3974 ,
944 3925 1067 3964 cum
1102 3907 1384 3962 abundare
1420 3906 1653 3975 carperis
1685 3905 1771 3973 ju-

196 4007 358 4062 stitite
385 4004 673 4068 fructibus,
708 4010 833 4057 tunc
866 4000 1109 4073 pascaris
1139 4001 1192 4053 in
1229 3998 1433 4055 divitiis
1459 3999 1597 4069 ejus.
1628 3998 1769 4065 Quid

194 4110 277 4154 est
305 4108 484 4152 autem
531 4094 681 4166 pasci
724 4094 777 4147 in
822 4093 1027 4147 divitiis
1074 4090 1225 4160 ejus?
1258 4090 1393 4158 Quia
1426 4090 1772 4160 quodcunque

197 4190 520 4244 seminaverit
552 4188 733 4251 homo,
760 4186 857 4239 Itoc
883 4196 929 4240 et
963 4194 1135 4239 metet.
1170 4184 1234 4238 Et
1266 4201 1280 4238 :
1315 4182 1420 4249 Qui
1450 4184 1674 4236 seminat
1717 4182 1771 4233 in

198 4298 375 4347 carne,
409 4283 473 4334 de
512 4296 675 4333 carne
703 4289 853 4332 metet
903 4279 1319 4347 corruptionem.
1352 4276 1457 4342 Qui
1487 4284 1661 4329 autem
1692 4291 1773 4329 se-

1870 427 2092 481 alterius
2145 428 2371 481 alterum
2420 442 2485 481 ex
2535 427 2707 480 altero
2757 427 3059 491 nominare,
3110 428 3210 483 hoc
3243 438 3327 482 est
3370 444 3434 484 ea

1866 536 1985 590 qua:
2032 522 2317 576 exterioris
2349 530 2477 575 sunt
2518 522 2770 587 hominis,
2813 521 3143 590 compellere
3175 524 3336 576 etiam
3382 522 3438 577 in

1869 613 2208 669 interiorem.
2257 614 2408 681 Quod
2461 625 2640 669 anzem
2690 616 2813 669 dico
2868 616 2971 670 tale
3023 626 3107 670 est
3144 616 3440 672 :Exterior

1868 704 2025 757 homo
2072 705 2370 774 corporalis
2404 707 2641 760 vesz-itm-
2695 706 2833 760 cibis
2870 706 3339 774 corruptibilihus,
3373 720 3430 759 et

1868 797 1968 852 sibi
2020 799 2178 866 aptis.
2216 798 2310 852 Est
2344 808 2521 852 autem
2573 812 2625 854 et
2676 802 2831 856 cibus
2885 798 3101 870 quidam
3160 800 3437 854 interioris

1868 888 2122 954 hominis,
2154 890 2219 943 de
2267 905 2373 958 quo
2411 889 2611 944 dicitur
2661 893 2782 959 quia
2832 891 2885 944 in
2938 890 3085 945 οιιιιιί
3122 891 3291 946 verbo
3341 889 3435 944 Dei

1866 978 1997 1032 vivit
2034 980 2193 1033 homo
2214 981 2281 1033 ³³.
2322 980 2416 1033 Est
2449 981 2697 1048 poculum
2729 982 3022 1037 exterioris
3055 982 3310 1047 hominis,
3344 992 3432 1037 est

1868 1069 2010 1121 aliud
2042 1070 2335 1125 interioris.
2373 1070 2615 1125 Bibimus
2642 1073 2785 1125 enim
2831 1073 2897 1127 de
2929 1072 3158 1141 spiritali
3186 1072 3434 1142 sequenti

1866 1170 2016 1227 petra
2042 1160 2110 1223 ",
2156 1172 2204 1215 et
2254 1164 2487 1217 bibimus
2538 1180 2769 1230 aquam,
2803 1177 2997 1232 quam,
3029 1164 3240 1218 dicente
3285 1161 3433 1224 Iesu,

1865 1251 1955 1318 qui
1988 1251 2132 1313 bibit,
2172 1269 2272 1306 non
2307 1257 2448 1308 sitiet
2482 1258 2534 1309 in
2572 1266 2825 1310 retentum
2849 1254 2914 1309 ⁸⁵.
2953 1254 3046 1307 Est
3078 1264 3132 1307 et
3163 1254 3439 1307 indumen-

1867 1351 1979 1396 tum
2022 1345 2312 1400 exterioris
2348 1348 2604 1409 hominis,
2648 1358 2729 1402 est
2771 1355 2823 1401 et
2874 1344 3152 1400 interioris
3199 1345 3435 1399 hominis

1867 1435 2263 1491 indumentum.
2296 1438 2361 1492 Et
2394 1441 2438 1494 si
2484 1441 2702 1510 quidem
2751 1448 3001 1509 peccator
3036 1440 3130 1504 sit,
3162 1439 3334 1492 induit
3379 1453 3438 1494 se

1864 1529 2210 1585 maledictum
2257 1532 2395 1587 sicut
2439 1535 2819 1587 vestimentum
2843 1533 2907 1587 σε.
2943 1532 2999 1587 Si
3045 1541 3226 1587 autem
3258 1533 3437 1602 justus

1864 1622 1967 1687 sit,
2011 1623 2159 1677 audit
2181 1623 2226 1658 ⁸⁷
2261 1641 2274 1677 :
2310 1624 2523 1678 lnduite
2574 1642 2659 1679 vos
2706 1625 2985 1677 Dominum
3033 1623 3217 1678 Jesum
3280 1622 3433 1677 Chri-

1865 1724 2019 1768 stum.
2070 1714 2135 1768 Et
2160 1714 2206 1747 ⁸⁶
2234 1732 2247 1769 :
2278 1715 2490 1769 lnduite
2528 1734 2616 1770 vos
2666 1717 2863 1769 viscera
2904 1717 3301 1782 misericordia',
3350 1716 3435 1767 be-

1867 1808 2207 1876 nignitatem,
2257 1808 2645 1875 humilitatem,
2682 1811 3175 1868 mansuetudinem,
3224 1809 3432 1875 patien-

1865 1896 2015 1947 tiam.
2048 1896 2127 1975 Et
2183 1897 2312 1966 quid
2370 1912 2593 1954 necesse
2640 1908 2723 1953 est
2768 1912 3027 1953 enarrare
3078 1914 3174 1967 per
3223 1896 3430 1967 singula

1866 1988 2134 2055 quomodo
2170 1988 2399 2043 interior
2433 1987 2594 2044 homo
2634 1989 2923 2045 exterioris
2957 1988 3193 2043 hominis
3241 1990 3431 2043 homo-

1866 2079 2045 2148 nymis
2090 2078 2541 2147 appellationibus
2597 2080 2951 2135 nominetur?
2981 2086 3145 2136 Arma
3194 2083 3436 2137 exterior

1869 2170 2031 2223 homo
2073 2179 2125 2225 et
2161 2170 2387 2226 interior
2420 2171 2604 2227 habet.
2637 2172 2738 2239 Qui
2769 2175 3067 2228 secundum
3116 2173 3432 2229 interiorem

1868 2259 2141 2314 hominem
2189 2261 2417 2326 militat,
2470 2261 2713 2318 induitur
2757 2263 2924 2317 armis
2980 2263 3110 2327 Dei,
3162 2270 3219 2315 ut
3266 2260 3437 2331 possit

1868 2360 2012 2405 stare
2065 2353 2326 2408 adversus
2381 2354 2649 2410 versutias
2700 2352 2923 2409 diaboli.
2964 2353 3068 2408 Sed
3105 2361 3225 2422 post
3272 2353 3433 2405 multa

1869 2444 2137 2514 exempla,
2179 2445 2459 2500 veniamus
2508 2446 2577 2499 ad
2631 2444 2734 2500 hoc
2767 2445 2910 2515 quod
2964 2446 3295 2514 propositum
3324 2455 3429 2497 est.

1869 2535 2158 2592 Videamus
2195 2536 2323 2607 quid
2349 2544 2433 2592 est
2462 2537 2603 2608 quod
2630 2536 2966 2609 signiﬁcatur
2993 2552 3059 2591 ex
3091 2551 3158 2591 eo
3190 2536 3331 2604 quod
3360 2534 3441 2587 di-

1868 2635 2013 2683 ctum
2043 2636 2168 2683 est:
2201 2627 2474 2684 Delectare
2506 2630 2560 2683 in
2594 2629 2840 2694 Domino,
2886 2638 2936 2684 et
2983 2628 3125 2682 dabit
3170 2626 3264 2681 tibi
3308 2628 3439 2695 peti-

1871 2724 2036 2776 tiones
2077 2723 2249 2776 cordis
2300 2723 2401 2780 tui.
2437 2720 2729 2777 Sciendum
2765 2723 2996 2790 primum
3046 2730 3131 2775 est
3176 2719 3301 2790 quia
3335 2721 3435 2774 hoc

1870 2812 2012 2881 quod
2044 2812 2154 2867 dixi
2184 2813 2236 2867 in
2261 2812 2476 2879 Latino,
2502 2812 2759 2867 delectare
2784 2813 2838 2866 in
2875 2812 3119 2872 Domino,
3148 2811 3201 2865 in
3224 2809 3437 2869 Graeco.

1869 2901 2123 2958 deliciare
2170 2903 2226 2958 in
2286 2903 2531 2969 Domino,
2582 2902 2799 2958 dicitur.
2861 2902 2972 2958 Hoc
3026 2903 3172 2957 enim
3217 2902 3441 2958 Graecus

1870 3007 2050 3050 sermo
2078 2994 2320 3055 indicat:
2355 2998 2497 3066 quod
2527 3005 2607 3051 est
2646 2994 3086 3067 κατατρύφησον.
3118 2993 3272 3050 Sicut
3307 3007 3443 3065 ergo

1872 3088 2171 3143 secundum
2218 3088 2548 3142 exteriorem
2591 3088 2864 3141 hominem
2899 3086 3157 3156 possibile
3198 3094 3283 3140 est
3333 3100 3442 3139 non

1871 3179 2043 3233 solum
2075 3177 2213 3233 cibis
2260 3180 2358 3243 uti,
2388 3193 2574 3233 verum
2627 3180 2792 3233 etiam
2842 3176 3054 3231 deliciis
3105 3171 3342 3245 perfrui,
3389 3188 3442 3229 ct

1874 3269 2111 3323 maxime
2152 3270 2243 3339 qui
2279 3268 2474 3324 divites
2520 3275 2647 3323 sunt
2696 3266 2905 3323 deliciis
2959 3276 3221 3329 utuntur;
3273 3266 3439 3319 etiam

1873 3362 1948 3417 ita
1994 3363 2223 3418 interior
2260 3364 2421 3418 homo
2468 3372 2644 3433 potest
2678 3376 2784 3418 non
2821 3360 2993 3417 solum
3042 3360 3178 3417 cibis
3221 3361 3321 3425 uti,
3351 3376 3443 3414 ve-

1873 3470 1991 3509 rum
2021 3465 2076 3509 et
2123 3454 2331 3509 deliciis
2361 3454 2585 3525 perfrui.
2616 3452 2769 3522 Quod
2804 3452 2917 3508 fieri
2956 3454 3059 3509 hoc
3093 3455 3250 3507 modo
3298 3453 3441 3507 arbi-

1875 3556 2005 3601 tror.
2040 3544 2095 3600 Si
2128 3548 2252 3616 quis
2280 3548 2463 3601 audiat
2507 3547 2674 3601 verba
2714 3560 2779 3601 ea
2830 3545 3191 3608 solummodo,
3221 3559 3341 3613 quae
3387 3558 3447 3599 se

1874 3637 2103 3693 invitent
2138 3641 2205 3692 ad
2252 3638 2499 3694 timorem
2542 3637 2659 3703 Dei,
2705 3637 2808 3692 iste
2856 3637 3037 3692 cibum
3072 3636 3447 3689 tantummodo

1874 3728 2019 3796 capit
2044 3742 2109 3782 ex
2151 3726 2520 3795 hujuscemodi
2549 3726 2734 3781 verbo.
2771 3726 2872 3793 Qui
2905 3739 3036 3780 vero
3074 3725 3284 3779 dederit
3315 3740 3446 3794 ope-

1875 3834 1990 3874 ram
2039 3820 2105 3874 ad
2160 3820 2562 3890 intelligendam
2634 3820 2839 3890 legem,
2883 3819 2950 3873 ad
3025 3820 3445 3887 perscrutandos

1875 3914 2190 3983 prophetas,
2220 3914 2286 3966 ad
2315 3912 2682 3967 exsolutiones
2719 3911 3099 3982 parabolarum
3142 3910 3443 3980 Evangelii.

1877 4004 1943 4058 ad
1980 4003 2418 4073 explanationem
2465 4005 2757 4059 verborum
2792 4003 3236 4067 apostolicorunt,
3266 4013 3322 4057 et
3352 4004 3443 4071 qui

1878 4099 1931 4152 in
1959 4098 2213 4154 omnibus
2251 4098 2546 4153 intellectui
2593 4106 2647 4151 et
2678 4096 2917 4151 scientiis
2946 4109 3166 4166 Operam
3213 4094 3443 4157 dederit,

1878 4188 1981 4243 iste
2011 4189 2219 4243 deliciis
2252 4189 2473 4243 fruitur.
2512 4186 2626 4242 Non
2669 4187 2814 4243 enim
2845 4188 2910 4241 ad
2946 4188 3048 4241 hoc
3089 4186 3263 4240 solum
3303 4188 3445 4254 quod

1878 4282 1926 4335 ei
1956 4282 2023 4335 ad
2062 4283 2223 4335 vitam
2272 4280 2489 4347 suﬂicit,
2519 4281 2642 4334 cibo
2690 4280 2861 4333 utitur
2905 4280 3304 4341 mandatorum,
3351 4280 3446 4331 sed

199 4375 361 4426 minat
393 4374 446 4425 in
477 4371 691 4438 spiritu,
727 4371 791 4423 de
821 4370 1010 4437 spiritu
1044 4378 1196 4424 metet
1228 4371 1386 4423 vitam
1429 4380 1676 4424 aeternam
1699 4367 1765 4422 ‘°.
1804 4360 1848 4415 Ι)
1880 4376 1931 4429 in
1956 4375 2101 4428 omni
2138 4374 2413 4443 agnitione
2443 4371 2685 4426 scientia:
2713 4370 3029 4425 delectatur.
3061 4368 3170 4423 lloc
3198 4377 3283 4421 est
3304 4367 3447 4435 quod

202 4464 257 4518 Si
293 4472 472 4517 autem
512 4460 721 4516 habites
760 4460 929 4531 658
970 4471 1166 4514 terram
1213 4472 1380 4524 tuam,
1423 4469 1476 4514 et
1512 4460 1684 4527 ipsam
1717 4458 1767 4510 in

202 4557 396 4627 spiritu
426 4564 480 4611 et.
522 4571 628 4609 non
677 4555 732 4607 iu
783 4569 950 4608 carne
998 4555 1376 4618 seminaveris,
1425 4554 1666 4623 pasceris
1713 4551 1765 4605 in

204 4649 403 4703 divitiis
456 4646 597 4715 ejus,
648 4645 791 4700 sicut
841 4662 975 4701 oves
1010 4646 1113 4699 illre
1162 4660 1281 4714 quas
1331 4646 1383 4699 in
1442 4646 1561 4699 loco
1612 4642 1771 4696 viridi

203 4739 347 4807 pasci
380 4739 654 4802 dicuntur,
691 4736 759 4792 de
803 4736 1002 4807 quibus
1034 4736 1166 4790 dicit
1214 4752 1393 4792 sermo
1441 4737 1654 4791 divinus
1680 4735 1723 4766 ‘“
1755 4753 1769 4788 :

206 4829 270 4883 In
305 4830 419 4883 loco
464 4830 619 4884 viridi
655 4829 725 4882 ibi
756 4844 835 4881 me
872 4826 1166 4881 collocavit.
1207 4826 1357 4882 Unde
1386 4837 1603 4882 constat
1631 4826 1773 4893 quod

206 4924 571 4990 unusquisque
599 4929 846 4974 nostrum
882 4919 997 4988 ipse
1046 4918 1149 4973 sibi
1199 4928 1467 4987 przeparat
1522 4918 1661 4971 intra
1714 4928 1772 4969 se

208 5013 379 5068 locum
414 5013 683 5077 viridem,
730 5015 783 5067 in
834 5028 942 5083 quo
996 5013 1235 5080 pascitur
1278 5027 1305 5062 a
1356 5009 1605 5073 Domino,
1649 5022 1770 5060 cum

207 5119 363 5173 agros
398 5105 591 5158 anima:
626 5120 738 5159 suae
784 5105 1013 5167 excolit,
1060 5114 1115 5157 et
1152 5105 1205 5157 in
1256 5102 1443 5171 spiritu
1496 5100 1776 5155 seminans

207 5210 415 5263 semper
442 5195 507 5249 ad
542 5196 779 5251 laetitiam
812 5196 1072 5265 spiritalis
1102 5196 1323 5251 cultura:
1352 5193 1591 5246 adducit.

275 5288 329 5343 ὦ.
371 5286 641 5349 Delectare
686 5288 739 5340 in
788 5284 1033 5351 Domino,
1079 5297 1127 5341 et
1163 5287 1309 5339 dabit
1354 5284 1447 5342 tibi
1493 5282 1768 5351 petitiones

208 5378 375 5431 cordis
405 5378 481 5430 tui
504 5361 571 5432 δ’.
617 5378 781 5433 Moris
808 5388 893 5434 est
922 5377 1218 5446 Scripturze
1256 5376 1449 5430 divinae
1495 5376 1629 5430 duos
1676 5376 1770 5431 bo-

273 5584 315 5615 “
353 5584 470 5638 Gal.
502 5602 557 5650 ι’,
586 5583 677 5639 22.

211 5654 255 5687 “
291 5654 309 5709 l
340 5655 465 5711 Cor.
496 5672 549 5723 x,
582 5658 636 5709 4.

754 5586 798 5617 "
836 5586 966 5640 Luc.
998 5602 1126 5647 vm,
1175 5585 1228 5639 8.

723 5657 769 5695 ⁵⁵
804 5654 959 5711 Joan.
988 5671 1059 5723 tv,
1088 5656 1173 5710 l3.

1302 5585 1347 5616 ⁸⁰
1386 5583 1506 5639 Gal.
1535 5599 1619 5645 Vt,
1650 5583 1704 5639 8.

1281 5657 1326 5687 '°
1361 5655 1501 5711 Psal.
1539 5670 1649 5709 crx.

1782 5585 1825 5615 “
1852 5581 1997 5638 Psal.
2050 5598 2160 5636 χιιι
2183 5622 2198 5642 ,
2232 5584 2277 5636 l.

1750 5656 1793 5687 ⁸⁷
1817 5655 1973 5709 llom.
2003 5669 2086 5719 ιιι,
2122 5654 2206 5709 ib.
2278 5653 2321 5683 ""
2359 5655 2566 5712 Coloss.
2604 5671 2685 5723 ιιι,
2716 5656 2803 5710 Η.

1879 4466 2119 4521 arbitror
2165 4472 2217 4519 et
2262 4465 2315 4517 in
2359 4479 2424 4519 eo
2472 4463 2722 4529 indicari,
2756 4464 2899 4531 quod
2950 4462 3150 4515 dicitur
3200 4460 3339 4514 Deus
3380 4464 3450 4513 ab

1877 4558 2037 4613 initio
2083 4556 2354 4627 plantasse
2403 4556 2714 4626 paradisum
2745 4556 3084 4618 deliciarum,
3134 4554 3250 4609 sine
3282 4554 3449 4609 dubio

1875 4650 1932 4703 in
1988 4664 2095 4719 quo
2147 4648 2522 4717 spiritualibus
2579 4649 2792 4705 deliciis
2846 4648 3177 4703 l‘rueremur.
3234 4646 3339 4701 Sed
3392 4657 3450 4703 et

1876 4740 2000 4795 alibi
2030 4757 2043 4794 :
2077 4738 2401 4805 Torrentem,
2432 4743 2508 4797 ait
2530 4742 2597 4804 ⁸³.
2626 4742 2938 4795 deliciarum
2968 4751 3145 4811 putum
3172 4740 3321 4792 dabis
3347 4740 3445 4803 eis,

1876 4834 2081 4888 sanctis
2128 4834 2358 4890 scilicet.
2394 4834 2505 4890 Sed
2548 4844 2603 4889 et
2651 4835 2741 4888 hic
2788 4834 2902 4887 scio
2943 4833 3085 4900 quod
3135 4832 3186 4885 in
3237 4829 3447 4885 Latinis

1878 4924 2278 4993 exemplaribus
2307 4927 2492 4981 haberi
2528 4926 2669 4981 solet
2696 4933 2977 4978 torrentem
3009 4924 3289 4991 voluptatis
3319 4933 3445 4987 tua',

1875 5017 1973 5069 sed
2000 5017 2051 5069 in
2083 5017 2274 5072 Graeco
2302 5018 2533 5071 habetur
2561 5016 2793 5087 τρυφῆς,
2824 5015 2966 5086 quod
2994 5026 3078 5070 est
3116 5016 3447 5072 deliciarum.

1879 5101 1985 5157 Sed
2031 5115 2086 5160 et
2120 5108 2325 5161 sanctis
2367 5107 2670 5176 quibusque
2718 5106 3082 5177 corporalium
3130 5105 3450 5159 deliciarum

1879 5204 2221 5265 contemptus
2257 5198 2530 5262 indicitur,
2579 5209 2631 5253 et
2684 5213 2808 5269 spes
2855 5197 3170 5253 deliciarum
3225 5194 3448 5264 spirita-

1877 5285 2010 5341 lium
2048 5289 2456 5359 repromittitur.
2490 5287 2587 5345 Vis
2622 5291 2785 5345 etiam
2817 5290 2883 5344 de
2917 5290 3021 5343 hoc
3068 5288 3449 5342 auctoritatem

1882 5380 2131 5450 accipere
2171 5382 2467 5451 Scriptum
2503 5384 2741 5439 divinre?
2778 5383 2934 5439 Dives
2973 5383 3193 5453 quidam
3230 5390 3370 5446 erat,
3400 5392 3453 5434 et

2968 5584 3015 5616 "
3056 5584 3214 5641 Deut.
3248 5598 3370 5646 vm,
3394 5582 3453 5638 3.

2880 5658 2925 5689 "
2949 5655 3094 5711 Psal.
3132 5670 3271 5708 xxxv
3320 5654 3374 5709 9.

2356 5586 2400 5615 ³³
2440 5584 2585 5638 Psal.
2622 5599 2805 5649 xxxvi,
2836 5584 2889 5639 4.
