3942 6216
534 176 670 231 1327

1906 174 1992 233 EX
2030 173 2329 232 ORIGENE

3656 189 3781 244 13:28

527 293 772 350 Lazarus
821 306 1059 362 pauper;
1100 292 1150 344 iu
1184 291 1395 345 deliciis
1446 290 1814 362 corporalibus
1848 301 1965 348 erat
2012 292 2096 345 dio
2129 296 2172 349 Δ
2203 293 2333 359 agit,
2374 291 2485 344 odit
2520 291 2714 354 lucem,
2748 300 2795 344 et
2846 307 2948 345 non
2995 292 3132 346 venit
3162 294 3230 347 ad
3261 293 3426 349 lucem
3456 298 3535 350 uti
3584 315 3658 351 ne
3695 318 3769 351 ar-

530 402 648 451 ves,
682 385 923 439 Lazarus
970 385 1363 440 conﬁciebatur
1414 386 1611 439 inedia.
1656 385 1901 441 Excessit
1947 393 2094 439 uter-

527 493 633 547 que
662 477 726 531 de
754 476 973 542 saeculo,
1004 486 1057 531 et
1092 476 1331 530 Lazarus
1374 478 1589 545 quidem
1635 478 1702 532 ab
1731 477 1936 545 angelis
1969 476 2095 531 sub-

526 572 668 626 latus
698 579 782 625 est
829 571 881 624 in
928 571 1106 624 sinum
1142 569 1394 633 Abrahae,
1428 580 1486 622 ut
1529 568 1601 623 ibi
1648 568 1701 623 in
1734 568 1947 625 deliciis
2004 584 2093 623 re-

523 662 861 732 quiesceret;
905 661 994 714 ille
1023 668 1201 714 autem
1238 662 1328 728 qui
1377 660 1430 713 in
1482 660 1691 715 deliciis
1742 660 1922 715 fuerat
1968 675 2093 713 cor-

522 753 823 825 poralibus,
856 754 990 808 abiit
1021 754 1073 807 iu
1115 753 1416 822 gehennam
1450 753 1609 819 ignis,
1641 753 1784 807 sicut
1825 753 1877 806 in
1915 753 2093 807 Evan-

521 844 661 911 gelio
683 854 787 909 est,
816 853 871 899 et
898 844 1047 898 audit
1074 843 1141 898 ab
1163 844 1434 896 Abraham
1455 843 1522 910 °°,
1546 842 1671 913 quia
1701 853 1758 897 tu
1787 853 2093 898 consecutus

521 954 575 990 es
607 937 742 991 bona
772 938 825 992 in
866 938 975 991 vita
1016 947 1132 1000 tua,
1166 933 1266 987 hoc
1313 946 1397 989 cst
1440 936 1649 989 deliciis
1695 933 1898 991 abusus
1923 950 2001 1000 es,
2042 946 2093 990 et

522 1029 763 1083 Lazarus
796 1028 939 1083 mala
967 1045 985 1083 :
1017 1043 1153 1081 nunc
1186 1036 1362 1080 autem
1409 1025 1493 1079 hic
1543 1027 1840 1096 requiescit,
1871 1036 1927 1080 tu
1969 1043 2090 1081 vero

522 1122 801 1175 cruciaris.
853 1119 1020 1174 Nemo
1061 1128 1258 1188 potest,
1291 1129 1347 1173 et
1383 1118 1437 1171 in
1471 1131 1658 1183 carne,
1687 1127 1744 1173 et
1795 1118 1846 1172 in
1897 1120 2088 1188 spiritu

520 1214 725 1267 habere
772 1210 1017 1264 delicias.
1066 1210 1173 1265 Sed
1218 1210 1263 1264 si
1314 1210 1436 1279 quis
1487 1209 1539 1263 in
1581 1223 1746 1264 carne
1788 1209 2089 1277 deliciatur,

519 1305 662 1357 sicut
694 1302 781 1355 ille
810 1302 981 1366 dives,
1010 1302 1217 1356 carebit
1243 1300 1448 1371 gremio
1477 1300 1751 1356 Abraham
1778 1311 1835 1356 et
1861 1301 2088 1357 deliciis.

514 1395 619 1461 Qui
666 1408 799 1447 vero
849 1393 902 1447 in
942 1394 1194 1463 prsesenti
1233 1393 1428 1450 saeculo
1466 1408 1605 1463 pane
1652 1392 1957 1449 afllictionis
1995 1408 2090 1448 ve-

517 1486 713 1549 scitur,
746 1486 886 1540 sicut
918 1495 971 1541 et
1003 1485 1095 1540 ille
1140 1499 1365 1556 pauper,
1410 1499 1534 1540 cum
1582 1484 1709 1540 hinc
1740 1484 2086 1549 abscesserit,

518 1578 571 1629 in
610 1577 820 1631 deliciis
850 1578 973 1631 erit.
1012 1577 1277 1630 Deliciare
1308 1591 1443 1646 ergo
1473 1577 1528 1630 in
1574 1576 1819 1643 Domino,
1853 1587 1901 1630 et
1944 1577 2088 1630 dabit

2203 392 2436 451 guautur
2465 401 2620 451 opera
2651 383 2787 452 ejus.
2823 382 2927 447 Qui
2957 395 3132 437 autem
3167 386 3295 453 facit
3316 390 3628 457 ceritatem,
3656 399 3781 446 estut

2203 476 2272 528 ad
2307 476 2552 530 lucrm“.
2601 475 2864 542 Quoniam
2919 491 3049 547 ergo
3096 479 3184 545 qui
3212 480 3351 534 male
3380 481 3519 551 agit,
3552 485 3680 536 odit
3706 485 3781 538 lu-

2204 580 2343 631 cem,
2374 576 2430 621 et
2461 577 2722 637 quantum
2761 569 2813 621 in
2849 566 2966 636 ipso
3009 570 3293 625 occultans
3323 573 3468 626 mala
3499 589 3638 644 qua
3662 577 3782 645 agit,

2164 656 2173 664 ’
2204 667 2257 711 ct
2290 658 2487 712 timens
2515 672 2582 713 ne
2606 671 2882 727 arguatur,
2907 663 3052 717 velat
3079 673 3133 716 et
3163 665 3397 732 contegit
3423 665 3583 718 viam
3605 682 3782 731 suam,

2200 760 2255 805 et
2302 761 2559 819 tanquam
2608 751 2912 806 velamento
2961 755 3194 822 quodam
3230 757 3405 824 operit
3434 766 3609 812 actus
3640 773 3779 813 suos.
3856 756 3857 824 ί

2204 841 2361 896 Verbi
2394 842 2589 910 gratia,
2610 843 2655 896 si
2688 844 2809 909 quis
2837 856 3100 911 vesnum,
3135 846 3261 903 licet
3296 863 3400 902 non
3431 860 3631 918 Optem
3666 865 3779 905 esse

2202 932 2255 985 in
2291 931 2395 985 hoc
2422 940 2687 986 conventu
2722 933 2888 987 talem
2915 935 3169 1004 aliquem,
3198 946 3382 991 tamen
3408 938 3458 992 si
3490 939 3625 1008 quis
3648 941 3776 995 inter

2200 1036 2317 1087 vos,
2334 1023 2448 1077 sive
2461 1023 2899 1088 catecliumenus,
2913 1024 3025 1079 sive
3040 1026 3203 1080 etiam
3220 1028 3667 1096 unusaliquiscs
3682 1034 3776 1097 pls-

2200 1117 2348 1171 ribus
2364 1115 2605 1171 ﬁdelium
2635 1117 2886 1171 conscius
2912 1118 3013 1173 sibi
3032 1121 3270 1190 estquod
3298 1121 3615 1179 fornicatus
3630 1127 3771 1190 εἰμί

2198 1210 2338 1265 celat
2353 1209 2633 1273 delictum,
2648 1210 2889 1277 nunquid
2906 1225 3009 1264 non
3028 1210 3119 1265 tibi
3134 1212 3346 1268 videtur
3360 1215 3472 1270 iste
3484 1216 3767 1281 occultare,

2196 1312 2250 1356 et
2277 1302 2489 1372 operire
2516 1305 2654 1360 viam
2677 1320 2829 1360 suam
2851 1318 3013 1371 quam
3045 1304 3280 1359 incedit?
3310 1305 3411 1373 Qui
3433 1320 3762 1365 autemcasie

2197 1397 2325 1466 agit,
2342 1406 2397 1453 et
2411 1399 2632 1454 confidit
2645 1401 2710 1455 de
2720 1397 2951 1470 puritate
2967 1399 3232 1466 vitaesuae,
3248 1415 3355 1454 non
3369 1400 3495 1455 vult
3507 1407 3756 1472 coaperisa

2196 1490 2335 1543 viam
2354 1504 2525 1556 suam,
2543 1492 2635 1545 sed
2653 1492 2765 1546 vult
2778 1507 2897 1547 eam
2917 1490 3253 1546 manifestam
3270 1506 3413 1559 esse,
3431 1497 3752 1551 manifesta-

2197 1577 2316 1633 dico
2329 1594 2432 1633 non
2449 1581 2850 1646 bominibus,ne
2866 1580 2998 1636 forte
3014 1580 3273 1650 percipiat
3290 1584 3612 1637 mercedem
3632 1602 3751 1639 sm

517 1669 611 1720 tibi
649 1670 955 1736 petitionem
998 1668 1170 1721 cordis
1230 1669 1327 1721 tui.
1366 1669 1518 1735 Quod
1565 1669 1609 1722 si
1659 1668 1837 1723 adhuc
1875 1669 2087 1738 plenius
2120 1655 2159 1710 Β
2188 1668 2255 1722 ab
2280 1669 2607 1736 hominibus,
2636 1671 2731 1725 sed
2786 1671 2894 1725 Deo
2928 1670 3260 1725 manifestat.
3293 1670 3607 1739 Propterea
3652 1690 3747 1743 erg)

517 1758 716 1812 intueri
771 1759 851 1811 vis
904 1758 1178 1826 quomodo
1213 1757 1339 1827 quis
1387 1757 1674 1813 delicietur
1719 1757 1774 1812 in
1831 1758 2084 1822 Domino,

518 1849 762 1918 perspice
784 1850 927 1917 quod
956 1847 1218 1902 Dominus
1245 1848 1449 1903 veritas
1472 1856 1577 1913 est,
1597 1856 1651 1901 et
1686 1847 1951 1917 sapientia
1978 1856 2084 1913 est,

502 1950 570 1995 et
593 1940 800 2011 justitia
827 1948 939 2005 est,
986 1950 1039 1997 et
1076 1939 1439 1995 sanctiﬁcatio
1483 1948 1589 1995 est.
1625 1939 1681 1993 Si
1734 1954 1864 2009 ergo
1913 1939 2087 1995 abun-

506 2032 727 2086 daveris
755 2033 808 2086 in
857 2030 1061 2087 divitiis
1092 2030 1358 2097 veritatis,
1390 2030 1434 2085 si
1486 2031 1851 2087 abundaveris
1898 2032 1950 2087 in
2003 2032 2086 2086 iu-

519 2122 734 2177 tellectu
787 2122 1103 2191 sapientiae,
1144 2121 1187 2176 si
1244 2120 1495 2189 copiosus
1549 2118 1717 2177 fueris
1758 2122 1809 2175 in
1872 2121 2085 2176 actibus

509 2214 758 2284 iustitiae,
790 2225 915 2268 tunc
945 2214 1101 2283 plene
1127 2223 1183 2267 et
1211 2214 1422 2284 integre
1446 2211 1722 2267 deliciaris
1746 2211 1799 2266 in
1830 2211 2081 2267 Domino.

511 2303 642 2369 Quae
673 2305 858 2374 utique
914 2318 1035 2359 cum
1087 2303 1417 2373 esplcveris,
1456 2310 1584 2357 tunc
1627 2302 1788 2356 etiam
1837 2301 1907 2356 id-
1938 2302 2082 2372 quod

512 2396 867 2463 consequitur
912 2394 1252 2463 adipisceris.
1301 2392 1463 2446 Dabit
1495 2394 1638 2448 enim
1686 2393 1777 2447 tibi
1819 2392 2082 2449 Dominus

509 2487 787 2555 petitiones
816 2486 991 2541 cordis
1028 2488 1133 2541 tui.
1166 2486 1485 2542 Necessario
1528 2493 1707 2540 tamen
1746 2484 1955 2541 addidit
1992 2502 2082 2556 pe-

510 2580 724 2632 titiones
752 2579 929 2632 cordis
960 2578 1061 2644 tui,
1092 2593 1215 2633 cum
1246 2577 1508 2647 potuisset
1547 2577 1734 2646 utique
1762 2576 1947 2633 dicere
1988 2591 2082 2647 pe-

512 2676 734 2732 titiones
779 2685 922 2731 tuas.
975 2675 1053 2729 Ita
1106 2683 1285 2730 autem
1334 2675 1551 2731 facilius
1584 2675 1815 2747 intelligi
1868 2685 2077 2747 potest.

498 2765 662 2834 Quod
697 2766 742 2822 si
779 2764 1113 2836 singulorum
1160 2765 1526 2821 membrorum
1561 2765 1783 2835 propria
1827 2766 2079 2836 quaedam

498 2873 743 2928 persona
792 2859 1047 2927 ﬁngatur,
1097 2856 1249 2910 verbi
1285 2870 1474 2921 causa,
1507 2854 1553 2910 si
1596 2854 1795 2911 oculus
1847 2856 2079 2913 haberet

504 2964 726 3017 vocem,
756 2948 997 3019 nunquid
1047 2964 1151 3002 non
1202 2947 1421 3002 diceret
1448 2965 1463 3003 :
1494 2947 1621 3002 Peto
1651 2946 1857 3016 lucem,
1888 2958 1949 3003 ut
1996 2948 2080 3004 vi-

505 3039 659 3093 deam
697 3054 760 3094 ca
800 3054 921 3109 qua:
954 3054 1039 3093 me
1082 3039 1268 3094 videre
1315 3038 1622 3095 delectant?
1658 3037 1884 3111 Refugio
1928 3039 2075 3095 enim

505 3129 690 3185 videre
750 3131 1032 3186 horrorem
1078 3132 1351 3201 aliquem,
1395 3139 1451 3185 et
1510 3144 1671 3185 omne
1729 3132 1873 3201 quod
1936 3146 2074 3188 con-

506 3224 685 3277 turbat
709 3232 762 3277 et
802 3224 1094 3277 contristat
1141 3232 1442 3291 aspectum.
1492 3221 1757 3277 Similiter
1794 3231 1850 3278 et
1889 3223 1935 3280 si
1975 3240 2075 3279 au-

503 3317 650 3370 ditus
687 3316 956 3385 acciperet
982 3329 1191 3381 vocem,
1241 3314 1480 3384 nunquid
1518 3328 1623 3369 non
1667 3315 1918 3372 diceret:
1947 3316 2077 3373 Peto

503 3425 696 3463 sonum
732 3408 1008 3463 modulata
1042 3418 1159 3463 arte
1188 3409 1570 3478 compositum,
1614 3423 1806 3464 sonum
1843 3409 2080 3465 delecta-

492 3503 689 3566 ’hilem,
712 3516 971 3571 asperum
1000 3516 1130 3555 vero
1173 3510 1227 3555 et
1256 3501 1501 3556 terribile
1535 3501 1737 3571 aliquid
1780 3500 1970 3556 audire
1999 3517 2079 3555 re-

505 3593 693 3663 fugio?
741 3592 816 3647 Ita
865 3593 911 3647 si
962 3593 1142 3663 gustui
1197 3607 1299 3645 vox
1352 3591 1607 3659 daretur,
1658 3602 1713 3648 et
1768 3592 1965 3660 tactui,
2022 3603 2078 3649 et

499 3700 691 3741 omnes
720 3700 911 3740 sensus
952 3683 1123 3739 nostri
1158 3683 1279 3739 sine
1312 3681 1477 3737 dubio
1506 3682 1622 3737 brcc
1653 3690 1919 3753 peterent,
1956 3698 2075 3753 quae

500 3794 600 3834 suo
650 3778 834 3833 sensui
887 3777 1265 3833 convenirent.
1296 3772 1381 3829 Ab
1432 3775 1517 3831 bis
1566 3789 1696 3845 ergo
1734 3784 2076 3832 transeamus

501 3872 569 3925 ad
598 3886 693 3926 cor
735 3872 787 3925 in
817 3885 927 3940 quo
958 3878 1041 3926 est
1077 3884 1252 3934 mens,
1279 3878 1335 3923 et
1376 3867 1695 3938 principalis
1742 3868 2072 3932 intellectus,

499 3971 557 4019 et
588 3964 866 4018 videamus
896 3963 1026 4033 quid
1058 3961 1333 4017 desideret
1366 3969 1422 4013 et
1451 3960 1579 4028 quid
1611 3968 1758 4029 petat
1786 3973 1901 4027 cor,
1933 3959 2073 4014 sicut

500 4057 570 4110 de
597 4054 755 4110 oculo
791 4054 873 4109 vel
908 4053 975 4109 de
1005 4053 1230 4108 auribus
1262 4051 1582 4117 exterisque
1612 4050 1863 4105 sensibus
1896 4050 1947 4104 in
1983 4064 2075 4105 su-

498 4146 804 4216 perioribus
873 4143 1388 4199 demonstravimus.
1440 4140 1747 4194 Secundum
1790 4139 1874 4194 sui
1912 4148 2073 4192 natu-

500 4251 616 4289 ram
663 4251 758 4290 cor
802 4235 924 4288 sine
972 4233 1136 4287 dubio
1196 4230 1611 4302 intelligentiam
1655 4230 1860 4299 poscit.
1918 4229 2072 4284 Sicut

2186 1760 2406 1826 dicitur,
2418 1760 2600 1817 Revela
2621 1762 2689 1815 ad
2716 1761 2994 1816 Dominum
3022 1763 3160 1817 viam
3184 1772 3351 1815 tuam.
3380 1761 3498 1817 Sed
3522 1775 3577 1817 et
3602 1765 3646 1818 si
3671 1782 3748 1817 nu-

2186 1848 2363 1907 lorum
2394 1852 2488 1907 tibi
2506 1852 2757 1908 conscius
2782 1852 3090 1923 aliquorum
3122 1853 3313 1919 fueris,
3340 1853 3457 1908 noli
3483 1855 3746 1911 occultare.

2186 1945 2279 2000 sed
2308 1958 2404 2015 per
2431 1943 2875 2015 exomologesim,
2907 1945 2957 1999 id
2987 1955 3071 1999 est
3117 1944 3575 2010 confessionem,
3607 1949 3746 2000 reseis

2186 2053 2251 2093 ea
2283 2035 2535 2102 Domino,
2568 2046 2623 2091 et
2649 2050 2803 2107 spera
2836 2036 2889 2091 in
2914 2052 3058 2104 eum,
3083 2046 3137 2092 et
3163 2038 3276 2106 ipse
3302 2038 3501 2092 faciet.
3538 2039 3650 2093 Hoc
3675 2053 3748 2101 est,

2186 2143 2311 2183 cum
2341 2128 2623 2184 confessus
2658 2127 2849 2194 fueris,
2880 2136 2933 2183 et
2967 2128 3292 2183 revelaveris
3329 2129 3383 2183 ei
3420 2129 3631 2185 delicta
3668 2142 3748 2191 tua,

2182 2235 2339 2291 spera
2358 2221 2410 2276 in
2436 2236 2561 2275 eum
2580 2222 2725 2290 quod
2741 2220 2920 2290 possis
2947 2220 3014 2274 ab
3040 2235 3105 2275 eo
3126 2221 3344 2276 veniam
3372 2223 3697 2292 promerui.
3718 2236 3755 2277 ει

2184 2312 2297 2381 ipse
2324 2312 2506 2367 faciet.
2542 2310 2682 2378 Quid
2707 2312 2907 2367 faciet?
2940 2310 3071 2367 Sine
3097 2310 3261 2366 dubio
3284 2326 3498 2366 sanum
3530 2324 3588 2368 te
3604 2314 3752 2370 fadet.

2184 2402 2452 2459 Dicettibi
2476 2404 2520 2435 "
2542 2420 2555 2455 :
2582 2403 2719 2459 Ecce
2726 2406 2843 2474 jam
2865 2420 3026 2459 sanus
3049 2404 3220 2473 factus
3238 2420 3316 2470 es,
3343 2404 3501 2459 ultra
3535 2409 3755 2476 astipu-

2182 2510 2323 2561 care,
2340 2511 2404 2549 ne
2425 2496 2551 2565 quid
2565 2494 2659 2548 tibi
2671 2496 2899 2550 deterius
2916 2496 3199 2565 contingat.
3220 2494 3350 2549 Haec
3366 2495 3575 2563 faciet,
3590 2499 3634 2552 si
3650 2499 3758 2552 deli-

2180 2599 2267 2646 cta
2290 2597 2379 2645 tua
2400 2589 2449 2644 ei
2473 2587 2881 2643 revelaveris.Si
2902 2602 3030 2643 vero
3046 2601 3178 2657 pura
3190 2595 3277 2641 est
3290 2589 3389 2641 via
3413 2599 3534 2653 tua,
3556 2602 3611 2645 et
3630 2608 3758 2645 mun-

2181 2682 2247 2736 da
2268 2681 2622 2746 conscientia,
2649 2689 2704 2736 et
2733 2680 2850 2736 haec
2869 2680 2920 2735 ei
2949 2678 3301 2744 revelaveris,
3337 2696 3510 2749 spera
3549 2684 3602 2735 in
3622 2699 3753 2737 eam.

2249 2768 2305 2824 6.
2345 2768 2486 2837 Quid
2517 2768 2705 2833 faciat,
2735 2784 2803 2824 ex
2833 2767 3295 2838 consequentibus
3332 2770 3488 2825 disce
3511 2772 3595 2821 “:
3624 2770 3751 2826 Pro-

2180 2861 2330 2917 ducet
2372 2861 2507 2915 sicut
2548 2860 2723 2915 lumen
2742 2861 3011 2928 justitiam
3042 2869 3207 2926 tuam,
3238 2872 3287 2916 et
3311 2861 3575 2930 judicia.
3597 2871 3740 2914 (unus

2105 2990 2150 3050 ο
2181 2955 2319 3010 sicut
2346 2954 2638 3008 meridiem.
2668 2950 2839 3007 Tuam
2880 2950 3176 3020 justitiam,
3217 2967 3373 3023 quam
3405 2962 3453 3006 tu
3474 2954 3634 3022 egisti
3675 2956 3729 3008 in

2180 3045 2415 3111 occulto,
2452 3054 2516 3101 et
2569 3044 2822 3100 revelasti
2867 3058 2990 3100 eam
3018 3044 3119 3101 soli
3152 3044 3289 3113 Deo,
3319 3046 3451 3101 hanc
3472 3047 3739 3115 producet

2179 3139 2324 3195 sicut
2362 3137 2548 3194 lumen
2570 3138 2741 3206 Deus,
2766 3145 2823 3193 et
2851 3137 3107 3194 ostendet
3137 3146 3191 3193 te
3231 3137 3442 3206 justum
3476 3139 3747 3195 illumina-

2184 3239 2298 3285 tum
2337 3228 2457 3285 sole
2480 3227 2729 3300 iustitiae,
2756 3226 2902 3283 cutio
2926 3236 2983 3283 et
3005 3236 3182 3293 terrae,
3214 3237 3272 3283 et
3298 3229 3568 3284 omnibus
3590 3231 3681 3299 qni
3704 3231 3746 3284 ia

2178 3320 2319 3376 caelo
2368 3328 2497 3376 sunt
2547 3320 2798 3377 ostendet
2839 3318 3021 3375 lumen
3064 3318 3292 3389 iustitia:
3322 3327 3459 3386 tuae,
3498 3330 3583 3385 et,
3615 3322 3659 3375 si
3688 3322 3742 3372 iit

2177 3412 2285 3468 dici
2336 3420 2578 3483 oportet,
2622 3410 2855 3479 jactabit
2910 3423 2972 3465 se
3027 3410 3094 3465 de
3128 3418 3184 3463 te
3228 3419 3497 3479 tanquam
3531 3414 3604 3466 de
3637 3410 3734 3471 ﬁlia,

2182 3512 2441 3574 tanquam
2497 3502 2590 3573 qui
2642 3501 2930 3572 acceperis
2978 3501 3227 3571 spiritum
3264 3502 3616 3572 adoptionis.
3643 3503 3734 3558 Pn-

2178 3596 2338 3652 ducet
2383 3610 2512 3667 ergo
2541 3594 2810 3665 justitiam
2852 3601 3000 3649 tuam
3042 3594 3186 3648 sicut
3231 3592 3447 3658 lumen,
3485 3596 3623 3664 quia
3672 3598 3733 3663 qni

2177 3688 2477 3744 secundum
2516 3686 2831 3743 mandatum
2857 3684 3076 3740 Domini
3104 3684 3285 3755 justus
3324 3694 3443 3751 est,
3480 3684 3731 3754 justitiam

2179 3793 2332 3835 suam
2366 3778 2443 3834 ita
2479 3778 2628 3844 facit,
2667 3777 2813 3834 sicut
2856 3777 2973 3847 ipse
2999 3775 3282 3831 mandavit
3311 3776 3508 3833 dicens
3529 3778 3619 3829 “z
3653 3775 3733 3828 ιὀς

2177 3880 2374 3933 autem,
2396 3886 2513 3923 cum
2536 3868 2717 3939 facitis
2740 3868 3006 3938 justitiam
3031 3876 3278 3933 uestram,
3304 3870 3511 3922 nesciat
3542 3870 3733 3923 sinistra

2175 3961 2301 4034 quid
2324 3961 2487 4030 faciat
2519 3961 2704 4014 dextra
2734 3968 2847 4013 tua.
2880 3955 3004 4013 Haec
3024 3972 3154 4028 ergo
3172 3957 3384 4027 iustitia
3409 3973 3539 4027 qua
3568 3960 3640 4013 ita
3673 3957 3736 4021 ﬁt,

2176 4062 2235 4107 ut
2265 4067 2371 4108 non
2410 4050 2723 4107 hominibus
2744 4058 3026 4119 appareat,
3058 4063 3155 4104 nec
3198 4058 3259 4103 ut
3294 4048 3604 4103 humanam
3633 4048 3733 4117 glo-

2178 4143 2312 4198 riam
2342 4152 2546 4213 captet,
2580 4142 2673 4198 sed
2719 4141 2781 4195 tit
2828 4144 2882 4194 in
2924 4139 3159 4207 occulto,
3191 4150 3253 4195 ut
3284 4140 3451 4195 Pater
3479 4143 3584 4210 qui
3614 4141 3745 4195 videt

2179 4236 2233 4289 in
2262 4234 2496 4299 occulto,
2534 4232 2727 4288 reddat
2766 4235 2943 4305 palam
2978 4233 3031 4288 in
3071 4242 3312 4301 tempore
3347 4247 3469 4297 suo,
3501 4234 3748 4302 produci-

497 4326 689 4381 oculus
734 4325 940 4390 visum,
972 4321 1138 4396 659
1190 4324 1263 4378 ita
1310 4338 1408 4379 cor
1453 4321 1789 4379 intellectum
1825 4322 2072 4393 requirit.
2105 4328 2149 4382 D
2179 4337 2266 4382 tur
2303 4342 2333 4380 a
2361 4325 2473 4380 Deo
2517 4325 2657 4379 sicut
2694 4324 2806 4379 lux.
2842 4323 2909 4377 Et
2932 4323 3196 4393 judicium
3231 4331 3379 4375 tuum
3408 4322 3558 4375 sicut
3597 4326 3749 4377 meri-

498 4419 655 4473 Sicut
699 4418 847 4472 auris
896 4431 1115 4473 suavem
1171 4431 1363 4471 sonum
1402 4416 1571 4488 cupit,
1617 4417 1689 4472 ita
1735 4432 1830 4472 cor
1862 4415 2076 4487 sapien-

500 4511 645 4565 tibus
694 4509 946 4565 sensibus
997 4508 1321 4565 delcctatur.
1358 4506 1515 4564 Sicut
1549 4519 1740 4581 gustus
1790 4508 1932 4564 dulci
1986 4524 2076 4563 sa-

495 4615 650 4673 pore,
693 4600 768 4656 ita
816 4615 911 4656 cor
963 4598 1325 4669 prudentibus
1381 4600 1801 4671 cogitationibus
1853 4600 2071 4672 gaudet.

496 4694 937 4752 Sicuttodoratus
982 4693 1256 4750 suavitate
1299 4693 1745 4762 fragrantire,ita
1779 4708 1876 4748 cor
1908 4693 2071 4747 ratio-

495 4786 768 4843 nabilibus
825 4784 1021 4841 studiis
1074 4783 1313 4840 laetatur.
1389 4782 1541 4837 Sicut
1600 4791 1777 4837 tactus
1850 4780 2064 4836 leuibus

494 4895 563 4936 ac
608 4878 880 4943 mollibus,
945 4877 1018 4932 ita
1068 4893 1162 4932 cor
1194 4875 1416 4931 utilibus
1466 4884 1521 4929 et
1575 4872 1794 4944 optimis
1826 4872 2066 4928 consiliis

491 4968 815 5025 delectatur.
866 4968 923 5023 Si
970 4983 1099 5038 ergo
1147 4967 1415 5023 delicieris
1471 4966 1525 5020 in
1579 4965 1836 5029 Domino,
1879 4971 1933 5018 et
1970 4978 2063 5018 sa-

494 5062 737 5131 pientiae,
763 5070 819 5116 et
846 5064 1110 5126 veritatis,
1142 5068 1196 5115 et
1216 5058 1443 5127 iustitiae
1468 5057 1640 5127 copiis
1659 5067 1823 5126 atque
1853 5055 2064 5111 deliciis

492 5150 812 5223 perfruaris,
852 5151 1003 5205 dabit
1042 5150 1137 5205 tibi
1171 5147 1426 5204 Dominus
1456 5146 1745 5219 petitiones
1773 5146 1957 5203 cordis
1987 5146 2063 5201 tui

492 5256 646 5311 aptas
676 5243 881 5297 deliciis
910 5242 1254 5313 supradictis.

564 5336 618 5390 5.
647 5336 783 5391 Post
815 5336 929 5393 litec
976 5336 1104 5391 dicit
1128 5334 1171 5366 “
1200 5353 1211 5389 :
1241 5332 1426 5389 Revela
1462 5334 1687 5388 Domino
1717 5332 1854 5388 uiam
1892 5342 2061 5397 tuam,

491 5436 543 5483 et
585 5445 734 5497 spera
766 5428 820 5483 in
859 5446 999 5497 eum,
1031 5439 1077 5484 et
1128 5430 1236 5499 ipse
1276 5427 1458 5495 faciet.
1484 5455 1556 5465 —
1582 5422 1767 5480 Omnis
1805 5424 1897 5494 qui
1925 5423 2063 5477 male

568 5544 612 5575 ⁸⁸
651 5544 780 5600 Luc.
812 5562 921 5608 xvi,
953 5546 1042 5600 25.

496 5613 541 5647 ⁸³
570 5614 761 5669 Matth.
806 5633 877 5680 γι,
916 5617 971 5671 5.

1160 5545 1201 5577 ⁶¹
1232 5541 1380 5599 Psal.
1415 5556 1603 5608 xxxvi,
1625 5540 1678 5595 5.

1784 5539 2016 5598 “.Joan.
2048 5554 2129 5607 HJ,
2163 5539 2233 5595 20
2269 5549 2324 5596 et
2353 5538 2443 5594 21.

2173 4422 2303 4473 dies.
2335 4416 2532 4472 Omnia
2572 4417 2721 4472 enim
2746 4416 2879 4485 justi
2905 4415 3109 4485 judicia
3139 4428 3483 4485 quaecunque
3531 4414 3753 4484 judica-

2174 4510 2270 4576 vit,
2300 4522 2405 4562 non
2440 4506 2615 4562 solum
2657 4508 2800 4561 sicut
2842 4505 2933 4559 lux
2983 4513 3163 4569 erunt,
3193 4505 3289 4560 sed
3315 4504 3459 4559 sicut
3482 4506 3759 4561 meridia-

2172 4617 2304 4656 num
2332 4600 2543 4667 lumen,
2574 4599 2721 4669 quod
2775 4598 2965 4670 utique
2997 4597 3363 4654 clarissimum
3404 4607 3460 4654 et
3498 4600 3762 4669 splendi-

2173 4692 2456 4749 dissimum
2499 4699 2609 4746 est.
2664 4689 2948 4746 Plenitudo
2993 4690 3138 4745 enim
3182 4689 3316 4745 lucis
3348 4688 3402 4745 in
3442 4693 3762 4746 meridiano

2174 4790 2417 4851 tempore
2450 4780 2788 4849 designatur.
2815 4778 2871 4833 Si
2891 4794 3021 4850 ergo
3057 4778 3222 4835 fueris
3244 4779 3429 4849 justus
3461 4790 3513 4835 et
3549 4783 3760 4847 bonus,

2173 4873 2438 4943 producet
2465 4871 2606 4926 Deus
2632 4870 2773 4925 sicut
2800 4872 2988 4925 lumen
3012 4869 3277 4939 justitiam
3310 4880 3480 4935 tuam,
3512 4882 3581 4927 et
3602 4874 3761 4944 judi-

2173 4968 2317 5024 cium
2349 4977 2495 5023 tuum
2522 4967 2665 5023 sicut
2689 4965 2991 5022 meridiem.
3021 4962 3119 5018 Vel
3141 4974 3288 5020 certe
3318 4963 3370 5019 in
3389 4962 3610 5032 iudicio
3634 4982 3763 5022 cum

2174 5072 2341 5113 causa
2374 5066 2463 5111 tua
2497 5057 2807 5124 discutitur,
2837 5054 3106 5124 justitiam
3141 5067 3319 5109 causa:
3352 5061 3455 5107 tua!
3487 5062 3766 5125 tanquam

2173 5148 2349 5204 lucem
2382 5148 2522 5203 Deus
2553 5147 2716 5202 faciet
2749 5145 3123 5212 manifestam,
3147 5154 3203 5202 et
3223 5144 3491 5214 judicium
3513 5151 3678 5216 quod
3708 5160 3772 5205 et

2173 5238 2457 5309 diiudicat,
2493 5238 2640 5293 velut
2692 5238 2975 5293 meridiem
3007 5237 3175 5293 faciet
3213 5237 3595 5293 manifestum.
3624 5240 3773 5307 Qua

2174 5331 2411 5385 scientes
2440 5330 2513 5385 ita
2539 5330 2741 5393 futura,
2775 5329 3129 5398 deprecemur
3154 5328 3591 5385 misericordiam
3637 5332 3773 5397 Dei,

2173 5432 2231 5477 ut
2268 5424 2531 5478 concedat
2563 5422 2718 5477 nobis
2762 5420 2896 5477 tales
2932 5420 3074 5490 ﬁeri,
3115 5421 3208 5495 qui
3236 5422 3385 5492 digni
3418 5422 3773 5489 habeamus,

2574 5537 2800 5597 “Joan.
2840 5553 2893 5605 v,
2941 5538 3029 5597 14.
3162 5540 3207 5623 “_
3253 5538 3397 5598 Psal.
3454 5556 3662 5612 κιαι,
3707 5550 3769 5604 6.

3797 5713 3839 5753 δ
