3942 6216
235 308 374 368 1329

924 309 1234 367 SELECTA
1272 309 1338 365 IN
1376 310 1710 367 PSALMOS.
1752 340 1819 352 ——
1859 310 2090 369 HOMIL.
2120 311 2161 366 ll
2201 310 2266 367 IN
2307 311 2496 368 PSAL.
2539 308 2776 365 XXXVI.

3432 212 3451 237 Ι

3345 306 3476 360 1550

235 438 469 492 quorum
500 422 645 479 Deus
675 421 792 493 ipse
822 421 998 479 lucem
1024 425 1253 495 justitia:
1306 424 1569 494 producat
1608 425 1659 479 in
1694 439 1806 479 me-
1837 428 1882 484 Α
1910 425 2055 492 quod
2094 424 2342 478 dicimus.
2380 422 2436 477 Si
2480 422 2697 490 aliquod
2751 416 3051 471 membrum
3110 415 3353 486 corporis
3384 417 3477 470 do-

236 512 412 581 dium,
446 523 502 571 et
522 512 785 583 judicium
818 526 1064 572 nostrum
1098 516 1240 570 sicut
1280 515 1561 571 meridiem
1598 518 1803 574 clarum

234 612 295 659 et
322 604 584 667 lucidum,
618 604 824 662 habens
868 606 1047 662 lucem
1075 620 1259 662 veram
1309 608 1361 662 in
1386 622 1466 673 se,
1498 610 1672 677 ipsum
1709 610 1807 664 Do-

239 696 447 752 minum
486 704 756 764 nostrum,
785 698 870 754 nul
903 706 987 754 ost
1031 699 1201 770 glorla
1225 708 1280 756 et
1308 699 1588 770 Imperium
1625 704 1678 761 in
1704 717 1805 757 se-

237 788 365 843 cula
396 788 744 848 seculorum.
771 789 964 846 Amen.

839 899 1119 957 HOMILIA
1158 899 1221 958 ll.

237 988 318 1045 De
339 992 520 1047 eodem
550 980 774 1061 psalmo,
796 993 874 1072 ⁸(ιιι
906 993 999 1046 illa
1026 998 1175 1063 parte
1206 1013 1219 1048 :
1253 1013 1270 1047 ι
1295 992 1549 1051 Subditus
1566 1006 1675 1053 esto
1698 997 1807 1052 Do-

733 1077 895 1127 mmo,
922 1072 971 1117 et
995 1079 1087 1117 ora
1117 1080 1256 1118 eum.
1284 1084 1305 1117 ο

224 1144 227 1167 ξ
313 1149 365 1204 1.
406 1149 764 1221 Pmcipiente
801 1154 1074 1217 mandato.
1112 1166 1167 1211 et
1202 1158 1418 1213 dicente
1439 1159 1519 1213 δας
1547 1160 1806 1216 Subditus

236 1252 351 1296 esto
377 1241 629 1310 Domino,
676 1249 1044 1304 necessarium
1073 1249 1286 1305 videtur
1314 1254 1641 1320 perscrutari
1677 1255 1806 1322 quid

236 1332 313 1387 sit
369 1333 645 1390 subditum
695 1351 818 1393 esse
871 1340 1122 1407 Domino,
1155 1351 1211 1397 et
1265 1343 1395 1412 quid
1432 1343 1502 1397 sit
1548 1360 1654 1399 non
1685 1360 1808 1401 esse

236 1421 538 1481 subditum.
566 1426 721 1482 Sicut
751 1429 897 1483 enim
926 1448 1027 1485 non
1060 1432 1230 1486 omnis
1259 1435 1350 1495 qui
1374 1434 1523 1498 dicit,
1557 1433 1805 1501 Domine,

242 1511 483 1578 Domine,
533 1514 754 1569 intrabit
804 1520 859 1571 in
890 1535 1105 1590 regnum
1142 1523 1414 1588 caelorum,
1441 1525 1530 1576 sed
1562 1524 1650 1593 qui
1663 1524 1808 1592 .facit

238 1604 557 1660 voluntatem
601 1604 782 1663 Patris
817 1613 915 1665 mei
970 1614 1060 1683 qui
1116 1614 1170 1669 in
1202 1616 1347 1669 caelis
1378 1627 1453 1670 est
1476 1618 1559 1674 ’τε
1594 1620 1664 1673 ita
1700 1636 1807 1677 non

239 1695 418 1751 annuis
449 1696 540 1766 qui
590 1698 721 1755 dicit
753 1717 814 1756 se
858 1703 1161 1771 subjectum
1209 1721 1330 1762 esse
1356 1706 1604 1774 Domino,
1629 1711 1812 1780 subje-

239 1793 365 1841 ctus
390 1797 473 1841 est
501 1788 575 1854 ei,
608 1790 702 1846 sed
748 1793 841 1862 qui
886 1794 1063 1864 reipsa
1124 1798 1399 1864 subjectus
1432 1809 1517 1854 est
1558 1803 1638 1869 ei;
1678 1777 1807 1872 quia
1840 1777 1882 1832 Β

144 1944 157 1957 1
242 1891 372 1933 vere
396 1877 698 1947 subjectum
734 1897 855 1939 esse
888 1883 1136 1951 Domino,
1171 1903 1276 1944 non
1308 1904 1491 1944 sermo
1514 1893 1810 1959 professio-

239 1968 349 2033 nis,
386 1970 479 2025 sed
518 1986 654 2041 opus
683 1975 1039 2045 subjectionis
1070 1980 1332 2034 ostendit.
1369 1979 1593 2037 Plenius
1626 1993 1806 2041 autem

239 2059 556 2130 intelligitur
595 2064 737 2133 quod
769 2065 998 2121 dicimus
1046 2067 1147 2125 hoc
1178 2070 1339 2126 modo
1368 2088 1383 2126 :
1410 2071 1669 2131 Dominus
1714 2092 1807 2131 no-

236 2162 356 2207 ster
402 2151 561 2210 Jesus
589 2154 836 2212 Christus
878 2157 1090 2226 justitia
1122 2170 1226 2217 est.
1256 2162 1426 2219 Nemo
1455 2180 1584 2232 ergo
1610 2167 1809 2234 injuste

240 2259 411 2312 agens
441 2244 716 2315 subjectus
747 2259 829 2304 est
859 2249 1102 2316 Christo,
1130 2255 1222 2324 qui
1256 2264 1339 2309 est
1370 2255 1612 2326 justitia.
1645 2260 1807 2316 Chri—

239 2342 328 2387 tus
350 2336 549 2390 veritas
571 2346 674 2392 est.
707 2338 875 2395 Nemo
905 2343 1131 2396 mendas
1173 2341 1394 2399 Christo
1426 2346 1701 2415 subjectus
1727 2360 1811 2406 est

237 2424 332 2494 qui
364 2435 450 2481 est
479 2428 704 2494 veritas,
740 2432 857 2487 sive
880 2448 1002 2486 cum
1036 2433 1087 2488 in
1116 2433 1299 2502 rebus,
1333 2437 1451 2492 sive
1478 2455 1602 2494 cutn
1630 2442 1681 2496 in
1713 2443 1810 2498 do-

238 2516 417 2572 ctrina
479 2521 820 2579 mendacium
862 2525 1123 2596 loquitur.
1161 2528 1425 2585 Dominus
1459 2529 1620 2589 Jesus
1647 2534 1809 2591 Chri-

237 2617 357 2663 stus
384 2614 746 2669 sanctificatio
772 2627 874 2672 est.
912 2618 1079 2675 Nemo
1110 2632 1194 2678 est
1243 2625 1522 2694 subjectus
1567 2631 1813 2684 sanctiﬁ-

238 2700 467 2767 cationi,
505 2718 625 2759 cum
675 2708 908 2777 pollutus
952 2712 1026 2767 sit
1054 2722 1107 2768 et
1148 2716 1412 2783 impurus.
1444 2718 1702 2775 Dominus
1727 2720 1813 2777 Je-

240 2805 337 2845 sus
367 2792 614 2850 Christus
660 2812 761 2865 pax
803 2808 910 2857 est.
946 2800 1118 2867 Nemo
1142 2803 1413 2874 litigiosus
1442 2816 1496 2863 et
1530 2811 1811 2867 turbulen-

244 2891 331 2936 tus
356 2883 573 2940 Christo
603 2888 878 2957 subjectus
910 2902 1012 2958 est,
1045 2897 1133 2964 qui
1164 2906 1246 2951 est
1271 2914 1398 2967 pas,
1432 2904 1527 2957 sed
1559 2902 1648 2958 ille
1678 2906 1809 2960 sub-

237 2968 420 3038 jectus
448 2983 531 3028 est
568 2975 617 3030 ei
656 2981 747 3047 qui
781 2980 979 3036 dicit”
1010 3000 1024 3037 :
1053 2982 1183 3039 Cum
1221 2987 1301 3043 Itis
1349 2991 1440 3059 qui
1464 2994 1686 3048 oderunt
1709 3012 1809 3063 pa-

241 3080 373 3169 rens,
404 3082 550 3121 erant
597 3071 893 3169 paci-ficus.-
925 3074 1077 3133 Unde
1133 3089 1188 3135 et
1244 3082 1300 3135 in
1355 3083 1465 3139 alio
1492 3087 1709 3154 psalmo
1743 3090 1808 3143 ad
1837 3111 1880 3169 ο

241 3156 478 3210 animam
514 3173 665 3214 suam
700 3163 832 3217 dicit
862 3165 1139 3236 Propheta
1162 3171 1207 3203 "
1244 3191 1258 3225 :
1302 3171 1672 3232 Verumtamen
1703 3178 1809 3233 Deo

240 3244 451 3297 subdita
478 3256 607 3313 esto,
641 3252 819 3306 anima
848 3270 978 3315 mea,
1014 3258 1137 3326 quia
1185 3264 1251 3313 ab
1299 3261 1413 3330 ipso
1456 3275 1530 3317 est
1554 3266 1811 3334 patientia

244 3350 380 3428 mea.
438 3336 545 3393 Sed
603 3349 657 3396 et
697 3343 993 3413 Apostolus
1026 3364 1221 3420 magna
1252 3354 1468 3423 quidem
1493 3367 1549 3413 et
1586 3360 1810 3428 mystica

247 3426 315 3479 de
339 3428 678 3499 subjectione
702 3435 975 3505 signiﬁcat
1003 3440 1188 3498 dicens
1208 3444 1254 3477 “
1280 3464 1296 3502 :
1327 3445 1458 3501 Cum
1493 3426 1667 3504 autem
1689 3452 1810 3505 sub-

234 3518 382 3612 jecta
406 3522 456 3575 ei
474 3523 676 3589 fuerint
719 3530 917 3597 omnia,
951 3540 1077 3587 tunc
1119 3545 1167 3589 et
1192 3537 1308 3606 ipse
1337 3537 1386 3591 F
1391 3540 1514 3595 ilius
1545 3543 1810 3612 subjectus

241 3608 345 3703 erit
367 3612 413 3664 ei
433 3613 522 3683 qui
541 3614 704 3686 eeo
732 3620 832 3673 sibi
854 3622 1085 3676 subdidit
1109 3629 1312 3681 omnia.
1346 3630 1485 3685 Audi
1520 3608 1651 3703 ergo
1680 3635 1810 3703 quid

242 3699 372 3755 dicit
404 3704 527 3772 quia
560 3708 743 3763 omnia
776 3725 999 3768 necesse
1030 3725 1114 3770 est
1138 3717 1357 3775 Christo
1386 3736 1509 3778 esse
1540 3699 1805 3794 subjecta,

242 3799 301 3845 et
330 3800 455 3847 tunc
479 3795 652 3864 ipsum
675 3813 794 3855 esse
823 3803 1151 3872 subjectum,
1184 3809 1521 3878 subjectione
1562 3815 1811 3873 videlicet

244 3879 331 3934 illa
360 3897 523 3952 quam
560 3886 626 3943 de
655 3892 848 3959 spiritu
902 3893 1128 3964 intelligi
1180 3898 1399 3968 dignum
1458 3914 1559 3958 est.
1592 3905 1809 3962 interim

243 3989 469 4031 necesse
518 3989 601 4033 est
649 3983 829 4037 omnia
874 3985 1093 4041 Christo
1125 4003 1247 4044 esse
1298 3990 1559 4062 subjecta,
1594 4006 1653 4052 ut
1685 4008 1810 4055 tunc

244 4064 457 4120 demum
514 4070 679 4126 etiam
725 4073 842 4145 ipse
887 4076 1125 4148 impletis
1165 4086 1423 4140 omnibus
1462 4096 1517 4141 et
1555 4089 1810 4157 perfectis

242 4170 337 4223 per
370 4157 785 4229 subjectionem,
820 4176 1076 4237 tanquam
1112 4174 1353 4232 victoria:
1383 4195 1494 4236 sua:
1537 4182 1681 4239 hanc
1721 4199 1809 4239 re-

242 4244 422 4301 ferens
438 4250 671 4318 palmam
702 4252 849 4310 Patri
878 4260 1089 4316 dicatur
1114 4264 1330 4324 futurus
1357 4288 1480 4328 esse
1508 4276 1805 4344 subjectus.

242 4338 395 4436 Quod
428 4342 529 4396 nisi
565 4346 793 4414 mystice
824 4349 1176 4426 intelligatur,
1206 4359 1429 4431 impium
1461 4338 1662 4436 aliquid
1692 4371 1809 4425 sine

1909 517 2137 583 Ieamus,
2184 515 2434 584 quamvis
2473 514 2653 568 anima
2710 517 2894 564 nostra
2939 507 3225 563 incolumis
3276 508 3368 572 sit,
3426 520 3480 562 ct

1910 607 2117 677 reliqua
2172 605 2353 660 omnia
2408 604 2647 658 membra
2700 610 2886 656 nostra
2934 614 3070 653 sana
3114 600 3241 662 sint,
3300 608 3477 652 tamen

1909 698 2037 768 quia
2079 696 2269 752 dolore
2321 697 2479 751 unius
2527 694 2753 747 membri
2803 700 2945 746 totus
2996 691 3155 745 homo
3201 687 3479 757 amigitur,

1909 806 2016 846 non
2044 788 2276 844 dicimus
2303 788 2428 857 quia
2465 785 2583 841 sani
2617 799 2827 853 sumus,
2858 784 2953 839 sed
2988 782 3111 853 quia
3150 781 3290 836 male
3321 781 3481 834 habe-

1909 895 2053 936 mus.
2098 878 2263 934 Verbi
2315 893 2498 943 causa,
2549 876 2778 931 dicimus
2811 893 2827 930 :
2856 873 2948 929 llle
2990 890 3096 929 non
3142 881 3226 927 est
3291 887 3477 927 sanus.

1910 972 2125 1040 Quare?
2154 972 2278 1042 quia
2306 970 2470 1041 pedes
2490 967 2659 1033 dolet,
2682 976 2774 1021 aut
2805 980 2982 1031 renes,
3002 972 3093 1019 aut
3117 963 3478 1018 stomachum.

1910 1063 1976 1119 Et
2024 1079 2183 1120 nemo
2217 1064 2350 1119 dicit
2381 1062 2508 1132 quia
2546 1074 2711 1115 sanus
2740 1067 2824 1113 est
2854 1058 2898 1113 si
2929 1056 3268 1111 stomachum
3314 1052 3480 1119 dolet,

1910 1157 2002 1211 sed
2040 1171 2144 1210 non
2176 1164 2262 1210 est
2287 1169 2451 1208 sanus
2490 1152 2617 1223 quia
2653 1149 2996 1206 stomachum
3031 1146 3197 1201 dolet.
3231 1146 3289 1200 Si
3325 1143 3483 1199 intel-

1912 1247 2123 1301 lexistis
2144 1251 2470 1315 exemptum,
2505 1242 2796 1297 redeamus
2820 1256 2963 1295 nunc
2996 1239 3063 1294 ad
3097 1238 3149 1292 id
3177 1237 3320 1306 quod
3357 1251 3482 1306 pro»

1912 1339 2151 1409 positum
2181 1345 2286 1392 est.
2315 1336 2613 1407 Apostolus
2646 1334 2779 1390 dicit
2808 1334 2850 1364 ⁷³
2880 1334 3005 1401 quia
3041 1344 3241 1400 corpus
3279 1328 3480 1383 Christi

1912 1444 2118 1493 sumus,
2161 1438 2214 1483 et
2254 1427 2498 1483 membra
2542 1442 2611 1482 ex
2654 1434 2830 1496 parte.
2879 1422 3133 1478 Christus
3174 1434 3305 1491 ergo
3332 1418 3485 1487 cujus

1910 1535 2070 1576 omne
2122 1520 2400 1575 hominum
2437 1533 2631 1590 genus,
2682 1518 2790 1572 imo
2836 1514 3086 1569 fortassis
3129 1514 3294 1568 totius
3325 1526 3476 1567 crea-

1914 1621 2048 1667 turae
2093 1611 2423 1665 universitas
2478 1624 2677 1677 corpus
2718 1616 2823 1671 est,
2879 1614 2934 1661 et
2982 1605 3354 1674 unusquisque
3388 1620 3485 1658 no~

1913 1712 2084 1757 strum
2118 1704 2358 1757 membra
2385 1717 2450 1756 ex
2479 1708 2632 1771 parte
2660 1707 2764 1764 est,
2795 1700 2841 1753 si
2879 1698 3080 1767 aliquis
3110 1713 3178 1753 ex
3211 1696 3368 1753 nobis
3390 1698 3484 1766 qui

1912 1796 2154 1849 membra
2200 1794 2315 1860 ejus
2362 1794 2597 1848 dicimur
2643 1800 2895 1861 aagrotat,
2935 1800 2989 1846 et
3038 1790 3219 1860 aliquo
3275 1790 3483 1861 peccati

1914 1888 2104 1941 morbo
2138 1886 2369 1952 laborat,
2422 1885 2476 1939 id
2532 1894 2637 1949 est,
2672 1885 2721 1940 si
2765 1882 2995 1951 alicujus
3024 1881 3231 1951 peccati
3265 1880 3481 1935 macula

1912 1980 2167 2045 inuritur,
2206 1991 2258 2034 et
2298 1996 2406 2035 non
2457 1978 2729 2050 subjectus
2776 1975 2909 2040 Deo,
2942 1984 3086 2030 recte
3132 1972 3223 2029 ille
3245 1973 3480 2028 nondum

1912 2070 2107 2125 dicitur
2140 2085 2259 2126 esse
2292 2069 2585 2138 subjectus,
2629 2066 2782 2135 cujus
2838 2064 2948 2119 sint
2983 2063 3227 2119 membra
3264 2063 3339 2117 illi
3389 2063 3493 2132 qui,

1912 2176 2015 2216 non
2070 2170 2195 2216 sunt
2241 2161 2467 2230 subjecti
2499 2161 2629 2215 Deo.
2659 2159 2795 2214 Cum
2823 2165 3002 2212 autem
3047 2169 3234 2210 omnes
3265 2169 3359 2210 eos
3392 2157 3481 2223 qui

1912 2266 2109 2321 corpus
2153 2267 2311 2307 suum
2352 2252 2605 2306 dicuntur
2653 2263 2715 2303 ac
2774 2246 3041 2312 membra,
3071 2260 3231 2300 sanos
3275 2246 3483 2300 habue-

1913 2344 2004 2411 rit,
2058 2352 2115 2398 ut
2158 2344 2210 2398 in
2276 2342 2422 2397 nullo
2481 2342 2866 2399 inobedientiae
2920 2338 3287 2397 laboraverint
3342 2352 3486 2392 mor-

1911 2435 2004 2502 bo,
2036 2436 2188 2491 sanis
2215 2436 2474 2490 omnibus
2502 2436 2783 2502 membris,
2812 2437 3035 2508 Deoque
3059 2435 3337 2501 subjectis,
3366 2446 3484 2485 me-

1913 2529 2023 2583 rito
2052 2542 2112 2583 se
2140 2528 2275 2583 dicit
2303 2541 2423 2582 esse
2454 2528 2759 2597 subjectum
2795 2528 2895 2595 illi,
2934 2529 3088 2599 cujus
3108 2542 3205 2582 nos
3240 2524 3483 2580 membra

1914 2618 2024 2674 Deo
2072 2619 2125 2673 in
2166 2619 2418 2674 omnibus
2456 2618 2759 2675 obedimus.
2802 2619 2954 2687 Quod
3001 2621 3043 2674 si
3088 2618 3319 2689 teipsum
3356 2631 3485 2687 per-

1916 2709 2148 2765 scrutari
2187 2709 2289 2775 vis,
2319 2718 2374 2765 et
2415 2710 2603 2765 videre
2628 2710 2673 2765 si
2709 2710 2821 2779 jam
2858 2710 3134 2781 subjectus
3167 2725 3226 2765 es
3255 2707 3386 2774 Deo,
3416 2723 3485 2761 an

1913 2801 2092 2857 adhuc
2142 2801 2461 2857 inobediens
2520 2818 2830 2873 permanes,
2881 2804 2986 2859 hoc
3037 2804 3195 2859 modo
3255 2802 3482 2870 teipsum

1915 2893 2152 2949 discute:
2179 2894 2235 2948 Si
2268 2893 2407 2947 nihil
2444 2905 2527 2949 est
2572 2899 2913 2951 contrarium
2952 2894 3064 2951 Deo
3103 2897 3155 2949 in
3196 2902 3267 2961 te,
3305 2892 3485 2962 subje-

1913 2996 2038 3042 ctus
2080 3000 2138 3041 es
2175 2986 2246 3040 ei.
2278 2984 2627 3042 Contrarium
2668 2998 2849 3043 autem
2904 2988 3135 3043 dicimus
3168 2987 3269 3041 hoc
3302 2986 3483 3040 modo:

1916 3076 2056 3134 Deus
2087 3076 2327 3131 charilas
2362 3085 2478 3144 est;
2516 3077 2560 3132 si
2597 3078 2781 3131 odium
2807 3080 2857 3132 in
2886 3087 2937 3131 te
2966 3092 3071 3131 non
3103 3086 3206 3141 est,
3246 3090 3351 3130 non
3386 3075 3485 3131 ha-

1913 3166 2009 3222 bes
2048 3166 2193 3235 quod
2233 3167 2569 3221 contrarium
2627 3166 2737 3223 Deo
2782 3178 2887 3223 est.
2938 3166 3081 3222 Deus
3121 3168 3325 3222 veritas
3361 3178 3481 3238 est;

1914 3258 2034 3312 vide
2074 3270 2139 3310 ne
2168 3259 2239 3311 sit
2270 3258 2323 3311 in
2364 3266 2417 3312 te
2440 3257 2806 3323 mendacium,
2840 3261 2981 3328 quod
3015 3267 3097 3313 est
3144 3259 3482 3314 contrarium

1914 3348 2150 3405 veritati.
2186 3348 2243 3403 Si
2297 3349 2441 3404 enim
2481 3358 2565 3405 est
2613 3350 2666 3405 in
2718 3359 2769 3406 te
2818 3350 3183 3419 mendacium,
3222 3367 3328 3406 non
3375 3351 3484 3407 Deo

1914 3440 2185 3511 subjectus
2226 3456 2306 3507 es,
2340 3442 2433 3496 sed
2470 3442 2519 3497 ei
2548 3442 2638 3512 qui
2681 3451 2765 3498 est
2811 3443 3083 3497 mendacii
3131 3451 3306 3514 pater.
3336 3444 3402 3498 Et
3436 3444 3482 3499 si

1915 3532 2177 3600 injustitia
2225 3533 2279 3586 in
2334 3540 2387 3587 te
2434 3540 2537 3597 est,
2573 3533 2713 3601 patri
2774 3532 3050 3602 injustitia:
3109 3534 3389 3603 subjectus
3424 3552 3484 3591 es

1914 3624 2088 3692 magis
2117 3640 2279 3693 quant
2318 3623 2450 3691 Deo,
2493 3624 2586 3694 qui
2621 3625 2831 3695 justitia
2868 3635 2972 3680 est.
3007 3627 3062 3681 Si
3093 3635 3147 3682 et
3185 3628 3389 3697 reliqua
3425 3630 3479 3685 iu

1916 3724 1966 3769 te
1992 3714 2415 3783 deprehenderis
2442 3714 2592 3779 vitia,
2628 3715 2766 3769 scito
2801 3726 2852 3770 te
2889 3717 3069 3771 tandiu
3102 3733 3207 3772 non
3230 3718 3359 3784 Deo,
3386 3721 3481 3774 sed

1913 3804 2126 3859 diabolo
2165 3819 2287 3859 esse
2329 3804 2653 3873 subjectum.
2684 3805 2903 3859 Certum
2936 3814 3017 3860 est
3071 3822 3306 3875 namque
3354 3808 3480 3875 quia

1912 3894 2291 3951 fornicationis
2342 3903 2580 3964 tempore
2626 3894 2841 3965 spiritui
2879 3894 3257 3951 fornicationis
3293 3911 3482 3951 sumus

1911 3988 2169 4057 subjecti,
2206 3989 2562 4042 adversantes
2595 3986 2807 4057 spiritui
2839 3987 3131 4041 castitatis.
3162 3986 3229 4041 Et
3264 3999 3475 4057 tempo-

1912 4094 1971 4134 re
2026 4077 2341 4143 Iracundiaa,
2390 4078 2475 4132 vel
2525 4075 2747 4143 furoris,
2785 4077 2999 4147 spiritui
3042 4080 3137 4131 ira:
3173 4077 3480 4143 obedimus,

1910 4170 2130 4239 spiritui
2167 4169 2599 4225 mansuetudinis
2649 4170 2983 4224 resistentes.
3010 4169 3304 4237 Propterea
3354 4184 3483 4238 ergo

1914 4263 2155 4316 videntes
2200 4262 2326 4331 quia
2355 4262 2540 4316 otnnis
2576 4263 2682 4317 vita
2721 4274 2902 4317 nostra
2934 4277 3156 4332 agonem
3188 4262 3477 4330 quemdam

1910 4354 2234 4408 obcdientia:
2277 4354 2436 4425 gerit,
2470 4354 2581 4409 sive
2602 4354 2839 4422 Christo,
2865 4356 2980 4409 sive
3007 4355 3090 4409 his
3135 4355 3226 4423 qui
3259 4366 3481 4409 contra-

243 4429 408 4484 dubio
448 4446 553 4486 non
593 4436 995 4497 advertentibus
1054 4429 1299 4507 indicare
1351 4429 1611 4513 creditur.
1689 4458 1803 4515 Non

1914 4448 1976 4500 rii
2026 4454 2152 4500 sunt
2186 4446 2421 4510 Christo,
2468 4461 2733 4501 conemur
2779 4461 2876 4516 per
2910 4447 3193 4512 orationis,
3227 4460 3323 4515 per
3355 4460 3483 4501 eru-

241 4521 386 4617 enitn
424 4525 719 4592 putandum
764 4538 849 4584 est
888 4535 1030 4601 quod
1070 4535 1243 4596 Filius
1291 4541 1384 4598 Dei
1414 4562 1559 4602 nunc
1588 4550 1804 4617 quidem

247 4610 389 4667 Patri
414 4631 753 4687 nequaquam
800 4624 1077 4693 subjectus
1107 4630 1201 4695 sit,
1236 4632 1287 4685 io
1333 4610 1645 4695 novissimis
1680 4657 1808 4697 vero

246 4708 578 4775 temporibus
605 4725 725 4765 cum
756 4713 858 4768 sibi
895 4715 1101 4773 fuerint
1141 4733 1335 4778 cuncta
1371 4728 1640 4797 subjecta,
1680 4744 1807 4789 tunc

238 4797 345 4850 erit
366 4806 421 4853 et
456 4799 572 4869 ipse
597 4803 871 4872 subjectus
902 4821 917 4859 :
948 4808 1043 4862 sed
1078 4812 1203 4879 quia
1236 4817 1419 4871 omnia
1446 4832 1630 4877 nostra
1653 4824 1707 4879 in
1742 4840 1806 4880 se

242 4891 452 4962 recipit,
487 4903 543 4948 et
582 4909 643 4951 se
665 4912 785 4953 esse
808 4899 935 4955 dicit
962 4903 1054 4969 qui
1085 4904 1135 4956 in
1175 4908 1334 4963 nobis
1361 4916 1603 4981 esuriat;
1637 4932 1806 4986 seque

237 4985 328 5054 qui
370 4988 421 5040 in
454 4989 611 5045 nobis
643 4990 817 5054 sitiat,
848 5000 901 5046 et
933 4994 1109 5050 nudus
1136 4997 1208 5051 sit
1234 5008 1399 5069 atque
1420 5018 1584 5073 aeger,
1606 4985 1807 5077 quique

164 5128 171 5169 ε
240 5080 434 5149 hospes
477 5089 531 5134 et
570 5086 662 5152 qui
707 5096 950 5146 retrusus
992 5093 1046 5147 in
1095 5111 1392 5164 carcerem,
1439 5107 1494 5152 et
1538 5102 1803 5171 quidquid

238 5173 324 5224 uni
363 5186 429 5225 ex
461 5175 700 5232 minimis
728 5182 842 5237 suis
875 5181 1078 5241 factum
1112 5188 1298 5254 fuerit,
1323 5192 1425 5246 sibi
1454 5192 1654 5247 factum
1681 5211 1801 5251 esse

239 5271 503 5330 testatur;
538 5280 937 5339 consequenter
960 5283 1016 5327 et
1048 5279 1241 5332 tnerito
1270 5295 1391 5333 cum
1427 5284 1802 5353 unusquisque

238 5364 482 5408 nostrum
514 5356 669 5426 plene
700 5373 752 5415 et
779 5363 1019 5432 perfecte
1056 5371 1308 5425 subditur
1342 5372 1475 5441 Deo,
1522 5375 1597 5429 ita
1641 5388 1698 5431 ut
1747 5378 1799 5432 in

236 5444 382 5499 nullo
416 5462 639 5517 prorsus
685 5452 1004 5515 inobediens
1047 5472 1259 5530 pareat,
1291 5479 1349 5519 se
1378 5481 1499 5522 esse
1526 5470 1800 5525 subditum

235 5544 584 5602 protestatur.
635 5542 744 5600 Sed
794 5559 849 5604 et
884 5549 991 5607 alio
1042 5554 1203 5610 modo
1230 5554 1445 5624 plenius
1474 5560 1797 5632 intelligitur

236 5654 525 5791 "';0l‘sal.
562 5677 747 5735 xxxvi,
781 5668 830 5721 7.
909 5668 951 5701 ⁸⁷
984 5669 1173 5729 Matth.
1213 5674 1425 5741 "1,21.

1524 5678 1567 5710 ⁸⁸
1589 5678 1730 5734 Psal.
1762 5697 1908 5747 (nux,
1945 5679 1995 5732 6.

1909 4537 2128 4591 ditionis
2158 4537 2465 4606 religiosam
2496 4535 2890 4590 institutimtetn
2924 4537 3027 4591 hoc
3067 4552 3252 4607 agere,
3286 4552 3352 4590 ne
3381 4554 3481 4591 un-

1908 4643 2067 4696 quam
2107 4627 2321 4681 diabolo
2351 4627 2433 4683 vel
2458 4628 2678 4682 malltite
2706 4626 2822 4695 ejus
2858 4629 3079 4683 obedire
3112 4629 3477 4692 inveniamur,

1910 4720 2003 4773 sed
2036 4722 2213 4775 OllllllS
2249 4731 2405 4777 actus
2431 4734 2635 4787 noster,
2669 4733 2721 4778 et
2750 4725 2928 4778 omnis
2953 4736 3131 4776 sermo
3166 4732 3327 4789 atque
3363 4737 3478 4772 0m-

1872 4812 1994 4868 rnis
2053 4814 2312 4883 cogitatio
2368 4816 2678 4869 inveniatur
2742 4814 2794 4867 in
2842 4813 3182 4880 subjectione
3247 4813 3472 4868 Christi.

1907 4905 2061 4972 Quod
2095 4907 2140 4960 si
2174 4905 2312 4962 forte
2345 4905 2660 4973 dieis,Quid
2686 4908 2907 4976 prodest
2940 4906 2986 4961 si
3016 4919 3159 4959 nunc
3200 4905 3476 4973 subjectus

1907 5000 2030 5065 sim,
2063 5015 2185 5054 cum
2202 4998 2313 5068 jam
2345 5010 2470 5055 ante
2511 5004 2921 5069 peccaverimct
2957 5009 3264 5068 prmventus
3283 5000 3383 5055 sim
3421 5002 3475 5054 in

1907 5094 2154 5149 delictis?
2171 5096 2285 5150 sine
2306 5096 2466 5149 dubio
2483 5112 2605 5149 cum
2627 5098 2971 5166 deliquimus,
2991 5098 3217 5166 subjecti
3243 5114 3346 5151 non
3372 5097 3476 5151 fui-

1909 5204 2029 5242 mus
2060 5190 2187 5253 Deo,
2213 5189 2306 5243 sed
2324 5204 2446 5242 cum
2472 5189 2766 5245 desivituus
2785 5207 2813 5243 a
2839 5190 3070 5255 delictis,
3110 5200 3237 5243 tunc
3261 5189 3473 5242 initium

1906 5282 2257 5353 subjectiouis
2292 5284 2622 5352 accepinms.
2650 5284 2781 5339 Cum
2810 5301 2937 5354 ergo
2966 5288 3143 5341 timori
3171 5287 3260 5340 Dei
3298 5283 3478 5352 subje-

1906 5373 1979 5428 cti
2033 5389 2259 5444 peccare
2298 5390 2594 5441 cessannts,
2634 5389 2759 5432 tunc
2788 5377 2950 5431 etiam
2988 5378 3239 5433 ﬁduciam
3272 5377 3475 5446 accipi-

1908 5483 2027 5521 mus
2058 5467 2312 5537 poscendi
2350 5481 2446 5536 pro
2486 5466 2696 5522 delictis
2724 5468 3004 5538 prioribus
3037 5470 3273 5525 veniam.
3297 5470 3478 5526 Donec

1907 5568 2087 5612 autem
2124 5571 2501 5626 permanemus
2539 5558 2591 5613 in
2628 5560 2855 5624 delictis,
2883 5559 3080 5616 frustra
3131 5560 3340 5616 veniam
3378 5576 3480 5630 po-

2098 5674 2140 5705 ”
2165 5670 2310 5727 Psal.
2356 5689 2466 5740 ut,
2503 5676 2558 5729 b'.
2633 5676 2677 5705 ⁷⁰
2711 5674 2884 5733 lCor.
2918 5692 3008 5743 xv,
3037 5675 3124 5732 28.
3202 5677 3243 5709 ”
3276 5676 3482 5747 Ephes.
