3942 6216
485 288 619 350 1551

1874 286 1962 341 EX
2004 282 2306 341 ORIGENE

3660 280 3805 332 15ῖὲ

484 407 689 458 scimus
716 401 1059 457 delictorum.
1092 400 1247 457 Unde
1284 412 1337 458 et
1372 402 1593 458 memini
1643 418 1728 459 me
1756 402 2069 474 frequenter
2097 409 2143 464 Α
2172 410 2274 464 est,
2308 397 2446 467 Noli,
2484 402 2675 473 inquit,
2715 402 2923 467 mirari,
2961 401 3007 457 si
3034 401 3405 473 insipientem,
3441 398 3495 452 si
3544 399 3802 459 malunt,

484 496 690 550 dixisse
725 495 790 549 ad
814 510 929 560 vos,
961 494 1088 565 quia
1120 494 1333 551 veniam
1372 496 1694 551 delictorum
1744 506 1872 552 tunc
1903 496 2063 566 digne

484 591 785 661 poscimus,
812 604 933 643 cum
971 588 1129 661 longe
1154 588 1313 657 positi
1340 604 1369 642 a
1404 600 1647 658 peccato,
1692 590 1836 644 illam
1871 604 2062 643 vocem

484 695 776 751 possumus
832 680 1073 734 dicere"
1104 697 1115 732 :
1146 677 1228 733 Ne
1287 680 1588 733 memineris
1628 680 1928 749 iniquitates
1970 696 2065 730 no-

483 784 622 828 stras
658 772 925 841 antiquas.
958 768 1077 824 Non
1116 769 1251 824 dixit
1277 783 1368 824 eas
1392 784 1529 839 quas
1560 768 1808 830 facimus,
1846 767 1938 821 sed
1970 780 2064 819 cas

476 850 622 936 quas
645 863 937 935 aliquando
963 862 1206 919 fecimus.
1250 862 1512 917 Subditus
1550 876 1684 931 ergo
1724 870 1841 915 esto
1877 858 2063 913 Domi-

486 975 579 1025 no,
611 966 663 1013 et
713 958 991 1030 subjectus
1034 956 1142 1011 noli
1185 970 1433 1027 peccare.
1463 954 1617 1009 Tunc
1659 954 1887 1010 obsecra
1938 966 2062 1008 eum

483 1064 588 1121 pro
615 1050 824 1106 delictis
847 1047 1135 1120 praeteritis
1158 1057 1213 1102 et
1238 1046 1495 1117 antiquis.

556 1143 611 1197 ἓ.
656 1141 740 1196 Ne
762 1143 1044 1195 aemulatus
1081 1139 1248 1208 fueris
1272 1139 1504 1209 eumqui
1535 1146 1879 1207 prosperatur
1902 1138 1956 1190 in
1983 1137 2065 1191 uia

488 1249 609 1296 sua,
649 1232 703 1285 in
727 1231 935 1284 homine
954 1230 1183 1298 faciente
1235 1228 1654 1299 iniquitatem".
1694 1229 1964 1283 Describit
2003 1241 2064 1282 ea

484 1338 607 1395 qua:
632 1323 890 1376 accidunt
924 1322 1257 1377 hominibus.
1292 1321 1630 1392 Frequenter
1652 1323 1795 1377 enim
1823 1320 1866 1375 si
1886 1320 2068 1374 vidca-

487 1428 609 1467 mus
665 1413 907 1483 iniquum
957 1413 1012 1467 in
1069 1413 1345 1484 prosperis
1376 1414 1745 1478 successibus,
1796 1421 1851 1467 et
1914 1413 1967 1467 in
2003 1426 2066 1466 ea

487 1520 649 1574 quam
694 1505 899 1559 ducunt
951 1505 1217 1561 felicitate
1258 1507 1380 1561 vita:
1424 1506 1687 1574 positum,
1732 1505 2069 1561 scandaliza‘

487 1615 633 1662 mur,
676 1608 728 1654 et
758 1598 1064 1669 periculum
1095 1597 1224 1653 ﬁdei
1271 1597 1631 1662 incurrimus,
1664 1607 1828 1667 atque
1860 1597 1912 1651 in
1945 1611 2068 1651 cor-

486 1692 553 1746 de
581 1701 771 1746 nostro
795 1690 1090 1744 adversum
1119 1690 1359 1745 divinam
1384 1688 1793 1743 PrOvidentiam
1826 1704 2069 1756 conque-

489 1783 685 1849 rimnr,
722 1782 1015 1837 dicentes:
1046 1778 1186 1845 Quid
1231 1780 1453 1848 prodest
1498 1778 1646 1849 juste
1698 1782 1895 1853 agere?
1931 1781 2067 1837 Ecce
2097 1756 2144 1818 Β

485 1873 621 1942 justi
673 1872 1023 1937 tribulantur,
1064 1871 1155 1927 hic
1211 1872 1445 1943 injustus
1485 1872 1721 1928 feliciter
1766 1872 1899 1942 agit.
1927 1870 2070 1939 inju-

486 1975 605 2021 slus
632 1973 738 2029 est,
780 1974 838 2020 et
871 1964 938 2019 ad
964 1979 1207 2021 summas
1238 1966 1451 2021 divitias
1497 1966 1767 2035 pervenit,
1800 1964 2067 2022 bonorum

487 2075 552 2114 ac
580 2068 905 2128 potestatum
939 2058 1213 2114 excelsum
1248 2060 1466 2116 culmen
1518 2061 1785 2126 ascendit,
1817 2060 2071 2117 fortassis

489 2151 683 2205 melius
717 2160 802 2209 est
841 2150 1098 2219 injustum
1134 2166 1256 2208 esse
1300 2167 1462 2222 quam
1501 2152 1731 2225 justum.
1762 2150 1887 2207 litae
1919 2152 2071 2207 infir-

489 2258 593 2297 mae
634 2253 690 2299 et
728 2242 949 2315 fragiles
978 2244 1195 2311 animae,
1230 2244 1446 2305 etiamsi
1494 2259 1605 2301 non
1641 2260 1735 2301 ore
1766 2244 2069 2316 proferunt,

490 2336 543 2391 in
597 2336 763 2391 corde
806 2352 904 2391 suo
942 2345 1120 2393 tamen
1155 2337 1473 2407 loquuntur,
1518 2355 1643 2395 cum
1690 2338 1926 2394 viderint
1968 2337 2072 2392 ini-

486 2442 627 2498 quos
675 2429 951 2498 proslieris
985 2430 1335 2486 successibus
1376 2445 1538 2501 agere
1592 2432 1648 2485 in
1703 2430 1790 2483 via
1838 2444 1957 2484 sua.
2007 2428 2073 2482 Et

489 2519 613 2573 ideo
634 2520 793 2575 nobis
821 2520 1061 2576 mandati
1093 2521 1257 2590 hujus
1281 2522 1493 2579 medela
1517 2522 1817 2587 succurrit,
1837 2536 1925 2587 ne,
1946 2535 2069 2575 cum

488 2611 607 2665 lucc
637 2611 961 2679 viderimus,
984 2612 1321 2681 aemulemur,
1354 2613 1407 2669 id
1441 2622 1525 2668 est
1550 2627 1618 2669 ne
1661 2612 1941 2668 irriteinus
1966 2610 2073 2667 Do-

490 2702 695 2757 minum
744 2703 1033 2758 adversum
1085 2717 1184 2759 nos
1237 2702 1507 2772 loquendo
1544 2702 1671 2758 talia
1711 2702 1765 2757 in
1812 2702 2073 2760 cordibus

490 2795 862 2851 nostris:sed
919 2794 1225 2867 recogitare
1284 2794 1545 2851 debemus
1620 2795 1748 2867 quia
1826 2810 2073 2866 praesens

491 2889 748 2944 satenlum
798 2904 989 2943 eorum
1038 2898 1143 2957 est,
1174 2886 1265 2957 qui
1300 2886 1495 2943 futura:
1549 2888 1910 2945 beatitudinis
1964 2903 2068 2944 non

495 2981 701 3034 habent
728 2996 900 3051 spem.
953 2979 1020 3034 Et
1054 2980 1176 3037 ideo
1209 2980 1481 3050 patienter
1532 2978 1773 3037 feramus
1812 2980 1935 3037 illos
1984 2980 2071 3036 his

493 3072 843 3128 successibus
874 3072 1152 3143 prosperis
1178 3087 1362 3143 agere,
1388 3073 1675 3143 percipere
1711 3073 1856 3129 bona
1886 3088 1982 3127 sua
2016 3072 2069 3127 in

491 3164 600 3217 vita
632 3178 755 3225 sua,
786 3164 956 3219 donec
985 3164 1170 3226 veniat
1190 3174 1243 3217 et
1266 3173 1540 3230 nostrum,
1573 3164 1639 3219 ad
1683 3163 1827 3234 quod
1860 3164 2069 3220 invitati

491 3267 703 3318 suntns,
736 3254 897 3333 661
934 3264 989 3309 et
1013 3254 1173 3325 cujus
1210 3253 1366 3313 nobis
1396 3253 1724 3324 repromissa
1757 3265 1883 3310 sunt
1904 3255 2071 3322 bona,

498 3345 568 3401 ad
603 3344 743 3415 quod
784 3346 1130 3417 reSpicimus,
1157 3347 1209 3401 in
1237 3344 1381 3416 quod
1416 3358 1715 3418 speramus,
1748 3346 1901 3418 cujus
1929 3348 2071 3404 bona

494 3453 604 3493 non
633 3440 775 3494 sicut
799 3440 851 3494 in
886 3440 988 3495 hoc
1008 3440 1207 3497 saeculo
1232 3450 1486 3511 tanquam
1505 3439 1701 3493 umbra
1718 3450 2071 3508 praetereunt,

495 3530 591 3585 sed
621 3540 942 3600 permanent
974 3530 1029 3587 in
1063 3542 1353 3585 aeternum.
1387 3530 1729 3602 impossibile
1767 3542 1948 3586 autem
1992 3541 2075 3587 est

493 3631 552 3678 et
580 3624 634 3676 in
668 3622 921 3692 praesenti
950 3623 1151 3677 stnculo
1179 3623 1321 3679 bona
1345 3623 1632 3693 consequi,
1676 3632 1730 3676 et
1779 3622 1832 3676 in
1867 3623 2069 3678 futuro.

495 3710 732 3770 Necesse
781 3721 866 3769 est
910 3714 1057 3767 enim
1106 3712 1213 3769 dici
1261 3713 1376 3777 uni.
1407 3713 1533 3784 quia
1567 3727 1896 3772 consecutus
1923 3732 1983 3772 es
2019 3727 2071 3771 tu

496 3807 637 3861 bona
665 3806 717 3859 in
752 3805 859 3859 vita
893 3813 1019 3869 tua;
1065 3815 1119 3860 et
1150 3804 1263 3872 alii,
1294 3806 1421 3875 quia
1451 3819 1777 3864 consecutus
1804 3824 1862 3864 es
1893 3809 2070 3874 mala;

494 3908 551 3952 et
575 3898 716 3954 alter
739 3914 837 3968 pro
875 3897 1034 3953 malis
1064 3898 1226 3963 bona,
1254 3908 1311 3954 et
1346 3897 1484 3955 alter
1515 3916 1612 3970 pro
1641 3901 1795 3957 bonis
1820 3902 1959 3956 mala
1993 3918 2077 3957 re-

494 3988 685 4060 cipiat,
718 3990 858 4044 sieut
891 3988 1141 4059 exemplo
1165 4000 1293 4045 sunt
1325 3991 1413 4045 ille
1446 3993 1598 4047 dives
1634 4002 1685 4047 et
1741 3992 2071 4050 Lazarus“.

494 4078 618 4135 ldeo
649 4095 823 4151 ergo:
867 4079 997 4133 Noli
1021 4079 1262 4133 teniulnri
1288 4080 1341 4132 in
1393 4095 1451 4133 eo
1505 4081 1595 4148 qui
1642 4093 1982 4151 prosperatur
2021 4084 2075 4140 in

492 4175 578 4229 via
600 4191 718 4238 sua,
754 4174 806 4226 in
836 4172 1043 4227 homine
1072 4171 1303 4239 faciente
1326 4171 1682 4239 iniquitatem.

563 4266 617 4319 5.
643 4265 773 4319 Post
808 4264 921 4318 hzec
951 4273 1261 4319 commonet
1292 4262 1485 4317 vitium
1537 4277 1646 4332 quo
1696 4279 1889 4322 omnes
1937 4280 2075 4335 pene

494 4358 808 4424 turbamur,
842 4366 898 4410 et
930 4354 1115 4410 nescio
1145 4354 1323 4410 sicubi
1364 4370 1527 4411 rarus
1553 4358 1678 4426 quis
1702 4356 1773 4410 ita
1800 4358 2074 4427 perfectus

2171 494 2216 547 si
2246 492 2511 548 infidelem
2545 492 2822 548 iracundia
2866 492 3187 557 inﬂammat,
3236 492 3363 561 quia
3432 489 3803 557 frequenti:

2171 585 2338 639 etiam
2370 586 2544 642 bonos
2577 596 2632 641 et
2670 588 2965 656 prudentes
3010 586 3157 639 viros
3188 585 3271 638 ira
3327 582 3647 652 exagitat.
3707 582 3803 635 Est

2169 694 2300 745 ergo
2330 679 2432 734 hoc
2469 690 2749 748 peccaturo
2804 680 2969 734 etiam
3002 693 3165 731 unum
3217 692 3285 731 ex
3334 675 3449 730 illis
3494 676 3683 744 quod
3736 678 3799 727 ad

2169 770 2458 826 aedilicium
2498 771 2705 827 deferet
2754 772 2921 842 ligna,
2956 768 3136 825 fenum
3170 780 3221 822 et
3260 766 3577 836 stipulam,
3612 777 3679 821 et
3705 784 3796 819 ne

2169 881 2324 921 ccsse
2351 878 2435 921 est
2468 866 2771 935 hujusmodi
2802 864 3079 929 materias,
3112 864 3253 917 sicut
3283 864 3578 931 scriptum
3614 873 3703 914 est
3726 862 3790 925 τ’,
3880 884 3881 935 ξ

2168 977 2266 1031 per
2294 963 2469 1035 ignem
2504 961 2747 1033 probari,
2785 961 2856 1014 ita
2896 970 2953 1013 ut
3005 972 3431 1031 permaneamus
3468 956 3694 1008 tamdiu
3740 958 3785 1005 is
3862 962 3869 1021 j

2170 1055 2314 1123 igne,
2340 1053 2511 1108 donec
2538 1053 2605 1108 de
2634 1052 2791 1108 nobis
2820 1051 2963 1123 ligna
3002 1050 3301 1104 iracundia:
3325 1058 3779 1108 consumantur,
3870 1074 3877 1079 -

2168 1158 2224 1202 et
2254 1145 2435 1199 fenum
2462 1144 2865 1215 indignationis,
2890 1153 2945 1198 et
2984 1141 3177 1210 stipula
3210 1141 3551 1203 verborum,
3591 1154 3777 1193 eorum

2170 1238 2421 1292 videlicet
2452 1253 2571 1309 qua:
2600 1236 2904 1307 hujusmodi
2932 1236 3076 1288 vitiis
3108 1234 3371 1303 exagitati
3402 1234 3767 1302 protulimus.

2171 1330 2379 1385 Idcirco
2408 1345 2537 1400 ergo
2559 1330 2734 1383 desine
2765 1330 2829 1383 ab
2852 1331 2954 1392 ira,
2974 1338 3022 1381 ct
3053 1327 3286 1394 relinque
3309 1326 3763 1394 indignatiozel

2173 1422 2225 1475 id
2272 1432 2357 1475 est
2390 1436 2495 1475 non
2521 1418 2832 1474 satisfacias
2860 1419 3058 1473 animis
3092 1420 3232 1480 tuis,
3265 1433 3394 1468 Ctttll
3457 1429 3759 1471 contui-om

2172 1510 2340 1571 lueris
2368 1512 2432 1565 ad
2470 1511 2830 1575 iracundiam,
2870 1510 2961 1564 sed
2988 1511 3195 1573 desine,
3231 1508 3615 1577 derelinqne,
3648 1524 3754 1561 ευξ-

2175 1615 2372 1660 tetnne.
2405 1604 2514 1660 Nos
2542 1620 2671 1659 vero
2701 1621 2821 1659 cum
2877 1607 2990 1658 haec
3046 1602 3306 1657 mandata
3364 1601 3751 1670 suscipiamus.

2174 1708 2230 1752 et
2263 1700 2574 1753 econtrario
2607 1714 2732 1753 cum
2764 1697 3017 1752 commoti
3052 1695 3355 1758 fuerimus,
3402 1710 3524 1747 non
3570 1694 3648 1748 ab
3675 1696 3752 1746 in-

2173 1790 2393 1853 cundia,
2429 1789 2521 1844 scd
2547 1804 2576 1842 a
2611 1787 3020 1843 mansuetudine
3053 1786 3358 1840 desinimus
3380 1827 3398 1849 ,
3469 1800 3587 1838 non
3647 1784 3752 1836 iam

2174 1879 2485 1949 gnationem
2523 1878 2895 1947 relinquimus.
2950 1876 3043 1932 sed
3099 1876 3414 1931 lenitatem.
3453 1874 3667 1929 Verum
3711 1890 3753 1926 τι

2176 1972 2280 2027 hoc
2308 1971 2497 2026 saltem
2527 1970 2859 2040 incipiamus
2892 1968 3184 2023 emendare
3255 1968 3672 2034 nosmetipsos,
3719 1980 3756 2017 et

2174 2064 2436 2134 paulatim
2465 2079 2561 2133 per
2591 2063 2984 2117 continentiam
3028 2069 3082 2115 et
3121 2061 3412 2113 assiduam
3461 2062 3757 2112 meditatio-

2174 2170 2297 2211 nem
2321 2156 2589 2211 lenientes
2624 2154 2983 2217 iracundiam,
3019 2152 3305 2206 veniamus
3334 2152 3522 2206 etiam
3580 2154 3634 2207 in
3680 2154 3755 2206 hoc

2175 2258 2235 2305 ut
2269 2248 2409 2302 ultra
2447 2264 2554 2303 non
2603 2249 2936 2312 irascantur;
2968 2253 3133 2312 atque
3188 2244 3616 2309 indignationis
3662 2261 3759 2311 qm

2174 2356 2271 2412 per
2301 2340 2541 2396 furorem
2576 2339 2901 2404 concitatur,
2938 2338 3195 2403 impetum
3225 2338 3613 2392 retundentes
3650 2340 3761 2390 assi-

2175 2434 2297 2500 due,
2334 2433 2716 2503 perveniamus
2739 2446 2910 2499 usque
2940 2429 2994 2482 in
3024 2428 3151 2485 illud
3186 2444 3251 2482 ne
3306 2427 3476 2483 ultra
3536 2430 3765 2499 indigea-

2178 2525 2341 2580 tionis
2369 2524 2738 2581 commotione
2767 2522 3068 2582 turbentur.
3098 2520 3226 2575 Noti
3263 2521 3539 2575 mutari
3572 2532 3626 2574 ut
3686 2538 3765 2574 se-

2173 2617 2350 2687 quiter
2387 2617 2559 2686 facias
2591 2616 2657 2667 ⁷⁸.
2683 2613 2827 2680 Noli,
2862 2615 3056 2684 inquit,
3092 2614 3145 2667 in
3187 2612 3620 2667 mruulationeru
3675 2632 3761 2665 uc-

2173 2710 2357 2780 quitite
2407 2721 2635 2764 ca-teros
2682 2709 3029 2779 provocando
3068 2750 3082 2773 ,
3129 2706 3292 2760 etiam
3351 2705 3473 2775 ipse
3534 2721 3759 2773 nequam

2174 2802 2323 2869 ﬁeri;
2348 2802 2477 2872 quia
2506 2802 2780 2858 ternuiatio
2812 2800 2940 2856 mali
2964 2801 3183 2855 vincere
3211 2815 3435 2869 semper
3470 2800 3525 2853 in
3548 2800 3751 2853 malitia

2173 2895 2339 2957 alium
2372 2894 2575 2949 studet.

2245 2985 2298 3041 4.
2357 2983 2499 3051 Quia
2552 2984 2644 3054 qui
2700 2984 2939 3054 nequiter
2988 2994 3169 3052 agunt,
3221 2983 3731 3043 exterminabuatur,

2173 3078 2264 3149 qui
2298 3089 2472 3133 autem
2495 3085 2793 3146 exspectant
2826 3074 3135 3141 Dominum,
3175 3076 3279 3145 ipsi
3300 3076 3601 3129 hereditate
3629 3093 3749 3143 pes-

2173 3172 2417 3226 sidebunt
2447 3180 2646 3230 terram
2673 3170 2742 3223 7’.
2776 3169 3015 3238 Apparet
3042 3168 3171 3236 quia
3226 3169 3475 3238 nequitia
3505 3170 3612 3222 alia
3642 3170 3743 3235 qui.

2174 3264 2295 3319 dem
2335 3264 2546 3334 species
2580 3261 2707 3319 mali
2735 3270 2839 3327 est,
2869 3269 3068 3331 praeter
3096 3270 3291 3315 caetera
3321 3272 3586 3331 peccata.
3611 3260 3742 3315 Unde

2174 3366 2230 3414 et
2260 3358 2348 3412 hic
2379 3373 2563 3415 sermo
2588 3356 2807 3412 divinus
2838 3354 3006 3411 alium
3052 3355 3313 3410 describit
3383 3364 3734 3423 peccatorum

2175 3459 2229 3506 et
2258 3448 2425 3504 alium
2458 3463 2713 3518 nequam,
2749 3449 2893 3503 sicut
2917 3458 2973 3503 et
3013 3449 3083 3502 ibi
3116 3448 3281 3503 simili
3322 3450 3507 3501 utitur
3570 3450 3727 3501 distin-

2176 3542 2359 3596 ctione
2390 3556 2515 3595 cum
2544 3540 2682 3596 dicit
2709 3542 2754 3571 3°
2790 3552 2805 3593 :
2831 3539 3051 3599 Contere
3081 3538 3347 3597 brachium
3380 3539 3669 3604 peccatoris
3696 3545 3729 3584 et

2176 3634 2416 3704 maligni,
2456 3633 2507 3687 id
2538 3641 2622 3688 est
2660 3647 2912 3703 nequam.
2969 3634 3077 3690 Sed
3111 3642 3167 3688 et
3200 3630 3465 3685 Dominus
3494 3628 3555 3681 in
3588 3629 3729 3681 Evan-

2175 3725 2316 3796 gelio
2356 3723 2628 3780 diabolum
2655 3741 2759 3781 non
2786 3726 2926 3781 dixit
2973 3734 3319 3797 peccatorem
3351 3722 3727 3779 tantummodo.

2176 3818 2272 3874 sed
2308 3816 2626 3886 malignum,
2662 3816 2744 3871 vel
2781 3817 3004 3883 ntalem,
3042 3826 3095 3870 et
3132 3814 3436 3870 cumdocet
3474 3811 3531 3864 in
3558 3812 3729 3864 oratio-

2180 3926 2268 3976 ne,
2297 3910 2382 3964 vel
2414 3910 2547 3965 dicit
2578 3909 2623 3939 ⁸¹
2658 3925 2673 3963 :
2699 3908 2806 3964 Sed
2832 3909 2998 3964 libera
3040 3926 3135 3962 nos
3169 3925 3203 3961 a
3229 3906 3390 3959 malo.
3412 3906 3479 3959 Et
3507 3905 3638 3959 alibi
3664 3904 3727 3956 5‘z

2178 4002 2358 4056 Malus
2391 4003 2545 4056 homo
2569 4001 2716 4071 fecit,
2742 4002 2858 4056 sive
2894 4001 3183 4071 malignus.
3211 3997 3483 4052 Detiniunt
3530 3996 3731 4065 quidam

2179 4094 2463 4167 πονηρίαν,
2493 4095 2544 4150 id
2580 4102 2662 4149 est
2692 4094 3018 4164 nequitiam,
3069 4102 3424 4160 spontaneam
3451 4087 3534 4141 vel
3566 4088 3733 4141 volun-

2182 4186 2377 4240 tariatn
2413 4200 2532 4240 esse
2568 4184 2854 4240 malitiam.
2890 4183 3048 4237 Aliud
3079 4180 3329 4237 estenim
3368 4194 3467 4247 per
3500 4178 3733 4248 ignorati.

2184 4276 2313 4328 tiam
2350 4275 2491 4328 mala
2526 4290 2710 4344 agerc,
2734 4283 2790 4328 et
2821 4273 3012 4327 vincia
3051 4270 3238 4326 malo:
3274 4269 3416 4324 aliud
3451 4278 3537 4323 est
3570 4268 3736 4322 volun-

2182 4377 2291 4422 tate
2312 4380 2365 4423 et
2396 4368 2574 4421 studio
2615 4367 2752 4422 mala
2780 4366 2979 4431 facere,
3004 4375 3056 4419 et
3085 4365 3186 4419 hoc
3215 4372 3300 4418 est
3323 4360 3586 4430 nequitia.
3608 4360 3739 4415 Unde

491 4450 821 4513 inveniatur,
850 4448 940 4518 qui
972 4458 1156 4503 careat
1186 4448 1287 4503 hoc
1318 4448 1528 4503 morbo.
1562 4447 1777 4514 Desine,
1812 4450 2069 4519 inquit",

2182 4472 2235 4516 et
2273 4461 2466 4515 merito
2497 4460 2741 4514 diabolus
2772 4460 2874 4515 hoc
2904 4458 3123 4513 nomine
3154 4456 3404 4527 πονηρός,
3445 4454 3497 4507 id
3527 4462 3612 4505 est
3636 4469 3741 4505 ma-

491 4545 556 4598 ab
586 4544 692 4610 ira,
723 4552 770 4599 et
802 4544 1105 4613 derelinque
1130 4543 1572 4612 indignationem.
1630 4543 1798 4598 Multa
1832 4557 1961 4599 sunt
1990 4546 2070 4598 vi-

494 4638 589 4703 tia,
622 4652 742 4706 qua:
773 4652 802 4690 a
832 4636 1015 4691 multis
1051 4635 1211 4690 facile
1240 4638 1502 4693 vitantur.
1554 4636 1715 4693 Verbi
1749 4653 1915 4692 causa
1971 4639 2073 4691 im-

493 4731 767 4800 pudicitiae
800 4732 1023 4789 malum.
1055 4730 1112 4786 Si
1140 4732 1264 4803 quis
1295 4746 1518 4801 operam
1544 4732 1759 4786 enixius
1782 4732 2071 4786 continen-

493 4826 582 4878 tia:
610 4824 842 4891 dederit,
877 4826 1270 4895 impudicitiam
1299 4825 1518 4894 abiecit.
1564 4824 1843 4895 Aliquanti
1902 4826 2070 4879 etiam

490 4918 778 4972 avaritiam
812 4918 1191 4988 subjugarunt,
1230 4918 1302 4975 ita
1357 4927 1415 4973 ut
1450 4933 1575 4973 cum
1611 4916 1662 4971 in
1700 4917 1912 4971 caeteris
1960 4932 2069 4973 non

492 5013 601 5066 sint
637 5011 883 5082 perfecti,
917 5013 1207 5067 videantur
1239 5023 1417 5067 tamen
1459 5012 1636 5068 vitare
1675 5012 1778 5067 hoc
1846 5010 2071 5077 malum,

491 5104 584 5159 sed
608 5112 663 5158 ct
701 5103 806 5159 alia
850 5105 1128 5159 nonnulla.
1162 5105 1484 5171 iracundia:
1532 5114 1716 5160 autem
1770 5106 1966 5159 durum
2020 5114 2075 5159 et

490 5207 710 5250 acutum
756 5197 967 5263 vitium,
1015 5198 1314 5253 inflammat
1361 5208 1416 5254 et
1463 5201 1705 5269 exagitat
1755 5198 1921 5252 etiam
1980 5213 2075 5254 eos

489 5289 581 5358 qui
610 5289 861 5343 videntur
907 5304 1027 5345 esse
1056 5290 1349 5359 sapientes.
1406 5289 1557 5345 Unde
1587 5300 1642 5345 et
1690 5289 1950 5345 Salomon
2020 5291 2070 5345 in

487 5378 800 5437 Proverbiis
830 5380 1027 5437 dicit"
1062 5396 1072 5429 :
1111 5379 1205 5435 Ira
1232 5381 1403 5449 perdit
1434 5382 1594 5435 etiam
1643 5382 1946 5452 prudentes.
2008 5384 2064 5439 ld

2178 4552 2377 4621 lignus,
2411 4550 2494 4605 vel
2528 4565 2781 4619 nequam,
2811 4548 3135 4619 appellatur.
3170 4548 3275 4601 Sed
3302 4554 3355 4599 et
3378 4544 3534 4597 nobis
3557 4558 3746 4613 expro-

2176 4649 2341 4700 brans
2361 4643 2608 4699 Salvator
2622 4643 2905 4698 dicebat”:
2934 4642 2994 4698 Si
3014 4657 3138 4710 ergo
3163 4650 3209 4693 et
3229 4655 3313 4692 vos
3330 4654 3447 4691 cum
3464 4638 3583 4691 sitis
3604 4638 3741 4697 mali,

2176 4740 2319 4792 scitis
2354 4742 2487 4793 bona
2521 4739 2646 4789 data
2674 4738 2802 4791 dare
2819 4735 2944 4803 ﬁliis
2968 4735 3174 4789 vestris.
3219 4731 3285 4786 Et
3307 4747 3447 4785 nunc
3474 4745 3606 4797 ergo
3637 4731 3740 4783 ait:

2181 4831 2441 4896 Quoniam
2466 4829 2555 4900 qui
2598 4831 2834 4896 nequiter
2881 4836 3065 4896 agunt,
3094 4824 3616 4885 “terminabuntur;
3661 4824 3742 4892 qui

2180 4934 2353 4976 autem
2381 4930 2682 4991 exspectant
2712 4919 3016 4981 Dominum,
3039 4917 3139 4985 ipsi
3163 4916 3470 4970 hwreditate
3506 4917 3741 4981 posside-
3784 4984 3785 4987 η

2181 5016 2304 5067 bunt
2342 5025 2555 5069 terram.
2585 5012 2680 5066 Est
2700 5020 2755 5065 et
2793 5010 2899 5065 alia
2927 5010 3172 5079 quaedam
3203 5018 3373 5071 terra,
3422 5005 3511 5060 illa
3546 5006 3611 5057 de
3646 5022 3743 5073 qua

2179 5107 2460 5176 Scriptura
2496 5105 2623 5161 dicit
2645 5103 2713 5167 ⁸⁸.
2749 5102 2924 5159 ﬂuens
2949 5102 3031 5156 lae
3060 5110 3115 5156 et
3143 5100 3267 5164 mel,
3292 5113 3451 5167 quam
3498 5096 3744 5149 Salvator

2180 5200 2233 5253 in
2289 5199 2595 5269 Evangeliis
2657 5196 2987 5267 repromittit
3036 5194 3367 5253 mansuetis.
3422 5188 3609 5243 dicens
3638 5187 3682 5217 ⁵⁸
3727 5207 3738 5239 :

2178 5292 2332 5346 Beati
2364 5291 2648 5356 mansueti,
2687 5290 2939 5358 quoniam
3004 5286 3104 5355 ipsi
3163 5282 3492 5352 possidebunt
3528 5290 3735 5333 terrain.

2175 5384 2301 5440 llzrc
2341 5394 2524 5440 nostra
2562 5399 2723 5454 quam
2756 5382 3070 5437 habitamus
3096 5377 3317 5449 proprio
3345 5372 3599 5429 vocabulo
3632 5374 3736 5427 ari-

558 5612 1040 5687 "_lfsal.__t.x_ﬁxvut,
1070 5615 1122 5669 8.
1200 5616 1245 5653 ⁷³
1282 5615 1425 5670 Psal.
1466 5631 1651 5687 χχχιιι,
1701 5616 1750 5671 7.
1852 5620 1894 5648 ⁷⁸⁸
1933 5618 2063 5672 Luc.

2187 5636 2217 5672 I.
2302 5622 2345 5651 ⁷⁵
2379 5619 2519 5673 i‘sal.
2558 5635 2737 5674 xxxvt.
2774 5618 2823 5670 8.
2905 5618 2949 5645 ⁷⁸
2990 5615 3145 5687 Prov.
3192 5613 3426 5687 X\tx,_8.
3508 5607 3580 5687 τί]
3610 5606 3725 5687 ςῖιιιθη

491 5696 575 5747 ιιι,
606 5680 705 5757 _i_‘2.
860 5675 1312 5757 lfsal.i'xxxvt,78.
1392 5686 1593 5757 "ibid.
1627 5675 1681 5739 Ω.
1758 5687 1801 5719 ⁸ο
1841 5687 1980 5743 l’sal.
2022 5706 2069 5757 χ,

2176 5690 2200 5744 ἱ.
2284 5692 2323 5721 ⁸¹
2354 5691 2543 5745 Matth.
2581 5705 2653 5755 vt,
2693 5689 2774 5744 l5.
2885 5688 2928 5718 ⁸³
2981 5686 3151 5739 Matth
3205 5700 3322 5747 xui,
3355 5682 3442 5735 ‘28.
3530 5678 3574 5707 ⁸³
3610 5675 3729 5731 Luc.

489 5766 561 5818 xi,
602 5751 685 5807 l5.
780 5752 825 5783 ⁸⁸
861 5753 1037 5810 Exod.
1073 5770 1194 5823 xui,
1229 5756 1282 5810 5.
1386 5756 1429 5788 ⁸⁵
1464 5754 1720 5824 Matth.v,
1754 5760 1805 5811 4.

3866 912 3881 1133 ι
