3942 6216
265 300 415 356 1535

1012 294 1320 350 SELECTA
1360 296 1426 350 IN
1470 291 1811 351 PS.’lLMOS.
1856 319 1921 327 —
1965 288 2197 347 HOMIL.
2236 290 2279 346 ll
2320 290 2385 344 IN
2429 289 2622 345 PSAL.
2667 288 2904 343 XXXVI.

3383 287 3525 340 i531“

261 418 339 473 da
374 414 697 487 appellatur,
723 412 863 468 sicut
892 421 946 468 et
974 414 1173 469 caelum
1205 415 1348 469 istud
1380 415 1522 485 quod
1543 416 1838 476 intuemur,
1872 416 1917 465 A
1947 409 2175 478 mystica
2210 409 2420 463 ratione
2448 408 2849 462 firmamentum
2876 405 3075 460 factum
3100 422 3220 461 esse
3254 398 3511 461 dicitur“

260 508 485 581 proprie
510 506 911 561 firmamentum
943 506 1162 560 dicitur.
1201 505 1279 560 Ex
1315 505 1675 575 appellatione
1715 519 1843 557 vero

261 602 497 656 alterius
525 600 650 655 coeli
683 599 846 654 etiam
878 598 1017 654 istud
1052 600 1453 652 firmamentum
1488 597 1609 652 εαξιί
1649 610 1839 649 nomen

259 691 503 761 accepit,
532 691 678 745 sicut
706 688 898 744 edocet
950 688 1236 757 Scriptura
1288 688 1652 744 Geneseos".
1702 687 1839 752 Quid

259 795 397 851 ergo
426 778 540 835 est?
573 779 628 833 lu
677 779 931 849 prmsenti
964 779 1181 847 quidem
1214 779 1322 832 vita
1369 779 1573 832 utimur
1602 777 1740 831 coelo
1788 785 1841 829 et

262 883 411 926 terra
444 870 750 927 visibilibus
781 870 923 935 istis,
967 870 1020 925 in
1055 871 1251 939 quibus
1289 869 1398 925 veri
1428 869 1551 924 coeli
1587 880 1635 924 et
1698 882 1839 923 verte

264 974 431 1020 terrae
454 972 653 1033 praeter
686 965 904 1019 nomina
944 964 1079 1017 nihil
1126 962 1273 1017 aliud
1332 963 1637 1017 invenimus
1672 977 1687 1013 :
1741 961 1834 1013 sed

261 1055 472 1110 idcirco
498 1054 587 1109 hic
622 1054 695 1108 ita
727 1054 965 1108 arbitror
997 1054 1286 1124 appellata,
1319 1064 1398 1117 ut,
1432 1070 1553 1107 cmn
1609 1055 1722 1107 haec
1762 1052 1832 1105 ita

261 1143 640 1209 nominantur,
666 1142 753 1197 illa
784 1158 903 1213 qua:
926 1159 1049 1198 vera
1084 1154 1139 1199 et
1166 1159 1358 1214 magna
1402 1155 1547 1207 sunt,
1583 1146 1647 1196 ad
1701 1142 1842 1195 desi-

262 1233 482 1287 derium
508 1242 564 1287 et
587 1236 902 1287 memoriam
932 1238 1432 1303 cognominantium
1462 1239 1700 1291 veniant.
1737 1240 1835 1305 Qui

260 1332 397 1377 sunt
443 1332 625 1378 autem
673 1324 762 1391 qui
829 1326 1147 1380 liceretlitate
1193 1327 1546 1395 possidebunt
1602 1332 1841 1383 terram?

262 1413 375 1478 Qui
400 1424 724 1483 exspectant,
754 1416 951 1485 inquit,
982 1416 1284 1471 Dominum.
1321 1418 1703 1488 Exspectavnus
1736 1420 1840 1477 Do-

261 1505 497 1567 minum,
518 1506 645 1575 quia
676 1506 789 1574 ipse
821 1514 903 1561 est
928 1509 1265 1576 exspectatio
1299 1517 1481 1562 nostra
1526 1518 1578 1563 et
1629 1511 1840 1577 patien-

262 1599 364 1661 tia,
394 1598 535 1651 sicut
566 1596 828 1666 scriptum
854 1606 938 1651 est
965 1597 1008 1628 ⁸⁷
1036 1614 1049 1649 :
1088 1598 1151 1650 Et
1185 1614 1321 1651 nunc
1338 1615 1455 1668 qua:
1476 1610 1548 1652 est
1575 1614 1841 1668 exspectao

260 1690 337 1739 tio
368 1705 481 1742 mea
504 1690 529 1742 ?
561 1705 735 1743 nonne
758 1688 1061 1743 Dominus?
1088 1690 1239 1744 Sicut
1287 1706 1415 1760 ergo
1446 1692 1698 1746 Salvator
1746 1709 1835 1747 sa-

264 1782 472 1848 pientia
498 1791 582 1836 est
612 1790 666 1836 et
684 1796 787 1849 pax
818 1782 1123 1849 etjustitia,
1170 1786 1241 1837 ita
1274 1794 1355 1837 est
1379 1794 1433 1838 et
1478 1788 1834 1854 exspectatio,

262 1871 349 1924 vel
386 1871 667 1940 patientia.
698 1872 765 1926 Et
794 1873 938 1927 sicut
982 1876 1402 1943 participatione
1445 1876 1668 1942 iustitia:
1723 1878 1839 1945 ejus

256 1962 392 2029 justi
424 1962 711 2027 eﬂicimur,
747 1972 803 2019 et
835 1965 1259 2035 participatione
1288 1967 1569 2035 sapientia:
1596 1968 1710 2034 ejus
1748 1985 1837 2021 sa-

264 2054 499 2121 pientes,
525 2053 599 2107 ita
624 2062 678 2107 et
707 2055 1126 2124 participatione
1153 2056 1431 2125 patientia:
1462 2056 1577 2123 ejus
1633 2061 1839 2128 patien-

263 2150 350 2195 tes
373 2140 662 2196 eilicimur.
704 2142 797 2196 Est
823 2158 953 2213 ergo
977 2145 1122 2198 velut
1154 2144 1273 2199 fons
1303 2148 1521 2215 quidam
1560 2151 1837 2217 perennis,

262 2233 331 2285 de
357 2247 465 2300 quo
486 2232 705 2286 haurire
733 2249 1025 2302 possumus
1067 2246 1123 2291 et
1180 2238 1523 2307 patientiam,
1574 2251 1627 2292 et
1672 2240 1837 2307 justi-

265 2324 419 2389 tiam,
447 2333 505 2379 et
558 2326 902 2394 sapientiam,
966 2336 1020 2382 et
1065 2330 1247 2383 omnia
1305 2345 1643 2400 quatcunque
1715 2342 1841 2387 sunt

260 2417 522 2470 virtutum
550 2418 795 2483 bona;si
845 2428 1021 2473 tamen
1048 2420 1210 2485 bona,
1252 2422 1411 2491 digna
1457 2433 1510 2475 et
1572 2437 1702 2491 pura
1749 2439 1840 2476 va-

262 2506 413 2560 scula
449 2518 633 2563 nostra
670 2510 975 2566 deferamus
996 2514 1063 2567 ad
1090 2513 1315 2569 fontem.
1361 2514 1451 2567 Ait
1509 2530 1679 2585 ergo:
1735 2516 1839 2581 Qui

264 2613 441 2655 autem
462 2614 761 2669 exspectant
785 2604 1096 2673 Dominum,
1132 2607 1233 2676 ipsi
1256 2608 1667 2662 Itwreditabttttt.

335 2694 386 2746 ὅ.
414 2698 540 2748 l’ost
571 2696 683 2750 haec
712 2706 892 2751 autem
946 2713 1251 2753 sermonem
1302 2702 1591 2769 quemdam
1633 2700 1841 2755 addidit

264 2784 575 2852 mysticum,
618 2787 708 2856 qui
746 2803 910 2856 super
941 2791 1185 2844 auditum
1212 2806 1393 2844 meum
1446 2793 1538 2855 sit,
1571 2800 1624 2845 ct
1670 2806 1835 2861 supra

264 2874 501 2945 linguam
534 2892 731 2944 meam,
779 2880 871 2948 qui
932 2883 1159 2937 excedat
1209 2896 1430 2937 sensum
1484 2898 1688 2938 meum.
1746 2886 1839 2939 Ait

262 2968 431 3033 enim,
460 2968 573 3025 sive
600 2971 666 3025 de
696 2972 949 3028 omnibus
999 2975 1405 3041 peccatoribus,
1449 2976 1564 3032 sive
1616 2976 1684 3029 de
1731 2993 1837 3030 uno

1946 502 2091 569 quod
2124 511 2409 570 separaret
2442 502 2585 555 inter
2616 516 2781 570 aquas
2807 510 2865 555 et
2920 515 3109 569 aquas,
3155 510 3208 553 et
3250 498 3514 553 divideret

1946 588 2313 644 habitaculum
2341 592 2653 645 mortalium
2684 607 2714 644 a
2740 591 2961 645 sedibus
2994 600 3046 645 et
3073 590 3396 644 habitaculis
3424 604 3511 641 an-

1943 684 2205 753 gelorum.
2235 685 2309 739 Ex
2343 700 2408 739 eo
2440 702 2568 755 ergo
2588 686 2737 741 locus
2769 687 2924 741 nobis
2960 686 3340 755 peccatoribus
3364 686 3512 739 arida

1944 773 2079 838 lucc,
2108 788 2270 844 quam
2317 776 2479 829 etiam
2517 785 2715 830 terram
2767 776 3167 847 cognominavit
3233 777 3511 839 Dominus,

1943 865 2197 929 deputata
2231 874 2333 919 est.
2373 864 2477 920 Sed
2508 875 2563 921 et
2594 867 2695 921 alia
2732 868 2979 936 quaedam
3009 866 3126 922 loca
3164 865 3511 922 nominantur

1942 970 2113 1024 aqum,
2147 956 2345 1025 quibus
2376 956 2675 1027 superferri
2737 958 2972 1025 Spiritus
3031 958 3239 1013 Domini
3292 956 3511 1011 dicitur.

1942 1046 2005 1100 Et
2041 1046 2144 1099 alia
2176 1047 2418 1115 quaedam
2468 1047 2585 1101 loca
2623 1050 2850 1116 abyssus
2902 1050 3278 1113 nominantur,
3319 1047 3513 1117 quibus

1944 1138 2177 1192 tenebrae
2207 1138 2563 1207 superposita:
2615 1141 2943 1194 referuntur.
2996 1139 3060 1192 lit
3092 1141 3155 1193 de
3190 1141 3345 1208 aquis
3392 1140 3513 1205 quie-

1943 1230 2063 1283 dem
2096 1230 2297 1284 dicitur
2338 1229 2390 1282 in
2434 1229 2537 1282 alia
2579 1229 2856 1296 Scriptura
2894 1231 2964 1293 θ’,
3004 1230 3129 1299 quia
3172 1228 3416 1283 Viderunt
3467 1242 3514 1282 te

1942 1339 2117 1390 aquat,
2147 1320 2325 1388 Deus,
2382 1322 2625 1391 viderunt
2675 1334 2723 1376 te
2778 1339 2953 1391 aquae,
2996 1332 3042 1375 et
3082 1324 3390 1376 timuerunt.
3439 1322 3514 1375 De

1943 1414 2137 1483 abysso
2167 1421 2347 1466 autem
2389 1411 2541 1476 dicit,
2594 1413 2719 1482 quia
2769 1414 3079 1466 conturbata
3124 1423 3199 1468 est
3256 1412 3510 1481 abyssus;

1942 1502 2061 1556 sine
2091 1502 2253 1556 dubio
2283 1503 2408 1571 quia
2443 1519 2546 1556 non
2585 1503 2749 1557 habet
2778 1519 2988 1573 pacem,
3026 1505 3121 1560 sed
3166 1505 3330 1559 habet
3366 1513 3515 1558 tene-

1943 1594 2068 1649 bras
2092 1595 2484 1665 supcrpositas.
2526 1594 2630 1651 Sed
2676 1607 2733 1651 et
2777 1598 3050 1653 daemones
3110 1597 3189 1665 in:
3222 1596 3516 1668 Evangelio

1944 1701 2137 1755 rogare
2167 1687 2427 1739 dicuntur
2476 1702 2544 1741 ne
2600 1687 2892 1755 jubeantur
2942 1687 3093 1743 abire
3143 1688 3196 1742 in
3236 1690 3513 1759 abyssum,

1944 1777 2085 1829 velut
2119 1778 2171 1829 in
2201 1775 2377 1829 locum
2406 1778 2697 1843 quemdam
2728 1791 2905 1847 poma:
2937 1788 2991 1833 et
3020 1793 3079 1832 se
3128 1787 3183 1833 et
3216 1780 3331 1834 suis
3378 1782 3512 1836 acti-

1939 1866 2039 1922 bus
2070 1868 2310 1937 dignum.
2351 1868 2466 1923 Non
2494 1869 2667 1924 solum
2719 1885 2850 1940 ergo
2903 1881 3156 1941 peccator
3213 1888 3318 1929 non
3383 1876 3510 1939 erit,

1940 1962 2035 2015 sed
2064 1960 2227 2014 etiam
2265 1959 2415 2015 locus
2443 1959 2579 2028 ejus,
2616 1962 2866 2032 quisquis
2901 1961 2988 2015 ille
3016 1972 3120 2028 est,
3140 1974 3432 2033 quaeretur,
3462 1976 3516 2020 et

1942 2068 2047 2106 non
2077 2053 2203 2108 erit.

2010 2145 2058 2198 6.
2098 2144 2365 2201 Mansueti
2386 2156 2556 2201 autem
2580 2148 2963 2203 ltwreditabunt
2998 2160 3191 2203 terram
3213 2151 3279 2202 ’³.
3311 2150 3514 2203 Adver-

1941 2251 2057 2290 sum
2088 2235 2497 2293 Valentinianos
2528 2248 2581 2294 et
2613 2249 2841 2295 caeteros
2872 2241 3178 2306 hmreticos,
3208 2244 3297 2311 qui
3324 2250 3514 2309 putant

1943 2328 2278 2385 Salvatorem
2311 2346 2488 2386 meum
2519 2332 2699 2387 dicere
2735 2332 2789 2385 in
2824 2332 3140 2403 Evangelio,
3166 2346 3285 2401 qua:
3330 2333 3381 2385 in
3415 2348 3517 2386 an-

1943 2423 2336 2492 tiquisLitteris
2359 2438 2468 2479 non
2501 2432 2648 2488 sunt,
2679 2423 3037 2493 proferendus
3062 2432 3143 2479 est
3195 2424 3297 2479 iste
3339 2424 3513 2479 versi-

1941 2514 2115 2579 culus,
2150 2514 2290 2570 sicut
2321 2524 2376 2571 et
2404 2529 2504 2570 nos
2534 2514 2818 2570 didicimus
2851 2531 2879 2568 a
2934 2516 3165 2586 quodam
3196 2516 3515 2586 presbytero

1941 2607 2188 2675 proferre
2219 2605 2334 2661 hate
2392 2606 2458 2660 ad
2518 2606 2922 2661 convincendos
2970 2620 3084 2661 eos.
3146 2604 3296 2671 Quod
3368 2606 3513 2659 enim

1942 2699 2147 2754 dictum
2178 2708 2265 2755 est
2307 2699 2359 2753 in
2392 2698 2687 2769 Evangelio
2709 2699 2755 2731 ”
2797 2718 2808 2751 :
2867 2698 3019 2751 Beati
3066 2698 3345 2762 mansueti,
3386 2715 3517 2767 quo-

1941 2794 2086 2847 niam
2126 2793 2228 2861 ipsi
2252 2792 2637 2846 Itwreditabunt
2669 2803 2886 2857 terram,
2917 2790 3039 2844 vide
3069 2790 3341 2858 quomodo
3390 2803 3514 2845 ante

1934 2886 2047 2956 jam
2076 2883 2287 2939 dictum
2321 2892 2403 2939 est
2439 2898 2468 2936 a
2504 2881 2709 2953 Spiritu
2754 2890 2946 2937 saneto
2972 2897 3069 2951 per
3109 2882 3275 2935 David
3332 2897 3345 2932 :
3407 2882 3515 2934 imo

1942 2978 2057 3039 ipse
2092 2976 2346 3032 Christus
2385 2990 2529 3029 nunc
2562 2974 2614 3028 in
2646 2974 2953 3043 Evangeliis
2976 2975 3145 3031 dicit:
3188 2973 3340 3026 Beati
3368 2990 3517 3025 man-

263 3060 447 3128 aliquo
480 3074 790 3129 peccatore,
819 3065 1176 3132 singulariter
1202 3068 1346 3121 enim
1377 3068 1508 3123 dicit
1532 3069 1579 3101 ⁸⁸
1610 3087 1624 3122 :
1656 3068 1835 3123 Pusil-
1863 3094 1904 3152 ο
1939 3071 2099 3134 sueti,
2123 3070 2373 3138 quoniam
2412 3070 2510 3137 ipsi
2550 3069 2859 3123 htereditate
2904 3069 3243 3134 possidebunt
3296 3076 3509 3121 (errant.

264 3151 371 3205 lum
406 3155 602 3217 adhuc,
644 3166 823 3209 etnon
883 3158 1047 3227 662
1100 3160 1197 3212 erit
1254 3170 1512 3225 peccator.
1574 3161 1833 3214 Pusillum

266 3242 440 3296 adhuc
476 3245 717 3311 profecto
745 3263 772 3299 a
807 3250 1059 3315 ιιι-περιιιί
1102 3258 1346 3317 tempore
1390 3265 1561 3319 usque
1598 3254 1663 3306 ad
1699 3269 1833 3309 con-

266 3334 683 3390 summationem
721 3337 901 3390 saeculi
935 3354 1055 3394 esse
1094 3340 1250 3404 dicit,
1277 3350 1369 3395 aut
1403 3344 1638 3397 fortasse
1672 3348 1835 3398 etiam

268 3426 405 3478 ultra
434 3431 957 3485 consummationem
1004 3433 1209 3496 saeculi,
1244 3444 1297 3488 et
1329 3435 1503 3491 donec
1559 3437 1649 3489 ille
1701 3439 1839 3505 ignis

268 3517 459 3571 vindex
490 3531 775 3575 consumat
814 3523 1177 3578 adversarios.
1238 3523 1295 3578 Si
1344 3536 1524 3581 autem
1577 3528 1672 3580 fiat
1729 3528 1831 3581 hoc

268 3609 448 3678 aliquo
473 3612 760 3676 modo,non
790 3616 893 3668 erit
929 3625 1198 3683 peccator,
1228 3626 1279 3671 et
1332 3633 1436 3686 qua
1472 3618 1683 3673 ratione
1720 3619 1835 3673 fieri

268 3702 433 3768 possit
460 3712 801 3772 utpeccator
837 3722 940 3761 non
974 3707 1067 3773 sit,
1098 3707 1354 3762 discutiat
1385 3718 1438 3764 et
1467 3712 1711 3779 requirat
1745 3712 1836 3780 qui

267 3801 461 3857 potest.
524 3792 887 3849 Verumtamen
937 3796 1190 3865 pusillum
1250 3800 1443 3864 adhuc,
1490 3810 1536 3854 et
1585 3817 1685 3854 non
1739 3805 1837 3856 erit

268 3893 525 3950 peccator,
551 3897 818 3955 etqua’res
838 3887 1008 3941 locum
1033 3890 1147 3955 ejus
1174 3899 1223 3943 et
1276 3908 1377 3945 non
1423 3894 1672 3951 invenies.
1720 3894 1835 3949 Non

268 3978 437 4031 solum
479 3988 657 4033 autem
684 3991 939 4048 peccator
966 3997 1071 4034 non
1105 3982 1231 4047 erit,
1262 3983 1356 4036 sed
1395 3998 1493 4037 nec
1524 3984 1674 4040 locus
1714 4002 1838 4055 pec-

268 4071 467 4127 ratoris
495 4071 621 4128 erit.
646 4071 777 4137 Quis
797 4082 880 4126 est
918 4081 1098 4126 autem
1150 4072 1298 4128 locus
1350 4077 1677 4143 peccatoris,
1733 4078 1835 4133 nisi

265 4161 363 4217 ista
415 4177 535 4232 quae
590 4163 956 4231 praetereunt?
999 4161 1227 4227 Caelum,
1271 4164 1446 4233 inquit
1477 4166 1544 4231 ⁸⁸,
1599 4178 1647 4221 et
1695 4178 1836 4222 terra

269 4255 619 4311 oratertbunt.
651 4254 780 4308 Sine
806 4254 969 4309 dubio
996 4269 1124 4321 ergo
1148 4269 1269 4308 cum
1308 4255 1427 4325 ipso
1454 4268 1676 4325 peccato
1694 4260 1834 4327 quod

270 4345 545 4410 praeteriit,
572 4346 737 4399 etiam
767 4346 917 4400 locus
944 4346 1217 4415 prteteriet
1242 4350 1567 4415 peccatoris.
1612 4349 1831 4419 Caelum,

1940 3162 2259 3214 Additsane
2299 3158 2569 3227 Propheta
2602 3158 2765 3212 etiam
2810 3158 3044 3226 amplius
3096 3157 3298 3227 aliquid
3351 3172 3511 3227 quam

1940 3254 1991 3307 in
2030 3252 2318 3322 Evangelio
2366 3252 2612 3320 legimus,
2648 3250 2835 3304 dicens
2862 3249 2908 3281 "
2950 3266 2964 3305 :
3008 3248 3074 3301 Et
3119 3249 3517 3303 delectabantur

1939 3346 1993 3396 in
2020 3343 2354 3396 multitudine
2380 3345 2548 3410 pacis.
2586 3340 2763 3397 Etiam
2794 3340 2881 3395 hic
2913 3353 3165 3395 sermone
3198 3340 3314 3409 ipso
3347 3340 3516 3393 utitur

1939 3435 2272 3497 Grzecus,tle
2308 3449 2415 3503 quo
2443 3445 2496 3489 et
2542 3432 2793 3503 superius
2852 3430 3107 3499 diximus,
3165 3434 3517 3505 κατατρυφή-

1942 3545 2143 3591 σουσιν,
2176 3528 2226 3581 id
2275 3535 2375 3592 est,
2413 3526 2813 3580 deliciabuntur
2840 3524 3009 3592 magis
3054 3538 3216 3593 quam
3279 3524 3515 3580 delecta-

1939 3618 2162 3673 buntur.
2224 3619 2394 3685 Igitur
2447 3617 2847 3671 deliciabuutur
2880 3655 2895 3679 ,
2940 3617 3054 3671 sive
3103 3615 3513 3671 delcctabuntur

1942 3711 2208 3766 mansueti
2237 3711 2288 3763 in
2324 3709 2671 3764 multitudine
2697 3708 2867 3779 pacis.
2897 3706 2951 3763 Si
2985 3708 3076 3778 qui
3112 3716 3240 3762 sunt
3268 3707 3514 3761 carnales

1942 3803 2210 3866 homines,
2253 3802 2591 3857 delectantur
2626 3803 2676 3855 in
2708 3800 2845 3855 cibis
2870 3800 2959 3870 qui
2994 3799 3343 3854 destruentur
3390 3815 3512 3853 cum

1942 3906 2127 3949 ventre
2152 3911 2270 3956 suo,
2300 3896 2511 3949 sicutet
2544 3891 2833 3963 Apostolus
2860 3892 2991 3946 dicit
3023 3892 3068 3923 "
3100 3911 3111 3944 ς
3155 3891 3300 3945 Εεειε
3327 3895 3513 3954 uentri,

1940 3999 1985 4043 et
2010 4000 2179 4042 center
2203 3988 2356 4051 escis,
2403 3986 2542 4040 Deus
2572 3995 2743 4038 autent
2794 3985 2932 4039 hunc
2991 3996 3037 4039 et
3088 3983 3207 4036 illas
3259 3984 3512 4037 destruet.

1942 4078 2128 4133 Sancti
2163 4088 2339 4131 autem
2374 4077 2505 4131 istas
2539 4092 2752 4145 quoque
2799 4076 3022 4131 delicias
3057 4085 3412 4130 contemnunt
3462 4088 3515 4128 ct

1942 4170 2287 4238 despiciunt:
2323 4170 2525 4221 habent
2555 4177 2735 4222 autem
2786 4168 3008 4222 delicias
3059 4170 3109 4221 in
3171 4168 3514 4222 multitttdiue

1943 4265 2112 4333 pacis.
2141 4261 2427 4316 Multitudo
2460 4270 2639 4314 autem
2670 4260 2817 4330 pacis
2848 4276 2969 4314 esse
3000 4261 3199 4313 dicitur
3242 4260 3293 4313 in
3323 4260 3515 4313 diebus

1940 4356 2165 4411 Christi.
2199 4355 2273 4409 Ita
2304 4354 2447 4407 enim
2479 4354 2742 4422 scriptum
2769 4353 2915 4407 est"
2953 4369 2965 4403 :
3001 4351 3067 4405 Ιίι
3101 4352 3382 4404 multitudo
3422 4368 3516 4420 pa»

270 4438 458 4507 inquit,
495 4447 543 4491 et
579 4447 717 4491 terra
746 4440 1107 4507 prtrteribunt,
1151 4442 1303 4494 verba
1356 4452 1529 4496 autem
1583 4460 1697 4497 utea
1732 4461 1832 4497 non
1868 4450 1910 4504 D
1940 4452 2015 4503 ci;
2044 4450 2143 4503 erit
2192 4449 2245 4501 in
2295 4446 2476 4499 diebus
2525 4447 2663 4515 ejus,
2721 4462 2986 4514 usqueqtto
3039 4444 3316 4512 auferatur
3368 4444 3514 4498 luna.

271 4529 626 4596 prteteribunt.
662 4529 990 4587 Studeamus
1016 4547 1147 4601 ergo
1183 4548 1280 4588 nos
1313 4534 1493 4589 facere
1524 4537 1684 4590 verba
1720 4538 1832 4599 Dei,

272 4635 387 4689 qua:
415 4635 518 4674 non
555 4631 902 4690 praetereunt,
936 4638 1001 4678 ne
1033 4623 1171 4679 forte
1192 4637 1245 4681 et
1278 4642 1374 4681 nos
1404 4642 1525 4680 eum
1558 4629 1677 4681 istis
1718 4645 1836 4697 qua}

272 4720 595 4781 praetereunt
624 4712 974 4769 iutereamus.
1005 4713 1063 4768 Si
1086 4716 1229 4769 enim
1260 4727 1543 4786 peccatum
1585 4719 1834 4784 facimus,

272 4804 407 4870 quod
434 4804 691 4872 praeterit,
720 4804 838 4860 sine
863 4805 1021 4861 dubio
1048 4816 1101 4861 et
1127 4823 1223 4862 nos
1262 4824 1382 4862 cum
1421 4810 1505 4865 his
1549 4828 1667 4880 qua!
1699 4828 1837 4880 prte-

274 4903 480 4948 tcreunt
507 4896 905 4965 deputabimur.
939 4898 995 4953 Si
1053 4909 1233 4953 autem
1298 4902 1521 4957 facimus
1564 4903 1833 4972 justitiam

272 5000 383 5053 quae
418 5002 523 5041 non
578 4990 841 5055 praeterit,
898 5006 1071 5059 neque
1129 4991 1229 5059 ipsi
1286 4994 1708 5060 praeter-ibimus,
1742 4996 1837 5047 sed

273 5079 706 5145 permanehimus
739 5098 865 5137 cum
892 5093 1244 5152 permanente
1266 5084 1501 5151 justitia,
1539 5084 1835 5139 secundum

275 5168 396 5222 illud
421 5171 562 5239 quod
588 5173 850 5241 scriptutn
882 5184 968 5228 est
996 5175 1043 5206 ⁹⁹
1077 5192 1089 5227 :
1135 5174 1388 5243 Nunquid
1429 5191 1533 5227 non
1560 5175 1691 5227 valet
1725 5192 1838 5227 ma-

278 5276 369 5313 nus
398 5278 514 5315 utea
544 5263 718 5318 salvos
742 5266 951 5334 facere?
973 5275 1062 5318 aut
1094 5269 1307 5335 gravavi
1346 5282 1526 5319 aurem
1563 5282 1732 5320 meam
1776 5284 1837 5319 ne

275 5353 551 5406 exaudiam
581 5356 608 5408 γ
633 5354 736 5409 Sed
755 5369 963 5424 peccata
994 5367 1165 5412 vestra
1207 5367 1452 5427 separant
1492 5358 1627 5411 inter
1665 5377 1749 5411 vos
1786 5369 1831 5413 et

278 5442 461 5501 Deum.
488 5445 593 5502 Sed
622 5456 676 5503 et
718 5449 787 5502 ab
818 5450 969 5505 initio
1018 5459 1284 5505 creaturae
1335 5464 1440 5503 non
1488 5449 1605 5503 sine
1653 5452 1831 5520 aliqua

352 5586 396 5616 “
422 5587 559 5641 Gen.
619 5604 654 5642 ι.
754 5590 965 5645 "l’sal.
1025 5591 1330 5649 xxxoul.

276 5657 313 5685 "
349 5656 488 5779 Pspl.
550 5673 737 5723 Lxxvt,
776 5660 861 5714 l7.
954 5662 999 5693 9³
1025 5661 1143 5715 Psal
1202 5676 1384 5725 χχχιι,
1426 5661 1503 5713 ll.

279 5740 368 5779 ut.
443 5764 461 5779 .

279 5740 368 5789 ιιι,
406 5740 461 5781 7.

1428 5590 1472 5617 ⁸⁸
1500 5590 1614 5643 1³5ηὲ

1683 5607 1865 5659 xxxvi,
1905 5593 1987 5646 l0.

1595 5662 1641 5689 θ’
1669 5661 1858 5717 Matth.
1898 5679 1947 5727 ν,
1992 5664 2041 5717 .t.

1947 4541 2271 4608 Quicunque
2305 4553 2435 4606 ergo
2467 4537 2667 4591 desinit
2691 4537 2757 4590 ab
2788 4536 2890 4602 ira,
2921 4546 2976 4589 et
3015 4535 3230 4605 reliquit
3266 4534 3516 4603 indigna-

1948 4634 2169 4695 tionem,
2201 4639 2253 4684 et
2283 4645 2457 4701 neque
2502 4630 2717 4682 animus
2756 4630 2808 4681 in
2864 4631 2997 4681 iram
3050 4628 3314 4693 irritatur,
3341 4642 3517 4695 neque

1946 4739 2199 4780 sermone
2236 4724 2405 4776 utitur
2455 4721 2733 4783 iracundo,
2795 4735 2900 4773 non
2963 4718 3133 4771 solum
3189 4717 3514 4779 forinsecus,

1945 4832 2127 4870 verum
2162 4824 2215 4870 et
2244 4814 2572 4867 intrinsecus
2620 4820 2769 4865 totus
2805 4810 2856 4862 in
2902 4824 3032 4877 pace
3096 4816 3196 4871 est,
3243 4815 3296 4859 et
3344 4823 3515 4874 neque

1945 4908 2261 4979 provocanti
2293 4923 2351 4959 se
2381 4906 2445 4959 ad
2470 4903 2806 4959 iracundiam
2834 4902 2997 4963 cedit,
3036 4915 3208 4967 neque
3243 4899 3353 4965 ipse
3380 4898 3516 4950 alte.-

1942 5016 2058 5053 runt
2086 5002 2151 5053 ad
2178 4997 2514 5052 iracundiam
2552 5003 2831 5065 provocat,
2862 4993 2954 5046 sed
2993 4994 3044 5046 in
3090 4992 3387 5059 semetipso
3420 5004 3516 5059 pa-

1941 5107 2058 5145 cem
2101 5090 2283 5156 habet,
2310 5098 2362 5143 et
2396 5088 2448 5141 in
2480 5087 2621 5150 aliis,
2658 5086 2703 5141 si
2734 5088 2823 5155 qui
2854 5084 2991 5139 forte
3016 5083 3304 5149 dissident,
3336 5091 3519 5137 servat

1940 5183 2161 5252 diligere
2191 5178 2681 5240 mansuetudinem,
2722 5194 2843 5246 qua}
2871 5176 3016 5244 pacis
3050 5184 3234 5228 custos
3266 5183 3349 5227 est
3388 5172 3517 5227 ﬁde—

1944 5272 2168 5335 lissima,
2202 5286 2319 5339 qua}
2349 5278 2537 5324 cuncta
2562 5269 2889 5323 moderatur.
2927 5268 3029 5321 Iste
3068 5264 3357 5319 deliciatur
3382 5303 3396 5329 ,
3430 5262 3516 5316 vel

1942 5366 2242 5419 delectatur
2271 5364 2320 5415 in
2353 5361 2696 5415 multitudine
2722 5347 2899 5431 pacis:

2013 5454 2064 5507 Ἰ.
2100 5452 2401 5507 Observabit
2434 5462 2673 5519 peccator
2688 5451 2911 5519 jttsluttt,
2940 5461 2984 5501 et
3013 5448 3192 5516 fremet
3220 5460 3375 5513 super
3399 5460 3517 5497 eum

2096 5593 2138 5621 ⁸⁵³
2170 5591 2297 5645 Luc.
2334 5609 2443 5646 ut.
2474 5592 2562 5644 .35.
2680 5591 2723 5619 9°
2758 5587 2877 5643 lsai.
2907 5604 2989 5640 th
3012 5587 3072 5650 ,‘I
3107 5596 3161 5640 ct
3181 5586 3281 5641 2."
3303 5582 3441 5650 Gen.
3476 5595 3514 5650 [ε

2124 5663 2167 5692 ’³³
2194 5662 2333 5716 Psal.
2368 5676 2552 5725 xxxvi,
2586 5661 2665 5713 ll.
2743 5660 2827 5713 "“l
2865 5660 2983 5713 Cor,
3024 5673 3095 5719 vt,
3137 5655 3219 5709 15.
3294 5653 3339 5689 ⁸⁷
