3942 6216
518 159 703 245 ηδτί

1885 190 1975 253 EX
2008 190 2308 249 ORIGENE
3653 197 3725 250 12ὑὸ

512 302 755 356 dentibus
787 304 894 355 suis
926 302 994 355 “.
1030 301 1183 357 Sicut
1231 303 1373 357 enim
1439 305 1761 361 naturaliter
1806 309 2082 361 contraria
2112 312 2159 371 Α
2188 307 2391 363 habent
2429 314 2479 362 ct
2507 314 2856 376 peccatores.
2909 300 3137 357 Sermo
3178 298 3385 370 sagitta
3414 308 3492 355 est
3521 316 3533 352 :
3573 311 3617 356 et
3648 303 3719 373 justi

518 404 643 447 stnttt
681 393 769 447 lux
800 403 853 447 ct
887 394 1144 460 tenebrm,
1181 396 1250 449 ita
1278 397 1544 452 contrarii
1575 408 1703 452 sunt
1743 399 1844 453 sibi
1890 415 2083 469 pecca-

517 500 601 540 tur
634 486 907 555 etjustus.
950 486 1084 541 Etsi
1134 488 1336 544 videris
1385 490 1675 559 aliquando
1709 490 1835 544 odio
1897 489 2081 546 haberi

507 576 738 644 justum,
770 592 873 631 non
899 578 1111 634 dubites
1134 579 1315 634 dicere
1344 578 1410 634 de
1445 595 1511 634 eo
1550 581 1639 649 qui
1694 581 1809 634 odit
1852 578 2080 648 justum,

513 669 639 735 quia
668 676 925 738 peccator
960 677 1064 725 est.
1117 668 1173 724 Si
1232 671 1434 724 videris
1489 670 1921 739 persecutionem
1970 671 2082 740 pati

512 773 636 811 cum
673 759 764 828 qui
802 759 940 814 bene
970 760 1123 825 vivit,
1153 776 1257 815 non
1297 762 1510 816 dubites
1541 761 1721 815 dicere
1770 761 1835 817 de
1869 776 1935 817 eo
1990 762 2082 831 qui

517 846 887 914 persequitur,
918 847 1043 916 quia
1074 864 1179 902 non
1216 849 1388 903 solum
1425 858 1681 917 peccator
1713 858 1797 903 est
1817 889 1832 915 ,
1858 850 1957 905 sed
1988 866 2083 905 ne-

515 954 701 1002 quam.
728 937 1050 993 Observabit
1079 955 1208 1010 ergo
1240 950 1493 1011 peccator
1520 943 1755 1011 justum,
1807 951 1861 996 et
1892 943 2080 999 obser-

515 1044 651 1083 vans
676 1042 797 1083 eum
829 1028 1024 1084 fremet
1060 1046 1225 1100 super
1254 1046 1375 1087 eum
1431 1034 1691 1088 dentibus
1740 1035 1873 1089 suis.
1930 1034 2081 1101 Quod

515 1124 668 1186 dicit,
705 1123 892 1191 fremet
920 1124 1177 1188 dentibus,
1206 1125 1390 1180 nescio
1424 1126 1467 1181 si
1508 1127 1574 1182 de
1596 1128 1905 1183 carnalibus
1944 1129 2083 1183 deu-

517 1213 663 1269 tibus
695 1214 1069 1281 accipiendum
1098 1217 1189 1281 sit,
1216 1216 1341 1273 licet
1367 1218 1622 1288 possibile
1674 1221 1748 1275 sit
1780 1218 1945 1277 etiam
1981 1220 2084 1275 hoc

514 1307 630 1359 ﬁeri
664 1320 692 1358 a
725 1315 1015 1376 peccatore
1042 1309 1302 1364 adversus
1332 1309 1560 1379 justum.
1608 1310 1744 1368 Cum
1785 1311 2085 1370 commina-

511 1407 601 1451 tur
621 1398 693 1463 ei,
719 1412 841 1452 cum
869 1397 996 1453 furit
1018 1399 1281 1456 adversus
1304 1416 1450 1469 eum,
1507 1418 1627 1457 cum
1658 1402 1783 1465 silet
1821 1417 1974 1469 voce,
2031 1410 2085 1455 et

510 1490 716 1544 clamat
755 1490 961 1559 furore,
994 1507 1116 1549 cum
1133 1494 1281 1567 justo
1308 1495 1528 1551 molitur
1554 1495 1810 1559 insidias,
1842 1503 1897 1550 et
1925 1510 2085 1550 omne

511 1584 713 1637 malum
746 1585 1027 1653 excogitat
1057 1586 1345 1640 adversum
1374 1601 1497 1641 eum
1520 1627 1536 1654 ,
1580 1596 1710 1642 tunc
1738 1586 1902 1641 etiam
1958 1601 2081 1639 cor-

509 1674 772 1745 porallter
808 1676 1134 1751 adimpletur
1178 1680 1320 1747 quod
1362 1678 1561 1733 dicitur
1601 1697 1616 1734 :

512 1862 799 1915 adversum
826 1859 1054 1928 justum,
1078 1861 1363 1928 Dominus,
1386 1863 1649 1933 inquit",
1685 1865 1924 1920 irridebit
1941 1883 2080 1934 eum,

507 1958 758 2025 quoniam
785 1957 1036 2027 prospicit
1056 1959 1196 2028 quod
1230 1959 1403 2013 veniat
1439 1959 1552 2012 dies
1574 1958 1709 2027 ejus.
1736 1959 1907 2026 Quem
1939 1961 2081 2017 diem

511 2050 774 2119 prospicit
819 2048 1080 2104 Dominus
1129 2049 1474 2120 peccatoris?
1529 2049 1678 2107 Illum
1732 2052 1852 2108 sine
1897 2053 2080 2122 dubio,

507 2160 632 2205 cum
664 2144 927 2211 qua'ritnr
956 2151 1228 2213 peccator,
1262 2153 1317 2199 et
1350 2159 1455 2201 nou
1491 2148 1616 2203 erit.

581 2237 635 2295 8.
670 2235 921 2294 Gladium
946 2238 1348 2309 evaginaperunt
1386 2248 1709 2309 peccatores,
1754 2240 2079 2295 tetenderunt

510 2347 693 2388 arcum
720 2347 900 2392 suum,
927 2338 981 2383 ut
1014 2330 1266 2399 dejiciant
1304 2330 1509 2399 inopem
1533 2343 1581 2392 et
1605 2334 1939 2401 pauperem‘.
1964 2329 2078 2387 Non

510 2424 651 2501 quod
682 2423 827 2477 omni
858 2436 1054 2493 genere
1081 2432 1393 2494 peccatores
1428 2422 1664 2493 gladium
1694 2423 1929 2478 habeant
1952 2438 2075 2478 cor-

514 2514 781 2582 poralem,
814 2512 907 2572 sed
933 2512 1213 2566 videamus
1238 2527 1305 2565 ne
1334 2513 1474 2568 forte
1495 2512 1634 2567 sicut
1668 2522 1795 2568 sunt
1832 2513 2078 2581 quaedam

510 2620 661 2657 arma
700 2603 817 2668 Dei,
846 2603 897 2657 in
932 2602 1131 2675 quibus
1158 2616 1279 2655 esse
1311 2602 1512 2657 dicitur
1539 2602 1704 2656 lorica
1739 2601 1998 2672 justitiaz,
2027 2609 2080 2657 et

510 2699 718 2770 gladius
770 2698 1016 2766 spiritus,
1058 2705 1115 2751 et
1146 2706 1358 2752 scutum
1416 2695 1561 2760 ﬁdei,
1613 2696 1685 2749 ita
1740 2696 1903 2749 etiam
1966 2694 2078 2751 sint

511 2807 666 2846 arma
699 2789 922 2854 diaboli,
960 2788 1160 2859 quibus
1206 2786 1429 2841 indutus
1464 2795 1546 2841 cst
1592 2786 1753 2841 homo
1800 2795 2073 2857 peccator.

506 2882 550 2933 A
608 2878 900 2933 contrariis
964 2877 1133 2949 igitur
1196 2874 1561 2946 intelligamus
1626 2878 1950 2941 contraria,
2023 2886 2078 2932 et

507 2980 813 3025 statuamus
869 2970 1006 3024 duos
1060 2969 1258 3025 milites
1306 2976 1581 3033 armatos,
1637 2984 1801 3024 unum
1850 2970 2076 3025 militem
2106 3008 2154 3071 Ο

503 3064 666 3146 663
706 3064 821 3128 Dei,
875 3062 1103 3118 alterum
1132 3062 1363 3139 .militem
1411 3061 1634 3117 diaboli.
1671 3061 1810 3117 Etsi
1860 3062 2077 3134 quidem

509 3157 665 3218 miles
693 3155 785 3214 Dei
826 3154 990 3213 habet
1029 3155 1249 3216 loricam
1275 3154 1521 3224 iustitiae,
1562 3153 1681 3209 sine
1709 3154 1874 3211 dubio
1930 3156 2082 3211 miles

510 3248 710 3303 diaboli
743 3248 1076 3303 contrariam
1104 3247 1229 3303 huic
1254 3248 1393 3318 gerit
1423 3247 1702 3318 injustitia:
1730 3247 1974 3307 loricam.
2017 3248 2083 3302 Et

506 3343 551 3399 si
597 3342 750 3396 miles
806 3340 896 3395 Dei
930 3340 982 3395 in
1032 3338 1181 3411 galea
1234 3338 1428 3396 salutis
1467 3348 1738 3406 coruscat,
1775 3339 2082 3397 econtrario

508 3443 771 3507 peccator
794 3433 883 3502 qui
908 3442 993 3488 est
1022 3432 1176 3487 miles
1211 3431 1436 3500 diaboli,
1466 3432 1617 3501 galea
1648 3432 1970 3503 perditionis
1998 3432 2082 3488 in-

507 3525 670 3580 dutus
692 3533 795 3579 est.
828 3525 891 3578 Et
921 3524 966 3579 si
993 3523 1165 3598 parati
1196 3532 1323 3578 sunt
1349 3522 1514 3593 pedes
1547 3523 1733 3583 militis
1765 3523 1966 3578 Christi
2013 3522 2079 3577 ad

508 3614 786 3685 Evartgelii
845 3629 1064 3671 cursum
1127 3624 1183 3671 et
1234 3615 1708 3685 praedicationem,
1771 3615 2081 3671 econtrario

510 3707 812 3779 peccatoris
844 3709 1007 3782 pedes
1044 3707 1300 3765 velociter
1338 3718 1563 3765 currunt
1597 3708 1665 3762 ad
1700 3707 2079 3764 elinudendum

510 3800 854 3872 sanguinem,
898 3811 953 3857 et
998 3801 1363 3857 calceamenta
1390 3802 1527 3871 ejus,
1566 3800 1667 3861 hoc
1694 3810 1776 3857 est
1806 3817 2077 3871 praepara-

512 3894 611 3963 tio,
641 3893 1039 3955 concinnantur
1075 3894 1141 3948 ad
1180 3894 1403 3948 malum.
1431 3894 1605 3949 liabet
1634 3910 1765 3963 ergo
1799 3895 1954 3951 miles
1986 3894 2079 3949 Dei

509 3994 721 4040 scutum
738 3983 1004 4057 quoddam
1035 3984 1181 4049 ﬁdei,
1214 3982 1376 4043 habet
1398 3990 1452 4037 et
1478 3983 1632 4037 miles
1664 3983 1862 4041 diaboli
1893 3984 2081 4041 inﬁde-

512 4076 686 4133 litatis
707 4085 941 4131 scutum.
974 4074 1046 4129 Ita
1077 4089 1208 4145 ergo
1240 4085 1325 4128 est
1354 4073 1562 4143 gladius
1595 4073 1814 4146 quidam
1843 4073 2081 4140 Spiritus

511 4168 688 4221 sancti
723 4167 775 4220 in
810 4167 895 4220 his
927 4165 1017 4234 qui
1052 4166 1286 4219 militant
1318 4164 1454 4227 Deo;
1481 4170 1564 4215 est
1591 4170 1771 4214 autem
1801 4172 1853 4215 et
1872 4161 2081 4229 gladius

508 4257 729 4327 maligni
776 4258 828 4310 in
862 4257 945 4311 bis
971 4257 1062 4325 qui
1092 4255 1322 4309 militant
1353 4265 1592 4325 peccato,
1628 4267 1789 4323 quem
1843 4252 2079 4321 gladium

2182 400 2401 470 quidem
2451 413 2628 454 sermo
2659 413 2780 451 cum
2837 394 3055 466 arguit
3102 401 3164 449 et
3198 392 3432 463 corrigit
3464 404 3723 461 peccatum.

2184 493 2334 547 velut
2379 492 2577 562 sagitta
2629 490 2975 561 compungit
3010 498 3075 543 et
3110 486 3427 541 transforat
3456 499 3544 540 cor
3566 486 3669 555 eius,
3698 501 3726 543 et

2185 594 2535 639 convertatur
2564 584 2631 638 ad
2660 580 3082 653 pmuitentiam
3122 586 3185 633 et
3216 576 3482 633 salvetur.
3515 577 3730 631 Seruum
3778 612 3783 642 λ

2188 685 2293 731 tem
2323 676 2623 746 peccatoris
2647 684 2732 729 est
2765 674 3012 728 habens
3053 684 3359 726 venenum
3387 677 3439 721 et
3464 668 3681 736 sagittans
3700 685 3731 722 π

2184 769 2479 824 vulnerans
2500 783 2641 830 eum,
2664 768 2753 837 qui
2779 781 2903 821 non
2933 771 3035 821 est
3066 762 3262 818 armis
3285 762 3382 817 Dei
3408 762 3633 815 munitus.
3645 760 3731 815 Tunc

2184 861 2329 917 enim
2372 861 2536 915 verba
2595 860 2928 929 iniquorum
2994 855 3339 926 praevalent
3379 854 3636 908 adversum
3666 871 3729 913 nos.

2185 970 2308 1010 cum
2347 954 2526 1009 minus
2564 962 2723 1007 caute
2759 960 2934 1007 scuto
2970 948 3116 1005 ﬁdei
3164 947 3590 1004 communimur.
3618 946 3731 1001 Tuas

2184 1050 2374 1102 derunt
2429 1061 2558 1115 ergo
2599 1061 2779 1100 arcum
2831 1061 3051 1108 suum,
3115 1053 3179 1096 ut
3232 1041 3493 1109 dejiciant
3527 1041 3731 1109 ineptus

2183 1155 2462 1210 pauperem
2502 1138 2543 1191 ³.
2592 1137 2787 1193 Sciunt
2835 1144 3239 1206 peccatores,
3289 1132 3422 1201 quia
3468 1148 3563 1185 nou
3591 1143 3729 1200 possunt

2184 1231 2422 1300 dejicere
2451 1231 2697 1295 divitem,
2728 1238 3051 1299 propterea
3111 1238 3313 1293 neque
3350 1223 3569 1277 insidias
3592 1223 3629 1276 ei
3668 1230 3729 1274 tm

2184 1325 2344 1385 dunt.
2376 1323 2469 1378 sed
2492 1336 2681 1377 omnes
2710 1335 2911 1376 eorum
2947 1317 3197 1374 insidia:
3217 1316 3514 1369 adversum
3535 1329 3725 1381 pauperes

2184 1414 2513 1483 diriguntur,
2550 1414 2693 1468 sicut
2735 1421 2791 1467 et
2841 1410 2994 1465 alibi
3050 1407 3282 1461 dicitur
3313 1407 3357 1472 ⁸,
3391 1405 3513 1473 quia
3538 1404 3727 1455 insidiata

2183 1509 2317 1563 sicut
2344 1506 2425 1561 leo
2454 1507 2508 1560 in
2535 1504 2694 1559 cubili
2722 1519 2840 1567 suo,
2870 1501 3217 1556 insidiatur
3244 1507 3303 1552 ut
3328 1499 3499 1566 rapiat
3520 1510 3722 1561 paupera.

2185 1598 2251 1653 Et
2282 1598 2405 1668 quia
2442 1596 2727 1665 redemptio
2761 1594 2860 1648 viri
2892 1593 3137 1647 divitia:
3194 1591 3324 1661 ejus
3373 1600 3492 1641 sunt
3525 1588 3563 1651 ⁸,
3603 1600 3725 1655 paup:

1673 1677 1882 1733 Fm'm
1931 1694 2085 1747 δυρεν
2114 1669 2157 1725 Β
2187 1699 2365 1743 autem
2394 1687 2622 1743 snﬁ'erre
2646 1702 2750 1741 non
2778 1685 2934 1740 valet
2978 1685 3210 1749 minas,
3239 1680 3371 1735 ideo
3401 1678 3576 1734 divites
3602 1676 3723 1730 emcn-

509 1787 625 1821 eum
679 1769 919 1822 dentibus
958 1771 1090 1823 suis.
1145 1768 1252 1825 Sed
1302 1785 1426 1825 cum
1475 1772 1591 1827 inec
1642 1771 1773 1828 facit
1833 1785 2086 1844 peccator

2188 1796 2311 1836 mur
2331 1780 2383 1834 in
2403 1778 2733 1849 spiritalibus
2761 1778 2961 1841 bonis,
2991 1776 3052 1831 id
3089 1783 3187 1830 est
3224 1776 3280 1827 in
3309 1771 3456 1828 omni
3478 1770 3724 1830 verbo,etia

2188 1871 2341 1927 omni
2387 1871 2638 1935 scientia,
2674 1869 2725 1923 in
2756 1868 3047 1938 operibus
3082 1864 3287 1929 bonis,
3331 1860 3719 1932 abjicieutesdiri-

2191 1962 2293 2017 tias
2323 1962 2550 2033 peccati,
2612 1960 3038 2031 prospicientes
3092 1973 3219 2012 non
3275 1970 3341 2011 ea
3388 1968 3502 2023 qua:
3537 1953 3719 2009 videntur.

2185 2056 2279 2110 sed
2302 2069 2362 2109 ea
2387 2068 2506 2123 quae
2524 2068 2628 2109 non
2652 2052 2933 2109 videntur.
2966 2051 3122 2117 Qua:
3140 2048 3299 2103 enim
3320 2045 3555 2099 videntur
3572 2041 3711 2099 divitis,

2186 2145 2509 2216 temporales
2542 2154 2694 2211 sunt;
2740 2159 2860 2214 qua:
2897 2154 3113 2199 autem
3144 2156 3261 2196 non
3295 2138 3549 2201 videntur,
3571 2142 3711 2187 :eteme

2182 2248 2328 2294 sunt.
2368 2237 2435 2291 Et
2467 2237 2512 2291 si
2547 2237 2601 2291 in
2636 2236 2832 2291 talibus
2864 2234 3109 2290 divitiis
3150 2231 3496 2294 ditescimus,
3525 2220 3706 2278 vulnerati

2182 2330 2394 2399 sagittis
2424 2344 2529 2384 non
2572 2343 2858 2399 possumus
2908 2337 3331 2397 peccatorum.
3380 2320 3700 2388 Rcstiuguentn

2181 2422 2326 2476 enim
2376 2430 2530 2476 scuto
2574 2420 2723 2487 ﬁdei,
2768 2435 2864 2490 per
2898 2419 3218 2475 Christum
3260 2416 3524 2471 Dominum
3564 2404 3696 2462 etSai

2182 2522 2423 2566 vatorem
2469 2520 2735 2578 nostrum,
2789 2509 2877 2564 cui
2928 2518 3028 2563 est
3100 2507 3287 2578 gloria
3321 2514 3376 2560 et
3408 2499 3627 2569 imperium
3658 2491 3689 2544 in

2180 2602 2373 2658 saecula
2406 2602 2747 2658 Steculorum.
2780 2601 2987 2657 Amen.

2755 2714 3058 2771 liOMlLlA
3106 2715 3203 2770 Ill.

2184 2806 2260 2861 De
2292 2806 2469 2863 eodem
2499 2805 2723 2869 psalmo,
2756 2807 2820 2859 ab
2846 2807 2944 2859 illa
2980 2817 3157 2875 parte
3185 2806 3207 2836 ⁸
3239 2822 3254 2857 :
3291 2821 3310 2855 ι
3344 2798 3531 2854 Cladis/tt
3546 2788 3667 2853 (reui-

2638 2887 2890 2931 nurerum
2941 2889 3302 2946 ρεσεαιονεε.
3334 2892 3351 2923 1

2256 2969 2307 3024 1.
2333 2968 2626 3038 Superiore
2656 2975 2888 3022 tractatu
2916 2966 3271 3023 dicebamus
3304 2959 3489 3034 quatiam
3512 2945 3650 3049 Μι-

2184 3061 2273 3116 dio
2304 3070 2359 3115 et
2382 3076 2510 3114 arcu
2549 3068 2917 3127 peccatorum,
2968 3069 3031 3115 et
3075 3057 3266 3115 armis
3302 3051 3410 3117 Dei,
3432 3055 3557 3114 6W1“
3572 3050 3644 3091 σθ’

2182 3173 2279 3214 nes
2308 3159 2555 3213 homines
2582 3158 2776 3213 armati
2807 3165 2964 3225 sunt;
3021 3167 3086 3214 et
3135 3156 3293 3229 quod
3326 3149 3526 3237 diximus‘
3547 3145 3659 3237 οξιξυδ

2182 3251 2449 3314 homines,
2496 3266 2640 3306 tttltlc
2675 3249 2925 3318 adjiciam
2974 3250 3135 3322 quod
3170 3246 3348 3304 deruit
3386 3229 3663 3322 superioribus.

2182 3343 2234 3398 id
2260 3352 2343 3398 est
2364 3344 2413 3397 bi
2443 3358 2631 3397 omnes
2662 3341 2756 3412 qui
2795 3318 3034 3411 peccare
3058 3341 3185 3411 jam
3221 3340 3457 3409 possunt,
3480 3322 3543 3377 vel
3564 3318 3670 3369 εὼςιί-

2183 3450 2313 3491 nere
2339 3450 2368 3488 a
2405 3436 2659 3505 peccatis.
2693 3434 2929 3489 Infantes
2953 3434 3120 3489 enim
3147 3442 3329 3499 neque
3357 3421 3441 3478 Dei
3467 3423 3580 3471 arma
3600 3415 3668 3505 ira"

2183 3537 2331 3583 ctare
2369 3535 2616 3597 possunt,
2641 3542 2815 3597 neque
2843 3542 3001 3581 arma
3031 3523 3273 3581 diaboli.
3303 3519 3361 3574 Si
3398 3512 3477 3585 qui
3500 3511 3674 3597 autem“:

2182 3621 2349 3675 verbo
2378 3629 2427 3674 et
2457 3628 2583 3675 actu
2615 3629 2673 3674 et
2695 3620 3033 3691 cogitatione
3065 3624 3305 3685 possunt
3327 3611 3431 3679 iam
3453 3583 3671 3695 “inﬁmi

2183 3720 2387 3766 rectum
2410 3719 2511 3777 est,
2534 3718 2591 3766 et
2614 3685 2793 3766 vitare
2817 3711 2963 3779 quod
3006 3708 3354 3766 contrariqu
3388 3707 3481 3759 est,
3503 3685 3583 3759 ipsi
3599 3685 3678 3735 sunt

2184 3803 2273 3872 qui
2296 3803 2557 3858 dicuntur
2582 3820 2772 3860 omnes
2798 3803 2999 3858 habere
3035 3819 3219 3867 arma,
3244 3808 3298 3853 et
3323 3794 3367 3850 Si
3395 3785 3573 3879 quid”?

2183 3901 2330 3957 cant,
2388 3893 2588 3948 diaboli
2622 3908 2773 3948 arma
2808 3893 3017 3948 habent
3066 3904 3125 3948 et
3176 3880 3496 3957 iniquitatis;
3539 3874 3675 3923 sitm

2184 3990 2331 4035 recte
2361 3990 2549 4050 agunt,
2598 3982 2763 4036 armis
2798 3981 2896 4035 Dei
2926 3981 3195 4037 dicentur
3230 3970 3412 4031 induti.
3440 3959 3566 4033 Quod
3586 3964 3670 4050 ert"

2183 4072 2362 4128 dixit:
2415 4074 2662 4127 Gladium
2708 4075 3120 4144 euaginaveruut
3167 4075 3471 4139 peccatores,
3515 4041 3674 4144 teut-Idle

2183 4174 2304 4217 runt
2329 4182 2508 4218 arcum
2537 4181 2714 4227 suum,
2736 4165 3094 4234 explauautes
3120 4161 3423 4217 dicebamus
3452 4134 3670 4227 secundat"

2183 4258 2493 4326 Apostolum
2520 4258 2612 4326 qui
2642 4258 2778 4311 dixit
2808 4274 2836 4309 a
2859 4256 3159 4312 contrariis
3182 4253 3200 4283 '
3236 4269 3249 4304 :
3278 4246 3345 4300 Et
3380 4236 3577 4326 gladi”qu

3777 3370 3781 3451 (χ

507 4351 799 4425 evaginare
827 4364 974 4407 nunc
1015 4350 1270 4403 dicuntur
1299 4356 1635 4419 peccatores.
1667 4346 1948 4414 Quomodo
1978 4361 2076 4399 au—
2112 4366 2154 4422 ι)
2184 4349 2314 4405 ritus
2339 4349 2477 4419 quod
2506 4357 2582 4402 est
2608 4348 2815 4402 verbum
2852 4347 2970 4414 Dei,
3002 4348 3130 4419 quia
3166 4342 3491 4425 peccatorum

509 4416 637 4494 tem?
676 4441 898 4515 putandi
935 4450 1059 4497 sunt
1108 4416 1421 4512 peccatores
1465 4440 1755 4510 evagiuare
1804 4436 2080 4509 gladium?
2112 4416 2144 4422 —
2186 4416 2578 4511 essetspiritus
2593 4442 2683 4510 qui
2714 4442 2765 4495 iu
2795 4441 2925 4510 ipsis
2958 4416 3041 4496 est
3066 4447 3319 4509 nequam.
3346 4423 3432 4497 «ιυί
3456 4416 3668 4515 eos

508 4533 646 4591 Dum
685 4534 799 4605 jam
838 4531 1183 4603 impudenter
1228 4542 1282 4585 et
1328 4531 1533 4597 absque
1582 4531 1688 4585 ullo
1742 4530 2079 4585 verecundiae

506 4625 817 4683 velamento
865 4623 1177 4692 iniquitates
1230 4638 1357 4685 snas
1405 4631 1743 4695 perpetrant,
1795 4636 1894 4675 nec
1948 4635 2076 4674 eru-

508 4716 758 4781 bescunt,
789 4728 855 4769 ac
885 4725 1224 4779 reverentur,
1262 4730 1359 4773 nec
1384 4723 1640 4784 tanquam
1673 4713 1726 4766 iu
1761 4711 1954 4780 vagina
1981 4726 2078 4763 ue-

507 4806 735 4875 quitiam
766 4821 918 4862 suam
964 4807 1261 4866 recondunt
1293 4814 1346 4858 et
1383 4812 1697 4873 contegunt,
1729 4804 1822 4857 sed
1846 4802 2078 4869 superbo

504 4908 561 4951 et
591 4898 734 4954 elato
764 4898 959 4968 spiritu
1003 4895 1150 4950 velut
1197 4895 1432 4963 gladium
1464 4897 1749 4961 quemdam
1778 4890 2072 4946 denudent.

508 4990 775 5051 Similiter
796 4991 960 5045 etiam
994 4988 1122 5043 illud
1153 4991 1295 5057 quod
1326 4987 1569 5056 sequitur
1603 4993 1887 5055 peragunt,
1918 4980 1971 5041 id
1993 4989 2078 5035 est

504 5085 840 5143 intenderunt
871 5096 1051 5134 arcum
1083 5096 1258 5134 suum.
1286 5078 1391 5132 Sed
1415 5090 1467 5131 et
1492 5078 1621 5152 justi
1649 5074 2076 5137 habentarcum,

510 5178 711 5233 habent
739 5183 795 5233 et
825 5173 1072 5248 sagittas.
1100 5171 1339 5241 Denique
1370 5178 1424 5223 et
1456 5185 1560 5220 una
1597 5166 1793 5241 sagitta
1840 5166 2074 5240 ipsorqu

510 5279 590 5320 est
623 5268 880 5321 Dominus
916 5263 1100 5328 .lesus,
1150 5264 1264 5331 ipse
1294 5262 1433 5313 cuitu
1469 5261 1543 5312 ait
1589 5261 1651 5312 ἐ
1686 5258 1751 5310 Et
1794 5259 1963 5325 posuit
1999 5271 2078 5308 me

508 5366 643 5417 sicut
674 5362 922 5433 sagittam
969 5361 1210 5418 electam.
1260 5360 1468 5419 Habent
1507 5373 1636 5429 ergo
1664 5356 1791 5425 justi
1834 5357 2079 5426 sagittas,

2188 4544 2273 4589 rat
2301 4535 2366 4588 ad
2385 4498 2556 4588 uverha
2586 4498 2953 4603 biaspheiuize,
2984 4543 3039 4589 et
3084 4498 3397 4599 iniquitatis,
3427 4524 3473 4569 ei
3498 4498 3665 4603 ιυΨίνΪ
3768 4508 3773 4551 ί

2185 4625 2347 4679 diuis.
2374 4624 2535 4681 Verbi
2564 4642 2751 4689 causa,
2784 4627 2828 4680 si
2877 4627 3064 4682 videas
3109 4621 3330 4697 gentiles
3369 4596 3664 4697 adversum-it3

2186 4715 2240 4769 in
2293 4715 2754 4785 disputationibus
2807 4688 3151 4780 dimicantes,
3191 4722 3243 4768 ct
3276 4710 3491 4764 diversas
3524 4688 3659 4789 conf
3766 4722 3767 4789 ξ

2182 4820 2242 4860 se
2300 4806 2529 4861 invicem
2582 4807 2891 4876 impietates
2940 4806 3236 4863 dialectica:
3291 4793 3414 4851 artis
3466 4778 3656 4881 "is"?
3702 4828 3707 4865 ;

2183 4906 2511 4961 astruentes,
2536 4908 2691 4969 potes
2728 4910 2855 4955 tunc
2887 4901 3071 4959 dicere
3088 4859 3659 4973 competenteml'fi".
3694 4934 3697 4943 ,

2183 4991 2334 5046 dium
2366 4992 2787 5061 cvaginaverunt
2810 5003 3143 5064 peceatores.
3172 4986 3271 5044 Sed
3285 4991 3334 5037 ει
3354 4962 3527 5084 θξΫΨή

2187 5082 2381 5146 ﬁdelis.
2411 5084 2455 5138 si
2497 5085 2636 5139 forte
2660 5052 2936 5139 certainen
2968 5084 3099 5137 mihi
3132 5084 3198 5137 sit
3228 5088 3341 5133 cum
3366 5065 3533 5159 ali‘lf'oj

2187 5174 2523 5229 iracundiam
2558 5185 2902 5243 provocatus,
2940 5175 3148 5244 abjecta
3181 5144 3647 5252 mansuetudine-ipf:

2189 5262 2358 5316 feram
2391 5265 2554 5323 verba
2586 5263 2811 5327 furiosa,
2855 5275 2910 5321 et
2957 5266 3202 5338 spiritum
3235 5241 3507 5313 mendaciis.

2190 5355 2353 5409 midis
2404 5361 2789 5427 venenatisque
2844 5360 3180 5419 sermonibus
3224 5352 3457 5413 relegam,
3504 5320 3641 5376 meum

579 5562 626 5591 ’⁸
662 5561 804 5619 Psal.
830 5579 1017 5625 XXXVI,
1057 5563 1145 5617 12.
1224 5564 1269 5594 ⁸³
1300 5562 1527 5617 ibid.i3.
1606 5568 1621 5598 ‘
1658 5560 1783 5613 iltiti.
1828 5561 1909 5618 Η.
1989 5562 2007 5590 ³
2040 5556 2079 5614 la

2184 5576 2324 5627 tux,
2362 5562 2416 5617 2.
2497 5565 2515 5594 ⁸
2540 5562 2683 5617 Psal.
2719 5579 2903 5630 xxxvr,
2939 5563 3020 5617 li.
3102 5554 3271 5614 ‘Psal.
3296 5564 3340 5613 Ιι
3371 5541 3413 5595 9·
3476 5530 3491 5561 ⁸
3523 5520 3634 5577 ho"

511 5648 636 5696 λιιι,
668 5632 720 5688 8.
800 5633 818 5663 ⁶
847 5634 966 5691 Paul
1023 5649 1210 5694 xxxvt,
1258 5633 1339 5687 l-l.
1416 5634 1432 5661 ⁷
1471 5631 1662 5700 Ephcs.
1697 5644 1767 5695 vt,
1804 5631 1882 5683 i7.
