3942 6216
93 302 269 357 1337
818 293 1128 352 SELECTA
1162 296 1228 351 IN
1259 293 1597 351 PSALMOS.
1640 326 1706 335 —--
1749 293 1983 352 liOMlL.
2021 297 2087 351 lll
2127 296 2192 350 IN
2235 295 2430 353 PSAL.
2472 294 2707 352 XXXVI.
3257 296 3393 352 1358

88 417 295 469 etiam
329 429 430 484 ego
457 423 712 482 tanquam
739 425 992 485 peccator
1017 415 1334 484 cvagiuasse
1356 414 1592 485 gladium
1628 416 1708 469 di-
1739 419 1785 476 Α
1815 432 1910 471 nes
1934 417 2180 487 pessima)
2209 437 2222 473 :
2262 432 2326 472 os
2356 433 2487 472 vero
2513 432 2575 471 ac
2606 415 2746 470 labia
2769 429 2962 469 eorum
2989 428 3148 470 arcus
3172 415 3389 482 quidam

93 522 240 561 cor.
292 505 501 559 Bonum
553 506 712 576 igitur
767 507 998 575 primmn
1045 514 1226 560 estne
1258 505 1461 559 habere
1493 507 1712 575 quidem
1820 518 1924 572 est,
1977 523 2084 577 quo
2129 509 2352 563 dilatato
2405 518 2568 580 atque
2622 509 2858 563 distento
2909 510 3156 565 venenati
3210 509 3390 564 cordis

91 596 375 664 gladium
425 597 665 666 peccati;
717 599 1009 652 secundum
1058 611 1188 651 vero
1228 606 1311 649 est
1363 597 1550 652 saltem
1600 614 1708 653 non
1819 597 2023 668 spicula
2053 598 2348 666 jactantur.
2377 597 2530 664 Quod
2563 607 2741 651 autem
2771 597 2848 650 ait
2887 598 2940 651 in
2964 599 3206 663 obscuro,
3239 615 3388 652 com-

91 703 250 740 etim
277 689 591 756 evaginare,
617 689 708 742 sed
730 690 1021 744 recondere
1041 690 1093 743 in
1117 691 1309 759 vagina
1338 707 1455 744 sua.
1482 689 1538 744 Si
1566 690 1710 743 enim
1819 700 2067 759 petenter
2106 690 2308 744 dictum
2336 699 2436 743 est.
2480 688 2598 744 Non
2640 690 2782 744 enim
2813 691 2903 744 isti
2941 690 3075 744 tales
3111 691 3162 742 in
3197 691 3304 754 die,
3336 690 3387 743 id

95 789 234 829 non
276 776 589 844 proferatur
617 777 824 848 gladius
841 778 907 832 de
925 779 1135 849 vagina,
1163 795 1336 850 neque
1370 789 1710 843 exerceatur,

95 865 280 920 acies
309 864 429 934 ejus
471 866 787 922 obtunditur
828 879 880 923 et
902 869 1141 938 terugine
1174 871 1532 935 consumitur,
1564 880 1618 924 et
1665 871 1710 925 si

96 969 356 1026 semper
387 969 562 1014 cesset
606 961 673 1013 ab
713 974 873 1028 opere
899 960 1370 1014 exterminabitur.
1399 960 1511 1014 Hoc
1566 960 1709 1013 enim

102 1047 402 1104 Dominus
419 1052 583 1105 etiam
612 1051 914 1121 pollicetur,
936 1063 994 1107 ut
1014 1057 1336 1109 exterminet
1358 1052 1708 1120 rontplueam,

102 1139 170 1194 id
205 1151 296 1196 est
327 1153 636 1212 peccatum,
677 1145 748 1198 ita
784 1154 840 1198 ut
866 1145 1006 1199 ultra
1037 1147 1150 1216 jam
1183 1162 1291 1200 non
1331 1145 1398 1199 sit
1434 1151 1706 1212 peccator.

105 1233 239 1286 Sed
273 1234 322 1288 si
368 1235 585 1303 quidem
618 1235 767 1288 verbi
815 1237 908 1291 Dei
954 1239 1310 1305 prmveuimus
1340 1237 1440 1290 hoc
1469 1250 1625 1303 opus,
1658 1244 1712 1288 et

105 1325 173 1378 in
222 1325 334 1379 hac
369 1325 476 1378 vita
513 1324 669 1394 positi
702 1326 967 1382 iaciamus
999 1330 1050 1382 iu
1083 1329 1238 1384 nobis
1272 1328 1492 1381 interire
1515 1343 1709 1394 pecca-

107 1424 272 1479 tum,
308 1426 369 1469 ut
399 1431 670 1485 nunquam
700 1420 926 1473 omnino
955 1437 983 1473 a
1020 1421 1196 1486 nobis,
1242 1435 1413 1488 neque
1438 1435 1532 1489 per
1567 1421 1710 1489 cogi-

108 1510 424 1576 tationem,
451 1525 625 1578 neque
644 1525 736 1577 per
757 1527 914 1579 opus,
942 1527 1114 1580 neque
1137 1527 1231 1580 per
1259 1513 1481 1565 verbum
1505 1512 1707 1580 peccati

103 1601 342 1670 gladius
392 1602 721 1668 proferatur,
782 1618 886 1655 non
938 1594 1301 1672 indigebimus
1355 1619 1526 1671 pinnae
1571 1605 1710 1671 ignis

103 1691 342 1755 :eterni,
378 1707 482 1746 non
515 1693 751 1746 tenebris
795 1693 1161 1748 exterioribus
1196 1694 1706 1759 condemnabimur,

1819 793 1902 838 est
1933 783 1984 835 in
2013 782 2129 835 luce
2161 781 2254 834 Dei
2285 781 2559 846 incedunt,
2594 784 2686 836 sed
2723 783 2775 836 in
2808 781 3050 837 tenebris
3081 783 3386 846 ambulant,

1819 873 1954 927 etin
1985 872 2312 926 obscuritate
2358 872 2574 925 malitiae
2631 883 2792 942 atque
2837 873 3154 942 ignorantia:
3203 874 3390 927 delite-

1819 975 1995 1020 scunt.
2023 964 2174 1030 Quod
2215 974 2397 1016 autem
2449 964 2710 1032 sagittant
2760 975 2936 1018 rectos
2979 966 3174 1030 corde,
3212 965 3260 1017 id
3306 973 3388 1017 est

1819 1057 2090 1124 simplices
2114 1064 2166 1108 ct
2190 1056 2498 1123 ignorantes
2517 1054 2752 1107 malitias
2781 1069 2928 1108 suas.
2957 1052 3061 1107 Sed
3089 1066 3214 1122 puto
3243 1053 3388 1122 quod

1820 1149 1906 1202 hic
1969 1163 2146 1202 sermo
2188 1161 2291 1200 non
2350 1156 2456 1199 tam
2514 1146 2578 1199 de
2629 1145 2938 1199 hominibus
2986 1146 3384 1213 peccatoribus,

1817 1255 1976 1309 quam
2008 1241 2074 1293 de
2107 1238 2394 1293 contrariis
2433 1239 2788 1306 potestatibus
2834 1237 3075 1291 dicatur.
3125 1237 3232 1290 lll:e
3261 1246 3386 1291 sunt

1817 1328 1982 1389 enim,
2026 1343 2144 1396 quae
2175 1328 2226 1379 in
2253 1327 2482 1380 obscuro
2521 1326 2780 1396 sagittant
2809 1335 2985 1381 rectos
3027 1327 3212 1380 corde.
3256 1325 3387 1380 Pro-

1817 1429 1999 1488 pterea
2039 1435 2169 1488 ergo
2197 1419 2283 1471 die
2314 1429 2582 1486 noctuque
2618 1419 2840 1486 vigileut
2867 1419 2916 1472 lii
2952 1419 3044 1487 qui
3083 1430 3229 1473 recto
3260 1430 3388 1473 sunt

1817 1511 2001 1574 corde,
2042 1511 2168 1579 quia
2213 1509 2287 1562 illi
2328 1511 2546 1579 quidem
2594 1519 2925 1578 paraverunt
2972 1512 3217 1579 sagittas.
3269 1508 3386 1565 Non

1817 1603 2206 1671 dixit,jaculati
2231 1613 2373 1664 sunt,
2391 1603 2481 1656 sed
2496 1612 2813 1672 paraverunt
2831 1604 3084 1668 sagittas;
3104 1618 3206 1655 non
3229 1603 3387 1671 sagit-

1818 1703 2001 1747 tarunt
2027 1708 2201 1763 neque
2234 1693 2676 1756 vulneraverunt,
2709 1695 2802 1747 sed
2835 1703 3025 1762 parant
3057 1709 3115 1747 se
3143 1704 3199 1747 ut
3228 1695 3388 1762 sagit-

109 1797 310 1850 ucque
358 1782 463 1837 illis
498 1783 779 1852 suppliciis
837 1801 957 1853 quas.
1009 1785 1387 1854 peccatoribus
1424 1786 1705 1840 imminent
1738 1777 1781 1836 Β
1811 1795 1942 1839 teut.
1977 1783 2135 1838 Vides
2168 1799 2266 1838 nos
2308 1793 2597 1853 antequam
2646 1784 2991 1837 vulneremur
3030 1785 3383 1848 commoneri,

107 1875 561 1945 sulijacebimus.
620 1875 678 1941 Si
718 1892 848 1930 vero
895 1878 946 1931 in
1001 1879 1102 1932 hac
1152 1880 1260 1932 vita
1309 1881 1708 1933 contemnimus

106 1968 532 2021 commonentis
562 1983 659 2023 nos
690 1968 885 2023 divina:
912 1969 1208 2038 Scriptura:
1236 1973 1418 2033 verba,
1453 1981 1506 2024 et
1526 1971 1704 2025 curari

111 2058 207 2112 vel
240 2059 526 2114 emendari
561 2060 680 2129 ejus
708 2062 1145 2128 correptionibus
1193 2061 1466 2126 nolumus,
1497 2073 1705 2118 certum

108 2158 208 2202 est
244 2150 375 2219 quia
421 2161 604 2205 manet
637 2167 732 2206 nos
787 2153 928 2222 ignis
977 2154 1064 2208 ille
1114 2155 1205 2224 qui
1259 2165 1592 2224 praeparatus
1623 2165 1709 2211 est

113 2242 532 2308 peccatoribus,
557 2253 611 2296 et
639 2244 920 2298 veniemus
955 2245 1020 2298 ad
1053 2245 1203 2298 illiilli
1235 2244 1402 2318 664
1429 2247 1604 2316 ignem
1651 2249 1705 2302 in

111 2347 234 2400 quo
273 2334 688 2403 uniuscujusque
741 2351 870 2402 opus
917 2335 1074 2404 quale
1107 2337 1174 2389 sit
1221 2339 1358 2405 ignis
1396 2338 1635 2404 probabit
1661 2339 1702 2392 ⁸.

113 2424 214 2490 Et,
241 2431 302 2476 ut
334 2438 433 2492 ego
466 2424 722 2486 arbitror,
769 2439 960 2478 omnes
997 2441 1095 2479 uos
1144 2425 1330 2480 venire
1371 2442 1595 2482 necesse
1623 2436 1708 2482 est

109 2515 188 2566 ad
218 2512 374 2567 illum
425 2514 626 2583 ignem.
670 2513 897 2568 Etiamsi
939 2513 1139 2570 Paulus
1167 2515 1238 2570 sit
1271 2515 1466 2584 aliquis
1501 2516 1582 2570 vel
1615 2515 1709 2572 Pe-

113 2612 265 2667 trus,
297 2607 448 2658 venit
483 2613 659 2657 tamen
689 2604 754 2657 ad
789 2604 940 2658 illum
975 2604 1172 2674 ignem.
1207 2604 1312 2659 Sed
1343 2606 1417 2659 illi
1448 2607 1581 2662 tales
1605 2623 1704 2661 au-

110 2692 283 2746 diunt
310 2710 325 2747 :
357 2691 584 2746 Etiamsi
603 2711 694 2761 per
716 2695 882 2763 ignem
914 2703 1175 2756 transeas,
1208 2697 1422 2762 [lanium
1469 2713 1569 2750 non
1617 2697 1708 2750 ad-

112 2794 240 2838 uret
271 2794 322 2838 te
345 2785 388 2837 ’.
424 2784 480 2838 Si
513 2800 640 2840 vero
658 2786 851 2854 aliquis
873 2785 1064 2840 similis
1089 2787 1192 2841 mei
1210 2796 1465 2854 peccator
1493 2789 1583 2852 sit,
1613 2803 1705 2842 ve-

114 2878 242 2930 niet
268 2876 486 2944 quidem
521 2880 588 2930 ad
616 2878 792 2947 ignem
829 2876 976 2931 illum
1005 2878 1146 2932 sicut
1179 2876 1370 2930 Petrus
1401 2886 1456 2931 et
1487 2877 1701 2942 Paulus,

113 2969 220 3024 sed
276 2983 382 3022 non
430 2968 511 3022 sic
562 2969 785 3022 transiet
844 2967 985 3022 sicut
1040 2967 1230 3022 Petrus
1277 2975 1331 3021 et
1375 2967 1591 3024 Paulus.
1640 2969 1706 3023 Et

116 3058 585 3126 quemadmodum
610 3059 675 3113 ad
691 3057 934 3112 Rubrum
953 3075 1103 3114 mare
1117 3069 1382 3113 venerunt
1408 3059 1614 3115 Hebraei
1635 3061 1702 3124 ⁸⁸,

121 3160 396 3205 venerunt
435 3159 490 3204 et
540 3148 806 3219 Egyptii,
832 3151 925 3203 sed
973 3150 1181 3206 llelirrci
1213 3151 1428 3221 quidem
1474 3155 1705 3206 transie-

125 3248 257 3293 runt
287 3253 436 3292 mare
461 3237 730 3299 Rubrum,
760 3237 1000 3308 Egyptii
1030 3250 1208 3292 autem
1238 3239 1472 3292 demersi
1501 3248 1625 3292 sunt
1651 3240 1703 3292 in

125 3331 252 3397 ipso
281 3350 293 3384 :
337 3330 440 3383 hoc
472 3328 630 3383 modo
671 3329 835 3383 etiam
868 3344 966 3384 nos
1003 3330 1048 3384 si
1081 3329 1300 3398 quidem
1334 3328 1574 3400 Egyptii
1609 3346 1704 3384 su-

131 3435 272 3484 mus,
306 3429 362 3474 et
398 3419 675 3490 sequimur
699 3419 1042 3474 Pharaonem
1091 3420 1385 3484 diabolum,
1423 3423 1705 3491 praeceptis

127 3511 246 3576 ejus
273 3509 608 3574 obedientes,
640 3510 1014 3578 demergemur
1057 3511 1110 3564 in
1156 3511 1304 3564 illum
1340 3510 1558 3565 ﬂuvium
1591 3513 1704 3568 sive

131 3605 306 3654 lacum
333 3601 570 3671 igneum,
591 3616 715 3656 cum
734 3603 950 3657 inventa
973 3601 1173 3657 luerim
1193 3602 1245 3656 iu
1278 3603 1435 3657 nobis
1457 3614 1700 3672 peccata,

129 3707 251 3760 quae
271 3692 386 3747 sine
410 3691 572 3746 dubio
591 3707 655 3746 ex
687 3695 968 3763 prmceptis
1000 3693 1259 3762 elegimus
1287 3693 1607 3749 Pharaonis.
1645 3695 1702 3748 Si

131 3792 306 3839 autem
336 3799 526 3838 sumus
565 3783 796 3849 Hebraei,
827 3795 880 3838 et
909 3785 1170 3852 sanguine
1208 3787 1330 3855 agni
1365 3787 1700 3840 immaculati

131 3887 314 3926 ennius
356 3871 636 3941 redempti,
697 3873 739 3926 si
791 3889 895 3928 non
938 3883 1218 3942 portaums
1253 3875 1536 3930 uobiscum
1588 3878 1700 3930 ler-

134 3972 370 4017 mentum
424 3965 695 4032 nequitia},
757 3965 1090 4034 ingredimur
1135 3967 1353 4036 quidem
1385 3978 1439 4022 et
1471 3984 1568 4024 nos
1605 3968 1702 4022 liti-

134 4056 275 4109 viutn
308 4056 464 4124 ignis.
519 4056 626 4110 Sed
679 4056 819 4110 sicut
868 4056 1107 4111 liehrzeis
1149 4069 1268 4114 erat
1316 4075 1454 4128 aqua
1513 4077 1700 4115 murus

133 4149 311 4200 dextra
349 4149 610 4218 laevaque,
647 4150 718 4201 ita
761 4147 927 4202 etiam
963 4149 1105 4218 ignis
1143 4151 1246 4202 erit
1279 4168 1484 4212 murus,
1520 4154 1563 4206 si
1601 4169 1699 4208 nos

137 4239 386 4294 l'aciaums
417 4240 558 4306 quod
590 4240 654 4292 de
685 4240 791 4294 illis
827 4242 1029 4295 dictum
1058 4245 1323 4310 est,‘qnia
1352 4245 1700 4300 crediderunt

142 4333 244 4384 lico
265 4339 316 4384 et
353 4329 517 4400 Moysi
551 4330 752 4384 famulo
787 4331 920 4398 ejus,
969 4333 1021 4388 id
1056 4344 1136 4386 est
1172 4334 1275 4404 legi
1317 4335 1434 4402 ejus
1460 4345 1516 4390 et
1545 4354 1696 4390 mau-

1814 1885 1868 1929 ιιι
1899 1892 1996 1931 nos
2027 1877 2093 1929 ab
2135 1875 2349 1929 illormn
2391 1876 2704 1930 vulneribus
2752 1875 3122 1942 defendamus,
3154 1884 3208 1928 et
3238 1877 3382 1930 omni

1810 1963 2054 2018 custodia
2085 1978 2364 2017 scrvcnms
2386 1979 2479 2017 cor
2521 1973 2786 2017 nostrum.

1880 2056 1932 2108 5.
1972 2054 2103 2109 Volo
2125 2054 2287 2108 etiam
2328 2054 2559 2123 amplius
2581 2054 2781 2123 aliquid
2816 2054 2865 2107 itt
2902 2055 2984 2108 his
3022 2054 3151 2108 locis
3176 2055 3382 2123 positus

1809 2148 2041 2216 aperire,
2086 2162 2153 2200 ne
2200 2162 2412 2217 semper
2454 2147 2518 2200 de
2548 2145 2901 2200 inferioribus
2939 2147 3128 2215 loquar
3169 2148 3233 2198 ad
3268 2162 3379 2211 vos,

1809 2236 1900 2290 sed
1937 2235 2226 2304 aliquando
2276 2236 2522 2306 qu:edam
2557 2235 2720 2288 etiam
2765 2234 3042 2302 superiora
3083 2233 3380 2303 pulscmus.

1808 2328 2105 2382 C0nsidcro
2135 2342 2286 2397 ergo,
2321 2328 2445 2396 quia
2477 2328 2613 2381 sicut
2656 2326 2904 2380 Salvator
2931 2326 3126 2395 sagitta
3157 2336 3237 2379 est
3264 2327 3376 2392 Dei,

1809 2420 1952 2474 sicut
2001 2420 2264 2487 scriptum
2321 2430 2402 2473 est
2445 2419 2485 2450 ¹¹
2528 2434 2543 2471 :
2600 2415 2787 2471 Posuit
2831 2434 2910 2471 me
2960 2419 3092 2470 sicut
3132 2420 3380 2486 sagittam

1808 2512 2064 2575 electam;
2099 2512 2215 2564 sine
2267 2511 2428 2563 dubio
2477 2521 2658 2564 autem
2707 2510 2871 2564 simili
2923 2509 3168 2577 exemplo
3215 2509 3378 2562 etiam

1809 2602 2020 2673 Moyses
2050 2603 2100 2655 in
2129 2617 2234 2671 quo
2262 2603 2472 2656 locutus
2503 2614 2587 2656 est
2622 2602 2786 2665 Deus,
2821 2602 3018 2672 sagitta
3051 2602 3139 2655 Dei
3167 2613 3250 2655 est
3277 2615 3293 2654 :
3325 2613 3380 2654 ct

1809 2696 1987 2749 cretcri
2015 2695 2288 2764 prophetae
2315 2703 2369 2748 et
2402 2693 2626 2763 apostoli
2658 2693 2883 2757 Christi,
2917 2694 2968 2746 iti
3001 2692 3196 2760 quibus
3228 2693 3382 2746 Chri-

1807 2795 1923 2840 stus
1954 2787 2066 2853 ipse
2109 2784 2453 2854 loquebatur,
2490 2793 2698 2838 certmn
2730 2794 2813 2837 est
2850 2783 2977 2852 quia
3009 2799 3103 2850 per
3125 2783 3378 2851 sagittam

1809 2874 1902 2928 Dei
1934 2874 2293 2929 vulnerabant
2338 2888 2432 2927 eos
2481 2883 2535 2928 et
2576 2872 3012 2942 compungcbant
3045 2887 3139 2926 cor
3168 2887 3378 2934 eorum,

1805 2968 2003 3040 quibus
2025 2981 2327 3021 sermonem
2362 2965 2454 3019 Dei
2495 2965 2878 3034 loquebantur,
2913 2963 2981 3017 ita
3012 2972 3067 3016 ut
3092 2963 3142 3016 hi
3184 2963 3274 3031 qui
3315 2961 3382 3014 ab

1811 3057 1942 3125 ipsis
1990 3057 2285 3109 audiebant
2331 3068 2637 3109 sermonem
2692 3053 2806 3118 Dei,
2853 3053 3094 3106 dicereut
3139 3053 3201 3118 l’,
3253 3053 3378 3120 quia

1803 3147 2078 3201 Vulnerata
2116 3148 2369 3200 charitale
2412 3162 2503 3214 ego
2535 3161 2684 3209 sum;
2729 3145 2807 3198 sic
2844 3159 3030 3197 rursus
3070 3147 3380 3197 econtrario

1809 3240 2081 3308 quomodo
2111 3238 2360 3292 Christus
2393 3249 2472 3290 est
2505 3237 2674 3292 electa
2707 3236 2905 3306 sagitta
2944 3236 3057 3300 Dei,
3084 3236 3161 3288 sic
3189 3245 3242 3288 et
3264 3235 3376 3288 Anc

1808 3332 2089 3385 tichristus
2110 3331 2306 3400 sagitta
2349 3329 2570 3383 diaboli.
2614 3329 2676 3382 Et
2706 3330 2844 3382 sicut
2868 3343 3059 3382 onmes
3097 3329 3146 3381 in
3181 3329 3377 3396 quibus

1807 3423 2056 3477 Christus
2102 3422 2309 3476 locutus
2345 3432 2450 3484 est,
2483 3422 2562 3475 vel
2604 3423 2861 3491 loquitur,
2910 3423 3202 3474 secundum
3241 3424 3379 3476 hanc

1807 3518 2219 3574 similitudinem
2249 3517 2525 3586 pr0plicta:
2551 3525 2607 3570 et
2631 3516 2858 3584 apostoli
2889 3515 3048 3569 etiam
3085 3515 3184 3584 ipsi
3213 3516 3381 3584 sagit-

1809 3622 1874 3666 ta:
1913 3618 2069 3665 erant
2117 3609 2232 3673 Dei,
2293 3619 2349 3662 et
2396 3608 2701 3676 quicunque
2733 3604 2912 3672 justus
2957 3613 3012 3658 et
3059 3604 3379 3672 przedicatnr

1805 3702 2044 3772 loquitur
2071 3701 2291 3754 verbum
2343 3698 2433 3752 Dei
2462 3699 2528 3750 ad
2556 3698 2784 3752 salutem
2825 3695 3102 3748 hominum
3125 3711 3375 3748 consum-

1805 3792 2080 3852 mandam,
2111 3789 2306 3859 sagitta
2351 3788 2440 3841 Dei
2469 3786 2574 3840 dici
2607 3795 2812 3855 potest:
2851 3785 2921 3838 ita
2952 3795 3004 3838 et
3035 3799 3222 3838 omnes
3248 3800 3373 3854 pec-

1802 3891 2014 3936 catores
2045 3882 2096 3934 in
2135 3880 2328 3948 quibus
2359 3875 2603 3931 diabolus
2635 3875 2894 3943 loquitur,
2932 3874 3138 3942 sagittae
3169 3872 3372 3926 diaboli

1802 3973 1904 4027 dici
1957 3979 2197 4040 possunt.
2223 3969 2277 4022 Si
2307 3968 2521 4037 quando
2551 3982 2679 4036 ergo
2714 3976 2764 4020 te
2797 3964 2992 4018 videris
3029 3980 3122 4034 per
3157 3979 3220 4019 cs
3245 3979 3375 4033 pec-

1800 4062 2004 4116 catoris
2036 4061 2248 4127 sagittis
2275 4059 2476 4114 diaboli
2520 4057 2813 4122 vulnerari,
2859 4058 2998 4111 illius
3027 4057 3242 4125 quidem
3273 4055 3376 4108 iiii-

1800 4168 1981 4210 serere
2011 4154 2100 4222 qui
2155 4168 2213 4206 se
2245 4153 2308 4204 ad
2348 4153 2452 4206 hoc
2502 4167 2639 4219 opus
2669 4150 2891 4204 exhibet
2937 4149 3153 4202 diabolo
3208 4148 3373 4200 inini-

1799 4259 1972 4302 strum
2013 4262 2026 4298 :
2064 4255 2117 4298 tu
2153 4254 2330 4298 autem
2367 4260 2572 4298 memor
2597 4253 2712 4297 esto
2746 4242 2840 4305 tui,
2872 4251 2922 4294 et
2955 4242 3131 4310 arripe
3162 4251 3372 4294 scutum

1802 4339 1946 4403 ﬁdei,
1986 4349 2042 4391 ut
2100 4337 2276 4407 possis
2321 4336 2371 4390 iu
2418 4337 2533 4404 ipso
2574 4335 2759 4388 omnia
2807 4331 2908 4385 tela
2949 4333 3119 4400 ignita
3155 4331 3374 4399 maligni

135 4420 290 4484 datis,
332 4430 383 4474 et
435 4421 513 4474 sic
546 4436 836 4489 scquaumr
865 4423 1170 4477 columnam
1223 4425 1362 4493 ignis
1399 4436 1450 4480 et
1491 4427 1698 4480 coinm-
1731 4452 1773 4506 ο
1804 4431 2164 4500 exstinguere.
2199 4427 2311 4481 Non
2349 4426 2518 4480 solum
2550 4436 2727 4477 autem
2759 4423 2810 4475 in
2850 4423 3052 4488 verbis,
3082 4423 3174 4477 sed
3210 4423 3261 4475 in
3292 4422 3374 4472 la-

141 4527 256 4561 nam
301 4509 472 4567 nubis.
540 4510 660 4564 llwc
719 4513 1024 4568 monuimus
1082 4525 1384 4584 repetentes
1440 4521 1697 4585 explana-

140 4606 353 4667 tionem,
400 4603 671 4672 qnomodo
717 4603 952 4673 gladium
1008 4607 1436 4673 evaginaverunt
1499 4626 1690 4678 pecca-

144 4702 300 4750 tores.

204 4785 254 4842 2.
292 4787 394 4840 Sed
425 4804 490 4841 ne
536 4786 666 4840 illud
703 4787 918 4856 quidem
955 4788 1124 4845 otiose
1155 4791 1539 4844 transeundum
1588 4802 1692 4858 est,

139 4878 272 4942 quod
301 4879 462 4932 etiam
501 4880 792 4934 tetendisse
823 4880 1075 4932 dicuntur
1106 4896 1288 4934 arcum
1323 4897 1479 4936 suum
1505 4901 1516 4936 :
1548 4888 1690 4951 quod

141 4987 238 5023 non
273 4970 378 5038 jam
421 4971 756 5040 appositioue
794 4972 1053 5025 contrarii
1101 4973 1241 5027 sicut
1272 4975 1324 5027 in
1355 4977 1567 5029 cmteris
1611 4977 1691 5028 l'e-

141 5064 323 5123 cimus.
381 5063 474 5115 sed
528 5079 594 5116 ex
655 5063 923 5117 similibus
969 5064 1320 5120 absolvimus.
1384 5066 1438 5119 lu
1487 5068 1694 5121 decimo

143 5155 330 5223 psalmo
368 5156 626 5223 scriptum
664 5167 748 5211 est
794 5159 834 5188 “
857 5159 983 5226 quia
1015 5158 1324 5212 Peccatores
1361 5160 1693 5212 intenderunt

143 5262 325 5308 arcum,
366 5257 682 5314 paraverunt
717 5250 935 5318 sagittas
969 5250 1021 5302 in
1044 5249 1314 5317 pharetra,
1351 5261 1403 5304 ut
1445 5253 1693 5320 sagittcitt

143 5337 194 5389 in
213 5338 418 5390 obscuro
446 5349 609 5392 rectos
633 5341 803 5393 corde.
845 5339 995 5394 Unde
1023 5351 1265 5408 apparet,
1300 5342 1443 5409 quod
1474 5358 1568 5396 cor
1587 5341 1687 5394 itit-

145 5429 210 5496 pii
254 5431 510 5500 repletum
540 5442 622 5484 est
653 5433 795 5485 velut
840 5435 1093 5501 pharetra
1143 5435 1358 5504 sagittis
1385 5435 1684 5489 venenatis.

149 5527 272 5576 Sunt
297 5538 422 5592 ergo
464 5523 674 5590 sagitta:
708 5523 1018 5592 impiorum,
1058 5527 1285 5580 consilia
1319 5535 1372 5578 et
1406 5525 1688 5594 cogitatio-

1207 5703 1246 5732 ”
1278 5702 1442 5756 Exod.
1474 5718 1580 5757 MV.

210 5700 405 5758 ‘lllor.
445 5717 524 5761 ιιι,
569 5701 646 5755 15.
726 5702 744 5731 ⁹
775 5700 1045 5764 ls.i..\t.m,
1072 5707 1123 5753 2.

1663 5703 1700 5732 ¹’
1724 5701 1861 5757 Phi.
1907 5719 1956 5764 Χ,
1989 5703 2040 5753 ὖ.

1802 4524 1905 4577 ctis
1941 4523 2246 4592 diriguntur
2275 4521 2324 4573 in
2359 4536 2457 4574 nos
2488 4519 2592 4572 tela
2635 4517 2856 4571 diaboli.
2895 4516 2950 4568 Si
2979 4517 3124 4568 enim
3166 4515 3375 4567 videres

1802 4614 2081 4667 mulierem
2125 4613 2462 4666 insidiantem
2501 4611 2615 4675 tibi,
2656 4619 2710 4663 ut
2740 4618 2790 4663 te
2822 4608 3077 4676 decipiat,
3113 4619 3291 4660 nonne
3322 4613 3376 4656 et

1799 4702 2158 4767 inrecignitum
2187 4703 2346 4755 telum
2375 4700 2573 4754 diaboli
2605 4709 2710 4763 est,
2742 4715 2862 4752 cum
2891 4699 2984 4750 tibi
3013 4697 3082 4749 ita
3109 4695 3371 4761 loquitur,

1799 4803 1856 4847 ut
1903 4794 1955 4846 in
1999 4802 2050 4847 te
2101 4793 2275 4862 ignem
2323 4792 2563 4846 libidinis
2609 4790 2881 4844 concitet?
2938 4786 3203 4841 Similiter
3241 4795 3295 4838 et
3327 4786 3369 4837 si

1797 4885 1918 4955 quis
1946 4893 1997 4938 te
2031 4885 2210 4938 verbis
2244 4885 2444 4937 amaris
2464 4893 2520 4937 et
2546 4884 2754 4952 asperis
2787 4882 2850 4932 ad
2887 4878 3218 4932 iracundiam
3237 4892 3368 4930 cono

1794 4975 1942 5036 citet,
2000 4991 2178 5027 nonne
2212 4984 2266 5027 et
2312 4974 2398 5027 hic
2448 4973 2684 5041 ignitqu
2721 4970 2961 5039 jaculum
3011 4977 3094 5021 est
3127 4967 3370 5036 maligni,

1793 5080 1901 5134 quo
1937 5063 2294 5118 inllammaris
2328 5073 2382 5118 et
2413 5062 2718 5116 incenderis
2757 5061 2825 5114 ad
2868 5059 3147 5113 furorem?
3174 5060 3277 5112 Sed
3319 5071 3374 5116 et

1793 5157 1834 5210 si
1858 5158 1979 5225 quis
2008 5158 2057 5209 in
2085 5157 2228 5209 aliud
2251 5170 2465 5225 quoque
2507 5165 2556 5208 te
2581 5163 2842 5223 provocat
2870 5163 2923 5205 et
2951 5152 3194 5221 instigat,
3231 5153 3370 5218 quod

1795 5257 1848 5301 tu
1885 5250 2228 5315 impatienter
2253 5249 2434 5300 ferens
2465 5245 2517 5298 in
2543 5253 2827 5313 peccatum
2854 5241 3099 5305 decidas,
3134 5241 3373 5309 intelligo

1797 5337 2132 5406 diligentius,
2163 5347 2216 5391 et
2254 5337 2473 5390 adverte
2507 5335 2604 5390 hos
2634 5348 2822 5390 omnes
2848 5331 3028 5400 jacula
3062 5347 3181 5386 esse
3216 5331 3370 5384 maii-

1797 5431 1882 5499 gni
1911 5430 2096 5496 ignita,
2135 5430 2325 5497 quibus
2363 5437 2539 5482 rectos
2577 5426 2741 5482 corde
2787 5425 3104 5490 inﬂammet,
3129 5423 3373 5476 vulneret

1797 5522 1864 5574 ad
1890 5532 2192 5590 peccatum.
2227 5521 2329 5575 Sed
2359 5520 2503 5589 quod
2533 5530 2618 5575 est
2649 5517 2943 5582 infelicius,
2975 5532 3174 5585 paucas
3219 5514 3371 5571 video

2125 5703 2163 5728 ”
2205 5700 2475 5761 lsa.\u1,
2506 5699 2558 5754 9..
2635 5697 2676 5728 ”
2709 5697 2866 5752 Cum.
2909 5711 2959 5760 v,
2988 5693 3065 5747 ὃν
