4072 6210
522 243 546 298 ι
559 242 662 298 5'59

523 460 676 505 ment
719 462 815 502 cor
853 444 1147 510 auditoris,
1187 452 1243 498 et
1269 443 1594 498 abstrahant
1627 456 1762 496 eum.
1792 457 1822 495 a
1853 449 2095 508 peccato,

523 551 579 596 et
601 546 953 595 convertatur
981 535 1048 590 ad
1079 535 1474 606 paenitentiam.
1510 534 1674 588 Pauci
1703 533 1776 588 ita
1807 533 2100 602 loquuntur

524 631 619 700 qui
648 629 909 684 auditoris
947 626 1114 682 corde
1157 641 1419 695 percusso
1456 627 1677 681 eliciant
1718 641 1783 679 ex
1812 624 1970 679 oculo
2023 624 2100 678 la-

524 736 768 792 crymam
793 719 1148 788 paenitentiae,
1178 719 1269 787 qui
1311 719 1615 788 aperientes
1643 717 1837 771 futura:
1869 718 1980 786 spei
2019 716 2102 770 lu—

526 828 650 867 men
690 821 745 866 et
791 810 1218 878 magnitudinem
1251 808 1412 864 futuri
1450 808 1651 873 saeculi,
1698 823 1761 863 ac
1811 807 1962 879 regni
2008 809 2098 862 Dei

525 911 750 976 gloriam
803 916 1170 976 protestantes
1222 905 1451 962 suadere
1505 906 1718 974 possint
1767 905 2098 967 hominibus,

425 1072 432 1084 1
527 1015 647 1069 quae
703 1000 955 1054 videntur
1001 1007 1368 1064 contemnere,
1431 1007 1484 1053 et
1542 1006 1796 1066 expetere
1841 1012 1961 1066 qua:
1992 1014 2100 1052 non

529 1090 799 1152 videntur,
857 1103 1112 1156 spernere
1163 1104 1282 1158 qua:
1327 1087 1641 1157 temporalia
1700 1097 1846 1154 sunt,
1883 1096 1938 1141 et
1985 1104 2105 1158 qote

528 1189 731 1234 teteroa
773 1189 899 1232 sunt
948 1195 1211 1248 quaerere.
1256 1179 1518 1249 Perpauci
1547 1189 1670 1234 sunt
1706 1181 1854 1241 tales.
1887 1190 1940 1236 et
1979 1182 2099 1250 ipsi,

529 1272 574 1326 si
630 1271 722 1341 qui
765 1282 914 1336 sunt,
969 1273 1124 1339 pauci
1157 1287 1171 1323 :
1204 1287 1298 1342 per
1345 1271 1599 1325 invidiam
1647 1281 1700 1325 et
1750 1272 1975 1328 livorem
2031 1275 2102 1328 ita

528 1363 708 1429 agitur
735 1378 802 1417 ne
839 1363 1059 1418 omnino
1119 1365 1203 1418 vel
1265 1366 1420 1434 pauci
1476 1366 1604 1428 sint,
1637 1380 1704 1420 ne
1737 1366 1819 1419 vel
1851 1367 2106 1434 prodesse

531 1453 806 1522 aliquibus
863 1455 1096 1524 possint.
1151 1456 1375 1525 Sagittae
1425 1468 1603 1512 autem
1673 1456 1869 1510 diaboli
1931 1457 2108 1512 omni-

535 1547 638 1602 bus
707 1547 768 1602 in
830 1548 962 1602 locis
1033 1547 1331 1615 abundant,
1396 1551 1575 1604 omnis
1631 1559 1774 1604 terra
1829 1551 1957 1618 ipsis
2020 1566 2106 1606 re-

530 1640 672 1708 pleta
735 1650 837 1698 est.
883 1641 1069 1710 Populi
1120 1643 1270 1697 orbis
1328 1644 1582 1697 militaris
1629 1661 1822 1698 manus
1871 1647 2107 1699 maxima

1935 230 2022 285 EX
2058 228 2362 285 ORIGENE

520 357 753 428 sagittas
787 354 899 417 Dei,
932 351 1085 422 pauci
1113 349 1360 419 suntqui
1396 349 1466 403 ita
1494 348 1789 419 loquuntur
1817 356 1876 403 ut
1901 348 2106 402 inllam-
2135 352 2180 406 Α
2210 346 2391 400 vitalis
2412 341 2678 398 abscedit.
2717 338 2779 393 Et
2813 339 2858 393 si
2891 336 3048 391 audis
3086 334 3193 389 dici
3230 332 3283 388 in
3310 329 3516 388 Genesi

3667 214 3799 269 15ἱο

3559 330 3629 392 ³⁷,
3676 331 3802 395 quia

2195 437 2514 508 Sanguinem
2543 435 2844 487 animarum
2883 437 3173 484 vestrarum
3213 425 3489 494 exquiram
3537 421 3607 474 ab
3658 423 3808 473 omni.

2207 527 2371 596 fratre
2394 535 2440 579 et
2467 525 2529 578 ab
2558 523 2699 576 omni
2727 521 2915 583 bestia,
2940 533 3044 572 non
3075 524 3234 586 putes
3270 512 3392 581 quia
3434 512 3503 566 de
3532 511 3646 565 hoc
3671 525 3800 563 san-

2207 618 2368 688 guine
2405 628 2731 685 magnopere
2771 610 3050 681 praecipiat
3100 604 3391 676 corporali,
3421 612 3704 672 quantum
3739 603 3802 655 de

2209 709 2485 764 interioris
2520 705 2759 762 hominis
2797 702 3091 772 sanguine,
3141 700 3190 752 id
3221 707 3302 752 est
3345 697 3416 751 de
3446 695 3563 748 vita
3601 693 3803 746 anima

2207 811 2262 855 et
2281 798 2543 866 sanguine
2565 795 2852 867 Spirituali.
2884 789 3248 847 Seaudalizati
3271 787 3414 840 enim
3449 784 3662 838 anima:
3679 796 3798 835 san-

2209 895 2326 964 guis
2343 890 2656 955 effunditur,
2669 904 2790 942 cum
2809 883 3070 940 ceciderit
3087 883 3137 935 in
3163 888 3466 949 peceatum,
3480 886 3534 929 et
3558 884 3802 943 praptero

2210 1000 2273 1041 ea
2326 984 2482 1047 dixit,
2511 982 2639 1052 quia
2681 980 2978 1049 requiritur
3012 973 3233 1044 sanguis
3263 971 3380 1039 eius
3414 983 3444 1021 a
3479 966 3684 1020 fratre.
3743 964 3804 1018 Et

2210 1091 2378 1146 quare
2403 1077 2565 1128 etiam
2599 1089 2627 1126 a
2649 1072 2844 1126 bestia.
2880 1069 2936 1122 Si
2973 1067 3144 1120 lidelis
3168 1072 3249 1118 est
3277 1062 3440 1131 quite
3464 1058 3803 1116 scandaliza-

2213 1170 2310 1234 vit,
2339 1169 2508 1221 frater
2537 1174 2641 1229 est,
2686 1179 2715 1216 a
2747 1177 2854 1231 quo
2887 1155 3245 1227 requirendus
3271 1161 3354 1206 est
3379 1151 3610 1217 sanguis
3656 1158 3802 1201 tuus.

2213 1262 2404 1316 Frater
2427 1259 2571 1312 enim
2615 1265 2738 1307 tuus
2761 1263 2864 1316 est,
2895 1250 2984 1319 qui
3021 1247 3154 1302 fudit
3183 1243 3502 1312 sanguinem
3540 1250 3728 1304 tuum,
3751 1249 3802 1293 et

2216 1351 2334 1405 ideo
2350 1349 2550 1402 dictum
2569 1355 2670 1409 est,
2692 1341 2933 1397 Demanu
2956 1340 3137 1408 fratris
3169 1336 3429 1407 requirant
3459 1331 3804 1402 sanguinem.

2215 1442 2352 1496 Cum
2371 1455 2500 1494 vero
2523 1436 2790 1493 contraria
2817 1442 3057 1503 potestas
3073 1430 3184 1484 fera
3203 1439 3258 1482 et
3289 1441 3517 1494 nequam
3540 1431 3806 1493 perurget

2217 1536 2513 1600 hominem,
2554 1541 2605 1585 et
2653 1529 2883 1584 infidelis
2932 1536 3016 1581 est
3059 1540 3155 1592 per
3198 1538 3359 1592 quem
3404 1518 3724 1578 insidiatur,
3758 1518 3802 1568 si

2218 1626 2456 1698 potuerit
2516 1625 2744 1677 fundere
2805 1620 3121 1687 sanguinem
3185 1616 3378 1668 anima:
3424 1621 3550 1672 tute,
3614 1609 3670 1662 id
3722 1615 3807 1661 est

527 1745 597 1786 ex
633 1745 784 1800 parte
833 1734 1046 1803 sagittae
1073 1744 1200 1788 sunt
1249 1736 1490 1806 maligni,
1523 1737 1728 1790 utinam
1771 1737 1841 1792 ibi
1880 1747 2113 1790 tantum-

2227 1719 2450 1789 Jejicere
2474 1727 2525 1771 te
2552 1717 2604 1770 in
2639 1721 2940 1784 peceatum,
2973 1709 3146 1764 bestia
3181 1717 3262 1761 est
3285 1721 3380 1775 per
3405 1719 3571 1773 quam
3603 1701 3802 1770 exqui-

535 1831 718 1890 modo,
766 1837 928 1897 atque
972 1827 1026 1881 in
1071 1827 1176 1882 illis
1215 1828 1536 1896 praevaleret
1589 1829 1860 1894 inimicus,
1908 1839 1966 1884 ut
1994 1829 2112 1885 illos

529 1918 692 1990 665
731 1919 874 1974 solos
913 1918 1138 1973 haberet
1175 1919 1424 1988 sagittas.
1483 1919 1642 1976 Nunc
1690 1930 1872 1976 autem
1923 1936 2116 1976 vereor

530 2013 696 2065 etiam
753 2026 846 2066 eos
888 2013 978 2081 qui
1033 2013 1181 2068 intus
1233 2023 1382 2078 sunt,
1430 2023 1482 2068 et
1527 2014 1792 2084 tneipsum
1827 2029 2017 2070 vereor
2050 2015 2117 2068 ne

528 2103 676 2160 forte
703 2103 952 2159 diabolus
987 2103 1220 2159 adducat
1271 2119 1358 2160 me
1404 2105 1459 2158 in
1509 2106 1725 2175 aliquod
1777 2105 2113 2169 scandalum,

535 2203 592 2248 et
635 2202 822 2248 utatur
867 2209 953 2248 mc
997 2195 1193 2264 sagitta
1256 2195 1520 2250 adversus
1567 2196 1804 2249 animam
1836 2195 2114 2251 hominis:

531 2283 663 2352 quia
687 2283 779 2354 qui
809 2283 1267 2340 scandalizaverit
1291 2285 1526 2355 aliquem
1561 2288 1677 2340 sive
1709 2286 1761 2340 in
1793 2287 1979 2351 verbo,
2006 2287 2120 2342 sive

533 2377 587 2427 in
618 2374 786 2435 facto.
813 2373 918 2430 iste
945 2375 1021 2429 illi
1055 2376 1252 2430 animae
1286 2392 1446 2445 quam
1489 2378 1889 2432 scandalizavit
1923 2379 2119 2448 sagitta

530 2466 748 2522 exstitit
802 2476 860 2521 et
905 2466 1151 2535 jaculum
1201 2467 1426 2523 diaboli.
1475 2469 1539 2523 Et
1591 2470 1710 2525 vide
1754 2471 1882 2540 quid
1927 2473 2123 2526 accidit

535 2559 692 2614 nobis
724 2557 1018 2616 infelicius.
1063 2560 1336 2615 Interdum
1373 2577 1470 2616 nos
1505 2572 1760 2631 putamus
1809 2563 1991 2619 dicere
2023 2566 2120 2619 ad—

534 2662 725 2705 versus
753 2648 1011 2718 aliquem,
1055 2660 1112 2704 et
1158 2651 1376 2705 incaute
1435 2651 1770 2721 proferimus
1815 2668 2119 2723 sermones,

535 2739 662 2794 dum
690 2723 1101 2796 contentiosius
1150 2742 1380 2810 agimus,
1440 2751 1494 2795 et
1543 2742 1889 2810 quibuslibet
1948 2746 2125 2802 verbis

534 2832 754 2887 vincere
784 2832 1097 2898 studemus,
1141 2843 1269 2888 tunc
1299 2832 1552 2887 diabolus
1595 2848 1691 2888 ore
1731 2845 1919 2889 nostro
1956 2840 2128 2890 utitur

540 2925 686 2979 velut
713 2937 865 2990 arcu,
917 2937 1016 2994 per
1065 2941 1229 2994 quem
1291 2925 1522 2996 sagittas
1561 2924 1762 2995 dirigat
1806 2935 1863 2981 et
1910 2927 2130 2996 sagittet

539 3027 720 3072 rectos
769 3018 956 3082 corde,
1019 3031 1113 3072 eos
1173 3017 1426 3072 videlicet
1484 3017 1576 3086 qui
1629 3031 1726 3071 nos
1781 3018 2008 3072 audiunt
2061 3033 2124 3072 ea
2153 3053 2196 3110 C

540 3112 847 3182 loquentes,
885 3112 937 3166 in
971 3112 1165 3181 quibus
1199 3111 1518 3166 scandalum
1552 3111 1861 3181 patiuntur.
1897 3111 1960 3166 Et
1987 3111 2127 3166 sicut

540 3203 680 3256 lieus
711 3203 888 3272 posuit
915 3219 1100 3257 arcmn
1136 3202 1186 3256 in
1221 3203 1456 3257 nubibus
1495 3218 1564 3258 ne
1609 3202 1707 3256 fiat
1737 3202 1998 3257 diluvium
2024 3211 2128 3268 ,et

543 3300 606 3345 ut
657 3299 950 3361 tempestas
1001 3294 1216 3348 desinat
1269 3293 1357 3348 “z
1397 3294 1467 3348 ita
1528 3293 1839 3350 econtrario
1883 3291 2128 3348 diabolus

539 3387 694 3456 ponit
721 3401 908 3442 arcum
950 3402 1056 3441 non
1093 3396 1152 3440 ut
1197 3402 1418 3443 cessare
1451 3386 1637 3452 faciat,
1683 3387 1777 3442 sed
1823 3395 1880 3440 ut
1905 3387 2130 3441 suseitet

539 3487 921 3548 tempestates,
952 3488 1011 3532 ut
1046 3480 1395 3535 serenitatem
1428 3481 1715 3534 conturbet
1743 3480 1794 3533 in
1834 3480 2038 3542 anima,
2072 3487 2132 3532 ut

542 3583 731 3636 pacem
757 3569 1014 3639 depellat,
1047 3578 1104 3622 ut
1135 3571 1274 3624 bella
1306 3580 1673 3634 commoveat,
1705 3579 1758 3624 et
1793 3579 1852 3625 ut
1885 3571 2128 3627 turbines

544 3660 748 3715 excitet
802 3676 866 3715 ac
919 3661 1209 3730 procellas.
1259 3661 1395 3717 Cum
1451 3663 1596 3717 enim
1628 3663 1832 3717 videris
1890 3663 2126 3732 aliquem

544 3753 690 3810 vitiis
725 3763 776 3808 et
805 3754 1148 3824 passionibus
1185 3756 1449 3827 agitatum
1481 3754 1775 3810 circumire
1830 3765 1881 3810 et
1918 3766 2130 3826 pertur-

546 3855 677 3902 Dare
701 3845 902 3913 omnia,
944 3846 1069 3900 nolo
1110 3846 1322 3902 dubites
1362 3846 1508 3916 quod
1548 3844 1638 3901 ille
1685 3847 1880 3915 sagitta
1927 3845 2128 3902 diaboli

548 3947 654 4002 est,
710 3946 767 3993 et
819 3953 881 3992 os
933 3935 1051 4006 ejus
1101 3941 1283 4007 posuit
1327 3953 1515 3992 arcum
1560 3953 1739 4004 suum,
1802 3947 1855 3993 ct
1909 3939 2136 3993 tetendit

551 4030 780 4098 sagittas
804 4029 967 4084 verba
1012 4029 1128 4096 ejus
1164 4039 1224 4082 ut
1258 4029 1520 4098 sagittcnt
1563 4039 1742 4083 rectos
1792 4030 1977 4084 corde.
2029 4029 2134 4084 Sed

547 4122 641 4190 qui
695 4121 890 4176 muniti
943 4130 1069 4176 sunt
1115 4121 1289 4174 armis
1344 4119 1458 4178 Dei,
1516 4121 1584 4174 ah
1641 4122 1726 4174 his
1773 4121 1971 4176 talibus
2028 4137 2134 4176 non

554 4221 848 4283 potuerunt
876 4211 1172 4267 vulnerari.

617 4304 674 4357 4.
697 4303 849 4370 Quod
879 4311 1058 4358 autem
1093 4303 1301 4358 addidit
1326 4315 1377 4356 ut
1407 4304 1672 4357 trucident
1693 4313 1858 4358 rectos
1886 4309 2044 4360 corde
2071 4309 2134 4374 “,

2217 1813 2289 1866 rit
2361 1808 2625 1865 Dominus
2669 1805 2990 1874 sanguinem
3051 1810 3224 1855 tuum.
3281 1796 3392 1852 Sed
3439 1804 3496 1849 et
3542 1791 3805 1848 Ezechiel

2217 1903 2480 1974 propheta
2505 1914 2628 1954 cum
2659 1896 2790 1952 dicit
2816 1893 3213 1965 speculatorem
3243 1904 3304 1944 se
3339 1887 3577 1958 positum
3614 1885 3803 1938 domui

2217 1995 2382 2051 Israel
2419 1994 2485 2058 ³⁸,
2511 1991 2599 2061 qui
2641 1993 2685 2044 si
2730 1986 3138 2042 annuutiaverit
3183 1981 3517 2049 romphteam
3568 1979 3799 2031 venien-

2221 2099 2348 2154 tem,
2403 2101 2522 2140 reus
2555 2097 2658 2138 non
2694 2081 2787 2134 fiat
2819 2077 3132 2149 sanguinis,
3183 2075 3228 2129 si
3277 2089 3382 2126 non
3434 2069 3803 2130 nuntiaverit,

2221 2197 2345 2236 reus
2373 2180 2445 2234 sit
2477 2174 2795 2246 sanguinis;
2841 2181 2896 2226 et
2941 2169 2997 2223 in
3034 2169 3148 2239 lege
3177 2182 3302 2221 cum
3337 2164 3563 2226 dicitur,
3608 2163 3655 2215 si
3690 2163 3807 2215 haec

2220 2284 2273 2327 et
2300 2273 2412 2325 haec
2443 2267 2656 2331 fecerit,
2686 2266 2947 2320 innocens
2969 2261 3077 2315 erit
3107 2275 3136 2312 a
3165 2258 3432 2327 sanguine
3458 2271 3473 2320 ;
3501 2253 3621 2308 sine
3643 2253 3809 2306 dubio

2223 2366 2388 2420 etiam
2421 2362 2512 2417 hic
2538 2359 2732 2414 anima:
2778 2355 3098 2426 sanguinem
3131 2351 3401 2415 designat,
3449 2347 3541 2415 qui
3572 2341 3808 2397 effundi-

2223 2466 2310 2510 tur
2342 2470 2438 2523 per
2469 2460 2773 2522 peccatum.
2803 2446 3097 2515 Propterea
3129 2456 3259 2512 ergo
3282 2441 3571 2494 timeamus
3591 2449 3810 2495 utnnes,

2227 2564 2293 2603 ne
2325 2546 2464 2600 forte
2493 2541 2713 2614 sanguis
2753 2536 2984 2607 alicujus
3028 2537 3119 2605 qui
3155 2531 3576 2592 scandalizatur,
3623 2527 3817 2594 requi-

2228 2647 2376 2690 ratur
2405 2651 2434 2688 a
2469 2633 2650 2696 nobis‘,
2689 2630 2833 2686 sicut
2885 2629 3150 2699 propheta
3184 2623 3454 2691 designat.
3491 2617 3619 2671 Haec
3647 2629 3809 2684 opor-

2228 2729 2331 2784 tuit
2361 2742 2458 2782 nos
2487 2735 2752 2796 repetere,
2778 2733 2837 2778 ut
2858 2721 3071 2793 plenius
3094 2714 3508 2773 ostenderemus
3532 2708 3812 2778 quomodo

2227 2822 2463 2895 gladium
2523 2819 2950 2888 evaginaverunt
3003 2818 3319 2882 peccatores
3364 2815 3419 2860 et
3459 2802 3812 2858 tetenderunt

2230 2929 2417 2970 arcum
2449 2928 2629 2976 suum,
2662 2919 2716 2964 et
2745 2908 2867 2979 quis
2899 2915 3042 2960 esset
3075 2914 3278 2973 pauper
3300 2912 3459 2968 quem
3484 2895 3814 2965 dejicerent,

2230 3015 2286 3062 et
2315 3004 2584 3076 quomodo
2621 3000 2965 3055 trucidantur
3015 2995 3147 3050 recti
3204 2993 3402 3054 corde,
3440 2988 3522 3042 vel
3567 2987 3696 3056 quis
3729 2994 3816 3040 est

2231 3095 2452 3163 sanguis
2483 3106 2670 3146 cormn
2703 3088 2795 3159 qui
2825 3085 3140 3141 effunditur.

2300 3185 2354 3238 5.
2395 3180 2549 3236 Nunc
2577 3190 2760 3234 autem
2797 3177 3080 3230 videamus
3125 3173 3256 3242 quid
3297 3172 3368 3226 sit
3399 3171 3520 3225 istis
3553 3178 3817 3239 peccato-

2233 3275 2382 3330 ribus
2426 3273 2514 3343 qui
2571 3273 2686 3325 harc
2721 3268 2946 3329 faciunt,
2984 3265 3035 3319 id
3088 3274 3173 3319 est
3226 3263 3318 3331 qui
3376 3261 3559 3331 gladio
3609 3258 3819 3313 diaboli

2232 3376 2462 3421 utuntur
2525 3372 2577 3416 et
2609 3361 2806 3432 jaculis
2858 3358 3104 3428 maligni,
3163 3357 3294 3426 quid
3344 3353 3412 3410 de
3471 3352 3556 3407 his
3595 3367 3817 3405 rursum

2233 3459 2365 3515 dicit
2389 3470 2570 3512 sermo
2604 3453 2817 3509 divinus
2855 3467 2868 3502 :
2909 3447 3162 3513 Framea,
3197 3447 3408 3517 inquit,
3439 3461 3622 3500 eorum
3656 3445 3816 3497 intret

2235 3554 2288 3605 in
2321 3567 2412 3604 cor
2449 3565 2656 3611 eorum,
2698 3556 2746 3599 et
2788 3561 2942 3598 arcus
2979 3559 3159 3596 eorum
3209 3549 3531 3594 conteratur.
3581 3536 3819 3591 Framea

2234 3657 2403 3711 genus
2427 3641 2514 3695 teli
2547 3649 2652 3702 est,
2684 3637 2787 3690 hoc
2830 3633 3049 3687 nomine
3080 3639 3473 3700 nuncupatum.
3514 3627 3820 3682 Sermones

2237 3735 2400 3805 igitur
2427 3733 2538 3795 isti,
2579 3744 2718 3800 quos
2749 3727 3050 3794 inSpirante
3080 3721 3291 3776 diabolo
3334 3719 3500 3789 iniqui
3531 3730 3587 3773 et
3621 3732 3822 3786 pecca-

2237 3839 2380 3882 torcs
2412 3823 2713 3895 proferunt,
2751 3819 2944 3889 inquit,
2993 3818 3254 3871 adversus
3290 3813 3520 3882 justum,
3557 3822 3616 3865 ut
3645 3812 3816 3865 truci.

2234 3920 2364 3976 dent
2408 3926 2586 3972 rectos
2630 3913 2816 3975 corde,
2875 3914 3266 3964 convertentur
3321 3905 3607 3958 adversum
3664 3902 3818 3970 ipsos

2235 4013 2326 4081 qui
2355 4025 2450 4082 eos
2477 4006 2776 4078 proferunt,
2824 4012 2882 4056 ut
2908 4001 3035 4054 illuc
3073 4002 3296 4053 redeant
3347 3995 3488 4049 unde
3528 4007 3818 4062 processe—

2236 4113 2376 4158 raot.
2411 4102 2562 4155 Sicut
2591 4097 2734 4151 enim
2766 4095 2967 4149 dicitur
3010 4090 3077 4144 ad
3111 4089 3290 4158 justus
3320 4097 3373 4140 et
3421 4096 3642 4140 sanctos
3686 4100 3821 4153 apo-

2234 4197 2406 4252 stolos
2433 4210 2462 4248 a
2495 4192 2721 4246 Domino
2747 4189 2792 4219 ²⁰
2829 4204 2842 4239 :
2880 4185 2947 4238 In
2976 4198 3341 4250 quamcunque
3387 4184 3601 4233 domum
3645 4178 3822 4230 intra-

2235 4288 2438 4350 veritis,
2477 4282 2680 4336 dicite:
2715 4277 2829 4331 Pax
2890 4276 3012 4329 huic
3069 4274 3292 4339 doruni;
3343 4285 3388 4326 et
3435 4272 3482 4324 si
3535 4270 3697 4339 fuerit
3751 4268 3823 4318 ibi

549 4410 676 4450 cum
717 4393 971 4463 superius
997 4395 1250 4460 dixisset,
1288 4407 1342 4448 ut
1377 4397 1631 4465 dejiciant
1669 4397 1873 4465 inopem
1915 4409 1962 4452 et
1999 4416 2122 4467 pau-

2239 4380 2383 4448 ﬁlius
2406 4379 2574 4446 pacis,
2602 4389 2708 4442 pax
2745 4381 2914 4425 uestra
2948 4367 3110 4422 veniet
3145 4382 3302 4435 super
3337 4379 3488 4426 eum;
3515 4367 3594 4416 sin
3625 4367 3822 4418 minus,

2635 4467 2645 4478 .
2929 4467 3122 4478 ,,.-._,---
3164 4457 3239 4478 ,τη
3286 4466 3330 4478 ,ι
3378 4456 3460 4478 t_:..
3512 4449 3822 4478 ,ιωηι-...ιυέη

548 4503 745 4558 pereat,
787 4486 970 4552 iunxit
1011 4487 1342 4556 pauperibus
1381 4500 1560 4543 rectos
1589 4491 1756 4544 corde
1783 4505 1799 4544 τ
1830 4507 1965 4560 quos
2005 4502 2133 4562 puto

551 4581 680 4650 quia
709 4579 966 4636 similiter
1000 4581 1164 4635 etiam
1197 4580 1462 4635 Dominus
1498 4581 1798 4651 coniungat
1851 4583 1901 4636 in
1951 4583 2133 4637 Evan-

562 4673 726 4744 geliis
757 4673 838 4738 ¹⁸;
865 4671 953 4727 ubi
986 4670 1132 4726 enim
1165 4671 1297 4725 dicit
1333 4672 1521 4725 beatos
1558 4687 1841 4741 pauperes,
1872 4672 1939 4726 ibi
1972 4675 2131 4728 etiam

551 4762 834 4818 beatificat
860 4752 1092 4816 mundos
1121 4761 1307 4826 corde,
1339 4769 1394 4814 et
1429 4760 1560 4815 nihil
1594 4761 1858 4815 interesse
1891 4762 2133 4818 arbitror

555 4858 701 4912 inter
733 4853 965 4911 mundos
1011 4854 1172 4909 corde
1203 4862 1260 4907 et
1303 4862 1482 4906 rectos
1521 4851 1708 4907 corde.
1759 4851 2134 4910 Trucidantur

553 4956 733 5006 autem
777 4948 882 5002 hoc
917 4947 1097 5002 modo.
1138 4946 1193 5000 Si
1232 4944 1352 5015 quis
1394 4944 1625 5014 simplici
1671 4953 1850 4999 mente
1889 4961 1953 5000 ac
1996 4949 2139 5004 desi-

554 5040 705 5096 derio
726 5039 909 5095 veniat
943 5040 1008 5094 ad
1038 5039 1332 5095 Ecclesiam
1363 5048 1421 5094 ut
1466 5036 1731 5106 proficiat,
1766 5047 1825 5092 ut
1856 5039 2044 5095 melior
2082 5057 2142 5097 se

558 5133 678 5198 fiat,
716 5132 819 5187 iste
869 5132 915 5186 si
964 5132 1148 5187 videat
1181 5148 1280 5187 nos
1317 5133 1408 5202 qui
1455 5131 1621 5186 multo
1645 5130 1755 5199 jam
1795 5140 2035 5201 tempore
2085 5134 2137 5187 in

558 5224 670 5292 ilde
703 5224 973 5288 stetimus,
1005 5224 1090 5280 vel
1121 5239 1228 5279 non
1263 5233 1408 5279 recte
1434 5232 1681 5293 agentes,
1709 5223 1791 5276 vel
1824 5238 1945 5278 cum
1973 5222 2138 5278 offen—

562 5312 745 5373 diculo
774 5312 1082 5384 loquentes,
1115 5311 1381 5369 efﬁcimur
1426 5312 1500 5366 illi
1543 5327 1638 5366 nos
1685 5309 1863 5380 lapsus
1904 5311 1970 5364 ad
2015 5326 2140 5381 pec-

563 5411 771 5460 catum.
806 5403 942 5458 Cum
975 5413 1155 5458 autem
1187 5403 1537 5473 peccaverit,
1581 5402 1881 5456 trucidatus
1915 5414 2032 5470 est,
2090 5412 2146 5456 et

565 5493 785 5564 sanguis
833 5494 1028 5549 anima:
1066 5495 1181 5561 ejus
1221 5494 1461 5564 prollnit,
1514 5493 1691 5547 omnis
1743 5494 1809 5546 ab
1857 5509 1921 5548 co
1978 5495 2149 5549 virtus

1061 5608 1100 5639 "
1154 5606 1295 5659 Psal.
1348 5621 1534 5666 xxxvr,
1600 5605 1684 5658 ιι.
1768 5607 1809 5635 ¹⁶
1866 5608 2055 5662 Matth.
2097 5622 2148 5660 ν.

1025 5677 1067 5707 ²¹
1111 5676 1250 5729 Psal.
1295 5691 1476 5734 xvxw,
1529 5675 1612 5727 l0.

642 5607 684 5638 ”
722 5605 862 5661 Gen.
901 5624 976 5662 Ix.

573 5677 613 5709 "
652 5675 766 5732 Luc
805 5693 861 5743 ιι,
893 5678 947 5732 5.

2242 4487 2346 4541 pax
2376 4479 2544 4523 vestra
2576 4467 2645 4519 ad
2684 4480 2774 4519 vos
2806 4467 3122 4520 revertetur;
3163 4457 3241 4511 sic
3280 4466 3338 4511 et
3376 4456 3463 4508 hic
3509 4449 3823 4508 econtrario

2243 4563 2456 4633 gladius
2484 4560 2772 4629 impiorum
2805 4557 2894 4626 qui
2928 4555 3250 4625 evaginatur
3284 4559 3345 4604 ut
3376 4547 3610 4603 trucidet
3644 4554 3824 4597 rectos

2241 4656 2424 4720 corde,
2478 4651 2676 4707 reverti
2727 4651 2778 4704 itt
2811 4649 2958 4717 ipsos
3005 4647 3226 4708 dicitur,
3264 4651 3320 4696 et
3359 4637 3604 4706 demet-gi
3645 4636 3696 4689 in
3729 4649 3824 4687 cor

2241 4763 2453 4812 eorum,
2485 4755 2647 4815 atque
2671 4757 2830 4798 arcus
2857 4756 3045 4795 eorum
3082 4735 3380 4804 confringi,
3404 4733 3532 4788 dum
3560 4727 3828 4784 Dominus

2232 4844 2314 4898 'de
2342 4840 2553 4897 insidiis
2579 4851 2771 4893 eorum
2803 4835 2996 4890 liberat
3020 4833 3248 4902 justum.

2315 4938 2369 4992 ϐ.
2412 4935 2602 4988 Melius
2633 4938 2708 4984 est
2743 4927 3005 4982 modicum
3036 4925 3184 4993 justo
3211 4935 3370 4989 super
3395 4916 3609 4970 divitias
3636 4927 3822 4981 pecca-

2247 5042 2421 5086 torum
2447 5026 2638 5081 multas
2664 5024 2730 5075 ¹¹.
2756 5019 3065 5075 Secundum
3092 5016 3331 5068 litteram
3363 5010 3626 5065 continuo
3660 5005 3825 5058 etiam

2250 5116 2673 5190 simplicioribus
2711 5111 3016 5180 quibusque
3063 5105 3211 5160 utilis
3254 5101 3557 5156 admonitio
3606 5106 3728 5190 est,
3761 5094 3832 5149 de

2249 5187 2437 5280 qua—et
2469 5207 2618 5278 prius
2647 5204 2936 5260 dicendum
2983 5208 3090 5263 est,
3132 5195 3382 5266 quamvis
3422 5192 3621 5248 habeat
3659 5187 3826 5280 etiam

2251 5301 2570 5372 profundius
2606 5295 2829 5364 aliquid,
2865 5291 3007 5361 quod
3054 5289 3098 5344 si
3147 5288 3272 5358 quis
3305 5287 3520 5355 :caperc
3567 5286 3831 5372 potuerit,

2253 5367 2452 5464 rapiat.
2487 5391 2624 5458 Quid
2664 5403 2792 5459 ergo
2825 5400 2925 5440 nos
2962 5384 3152 5440 doceat
3183 5381 3383 5441 littera,
3429 5373 3735 5428 videamus.
3775 5367 3832 5422 ιιι

2256 5489 2359 5543 hoc
2397 5483 2597 5538 mundo
2621 5491 2978 5551 communem
3009 5475 3134 5530 vitae
3167 5464 3585 5527 sollicitudinem
3636 5464 3834 5530 gerunt

2229 5605 2269 5636 ¹⁷
2309 5601 2443 5658 Geo.
2474 5615 2548 5664 Ix,
2711 5595 2753 5625 ¹⁸
2785 5593 2983 5648 Ezeclt.
3017 5605 3099 5646 ιιι.
3179 5589 3218 5622 ¹⁹
3242 5585 3386 5641 l’sal.
3419 5592 3602 5637 xxxvi,
3637 5573 3729 5628 l5.
