  <div class='ocr_page' id='page_1' title='image "/cluster/home/n/w/nwhite01/storage/ocr_20150623/12/hvd.32044052796216/676.png"; bbox 0 0 3896 6700; ppageno 0'>
   <div class='ocr_carea' id='block_1_1' title="bbox 45 280 229 336">
    <p class='ocr_par' dir='ltr' id='par_1_1' title="bbox 45 280 229 336">
     <span class='ocr_line' id='line_1_1' title="bbox 45 280 229 336; baseline -0.016 0"><span class='ocrx_word' id='word_1_1' title='bbox 45 280 229 336; x_wconf 60' lang='grc'><strong>1541</strong></span> 
     </span>
    </p>
   </div>
   <div class='ocr_carea' id='block_1_2' title="bbox 799 269 2690 331">
    <p class='ocr_par' dir='ltr' id='par_1_2' title="bbox 799 269 2690 331">
     <span class='ocr_line' id='line_1_2' title="bbox 799 269 2690 331; baseline -0.004 -1"><span class='ocrx_word' id='word_1_2' title='bbox 799 274 1109 330; x_wconf 75' lang='lat' dir='ltr'><strong>SELECTA</strong></span> <span class='ocrx_word' id='word_1_3' title='bbox 1142 274 1206 328; x_wconf 75' lang='grc' dir='ltr'><strong>ΙΝ</strong></span> <span class='ocrx_word' id='word_1_4' title='bbox 1243 274 1582 331; x_wconf 69' lang='lat' dir='ltr'><strong>PSALMOS.</strong></span> <span class='ocrx_word' id='word_1_5' title='bbox 1617 307 1687 316; x_wconf 93' lang='lat'><strong>——</strong></span> <span class='ocrx_word' id='word_1_6' title='bbox 1726 275 1963 331; x_wconf 79' lang='lat' dir='ltr'><strong>llOMlL.</strong></span> <span class='ocrx_word' id='word_1_7' title='bbox 2006 274 2070 330; x_wconf 85' lang='lat' dir='ltr'><strong>lll</strong></span> <span class='ocrx_word' id='word_1_8' title='bbox 2114 275 2178 329; x_wconf 76' lang='lat' dir='ltr'><strong>1N</strong></span> <span class='ocrx_word' id='word_1_9' title='bbox 2217 273 2416 328; x_wconf 68' lang='lat' dir='ltr'><strong>PSAL.</strong></span> <span class='ocrx_word' id='word_1_10' title='bbox 2452 269 2690 327; x_wconf 74' lang='lat' dir='ltr'><strong>XXXVl.</strong></span> 
     </span>
    </p>
   </div>
   <div class='ocr_carea' id='block_1_3' title="bbox 3250 269 3387 322">
    <p class='ocr_par' dir='ltr' id='par_1_3' title="bbox 3250 269 3387 322">
     <span class='ocr_line' id='line_1_3' title="bbox 3250 269 3387 322; baseline -0.022 0"><span class='ocrx_word' id='word_1_11' title='bbox 3250 270 3273 322; x_wconf 86' lang='grc'><strong>1</strong></span> <span class='ocrx_word' id='word_1_12' title='bbox 3284 269 3387 322; x_wconf 62' lang='grc'><strong>562</strong></span> 
     </span>
    </p>
   </div>
   <div class='ocr_carea' id='block_1_4' title="bbox 47 383 3391 464">
    <p class='ocr_par' dir='ltr' id='par_1_4' title="bbox 47 383 3391 464">
     <span class='ocr_line' id='line_1_4' title="bbox 47 383 3391 464; baseline -0.004 -13"><span class='ocrx_word' id='word_1_13' title='bbox 47 407 123 451; x_wconf 81' lang='lat' dir='ltr'><strong>et</strong></span> <span class='ocrx_word' id='word_1_14' title='bbox 164 396 341 464; x_wconf 82' lang='lat' dir='ltr'><strong>justi</strong></span> <span class='ocrx_word' id='word_1_15' title='bbox 372 405 428 449; x_wconf 83' lang='lat' dir='ltr'><strong>et</strong></span> <span class='ocrx_word' id='word_1_16' title='bbox 453 392 664 462; x_wconf 86' lang='lat' dir='ltr'><strong>injusti,</strong></span> <span class='ocrx_word' id='word_1_17' title='bbox 696 402 752 445; x_wconf 88' lang='lat' dir='ltr'><strong>ut</strong></span> <span class='ocrx_word' id='word_1_18' title='bbox 779 394 1017 447; x_wconf 84' lang='lat' dir='ltr'><strong>habeant</strong></span> <span class='ocrx_word' id='word_1_19' title='bbox 1044 408 1165 462; x_wconf 79' lang='lat' dir='ltr'><strong>qua:</strong></span> <span class='ocrx_word' id='word_1_20' title='bbox 1190 393 1255 446; x_wconf 86' lang='lat' dir='ltr'><strong>ad</strong></span> <span class='ocrx_word' id='word_1_21' title='bbox 1293 386 1494 447; x_wconf 85' lang='lat' dir='ltr'><strong>victu‘m</strong></span> <span class='ocrx_word' id='word_1_22' title='bbox 1532 409 1717 450; x_wconf 85' lang='lat' dir='ltr'><strong>neces-</strong></span> <span class='ocrx_word' id='word_1_23' title='bbox 1744 398 1789 455; x_wconf 79' lang='grc' dir='ltr'>Α</span> <span class='ocrx_word' id='word_1_24' title='bbox 1820 394 2012 451; x_wconf 81' lang='lat' dir='ltr'><strong>Melius</strong></span> <span class='ocrx_word' id='word_1_25' title='bbox 2035 404 2119 450; x_wconf 91' lang='lat' dir='ltr'><strong>est</strong></span> <span class='ocrx_word' id='word_1_26' title='bbox 2148 407 2284 463; x_wconf 89' lang='lat' dir='ltr'><strong>ergo</strong></span> <span class='ocrx_word' id='word_1_27' title='bbox 2312 393 2414 447; x_wconf 92' lang='lat' dir='ltr'><strong>hoc</strong></span> <span class='ocrx_word' id='word_1_28' title='bbox 2447 388 2717 443; x_wconf 90' lang='lat' dir='ltr'><strong>modicum</strong></span> <span class='ocrx_word' id='word_1_29' title='bbox 2744 383 2865 440; x_wconf 76' lang='lat' dir='ltr'><strong>fidei</strong></span> <span class='ocrx_word' id='word_1_30' title='bbox 2895 383 3041 454; x_wconf 85' lang='lat' dir='ltr'><strong>justo</strong></span> <span class='ocrx_word' id='word_1_31' title='bbox 3068 397 3230 455; x_wconf 83' lang='lat' dir='ltr'><strong>super</strong></span> <span class='ocrx_word' id='word_1_32' title='bbox 3257 383 3391 437; x_wconf 84' lang='lat' dir='ltr'><strong>divi-</strong></span> 
     </span>
    </p>
   </div>
   <div class='ocr_carea' id='block_1_5' title="bbox 51 486 1710 555">
    <p class='ocr_par' dir='ltr' id='par_1_5' title="bbox 51 486 1710 555">
     <span class='ocr_line' id='line_1_5' title="bbox 51 486 1710 555; baseline 0 -14"><span class='ocrx_word' id='word_1_33' title='bbox 51 489 257 543; x_wconf 76' lang='lat' dir='ltr'><strong>saria</strong></span> <span class='ocrx_word' id='word_1_34' title='bbox 307 497 459 542; x_wconf 91' lang='lat' dir='ltr'><strong>sunt.</strong></span> <span class='ocrx_word' id='word_1_35' title='bbox 515 486 621 540; x_wconf 97' lang='lat' dir='ltr'><strong>Sed</strong></span> <span class='ocrx_word' id='word_1_36' title='bbox 657 486 791 554; x_wconf 85' lang='lat' dir='ltr'><strong>justi</strong></span> <span class='ocrx_word' id='word_1_37' title='bbox 852 486 1069 554; x_wconf 92' lang='lat' dir='ltr'><strong>quidem</strong></span> <span class='ocrx_word' id='word_1_38' title='bbox 1137 500 1243 537; x_wconf 91' lang='lat' dir='ltr'><strong>non</strong></span> <span class='ocrx_word' id='word_1_39' title='bbox 1302 494 1407 538; x_wconf 91' lang='lat' dir='ltr'><strong>tam</strong></span> <span class='ocrx_word' id='word_1_40' title='bbox 1460 488 1710 555; x_wconf 83' lang='lat' dir='ltr'><strong>propensi</strong></span> 
     </span>
    </p>
   </div>
   <div class='ocr_carea' id='block_1_6' title="bbox 52 576 1715 649">
    <p class='ocr_par' dir='ltr' id='par_1_6' title="bbox 52 576 1715 649">
     <span class='ocr_line' id='line_1_6' title="bbox 52 576 1715 649; baseline -0.001 -16"><span class='ocrx_word' id='word_1_41' title='bbox 52 588 236 633; x_wconf 72' lang='lat' dir='ltr'><strong>sont</strong></span> <span class='ocrx_word' id='word_1_42' title='bbox 285 594 425 649; x_wconf 87' lang='lat' dir='ltr'><strong>erga</strong></span> <span class='ocrx_word' id='word_1_43' title='bbox 450 577 871 633; x_wconf 76' lang='lat' dir='ltr'><strong>sollicitudinem</strong></span> <span class='ocrx_word' id='word_1_44' title='bbox 911 576 1106 638; x_wconf 88' lang='lat' dir='ltr'><strong>victus,</strong></span> <span class='ocrx_word' id='word_1_45' title='bbox 1136 591 1296 643; x_wconf 89' lang='lat' dir='ltr'><strong>quam</strong></span> <span class='ocrx_word' id='word_1_46' title='bbox 1334 576 1491 630; x_wconf 79' lang='lat' dir='ltr'><strong>enixe</strong></span> <span class='ocrx_word' id='word_1_47' title='bbox 1521 588 1715 645; x_wconf 82' lang='lat' dir='ltr'><strong>gerunt</strong></span> 
     </span>
    </p>
   </div>
   <div class='ocr_carea' id='block_1_7' title="bbox 57 664 1712 735">
    <p class='ocr_par' dir='ltr' id='par_1_7' title="bbox 57 664 1712 735">
     <span class='ocr_line' id='line_1_7' title="bbox 57 664 1712 735; baseline -0.001 -14"><span class='ocrx_word' id='word_1_48' title='bbox 57 667 357 735; x_wconf 65' lang='lat' dir='ltr'><strong>iustitia:</strong></span> <span class='ocrx_word' id='word_1_49' title='bbox 396 683 622 734; x_wconf 87' lang='lat' dir='ltr'><strong>curam,</strong></span> <span class='ocrx_word' id='word_1_50' title='bbox 660 666 733 721; x_wconf 91' lang='lat' dir='ltr'><strong>ita</strong></span> <span class='ocrx_word' id='word_1_51' title='bbox 778 674 834 719; x_wconf 92' lang='lat' dir='ltr'><strong>ut</strong></span> <span class='ocrx_word' id='word_1_52' title='bbox 868 666 1030 719; x_wconf 84' lang='lat' dir='ltr'><strong>etiam</strong></span> <span class='ocrx_word' id='word_1_53' title='bbox 1064 664 1107 718; x_wconf 90' lang='lat' dir='ltr'><strong>si</strong></span> <span class='ocrx_word' id='word_1_54' title='bbox 1148 664 1229 719; x_wconf 89' lang='lat' dir='ltr'><strong>eis</strong></span> <span class='ocrx_word' id='word_1_55' title='bbox 1263 667 1555 733; x_wconf 67' lang='lat' dir='ltr'><strong>quaerenda</strong></span> <span class='ocrx_word' id='word_1_56' title='bbox 1585 678 1712 720; x_wconf 91' lang='lat' dir='ltr'><strong>sunt</strong></span> 
     </span>
    </p>
   </div>
   <div class='ocr_carea' id='block_1_8' title="bbox 60 755 1711 827">
    <p class='ocr_par' dir='ltr' id='par_1_8' title="bbox 60 755 1711 827">
     <span class='ocr_line' id='line_1_8' title="bbox 60 755 1711 827; baseline 0.002 -17"><span class='ocrx_word' id='word_1_57' title='bbox 60 772 235 826; x_wconf 76' lang='lat' dir='ltr'><strong>qua:</strong></span> <span class='ocrx_word' id='word_1_58' title='bbox 290 760 366 812; x_wconf 85' lang='lat' dir='ltr'><strong>ad</strong></span> <span class='ocrx_word' id='word_1_59' title='bbox 413 760 614 813; x_wconf 91' lang='lat' dir='ltr'><strong>victum</strong></span> <span class='ocrx_word' id='word_1_60' title='bbox 662 757 972 811; x_wconf 83' lang='lat' dir='ltr'><strong>necessaria</strong></span> <span class='ocrx_word' id='word_1_61' title='bbox 1012 764 1161 818; x_wconf 89' lang='lat' dir='ltr'><strong>sunt,</strong></span> <span class='ocrx_word' id='word_1_62' title='bbox 1214 755 1418 827; x_wconf 86' lang='lat' dir='ltr'><strong>absque</strong></span> <span class='ocrx_word' id='word_1_63' title='bbox 1445 758 1711 827; x_wconf 83' lang='lat' dir='ltr'><strong>injustitia</strong></span> 
     </span>
    </p>
   </div>
   <div class='ocr_carea' id='block_1_9' title="bbox 64 851 1713 921">
    <p class='ocr_par' dir='ltr' id='par_1_9' title="bbox 64 851 1713 921">
     <span class='ocr_line' id='line_1_9' title="bbox 64 851 1713 921; baseline 0.002 -18"><span class='ocrx_word' id='word_1_64' title='bbox 64 862 478 920; x_wconf 62' lang='lat' dir='ltr'><strong>quwrantur,</strong></span> <span class='ocrx_word' id='word_1_65' title='bbox 526 860 587 905; x_wconf 92' lang='lat' dir='ltr'><strong>ut</strong></span> <span class='ocrx_word' id='word_1_66' title='bbox 619 851 735 921; x_wconf 90' lang='lat' dir='ltr'><strong>ipse</strong></span> <span class='ocrx_word' id='word_1_67' title='bbox 766 859 1006 919; x_wconf 71' lang='lat' dir='ltr'><strong>quaestus</strong></span> <span class='ocrx_word' id='word_1_68' title='bbox 1031 866 1219 904; x_wconf 90' lang='lat' dir='ltr'><strong>eorum</strong></span> <span class='ocrx_word' id='word_1_69' title='bbox 1257 851 1347 920; x_wconf 91' lang='lat' dir='ltr'><strong>qui</strong></span> <span class='ocrx_word' id='word_1_70' title='bbox 1397 852 1713 920; x_wconf 86' lang='lat' dir='ltr'><strong>quotidiana</strong></span> 
     </span>
    </p>
   </div>
   <div class='ocr_carea' id='block_1_10' title="bbox 72 942 1712 1013">
    <p class='ocr_par' dir='ltr' id='par_1_10' title="bbox 72 942 1712 1013">
     <span class='ocr_line' id='line_1_10' title="bbox 72 942 1712 1013; baseline 0.005 -21"><span class='ocrx_word' id='word_1_71' title='bbox 72 943 236 996; x_wconf 81' lang='lat' dir='ltr'><strong>usui</strong></span> <span class='ocrx_word' id='word_1_72' title='bbox 285 943 636 998; x_wconf 88' lang='lat' dir='ltr'><strong>necessarius</strong></span> <span class='ocrx_word' id='word_1_73' title='bbox 669 955 770 1007; x_wconf 85' lang='lat' dir='ltr'><strong>est,</strong></span> <span class='ocrx_word' id='word_1_74' title='bbox 807 960 927 997; x_wconf 88' lang='lat' dir='ltr'><strong>cum</strong></span> <span class='ocrx_word' id='word_1_75' title='bbox 963 943 1112 997; x_wconf 91' lang='lat' dir='ltr'><strong>onmi</strong></span> <span class='ocrx_word' id='word_1_76' title='bbox 1140 942 1350 1009; x_wconf 86' lang='lat' dir='ltr'><strong>justitia</strong></span> <span class='ocrx_word' id='word_1_77' title='bbox 1381 943 1492 999; x_wconf 87' lang='lat' dir='ltr'><strong>llat.</strong></span> <span class='ocrx_word' id='word_1_78' title='bbox 1525 944 1712 1013; x_wconf 88' lang='lat' dir='ltr'><strong>lnjusti</strong></span> 
     </span>
    </p>
   </div>
   <div class='ocr_carea' id='block_1_11' title="bbox 76 1034 1713 1105">
    <p class='ocr_par' dir='ltr' id='par_1_11' title="bbox 76 1034 1713 1105">
     <span class='ocr_line' id='line_1_11' title="bbox 76 1034 1713 1105; baseline 0.002 -19"><span class='ocrx_word' id='word_1_79' title='bbox 76 1049 250 1088; x_wconf 76' lang='lat' dir='ltr'><strong>vero</strong></span> <span class='ocrx_word' id='word_1_80' title='bbox 288 1034 435 1090; x_wconf 84' lang='lat' dir='ltr'><strong>nihil</strong></span> <span class='ocrx_word' id='word_1_81' title='bbox 468 1046 664 1090; x_wconf 87' lang='lat' dir='ltr'><strong>curant</strong></span> <span class='ocrx_word' id='word_1_82' title='bbox 698 1036 763 1088; x_wconf 91' lang='lat' dir='ltr'><strong>de</strong></span> <span class='ocrx_word' id='word_1_83' title='bbox 791 1036 1031 1105; x_wconf 87' lang='lat' dir='ltr'><strong>justitia,</strong></span> <span class='ocrx_word' id='word_1_84' title='bbox 1065 1035 1160 1090; x_wconf 91' lang='lat' dir='ltr'><strong>sed</strong></span> <span class='ocrx_word' id='word_1_85' title='bbox 1192 1050 1410 1090; x_wconf 87' lang='lat' dir='ltr'><strong>onmem</strong></span> <span class='ocrx_word' id='word_1_86' title='bbox 1444 1050 1629 1090; x_wconf 89' lang='lat' dir='ltr'><strong>curam</strong></span> <span class='ocrx_word' id='word_1_87' title='bbox 1661 1037 1713 1091; x_wconf 90' lang='lat' dir='ltr'><strong>in</strong></span> 
     </span>
    </p>
   </div>
   <div class='ocr_carea' id='block_1_12' title="bbox 79 1127 1713 1196">
    <p class='ocr_par' dir='ltr' id='par_1_12' title="bbox 79 1127 1713 1196">
     <span class='ocr_line' id='line_1_12' title="bbox 79 1127 1713 1196; baseline 0.002 -18"><span class='ocrx_word' id='word_1_88' title='bbox 79 1127 219 1181; x_wconf 81' lang='lat' dir='ltr'><strong>hoc</strong></span> <span class='ocrx_word' id='word_1_89' title='bbox 257 1128 590 1196; x_wconf 90' lang='lat' dir='ltr'><strong>impendunt</strong></span> <span class='ocrx_word' id='word_1_90' title='bbox 629 1128 901 1196; x_wconf 92' lang='lat' dir='ltr'><strong>quomodo</strong></span> <span class='ocrx_word' id='word_1_91' title='bbox 946 1129 1266 1195; x_wconf 88' lang='lat' dir='ltr'><strong>acquirant;</strong></span> <span class='ocrx_word' id='word_1_92' title='bbox 1306 1128 1358 1180; x_wconf 90' lang='lat' dir='ltr'><strong>in</strong></span> <span class='ocrx_word' id='word_1_93' title='bbox 1394 1127 1494 1181; x_wconf 91' lang='lat' dir='ltr'><strong>hoc</strong></span> <span class='ocrx_word' id='word_1_94' title='bbox 1527 1142 1713 1182; x_wconf 90' lang='lat' dir='ltr'><strong>eorum</strong></span> 
     </span>
    </p>
   </div>
   <div class='ocr_carea' id='block_1_13' title="bbox 81 1216 1716 1287">
    <p class='ocr_par' dir='ltr' id='par_1_13' title="bbox 81 1216 1716 1287">
     <span class='ocr_line' id='line_1_13' title="bbox 81 1216 1716 1287; baseline 0.002 -20"><span class='ocrx_word' id='word_1_95' title='bbox 81 1230 291 1271; x_wconf 86' lang='lat' dir='ltr'><strong>omne</strong></span> <span class='ocrx_word' id='word_1_96' title='bbox 319 1218 559 1273; x_wconf 90' lang='lat' dir='ltr'><strong>studium</strong></span> <span class='ocrx_word' id='word_1_97' title='bbox 592 1226 697 1279; x_wconf 90' lang='lat' dir='ltr'><strong>est,</strong></span> <span class='ocrx_word' id='word_1_98' title='bbox 725 1216 1212 1287; x_wconf 89' lang='lat' dir='ltr'><strong>quomodocunqne</strong></span> <span class='ocrx_word' id='word_1_99' title='bbox 1244 1225 1295 1271; x_wconf 92' lang='lat' dir='ltr'><strong>et</strong></span> <span class='ocrx_word' id='word_1_100' title='bbox 1322 1218 1716 1286; x_wconf 78' lang='lat' dir='ltr'><strong>qualiacunque</strong></span> 
     </span>
    </p>
   </div>
   <div class='ocr_carea' id='block_1_14' title="bbox 86 1306 1716 1380">
    <p class='ocr_par' dir='ltr' id='par_1_14' title="bbox 86 1306 1716 1380">
     <span class='ocr_line' id='line_1_14' title="bbox 86 1306 1716 1380; baseline 0.002 -20"><span class='ocrx_word' id='word_1_101' title='bbox 86 1306 278 1362; x_wconf 83' lang='lat' dir='ltr'><strong>lucra</strong></span> <span class='ocrx_word' id='word_1_102' title='bbox 312 1321 538 1377; x_wconf 85' lang='lat' dir='ltr'><strong>captare</strong></span> <span class='ocrx_word' id='word_1_103' title='bbox 575 1324 590 1362; x_wconf 87' lang='lat'><strong>:</strong></span> <span class='ocrx_word' id='word_1_104' title='bbox 636 1325 739 1364; x_wconf 91' lang='lat' dir='ltr'><strong>non</strong></span> <span class='ocrx_word' id='word_1_105' title='bbox 775 1318 1024 1376; x_wconf 67' lang='lat' dir='ltr'><strong>quaerunt</strong></span> <span class='ocrx_word' id='word_1_106' title='bbox 1055 1309 1099 1363; x_wconf 88' lang='lat' dir='ltr'><strong>si</strong></span> <span class='ocrx_word' id='word_1_107' title='bbox 1143 1308 1281 1363; x_wconf 86' lang='lat' dir='ltr'><strong>bene</strong></span> <span class='ocrx_word' id='word_1_108' title='bbox 1319 1310 1630 1380; x_wconf 87' lang='lat' dir='ltr'><strong>acquirant,</strong></span> <span class='ocrx_word' id='word_1_109' title='bbox 1670 1310 1716 1364; x_wconf 91' lang='lat' dir='ltr'><strong>si</strong></span> 
     </span>
    </p>
   </div>
   <div class='ocr_carea' id='block_1_15' title="bbox 89 1399 1713 1468">
    <p class='ocr_par' dir='ltr' id='par_1_15' title="bbox 89 1399 1713 1468">
     <span class='ocr_line' id='line_1_15' title="bbox 89 1399 1713 1468; baseline 0.002 -16"><span class='ocrx_word' id='word_1_110' title='bbox 89 1413 250 1452; x_wconf 85' lang='lat' dir='ltr'><strong>cum</strong></span> <span class='ocrx_word' id='word_1_111' title='bbox 286 1400 504 1468; x_wconf 88' lang='lat' dir='ltr'><strong>jnstitia</strong></span> <span class='ocrx_word' id='word_1_112' title='bbox 549 1417 562 1454; x_wconf 93' lang='lat'><strong>:</strong></span> <span class='ocrx_word' id='word_1_113' title='bbox 598 1415 704 1454; x_wconf 90' lang='lat' dir='ltr'><strong>non</strong></span> <span class='ocrx_word' id='word_1_114' title='bbox 749 1410 875 1454; x_wconf 90' lang='lat' dir='ltr'><strong>sunt</strong></span> <span class='ocrx_word' id='word_1_115' title='bbox 908 1399 1127 1453; x_wconf 91' lang='lat' dir='ltr'><strong>solliciti</strong></span> <span class='ocrx_word' id='word_1_116' title='bbox 1168 1410 1226 1453; x_wconf 88' lang='grc' dir='ltr'><strong>ιιι</strong></span> <span class='ocrx_word' id='word_1_117' title='bbox 1258 1400 1463 1468; x_wconf 80' lang='lat' dir='ltr'><strong>judicio</strong></span> <span class='ocrx_word' id='word_1_118' title='bbox 1510 1401 1713 1457; x_wconf 82' lang='lat' dir='ltr'><strong>Christi</strong></span> 
     </span>
    </p>
   </div>
   <div class='ocr_carea' id='block_1_16' title="bbox 98 1491 1715 1563">
    <p class='ocr_par' dir='ltr' id='par_1_16' title="bbox 98 1491 1715 1563">
     <span class='ocr_line' id='line_1_16' title="bbox 98 1491 1715 1563; baseline 0.003 -21"><span class='ocrx_word' id='word_1_119' title='bbox 98 1491 490 1544; x_wconf 84' lang='lat' dir='ltr'><strong>inveniantur</strong></span> <span class='ocrx_word' id='word_1_120' title='bbox 514 1493 884 1559; x_wconf 83' lang='lat' dir='ltr'><strong>possessiones</strong></span> <span class='ocrx_word' id='word_1_121' title='bbox 923 1506 1112 1546; x_wconf 90' lang='lat' dir='ltr'><strong>eorum</strong></span> <span class='ocrx_word' id='word_1_122' title='bbox 1154 1506 1277 1545; x_wconf 92' lang='lat' dir='ltr'><strong>cum</strong></span> <span class='ocrx_word' id='word_1_123' title='bbox 1318 1493 1530 1561; x_wconf 86' lang='lat' dir='ltr'><strong>justitia</strong></span> <span class='ocrx_word' id='word_1_124' title='bbox 1564 1509 1715 1563; x_wconf 72' lang='lat' dir='ltr'><strong>qua:-</strong></span> 
     </span>
    </p>
   </div>
   <div class='ocr_carea' id='block_1_17' title="bbox 94 1582 1717 1655">
    <p class='ocr_par' dir='ltr' id='par_1_17' title="bbox 94 1582 1717 1655">
     <span class='ocr_line' id='line_1_17' title="bbox 94 1582 1717 1655; baseline 0.002 -19"><span class='ocrx_word' id='word_1_125' title='bbox 94 1583 266 1637; x_wconf 76' lang='lat' dir='ltr'><strong>sitze.</strong></span> <span class='ocrx_word' id='word_1_126' title='bbox 319 1582 605 1649; x_wconf 87' lang='lat' dir='ltr'><strong>Quomodo</strong></span> <span class='ocrx_word' id='word_1_127' title='bbox 637 1586 1004 1653; x_wconf 68' lang='lat' dir='ltr'><strong>possunthmc</strong></span> <span class='ocrx_word' id='word_1_128' title='bbox 1034 1584 1238 1651; x_wconf 78' lang='lat' dir='ltr'><strong>facere,</strong></span> <span class='ocrx_word' id='word_1_129' title='bbox 1286 1586 1378 1655; x_wconf 92' lang='lat' dir='ltr'><strong>qui</strong></span> <span class='ocrx_word' id='word_1_130' title='bbox 1422 1601 1608 1655; x_wconf 85' lang='lat' dir='ltr'><strong>agrum</strong></span> <span class='ocrx_word' id='word_1_131' title='bbox 1649 1586 1717 1640; x_wconf 89' lang='lat' dir='ltr'><strong>ad</strong></span> 
     </span>
    </p>
   </div>
   <div class='ocr_carea' id='block_1_18' title="bbox 93 1674 1712 1749">
    <p class='ocr_par' dir='ltr' id='par_1_18' title="bbox 93 1674 1712 1749">
     <span class='ocr_line' id='line_1_18' title="bbox 93 1674 1712 1749; baseline 0.002 -22"><span class='ocrx_word' id='word_1_132' title='bbox 93 1690 324 1743; x_wconf 82' lang='lat' dir='ltr'><strong>agrum</strong></span> <span class='ocrx_word' id='word_1_133' title='bbox 358 1674 698 1742; x_wconf 74' lang='lat' dir='ltr'><strong>coniungunt</strong></span> <span class='ocrx_word' id='word_1_134' title='bbox 741 1677 807 1741; x_wconf 84' lang='grc'><strong>²¹,</strong></span> <span class='ocrx_word' id='word_1_135' title='bbox 862 1687 917 1731; x_wconf 90' lang='lat' dir='ltr'><strong>et</strong></span> <span class='ocrx_word' id='word_1_136' title='bbox 956 1677 1135 1731; x_wconf 88' lang='lat' dir='ltr'><strong>villam</strong></span> <span class='ocrx_word' id='word_1_137' title='bbox 1184 1677 1320 1731; x_wconf 70' lang='lat' dir='ltr'><strong>villa:</strong></span> <span class='ocrx_word' id='word_1_138' title='bbox 1372 1679 1712 1749; x_wconf 86' lang='lat' dir='ltr'><strong>appropiant,</strong></span> 
     </span>
    </p>
   </div>
   <div class='ocr_carea' id='block_1_19' title="bbox 96 1766 1716 1840">
    <p class='ocr_par' dir='ltr' id='par_1_19' title="bbox 96 1766 1716 1840">
     <span class='ocr_line' id='line_1_19' title="bbox 96 1766 1716 1840; baseline 0.005 -23"><span class='ocrx_word' id='word_1_139' title='bbox 96 1776 172 1818; x_wconf 84' lang='lat' dir='ltr'><strong>ut</strong></span> <span class='ocrx_word' id='word_1_140' title='bbox 233 1766 448 1834; x_wconf 89' lang='lat' dir='ltr'><strong>aliquid</strong></span> <span class='ocrx_word' id='word_1_141' title='bbox 509 1767 675 1839; x_wconf 79' lang='lat'><strong>666</strong></span> <span class='ocrx_word' id='word_1_142' title='bbox 730 1771 978 1836; x_wconf 82' lang='lat' dir='ltr'><strong>proximo</strong></span> <span class='ocrx_word' id='word_1_143' title='bbox 1037 1772 1335 1827; x_wconf 81' lang='lat' dir='ltr'><strong>auferant?</strong></span> <span class='ocrx_word' id='word_1_144' title='bbox 1396 1773 1528 1827; x_wconf 84' lang='lat' dir='ltr'><strong>Cum</strong></span> <span class='ocrx_word' id='word_1_145' title='bbox 1586 1787 1716 1840; x_wconf 82' lang='lat' dir='ltr'><strong>ergo</strong></span> 
     </span>
    </p>
   </div>
   <div class='ocr_carea' id='block_1_20' title="bbox 104 1858 1715 1929">
    <p class='ocr_par' dir='ltr' id='par_1_20' title="bbox 104 1858 1715 1929">
     <span class='ocr_line' id='line_1_20' title="bbox 104 1858 1715 1929; baseline 0.006 -21"><span class='ocrx_word' id='word_1_146' title='bbox 104 1873 304 1909; x_wconf 81' lang='lat' dir='ltr'><strong>unum</strong></span> <span class='ocrx_word' id='word_1_147' title='bbox 338 1872 370 1912; x_wconf 89' lang='lat' dir='ltr'><strong>e</strong></span> <span class='ocrx_word' id='word_1_148' title='bbox 407 1858 617 1915; x_wconf 88' lang='lat' dir='ltr'><strong>duobus</strong></span> <span class='ocrx_word' id='word_1_149' title='bbox 650 1862 762 1914; x_wconf 88' lang='lat' dir='ltr'><strong>lieri</strong></span> <span class='ocrx_word' id='word_1_150' title='bbox 803 1877 1026 1916; x_wconf 86' lang='lat' dir='ltr'><strong>necesse</strong></span> <span class='ocrx_word' id='word_1_151' title='bbox 1054 1864 1147 1929; x_wconf 91' lang='lat' dir='ltr'><strong>sit,</strong></span> <span class='ocrx_word' id='word_1_152' title='bbox 1194 1863 1244 1917; x_wconf 88' lang='lat' dir='ltr'><strong>id</strong></span> <span class='ocrx_word' id='word_1_153' title='bbox 1289 1873 1375 1918; x_wconf 84' lang='lat' dir='ltr'><strong>cst</strong></span> <span class='ocrx_word' id='word_1_154' title='bbox 1410 1872 1503 1917; x_wconf 89' lang='lat' dir='ltr'><strong>aut</strong></span> <span class='ocrx_word' id='word_1_155' title='bbox 1551 1863 1715 1917; x_wconf 82' lang='lat' dir='ltr'><strong>multa</strong></span> 
     </span>
    </p>
   </div>
   <div class='ocr_carea' id='block_1_21' title="bbox 105 1951 1713 2025">
    <p class='ocr_par' dir='ltr' id='par_1_21' title="bbox 105 1951 1713 2025">
     <span class='ocr_line' id='line_1_21' title="bbox 105 1951 1713 2025; baseline 0.004 -21"><span class='ocrx_word' id='word_1_156' title='bbox 105 1951 427 2018; x_wconf 77' lang='lat' dir='ltr'><strong>acqn’rere</strong></span> <span class='ocrx_word' id='word_1_157' title='bbox 458 1966 577 2005; x_wconf 92' lang='lat' dir='ltr'><strong>cum</strong></span> <span class='ocrx_word' id='word_1_158' title='bbox 608 1953 893 2023; x_wconf 89' lang='lat' dir='ltr'><strong>injustitia,</strong></span> <span class='ocrx_word' id='word_1_159' title='bbox 920 1967 1013 2009; x_wconf 89' lang='lat' dir='ltr'><strong>aut</strong></span> <span class='ocrx_word' id='word_1_160' title='bbox 1036 1957 1305 2010; x_wconf 90' lang='lat' dir='ltr'><strong>modicum</strong></span> <span class='ocrx_word' id='word_1_161' title='bbox 1334 1970 1454 2009; x_wconf 90' lang='lat' dir='ltr'><strong>cum</strong></span> <span class='ocrx_word' id='word_1_162' title='bbox 1483 1955 1713 2025; x_wconf 85' lang='lat' dir='ltr'><strong>justitia,</strong></span> 
     </span>
    </p>
   </div>
   <div class='ocr_carea' id='block_1_22' title="bbox 114 2041 1717 2116">
    <p class='ocr_par' dir='ltr' id='par_1_22' title="bbox 114 2041 1717 2116">
     <span class='ocr_line' id='line_1_22' title="bbox 114 2041 1717 2116; baseline 0.004 -21"><span class='ocrx_word' id='word_1_163' title='bbox 114 2041 326 2096; x_wconf 77' lang='lat' dir='ltr'><strong>Melius</strong></span> <span class='ocrx_word' id='word_1_164' title='bbox 353 2054 453 2107; x_wconf 87' lang='lat' dir='ltr'><strong>est,</strong></span> <span class='ocrx_word' id='word_1_165' title='bbox 493 2045 665 2114; x_wconf 87' lang='lat' dir='ltr'><strong>inquit</strong></span> <span class='ocrx_word' id='word_1_166' title='bbox 690 2047 756 2110; x_wconf 78' lang='lat'><strong>&quot;,</strong></span> <span class='ocrx_word' id='word_1_167' title='bbox 792 2048 1053 2100; x_wconf 83' lang='lat' dir='ltr'><strong>modicum</strong></span> <span class='ocrx_word' id='word_1_168' title='bbox 1087 2048 1261 2116; x_wconf 89' lang='lat' dir='ltr'><strong>justo,</strong></span> <span class='ocrx_word' id='word_1_169' title='bbox 1311 2064 1468 2115; x_wconf 88' lang='lat' dir='ltr'><strong>super</strong></span> <span class='ocrx_word' id='word_1_170' title='bbox 1508 2049 1717 2102; x_wconf 81' lang='lat' dir='ltr'><strong>divitias</strong></span> 
     </span>
    </p>
   </div>
   <div class='ocr_carea' id='block_1_23' title="bbox 112 2137 1715 2210">
    <p class='ocr_par' dir='ltr' id='par_1_23' title="bbox 112 2137 1715 2210">
     <span class='ocr_line' id='line_1_23' title="bbox 112 2137 1715 2210; baseline 0.006 -26"><span class='ocrx_word' id='word_1_171' title='bbox 112 2146 469 2199; x_wconf 75' lang='lat' dir='ltr'><strong>peccatorum</strong></span> <span class='ocrx_word' id='word_1_172' title='bbox 504 2138 720 2191; x_wconf 84' lang='lat' dir='ltr'><strong>multas.</strong></span> <span class='ocrx_word' id='word_1_173' title='bbox 774 2137 841 2192; x_wconf 89' lang='lat' dir='ltr'><strong>Et</strong></span> <span class='ocrx_word' id='word_1_174' title='bbox 881 2154 1010 2193; x_wconf 85' lang='lat' dir='ltr'><strong>vere</strong></span> <span class='ocrx_word' id='word_1_175' title='bbox 1042 2140 1197 2209; x_wconf 90' lang='lat' dir='ltr'><strong>quasi</strong></span> <span class='ocrx_word' id='word_1_176' title='bbox 1237 2140 1454 2207; x_wconf 87' lang='lat' dir='ltr'><strong>speciali</strong></span> <span class='ocrx_word' id='word_1_177' title='bbox 1482 2141 1715 2210; x_wconf 88' lang='lat' dir='ltr'><strong>quodam</strong></span> 
     </span>
    </p>
   </div>
   <div class='ocr_carea' id='block_1_24' title="bbox 118 2224 1719 2301">
    <p class='ocr_par' dir='ltr' id='par_1_24' title="bbox 118 2224 1719 2301">
     <span class='ocr_line' id='line_1_24' title="bbox 118 2224 1719 2301; baseline 0.007 -26"><span class='ocrx_word' id='word_1_178' title='bbox 118 2224 297 2279; x_wconf 90' lang='lat' dir='ltr'><strong>titulo</strong></span> <span class='ocrx_word' id='word_1_179' title='bbox 332 2227 514 2281; x_wconf 64' lang='lat' dir='ltr'><strong>multae</strong></span> <span class='ocrx_word' id='word_1_180' title='bbox 539 2229 744 2285; x_wconf 79' lang='lat' dir='ltr'><strong>divitia:</strong></span> <span class='ocrx_word' id='word_1_181' title='bbox 791 2230 853 2301; x_wconf 44' lang='lat' dir='ltr'><strong>in,</strong></span> <span class='ocrx_word' id='word_1_182' title='bbox 887 2230 1177 2300; x_wconf 87' lang='lat' dir='ltr'><strong>iniquitate</strong></span> <span class='ocrx_word' id='word_1_183' title='bbox 1219 2242 1530 2286; x_wconf 88' lang='lat' dir='ltr'><strong>censentur.</strong></span> <span class='ocrx_word' id='word_1_184' title='bbox 1567 2231 1719 2287; x_wconf 87' lang='lat' dir='ltr'><strong>Unde</strong></span> 
     </span>
    </p>
   </div>
   <div class='ocr_carea' id='block_1_25' title="bbox 106 2320 1715 2389">
    <p class='ocr_par' dir='ltr' id='par_1_25' title="bbox 106 2320 1715 2389">
     <span class='ocr_line' id='line_1_25' title="bbox 106 2320 1715 2389; baseline 0.004 -21"><span class='ocrx_word' id='word_1_185' title='bbox 106 2328 171 2369; x_wconf 82' lang='grc' dir='ltr'><strong>‹·ι</strong></span> <span class='ocrx_word' id='word_1_186' title='bbox 205 2332 320 2386; x_wconf 87' lang='lat' dir='ltr'><strong>ego</strong></span> <span class='ocrx_word' id='word_1_187' title='bbox 352 2320 589 2374; x_wconf 73' lang='lat' dir='ltr'><strong>arbitror</strong></span> <span class='ocrx_word' id='word_1_188' title='bbox 626 2320 909 2376; x_wconf 91' lang='lat' dir='ltr'><strong>Dominum</strong></span> <span class='ocrx_word' id='word_1_189' title='bbox 951 2333 1006 2377; x_wconf 92' lang='lat' dir='ltr'><strong>et</strong></span> <span class='ocrx_word' id='word_1_190' title='bbox 1056 2323 1394 2378; x_wconf 86' lang='lat' dir='ltr'><strong>Salvatoretn</strong></span> <span class='ocrx_word' id='word_1_191' title='bbox 1440 2334 1715 2389; x_wconf 89' lang='lat' dir='ltr'><strong>nostrmu,</strong></span> 
     </span>
    </p>
   </div>
   <div class='ocr_carea' id='block_1_26' title="bbox 102 2409 1719 2486">
    <p class='ocr_par' dir='ltr' id='par_1_26' title="bbox 102 2409 1719 2486">
     <span class='ocr_line' id='line_1_26' title="bbox 102 2409 1719 2486; baseline 0.008 -29"><span class='ocrx_word' id='word_1_192' title='bbox 102 2409 295 2478; x_wconf 87' lang='lat' dir='ltr'><strong>quasi</strong></span> <span class='ocrx_word' id='word_1_193' title='bbox 338 2424 467 2464; x_wconf 87' lang='lat' dir='ltr'><strong>vere</strong></span> <span class='ocrx_word' id='word_1_194' title='bbox 504 2410 669 2465; x_wconf 90' lang='lat' dir='ltr'><strong>Deum</strong></span> <span class='ocrx_word' id='word_1_195' title='bbox 702 2422 758 2467; x_wconf 92' lang='lat' dir='ltr'><strong>et</strong></span> <span class='ocrx_word' id='word_1_196' title='bbox 793 2414 1077 2469; x_wconf 89' lang='lat' dir='ltr'><strong>Dominum</strong></span> <span class='ocrx_word' id='word_1_197' title='bbox 1126 2414 1485 2470; x_wconf 82' lang='lat' dir='ltr'><strong>Mammonam</strong></span> <span class='ocrx_word' id='word_1_198' title='bbox 1515 2415 1719 2486; x_wconf 90' lang='lat' dir='ltr'><strong>iniqui-</strong></span> 
     </span>
    </p>
   </div>
   <div class='ocr_carea' id='block_1_27' title="bbox 100 2500 1719 2568">
    <p class='ocr_par' dir='ltr' id='par_1_27' title="bbox 100 2500 1719 2568">
     <span class='ocr_line' id='line_1_27' title="bbox 100 2500 1719 2568; baseline 0.006 -17"><span class='ocrx_word' id='word_1_199' title='bbox 100 2500 266 2554; x_wconf 73' lang='lat' dir='ltr'><strong>tatis</strong></span> <span class='ocrx_word' id='word_1_200' title='bbox 307 2501 690 2568; x_wconf 84' lang='lat' dir='ltr'><strong>pronuntiasse</strong></span> <span class='ocrx_word' id='word_1_201' title='bbox 720 2518 846 2558; x_wconf 90' lang='lat' dir='ltr'><strong>cum</strong></span> <span class='ocrx_word' id='word_1_202' title='bbox 884 2504 1019 2559; x_wconf 87' lang='lat' dir='ltr'><strong>dicit</strong></span> <span class='ocrx_word' id='word_1_203' title='bbox 1048 2505 1093 2537; x_wconf 74' lang='lat'>&quot;</span> <span class='ocrx_word' id='word_1_204' title='bbox 1125 2524 1138 2560; x_wconf 88' lang='lat'><strong>:</strong></span> <span class='ocrx_word' id='word_1_205' title='bbox 1168 2504 1352 2561; x_wconf 81' lang='lat' dir='ltr'><strong>Facite</strong></span> <span class='ocrx_word' id='word_1_206' title='bbox 1396 2508 1539 2561; x_wconf 73' lang='lat' dir='ltr'><strong>vobis</strong></span> <span class='ocrx_word' id='word_1_207' title='bbox 1579 2509 1719 2561; x_wconf 83' lang='lat' dir='ltr'><strong>anti-</strong></span> 
     </span>
    </p>
   </div>
   <div class='ocr_carea' id='block_1_28' title="bbox 97 2591 1718 2664">
    <p class='ocr_par' dir='ltr' id='par_1_28' title="bbox 97 2591 1718 2664">
     <span class='ocr_line' id='line_1_28' title="bbox 97 2591 1718 2664; baseline 0.005 -19"><span class='ocrx_word' id='word_1_208' title='bbox 97 2608 194 2645; x_wconf 86' lang='lat' dir='ltr'><strong>cos</strong></span> <span class='ocrx_word' id='word_1_209' title='bbox 250 2591 318 2646; x_wconf 83' lang='lat' dir='ltr'><strong>de</strong></span> <span class='ocrx_word' id='word_1_210' title='bbox 356 2593 538 2664; x_wconf 84' lang='lat' dir='ltr'><strong>iniquo</strong></span> <span class='ocrx_word' id='word_1_211' title='bbox 586 2593 919 2651; x_wconf 76' lang='lat' dir='ltr'><strong>Hammona.</strong></span> <span class='ocrx_word' id='word_1_212' title='bbox 966 2595 1089 2652; x_wconf 66' lang='lat' dir='ltr'><strong>llaec</strong></span> <span class='ocrx_word' id='word_1_213' title='bbox 1127 2600 1420 2653; x_wconf 86' lang='lat' dir='ltr'><strong>secundum</strong></span> <span class='ocrx_word' id='word_1_214' title='bbox 1460 2598 1718 2654; x_wconf 82' lang='lat' dir='ltr'><strong>litteram.</strong></span> 
     </span>
    </p>
   </div>
   <div class='ocr_carea' id='block_1_29' title="bbox 100 2685 1722 2758">
    <p class='ocr_par' dir='ltr' id='par_1_29' title="bbox 100 2685 1722 2758">
     <span class='ocr_line' id='line_1_29' title="bbox 100 2685 1722 2758; baseline 0.005 -21"><span class='ocrx_word' id='word_1_215' title='bbox 100 2685 429 2740; x_wconf 63' lang='lat' dir='ltr'><strong>“duramus</strong></span> <span class='ocrx_word' id='word_1_216' title='bbox 481 2701 627 2741; x_wconf 88' lang='lat' dir='ltr'><strong>nunc</strong></span> <span class='ocrx_word' id='word_1_217' title='bbox 694 2688 740 2742; x_wconf 88' lang='lat' dir='ltr'><strong>si</strong></span> <span class='ocrx_word' id='word_1_218' title='bbox 793 2688 922 2758; x_wconf 91' lang='lat' dir='ltr'><strong>quid</strong></span> <span class='ocrx_word' id='word_1_219' title='bbox 979 2689 1143 2743; x_wconf 89' lang='lat' dir='ltr'><strong>etiam</strong></span> <span class='ocrx_word' id='word_1_220' title='bbox 1196 2694 1391 2745; x_wconf 80' lang='lat' dir='ltr'><strong>secreti</strong></span> <span class='ocrx_word' id='word_1_221' title='bbox 1443 2693 1722 2746; x_wconf 79' lang='lat' dir='ltr'><strong>contineat</strong></span> 
     </span>
    </p>
   </div>
   <div class='ocr_carea' id='block_1_30' title="bbox 96 2776 1720 2837">
    <p class='ocr_par' dir='ltr' id='par_1_30' title="bbox 96 2776 1720 2837">
     <span class='ocr_line' id='line_1_30' title="bbox 96 2776 1720 2837; baseline 0.005 -8"><span class='ocrx_word' id='word_1_222' title='bbox 96 2791 343 2829; x_wconf 73' lang='lat' dir='ltr'><strong>scrrtto.</strong></span> <span class='ocrx_word' id='word_1_223' title='bbox 375 2776 515 2831; x_wconf 89' lang='lat' dir='ltr'><strong>Sunt</strong></span> <span class='ocrx_word' id='word_1_224' title='bbox 550 2777 717 2832; x_wconf 89' lang='lat' dir='ltr'><strong>ntulta</strong></span> <span class='ocrx_word' id='word_1_225' title='bbox 748 2789 803 2833; x_wconf 90' lang='lat' dir='ltr'><strong>et</strong></span> <span class='ocrx_word' id='word_1_226' title='bbox 845 2779 1058 2835; x_wconf 87' lang='lat' dir='ltr'><strong>diversa</strong></span> <span class='ocrx_word' id='word_1_227' title='bbox 1110 2781 1289 2835; x_wconf 85' lang='lat' dir='ltr'><strong>studia</strong></span> <span class='ocrx_word' id='word_1_228' title='bbox 1333 2781 1636 2836; x_wconf 89' lang='lat' dir='ltr'><strong>litterarum</strong></span> <span class='ocrx_word' id='word_1_229' title='bbox 1666 2782 1720 2837; x_wconf 89' lang='lat' dir='ltr'><strong>in</strong></span> 
     </span>
    </p>
   </div>
   <div class='ocr_carea' id='block_1_31' title="bbox 100 2867 1717 2942">
    <p class='ocr_par' dir='ltr' id='par_1_31' title="bbox 100 2867 1717 2942">
     <span class='ocr_line' id='line_1_31' title="bbox 100 2867 1717 2942; baseline 0.002 -19"><span class='ocrx_word' id='word_1_230' title='bbox 100 2871 213 2923; x_wconf 87' lang='lat' dir='ltr'><strong>hoc</strong></span> <span class='ocrx_word' id='word_1_231' title='bbox 269 2867 494 2933; x_wconf 88' lang='lat' dir='ltr'><strong>mttndo,</strong></span> <span class='ocrx_word' id='word_1_232' title='bbox 530 2876 588 2922; x_wconf 93' lang='lat' dir='ltr'><strong>ut</strong></span> <span class='ocrx_word' id='word_1_233' title='bbox 624 2869 809 2925; x_wconf 88' lang='lat' dir='ltr'><strong>videas</strong></span> <span class='ocrx_word' id='word_1_234' title='bbox 857 2870 1297 2941; x_wconf 84' lang='lat' dir='ltr'><strong>quamplurimas</strong></span> <span class='ocrx_word' id='word_1_235' title='bbox 1333 2872 1659 2942; x_wconf 87' lang='lat' dir='ltr'><strong>incipientes</strong></span> <span class='ocrx_word' id='word_1_236' title='bbox 1689 2888 1717 2927; x_wconf 88' lang='lat' dir='ltr'><strong>a</strong></span> 
     </span>
    </p>
   </div>
   <div class='ocr_carea' id='block_1_32' title="bbox 102 2958 1720 3032">
    <p class='ocr_par' dir='ltr' id='par_1_32' title="bbox 102 2958 1720 3032">
     <span class='ocr_line' id='line_1_32' title="bbox 102 2958 1720 3032; baseline 0.006 -22"><span class='ocrx_word' id='word_1_237' title='bbox 102 2958 516 3026; x_wconf 71' lang='lat' dir='ltr'><strong>grammaticis</strong></span> <span class='ocrx_word' id='word_1_238' title='bbox 547 2959 792 3016; x_wconf 87' lang='lat' dir='ltr'><strong>ediscere</strong></span> <span class='ocrx_word' id='word_1_239' title='bbox 839 2960 1084 3014; x_wconf 85' lang='lat' dir='ltr'><strong>carmina</strong></span> <span class='ocrx_word' id='word_1_240' title='bbox 1144 2971 1460 3032; x_wconf 89' lang='lat' dir='ltr'><strong>poetarum,</strong></span> <span class='ocrx_word' id='word_1_241' title='bbox 1512 2979 1720 3019; x_wconf 72' lang='lat' dir='ltr'><strong>comm-</strong></span> 
     </span>
    </p>
   </div>
   <div class='ocr_carea' id='block_1_33' title="bbox 116 3051 1719 3123">
    <p class='ocr_par' dir='ltr' id='par_1_33' title="bbox 116 3051 1719 3123">
     <span class='ocr_line' id='line_1_33' title="bbox 116 3051 1719 3123; baseline 0.006 -20"><span class='ocrx_word' id='word_1_242' title='bbox 116 3051 460 3121; x_wconf 81' lang='lat' dir='ltr'><strong>diat&#39;umque</strong></span> <span class='ocrx_word' id='word_1_243' title='bbox 490 3052 722 3119; x_wconf 81' lang='lat' dir='ltr'><strong>fabulas,</strong></span> <span class='ocrx_word' id='word_1_244' title='bbox 757 3055 1149 3123; x_wconf 69' lang='lat' dir='ltr'><strong>tragoediarum</strong></span> <span class='ocrx_word' id='word_1_245' title='bbox 1197 3055 1285 3109; x_wconf 89' lang='lat' dir='ltr'><strong>vel</strong></span> <span class='ocrx_word' id='word_1_246' title='bbox 1310 3058 1719 3112; x_wconf 86' lang='lat' dir='ltr'><strong>commentitias</strong></span> 
     </span>
    </p>
   </div>
   <div class='ocr_carea' id='block_1_34' title="bbox 129 3144 1720 3218">
    <p class='ocr_par' dir='ltr' id='par_1_34' title="bbox 129 3144 1720 3218">
     <span class='ocr_line' id='line_1_34' title="bbox 129 3144 1720 3218; baseline 0.008 -25"><span class='ocrx_word' id='word_1_247' title='bbox 129 3144 220 3197; x_wconf 88' lang='lat' dir='ltr'><strong>vel</strong></span> <span class='ocrx_word' id='word_1_248' title='bbox 260 3144 598 3200; x_wconf 87' lang='lat' dir='ltr'><strong>houoriticas</strong></span> <span class='ocrx_word' id='word_1_249' title='bbox 631 3146 978 3201; x_wconf 82' lang='lat' dir='ltr'><strong>narrationes</strong></span> <span class='ocrx_word' id='word_1_250' title='bbox 1003 3187 1018 3211; x_wconf 95' lang='lat'><strong>,</strong></span> <span class='ocrx_word' id='word_1_251' title='bbox 1056 3146 1412 3202; x_wconf 84' lang='lat' dir='ltr'><strong>historiarum</strong></span> <span class='ocrx_word' id='word_1_252' title='bbox 1462 3148 1622 3218; x_wconf 85' lang='lat' dir='ltr'><strong>longa</strong></span> <span class='ocrx_word' id='word_1_253' title='bbox 1655 3165 1720 3206; x_wconf 90' lang='lat' dir='ltr'><strong>ac</strong></span> 
     </span>
    </p>
   </div>
   <div class='ocr_carea' id='block_1_35' title="bbox 134 3232 1725 3300">
    <p class='ocr_par' dir='ltr' id='par_1_35' title="bbox 134 3232 1725 3300">
     <span class='ocr_line' id='line_1_35' title="bbox 134 3232 1725 3300; baseline 0.005 -14"><span class='ocrx_word' id='word_1_254' title='bbox 134 3233 358 3286; x_wconf 87' lang='lat' dir='ltr'><strong>diversa</strong></span> <span class='ocrx_word' id='word_1_255' title='bbox 386 3232 681 3300; x_wconf 87' lang='lat' dir='ltr'><strong>volumina,</strong></span> <span class='ocrx_word' id='word_1_256' title='bbox 715 3245 829 3290; x_wconf 91' lang='lat' dir='ltr'><strong>tum</strong></span> <span class='ocrx_word' id='word_1_257' title='bbox 857 3237 1053 3290; x_wconf 88' lang='lat' dir='ltr'><strong>deinde</strong></span> <span class='ocrx_word' id='word_1_258' title='bbox 1085 3237 1319 3290; x_wconf 88' lang='lat' dir='ltr'><strong>transire</strong></span> <span class='ocrx_word' id='word_1_259' title='bbox 1364 3238 1431 3292; x_wconf 89' lang='lat' dir='ltr'><strong>ad</strong></span> <span class='ocrx_word' id='word_1_260' title='bbox 1485 3239 1725 3294; x_wconf 89' lang='lat' dir='ltr'><strong>rhetori-</strong></span> 
     </span>
    </p>
   </div>
   <div class='ocr_carea' id='block_1_36' title="bbox 136 3324 1718 3400">
    <p class='ocr_par' dir='ltr' id='par_1_36' title="bbox 136 3324 1718 3400">
     <span class='ocr_line' id='line_1_36' title="bbox 136 3324 1718 3400; baseline 0.007 -24"><span class='ocrx_word' id='word_1_261' title='bbox 136 3338 289 3388; x_wconf 91' lang='lat' dir='ltr'><strong>cam,</strong></span> <span class='ocrx_word' id='word_1_262' title='bbox 320 3333 484 3394; x_wconf 89' lang='lat' dir='ltr'><strong>atque</strong></span> <span class='ocrx_word' id='word_1_263' title='bbox 512 3324 582 3379; x_wconf 90' lang='lat' dir='ltr'><strong>ibi</strong></span> <span class='ocrx_word' id='word_1_264' title='bbox 617 3340 836 3381; x_wconf 88' lang='lat' dir='ltr'><strong>omnem</strong></span> <span class='ocrx_word' id='word_1_265' title='bbox 886 3327 1068 3382; x_wconf 80' lang='lat' dir='ltr'><strong>lucum</strong></span> <span class='ocrx_word' id='word_1_266' title='bbox 1103 3328 1428 3398; x_wconf 81' lang='lat' dir='ltr'><strong>eloquentiae</strong></span> <span class='ocrx_word' id='word_1_267' title='bbox 1457 3346 1718 3400; x_wconf 73' lang='lat' dir='ltr'><strong>quaerere,</strong></span> 
     </span>
    </p>
   </div>
   <div class='ocr_carea' id='block_1_37' title="bbox 139 3416 1721 3491">
    <p class='ocr_par' dir='ltr' id='par_1_37' title="bbox 139 3416 1721 3491">
     <span class='ocr_line' id='line_1_37' title="bbox 139 3416 1721 3491; baseline 0.008 -25"><span class='ocrx_word' id='word_1_268' title='bbox 139 3424 265 3485; x_wconf 86' lang='lat' dir='ltr'><strong>post</strong></span> <span class='ocrx_word' id='word_1_269' title='bbox 297 3416 409 3471; x_wconf 61' lang='lat' dir='ltr'><strong>haec</strong></span> <span class='ocrx_word' id='word_1_270' title='bbox 443 3418 628 3472; x_wconf 89' lang='lat' dir='ltr'><strong>venire</strong></span> <span class='ocrx_word' id='word_1_271' title='bbox 658 3420 724 3472; x_wconf 88' lang='lat' dir='ltr'><strong>ad</strong></span> <span class='ocrx_word' id='word_1_272' title='bbox 778 3419 1199 3489; x_wconf 78' lang='lat' dir='ltr'><strong>phil030phiam,</strong></span> <span class='ocrx_word' id='word_1_273' title='bbox 1245 3424 1575 3491; x_wconf 85' lang='lat' dir='ltr'><strong>perscrutari</strong></span> <span class='ocrx_word' id='word_1_274' title='bbox 1603 3424 1721 3478; x_wconf 86' lang='lat' dir='ltr'><strong>dia-</strong></span> 
     </span>
    </p>
   </div>
   <div class='ocr_carea' id='block_1_38' title="bbox 143 3506 1726 3581">
    <p class='ocr_par' dir='ltr' id='par_1_38' title="bbox 143 3506 1726 3581">
     <span class='ocr_line' id='line_1_38' title="bbox 143 3506 1726 3581; baseline 0.008 -24"><span class='ocrx_word' id='word_1_275' title='bbox 143 3506 413 3572; x_wconf 89' lang='lat' dir='ltr'><strong>lecticam,</strong></span> <span class='ocrx_word' id='word_1_276' title='bbox 454 3508 896 3578; x_wconf 70' lang='lat' dir='ltr'><strong>syllogismorum</strong></span> <span class='ocrx_word' id='word_1_277' title='bbox 925 3527 1095 3566; x_wconf 79' lang='lat' dir='ltr'><strong>nexus</strong></span> <span class='ocrx_word' id='word_1_278' title='bbox 1123 3513 1418 3581; x_wconf 90' lang='lat' dir='ltr'><strong>inquirere,</strong></span> <span class='ocrx_word' id='word_1_279' title='bbox 1445 3530 1726 3569; x_wconf 89' lang='lat' dir='ltr'><strong>mensuras</strong></span> 
     </span>
    </p>
   </div>
   <div class='ocr_carea' id='block_1_39' title="bbox 145 3600 1723 3674">
    <p class='ocr_par' dir='ltr' id='par_1_39' title="bbox 145 3600 1723 3674">
     <span class='ocr_line' id='line_1_39' title="bbox 145 3600 1723 3674; baseline 0.008 -24"><span class='ocrx_word' id='word_1_280' title='bbox 145 3600 457 3666; x_wconf 67' lang='lat' dir='ltr'><strong>geometriae</strong></span> <span class='ocrx_word' id='word_1_281' title='bbox 492 3609 827 3669; x_wconf 77' lang='lat' dir='ltr'><strong>pet-tentare,</strong></span> <span class='ocrx_word' id='word_1_282' title='bbox 865 3612 1137 3657; x_wconf 88' lang='lat' dir='ltr'><strong>astrorum</strong></span> <span class='ocrx_word' id='word_1_283' title='bbox 1168 3604 1315 3674; x_wconf 83' lang='lat' dir='ltr'><strong>leges</strong></span> <span class='ocrx_word' id='word_1_284' title='bbox 1349 3620 1412 3659; x_wconf 91' lang='lat' dir='ltr'><strong>ac</strong></span> <span class='ocrx_word' id='word_1_285' title='bbox 1438 3606 1723 3662; x_wconf 87' lang='lat' dir='ltr'><strong>stellarum</strong></span> 
     </span>
    </p>
   </div>
   <div class='ocr_carea' id='block_1_40' title="bbox 146 3694 1723 3766">
    <p class='ocr_par' dir='ltr' id='par_1_40' title="bbox 146 3694 1723 3766">
     <span class='ocr_line' id='line_1_40' title="bbox 146 3694 1723 3766; baseline 0.004 -23"><span class='ocrx_word' id='word_1_286' title='bbox 146 3703 341 3744; x_wconf 88' lang='lat' dir='ltr'><strong>cursus</strong></span> <span class='ocrx_word' id='word_1_287' title='bbox 365 3694 715 3760; x_wconf 87' lang='lat' dir='ltr'><strong>perscrutari,</strong></span> <span class='ocrx_word' id='word_1_288' title='bbox 749 3694 1003 3749; x_wconf 89' lang='lat' dir='ltr'><strong>omittere</strong></span> <span class='ocrx_word' id='word_1_289' title='bbox 1027 3711 1241 3766; x_wconf 70' lang='lat' dir='ltr'><strong>quoque</strong></span> <span class='ocrx_word' id='word_1_290' title='bbox 1276 3711 1376 3750; x_wconf 91' lang='lat' dir='ltr'><strong>nec</strong></span> <span class='ocrx_word' id='word_1_291' title='bbox 1421 3698 1723 3762; x_wconf 88' lang='lat' dir='ltr'><strong>musicam;</strong></span> 
     </span>
    </p>
   </div>
   <div class='ocr_carea' id='block_1_41' title="bbox 150 3782 1727 3851">
    <p class='ocr_par' dir='ltr' id='par_1_41' title="bbox 150 3782 1727 3851">
     <span class='ocr_line' id='line_1_41' title="bbox 150 3782 1727 3851; baseline 0.005 -15"><span class='ocrx_word' id='word_1_292' title='bbox 150 3791 204 3836; x_wconf 87' lang='lat' dir='ltr'><strong>et</strong></span> <span class='ocrx_word' id='word_1_293' title='bbox 231 3782 307 3836; x_wconf 92' lang='lat' dir='ltr'><strong>sic</strong></span> <span class='ocrx_word' id='word_1_294' title='bbox 329 3797 423 3851; x_wconf 89' lang='lat' dir='ltr'><strong>per</strong></span> <span class='ocrx_word' id='word_1_295' title='bbox 448 3798 639 3839; x_wconf 90' lang='lat' dir='ltr'><strong>omnes</strong></span> <span class='ocrx_word' id='word_1_296' title='bbox 672 3783 804 3838; x_wconf 90' lang='lat' dir='ltr'><strong>istas</strong></span> <span class='ocrx_word' id='word_1_297' title='bbox 831 3787 1028 3839; x_wconf 87' lang='lat' dir='ltr'><strong>eruditi</strong></span> <span class='ocrx_word' id='word_1_298' title='bbox 1059 3798 1164 3840; x_wconf 92' lang='lat' dir='ltr'><strong>tam</strong></span> <span class='ocrx_word' id='word_1_299' title='bbox 1197 3788 1441 3843; x_wconf 87' lang='lat' dir='ltr'><strong>diversas</strong></span> <span class='ocrx_word' id='word_1_300' title='bbox 1469 3796 1521 3842; x_wconf 88' lang='lat' dir='ltr'><strong>et</strong></span> <span class='ocrx_word' id='word_1_301' title='bbox 1545 3789 1727 3844; x_wconf 79' lang='lat' dir='ltr'><strong>varias</strong></span> 
     </span>
    </p>
   </div>
   <div class='ocr_carea' id='block_1_42' title="bbox 150 3871 1729 3949">
    <p class='ocr_par' dir='ltr' id='par_1_42' title="bbox 150 3871 1729 3949">
     <span class='ocr_line' id='line_1_42' title="bbox 150 3871 1729 3949; baseline 0.008 -26"><span class='ocrx_word' id='word_1_302' title='bbox 150 3871 481 3939; x_wconf 89' lang='lat' dir='ltr'><strong>disciplinas,</strong></span> <span class='ocrx_word' id='word_1_303' title='bbox 519 3874 571 3927; x_wconf 92' lang='lat' dir='ltr'><strong>in</strong></span> <span class='ocrx_word' id='word_1_304' title='bbox 605 3876 803 3942; x_wconf 87' lang='lat' dir='ltr'><strong>quibtts</strong></span> <span class='ocrx_word' id='word_1_305' title='bbox 830 3876 963 3930; x_wconf 88' lang='lat' dir='ltr'><strong>nihil</strong></span> <span class='ocrx_word' id='word_1_306' title='bbox 990 3878 1055 3932; x_wconf 86' lang='lat' dir='ltr'><strong>de</strong></span> <span class='ocrx_word' id='word_1_307' title='bbox 1095 3878 1188 3932; x_wconf 87' lang='lat' dir='ltr'><strong>Dei</strong></span> <span class='ocrx_word' id='word_1_308' title='bbox 1222 3879 1503 3935; x_wconf 82' lang='lat' dir='ltr'><strong>voluntate</strong></span> <span class='ocrx_word' id='word_1_309' title='bbox 1527 3896 1729 3949; x_wconf 86' lang='lat' dir='ltr'><strong>cogno-</strong></span> 
     </span>
    </p>
   </div>
   <div class='ocr_carea' id='block_1_43' title="bbox 153 3965 1728 4039">
    <p class='ocr_par' dir='ltr' id='par_1_43' title="bbox 153 3965 1728 4039">
     <span class='ocr_line' id='line_1_43' title="bbox 153 3965 1728 4039; baseline 0.01 -27"><span class='ocrx_word' id='word_1_310' title='bbox 153 3972 358 4024; x_wconf 87' lang='lat' dir='ltr'><strong>verunt,</strong></span> <span class='ocrx_word' id='word_1_311' title='bbox 405 3965 603 4019; x_wconf 89' lang='lat' dir='ltr'><strong>multas</strong></span> <span class='ocrx_word' id='word_1_312' title='bbox 648 3966 909 4034; x_wconf 86' lang='lat' dir='ltr'><strong>quidem,</strong></span> <span class='ocrx_word' id='word_1_313' title='bbox 952 3969 1045 4022; x_wconf 92' lang='lat' dir='ltr'><strong>scd</strong></span> <span class='ocrx_word' id='word_1_314' title='bbox 1106 3982 1453 4039; x_wconf 86' lang='lat' dir='ltr'><strong>peccatorum</strong></span> <span class='ocrx_word' id='word_1_315' title='bbox 1508 3972 1728 4027; x_wconf 85' lang='lat' dir='ltr'><strong>divitias</strong></span> 
     </span>
    </p>
   </div>
   <div class='ocr_carea' id='block_1_44' title="bbox 152 4056 1726 4125">
    <p class='ocr_par' dir='ltr' id='par_1_44' title="bbox 152 4056 1726 4125">
     <span class='ocr_line' id='line_1_44' title="bbox 152 4056 1726 4125; baseline 0.005 -16"><span class='ocrx_word' id='word_1_316' title='bbox 152 4067 636 4125; x_wconf 82' lang='lat' dir='ltr'><strong>congregaverunt.</strong></span> <span class='ocrx_word' id='word_1_317' title='bbox 694 4056 890 4112; x_wconf 84' lang='lat' dir='ltr'><strong>Videas</strong></span> <span class='ocrx_word' id='word_1_318' title='bbox 944 4072 1126 4114; x_wconf 88' lang='lat' dir='ltr'><strong>autem</strong></span> <span class='ocrx_word' id='word_1_319' title='bbox 1158 4078 1322 4115; x_wconf 90' lang='lat' dir='ltr'><strong>unum</strong></span> <span class='ocrx_word' id='word_1_320' title='bbox 1372 4064 1437 4115; x_wconf 89' lang='lat' dir='ltr'><strong>de</strong></span> <span class='ocrx_word' id='word_1_321' title='bbox 1483 4061 1726 4117; x_wconf 75' lang='lat' dir='ltr'><strong>Ecclesia</strong></span> 
     </span>
    </p>
   </div>
   <div class='ocr_carea' id='block_1_45' title="bbox 155 4146 1728 4221">
    <p class='ocr_par' dir='ltr' id='par_1_45' title="bbox 155 4146 1728 4221">
     <span class='ocr_line' id='line_1_45' title="bbox 155 4146 1728 4221; baseline 0.006 -21"><span class='ocrx_word' id='word_1_322' title='bbox 155 4146 457 4215; x_wconf 88' lang='lat' dir='ltr'><strong>imperitum</strong></span> <span class='ocrx_word' id='word_1_323' title='bbox 505 4146 721 4217; x_wconf 83' lang='lat' dir='ltr'><strong>quidem</strong></span> <span class='ocrx_word' id='word_1_324' title='bbox 773 4149 824 4203; x_wconf 88' lang='lat' dir='ltr'><strong>itt</strong></span> <span class='ocrx_word' id='word_1_325' title='bbox 866 4152 1029 4205; x_wconf 83' lang='lat' dir='ltr'><strong>verbo</strong></span> <span class='ocrx_word' id='word_1_326' title='bbox 1074 4162 1235 4221; x_wconf 88' lang='lat' dir='ltr'><strong>atque</strong></span> <span class='ocrx_word' id='word_1_327' title='bbox 1270 4155 1596 4219; x_wconf 80' lang='lat' dir='ltr'><strong>eruditione,</strong></span> <span class='ocrx_word' id='word_1_328' title='bbox 1633 4155 1728 4209; x_wconf 80' lang='lat' dir='ltr'><strong>sed</strong></span> 
     </span>
    </p>
   </div>
   <div class='ocr_carea' id='block_1_46' title="bbox 158 4238 1726 4315">
    <p class='ocr_par' dir='ltr' id='par_1_46' title="bbox 158 4238 1726 4315">
     <span class='ocr_line' id='line_1_46' title="bbox 158 4238 1726 4315; baseline 0.007 -26"><span class='ocrx_word' id='word_1_329' title='bbox 158 4238 260 4290; x_wconf 89' lang='lat' dir='ltr'><strong>lide</strong></span> <span class='ocrx_word' id='word_1_330' title='bbox 286 4253 345 4291; x_wconf 89' lang='lat' dir='ltr'><strong>ac</strong></span> <span class='ocrx_word' id='word_1_331' title='bbox 369 4239 565 4291; x_wconf 85' lang='lat' dir='ltr'><strong>timore</strong></span> <span class='ocrx_word' id='word_1_332' title='bbox 603 4240 694 4294; x_wconf 91' lang='lat' dir='ltr'><strong>Dei</strong></span> <span class='ocrx_word' id='word_1_333' title='bbox 733 4243 1019 4310; x_wconf 90' lang='lat' dir='ltr'><strong>repletum,</strong></span> <span class='ocrx_word' id='word_1_334' title='bbox 1077 4245 1166 4313; x_wconf 90' lang='lat' dir='ltr'><strong>qui</strong></span> <span class='ocrx_word' id='word_1_335' title='bbox 1212 4256 1435 4315; x_wconf 82' lang='lat' dir='ltr'><strong>prOpler</strong></span> <span class='ocrx_word' id='word_1_336' title='bbox 1479 4246 1726 4299; x_wconf 88' lang='lat' dir='ltr'><strong>timorem</strong></span> 
     </span>
    </p>
   </div>
   <div class='ocr_carea' id='block_1_47' title="bbox 157 4328 1729 4404">
    <p class='ocr_par' dir='ltr' id='par_1_47' title="bbox 157 4328 1729 4404">
     <span class='ocr_line' id='line_1_47' title="bbox 157 4328 1729 4404; baseline 0.009 -24"><span class='ocrx_word' id='word_1_337' title='bbox 157 4328 249 4387; x_wconf 82' lang='lat' dir='ltr'><strong>Dei</strong></span> <span class='ocrx_word' id='word_1_338' title='bbox 281 4331 328 4382; x_wconf 91' lang='lat' dir='ltr'><strong>in</strong></span> <span class='ocrx_word' id='word_1_339' title='bbox 360 4331 504 4385; x_wconf 91' lang='lat' dir='ltr'><strong>nullo</strong></span> <span class='ocrx_word' id='word_1_340' title='bbox 551 4334 711 4388; x_wconf 90' lang='lat' dir='ltr'><strong>audet</strong></span> <span class='ocrx_word' id='word_1_341' title='bbox 744 4335 1079 4404; x_wconf 86' lang='lat' dir='ltr'><strong>delinquere,</strong></span> <span class='ocrx_word' id='word_1_342' title='bbox 1123 4339 1214 4392; x_wconf 89' lang='lat' dir='ltr'><strong>sed</strong></span> <span class='ocrx_word' id='word_1_343' title='bbox 1262 4349 1477 4393; x_wconf 89' lang='lat' dir='ltr'><strong>veretur</strong></span> <span class='ocrx_word' id='word_1_344' title='bbox 1509 4340 1729 4394; x_wconf 90' lang='lat' dir='ltr'><strong>omnino</strong></span> 
     </span>
    </p>
   </div>
   <div class='ocr_carea' id='block_1_48' title="bbox 1816 475 3388 556">
    <p class='ocr_par' dir='ltr' id='par_1_48' title="bbox 1816 475 3388 556">
     <span class='ocr_line' id='line_1_48' title="bbox 1816 475 3388 556; baseline -0.008 -15"><span class='ocrx_word' id='word_1_345' title='bbox 1816 488 1918 541; x_wconf 89' lang='lat' dir='ltr'><strong>tias</strong></span> <span class='ocrx_word' id='word_1_346' title='bbox 1946 495 2293 556; x_wconf 86' lang='lat' dir='ltr'><strong>peccatorqu</strong></span> <span class='ocrx_word' id='word_1_347' title='bbox 2333 482 2528 537; x_wconf 87' lang='lat' dir='ltr'><strong>multas</strong></span> <span class='ocrx_word' id='word_1_348' title='bbox 2552 525 2565 545; x_wconf 88' lang='lat'><strong>,</strong></span> <span class='ocrx_word' id='word_1_349' title='bbox 2602 494 2737 549; x_wconf 88' lang='lat' dir='ltr'><strong>quas</strong></span> <span class='ocrx_word' id='word_1_350' title='bbox 2766 478 2966 532; x_wconf 88' lang='lat' dir='ltr'><strong>habent</strong></span> <span class='ocrx_word' id='word_1_351' title='bbox 2998 475 3052 530; x_wconf 89' lang='lat' dir='ltr'><strong>in</strong></span> <span class='ocrx_word' id='word_1_352' title='bbox 3079 476 3388 545; x_wconf 90' lang='lat' dir='ltr'><strong>eloquentia</strong></span> 
     </span>
    </p>
   </div>
   <div class='ocr_carea' id='block_1_49' title="bbox 1817 566 3388 647">
    <p class='ocr_par' dir='ltr' id='par_1_49' title="bbox 1817 566 3388 647">
     <span class='ocr_line' id='line_1_49' title="bbox 1817 566 3388 647; baseline -0.007 -15"><span class='ocrx_word' id='word_1_353' title='bbox 1817 593 1881 632; x_wconf 94' lang='lat' dir='ltr'><strong>ac</strong></span> <span class='ocrx_word' id='word_1_354' title='bbox 1902 577 2171 647; x_wconf 86' lang='lat' dir='ltr'><strong>sapientia</strong></span> <span class='ocrx_word' id='word_1_355' title='bbox 2202 574 2360 642; x_wconf 86' lang='lat' dir='ltr'><strong>hujus</strong></span> <span class='ocrx_word' id='word_1_356' title='bbox 2389 572 2573 628; x_wconf 66' lang='lat' dir='ltr'><strong>saeculi</strong></span> <span class='ocrx_word' id='word_1_357' title='bbox 2596 611 2611 636; x_wconf 97' lang='lat'><strong>,</strong></span> <span class='ocrx_word' id='word_1_358' title='bbox 2645 585 2767 639; x_wconf 61' lang='lat' dir='ltr'><strong>quae</strong></span> <span class='ocrx_word' id='word_1_359' title='bbox 2808 567 3129 623; x_wconf 91' lang='lat' dir='ltr'><strong>destruitur.</strong></span> <span class='ocrx_word' id='word_1_360' title='bbox 3184 566 3388 621; x_wconf 86' lang='lat' dir='ltr'><strong>Tamen</strong></span> 
     </span>
    </p>
   </div>
   <div class='ocr_carea' id='block_1_50' title="bbox 1816 661 3387 739">
    <p class='ocr_par' dir='ltr' id='par_1_50' title="bbox 1816 661 3387 739">
     <span class='ocr_line' id='line_1_50' title="bbox 1816 661 3387 739; baseline -0.008 -15"><span class='ocrx_word' id='word_1_361' title='bbox 1816 671 1859 725; x_wconf 92' lang='lat' dir='ltr'><strong>si</strong></span> <span class='ocrx_word' id='word_1_362' title='bbox 1884 670 2121 739; x_wconf 89' lang='lat' dir='ltr'><strong>potuerit</strong></span> <span class='ocrx_word' id='word_1_363' title='bbox 2150 668 2278 737; x_wconf 87' lang='lat' dir='ltr'><strong>quis</strong></span> <span class='ocrx_word' id='word_1_364' title='bbox 2312 674 2366 720; x_wconf 90' lang='lat' dir='ltr'><strong>et</strong></span> <span class='ocrx_word' id='word_1_365' title='bbox 2394 664 2612 719; x_wconf 74' lang='lat' dir='ltr'><strong>divitias</strong></span> <span class='ocrx_word' id='word_1_366' title='bbox 2653 661 2874 724; x_wconf 89' lang='lat' dir='ltr'><strong>habere,</strong></span> <span class='ocrx_word' id='word_1_367' title='bbox 2905 668 2961 713; x_wconf 91' lang='lat' dir='ltr'><strong>et</strong></span> <span class='ocrx_word' id='word_1_368' title='bbox 2988 673 3094 713; x_wconf 91' lang='lat' dir='ltr'><strong>non</strong></span> <span class='ocrx_word' id='word_1_369' title='bbox 3134 666 3387 727; x_wconf 86' lang='lat' dir='ltr'><strong>peccato-</strong></span> 
     </span>
    </p>
   </div>
   <div class='ocr_carea' id='block_1_51' title="bbox 1817 749 3390 821">
    <p class='ocr_par' dir='ltr' id='par_1_51' title="bbox 1817 749 3390 821">
     <span class='ocr_line' id='line_1_51' title="bbox 1817 749 3390 821; baseline -0.006 -7"><span class='ocrx_word' id='word_1_370' title='bbox 1817 777 1935 815; x_wconf 91' lang='lat' dir='ltr'><strong>rum</strong></span> <span class='ocrx_word' id='word_1_371' title='bbox 1987 759 2191 813; x_wconf 90' lang='lat' dir='ltr'><strong>habere</strong></span> <span class='ocrx_word' id='word_1_372' title='bbox 2245 756 2507 819; x_wconf 77' lang='lat' dir='ltr'><strong>divitias;</strong></span> <span class='ocrx_word' id='word_1_373' title='bbox 2545 753 2639 809; x_wconf 84' lang='lat' dir='ltr'><strong>sed</strong></span> <span class='ocrx_word' id='word_1_374' title='bbox 2696 764 3031 821; x_wconf 80' lang='lat' dir='ltr'><strong>congregare</strong></span> <span class='ocrx_word' id='word_1_375' title='bbox 3089 749 3265 819; x_wconf 88' lang='lat' dir='ltr'><strong>aliqua</strong></span> <span class='ocrx_word' id='word_1_376' title='bbox 3325 750 3390 804; x_wconf 87' lang='lat' dir='ltr'><strong>de</strong></span> 
     </span>
    </p>
   </div>
   <div class='ocr_carea' id='block_1_52' title="bbox 1820 842 3388 918">
    <p class='ocr_par' dir='ltr' id='par_1_52' title="bbox 1820 842 3388 918">
     <span class='ocr_line' id='line_1_52' title="bbox 1820 842 3388 918; baseline -0.008 -12"><span class='ocrx_word' id='word_1_377' title='bbox 1820 851 2087 906; x_wconf 86' lang='lat' dir='ltr'><strong>thesauris</strong></span> <span class='ocrx_word' id='word_1_378' title='bbox 2135 848 2302 918; x_wconf 85' lang='lat' dir='ltr'><strong>Moysi</strong></span> <span class='ocrx_word' id='word_1_379' title='bbox 2359 847 2707 917; x_wconf 82' lang='lat' dir='ltr'><strong>Iegislatoris.</strong></span> <span class='ocrx_word' id='word_1_380' title='bbox 2760 847 2863 900; x_wconf 78' lang='lat' dir='ltr'><strong>alia</strong></span> <span class='ocrx_word' id='word_1_381' title='bbox 2905 846 3066 900; x_wconf 89' lang='lat' dir='ltr'><strong>etiam</strong></span> <span class='ocrx_word' id='word_1_382' title='bbox 3117 842 3184 895; x_wconf 90' lang='lat' dir='ltr'><strong>de</strong></span> <span class='ocrx_word' id='word_1_383' title='bbox 3221 857 3388 896; x_wconf 88' lang='lat' dir='ltr'><strong>censu</strong></span> 
     </span>
    </p>
   </div>
   <div class='ocr_carea' id='block_1_53' title="bbox 1818 933 3391 1012">
    <p class='ocr_par' dir='ltr' id='par_1_53' title="bbox 1818 933 3391 1012">
     <span class='ocr_line' id='line_1_53' title="bbox 1818 933 3391 1012; baseline -0.005 -16"><span class='ocrx_word' id='word_1_384' title='bbox 1818 943 2100 1012; x_wconf 85' lang='lat' dir='ltr'><strong>acquirere</strong></span> <span class='ocrx_word' id='word_1_385' title='bbox 2126 940 2543 1009; x_wconf 82' lang='lat' dir='ltr'><strong>prophetarum,</strong></span> <span class='ocrx_word' id='word_1_386' title='bbox 2582 938 2647 991; x_wconf 90' lang='lat' dir='ltr'><strong>de</strong></span> <span class='ocrx_word' id='word_1_387' title='bbox 2684 937 2849 1003; x_wconf 90' lang='lat' dir='ltr'><strong>Isaia,</strong></span> <span class='ocrx_word' id='word_1_388' title='bbox 2897 940 2964 991; x_wconf 92' lang='lat' dir='ltr'><strong>de</strong></span> <span class='ocrx_word' id='word_1_389' title='bbox 3005 934 3265 1000; x_wconf 84' lang='lat' dir='ltr'><strong>Jeremia,</strong></span> <span class='ocrx_word' id='word_1_390' title='bbox 3322 933 3391 988; x_wconf 86' lang='lat' dir='ltr'><strong>de</strong></span> 
     </span>
    </p>
   </div>
   <div class='ocr_carea' id='block_1_54' title="bbox 1818 1023 3388 1100">
    <p class='ocr_par' dir='ltr' id='par_1_54' title="bbox 1818 1023 3388 1100">
     <span class='ocr_line' id='line_1_54' title="bbox 1818 1023 3388 1100; baseline -0.008 -12"><span class='ocrx_word' id='word_1_391' title='bbox 1818 1033 2128 1098; x_wconf 83' lang='lat' dir='ltr'><strong>Ezechiele,</strong></span> <span class='ocrx_word' id='word_1_392' title='bbox 2182 1029 2519 1100; x_wconf 88' lang='lat' dir='ltr'><strong>perscrutari</strong></span> <span class='ocrx_word' id='word_1_393' title='bbox 2581 1042 2797 1098; x_wconf 91' lang='lat' dir='ltr'><strong>quoque</strong></span> <span class='ocrx_word' id='word_1_394' title='bbox 2857 1037 3069 1082; x_wconf 87' lang='lat' dir='ltr'><strong>secreta</strong></span> <span class='ocrx_word' id='word_1_395' title='bbox 3130 1023 3388 1088; x_wconf 87' lang='lat' dir='ltr'><strong>Danielis,</strong></span> 
     </span>
    </p>
   </div>
   <div class='ocr_carea' id='block_1_55' title="bbox 1816 1116 3391 1188">
    <p class='ocr_par' dir='ltr' id='par_1_55' title="bbox 1816 1116 3391 1188">
     <span class='ocr_line' id='line_1_55' title="bbox 1816 1116 3391 1188; baseline -0.008 -10"><span class='ocrx_word' id='word_1_396' title='bbox 1816 1132 2249 1188; x_wconf 72' lang='lat' dir='ltr'><strong>etetcrorumque</strong></span> <span class='ocrx_word' id='word_1_397' title='bbox 2282 1118 2672 1187; x_wconf 85' lang='lat' dir='ltr'><strong>prophetarum</strong></span> <span class='ocrx_word' id='word_1_398' title='bbox 2712 1116 3021 1171; x_wconf 88' lang='lat' dir='ltr'><strong>reconditos</strong></span> <span class='ocrx_word' id='word_1_399' title='bbox 3049 1125 3104 1168; x_wconf 89' lang='lat' dir='ltr'><strong>et</strong></span> <span class='ocrx_word' id='word_1_400' title='bbox 3127 1116 3391 1168; x_wconf 91' lang='lat' dir='ltr'><strong>obscuros</strong></span> 
     </span>
    </p>
   </div>
   <div class='ocr_carea' id='block_1_56' title="bbox 1818 1206 3395 1284">
    <p class='ocr_par' dir='ltr' id='par_1_56' title="bbox 1818 1206 3395 1284">
     <span class='ocr_line' id='line_1_56' title="bbox 1818 1206 3395 1284; baseline -0.008 -15"><span class='ocrx_word' id='word_1_401' title='bbox 1818 1224 2107 1284; x_wconf 88' lang='lat' dir='ltr'><strong>penetrare</strong></span> <span class='ocrx_word' id='word_1_402' title='bbox 2137 1213 2460 1275; x_wconf 88' lang='lat' dir='ltr'><strong>thesauros;</strong></span> <span class='ocrx_word' id='word_1_403' title='bbox 2492 1209 2716 1275; x_wconf 85' lang='lat' dir='ltr'><strong>istejam</strong></span> <span class='ocrx_word' id='word_1_404' title='bbox 2749 1223 2853 1263; x_wconf 90' lang='lat' dir='ltr'><strong>non</strong></span> <span class='ocrx_word' id='word_1_405' title='bbox 2874 1206 3159 1263; x_wconf 81' lang='lat' dir='ltr'><strong>confertur</strong></span> <span class='ocrx_word' id='word_1_406' title='bbox 3183 1207 3395 1273; x_wconf 87' lang='lat' dir='ltr'><strong>sapien-</strong></span> 
     </span>
    </p>
   </div>
   <div class='ocr_carea' id='block_1_57' title="bbox 1822 1295 3396 1371">
    <p class='ocr_par' dir='ltr' id='par_1_57' title="bbox 1822 1295 3396 1371">
     <span class='ocr_line' id='line_1_57' title="bbox 1822 1295 3396 1371; baseline -0.006 -12"><span class='ocrx_word' id='word_1_407' title='bbox 1822 1307 1964 1360; x_wconf 92' lang='lat' dir='ltr'><strong>tibus</strong></span> <span class='ocrx_word' id='word_1_408' title='bbox 2001 1304 2164 1371; x_wconf 86' lang='lat' dir='ltr'><strong>hujus</strong></span> <span class='ocrx_word' id='word_1_409' title='bbox 2196 1303 2402 1366; x_wconf 89' lang='lat' dir='ltr'><strong>mundi,</strong></span> <span class='ocrx_word' id='word_1_410' title='bbox 2438 1311 2497 1355; x_wconf 91' lang='lat' dir='ltr'><strong>ut</strong></span> <span class='ocrx_word' id='word_1_411' title='bbox 2542 1301 2737 1355; x_wconf 89' lang='lat' dir='ltr'><strong>melior</strong></span> <span class='ocrx_word' id='word_1_412' title='bbox 2763 1299 2866 1353; x_wconf 89' lang='lat' dir='ltr'><strong>illis</strong></span> <span class='ocrx_word' id='word_1_413' title='bbox 2896 1298 3125 1363; x_wconf 89' lang='lat' dir='ltr'><strong>dicatur,</strong></span> <span class='ocrx_word' id='word_1_414' title='bbox 3159 1297 3253 1350; x_wconf 89' lang='lat' dir='ltr'><strong>sed</strong></span> <span class='ocrx_word' id='word_1_415' title='bbox 3287 1295 3396 1349; x_wconf 90' lang='lat' dir='ltr'><strong>illis</strong></span> 
     </span>
    </p>
   </div>
   <div class='ocr_carea' id='block_1_58' title="bbox 1819 1388 3393 1468">
    <p class='ocr_par' dir='ltr' id='par_1_58' title="bbox 1819 1388 3393 1468">
     <span class='ocr_line' id='line_1_58' title="bbox 1819 1388 3393 1468; baseline -0.009 -15"><span class='ocrx_word' id='word_1_416' title='bbox 1819 1398 1995 1468; x_wconf 82' lang='lat' dir='ltr'><strong>magis</strong></span> <span class='ocrx_word' id='word_1_417' title='bbox 2026 1404 2345 1465; x_wconf 64' lang='lat' dir='ltr'><strong>exsequatur</strong></span> <span class='ocrx_word' id='word_1_418' title='bbox 2374 1395 2465 1463; x_wconf 88' lang='lat' dir='ltr'><strong>qui</strong></span> <span class='ocrx_word' id='word_1_419' title='bbox 2496 1394 2750 1448; x_wconf 85' lang='lat' dir='ltr'><strong>dicebant</strong></span> <span class='ocrx_word' id='word_1_420' title='bbox 2777 1390 2846 1453; x_wconf 80' lang='lat'><strong>&quot;,</strong></span> <span class='ocrx_word' id='word_1_421' title='bbox 2876 1392 3003 1460; x_wconf 83' lang='lat' dir='ltr'><strong>quia</strong></span> <span class='ocrx_word' id='word_1_422' title='bbox 3049 1391 3231 1442; x_wconf 74' lang='lat' dir='ltr'><strong>divites</strong></span> <span class='ocrx_word' id='word_1_423' title='bbox 3268 1388 3393 1457; x_wconf 74' lang='lat' dir='ltr'><strong>{acti</strong></span> 
     </span>
    </p>
   </div>
   <div class='ocr_carea' id='block_1_59' title="bbox 1817 1480 3393 1545">
    <p class='ocr_par' dir='ltr' id='par_1_59' title="bbox 1817 1480 3393 1545">
     <span class='ocr_line' id='line_1_59' title="bbox 1817 1480 3393 1545; baseline -0.008 -2"><span class='ocrx_word' id='word_1_424' title='bbox 1817 1491 1941 1543; x_wconf 78' lang='lat' dir='ltr'><strong>estis</strong></span> <span class='ocrx_word' id='word_1_425' title='bbox 2003 1489 2057 1542; x_wconf 85' lang='lat' dir='ltr'><strong>in</strong></span> <span class='ocrx_word' id='word_1_426' title='bbox 2098 1489 2238 1541; x_wconf 85' lang='lat' dir='ltr'><strong>omni</strong></span> <span class='ocrx_word' id='word_1_427' title='bbox 2286 1487 2437 1539; x_wconf 82' lang='lat' dir='ltr'><strong>verba</strong></span> <span class='ocrx_word' id='word_1_428' title='bbox 2502 1494 2549 1537; x_wconf 88' lang='lat' dir='ltr'><strong>et</strong></span> <span class='ocrx_word' id='word_1_429' title='bbox 2606 1484 2661 1536; x_wconf 84' lang='lat' dir='ltr'><strong>in</strong></span> <span class='ocrx_word' id='word_1_430' title='bbox 2716 1480 2856 1535; x_wconf 85' lang='lat' dir='ltr'><strong>omni</strong></span> <span class='ocrx_word' id='word_1_431' title='bbox 2898 1481 3157 1541; x_wconf 81' lang='lat' dir='ltr'><strong>scientia;</strong></span> <span class='ocrx_word' id='word_1_432' title='bbox 3200 1488 3254 1533; x_wconf 90' lang='lat' dir='ltr'><strong>et</strong></span> <span class='ocrx_word' id='word_1_433' title='bbox 3304 1482 3393 1545; x_wconf 88' lang='lat' dir='ltr'><strong>qui</strong></span> 
     </span>
    </p>
   </div>
   <div class='ocr_carea' id='block_1_60' title="bbox 1820 1571 3398 1646">
    <p class='ocr_par' dir='ltr' id='par_1_60' title="bbox 1820 1571 3398 1646">
     <span class='ocr_line' id='line_1_60' title="bbox 1820 1571 3398 1646; baseline -0.006 -11"><span class='ocrx_word' id='word_1_434' title='bbox 1820 1583 2164 1635; x_wconf 89' lang='lat' dir='ltr'><strong>destrucntes</strong></span> <span class='ocrx_word' id='word_1_435' title='bbox 2196 1578 2354 1646; x_wconf 75' lang='lat' dir='ltr'><strong>huius</strong></span> <span class='ocrx_word' id='word_1_436' title='bbox 2384 1576 2568 1631; x_wconf 89' lang='lat' dir='ltr'><strong>mundi</strong></span> <span class='ocrx_word' id='word_1_437' title='bbox 2605 1573 2948 1643; x_wconf 89' lang='lat' dir='ltr'><strong>sapientiam,</strong></span> <span class='ocrx_word' id='word_1_438' title='bbox 2977 1582 3032 1627; x_wconf 91' lang='lat' dir='ltr'><strong>et</strong></span> <span class='ocrx_word' id='word_1_439' title='bbox 3061 1572 3205 1626; x_wconf 85' lang='lat' dir='ltr'><strong>velut</strong></span> <span class='ocrx_word' id='word_1_440' title='bbox 3228 1571 3398 1625; x_wconf 83' lang='lat' dir='ltr'><strong>victo-</strong></span> 
     </span>
    </p>
   </div>
   <div class='ocr_carea' id='block_1_61' title="bbox 1821 1664 3393 1742">
    <p class='ocr_par' dir='ltr' id='par_1_61' title="bbox 1821 1664 3393 1742">
     <span class='ocr_line' id='line_1_61' title="bbox 1821 1664 3393 1742; baseline -0.008 -15"><span class='ocrx_word' id='word_1_441' title='bbox 1821 1689 1909 1729; x_wconf 89' lang='lat' dir='ltr'><strong>res</strong></span> <span class='ocrx_word' id='word_1_442' title='bbox 1935 1672 2052 1742; x_wconf 89' lang='lat' dir='ltr'><strong>cjus</strong></span> <span class='ocrx_word' id='word_1_443' title='bbox 2078 1672 2257 1727; x_wconf 83' lang='lat' dir='ltr'><strong>cll‘ecti</strong></span> <span class='ocrx_word' id='word_1_444' title='bbox 2290 1670 2478 1725; x_wconf 90' lang='lat' dir='ltr'><strong>dicunt</strong></span> <span class='ocrx_word' id='word_1_445' title='bbox 2507 1682 2568 1722; x_wconf 90' lang='lat' dir='ltr'><strong>se</strong></span> <span class='ocrx_word' id='word_1_446' title='bbox 2596 1675 2817 1736; x_wconf 79' lang='lat' dir='ltr'><strong>paratos</strong></span> <span class='ocrx_word' id='word_1_447' title='bbox 2845 1679 2966 1720; x_wconf 77' lang='lat' dir='ltr'><strong>esse</strong></span> <span class='ocrx_word' id='word_1_448' title='bbox 3003 1664 3071 1718; x_wconf 85' lang='lat' dir='ltr'><strong>ad</strong></span> <span class='ocrx_word' id='word_1_449' title='bbox 3110 1664 3393 1732; x_wconf 86' lang='lat' dir='ltr'><strong>captivan-</strong></span> 
     </span>
    </p>
   </div>
   <div class='ocr_carea' id='block_1_62' title="bbox 1750 1742 3398 1828">
    <p class='ocr_par' dir='ltr' id='par_1_62' title="bbox 1750 1742 3398 1828">
     <span class='ocr_line' id='line_1_62' title="bbox 1750 1742 3398 1828; baseline -0.008 -4"><span class='ocrx_word' id='word_1_450' title='bbox 1750 1742 1792 1797; x_wconf 65' lang='grc' dir='ltr'><strong>Β</strong></span> <span class='ocrx_word' id='word_1_451' title='bbox 1823 1768 1949 1823; x_wconf 89' lang='lat' dir='ltr'><strong>dum</strong></span> <span class='ocrx_word' id='word_1_452' title='bbox 2001 1779 2217 1821; x_wconf 88' lang='lat' dir='ltr'><strong>onmem</strong></span> <span class='ocrx_word' id='word_1_453' title='bbox 2259 1765 2596 1818; x_wconf 75' lang='lat' dir='ltr'><strong>intellectura</strong></span> <span class='ocrx_word' id='word_1_454' title='bbox 2634 1762 2978 1818; x_wconf 85' lang='lat' dir='ltr'><strong>extollentem</strong></span> <span class='ocrx_word' id='word_1_455' title='bbox 3014 1775 3073 1815; x_wconf 85' lang='lat' dir='ltr'><strong>se</strong></span> <span class='ocrx_word' id='word_1_456' title='bbox 3098 1768 3154 1813; x_wconf 93' lang='lat' dir='ltr'><strong>ct</strong></span> <span class='ocrx_word' id='word_1_457' title='bbox 3180 1759 3398 1828; x_wconf 76' lang='lat' dir='ltr'><strong>erigen-</strong></span> 
     </span>
    </p>
   </div>
   <div class='ocr_carea' id='block_1_63' title="bbox 1826 1850 3397 1922">
    <p class='ocr_par' dir='ltr' id='par_1_63' title="bbox 1826 1850 3397 1922">
     <span class='ocr_line' id='line_1_63' title="bbox 1826 1850 3397 1922; baseline -0.005 -9"><span class='ocrx_word' id='word_1_458' title='bbox 1826 1871 1931 1915; x_wconf 90' lang='lat' dir='ltr'><strong>tem</strong></span> <span class='ocrx_word' id='word_1_459' title='bbox 1992 1859 2255 1913; x_wconf 84' lang='lat' dir='ltr'><strong>adversus</strong></span> <span class='ocrx_word' id='word_1_460' title='bbox 2306 1858 2593 1912; x_wconf 87' lang='lat' dir='ltr'><strong>scientiam</strong></span> <span class='ocrx_word' id='word_1_461' title='bbox 2630 1855 2853 1912; x_wconf 85' lang='lat' dir='ltr'><strong>Christi.</strong></span> <span class='ocrx_word' id='word_1_462' title='bbox 2908 1854 3019 1907; x_wconf 85' lang='lat' dir='ltr'><strong>Etsi</strong></span> <span class='ocrx_word' id='word_1_463' title='bbox 3053 1853 3270 1922; x_wconf 88' lang='lat' dir='ltr'><strong>quidem</strong></span> <span class='ocrx_word' id='word_1_464' title='bbox 3308 1850 3397 1905; x_wconf 71' lang='lat' dir='ltr'><strong>ille</strong></span> 
     </span>
    </p>
   </div>
   <div class='ocr_carea' id='block_1_64' title="bbox 1824 1944 3396 2020">
    <p class='ocr_par' dir='ltr' id='par_1_64' title="bbox 1824 1944 3396 2020">
     <span class='ocr_line' id='line_1_64' title="bbox 1824 1944 3396 2020; baseline -0.007 -12"><span class='ocrx_word' id='word_1_465' title='bbox 1824 1954 1895 2008; x_wconf 90' lang='lat' dir='ltr'><strong>sit</strong></span> <span class='ocrx_word' id='word_1_466' title='bbox 1931 1965 2091 2020; x_wconf 90' lang='lat' dir='ltr'><strong>quem</strong></span> <span class='ocrx_word' id='word_1_467' title='bbox 2123 1949 2369 2018; x_wconf 88' lang='lat' dir='ltr'><strong>superius</strong></span> <span class='ocrx_word' id='word_1_468' title='bbox 2410 1949 2649 2002; x_wconf 79' lang='lat' dir='ltr'><strong>diximus</strong></span> <span class='ocrx_word' id='word_1_469' title='bbox 2681 1946 2966 2016; x_wconf 86' lang='lat' dir='ltr'><strong>imperitus</strong></span> <span class='ocrx_word' id='word_1_470' title='bbox 3001 1953 3056 1998; x_wconf 89' lang='lat' dir='ltr'><strong>et</strong></span> <span class='ocrx_word' id='word_1_471' title='bbox 3089 1944 3276 2005; x_wconf 88' lang='lat' dir='ltr'><strong>idiota,</strong></span> <span class='ocrx_word' id='word_1_472' title='bbox 3302 1946 3396 1997; x_wconf 88' lang='lat' dir='ltr'><strong>sed</strong></span> 
     </span>
    </p>
   </div>
   <div class='ocr_carea' id='block_1_65' title="bbox 1826 2031 3396 2105">
    <p class='ocr_par' dir='ltr' id='par_1_65' title="bbox 1826 2031 3396 2105">
     <span class='ocr_line' id='line_1_65' title="bbox 1826 2031 3396 2105; baseline -0.008 -9"><span class='ocrx_word' id='word_1_473' title='bbox 1826 2042 2001 2097; x_wconf 83' lang='lat' dir='ltr'><strong>ﬁdelis</strong></span> <span class='ocrx_word' id='word_1_474' title='bbox 2026 2050 2082 2095; x_wconf 92' lang='lat' dir='ltr'><strong>et</strong></span> <span class='ocrx_word' id='word_1_475' title='bbox 2124 2041 2319 2094; x_wconf 82' lang='lat' dir='ltr'><strong>timens</strong></span> <span class='ocrx_word' id='word_1_476' title='bbox 2363 2037 2555 2105; x_wconf 90' lang='lat' dir='ltr'><strong>Deum,</strong></span> <span class='ocrx_word' id='word_1_477' title='bbox 2607 2038 2790 2090; x_wconf 82' lang='lat' dir='ltr'><strong>melius</strong></span> <span class='ocrx_word' id='word_1_478' title='bbox 2827 2044 2898 2088; x_wconf 84' lang='lat' dir='ltr'><strong>est</strong></span> <span class='ocrx_word' id='word_1_479' title='bbox 2948 2034 3208 2085; x_wconf 78' lang='lat' dir='ltr'><strong>medicum</strong></span> <span class='ocrx_word' id='word_1_480' title='bbox 3270 2031 3396 2084; x_wconf 87' lang='lat' dir='ltr'><strong>illud</strong></span> 
     </span>
    </p>
   </div>
   <div class='ocr_carea' id='block_1_66' title="bbox 1827 2120 3394 2200">
    <p class='ocr_par' dir='ltr' id='par_1_66' title="bbox 1827 2120 3394 2200">
     <span class='ocr_line' id='line_1_66' title="bbox 1827 2120 3394 2200; baseline -0.008 -12"><span class='ocrx_word' id='word_1_481' title='bbox 1827 2134 1948 2188; x_wconf 82' lang='lat' dir='ltr'><strong>lidei</strong></span> <span class='ocrx_word' id='word_1_482' title='bbox 1996 2131 2121 2186; x_wconf 90' lang='lat' dir='ltr'><strong>huic</strong></span> <span class='ocrx_word' id='word_1_483' title='bbox 2158 2132 2309 2200; x_wconf 87' lang='lat' dir='ltr'><strong>justo</strong></span> <span class='ocrx_word' id='word_1_484' title='bbox 2354 2145 2509 2198; x_wconf 84' lang='lat' dir='ltr'><strong>super</strong></span> <span class='ocrx_word' id='word_1_485' title='bbox 2537 2130 2751 2182; x_wconf 77' lang='lat' dir='ltr'><strong>divitias</strong></span> <span class='ocrx_word' id='word_1_486' title='bbox 2793 2134 3122 2195; x_wconf 84' lang='lat' dir='ltr'><strong>peccatorum</strong></span> <span class='ocrx_word' id='word_1_487' title='bbox 3182 2120 3394 2183; x_wconf 87' lang='lat' dir='ltr'><strong>multas,</strong></span> 
     </span>
    </p>
   </div>
   <div class='ocr_carea' id='block_1_67' title="bbox 1824 2219 3394 2295">
    <p class='ocr_par' dir='ltr' id='par_1_67' title="bbox 1824 2219 3394 2295">
     <span class='ocr_line' id='line_1_67' title="bbox 1824 2219 3394 2295; baseline -0.01 -15"><span class='ocrx_word' id='word_1_488' title='bbox 1824 2240 1961 2295; x_wconf 86' lang='lat' dir='ltr'><strong>quas</strong></span> <span class='ocrx_word' id='word_1_489' title='bbox 2011 2239 2135 2279; x_wconf 90' lang='lat' dir='ltr'><strong>cum</strong></span> <span class='ocrx_word' id='word_1_490' title='bbox 2194 2222 2355 2291; x_wconf 85' lang='lat' dir='ltr'><strong>hujus</strong></span> <span class='ocrx_word' id='word_1_491' title='bbox 2409 2220 2591 2276; x_wconf 72' lang='lat' dir='ltr'><strong>szeculi</strong></span> <span class='ocrx_word' id='word_1_492' title='bbox 2659 2219 2928 2288; x_wconf 87' lang='lat' dir='ltr'><strong>sapientia</strong></span> <span class='ocrx_word' id='word_1_493' title='bbox 2987 2222 3394 2282; x_wconf 89' lang='lat' dir='ltr'><strong>compararunt.</strong></span> 
     </span>
    </p>
   </div>
   <div class='ocr_carea' id='block_1_68' title="bbox 1827 2305 3399 2388">
    <p class='ocr_par' dir='ltr' id='par_1_68' title="bbox 1827 2305 3399 2388">
     <span class='ocr_line' id='line_1_68' title="bbox 1827 2305 3399 2388; baseline -0.008 -16"><span class='ocrx_word' id='word_1_494' title='bbox 1827 2318 2004 2388; x_wconf 85' lang='lat' dir='ltr'><strong>Super</strong></span> <span class='ocrx_word' id='word_1_495' title='bbox 2034 2316 2221 2370; x_wconf 85' lang='lat' dir='ltr'><strong>ambos</strong></span> <span class='ocrx_word' id='word_1_496' title='bbox 2248 2324 2429 2367; x_wconf 89' lang='lat' dir='ltr'><strong>autem</strong></span> <span class='ocrx_word' id='word_1_497' title='bbox 2458 2312 2593 2367; x_wconf 82' lang='lat' dir='ltr'><strong>istos</strong></span> <span class='ocrx_word' id='word_1_498' title='bbox 2617 2322 2700 2366; x_wconf 91' lang='lat' dir='ltr'><strong>est</strong></span> <span class='ocrx_word' id='word_1_499' title='bbox 2732 2311 2824 2381; x_wconf 90' lang='lat' dir='ltr'><strong>qui</strong></span> <span class='ocrx_word' id='word_1_500' title='bbox 2859 2309 3011 2363; x_wconf 89' lang='lat' dir='ltr'><strong>dives</strong></span> <span class='ocrx_word' id='word_1_501' title='bbox 3036 2319 3119 2362; x_wconf 88' lang='lat' dir='ltr'><strong>est</strong></span> <span class='ocrx_word' id='word_1_502' title='bbox 3148 2309 3200 2359; x_wconf 93' lang='lat' dir='ltr'><strong>in</strong></span> <span class='ocrx_word' id='word_1_503' title='bbox 3233 2305 3399 2359; x_wconf 88' lang='lat' dir='ltr'><strong>verbo</strong></span> 
     </span>
    </p>
   </div>
   <div class='ocr_carea' id='block_1_69' title="bbox 1829 2395 3399 2477">
    <p class='ocr_par' dir='ltr' id='par_1_69' title="bbox 1829 2395 3399 2477">
     <span class='ocr_line' id='line_1_69' title="bbox 1829 2395 3399 2477; baseline -0.01 -12"><span class='ocrx_word' id='word_1_504' title='bbox 1829 2410 1920 2465; x_wconf 88' lang='lat' dir='ltr'><strong>Dei</strong></span> <span class='ocrx_word' id='word_1_505' title='bbox 1945 2421 1999 2464; x_wconf 87' lang='lat' dir='ltr'><strong>et</strong></span> <span class='ocrx_word' id='word_1_506' title='bbox 2040 2407 2266 2464; x_wconf 77' lang='lat' dir='ltr'><strong>scientia</strong></span> <span class='ocrx_word' id='word_1_507' title='bbox 2298 2404 2544 2461; x_wconf 86' lang='lat' dir='ltr'><strong>veritatis</strong></span> <span class='ocrx_word' id='word_1_508' title='bbox 2569 2444 2585 2468; x_wconf 92' lang='lat'><strong>,</strong></span> <span class='ocrx_word' id='word_1_509' title='bbox 2614 2404 2666 2477; x_wconf 84' lang='lat' dir='ltr'><strong>id</strong></span> <span class='ocrx_word' id='word_1_510' title='bbox 2700 2412 2782 2457; x_wconf 91' lang='lat' dir='ltr'><strong>est</strong></span> <span class='ocrx_word' id='word_1_511' title='bbox 2817 2401 2907 2471; x_wconf 87' lang='lat' dir='ltr'><strong>qui</strong></span> <span class='ocrx_word' id='word_1_512' title='bbox 2938 2399 3231 2455; x_wconf 82' lang='lat' dir='ltr'><strong>secundum</strong></span> <span class='ocrx_word' id='word_1_513' title='bbox 3262 2395 3399 2450; x_wconf 84' lang='lat' dir='ltr'><strong>Pau-</strong></span> 
     </span>
    </p>
   </div>
   <div class='ocr_carea' id='block_1_70' title="bbox 1827 2488 3398 2555">
    <p class='ocr_par' dir='ltr' id='par_1_70' title="bbox 1827 2488 3398 2555">
     <span class='ocr_line' id='line_1_70' title="bbox 1827 2488 3398 2555; baseline -0.01 -1"><span class='ocrx_word' id='word_1_514' title='bbox 1827 2500 1939 2555; x_wconf 88' lang='lat' dir='ltr'><strong>lum</strong></span> <span class='ocrx_word' id='word_1_515' title='bbox 1970 2499 2124 2552; x_wconf 89' lang='lat' dir='ltr'><strong>dives</strong></span> <span class='ocrx_word' id='word_1_516' title='bbox 2152 2505 2237 2551; x_wconf 92' lang='lat' dir='ltr'><strong>est</strong></span> <span class='ocrx_word' id='word_1_517' title='bbox 2291 2496 2343 2549; x_wconf 90' lang='lat' dir='ltr'><strong>in</strong></span> <span class='ocrx_word' id='word_1_518' title='bbox 2387 2493 2535 2549; x_wconf 89' lang='lat' dir='ltr'><strong>onmi</strong></span> <span class='ocrx_word' id='word_1_519' title='bbox 2568 2494 2731 2547; x_wconf 90' lang='lat' dir='ltr'><strong>verbo</strong></span> <span class='ocrx_word' id='word_1_520' title='bbox 2757 2501 2811 2546; x_wconf 91' lang='lat' dir='ltr'><strong>et</strong></span> <span class='ocrx_word' id='word_1_521' title='bbox 2858 2493 2909 2545; x_wconf 92' lang='lat' dir='ltr'><strong>in</strong></span> <span class='ocrx_word' id='word_1_522' title='bbox 2954 2489 3101 2543; x_wconf 87' lang='lat' dir='ltr'><strong>omni</strong></span> <span class='ocrx_word' id='word_1_523' title='bbox 3148 2488 3398 2550; x_wconf 87' lang='lat' dir='ltr'><strong>scientia,</strong></span> 
     </span>
    </p>
   </div>
   <div class='ocr_carea' id='block_1_71' title="bbox 1828 2577 3394 2652">
    <p class='ocr_par' dir='ltr' id='par_1_71' title="bbox 1828 2577 3394 2652">
     <span class='ocr_line' id='line_1_71' title="bbox 1828 2577 3394 2652; baseline -0.01 -4"><span class='ocrx_word' id='word_1_524' title='bbox 1828 2601 1884 2648; x_wconf 87' lang='lat' dir='ltr'><strong>et</strong></span> <span class='ocrx_word' id='word_1_525' title='bbox 1922 2590 2271 2646; x_wconf 86' lang='lat' dir='ltr'><strong>nihilominus</strong></span> <span class='ocrx_word' id='word_1_526' title='bbox 2323 2588 2473 2640; x_wconf 89' lang='lat' dir='ltr'><strong>dives</strong></span> <span class='ocrx_word' id='word_1_527' title='bbox 2529 2595 2615 2639; x_wconf 89' lang='lat' dir='ltr'><strong>est</strong></span> <span class='ocrx_word' id='word_1_528' title='bbox 2673 2586 2724 2637; x_wconf 91' lang='lat' dir='ltr'><strong>in</strong></span> <span class='ocrx_word' id='word_1_529' title='bbox 2782 2582 3043 2652; x_wconf 89' lang='lat' dir='ltr'><strong>nperibus</strong></span> <span class='ocrx_word' id='word_1_530' title='bbox 3102 2580 3278 2633; x_wconf 91' lang='lat' dir='ltr'><strong>bonis.</strong></span> <span class='ocrx_word' id='word_1_531' title='bbox 3333 2577 3394 2632; x_wconf 90' lang='lat' dir='ltr'><strong>Si</strong></span> 
     </span>
    </p>
   </div>
   <div class='ocr_carea' id='block_1_72' title="bbox 1828 2670 3398 2745">
    <p class='ocr_par' dir='ltr' id='par_1_72' title="bbox 1828 2670 3398 2745">
     <span class='ocr_line' id='line_1_72' title="bbox 1828 2670 3398 2745; baseline -0.01 -10"><span class='ocrx_word' id='word_1_532' title='bbox 1828 2688 2009 2735; x_wconf 82' lang='lat' dir='ltr'><strong>autent</strong></span> <span class='ocrx_word' id='word_1_533' title='bbox 2060 2679 2141 2732; x_wconf 87' lang='lat' dir='ltr'><strong>vis</strong></span> <span class='ocrx_word' id='word_1_534' title='bbox 2187 2678 2329 2732; x_wconf 88' lang='lat' dir='ltr'><strong>scire</strong></span> <span class='ocrx_word' id='word_1_535' title='bbox 2360 2676 2490 2745; x_wconf 92' lang='lat' dir='ltr'><strong>quid</strong></span> <span class='ocrx_word' id='word_1_536' title='bbox 2548 2682 2633 2727; x_wconf 89' lang='lat' dir='ltr'><strong>est</strong></span> <span class='ocrx_word' id='word_1_537' title='bbox 2693 2672 2915 2725; x_wconf 82' lang='lat' dir='ltr'><strong>divitem</strong></span> <span class='ocrx_word' id='word_1_538' title='bbox 2970 2685 3093 2724; x_wconf 90' lang='lat' dir='ltr'><strong>esse</strong></span> <span class='ocrx_word' id='word_1_539' title='bbox 3153 2670 3204 2722; x_wconf 91' lang='lat' dir='ltr'><strong>in</strong></span> <span class='ocrx_word' id='word_1_540' title='bbox 3252 2670 3398 2721; x_wconf 88' lang='lat' dir='ltr'><strong>onmi</strong></span> 
     </span>
    </p>
   </div>
   <div class='ocr_carea' id='block_1_73' title="bbox 1827 2761 3401 2835">
    <p class='ocr_par' dir='ltr' id='par_1_73' title="bbox 1827 2761 3401 2835">
     <span class='ocr_line' id='line_1_73' title="bbox 1827 2761 3401 2835; baseline -0.011 -7"><span class='ocrx_word' id='word_1_541' title='bbox 1827 2772 2018 2835; x_wconf 87' lang='lat' dir='ltr'><strong>verbo,</strong></span> <span class='ocrx_word' id='word_1_542' title='bbox 2049 2770 2290 2825; x_wconf 86' lang='lat' dir='ltr'><strong>breviter</strong></span> <span class='ocrx_word' id='word_1_543' title='bbox 2325 2776 2376 2821; x_wconf 90' lang='lat' dir='ltr'><strong>te</strong></span> <span class='ocrx_word' id='word_1_544' title='bbox 2410 2767 2632 2820; x_wconf 87' lang='lat' dir='ltr'><strong>docebo.</strong></span> <span class='ocrx_word' id='word_1_545' title='bbox 2664 2764 2841 2832; x_wconf 81' lang='lat' dir='ltr'><strong>Incipe</strong></span> <span class='ocrx_word' id='word_1_546' title='bbox 2871 2762 3145 2817; x_wconf 88' lang='lat' dir='ltr'><strong>discutere</strong></span> <span class='ocrx_word' id='word_1_547' title='bbox 3172 2775 3200 2812; x_wconf 93' lang='lat' dir='ltr'><strong>a</strong></span> <span class='ocrx_word' id='word_1_548' title='bbox 3226 2761 3401 2827; x_wconf 90' lang='lat' dir='ltr'><strong>primo</strong></span> 
     </span>
    </p>
   </div>
   <div class='ocr_carea' id='block_1_74' title="bbox 1828 2850 3400 2926">
    <p class='ocr_par' dir='ltr' id='par_1_74' title="bbox 1828 2850 3400 2926">
     <span class='ocr_line' id='line_1_74' title="bbox 1828 2850 3400 2926; baseline -0.01 -7"><span class='ocrx_word' id='word_1_549' title='bbox 1828 2865 1994 2920; x_wconf 80' lang='lat' dir='ltr'><strong>verbo</strong></span> <span class='ocrx_word' id='word_1_550' title='bbox 2017 2861 2310 2926; x_wconf 83' lang='lat' dir='ltr'><strong>Geueseos,</strong></span> <span class='ocrx_word' id='word_1_551' title='bbox 2357 2859 2483 2913; x_wconf 91' lang='lat' dir='ltr'><strong>inde</strong></span> <span class='ocrx_word' id='word_1_552' title='bbox 2522 2858 2573 2911; x_wconf 92' lang='lat' dir='ltr'><strong>in</strong></span> <span class='ocrx_word' id='word_1_553' title='bbox 2617 2856 2782 2910; x_wconf 87' lang='lat' dir='ltr'><strong>verbo</strong></span> <span class='ocrx_word' id='word_1_554' title='bbox 2816 2854 3009 2916; x_wconf 79' lang='lat' dir='ltr'><strong>Exodi.</strong></span> <span class='ocrx_word' id='word_1_555' title='bbox 3050 2861 3171 2922; x_wconf 88' lang='lat' dir='ltr'><strong>post</strong></span> <span class='ocrx_word' id='word_1_556' title='bbox 3201 2852 3313 2905; x_wconf 65' lang='lat' dir='ltr'><strong>haec</strong></span> <span class='ocrx_word' id='word_1_557' title='bbox 3347 2850 3400 2905; x_wconf 88' lang='lat' dir='ltr'><strong>in</strong></span> 
     </span>
    </p>
   </div>
   <div class='ocr_carea' id='block_1_75' title="bbox 1828 2944 3401 3018">
    <p class='ocr_par' dir='ltr' id='par_1_75' title="bbox 1828 2944 3401 3018">
     <span class='ocr_line' id='line_1_75' title="bbox 1828 2944 3401 3018; baseline -0.011 -5"><span class='ocrx_word' id='word_1_558' title='bbox 1828 2959 1997 3013; x_wconf 90' lang='lat' dir='ltr'><strong>verbo</strong></span> <span class='ocrx_word' id='word_1_559' title='bbox 2043 2955 2310 3018; x_wconf 88' lang='lat' dir='ltr'><strong>Levitici,</strong></span> <span class='ocrx_word' id='word_1_560' title='bbox 2374 2954 2428 3006; x_wconf 92' lang='lat' dir='ltr'><strong>in</strong></span> <span class='ocrx_word' id='word_1_561' title='bbox 2492 2950 2787 3015; x_wconf 81' lang='lat' dir='ltr'><strong>Numeris,</strong></span> <span class='ocrx_word' id='word_1_562' title='bbox 2857 2948 2910 3003; x_wconf 90' lang='lat' dir='ltr'><strong>in</strong></span> <span class='ocrx_word' id='word_1_563' title='bbox 2953 2944 3401 3005; x_wconf 79' lang='lat' dir='ltr'><strong>Deuteronomio,</strong></span> 
     </span>
    </p>
   </div>
   <div class='ocr_carea' id='block_1_76' title="bbox 1828 3037 3401 3107">
    <p class='ocr_par' dir='ltr' id='par_1_76' title="bbox 1828 3037 3401 3107">
     <span class='ocr_line' id='line_1_76' title="bbox 1828 3037 3401 3107; baseline -0.011 0"><span class='ocrx_word' id='word_1_564' title='bbox 1828 3052 2035 3107; x_wconf 88' lang='lat' dir='ltr'><strong>ditesce</strong></span> <span class='ocrx_word' id='word_1_565' title='bbox 2086 3048 2153 3104; x_wconf 91' lang='lat' dir='ltr'><strong>de</strong></span> <span class='ocrx_word' id='word_1_566' title='bbox 2188 3045 2317 3101; x_wconf 70' lang='lat' dir='ltr'><strong>Iesu</strong></span> <span class='ocrx_word' id='word_1_567' title='bbox 2347 3044 2537 3107; x_wconf 78' lang='lat' dir='ltr'><strong>.Nave,</strong></span> <span class='ocrx_word' id='word_1_568' title='bbox 2570 3044 2776 3096; x_wconf 87' lang='lat' dir='ltr'><strong>ditesce</strong></span> <span class='ocrx_word' id='word_1_569' title='bbox 2831 3042 2899 3094; x_wconf 92' lang='lat' dir='ltr'><strong>de</strong></span> <span class='ocrx_word' id='word_1_570' title='bbox 2947 3041 3199 3093; x_wconf 90' lang='lat' dir='ltr'><strong>omnibus</strong></span> <span class='ocrx_word' id='word_1_571' title='bbox 3244 3037 3401 3091; x_wconf 85' lang='lat' dir='ltr'><strong>simul</strong></span> 
     </span>
    </p>
   </div>
   <div class='ocr_carea' id='block_1_77' title="bbox 1819 3129 3401 3214">
    <p class='ocr_par' dir='ltr' id='par_1_77' title="bbox 1819 3129 3401 3214">
     <span class='ocr_line' id='line_1_77' title="bbox 1819 3129 3401 3214; baseline -0.01 -17"><span class='ocrx_word' id='word_1_572' title='bbox 1819 3142 2115 3214; x_wconf 88' lang='lat' dir='ltr'><strong>judicibns,</strong></span> <span class='ocrx_word' id='word_1_573' title='bbox 2160 3149 2216 3194; x_wconf 91' lang='lat' dir='ltr'><strong>et</strong></span> <span class='ocrx_word' id='word_1_574' title='bbox 2240 3139 2352 3208; x_wconf 84' lang='lat' dir='ltr'><strong>jam</strong></span> <span class='ocrx_word' id='word_1_575' title='bbox 2388 3136 2512 3189; x_wconf 90' lang='lat' dir='ltr'><strong>inde</strong></span> <span class='ocrx_word' id='word_1_576' title='bbox 2546 3148 2642 3200; x_wconf 83' lang='lat' dir='ltr'><strong>per</strong></span> <span class='ocrx_word' id='word_1_577' title='bbox 2687 3132 3130 3200; x_wconf 89' lang='lat' dir='ltr'><strong>consequentiam</strong></span> <span class='ocrx_word' id='word_1_578' title='bbox 3179 3131 3244 3183; x_wconf 87' lang='lat' dir='ltr'><strong>de</strong></span> <span class='ocrx_word' id='word_1_579' title='bbox 3287 3129 3401 3182; x_wconf 51' lang='lat' dir='ltr'><strong>sin.</strong></span> 
     </span>
    </p>
   </div>
   <div class='ocr_carea' id='block_1_78' title="bbox 1824 3222 3403 3306">
    <p class='ocr_par' dir='ltr' id='par_1_78' title="bbox 1824 3222 3403 3306">
     <span class='ocr_line' id='line_1_78' title="bbox 1824 3222 3403 3306; baseline -0.008 -16"><span class='ocrx_word' id='word_1_580' title='bbox 1824 3236 1963 3306; x_wconf 87' lang='lat' dir='ltr'><strong>gulis</strong></span> <span class='ocrx_word' id='word_1_581' title='bbox 1989 3234 2291 3300; x_wconf 86' lang='lat' dir='ltr'><strong>quibusque</strong></span> <span class='ocrx_word' id='word_1_582' title='bbox 2333 3230 2627 3297; x_wconf 64' lang='lat' dir='ltr'><strong>Scriptura;</strong></span> <span class='ocrx_word' id='word_1_583' title='bbox 2678 3224 2874 3278; x_wconf 67' lang='lat' dir='ltr'><strong>divina:</strong></span> <span class='ocrx_word' id='word_1_584' title='bbox 2921 3222 3073 3276; x_wconf 91' lang='lat' dir='ltr'><strong>libris</strong></span> <span class='ocrx_word' id='word_1_585' title='bbox 3120 3236 3403 3291; x_wconf 87' lang='lat' dir='ltr'><strong>usquequo</strong></span> 
     </span>
    </p>
   </div>
   <div class='ocr_carea' id='block_1_79' title="bbox 1824 3313 3400 3397">
    <p class='ocr_par' dir='ltr' id='par_1_79' title="bbox 1824 3313 3400 3397">
     <span class='ocr_line' id='line_1_79' title="bbox 1824 3313 3400 3397; baseline -0.01 -14"><span class='ocrx_word' id='word_1_586' title='bbox 1824 3325 2109 3397; x_wconf 86' lang='lat' dir='ltr'><strong>pervenias</strong></span> <span class='ocrx_word' id='word_1_587' title='bbox 2144 3324 2208 3377; x_wconf 89' lang='lat' dir='ltr'><strong>ad</strong></span> <span class='ocrx_word' id='word_1_588' title='bbox 2257 3319 2603 3389; x_wconf 83' lang='lat' dir='ltr'><strong>evaugelicas</strong></span> <span class='ocrx_word' id='word_1_589' title='bbox 2658 3314 3099 3385; x_wconf 88' lang='lat' dir='ltr'><strong>apostolicasque</strong></span> <span class='ocrx_word' id='word_1_590' title='bbox 3158 3313 3400 3367; x_wconf 85' lang='lat' dir='ltr'><strong>divitias.</strong></span> 
     </span>
    </p>
   </div>
   <div class='ocr_carea' id='block_1_80' title="bbox 1828 3402 3401 3476">
    <p class='ocr_par' dir='ltr' id='par_1_80' title="bbox 1828 3402 3401 3476">
     <span class='ocr_line' id='line_1_80' title="bbox 1828 3402 3401 3476; baseline -0.012 -4"><span class='ocrx_word' id='word_1_591' title='bbox 1828 3417 1959 3472; x_wconf 80' lang='lat' dir='ltr'><strong>Nam</strong></span> <span class='ocrx_word' id='word_1_592' title='bbox 1999 3414 2148 3470; x_wconf 87' lang='lat' dir='ltr'><strong>verbi</strong></span> <span class='ocrx_word' id='word_1_593' title='bbox 2192 3427 2378 3476; x_wconf 90' lang='lat' dir='ltr'><strong>causa,</strong></span> <span class='ocrx_word' id='word_1_594' title='bbox 2431 3411 2473 3465; x_wconf 91' lang='lat' dir='ltr'><strong>si</strong></span> <span class='ocrx_word' id='word_1_595' title='bbox 2522 3406 2642 3475; x_wconf 90' lang='lat' dir='ltr'><strong>quis</strong></span> <span class='ocrx_word' id='word_1_596' title='bbox 2702 3406 2791 3459; x_wconf 90' lang='lat' dir='ltr'><strong>uni</strong></span> <span class='ocrx_word' id='word_1_597' title='bbox 2848 3405 3012 3458; x_wconf 86' lang='lat' dir='ltr'><strong>verbo</strong></span> <span class='ocrx_word' id='word_1_598' title='bbox 3067 3402 3401 3456; x_wconf 84' lang='lat' dir='ltr'><strong>l’sahnorum</strong></span> 
     </span>
    </p>
   </div>
   <div class='ocr_carea' id='block_1_81' title="bbox 1828 3494 3403 3579">
    <p class='ocr_par' dir='ltr' id='par_1_81' title="bbox 1828 3494 3403 3579">
     <span class='ocr_line' id='line_1_81' title="bbox 1828 3494 3403 3579; baseline -0.013 -14"><span class='ocrx_word' id='word_1_599' title='bbox 1828 3523 2049 3579; x_wconf 88' lang='lat' dir='ltr'><strong>operam</strong></span> <span class='ocrx_word' id='word_1_600' title='bbox 2074 3505 2303 3568; x_wconf 89' lang='lat' dir='ltr'><strong>dederit,</strong></span> <span class='ocrx_word' id='word_1_601' title='bbox 2342 3513 2399 3561; x_wconf 54' lang='lat' dir='ltr'><strong>et,</strong></span> <span class='ocrx_word' id='word_1_602' title='bbox 2421 3503 2686 3570; x_wconf 81' lang='lat' dir='ltr'><strong>integrum</strong></span> <span class='ocrx_word' id='word_1_603' title='bbox 2723 3496 3035 3568; x_wconf 84' lang='lat' dir='ltr'><strong>psalterium</strong></span> <span class='ocrx_word' id='word_1_604' title='bbox 3066 3510 3185 3547; x_wconf 88' lang='lat' dir='ltr'><strong>cmn</strong></span> <span class='ocrx_word' id='word_1_605' title='bbox 3218 3494 3403 3545; x_wconf 84' lang='lat' dir='ltr'><strong>volue-</strong></span> 
     </span>
    </p>
   </div>
   <div class='ocr_carea' id='block_1_82' title="bbox 1827 3582 3402 3664">
    <p class='ocr_par' dir='ltr' id='par_1_82' title="bbox 1827 3582 3402 3664">
     <span class='ocr_line' id='line_1_82' title="bbox 1827 3582 3402 3664; baseline -0.015 -9"><span class='ocrx_word' id='word_1_606' title='bbox 1827 3601 1899 3655; x_wconf 88' lang='lat' dir='ltr'><strong>rit</strong></span> <span class='ocrx_word' id='word_1_607' title='bbox 1932 3599 2101 3664; x_wconf 87' lang='lat' dir='ltr'><strong>canit,</strong></span> <span class='ocrx_word' id='word_1_608' title='bbox 2140 3597 2291 3651; x_wconf 87' lang='lat' dir='ltr'><strong>dives</strong></span> <span class='ocrx_word' id='word_1_609' title='bbox 2325 3602 2406 3648; x_wconf 87' lang='lat' dir='ltr'><strong>est</strong></span> <span class='ocrx_word' id='word_1_610' title='bbox 2436 3593 2689 3661; x_wconf 90' lang='lat' dir='ltr'><strong>quidem,</strong></span> <span class='ocrx_word' id='word_1_611' title='bbox 2720 3588 2813 3643; x_wconf 88' lang='lat' dir='ltr'><strong>sed</strong></span> <span class='ocrx_word' id='word_1_612' title='bbox 2841 3602 2946 3640; x_wconf 90' lang='lat' dir='ltr'><strong>non</strong></span> <span class='ocrx_word' id='word_1_613' title='bbox 2974 3585 3025 3638; x_wconf 93' lang='lat' dir='ltr'><strong>in</strong></span> <span class='ocrx_word' id='word_1_614' title='bbox 3052 3582 3199 3638; x_wconf 92' lang='lat' dir='ltr'><strong>omni</strong></span> <span class='ocrx_word' id='word_1_615' title='bbox 3239 3584 3402 3635; x_wconf 79' lang='lat' dir='ltr'><strong>verba</strong></span> 
     </span>
    </p>
   </div>
   <div class='ocr_carea' id='block_1_83' title="bbox 1828 3674 3404 3762">
    <p class='ocr_par' dir='ltr' id='par_1_83' title="bbox 1828 3674 3404 3762">
     <span class='ocr_line' id='line_1_83' title="bbox 1828 3674 3404 3762; baseline -0.015 -14"><span class='ocrx_word' id='word_1_616' title='bbox 1828 3703 1993 3762; x_wconf 88' lang='lat' dir='ltr'><strong>atque</strong></span> <span class='ocrx_word' id='word_1_617' title='bbox 2015 3690 2161 3744; x_wconf 90' lang='lat' dir='ltr'><strong>onmi</strong></span> <span class='ocrx_word' id='word_1_618' title='bbox 2214 3687 2473 3751; x_wconf 89' lang='lat' dir='ltr'><strong>scientia,</strong></span> <span class='ocrx_word' id='word_1_619' title='bbox 2511 3684 2603 3739; x_wconf 90' lang='lat' dir='ltr'><strong>sed</strong></span> <span class='ocrx_word' id='word_1_620' title='bbox 2634 3692 2715 3737; x_wconf 84' lang='lat' dir='ltr'><strong>cst</strong></span> <span class='ocrx_word' id='word_1_621' title='bbox 2745 3680 2900 3733; x_wconf 88' lang='lat' dir='ltr'><strong>dives</strong></span> <span class='ocrx_word' id='word_1_622' title='bbox 2956 3678 3008 3730; x_wconf 93' lang='lat' dir='ltr'><strong>in</strong></span> <span class='ocrx_word' id='word_1_623' title='bbox 3067 3674 3183 3729; x_wconf 82' lang='lat' dir='ltr'><strong>solo</strong></span> <span class='ocrx_word' id='word_1_624' title='bbox 3238 3674 3404 3727; x_wconf 86' lang='lat' dir='ltr'><strong>verbo</strong></span> 
     </span>
    </p>
   </div>
   <div class='ocr_carea' id='block_1_84' title="bbox 1827 3765 3404 3846">
    <p class='ocr_par' dir='ltr' id='par_1_84' title="bbox 1827 3765 3404 3846">
     <span class='ocr_line' id='line_1_84' title="bbox 1827 3765 3404 3846; baseline -0.016 -6"><span class='ocrx_word' id='word_1_625' title='bbox 1827 3783 2099 3839; x_wconf 80' lang='lat' dir='ltr'><strong>Psalterii.</strong></span> <span class='ocrx_word' id='word_1_626' title='bbox 2146 3779 2241 3833; x_wconf 83' lang='lat' dir='ltr'><strong>Vel</strong></span> <span class='ocrx_word' id='word_1_627' title='bbox 2280 3778 2323 3833; x_wconf 91' lang='lat' dir='ltr'><strong>si</strong></span> <span class='ocrx_word' id='word_1_628' title='bbox 2373 3779 2493 3846; x_wconf 89' lang='lat' dir='ltr'><strong>quis</strong></span> <span class='ocrx_word' id='word_1_629' title='bbox 2520 3772 2844 3843; x_wconf 68' lang='lat' dir='ltr'><strong>evangelica:</strong></span> <span class='ocrx_word' id='word_1_630' title='bbox 2893 3779 3053 3837; x_wconf 83' lang='lat' dir='ltr'><strong>atque</strong></span> <span class='ocrx_word' id='word_1_631' title='bbox 3094 3765 3404 3835; x_wconf 80' lang='lat' dir='ltr'><strong>apostolica:</strong></span> 
     </span>
    </p>
   </div>
   <div class='ocr_carea' id='block_1_85' title="bbox 1827 3852 3404 3932">
    <p class='ocr_par' dir='ltr' id='par_1_85' title="bbox 1827 3852 3404 3932">
     <span class='ocr_line' id='line_1_85' title="bbox 1827 3852 3404 3932; baseline -0.016 -2"><span class='ocrx_word' id='word_1_632' title='bbox 1827 3874 2049 3932; x_wconf 90' lang='lat' dir='ltr'><strong>lectioni</strong></span> <span class='ocrx_word' id='word_1_633' title='bbox 2077 3871 2312 3927; x_wconf 83' lang='lat' dir='ltr'><strong>sttulium</strong></span> <span class='ocrx_word' id='word_1_634' title='bbox 2347 3868 2570 3930; x_wconf 86' lang='lat' dir='ltr'><strong>tribuat,</strong></span> <span class='ocrx_word' id='word_1_635' title='bbox 2601 3866 2727 3918; x_wconf 91' lang='lat' dir='ltr'><strong>etin</strong></span> <span class='ocrx_word' id='word_1_636' title='bbox 2760 3858 3033 3916; x_wconf 87' lang='lat' dir='ltr'><strong>mandatis</strong></span> <span class='ocrx_word' id='word_1_637' title='bbox 3059 3855 3188 3909; x_wconf 84' lang='lat' dir='ltr'><strong>Novi</strong></span> <span class='ocrx_word' id='word_1_638' title='bbox 3214 3852 3404 3907; x_wconf 87' lang='lat' dir='ltr'><strong>Testa-</strong></span> 
     </span>
    </p>
   </div>
   <div class='ocr_carea' id='block_1_86' title="bbox 1830 3944 3403 4029">
    <p class='ocr_par' dir='ltr' id='par_1_86' title="bbox 1830 3944 3403 4029">
     <span class='ocr_line' id='line_1_86' title="bbox 1830 3944 3403 4029; baseline -0.017 -8"><span class='ocrx_word' id='word_1_639' title='bbox 1830 3966 1999 4021; x_wconf 91' lang='lat' dir='ltr'><strong>menti</strong></span> <span class='ocrx_word' id='word_1_640' title='bbox 2033 3962 2387 4029; x_wconf 87' lang='lat' dir='ltr'><strong>semetipsum</strong></span> <span class='ocrx_word' id='word_1_641' title='bbox 2423 3967 2707 4019; x_wconf 81' lang='lat' dir='ltr'><strong>exerceat,</strong></span> <span class='ocrx_word' id='word_1_642' title='bbox 2740 3954 2891 4007; x_wconf 85' lang='lat' dir='ltr'><strong>dives</strong></span> <span class='ocrx_word' id='word_1_643' title='bbox 2928 3960 3013 4004; x_wconf 90' lang='lat' dir='ltr'><strong>est</strong></span> <span class='ocrx_word' id='word_1_644' title='bbox 3043 3956 3096 4001; x_wconf 89' lang='lat' dir='ltr'><strong>et</strong></span> <span class='ocrx_word' id='word_1_645' title='bbox 3139 3947 3225 3999; x_wconf 92' lang='lat' dir='ltr'><strong>hic</strong></span> <span class='ocrx_word' id='word_1_646' title='bbox 3250 3984 3264 4007; x_wconf 90' lang='lat'><strong>,</strong></span> <span class='ocrx_word' id='word_1_647' title='bbox 3310 3944 3403 3997; x_wconf 87' lang='lat' dir='ltr'><strong>sed</strong></span> 
     </span>
    </p>
   </div>
   <div class='ocr_carea' id='block_1_87' title="bbox 1831 4044 3405 4116">
    <p class='ocr_par' dir='ltr' id='par_1_87' title="bbox 1831 4044 3405 4116">
     <span class='ocr_line' id='line_1_87' title="bbox 1831 4044 3405 4116; baseline -0.017 -2"><span class='ocrx_word' id='word_1_648' title='bbox 1831 4076 1938 4114; x_wconf 90' lang='lat' dir='ltr'><strong>non</strong></span> <span class='ocrx_word' id='word_1_649' title='bbox 1998 4059 2051 4111; x_wconf 92' lang='lat' dir='ltr'><strong>in</strong></span> <span class='ocrx_word' id='word_1_650' title='bbox 2111 4054 2259 4110; x_wconf 91' lang='lat' dir='ltr'><strong>omni</strong></span> <span class='ocrx_word' id='word_1_651' title='bbox 2322 4051 2511 4116; x_wconf 87' lang='lat' dir='ltr'><strong>verbo,</strong></span> <span class='ocrx_word' id='word_1_652' title='bbox 2570 4050 2670 4103; x_wconf 90' lang='lat' dir='ltr'><strong>nisi</strong></span> <span class='ocrx_word' id='word_1_653' title='bbox 2728 4044 3038 4114; x_wconf 85' lang='lat' dir='ltr'><strong>evangelica</strong></span> <span class='ocrx_word' id='word_1_654' title='bbox 3099 4047 3303 4092; x_wconf 86' lang='lat' dir='ltr'><strong>tantum</strong></span> <span class='ocrx_word' id='word_1_655' title='bbox 3352 4045 3405 4089; x_wconf 91' lang='lat' dir='ltr'><strong>ct</strong></span> 
     </span>
    </p>
   </div>
   <div class='ocr_carea' id='block_1_88' title="bbox 1830 4130 3406 4221">
    <p class='ocr_par' dir='ltr' id='par_1_88' title="bbox 1830 4130 3406 4221">
     <span class='ocr_line' id='line_1_88' title="bbox 1830 4130 3406 4221; baseline -0.016 -15"><span class='ocrx_word' id='word_1_656' title='bbox 1830 4149 2152 4221; x_wconf 78' lang='lat' dir='ltr'><strong>apostolico.</strong></span> <span class='ocrx_word' id='word_1_657' title='bbox 2188 4147 2245 4201; x_wconf 92' lang='lat' dir='ltr'><strong>Si</strong></span> <span class='ocrx_word' id='word_1_658' title='bbox 2272 4161 2399 4198; x_wconf 87' lang='lat' dir='ltr'><strong>vero</strong></span> <span class='ocrx_word' id='word_1_659' title='bbox 2424 4141 2661 4214; x_wconf 90' lang='lat' dir='ltr'><strong>potuerit</strong></span> <span class='ocrx_word' id='word_1_660' title='bbox 2684 4139 2887 4191; x_wconf 76' lang='lat' dir='ltr'><strong>Nomm</strong></span> <span class='ocrx_word' id='word_1_661' title='bbox 2920 4150 2983 4188; x_wconf 90' lang='lat' dir='ltr'><strong>ac</strong></span> <span class='ocrx_word' id='word_1_662' title='bbox 3014 4132 3179 4185; x_wconf 77' lang='lat' dir='ltr'><strong>Vetus</strong></span> <span class='ocrx_word' id='word_1_663' title='bbox 3215 4130 3406 4183; x_wconf 87' lang='lat' dir='ltr'><strong>Testa-</strong></span> 
     </span>
    </p>
   </div>
   <div class='ocr_carea' id='block_1_89' title="bbox 1834 4220 3405 4310">
    <p class='ocr_par' dir='ltr' id='par_1_89' title="bbox 1834 4220 3405 4310">
     <span class='ocr_line' id='line_1_89' title="bbox 1834 4220 3405 4310; baseline -0.015 -13"><span class='ocrx_word' id='word_1_664' title='bbox 1834 4220 2071 4298; x_wconf 87' lang='lat' dir='ltr'><strong>mentum</strong></span> <span class='ocrx_word' id='word_1_665' title='bbox 2104 4238 2220 4310; x_wconf 90' lang='lat' dir='ltr'><strong>pari</strong></span> <span class='ocrx_word' id='word_1_666' title='bbox 2263 4236 2445 4292; x_wconf 88' lang='lat' dir='ltr'><strong>studio</strong></span> <span class='ocrx_word' id='word_1_667' title='bbox 2480 4235 2746 4295; x_wconf 87' lang='lat' dir='ltr'><strong>ediscere,</strong></span> <span class='ocrx_word' id='word_1_668' title='bbox 2781 4241 2944 4296; x_wconf 87' lang='lat' dir='ltr'><strong>atque</strong></span> <span class='ocrx_word' id='word_1_669' title='bbox 2988 4242 3052 4279; x_wconf 81' lang='lat' dir='ltr'><strong>ex</strong></span> <span class='ocrx_word' id='word_1_670' title='bbox 3096 4222 3241 4276; x_wconf 88' lang='lat' dir='ltr'><strong>oumi</strong></span> <span class='ocrx_word' id='word_1_671' title='bbox 3289 4220 3405 4287; x_wconf 86' lang='lat' dir='ltr'><strong>ejus</strong></span> 
     </span>
    </p>
   </div>
   <div class='ocr_carea' id='block_1_90' title="bbox 1830 4313 3401 4395">
    <p class='ocr_par' dir='ltr' id='par_1_90' title="bbox 1830 4313 3401 4395">
     <span class='ocr_line' id='line_1_90' title="bbox 1830 4313 3401 4395; baseline -0.016 -4"><span class='ocrx_word' id='word_1_672' title='bbox 1830 4335 2138 4391; x_wconf 89' lang='lat' dir='ltr'><strong>eruditione</strong></span> <span class='ocrx_word' id='word_1_673' title='bbox 2181 4329 2401 4393; x_wconf 83' lang='lat' dir='ltr'><strong>instrui,</strong></span> <span class='ocrx_word' id='word_1_674' title='bbox 2434 4328 2508 4381; x_wconf 91' lang='lat' dir='ltr'><strong>ita</strong></span> <span class='ocrx_word' id='word_1_675' title='bbox 2542 4334 2602 4381; x_wconf 91' lang='lat' dir='ltr'><strong>ut</strong></span> <span class='ocrx_word' id='word_1_676' title='bbox 2629 4340 2755 4395; x_wconf 87' lang='lat' dir='ltr'><strong>para</strong></span> <span class='ocrx_word' id='word_1_677' title='bbox 2770 4332 2853 4376; x_wconf 82' lang='lat' dir='ltr'><strong>tus</strong></span> <span class='ocrx_word' id='word_1_678' title='bbox 2883 4320 2953 4373; x_wconf 91' lang='lat' dir='ltr'><strong>sit</strong></span> <span class='ocrx_word' id='word_1_679' title='bbox 2982 4316 3206 4371; x_wconf 89' lang='lat' dir='ltr'><strong>reddere</strong></span> <span class='ocrx_word' id='word_1_680' title='bbox 3234 4313 3401 4368; x_wconf 85' lang='lat' dir='ltr'><strong>ratio-</strong></span> 
     </span>
    </p>
   </div>
   <div class='ocr_carea' id='block_1_91' title="bbox 158 4409 3407 4509">
    <p class='ocr_par' dir='ltr' id='par_1_91' title="bbox 158 4409 3407 4509">
     <span class='ocr_line' id='line_1_91' title="bbox 158 4409 3407 4509; baseline -0.006 -35"><span class='ocrx_word' id='word_1_681' title='bbox 158 4422 362 4491; x_wconf 82' lang='lat' dir='ltr'><strong>apcrire</strong></span> <span class='ocrx_word' id='word_1_682' title='bbox 409 4438 472 4477; x_wconf 89' lang='lat' dir='ltr'><strong>os</strong></span> <span class='ocrx_word' id='word_1_683' title='bbox 526 4440 708 4487; x_wconf 86' lang='lat' dir='ltr'><strong>suum,</strong></span> <span class='ocrx_word' id='word_1_684' title='bbox 757 4444 822 4481; x_wconf 87' lang='lat' dir='ltr'><strong>ne</strong></span> <span class='ocrx_word' id='word_1_685' title='bbox 872 4428 1010 4483; x_wconf 80' lang='lat' dir='ltr'><strong>forte</strong></span> <span class='ocrx_word' id='word_1_686' title='bbox 1041 4445 1221 4483; x_wconf 88' lang='lat' dir='ltr'><strong>sermo</strong></span> <span class='ocrx_word' id='word_1_687' title='bbox 1268 4432 1440 4485; x_wconf 88' lang='lat' dir='ltr'><strong>malus</strong></span> <span class='ocrx_word' id='word_1_688' title='bbox 1471 4433 1727 4500; x_wconf 86' lang='lat' dir='ltr'><strong>procedat</strong></span> <span class='ocrx_word' id='word_1_689' title='bbox 1757 4456 1801 4509; x_wconf 75' lang='grc' dir='ltr'><strong>Ι)</strong></span> <span class='ocrx_word' id='word_1_690' title='bbox 1834 4444 1953 4481; x_wconf 88' lang='lat' dir='ltr'><strong>ttetn</strong></span> <span class='ocrx_word' id='word_1_691' title='bbox 1999 4425 2067 4478; x_wconf 90' lang='lat' dir='ltr'><strong>de</strong></span> <span class='ocrx_word' id='word_1_692' title='bbox 2098 4420 2327 4490; x_wconf 88' lang='lat' dir='ltr'><strong>singulis</strong></span> <span class='ocrx_word' id='word_1_693' title='bbox 2380 4417 2684 4487; x_wconf 85' lang='lat' dir='ltr'><strong>quibusque</strong></span> <span class='ocrx_word' id='word_1_694' title='bbox 2727 4426 2847 4482; x_wconf 71' lang='lat' dir='ltr'><strong>qua:</strong></span> <span class='ocrx_word' id='word_1_695' title='bbox 2899 4409 3099 4477; x_wconf 89' lang='lat' dir='ltr'><strong>scripta</strong></span> <span class='ocrx_word' id='word_1_696' title='bbox 3150 4414 3295 4469; x_wconf 88' lang='lat' dir='ltr'><strong>sunt,</strong></span> <span class='ocrx_word' id='word_1_697' title='bbox 3354 4414 3407 4456; x_wconf 89' lang='lat' dir='ltr'><strong>et</strong></span> 
     </span>
    </p>
   </div>
   <div class='ocr_carea' id='block_1_92' title="bbox 160 4513 1727 4584">
    <p class='ocr_par' dir='ltr' id='par_1_92' title="bbox 160 4513 1727 4584">
     <span class='ocr_line' id='line_1_92' title="bbox 160 4513 1727 4584; baseline 0.007 -19"><span class='ocrx_word' id='word_1_698' title='bbox 160 4513 224 4567; x_wconf 83' lang='lat' dir='ltr'><strong>tle</strong></span> <span class='ocrx_word' id='word_1_699' title='bbox 261 4529 350 4568; x_wconf 88' lang='lat' dir='ltr'><strong>ore</strong></span> <span class='ocrx_word' id='word_1_700' title='bbox 382 4515 525 4584; x_wconf 85' lang='lat' dir='ltr'><strong>ejus,</strong></span> <span class='ocrx_word' id='word_1_701' title='bbox 573 4525 627 4568; x_wconf 87' lang='lat' dir='ltr'><strong>cl</strong></span> <span class='ocrx_word' id='word_1_702' title='bbox 673 4518 923 4572; x_wconf 84' lang='lat' dir='ltr'><strong>observat</strong></span> <span class='ocrx_word' id='word_1_703' title='bbox 970 4525 1133 4574; x_wconf 85' lang='lat' dir='ltr'><strong>etiam</strong></span> <span class='ocrx_word' id='word_1_704' title='bbox 1170 4522 1222 4574; x_wconf 87' lang='lat' dir='ltr'><strong>in</strong></span> <span class='ocrx_word' id='word_1_705' title='bbox 1270 4524 1496 4577; x_wconf 91' lang='lat' dir='ltr'><strong>minimo</strong></span> <span class='ocrx_word' id='word_1_706' title='bbox 1556 4524 1727 4576; x_wconf 85' lang='lat' dir='ltr'><strong>delin-</strong></span> 
     </span>
    </p>
   </div>
   <div class='ocr_carea' id='block_1_93' title="bbox 161 4606 1729 4683">
    <p class='ocr_par' dir='ltr' id='par_1_93' title="bbox 161 4606 1729 4683">
     <span class='ocr_line' id='line_1_93' title="bbox 161 4606 1729 4683; baseline 0.008 -28"><span class='ocrx_word' id='word_1_707' title='bbox 161 4619 339 4671; x_wconf 87' lang='lat' dir='ltr'><strong>quere.</strong></span> <span class='ocrx_word' id='word_1_708' title='bbox 391 4621 419 4659; x_wconf 90' lang='lat' dir='ltr'><strong>a</strong></span> <span class='ocrx_word' id='word_1_709' title='bbox 469 4606 668 4677; x_wconf 88' lang='lat' dir='ltr'><strong>quibus</strong></span> <span class='ocrx_word' id='word_1_710' title='bbox 716 4610 1012 4663; x_wconf 88' lang='lat' dir='ltr'><strong>observare</strong></span> <span class='ocrx_word' id='word_1_711' title='bbox 1050 4628 1107 4665; x_wconf 89' lang='lat' dir='ltr'><strong>se</strong></span> <span class='ocrx_word' id='word_1_712' title='bbox 1150 4628 1253 4666; x_wconf 84' lang='lat' dir='ltr'><strong>non</strong></span> <span class='ocrx_word' id='word_1_713' title='bbox 1299 4625 1472 4682; x_wconf 82' lang='lat' dir='ltr'><strong>potest</strong></span> <span class='ocrx_word' id='word_1_714' title='bbox 1522 4614 1609 4667; x_wconf 91' lang='lat' dir='ltr'><strong>ille</strong></span> <span class='ocrx_word' id='word_1_715' title='bbox 1636 4616 1729 4683; x_wconf 90' lang='lat' dir='ltr'><strong>qui</strong></span> 
     </span>
    </p>
   </div>
   <div class='ocr_carea' id='block_1_94' title="bbox 163 4698 1728 4777">
    <p class='ocr_par' dir='ltr' id='par_1_94' title="bbox 163 4698 1728 4777">
     <span class='ocr_line' id='line_1_94' title="bbox 163 4698 1728 4777; baseline 0.009 -27"><span class='ocrx_word' id='word_1_716' title='bbox 163 4698 301 4750; x_wconf 81' lang='lat' dir='ltr'><strong>dives</strong></span> <span class='ocrx_word' id='word_1_717' title='bbox 334 4709 414 4751; x_wconf 67' lang='lat' dir='ltr'><strong>est</strong></span> <span class='ocrx_word' id='word_1_718' title='bbox 463 4699 514 4752; x_wconf 92' lang='lat' dir='ltr'><strong>in</strong></span> <span class='ocrx_word' id='word_1_719' title='bbox 550 4699 705 4768; x_wconf 88' lang='lat' dir='ltr'><strong>hujus</strong></span> <span class='ocrx_word' id='word_1_720' title='bbox 736 4702 919 4755; x_wconf 89' lang='lat' dir='ltr'><strong>mundi</strong></span> <span class='ocrx_word' id='word_1_721' title='bbox 961 4704 1247 4772; x_wconf 87' lang='lat' dir='ltr'><strong>sapientia.</strong></span> <span class='ocrx_word' id='word_1_722' title='bbox 1290 4706 1398 4761; x_wconf 85' lang='lat' dir='ltr'><strong>llos</strong></span> <span class='ocrx_word' id='word_1_723' title='bbox 1439 4710 1601 4777; x_wconf 86' lang='lat' dir='ltr'><strong>igitur</strong></span> <span class='ocrx_word' id='word_1_724' title='bbox 1626 4711 1728 4763; x_wconf 91' lang='lat' dir='ltr'><strong>sibi</strong></span> 
     </span>
    </p>
   </div>
   <div class='ocr_carea' id='block_1_95' title="bbox 164 4786 1728 4853">
    <p class='ocr_par' dir='ltr' id='par_1_95' title="bbox 164 4786 1728 4853">
     <span class='ocr_line' id='line_1_95' title="bbox 164 4786 1728 4853; baseline 0.01 -14"><span class='ocrx_word' id='word_1_725' title='bbox 164 4786 433 4842; x_wconf 79' lang='lat' dir='ltr'><strong>conferens</strong></span> <span class='ocrx_word' id='word_1_726' title='bbox 461 4804 640 4843; x_wconf 85' lang='lat' dir='ltr'><strong>sermo</strong></span> <span class='ocrx_word' id='word_1_727' title='bbox 671 4793 885 4846; x_wconf 88' lang='lat' dir='ltr'><strong>divinus</strong></span> <span class='ocrx_word' id='word_1_728' title='bbox 914 4794 989 4847; x_wconf 87' lang='lat' dir='ltr'><strong>ait</strong></span> <span class='ocrx_word' id='word_1_729' title='bbox 1013 4796 1058 4825; x_wconf 72' lang='grc'>³⁵</span> <span class='ocrx_word' id='word_1_730' title='bbox 1096 4813 1107 4847; x_wconf 90' lang='lat'><strong>:</strong></span> <span class='ocrx_word' id='word_1_731' title='bbox 1149 4795 1338 4851; x_wconf 75' lang='lat' dir='ltr'><strong>Melius</strong></span> <span class='ocrx_word' id='word_1_732' title='bbox 1361 4809 1437 4852; x_wconf 87' lang='lat' dir='ltr'><strong>est</strong></span> <span class='ocrx_word' id='word_1_733' title='bbox 1464 4801 1728 4853; x_wconf 81' lang='lat' dir='ltr'><strong>modicum</strong></span> 
     </span>
    </p>
   </div>
   <div class='ocr_carea' id='block_1_96' title="bbox 165 4880 1724 4953">
    <p class='ocr_par' dir='ltr' id='par_1_96' title="bbox 165 4880 1724 4953">
     <span class='ocr_line' id='line_1_96' title="bbox 165 4880 1724 4953; baseline 0.011 -23"><span class='ocrx_word' id='word_1_734' title='bbox 165 4880 313 4942; x_wconf 82' lang='lat' dir='ltr'><strong>iusto,</strong></span> <span class='ocrx_word' id='word_1_735' title='bbox 372 4897 529 4950; x_wconf 85' lang='lat' dir='ltr'><strong>super</strong></span> <span class='ocrx_word' id='word_1_736' title='bbox 560 4883 771 4936; x_wconf 80' lang='lat' dir='ltr'><strong>divitias</strong></span> <span class='ocrx_word' id='word_1_737' title='bbox 818 4898 1154 4953; x_wconf 81' lang='lat' dir='ltr'><strong>peccatorum</strong></span> <span class='ocrx_word' id='word_1_738' title='bbox 1206 4890 1417 4945; x_wconf 79' lang='lat' dir='ltr'><strong>multas.</strong></span> <span class='ocrx_word' id='word_1_739' title='bbox 1476 4891 1540 4947; x_wconf 89' lang='lat' dir='ltr'><strong>Ut</strong></span> <span class='ocrx_word' id='word_1_740' title='bbox 1596 4901 1724 4947; x_wconf 87' lang='lat' dir='ltr'><strong>sunt</strong></span> 
     </span>
    </p>
   </div>
   <div class='ocr_carea' id='block_1_97' title="bbox 166 4970 1718 5052">
    <p class='ocr_par' dir='ltr' id='par_1_97' title="bbox 166 4970 1718 5052">
     <span class='ocr_line' id='line_1_97' title="bbox 166 4970 1718 5052; baseline 0.008 -28"><span class='ocrx_word' id='word_1_741' title='bbox 166 4970 350 5026; x_wconf 66' lang='lat' dir='ltr'><strong>divitia!</strong></span> <span class='ocrx_word' id='word_1_742' title='bbox 378 4983 750 5042; x_wconf 90' lang='lat' dir='ltr'><strong>peccatorum,</strong></span> <span class='ocrx_word' id='word_1_743' title='bbox 781 4976 1049 5046; x_wconf 88' lang='lat' dir='ltr'><strong>sapientia</strong></span> <span class='ocrx_word' id='word_1_744' title='bbox 1087 4979 1244 5048; x_wconf 89' lang='lat' dir='ltr'><strong>hujus</strong></span> <span class='ocrx_word' id='word_1_745' title='bbox 1281 4983 1498 5046; x_wconf 81' lang='lat' dir='ltr'><strong>mutuli,</strong></span> <span class='ocrx_word' id='word_1_746' title='bbox 1535 4984 1587 5036; x_wconf 89' lang='lat' dir='ltr'><strong>in</strong></span> <span class='ocrx_word' id='word_1_747' title='bbox 1615 5000 1718 5052; x_wconf 90' lang='lat' dir='ltr'><strong>qua</strong></span> 
     </span>
    </p>
   </div>
   <div class='ocr_carea' id='block_1_98' title="bbox 168 5061 1718 5140">
    <p class='ocr_par' dir='ltr' id='par_1_98' title="bbox 168 5061 1718 5140">
     <span class='ocr_line' id='line_1_98' title="bbox 168 5061 1718 5140; baseline 0.008 -25"><span class='ocrx_word' id='word_1_748' title='bbox 168 5061 345 5117; x_wconf 83' lang='lat' dir='ltr'><strong>divites</strong></span> <span class='ocrx_word' id='word_1_749' title='bbox 369 5074 494 5119; x_wconf 90' lang='lat' dir='ltr'><strong>sunt</strong></span> <span class='ocrx_word' id='word_1_750' title='bbox 519 5075 573 5117; x_wconf 92' lang='lat' dir='ltr'><strong>et</strong></span> <span class='ocrx_word' id='word_1_751' title='bbox 608 5067 948 5122; x_wconf 86' lang='lat' dir='ltr'><strong>abundantes</strong></span> <span class='ocrx_word' id='word_1_752' title='bbox 972 5069 1022 5121; x_wconf 90' lang='lat' dir='ltr'><strong>in</strong></span> <span class='ocrx_word' id='word_1_753' title='bbox 1053 5070 1387 5140; x_wconf 86' lang='lat' dir='ltr'><strong>eloquentia,</strong></span> <span class='ocrx_word' id='word_1_754' title='bbox 1419 5088 1516 5126; x_wconf 90' lang='lat' dir='ltr'><strong>nec</strong></span> <span class='ocrx_word' id='word_1_755' title='bbox 1540 5084 1718 5128; x_wconf 88' lang='lat' dir='ltr'><strong>tamen</strong></span> 
     </span>
    </p>
   </div>
   <div class='ocr_carea' id='block_1_99' title="bbox 166 5158 1723 5233">
    <p class='ocr_par' dir='ltr' id='par_1_99' title="bbox 166 5158 1723 5233">
     <span class='ocr_line' id='line_1_99' title="bbox 166 5158 1723 5233; baseline 0.008 -26"><span class='ocrx_word' id='word_1_756' title='bbox 166 5166 223 5207; x_wconf 84' lang='lat' dir='ltr'><strong>se</strong></span> <span class='ocrx_word' id='word_1_757' title='bbox 267 5168 353 5221; x_wconf 84' lang='lat' dir='ltr'><strong>per</strong></span> <span class='ocrx_word' id='word_1_758' title='bbox 390 5158 503 5210; x_wconf 74' lang='lat' dir='ltr'><strong>lucc</strong></span> <span class='ocrx_word' id='word_1_759' title='bbox 550 5158 831 5213; x_wconf 88' lang='lat' dir='ltr'><strong>continere</strong></span> <span class='ocrx_word' id='word_1_760' title='bbox 879 5161 1179 5230; x_wconf 70' lang='lat' dir='ltr'><strong>prazvaleut</strong></span> <span class='ocrx_word' id='word_1_761' title='bbox 1209 5180 1236 5215; x_wconf 88' lang='lat' dir='ltr'><strong>a</strong></span> <span class='ocrx_word' id='word_1_762' title='bbox 1266 5174 1508 5233; x_wconf 88' lang='lat' dir='ltr'><strong>peccato.</strong></span> <span class='ocrx_word' id='word_1_763' title='bbox 1554 5164 1723 5219; x_wconf 82' lang='lat' dir='ltr'><strong>Modi-</strong></span> 
     </span>
    </p>
   </div>
   <div class='ocr_carea' id='block_1_100' title="bbox 171 5248 1720 5325">
    <p class='ocr_par' dir='ltr' id='par_1_100' title="bbox 171 5248 1720 5325">
     <span class='ocr_line' id='line_1_100' title="bbox 171 5248 1720 5325; baseline 0.006 -25"><span class='ocrx_word' id='word_1_764' title='bbox 171 5261 283 5300; x_wconf 91' lang='lat' dir='ltr'><strong>cum</strong></span> <span class='ocrx_word' id='word_1_765' title='bbox 333 5258 512 5301; x_wconf 88' lang='lat' dir='ltr'><strong>autem</strong></span> <span class='ocrx_word' id='word_1_766' title='bbox 564 5248 696 5317; x_wconf 87' lang='lat' dir='ltr'><strong>justi</strong></span> <span class='ocrx_word' id='word_1_767' title='bbox 743 5259 845 5315; x_wconf 88' lang='lat' dir='ltr'><strong>est,</strong></span> <span class='ocrx_word' id='word_1_768' title='bbox 905 5253 999 5321; x_wconf 91' lang='lat' dir='ltr'><strong>qui</strong></span> <span class='ocrx_word' id='word_1_769' title='bbox 1060 5254 1223 5307; x_wconf 89' lang='lat' dir='ltr'><strong>habet</strong></span> <span class='ocrx_word' id='word_1_770' title='bbox 1275 5255 1433 5309; x_wconf 88' lang='lat' dir='ltr'><strong>lldem</strong></span> <span class='ocrx_word' id='word_1_771' title='bbox 1471 5268 1720 5325; x_wconf 89' lang='lat' dir='ltr'><strong>tanquant</strong></span> 
     </span>
    </p>
   </div>
   <div class='ocr_carea' id='block_1_101' title="bbox 174 5339 1721 5407">
    <p class='ocr_par' dir='ltr' id='par_1_101' title="bbox 174 5339 1721 5407">
     <span class='ocr_line' id='line_1_101' title="bbox 174 5339 1721 5407; baseline 0.006 -16"><span class='ocrx_word' id='word_1_772' title='bbox 174 5352 379 5407; x_wconf 83' lang='lat' dir='ltr'><strong>granum</strong></span> <span class='ocrx_word' id='word_1_773' title='bbox 412 5339 614 5407; x_wconf 88' lang='lat' dir='ltr'><strong>sinapis</strong></span> <span class='ocrx_word' id='word_1_774' title='bbox 640 5342 927 5406; x_wconf 89' lang='lat' dir='ltr'><strong>modicam,</strong></span> <span class='ocrx_word' id='word_1_775' title='bbox 960 5346 1053 5399; x_wconf 90' lang='lat' dir='ltr'><strong>sed</strong></span> <span class='ocrx_word' id='word_1_776' title='bbox 1085 5346 1318 5400; x_wconf 88' lang='lat' dir='ltr'><strong>vividam</strong></span> <span class='ocrx_word' id='word_1_777' title='bbox 1342 5358 1394 5401; x_wconf 88' lang='lat' dir='ltr'><strong>et</strong></span> <span class='ocrx_word' id='word_1_778' title='bbox 1431 5348 1721 5402; x_wconf 88' lang='lat' dir='ltr'><strong>vehemen-</strong></span> 
     </span>
    </p>
   </div>
   <div class='ocr_carea' id='block_1_102' title="bbox 177 5437 1717 5510">
    <p class='ocr_par' dir='ltr' id='par_1_102' title="bbox 177 5437 1717 5510">
     <span class='ocr_line' id='line_1_102' title="bbox 177 5437 1717 5510; baseline 0.008 -29"><span class='ocrx_word' id='word_1_779' title='bbox 177 5438 293 5492; x_wconf 89' lang='lat' dir='ltr'><strong>tem,</strong></span> <span class='ocrx_word' id='word_1_780' title='bbox 326 5444 416 5498; x_wconf 87' lang='lat' dir='ltr'><strong>per</strong></span> <span class='ocrx_word' id='word_1_781' title='bbox 445 5444 606 5499; x_wconf 87' lang='lat' dir='ltr'><strong>quam</strong></span> <span class='ocrx_word' id='word_1_782' title='bbox 636 5446 693 5487; x_wconf 90' lang='lat' dir='ltr'><strong>se</strong></span> <span class='ocrx_word' id='word_1_783' title='bbox 726 5437 1027 5490; x_wconf 89' lang='lat' dir='ltr'><strong>communit</strong></span> <span class='ocrx_word' id='word_1_784' title='bbox 1063 5448 1118 5491; x_wconf 92' lang='lat' dir='ltr'><strong>ct</strong></span> <span class='ocrx_word' id='word_1_785' title='bbox 1150 5439 1393 5494; x_wconf 87' lang='lat' dir='ltr'><strong>continet</strong></span> <span class='ocrx_word' id='word_1_786' title='bbox 1423 5455 1450 5493; x_wconf 84' lang='lat' dir='ltr'><strong>a</strong></span> <span class='ocrx_word' id='word_1_787' title='bbox 1475 5450 1717 5510; x_wconf 85' lang='lat' dir='ltr'><strong>peccato.</strong></span> 
     </span>
    </p>
   </div>
   <div class='ocr_carea' id='block_1_103' title="bbox 1620 5571 1641 5597">
    <p class='ocr_par' dir='ltr' id='par_1_103' title="bbox 1620 5571 1641 5597">
     <span class='ocr_line' id='line_1_103' title="bbox 1620 5571 1641 5597; baseline 0 0"><span class='ocrx_word' id='word_1_788' title='bbox 1620 5571 1641 5597; x_wconf 65' lang='grc'>1</span> 
     </span>
    </p>
   </div>
   <div class='ocr_carea' id='block_1_104' title="bbox 241 5630 1279 5701">
    <p class='ocr_par' dir='ltr' id='par_1_104' title="bbox 241 5630 1279 5701">
     <span class='ocr_line' id='line_1_104' title="bbox 241 5630 1279 5701; baseline 0.027 -36"><span class='ocrx_word' id='word_1_789' title='bbox 241 5636 279 5666; x_wconf 76' lang='grc' dir='ltr'><strong>ιι</strong></span> <span class='ocrx_word' id='word_1_790' title='bbox 311 5636 402 5690; x_wconf 55' lang='grc' dir='ltr'><strong>ιω,</strong></span> <span class='ocrx_word' id='word_1_791' title='bbox 445 5651 495 5699; x_wconf 57' lang='grc' dir='ltr'><strong>ν,</strong></span> <span class='ocrx_word' id='word_1_792' title='bbox 536 5631 590 5684; x_wconf 86' lang='lat'><strong>8.</strong></span> <span class='ocrx_word' id='word_1_793' title='bbox 667 5633 711 5662; x_wconf 72' lang='grc'><strong>’³</strong></span> <span class='ocrx_word' id='word_1_794' title='bbox 755 5630 895 5686; x_wconf 79' lang='lat' dir='ltr'><strong>Psal.</strong></span> <span class='ocrx_word' id='word_1_795' title='bbox 954 5652 1134 5701; x_wconf 60' lang='grc' dir='ltr'>αλιι,</span> <span class='ocrx_word' id='word_1_796' title='bbox 1199 5638 1279 5694; x_wconf 78' lang='lat' dir='ltr'><strong>l6.</strong></span> 
     </span>
    </p>
   </div>
   <div class='ocr_carea' id='block_1_105' title="bbox 184 5704 982 5767">
    <p class='ocr_par' dir='ltr' id='par_1_105' title="bbox 184 5704 982 5767">
     <span class='ocr_line' id='line_1_105' title="bbox 184 5704 982 5767; baseline 0.003 -9"><span class='ocrx_word' id='word_1_797' title='bbox 184 5720 282 5767; x_wconf 73' lang='lat' dir='ltr'><strong>snt,</strong></span> <span class='ocrx_word' id='word_1_798' title='bbox 311 5707 357 5761; x_wconf 91' lang='lat'><strong>8.</strong></span> <span class='ocrx_word' id='word_1_799' title='bbox 401 5706 443 5739; x_wconf 77' lang='grc'><strong>³⁸</strong></span> <span class='ocrx_word' id='word_1_800' title='bbox 482 5705 623 5762; x_wconf 81' lang='lat' dir='ltr'><strong>Psal.</strong></span> <span class='ocrx_word' id='word_1_801' title='bbox 670 5718 855 5767; x_wconf 60' lang='lat' dir='ltr'><strong>xxxvi,</strong></span> <span class='ocrx_word' id='word_1_802' title='bbox 904 5704 982 5760; x_wconf 88' lang='lat' dir='ltr'><strong>l7.</strong></span> 
     </span>
    </p>
   </div>
   <div class='ocr_carea' id='block_1_106' title="bbox 1359 5639 1871 5703">
    <p class='ocr_par' dir='ltr' id='par_1_106' title="bbox 1359 5639 1871 5703">
     <span class='ocr_line' id='line_1_106' title="bbox 1359 5639 1871 5703; baseline -0.008 -9"><span class='ocrx_word' id='word_1_803' title='bbox 1359 5641 1401 5672; x_wconf 75' lang='lat'><strong>&quot;&#39;</strong></span> <span class='ocrx_word' id='word_1_804' title='bbox 1465 5640 1593 5696; x_wconf 83' lang='lat' dir='ltr'><strong>Luc.</strong></span> <span class='ocrx_word' id='word_1_805' title='bbox 1647 5654 1757 5703; x_wconf 64' lang='grc' dir='ltr'><strong>μοι,</strong></span> <span class='ocrx_word' id='word_1_806' title='bbox 1819 5639 1871 5691; x_wconf 81' lang='lat'><strong>9.</strong></span> 
     </span>
    </p>
   </div>
   <div class='ocr_carea' id='block_1_107' title="bbox 1832 4496 3406 4567">
    <p class='ocr_par' dir='ltr' id='par_1_107' title="bbox 1832 4496 3406 4567">
     <span class='ocr_line' id='line_1_107' title="bbox 1832 4496 3406 4567; baseline -0.012 -1"><span class='ocrx_word' id='word_1_807' title='bbox 1832 4514 1999 4567; x_wconf 86' lang='lat' dir='ltr'><strong>vitam</strong></span> <span class='ocrx_word' id='word_1_808' title='bbox 2034 4526 2189 4564; x_wconf 89' lang='lat' dir='ltr'><strong>suam</strong></span> <span class='ocrx_word' id='word_1_809' title='bbox 2238 4512 2537 4561; x_wconf 89' lang='lat' dir='ltr'><strong>secundum</strong></span> <span class='ocrx_word' id='word_1_810' title='bbox 2582 4506 2804 4556; x_wconf 87' lang='lat' dir='ltr'><strong>verbum</strong></span> <span class='ocrx_word' id='word_1_811' title='bbox 2847 4497 3091 4552; x_wconf 80' lang='lat' dir='ltr'><strong>veritatis</strong></span> <span class='ocrx_word' id='word_1_812' title='bbox 3130 4496 3243 4565; x_wconf 84' lang='lat' dir='ltr'><strong>ejus</strong></span> <span class='ocrx_word' id='word_1_813' title='bbox 3286 4510 3406 4563; x_wconf 77' lang='lat' dir='ltr'><strong>quae</strong></span> 
     </span>
    </p>
   </div>
   <div class='ocr_carea' id='block_1_108' title="bbox 1831 4587 3405 4671">
    <p class='ocr_par' dir='ltr' id='par_1_108' title="bbox 1831 4587 3405 4671">
     <span class='ocr_line' id='line_1_108' title="bbox 1831 4587 3405 4671; baseline -0.015 -12"><span class='ocrx_word' id='word_1_814' title='bbox 1831 4606 1883 4659; x_wconf 91' lang='lat' dir='ltr'><strong>in</strong></span> <span class='ocrx_word' id='word_1_815' title='bbox 1917 4601 2217 4671; x_wconf 71' lang='lat' dir='ltr'><strong>Scriptor-is</strong></span> <span class='ocrx_word' id='word_1_816' title='bbox 2242 4598 2553 4652; x_wconf 89' lang='lat' dir='ltr'><strong>continetur</strong></span> <span class='ocrx_word' id='word_1_817' title='bbox 2583 4605 2807 4663; x_wconf 84' lang='lat' dir='ltr'><strong>aptare;</strong></span> <span class='ocrx_word' id='word_1_818' title='bbox 2860 4592 2959 4647; x_wconf 88' lang='lat' dir='ltr'><strong>iste</strong></span> <span class='ocrx_word' id='word_1_819' title='bbox 2990 4604 3116 4643; x_wconf 88' lang='lat' dir='ltr'><strong>vero</strong></span> <span class='ocrx_word' id='word_1_820' title='bbox 3149 4587 3300 4639; x_wconf 88' lang='lat' dir='ltr'><strong>dives</strong></span> <span class='ocrx_word' id='word_1_821' title='bbox 3325 4593 3405 4637; x_wconf 78' lang='lat' dir='ltr'><strong>est</strong></span> 
     </span>
    </p>
   </div>
   <div class='ocr_carea' id='block_1_109' title="bbox 1832 4678 3402 4754">
    <p class='ocr_par' dir='ltr' id='par_1_109' title="bbox 1832 4678 3402 4754">
     <span class='ocr_line' id='line_1_109' title="bbox 1832 4678 3402 4754; baseline -0.017 -5"><span class='ocrx_word' id='word_1_822' title='bbox 1832 4696 1884 4750; x_wconf 91' lang='lat' dir='ltr'><strong>in</strong></span> <span class='ocrx_word' id='word_1_823' title='bbox 1915 4694 2061 4747; x_wconf 92' lang='lat' dir='ltr'><strong>omni</strong></span> <span class='ocrx_word' id='word_1_824' title='bbox 2099 4691 2265 4745; x_wconf 86' lang='lat' dir='ltr'><strong>verbo</strong></span> <span class='ocrx_word' id='word_1_825' title='bbox 2283 4697 2338 4743; x_wconf 86' lang='lat' dir='ltr'><strong>et</strong></span> <span class='ocrx_word' id='word_1_826' title='bbox 2363 4689 2417 4741; x_wconf 88' lang='lat' dir='ltr'><strong>in</strong></span> <span class='ocrx_word' id='word_1_827' title='bbox 2443 4686 2590 4741; x_wconf 90' lang='lat' dir='ltr'><strong>omni</strong></span> <span class='ocrx_word' id='word_1_828' title='bbox 2616 4700 2780 4754; x_wconf 89' lang='lat' dir='ltr'><strong>opere</strong></span> <span class='ocrx_word' id='word_1_829' title='bbox 2808 4684 2968 4735; x_wconf 92' lang='lat' dir='ltr'><strong>bono.</strong></span> <span class='ocrx_word' id='word_1_830' title='bbox 2996 4679 3059 4731; x_wconf 89' lang='lat' dir='ltr'><strong>Et</strong></span> <span class='ocrx_word' id='word_1_831' title='bbox 3094 4678 3231 4730; x_wconf 56' lang='lat' dir='ltr'><strong>ltlttS</strong></span> <span class='ocrx_word' id='word_1_832' title='bbox 3274 4684 3402 4742; x_wconf 89' lang='lat' dir='ltr'><strong>puto</strong></span> 
     </span>
    </p>
   </div>
   <div class='ocr_carea' id='block_1_110' title="bbox 1830 4765 3402 4851">
    <p class='ocr_par' dir='ltr' id='par_1_110' title="bbox 1830 4765 3402 4851">
     <span class='ocr_line' id='line_1_110' title="bbox 1830 4765 3402 4851; baseline -0.018 -7"><span class='ocrx_word' id='word_1_833' title='bbox 1830 4802 1951 4844; x_wconf 87' lang='lat' dir='ltr'><strong>esse</strong></span> <span class='ocrx_word' id='word_1_834' title='bbox 1977 4786 2191 4841; x_wconf 84' lang='lat' dir='ltr'><strong>divitias</strong></span> <span class='ocrx_word' id='word_1_835' title='bbox 2221 4785 2287 4837; x_wconf 87' lang='lat' dir='ltr'><strong>de</strong></span> <span class='ocrx_word' id='word_1_836' title='bbox 2313 4782 2513 4851; x_wconf 91' lang='lat' dir='ltr'><strong>quibus</strong></span> <span class='ocrx_word' id='word_1_837' title='bbox 2533 4779 2729 4832; x_wconf 88' lang='lat' dir='ltr'><strong>dicitur</strong></span> <span class='ocrx_word' id='word_1_838' title='bbox 2764 4776 2805 4806; x_wconf 81' lang='grc'><strong>³⁷</strong></span> <span class='ocrx_word' id='word_1_839' title='bbox 2837 4789 2849 4823; x_wconf 87' lang='lat'><strong>:</strong></span> <span class='ocrx_word' id='word_1_840' title='bbox 2888 4768 3190 4836; x_wconf 80' lang='lat' dir='ltr'><strong>Redemptio</strong></span> <span class='ocrx_word' id='word_1_841' title='bbox 3213 4765 3402 4818; x_wconf 79' lang='lat' dir='ltr'><strong>anima:</strong></span> 
     </span>
    </p>
   </div>
   <div class='ocr_carea' id='block_1_111' title="bbox 1832 4856 3399 4949">
    <p class='ocr_par' dir='ltr' id='par_1_111' title="bbox 1832 4856 3399 4949">
     <span class='ocr_line' id='line_1_111' title="bbox 1832 4856 3399 4949; baseline -0.019 -12"><span class='ocrx_word' id='word_1_842' title='bbox 1832 4884 1934 4937; x_wconf 86' lang='lat' dir='ltr'><strong>viri</strong></span> <span class='ocrx_word' id='word_1_843' title='bbox 1962 4879 2187 4949; x_wconf 72' lang='lat' dir='ltr'><strong>propriae</strong></span> <span class='ocrx_word' id='word_1_844' title='bbox 2209 4876 2405 4929; x_wconf 74' lang='lat' dir='ltr'><strong>divitia:</strong></span> <span class='ocrx_word' id='word_1_845' title='bbox 2428 4874 2565 4942; x_wconf 85' lang='lat' dir='ltr'><strong>ejus.</strong></span> <span class='ocrx_word' id='word_1_846' title='bbox 2599 4869 2788 4923; x_wconf 80' lang='lat' dir='ltr'><strong>Melius</strong></span> <span class='ocrx_word' id='word_1_847' title='bbox 2807 4878 2939 4932; x_wconf 88' lang='lat' dir='ltr'><strong>ergo</strong></span> <span class='ocrx_word' id='word_1_848' title='bbox 2967 4860 3228 4913; x_wconf 81' lang='lat' dir='ltr'><strong>modicum</strong></span> <span class='ocrx_word' id='word_1_849' title='bbox 3256 4856 3399 4926; x_wconf 86' lang='lat' dir='ltr'><strong>justo</strong></span> 
     </span>
    </p>
   </div>
   <div class='ocr_carea' id='block_1_112' title="bbox 1824 4959 2825 5044">
    <p class='ocr_par' dir='ltr' id='par_1_112' title="bbox 1824 4959 2825 5044">
     <span class='ocr_line' id='line_1_112' title="bbox 1824 4959 2825 5044; baseline -0.019 -14"><span class='ocrx_word' id='word_1_850' title='bbox 1824 4991 1983 5044; x_wconf 82' lang='lat' dir='ltr'><strong>super</strong></span> <span class='ocrx_word' id='word_1_851' title='bbox 2019 4972 2229 5025; x_wconf 75' lang='lat' dir='ltr'><strong>divitias</strong></span> <span class='ocrx_word' id='word_1_852' title='bbox 2252 4977 2581 5037; x_wconf 80' lang='lat' dir='ltr'><strong>peceatorum</strong></span> <span class='ocrx_word' id='word_1_853' title='bbox 2614 4959 2825 5013; x_wconf 84' lang='lat' dir='ltr'><strong>multas.</strong></span> 
     </span>
    </p>
   </div>
   <div class='ocr_carea' id='block_1_113' title="bbox 1901 5036 3397 5130">
    <p class='ocr_par' dir='ltr' id='par_1_113' title="bbox 1901 5036 3397 5130">
     <span class='ocr_line' id='line_1_113' title="bbox 1901 5036 3397 5130; baseline -0.019 -10"><span class='ocrx_word' id='word_1_854' title='bbox 1901 5068 1952 5120; x_wconf 87' lang='lat'><strong>7.</strong></span> <span class='ocrx_word' id='word_1_855' title='bbox 2016 5064 2281 5130; x_wconf 81' lang='lat' dir='ltr'><strong>Quoniam</strong></span> <span class='ocrx_word' id='word_1_856' title='bbox 2319 5055 2534 5110; x_wconf 82' lang='lat' dir='ltr'><strong>brachia</strong></span> <span class='ocrx_word' id='word_1_857' title='bbox 2565 5060 2899 5121; x_wconf 86' lang='lat' dir='ltr'><strong>peccatorum</strong></span> <span class='ocrx_word' id='word_1_858' title='bbox 2940 5054 3274 5099; x_wconf 84' lang='lat' dir='ltr'><strong>conterentur</strong></span> <span class='ocrx_word' id='word_1_859' title='bbox 3330 5036 3397 5093; x_wconf 75' lang='grc'><strong>’⁸.</strong></span> 
     </span>
    </p>
   </div>
   <div class='ocr_carea' id='block_1_114' title="bbox 1829 5138 3397 5225">
    <p class='ocr_par' dir='ltr' id='par_1_114' title="bbox 1829 5138 3397 5225">
     <span class='ocr_line' id='line_1_114' title="bbox 1829 5138 3397 5225; baseline -0.019 -13"><span class='ocrx_word' id='word_1_860' title='bbox 1829 5157 2110 5225; x_wconf 86' lang='lat' dir='ltr'><strong>Quomodo</strong></span> <span class='ocrx_word' id='word_1_861' title='bbox 2180 5158 2357 5221; x_wconf 84' lang='lat' dir='ltr'><strong>potest</strong></span> <span class='ocrx_word' id='word_1_862' title='bbox 2416 5147 2520 5199; x_wconf 91' lang='lat' dir='ltr'><strong>hoc</strong></span> <span class='ocrx_word' id='word_1_863' title='bbox 2573 5141 2871 5197; x_wconf 90' lang='lat' dir='ltr'><strong>secundum</strong></span> <span class='ocrx_word' id='word_1_864' title='bbox 2925 5138 3161 5190; x_wconf 86' lang='lat' dir='ltr'><strong>litteram</strong></span> <span class='ocrx_word' id='word_1_865' title='bbox 3224 5142 3397 5195; x_wconf 86' lang='lat' dir='ltr'><strong>stare,</strong></span> 
     </span>
    </p>
   </div>
   <div class='ocr_carea' id='block_1_115' title="bbox 1829 5220 3403 5311">
    <p class='ocr_par' dir='ltr' id='par_1_115' title="bbox 1829 5220 3403 5311">
     <span class='ocr_line' id='line_1_115' title="bbox 1829 5220 3403 5311; baseline -0.019 -6"><span class='ocrx_word' id='word_1_866' title='bbox 1829 5248 2044 5305; x_wconf 88' lang='lat' dir='ltr'><strong>etiamsi</strong></span> <span class='ocrx_word' id='word_1_867' title='bbox 2069 5220 2264 5311; x_wconf 86' lang='lat' dir='ltr'><strong>aliquis</strong></span> <span class='ocrx_word' id='word_1_868' title='bbox 2299 5240 2405 5292; x_wconf 86' lang='lat' dir='ltr'><strong>vim</strong></span> <span class='ocrx_word' id='word_1_869' title='bbox 2447 5236 2623 5289; x_wconf 77' lang='lat' dir='ltr'><strong>facere</strong></span> <span class='ocrx_word' id='word_1_870' title='bbox 2650 5241 2877 5287; x_wconf 90' lang='lat' dir='ltr'><strong>conetur</strong></span> <span class='ocrx_word' id='word_1_871' title='bbox 2911 5244 3005 5299; x_wconf 91' lang='lat' dir='ltr'><strong>per</strong></span> <span class='ocrx_word' id='word_1_872' title='bbox 3031 5220 3403 5296; x_wconf 86' lang='lat' dir='ltr'><strong>imperitiam?</strong></span> 
     </span>
    </p>
   </div>
   <div class='ocr_carea' id='block_1_116' title="bbox 1832 5319 3398 5398">
    <p class='ocr_par' dir='ltr' id='par_1_116' title="bbox 1832 5319 3398 5398">
     <span class='ocr_line' id='line_1_116' title="bbox 1832 5319 3398 5398; baseline -0.02 -1"><span class='ocrx_word' id='word_1_873' title='bbox 1832 5344 1973 5398; x_wconf 91' lang='lat' dir='ltr'><strong>Sunt</strong></span> <span class='ocrx_word' id='word_1_874' title='bbox 2009 5337 2175 5392; x_wconf 89' lang='lat' dir='ltr'><strong>multa</strong></span> <span class='ocrx_word' id='word_1_875' title='bbox 2211 5336 2261 5386; x_wconf 83' lang='lat' dir='ltr'><strong>in</strong></span> <span class='ocrx_word' id='word_1_876' title='bbox 2291 5327 2594 5398; x_wconf 79' lang='lat' dir='ltr'><strong>Scripturis</strong></span> <span class='ocrx_word' id='word_1_877' title='bbox 2616 5328 2685 5380; x_wconf 92' lang='lat' dir='ltr'><strong>ita</strong></span> <span class='ocrx_word' id='word_1_878' title='bbox 2719 5324 2912 5394; x_wconf 82' lang='lat' dir='ltr'><strong>posita,</strong></span> <span class='ocrx_word' id='word_1_879' title='bbox 2938 5336 3055 5390; x_wconf 78' lang='lat' dir='ltr'><strong>qua:</strong></span> <span class='ocrx_word' id='word_1_880' title='bbox 3085 5319 3245 5372; x_wconf 86' lang='lat' dir='ltr'><strong>etiam</strong></span> <span class='ocrx_word' id='word_1_881' title='bbox 3276 5330 3398 5369; x_wconf 93' lang='lat' dir='ltr'><strong>eum</strong></span> 
     </span>
    </p>
   </div>
   <div class='ocr_carea' id='block_1_117' title="bbox 1830 5408 3405 5501">
    <p class='ocr_par' dir='ltr' id='par_1_117' title="bbox 1830 5408 3405 5501">
     <span class='ocr_line' id='line_1_117' title="bbox 1830 5408 3405 5501; baseline -0.016 -16"><span class='ocrx_word' id='word_1_882' title='bbox 1830 5430 1919 5501; x_wconf 88' lang='lat' dir='ltr'><strong>qui</strong></span> <span class='ocrx_word' id='word_1_883' title='bbox 1949 5427 2104 5480; x_wconf 85' lang='lat' dir='ltr'><strong>valde</strong></span> <span class='ocrx_word' id='word_1_884' title='bbox 2132 5425 2322 5477; x_wconf 84' lang='lat' dir='ltr'><strong>brutus</strong></span> <span class='ocrx_word' id='word_1_885' title='bbox 2349 5431 2433 5473; x_wconf 85' lang='lat' dir='ltr'><strong>est</strong></span> <span class='ocrx_word' id='word_1_886' title='bbox 2463 5427 2517 5473; x_wconf 89' lang='lat' dir='ltr'><strong>et</strong></span> <span class='ocrx_word' id='word_1_887' title='bbox 2539 5416 2738 5482; x_wconf 86' lang='lat' dir='ltr'><strong>stertit,</strong></span> <span class='ocrx_word' id='word_1_888' title='bbox 2769 5427 2987 5468; x_wconf 87' lang='lat' dir='ltr'><strong>movere</strong></span> <span class='ocrx_word' id='word_1_889' title='bbox 3014 5417 3261 5480; x_wconf 78' lang='lat' dir='ltr'><strong>possunt,</strong></span> <span class='ocrx_word' id='word_1_890' title='bbox 3296 5408 3405 5461; x_wconf 85' lang='lat' dir='ltr'><strong>imo</strong></span> 
     </span>
    </p>
   </div>
   <div class='ocr_carea' id='block_1_118' title="bbox 1949 5617 3399 5697">
    <p class='ocr_par' dir='ltr' id='par_1_118' title="bbox 1949 5617 3399 5697">
     <span class='ocr_line' id='line_1_118' title="bbox 1949 5617 3399 5697; baseline -0.015 -7"><span class='ocrx_word' id='word_1_891' title='bbox 1949 5637 1993 5667; x_wconf 81' lang='lat'>”</span> <span class='ocrx_word' id='word_1_892' title='bbox 2025 5633 2162 5689; x_wconf 78' lang='lat' dir='ltr'><strong>Psal.</strong></span> <span class='ocrx_word' id='word_1_893' title='bbox 2200 5647 2382 5697; x_wconf 78' lang='lat' dir='ltr'><strong>um,</strong></span> <span class='ocrx_word' id='word_1_894' title='bbox 2450 5628 2531 5683; x_wconf 84' lang='lat' dir='ltr'><strong>l6.</strong></span> <span class='ocrx_word' id='word_1_895' title='bbox 2610 5627 2652 5658; x_wconf 71' lang='grc'>²⁶</span> <span class='ocrx_word' id='word_1_896' title='bbox 2694 5623 2713 5678; x_wconf 90' lang='grc' dir='ltr'><strong>ι</strong></span> <span class='ocrx_word' id='word_1_897' title='bbox 2751 5622 2878 5678; x_wconf 87' lang='lat' dir='ltr'><strong>Cor.</strong></span> <span class='ocrx_word' id='word_1_898' title='bbox 2932 5637 2966 5685; x_wconf 88' lang='grc' dir='ltr'>ι,</span> <span class='ocrx_word' id='word_1_899' title='bbox 3144 5621 3185 5650; x_wconf 68' lang='grc'><strong>’⁷</strong></span> <span class='ocrx_word' id='word_1_900' title='bbox 3242 5617 3399 5673; x_wconf 75' lang='lat' dir='ltr'><strong>Prov.</strong></span> 
     </span>
    </p>
   </div>
  </div>
