3896 6700
15 219 161 273 1545

700 206 1013 263 SELECTA
1040 204 1109 262 ΙΝ
1143 203 1486 261 PSALMOS.
1532 234 1596 243 —
1634 200 1873 259 HOMIL.
1896 201 1964 256 111
2001 200 2072 258 ιΝ
2112 201 2311 260 PSAL.
2353 201 2593 258 XXXVI.

3155 204 3177 257 Ι
3189 204 3295 260 3W

15 345 60 390 el.
120 334 256 389 dicit
289 332 334 365 “
366 349 378 383 :
414 328 548 383 Ecce
598 327 711 381 dies
757 326 995 388 veniunt,
1043 323 1173 376 dicit
1227 321 1512 383 Dominus,
1553 329 1603 373 et
1634 321 1677 379 Α
1711 326 1889 371 autem
1926 316 2051 388 quia
2074 316 2254 384 justus
2284 326 2423 382 erat,
2471 314 2745 371 nesciebat
2782 315 2999 372 famem.
3040 317 3133 375 Sic
3162 333 3295 389 ergo

20 426 301 478 inmittam
349 422 543 492 [autem
603 432 761 485 super
795 426 1011 477 terram,
1063 427 1167 465 non
1199 412 1394 480 famem
1431 410 1605 479 panis,

16 533 189 587 teque
218 514 367 569 sitim
393 527 569 581 aquas,
602 508 693 563 sed
726 506 919 575 [autem
948 506 1018 558 ad
1041 503 1364 558 audiendum
1395 502 1609 557 verbum

15 607 142 663 Dei.
188 607 255 661 Et
300 605 594 660 rircuibunt
623 601 687 653 ab
720 599 1110 667 orientemque
1148 596 1219 649 ad
1262 596 1607 658 occidentem,

15 711 67 755 st
124 701 350 754 audiant
401 700 609 753 verbum
655 695 906 758 Domini,
959 703 1137 748 etnon
1177 690 1458 746 invenient.
1520 690 1608 746 Isti

16 804 153 846 sunt
183 808 315 861 ergo
347 792 485 856 dies,
510 800 563 843 et
600 788 746 843 istud
772 796 855 840 est
895 794 1106 856 tempus
1137 785 1315 849 famis,
1349 781 1470 839 cum
1503 800 1609 839 non

16 894 150 940 :ttut
180 888 270 955 qui
312 886 537 939 verbum
570 884 662 937 Dei
692 882 1006 951 loquantur,
1028 882 1171 934 sicut
1194 888 1246 933 et
1271 880 1443 933 fames
1465 893 1610 933 nunc

18 988 97 1029 ιςι
125 979 271 1045 apud
292 976 527 1032 Iudaeos.
551 973 827 1044 Nusquam
856 972 997 1027 enim
1024 972 1318 1041 propheta},
1347 986 1608 1039 nusquam

16 1071 278 1138 :apicns,
345 1084 607 1139 nusquam
655 1068 897 1137 prudens
947 1065 1271 1128 mstimator,
1340 1078 1609 1134 nusquam

16 1163 557 1233 quinquagenarius,
622 1174 887 1228 nusquam
947 1159 1167 1228 sapiens
1223 1159 1611 1224 consiliarius,

18 1270 301 1325 nusquam
341 1254 647 1324 intelligens
696 1252 937 1318 auditor,
975 1253 1157 1306 omnia
1208 1252 1428 1306 abstulit
1470 1252 1613 1306 Deus

17 1364 39 1398 ε
78 1346 274 1401 Judtca
315 1357 370 1401 et
414 1344 743 1401 Jerusalem.
800 1344 906 1400 Sed
939 1354 995 1398 et
1032 1346 1082 1398 in
1119 1343 1276 1398 nobis
1312 1353 1492 1397 metus
1529 1353 1613 1397 est

16 1457 240 1510 ingens,
284 1455 352 1495 ne
381 1439 523 1495 forte
552 1440 717 1493 etiam
755 1437 913 1491 nobis
939 1438 1220 1491 immineat
1258 1436 1450 1491 iantes.
1488 1437 1611 1490 Sic-

16 1545 77 1588 ut
108 1534 261 1587 enim
293 1533 364 1586 illi
399 1533 464 1587 de
486 1532 685 1601 quibus
715 1545 875 1599 supra
908 1530 1165 1593 diximus,
1194 1530 1421 1597 legendo
1447 1530 1615 1601 668

16 1642 207 1693 Legem
253 1634 307 1679 et
335 1640 439 1677 non
487 1622 736 1677 faciendo
787 1623 1135 1676 incurrerunt
1160 1622 1213 1676 in
1247 1623 1349 1677 hoc
1378 1632 1434 1675 ut
1461 1623 1609 1675 verbi

26 1718 119 1771 [lei
155 1719 353 1770 famem
380 1725 718 1787 paterentur,
745 1723 799 1766 et
826 1715 1176 1769 aul‘errentur
1199 1715 1267 1768 ab
1302 1714 1407 1769 illis
1429 1717 1610 1769 omnia

19 1810 118 1863 Dei
161 1810 300 1862 dona
336 1823 453 1874 qua:
478 1822 637 1875 supra
670 1807 926 1873 diximus,
964 1816 1016 1860 et
1050 1809 1363 1861 mandatum
1392 1818 1474 1862 est
1508 1824 1610 1861 nu—

18 1903 188 1957 uibus
228 1900 535 1973 (prophetis
582 1900 814 1968 scilicet)
871 1916 938 1953 ne
986 1900 1240 1968 pluerent
1298 1916 1465 1969 super
1521 1917 1613 1957 eos

16 1994 270 2052 pluviam
306 1994 454 2048 verbi
491 1993 609 2058 Dei,
646 1993 938 2048 verendum
973 2004 1058 2048 est
1088 2009 1158 2049 ne
1190 1994 1295 2049 tale
1324 1996 1488 2050 etiam
1517 1996 1615 2049 ali-

27 2089 174 2156 mod
206 2088 359 2143 nobis
391 2088 752 2155 correptionis
800 2087 1091 2143 inducatur
1123 2104 1297 2160 genus
1324 2104 1335 2138 :
1377 2090 1473 2145 sed
1506 2105 1615 2143 ma-

16 2181 107 2244 gis
169 2179 472 2235 eliiciamur
529 2197 633 2236 non
665 2182 942 2237 auditores
982 2182 1116 2254 legis
1147 2193 1378 2251 tantum,
1417 2188 1512 2240 sed
1560 2194 1615 2239 et

16 2273 295 2338 factores,
321 2284 378 2327 ut
412 2274 633 2329 mandet
657 2274 919 2331 Dominus
946 2276 1180 2331 nubibus
1197 2276 1331 2340 suis,
1363 2292 1468 2331 non
1498 2277 1613 2341 uni,

16 2379 208 2431 neque
240 2365 470 2429 duabus,
505 2368 598 2422 sed
629 2368 898 2437 pluribus,
932 2367 1120 2436 pluere
1152 2384 1321 2439 super
1353 2384 1453 2424 nos
1489 2370 1613 2441 plu-

16 2454 197 2516 riam,
234 2466 286 2509 ut
318 2456 371 2510 iu
398 2456 640 2512 Ecclesia
682 2461 964 2527 prophetae
994 2460 1099 2514 duo
1133 2460 1216 2513 vel
1263 2469 1375 2517 tres
1406 2462 1616 2528 dicant,

16 2556 70 2617 et
109 2546 301 2601 centeri
352 2548 779 2606 examinem“:
821 2560 877 2604 et
933 2552 977 2606 si
1038 2554 1252 2609 sedenti
1314 2554 1617 2609 revelatum

16 2636 220 2705 fuerit,
250 2640 401 2709 prior
433 2650 629 2707 taceat,
663 2652 722 2696 ut
750 2644 935 2715 plures
968 2645 1099 2699 ﬂant
1150 2648 1397 2717 operarii
1426 2647 1617 2702 incon-

15 2731 284 2786 fusibiles
313 2741 459 2787 recte
495 2743 793 2789 tractantes
821 2738 1048 2790 verbum
1072 2739 1345 2801 veritatis,
1379 2747 1439 2792 ut
1470 2739 1617 2794 dicat

15 2822 412 2891 unusquisque
454 2824 734 2878 doctorum
798 2835 854 2880 et
911 2826 1324 2895 prmdicautium
1393 2831 1616 2883 verbum

16 2914 116 2969 Dei
154 2915 461 2967 secundum
486 2914 714 2969 Paulum
747 2915 794 2948 “
824 2934 838 2969 :
875 2916 983 2986 Ego
1013 2918 1264 2984 plantavi,
1321 2931 1376 2975 et
1428 2920 1516 2975 ille
1546 2922 1619 2974 ri-

1712 409 1877 462 etiam
1914 408 1959 464 si
2007 408 2179 462 fames
2235 408 2419 462 veniat
2472 406 2801 477 aliquando,
2842 410 2985 478 quod
3031 410 3296 466 Dominus

1713 516 1818 554 non
1855 509 2077 569 praestet
2107 498 2363 554 Ecclesiae
2399 501 2548 554 suat!
2590 499 2633 553 si
2668 500 2884 568 quando
2925 509 3105 557 tamen
3146 503 3295 558 acci-

1710 591 1823 655 dat,
1856 593 1945 660 qui
1986 591 2147 645 habet
2182 588 2516 644 intellectum
2558 600 2612 645 et
2650 592 2975 646 exercitium
3021 593 3072 646 in
3115 594 3292 648 medie

1714 685 1912 737 tatione
1948 682 2097 737 verbi
2150 682 2267 747 Dei,
2313 692 2369 735 et
2415 684 2705 737 constituit
2764 683 3015 737 meditari
3082 684 3132 738 in
3178 684 3297 756 lege

1711 775 1826 843 ejus
1860 776 1947 832 die
1971 790 2033 828 ac
2061 783 2240 837 nocte,
2284 783 2448 842 atque
2476 789 2737 829 exercere
2762 790 2820 829 se
2849 775 2915 829 ad
2958 776 3292 831 intellectum

1712 867 2009 936 spiritalem
2059 866 2492 937 percipiendum,
2543 867 2785 923 inveniet
2844 870 2895 923 in
2946 869 3050 925 illis
3096 885 3295 940 panem

1714 960 1861 1014 ilhnn
1900 960 1992 1029 qui
2025 958 2091 1013 de
2130 959 2270 1011 coelo
2310 959 2615 1024 descendit,
2652 968 2704 1014 et
2746 961 2839 1015 liet
2874 961 2922 1016 ei
2964 977 3147 1017 sermo
3202 961 3295 1017 Dei

1714 1062 1998 1115 abundans
2029 1061 2204 1126 cibos,
2234 1068 2289 1113 et
2320 1058 2595 1129 proﬂuens
2633 1071 2828 1131 potus;
2887 1072 2942 1118 et
2978 1080 3082 1119 non
3120 1064 3297 1120 solum

1714 1155 1867 1209 cibus
1903 1162 1958 1208 et
1990 1164 2171 1225 potus,
2218 1167 2405 1206 verum
2440 1153 2483 1207 si
2540 1154 2894 1223 profundiora
2948 1170 3295 1215 sacramenta

1718 1248 1964 1317 mysticae
2022 1245 2395 1314 intelligentiae
2453 1246 2698 1315 potuerit
2740 1249 3096 1317 perscrutari,
3138 1261 3301 1305 erunt

1716 1336 1764 1389 ei
1800 1350 2081 1389 sermones
2120 1335 2210 1389 Dei
2238 1333 2467 1389 delicia‘.
2502 1334 2691 1391 Potest
2719 1337 2885 1393 etiam
2909 1337 3018 1394 alio
3058 1340 3219 1394 modo
3243 1340 3298 1395 in

1719 1428 1824 1483 hoc
1870 1427 1990 1482 loco
2050 1425 2371 1495 proiundior
2409 1442 2605 1483 sensus
2662 1429 2886 1499 aperiri.
2929 1430 3196 1487 Dominus
3249 1443 3305 1487 et

1718 1518 1971 1574 Salvator
2015 1520 2089 1572 ait
2119 1520 2163 1551 "
2203 1542 2215 1576 :
2256 1518 2436 1574 Veniet
2493 1537 2601 1576 nos:
2657 1525 2872 1593 quando
2918 1539 3067 1577 nemo
3132 1535 3302 1592 potest

1721 1611 1954 1676 operari.
1988 1608 2055 1662 Et
2088 1610 2191 1664 hoc
2220 1609 2349 1663 dicit
2379 1609 2446 1663 de
2473 1607 2566 1664 illo
2595 1617 2839 1681 tempore
2870 1612 3014 1681 quod
3048 1614 3156 1667 erit
3182 1624 3304 1683 post

1719 1704 1820 1757 hoc
1855 1702 2138 1770 sarculum,
2182 1712 2428 1772 tempore
2458 1718 2566 1773 quo
2599 1703 2974 1774 unusquisque
3013 1720 3112 1775 pro
3146 1707 3305 1761 malis

1719 1808 1833 1862 suis
1875 1807 2103 1877 recipiet
2133 1821 2344 1878 poenas.
2389 1806 2541 1862 Tunc
2569 1820 2702 1876 ergo
2736 1806 2870 1861 dicit
2911 1815 3124 1862 noctem
3154 1806 3299 1862 illam

1720 1899 1979 1963 futuram,
2006 1915 2130 1954 cum
2156 1900 2269 1966 jam
2306 1914 2467 1955 nemo
2492 1906 2673 1970 potest
2704 1898 2919 1969 operari
2956 1899 3181 1970 aliquid,
3211 1900 3305 1953 sed

1719 1992 2095 2061 unusquisque
2145 2000 2274 2047 tunc
2309 1992 2549 2061 pascitur
2595 2006 2663 2046 ex
2704 1992 2965 2062 operibus
3013 1993 3128 2047 suis
3180 2006 3303 2061 qua:

1718 2083 1810 2137 hic
1850 2084 2059 2152 positus
2086 2091 2344 2152 operatus
2380 2092 2484 2138 est.
2514 2081 2650 2137 Cum
2682 2098 2815 2154 ergo
2843 2098 2948 2138 nox
2980 2083 3178 2151 fuerit,
3208 2097 3306 2139 ne-

1722 2188 1813 2227 mo
1840 2184 2102 2243 operatur
2130 2173 2184 2227 in
2218 2172 2311 2229 illo
2349 2181 2593 2242 tempore
2624 2190 2638 2227 :
2670 2189 2793 2227 cum
2819 2183 3135 2243 peccatores
3163 2188 3305 2244 sup-

1721 2264 1899 2335 pliciis
1953 2264 2286 2336 aﬂligentur,
2339 2265 2446 2319 erit
2495 2264 2615 2319 sine
2667 2263 2831 2319 dubio
2885 2262 3055 2319 fames
3094 2264 3304 2335 bisqui

1722 2358 1899 2423 nullos
1942 2366 2154 2424 fructus
2208 2367 2334 2422 boni
2365 2366 2548 2437 operis
2584 2366 2945 2432 collegerunt.
2989 2364 3046 2421 In
3089 2365 3183 2422 illo
3210 2382 3309 2422 au-

1723 2472 1830 2516 tem
1855 2459 2014 2515 famis
2046 2470 2309 2530 tempore,
2360 2460 2757 2515 saturabuntur
2798 2458 2958 2528 justi,
3002 2473 3069 2515 ex
3104 2459 3306 2515 fructi-

1721 2551 1822 2607 bus
1854 2550 2061 2606 scilicet
2089 2550 2321 2620 justitia:
2359 2564 2490 2607 suae.
2519 2549 2677 2605 Sicut
2701 2550 2847 2605 enim
2880 2550 2933 2604 in
2960 2550 3182 2606 deserto
3209 2564 3305 2605 sex

1721 2643 1911 2698 diebus
1938 2642 2265 2712 colligebant
2314 2658 2513 2698 manna
2549 2643 2618 2707 ⁸⁸,
2664 2643 2718 2697 in
2758 2652 2912 2698 sexta
2965 2652 3148 2697 autem
3213 2642 3305 2698 die

1722 2748 1829 2787 non
1869 2732 2033 2787 unius
2067 2733 2173 2787 diei
2216 2734 2459 2799 modum,
2487 2733 2584 2788 sed
2613 2742 2877 2803 quantum
2930 2732 3203 2789 suﬂiceret
3249 2735 3307 2790 in

1723 2822 2017 2878 crastinum
2059 2822 2410 2891 colligebant,
2452 2831 2510 2879 et
2561 2828 2940 2895 unusquisque
2992 2825 3190 2881 edebat
3249 2823 3307 2879 in

1724 2913 1813 2968 die
1843 2912 2092 2978 Sabbati,
2121 2930 2244 2985 qua:
2269 2915 2567 2986 collegerat
2600 2915 2651 2970 in
2686 2914 2775 2970 die
2803 2925 2960 2971 sexta
2986 2932 3002 2980 ;
3045 2916 3116 2970 ita
3146 2916 3309 2971 etiam

15 3008 189 3076 gavit,
218 3007 311 3060 sed
341 3006 479 3061 Deus
505 3010 879 3064 incrementum
907 3012 1070 3066 dedit.
1106 3012 1232 3067 llaec
1259 3023 1439 3068 autem
1462 3014 1617 3080 ﬁent,
1647 3009 1690 3070 C
1726 3022 1871 3062 nunc
1900 3007 2051 3062 velut
2078 3019 2233 3063 sexta
2268 3009 2520 3079 quaedam
2560 3009 2681 3065 dies
2712 3010 2951 3079 putanda
2977 3018 3062 3065 est
3091 3009 3307 3066 Domini

18 3101 67 3152 si
104 3113 212 3151 nos
245 3098 337 3166 qui
363 3100 604 3167 rigamur
637 3116 666 3152 a
705 3103 940 3155 nubibus
972 3112 1027 3156 et
1056 3104 1364 3159 audivimus
1391 3108 1617 3160 verbum

22 3190 151 3256 Dei,
187 3188 482 3246 offeramus
516 3192 726 3248 fructus
759 3194 879 3248 illos
909 3210 1049 3263 quos
1078 3204 1367 3250 enumerat
1388 3197 1622 3264 Aposto-

22 3282 115 3335 lus
146 3281 219 3343 δ’,
261 3281 312 3334 id
339 3290 447 3345 est,
497 3284 703 3352 fructus
750 3287 995 3352 spiritus,
1043 3287 1134 3355 qui
1171 3296 1299 3341 sunt
1340 3290 1617 3356 gaudium,

24 3372 295 3436 Charitas,
326 3388 454 3439 pax,
485 3374 761 3442 patientia,
794 3375 1194 3443 longanimitas,
1225 3385 1280 3431 et
1305 3387 1503 3433 tut-tera
1537 3379 1622 3434 his

26 3463 259 3519 similia.
293 3464 440 3530 Quos
492 3464 709 3519 fructus
738 3468 781 3520 si
845 3483 1124 3522 moramur
1176 3468 1392 3537 aﬂ‘erre,
1422 3486 1623 3527 veren—

25 3558 163 3610 dum
206 3566 289 3611 est
328 3572 395 3612 ne
452 3558 741 3612 mandetur
789 3560 1021 3615 nubibus
1050 3561 1334 3617 obstruere
1372 3578 1402 3616 a
1463 3562 1624 3620 nobis

27 3649 241 3703 imbres
270 3664 420 3716 suos,
470 3659 528 3704 et
582 3649 809 3719 incipiat
870 3654 1245 3723 unusquisque
1309 3665 1621 3711 sanctorum

28 3740 221 3795 facere
252 3740 384 3795 illud
415 3741 559 3810 quod
588 3744 850 3811 scriptum
881 3753 966 3799 est
994 3743 1041 3775 “
1068 3762 1084 3799 :
1114 3744 1220 3811 Qui
1270 3758 1445 3803 autem
1476 3749 1626 3803 intel-

28 3828 236 3897 ligit,in
272 3842 498 3898 tempore
525 3833 617 3887 illo
649 3834 845 3887 sedebit
894 3844 945 3889 et
996 3836 1212 3901 tacebit,
1243 3840 1368 3907 quia
1422 3848 1622 3908 tempus

28 3923 235 3977 malum
266 3933 365 3977 est.
400 3923 505 3977 Sed
536 3926 850 3981 meminisse
896 3927 1156 3982 debemus
1199 3928 1444 3984 historia:
1482 3931 1625 3986 anti-

16 4014 272 4083 ‘quorum
330 4016 398 4069 de
454 4013 619 4069 famis
676 4026 944 4087 tempore,
1013 4021 1286 4088 quomodo
1335 4022 1519 4093 justus
1568 4024 1621 4079 in

16 4108 286 4184 ‘tempore
314 4111 475 4168 famis
522 4124 828 4170 saturatur.
882 4115 1230 4173 Conveniens
1266 4130 1398 4190 puto
1450 4120 1623 4177 fames

16 4210 159 4260 erat
188 4206 521 4273 temporibus
554 4206 684 4262 Elite
715 4209 995 4279 prophetae
1018 4209 1085 4277 “,
1116 4214 1334 4280 quando
1379 4213 1621 4271 clausum

16 4300 123 4354 “est
152 4298 350 4352 caelum
404 4299 565 4353 annis
591 4301 763 4356 tribus
785 4312 840 4356 et
885 4304 1164 4359 mensibus
1205 4319 1324 4360 sex.
1386 4308 1454 4364 Et
1498 4319 1625 4364 tunc

34 4386 273 4456 populus
305 4386 521 4454 quidem
566 4389 978 4456 periclitabatur
1008 4392 1174 4462 l'atne,
1206 4398 1302 4451 sed
1333 4398 1483 4454 Elias
1516 4417 1621 4456 non

16 4478 353 4549 ‘patiebatur
399 4476 622 4532 famem.
669 4480 737 4533 Et
781 4490 908 4536 tunc
936 4484 1156 4552 quidem
1188 4488 1521 4555 pascebatur
1554 4493 1625 4547 ab

38 4568 235 4640 angelo
273 4568 342 4633 “,
367 4570 582 4640 quando
608 4572 814 4627 etabiil
862 4575 916 4628 in
965 4576 1171 4633 virtute
1204 4595 1344 4635 esca:
1377 4582 1541 4648 illius,
1569 4594 1626 4641 et

37 4661 345 4731 permansit
377 4663 735 4734 quadraginta
763 4665 955 4721 diebus
980 4678 1035 4722 et
1059 4671 1421 4742 quadraginta
1450 4677 1625 4732 nocti-

40 4754 178 4817 bus;
230 4769 374 4810 nunc
410 4764 589 4809 autem
630 4758 811 4813 corvis
863 4760 1301 4821 ministrantibus
1350 4771 1622 4837 pasceba-

44 4858 135 4902 tur
162 4848 233 4912 ”,
266 4864 389 4904 cum
439 4850 488 4904 ei
524 4851 576 4905 in
621 4855 892 4909 matutino
938 4871 1108 4925 panes
1149 4860 1423 4917 deferrent
1469 4875 1523 4921 et
1555 4868 1621 4921 ad

39 4956 329 5013 vesperum
363 4958 583 5011 carnes,
609 4954 666 5001 et
698 4947 894 5002 iterum
932 4949 1171 5004 refertur
1194 4952 1399 5010 bibisse
1426 4972 1621 5027 aquam

43 5038 110 5092 de
141 5046 380 5093 torrente
410 5037 630 5105 Coratb,
671 5050 725 5096 et
767 5041 980 5096 venisse
1024 5043 1077 5097 in
1114 5042 1340 5115 Sarepta
1373 5048 1624 5106 Sidonio.

45 5146 168 5186 rum
201 5134 266 5185 ad
319 5132 597 5187 mulierem
645 5134 863 5188 viduam
912 5134 1069 5192 lamis
1112 5147 1376 5211 tempore,
1420 5154 1474 5197 et
1495 5144 1621 5214 quia

37 5226 220 5291 justus
265 5233 407 5287 erat,
446 5240 553 5277 non
601 5236 685 5281 est
736 5242 928 5297 passus
990 5230 1227 5285 inediam
1278 5230 1476 5301 famis,
1527 5236 1621 5290 sed

50 5315 246 5383 ubique
287 5314 335 5368 ei
376 5315 701 5370 abundantia
744 5327 940 5388 praesto
988 5332 1139 5385 erat;
1180 5332 1339 5393 atque
1386 5341 1490 5379 uno
1523 5341 1622 5382 co-

47 5407 279 5475 demque
326 5418 565 5477 tempore
606 5418 727 5465 erat
776 5413 1156 5479 peccatoribus
1208 5415 1406 5483 fames;
1478 5419 1624 5474 Elias

1724 3099 1895 3155 nostri
1918 3098 2046 3155 Jesu
2077 3099 2278 3155 Christi
2305 3102 2593 3163 adventus,
2630 3108 2687 3154 et
2716 3109 2928 3170 tempus
2954 3100 3056 3155 hoc
3087 3101 3308 3170 dispen-

1725 3204 1957 3259 sationis
1982 3204 2119 3274 cjus,
2183 3217 2344 3272 quam
2397 3202 2654 3273 passione
2712 3216 2807 3256 sua
2857 3202 2959 3256 hoc
2999 3201 3052 3254 in
3111 3202 3311 3256 sarculo

1724 3306 2065 3379 procuravit.
2113 3306 2180 3360 Et
2225 3304 2431 3360 idcirco
2471 3304 2599 3359 dum
2642 3304 2700 3357 in
2754 3302 2843 3358 die
2889 3312 3040 3357 sexta
3096 3316 3308 3366 sumus,

1726 3400 2043 3470 colligamus
2107 3411 2307 3452 manna
2362 3395 2683 3467 dupliciter,
2740 3404 2801 3447 ut
2851 3392 3100 3449 sullicere
3151 3393 3312 3449 nobis

1724 3490 1900 3555 possit
1928 3488 2053 3543 dum
2094 3485 2377 3541 advenerit
2412 3501 2540 3540 vera
2591 3484 2817 3539 Sabbati
2874 3484 3187 3539 observatio
3214 3499 3311 3556 po—

1724 3583 1836 3653 puli
1886 3582 2000 3637 Dei.
2030 3580 2087 3636 Si
2116 3580 2260 3634 enim
2298 3593 2405 3633 non
2432 3576 2816 3646 collegerimus
2853 3575 3093 3646 duplices
3131 3576 3307 3643 cibos,

1725 3673 1816 3743 qui
1858 3672 2012 3727 nobis
2042 3673 2175 3726 etin
2206 3669 2465 3741 praesenti
2499 3667 2699 3723 saeculo
2732 3667 3001 3721 sulliciant
3029 3678 3084 3721 et
3125 3668 3181 3723 in
3226 3668 3309 3722 l'u-

1655 3800 1661 3806 -
1728 3773 1871 3830 toro,
1908 3763 1960 3816 in
1990 3763 2180 3818 diebus
2220 3761 2379 3815 fatuis
2422 3775 2526 3815 non
2564 3760 2958 3815 saturabituur.
3017 3760 3110 3816 Sic
3163 3764 3308 3816 enim

1726 3871 1850 3911 cum
1885 3855 2017 3926 justi
2071 3852 2463 3909 saturabuntur
2504 3850 2556 3905 iu
2592 3850 2786 3905 diebus
2819 3851 2976 3905 famis
3002 3891 3018 3917 ,
3065 3865 3308 3920 peccato-

1727 3966 1833 4016 res,
1865 3947 2042 4017 inquit
2072 3946 2141 4011 ",
2178 3945 2463 4014 peribunt;
2494 3943 2695 3995 inimici
2722 3954 2898 3995 autem
2944 3943 3154 3997 Domini
3198 3956 3304 3999 sta-

1726 4040 1818 4094 tim
1848 4050 1902 4093 ut
1931 4038 2269 4107 honoriﬁcati
2302 4035 2497 4105 fuerint
2535 4045 2583 4088 et
2635 4034 2879 4097 exaltati,
2912 4036 3212 4103 deﬁcientes
3258 4046 3312 4091 ut

1728 4131 1906 4201 fumus
1960 4130 2228 4198 deﬁcient.
2298 4126 2465 4181 Docet
2512 4139 2611 4179 nos
2641 4138 2821 4179 sermo
2876 4127 3088 4181 divinus
3122 4126 3312 4197 quales

1728 4230 1838 4285 sint
1866 4231 2102 4285 honores
2132 4229 2291 4298 hujus
2330 4226 2541 4282 smculi.
2569 4224 2705 4281 Cum
2737 4227 2880 4281 enim
2914 4229 3115 4285 videris
3154 4230 3306 4287 illum

1729 4323 1967 4392 acceptis
2000 4321 2142 4375 illius
2182 4318 2476 4391 provincia:
2513 4317 2753 4372 fascibus
2795 4319 3085 4387 tumidum,
3136 4322 3301 4377 alium

1730 4414 2104 4469 consulatibus
2142 4412 2364 4474 elatum,
2407 4411 2574 4466 alium
2610 4410 2844 4467 diversis
2896 4413 3312 4481 magistratibus

1730 4508 2022 4572 elevalum,
2056 4522 2176 4560 cum
2219 4520 2350 4575 ergo
2388 4520 2608 4560 omnem
2666 4506 2825 4561 istam
2866 4508 3068 4563 videris
3119 4508 3312 4564 elatio-

1731 4614 1878 4667 nem,
1921 4598 2207 4654 considera
2239 4597 2366 4668 quia
2407 4596 2726 4653 deﬁcientes
2775 4600 2917 4657 sicut
2970 4602 3148 4656 fumus
3178 4602 3313 4656 deli-

1732 4696 1924 4751 cicnt:
1969 4694 2260 4748 recordare
2317 4693 2479 4747 etiam
2510 4704 2746 4764 quantos
2787 4695 2838 4749 in
2876 4696 2963 4751 bis
3015 4695 3312 4751 honoribus

1733 4787 1958 4850 videris,
2005 4794 2059 4842 et
2112 4802 2286 4857 usque
2332 4788 2399 4843 ad
2455 4798 2509 4844 te
2565 4798 2766 4860 quanta
2802 4803 2896 4843 eos
2936 4788 3150 4857 fastigia
3182 4802 3314 4841 con-

1736 4880 2019 4935 scendisse
2050 4879 2387 4946 memineris,
2440 4891 2496 4936 et
2522 4882 2643 4935 vide
2680 4881 2724 4935 si
2766 4896 2871 4934 non
2923 4894 3114 4933 omnes
3153 4880 3312 4946 bene,

1734 4982 2091 5042 posteaquam
2152 4972 2374 5026 exaltati
2420 4982 2569 5035 sunt,
2615 4972 2811 5041 dejecti
2856 4972 3032 5026 denuo
3076 4980 3131 5025 et
3186 4985 3310 5040 pro-

1734 5063 1900 5117 strati
1917 5064 2058 5117 sicut
2087 5061 2267 5116 iuums
2299 5060 2635 5117 deiecerunt.
2676 5062 2891 5116 Inimici
2922 5072 3098 5116 autem
3124 5062 3308 5118 Domi—

1733 5153 1788 5206 ni
1816 5155 1994 5207 statim
2023 5162 2077 5205 ut
2108 5152 2510 5206 Itonorabuntur
2542 5162 2589 5205 et
2627 5153 3025 5220 excitabuntur,
3063 5153 3310 5223 deﬁcien-

1732 5254 1807 5297 tes
1838 5255 1891 5297 ut
1953 5245 2131 5313 fumus
2174 5242 2438 5310 deﬁcient.
2474 5243 2796 5299 Econtrario
2831 5261 2958 5300 vero
3000 5247 3161 5301 amici
3206 5247 3312 5302 Do-

1734 5335 1863 5387 mini
1900 5334 2082 5387 statim
2121 5343 2176 5386 ut
2198 5335 2495 5404 contempti
2537 5334 2734 5389 iuerint
2773 5346 2826 5390 et
2878 5338 3119 5407 despecti
3148 5349 3204 5394 et
3235 5339 3305 5394 ab

1734 5422 2044 5477 hominibus
2082 5422 2377 5491 itumiliati,
2426 5439 2455 5477 εὶ
2494 5425 2606 5481 Deo
2665 5428 3052 5485 exaltabunlut‘
3092 5439 3146 5487 et
3196 5430 3312 5487 eri-

120 5616 166 5646 “
190 5617 355 5671 Amos
386 5618 658 5705 “Lib-Il,
691 5620 779 5674 1‘2.
856 5622 900 5653 ⁸⁸
934 5621 1100 5705 lgor.
1142 5638 1249 5705 xiv,
1293 5625 1385 5680 29.
1463 5626 1509 5657 “
1534 5626 1617 5705 id

1770 5629 1940 5705 nt,6._
2009 5630 2271 5705 "HGAalat.
2335 5650 2385 5701 v,
2419 5636 2511 5690 99..
2589 5637 2632 5669 ⁸⁸
2674 5639 2839 5693 Amos
2882 5656 2934 5705 ν,
2980 5642 3067 5698 l3.
3141 5642 3188 5676 “
3244 5639 3314 5701 ill

50 5683 185 5756 Reg.
224 5701 354 5742 xvtt.
433 5690 479 5720 δ’
510 5688 572 5743 lll
606 5689 736 5760 Reg.
770 5706 881 5745 nx.
962 5693 1001 5723 ⁸¹
1036 5693 1095 5747 lll
1149 5683 1279 5765 lteg.
1325 5711 1455 5750 xm.

1532 5699 1576 5729 δ’
1606 5696 1762 5752 Joan.
1801 5715 1877 5764 Ix,
1917 5701 1970 5753 4.

2052 5702 2270 5760 “Exod.
2303 5721 2355 5759 x.
2435 5710 2481 5739 ⁵³⁸
2517 5708 2605 5763 Ps.
2666 5726 2851 5767 um.
2904 5702 2995 5767 90.
