3896 6700
688 206 818 261 1517

2097 199 2185 255 EX
2213 200 2515 258 ORIGENE
3676 219 3717 273 li;

687 333 876 395 gentur
904 338 915 373 :
949 323 1203 391 quoniam
1244 320 1414 373 omnis
1444 321 1534 386 qui
1566 336 1619 371 se
1645 319 1846 373 exultat
1868 318 2249 381 Imutiliabitur,
2284 315 2330 370 A
2360 331 2453 371 vos
2480 317 2556 372 ":
2593 318 2697 381 Ite,
2731 318 3090 389 negotiamini
3139 336 3399 391 usquequo
3428 325 3715 383 reclamitat

687 426 729 468 et
756 415 846 485 qui
869 431 923 467 se
954 414 1195 465 Immiliat
1229 412 1553 464 exaltabitur
1588 410 1658 463 ⁸⁵.

754 508 838 562 ll.
868 506 993 559 Post
1029 505 1141 557 hare
1178 504 1449 555 adduntur
1487 502 1733 571 quredam
1774 516 1893 572 qua:
1935 518 2043 557 non
2083 517 2251 573 parva

684 598 923 666 indigent
946 594 1303 664 expositione,
1337 594 1413 646 ait
1441 594 1583 646 enim
1613 594 1659 623 “
1687 611 1701 646 :
1741 592 2080 647 .ilutuabitur
2131 610 2253 662 pec-

683 701 828 743 cator
859 698 905 741 et
938 704 1039 741 non
1069 686 1268 749 reddet,
1291 687 1469 753 justus
1502 695 1676 739 autem
1726 687 2002 740 miseretur
2028 697 2076 741 et
2104 703 2250 740 com-

682 781 879 834 modat.
915 779 1086 833 Etiam
1125 779 1226 833 hoc
1287 780 1331 833 si
1402 779 1698 833 secundum
1733 780 1969 834 litteram
2016 782 2252 849 accipia.

680 888 817 933 mus,
854 887 957 926 non
990 872 1261 926 videbitur
1302 886 1509 924 verum.
1562 870 1709 924 Multi
1763 873 1962 925 etenim
2002 882 2251 941 peccato-

680 978 766 1019 res
803 972 989 1015 mutuo
1018 961 1296 1030 accipiunt
1327 961 1616 1029 pecuniam
1642 970 1695 1015 et
1729 963 1956 1016 reddunt
1998 978 2119 1016 cum
2171 962 2251 1017 fe-

679 1068 832 1117 nore,
871 1054 942 1107 ita
985 1063 1041 1107 ttt
1084 1063 1137 1107 et
1183 1053 1283 1122 ipsi
1328 1053 1602 1107 interdum
1648 1053 1856 1108 lucrum
1898 1071 1962 1109 ex
2022 1056 2250 1123 pecunia

678 1163 837 1216 quam
868 1156 1217 1215 sumpserant
1250 1144 1515 1214 ceperint.
1548 1144 1747 1200 Definit
1783 1155 1963 1201 autem
2004 1147 2089 1201 hic
2117 1147 2251 1202 Pro-

677 1242 835 1308 pheta
865 1240 1048 1293 dicens
1084 1230 1111 1290 :‘
1140 1236 1478 1291 Mutuabitur
1510 1249 1775 1305 peccator,
1818 1248 1869 1292 et
1920 1255 2022 1292 non
2066 1240 2245 1295 solvet.

676 1330 781 1384 Sed
826 1330 869 1383 si
905 1329 1179 1397 intelligas
1206 1330 1327 1398 quis
1367 1329 1565 1397 estqui
1616 1316 1861 1393 fenerat;
1905 1341 1959 1383 et
2018 1331 2141 1397 quis
2166 1338 2250 1384 est

677 1423 769 1489 qui
794 1421 989 1489 accipit
1030 1420 1205 1485 fenus,
1224 1430 1277 1475 et
1299 1422 1544 1491 requiras
1568 1423 1691 1491 quis
1710 1431 1793 1475 est
1818 1421 2250 1492 peccator669

675 1517 764 1584 qui
807 1530 912 1568 non
958 1515 1128 1569 reddit
1162 1516 1444 1584 pecuniam
1476 1531 1638 1584 quam
1674 1516 1944 1582 sumpsit,
1975 1515 2248 1584 intelliges

674 1612 1117 1679 consequentiam
1174 1611 1377 1665 habere
1421 1612 1561 1678 quod
1614 1611 1874 1680 scriptttm
1924 1621 2027 1666 est.
2089 1609 2242 1664 Verbi

2357 408 2467 461 lum
2496 424 2714 463 servum
2744 412 2830 479 qui
2862 412 3174 480 pecuniam
3207 414 3530 483 multiplicare
3558 427 3721 483 conisae

2357 512 2436 555 rat
2465 541 2479 565 ,
2521 503 2648 557 dicit
2683 503 2747 566 “,
2781 503 2907 573 quia
2928 502 3195 572 Oportuit
3226 515 3276 559 te
3309 510 3546 571 pecuniam
3566 528 3723 564 uterne:

2356 595 2721 648 nummulariis
2750 635 2764 659 ,
2801 604 2850 649 et
2888 612 2991 665 ego
3026 599 3246 650 veniens
3288 602 3538 667 exegissem
3564 619 3639 654 ean
3666 620 3719 655 ac.

2356 698 2473 735 cum
2516 686 2712 737 usuris.
2749 683 2851 739 Iste
2882 695 2977 739 est
3011 697 3285 754 peccator
3314 690 3399 757 qui
3444 701 3645 745 mutuatur
3660 710 3707 743 ei;

2355 771 2557 826 solvet:
2596 772 2772 840 justus
2803 783 2988 827 autem
3025 788 3317 845 acceptam
3364 781 3600 846 pecuniam
3630 788 3721 836 nsi}

2353 880 2474 917 cum
2509 867 2688 920 usuris
2713 905 2728 930 ,
2781 868 2884 923 hoc
2941 878 3034 922 est
3076 880 3365 939 acceptum
3414 872 3492 925 Dei
3531 876 3715 929 vertam.

2352 958 2605 1025 aperibus
2632 970 3011 1027 repraesentat.
3042 962 3226 1015 Audis
3254 978 3532 1018 sermonem
3549 967 3597 1018 de
3611 970 3723 1019 castis.

2353 1049 2623 1103 collaudas
2660 1053 2975 1117 doctorem,
3011 1055 3373 1121 amplecteris
3400 1055 3723 1113 tioctrinam.aé:

2352 1140 2493 1193 raris
2526 1142 2891 1210 magisterium
2921 1182 2940 1207 ,
2999 1156 3105 1211 per
3152 1143 3272 1197 ιιπο
3325 1145 3573 1213 suscepisti
3606 1161 3727 1213 pecua

2352 1232 2638 1287 castitatis.
2678 1233 2743 1287 Et
2783 1236 2826 1289 si
2855 1236 3090 1303 quidem
3127 1244 3388 1304 peccator
3423 1252 3500 1298 es,
3525 1250 3720 1304 egressus:

2352 1322 2569 1377 clesiam
2601 1325 2792 1380 inseris
2829 1338 2879 1381 te
2933 1328 3185 1395 negotiis
3228 1328 3571 1389 saecularibus,
3601 1330 3725 1394 enica,

2352 1413 2571 1468 lascivia
2600 1455 2614 1478 ,
2649 1416 3365 1486 subsequiturtemulentis
3391 1460 3405 1485 ,
3436 1430 3726 1489 corruptorum

2352 1505 2557 1559 minum
2585 1507 2827 1561 malefida
2853 1509 3171 1579 colloquia,
3201 1510 3399 1565 oblitus
3414 1510 3725 1563 continuom:

2353 1613 2471 1666 qua:
2516 1614 2545 1651 a
2585 1600 2803 1655 doctore
2849 1616 3197 1671 susceperas
3228 1642 3245 1667 ,
3287 1619 3400 1672 qua:
3428 1601 3723 1665 lauilareras.¢:z

673 1705 871 1773 gratia,
906 1719 1029 1755 cum
1063 1704 1221 1755 ducet
1252 1702 1451 1756 Paulus
1480 1711 1535 1755 et
1570 1702 1827 1756 assistunt
1854 1702 1903 1755 ei
1945 1704 2241 1767 auditores,
2279 1694 2321 1749 Β
2348 1690 2646 1743 admiratus
2678 1689 2882 1755 5007359
2904 1701 2963 1746 el
2991 1694 3065 1747 ad
3096 1694 3365 1762 ίηιΡιιάίο³
3398 1708 3573 1745 “"5"”
3593 1694 3723 1745 ww

673 1794 870 1850 Paulus
913 1805 997 1847 est
1032 1796 1121 1864 qui
1153 1796 1437 1861 pecuniam
1483 1794 1691 1847 fenerat
1746 1793 2112 1857 dominicam,
2145 1810 2243 1848 au-

674 1887 878 1940 ditores
908 1896 1087 1939 autem
1120 1898 1246 1940 sunt
1276 1889 1366 1955 qui
1397 1904 1460 1941 ex
1495 1904 1589 1941 ore
1629 1887 1745 1956 ejus
1773 1888 2059 1957 pecuniam
2092 1889 2243 1943 verbi

672 1978 978 2046 suscipiunt
1021 1977 1341 2033 feaeratam.
1385 1980 1448 2033 Et
1502 1980 1545 2033 si
1591 1980 1805 2048 quidem
1847 1972 2022 2045 justus
2056 1980 2245 2050 sitqui

671 2070 933 2137 suscipiat
984 2071 1053 2121 ab
1085 2084 1149 2121 co
1184 2070 1491 2138 pecuniam.
1540 2070 1726 2125 reddet
1774 2072 2041 2141 integrum
2089 2073 2243 2127 fenus

670 2174 723 2214 et
751 2161 922 2217 dicet:
944 2162 1191 2230 Quinque
1218 2178 1373 2215 muas
1410 2163 1540 2215 mihi
1574 2162 1790 2224 dedisti,
1826 2178 1951 2217 ecce
1978 2163 2242 2232 acquisivi

672 2254 810 2307 alias
842 2255 1085 2323 quinque
1114 2253 1179 2305 ⁸⁷.
1227 2253 1281 2307 Si
1308 2252 1488 2321 justus
1533 2262 1619 2307 est
1645 2293 1659 2318 ,
1691 2253 1860 2308 dicit:
1886 2252 2133 2327 Quinque
2166 2266 2244 2310 ta-

672 2347 814 2400 lenta
848 2346 975 2399 mihi
1007 2345 1227 2407 dedisti,
1262 2360 1392 2400 ecce
1426 2348 1597 2402 habes
1646 2348 1831 2402 decem
1850 2344 1986 2408 rvel,
2009 2346 2127 2401 Duo
2162 2357 2244 2403 ta—

672 2438 814 2491 lenta
850 2437 981 2491 mihi
1027 2437 1219 2490 dedisti
1251 2476 1265 2497 ,
1296 2452 1425 2491 ecce
1458 2438 1628 2493 habes
1661 2450 1896 2509 quatuor
1924 2439 1993 2496 ⁸⁸.
2025 2439 2081 2495 Si
2111 2455 2242 2495 vero

670 2539 923 2598 peccator
952 2539 1033 2582 est
1061 2569 1074 2593 ,
1110 2538 1363 2597 suscepto
1409 2529 1500 2583 Dei
1535 2530 1700 2585 verbo
1732 2546 1837 2584 non
1885 2540 2142 2600 operatur
2174 2546 2237 2587 ex

667 2636 733 2674 eo
766 2636 929 2688 opera
974 2619 1210 2673 mandati
1238 2661 1255 2685 ,
1284 2630 1338 2674 et
1369 2636 1475 2672 non
1511 2621 1687 2673 reddit
1731 2635 1922 2675 usuras
1944 2660 1961 2685 ,
1998 2622 2090 2675 sed
2119 2636 2243 2676 cou-

668 2710 837 2762 sumit
880 2710 1059 2763 omnia
1092 2724 1211 2777 qua:
1257 2712 1466 2777 accepit
1514 2711 1566 2763 in
1627 2710 1805 2765 fenus.
1848 2712 1987 2768 Ecce
2017 2726 2070 2767 et
2098 2732 2240 2771 nunc

668 2810 766 2849 vos
793 2811 981 2851 omnes
1016 2798 1214 2866 quibus
1246 2798 1362 2852 haec
1407 2798 1599 2866 loquor
1624 2839 1639 2863 ,
1680 2805 1961 2869 pecuniam
1993 2805 2239 2875 accipitis

670 2890 965 2944 feneratam
1005 2891 1168 2943 verba
1238 2905 1395 2952 mea.
1446 2891 1559 2945 hac
1594 2893 1819 2961 pecunia
1874 2893 2083 2949 Domini
2133 2907 2235 2951 est.

669 2983 777 3033 Aut
812 2982 853 3034 si
887 2980 1105 3036 dubitas
1128 3022 1145 3048 ,
1183 2982 1307 3035 audi
1354 2982 1677 3050 Prophetam
1713 2985 1981 3039 dicentem
2011 2989 2078 3052 ³³,
2108 2988 2236 3057 quia

660 3068 879 3141 Eloquia
908 3072 1117 3127 Domini
1142 3073 1347 3145 eloquia
1378 3086 1546 3139 casta,
1580 3087 1853 3145 argentum
1895 3078 2014 3147 igne
2044 3081 2236 3148 proba-

666 3168 775 3213 tum
807 3170 963 3217 terra:
994 3174 1276 3234 purgatum
1305 3166 1622 3233 septuplum.
1645 3167 1702 3221 Si
1723 3183 1852 3236 ergo
1877 3169 2017 3225 male
2046 3170 2236 3238 doceo,

662 3254 891 3320 pecunia
941 3270 1056 3307 mea
1111 3256 1337 3325 reproba
1373 3267 1455 3311 est
1484 3296 1499 3321 ,
1554 3261 1851 3315 secundum
1891 3262 2010 3317 illos
2041 3264 2238 3331 quibus

664 3348 865 3401 dictum
917 3357 999 3402 est
1028 3348 1098 3410 ⁸ο,
1130 3360 1403 3419 argentum
1453 3362 1679 3404 uestrum
1717 3354 2008 3419 reprobum.
2039 3354 2094 3411 Si
2141 3371 2236 3410 au-

663 3449 768 3491 tcm
820 3439 952 3492 bene
1002 3439 1171 3493 doceo
1205 3480 1220 3503 ,
1274 3440 1500 3510 pecunia
1542 3442 1621 3497 vel
1673 3454 1959 3513 argentum
2008 3461 2111 3499 non
2152 3454 2236 3501 est

661 3544 861 3593 tnenm,
891 3530 984 3583 sed
1018 3531 1227 3584 Domini
1255 3541 1358 3595 est,
1392 3540 1445 3585 et
1486 3533 1772 3600 probatum
1798 3545 1900 3590 est.
1934 3536 2080 3592 Licet
2106 3553 2234 3609 ergo

661 3617 790 3670 mih'i
824 3618 1075 3673 fenerare
1120 3622 1403 3689 pecuniam
1435 3622 1666 3688 Domini,
1699 3640 1873 3678 tneam
1906 3637 2084 3682 autem
2108 3644 2234 3697 pro-

658 3711 831 3779 priam
886 3711 1167 3780 pecuniam
1223 3728 1326 3766 non
1376 3713 1539 3777 licet,
1588 3714 1711 3783 quia
1755 3716 1976 3770 verbum
2018 3718 2230 3774 Domini

657 3805 909 3875 prohibet
957 3806 1248 3859 ltutnauam
1316 3807 1601 3875 pecuniam
1663 3805 1918 3863 feuerari.
1967 3809 2098 3875 Qua:
2146 3822 2230 3867 est

655 3912 785 3965 ergo
835 3897 1067 3948 humana
1095 3936 1110 3961 ,
1149 3904 1202 3950 et
1242 3912 1361 3965 qua:
1410 3897 1620 3953 Domini
1655 3900 1923 3968 pecunia?
1959 3900 2071 3972 Ego
2100 3913 2228 3974 puto

656 3987 799 4056 quod
830 3988 1095 4040 Valentini
1126 4002 1304 4041 sermo
1338 3987 1570 4042 humana
1595 3991 1827 4058 pecunia
1857 4001 1939 4047 est
1968 4003 2023 4047 et
2049 4010 2230 4063 repro-

654 4083 718 4136 ba
743 4121 758 4143 ,
792 4091 845 4134 ct
878 4081 1167 4135 Marcionis
1216 4090 1266 4133 et
1305 4079 1557 4137 Basilidis
1592 4086 1819 4152 pecunia
1866 4086 2097 4140 humana
2141 4096 2225 4141 est

649 4182 705 4225 et
736 4173 989 4238 rcprnha,
1019 4181 1071 4224 ct
1101 4171 1342 4225 omnium
1383 4172 1764 4228 hmreticorum
1796 4191 1976 4231 sermo
2010 4192 2112 4231 non
2141 4188 2225 4231 est

650 4266 875 4333 probata
910 4264 1160 4332 pecunia,
1191 4279 1291 4318 nec
1338 4265 1668 4319 dominicam
1703 4267 1913 4338 integre
1948 4268 1999 4322 in
2039 4286 2098 4325 se
2127 4271 2222 4324 ha-

650 4359 738 4410 bet
766 4355 1013 4424 figuram,
1046 4357 1138 4410 sed
1166 4356 1490 4422 adulteram,
1520 4373 1661 4427 quae,
1682 4368 1738 4413 ut
1765 4359 1833 4412 ita
1852 4360 2217 4424 dicam,extra
2251 4375 2295 4429 ι)
2327 4362 2436 4415 dite
2484 4361 2608 4415 alibi
2667 4360 2832 4414 Deum
2881 4362 3153 4416 dicentem
3171 4353 3429 4422 adeSlum

650 4456 921 4501 monetam
976 4449 1046 4501 ita
1102 4448 1329 4516 figurata
1369 4459 1490 4511 est,
1542 4450 1668 4519 quia
1721 4459 1872 4504 extra
1922 4449 2214 4505 Ecclesiam

645 4539 945 4609 composita
985 4549 1088 4593 est.
1139 4541 1193 4593 Si
1232 4551 1411 4594 autem
1442 4539 1645 4596 videris
1693 4541 1924 4610 aliquem
1980 4558 2083 4596 non
2120 4558 2215 4597 sua

644 4630 887 4704 propria,
918 4630 1012 4683 sed
1046 4629 1137 4684 Dei
1170 4631 1334 4683 verba
1365 4629 1799 4699 proloquentem,
1832 4633 1924 4701 qui
1955 4649 2080 4688 vere
2122 4649 2217 4687 au-

644 4723 767 4775 deat
804 4721 983 4776 dicere
1009 4721 1052 4752 “
1085 4736 1099 4774 :
1141 4721 1220 4773 An
1254 4722 1655 4789 probamentum
1693 4724 1932 4790 quwritis
1962 4725 2076 4793 ejus
2115 4727 2207 4795 qui

644 4816 697 4869 in
744 4832 825 4870 me
850 4815 1085 4881 loquitur
1116 4811 1333 4879 Christi,
1364 4813 1502 4867 scito
1552 4815 1679 4881 quia
1716 4814 1818 4867 iste
1852 4814 2059 4869 fenerat
2088 4818 2210 4886 qui-

644 4908 785 4970 dem,
818 4914 871 4959 et
912 4922 1019 4959 non
1054 4920 1231 4969 suam,
1267 4906 1359 4961 sed
1398 4904 1607 4959 Domini
1656 4906 1943 4974 pecuniam
1979 4906 2209 4973 fenerat,

638 5008 692 5053 et
723 4996 854 5051 facit
896 4998 1026 5052 illud
1063 5000 1208 5066 quod
1241 5000 1504 5067 scriptum
1533 5008 1616 5053 est
1648 5000 1721 5053 “:
1764 4999 1893 5054 Tota
1935 5001 2019 5055 die
2059 5003 2213 5055 mise-

640 5101 783 5143 retur
816 5097 865 5141 et
894 5089 1118 5157 fenerat,
1158 5089 1363 5143 habens
1394 5090 1775 5145 auctoritatem
1822 5090 2101 5147 fenerandi
2145 5095 2212 5148 ab

638 5182 753 5252 ipso
775 5180 875 5235 sibi
906 5195 1027 5235 meo
1050 5181 1158 5235 Deo
1179 5180 1303 5235 Jesu
1337 5180 1556 5238 Christo
1578 5183 1782 5238 datam.
1804 5183 1932 5261 ipse
1956 5197 2037 5241 est
2065 5188 2210 5241 enim

639 5274 899 5329 Dominus
928 5275 1017 5343 qui
1048 5273 1099 5327 in
1134 5273 1386 5341 parabola
1414 5275 1537 5329 data
1573 5280 1803 5346 pecunia
1840 5279 1969 5333 dicit
2001 5281 2065 5332 ad
2097 5294 2212 5334 ser-

695 5500 739 5529 δε
768 5500 898 5555 Luc.
926 5516 1035 5561 xw,
1072 5500 1156 5553 tt.
1234 5500 1280 5529 ιε
1307 5498 1446 5551 Psal.
1480 5514 1661 5556 xxxvi.
1696 5500 1784 5552 at.
1863 5500 1905 5530 εν
1936 5498 2065 5551 Luc.
2099 5514 2205 5557 XIX,
2248 5497 2325 5550 ts.
2403 5496 2448 5527 εκ
2485 5496 2671 5549 Matth.
2707 5514 2829 5559 xxv,
2852 5499 2921 5552 eo
2946 5507 3000 5551 et
3023 5499 3109 5552 εξ.
3176 5478 3360 5579 191’s?!-

719 5570 771 5620 3.
869 5572 910 5601 ⁶¹
946 5570 987 5620 ll
1016 5570 1139 5620 Cor.
1173 5585 1291 5620 xm.
1320 5570 1371 5620 5.
1471 5569 1677 5620 “‘Psal.
1713 5585 1891 5620 χχχιιι.
1925 5569 2011 5620 26.
2110 5570 2154 5598 ⁸³
2186 5568 2313 5619 an.
2363 5584 2468 5620 m.
2502 5569 2585 5620 15.
2687 5569 2730 5598 ⁵⁸
2758 5568 2944 5620 Matth.
2986 5586 3107 5620 xxv.
3140 5565 3221 5619 21.
3352 5616 3360 5620 Α

2136 5583 2154 5597 ⁴’
2188 5583 2313 5619 ιλιιρ.
2363 5584 2468 5624 XIX.
2502 5583 2585 5620 τί).

2176 5640 2296 5677 εει-δῦ
2328 5638 2495 5691 Exod.
2537 5654 2686 5699 χχιιι,
2718 5639 2804 5692 ‘22.

626 5586 678 5621 v.
719 5570 771 5620 ὅ.
869 5572 910 5601 ⁶¹
946 5570 987 5624 11
1016 5570 1139 5625 Cor.
1173 5585 1291 5630 xm,
1320 5570 1371 5622 5.
1471 5569 1677 5622 “Psal.
1713 5585 1891 5629 xxxvi,
1925 5569 2011 5622 26.

629 5642 673 5668 δε
702 5638 890 5693 Matth.
922 5657 994 5699 1x.
1030 5643 1129 5699 i5;
1161 5639 1285 5695 Ose.
1314 5657 1388 5699 vn,
1422 5639 1474 5693 6.
1552 5640 1595 5669 ⁶⁷
1625 5639 1764 5692 Psal.
1805 5655 1982 5699 XXXVI,
2009 5640 2096 5691 Ἡ.

2348 1791 2531 1835 scorta
2560 1821 2575 1847 ,
2615 1792 2670 1837 et
2713 1781 2944 1839 eﬂectus
2998 1800 3066 1839 es
3114 1796 3394 1855 peccator,
3436 1786 3513 1854 qui
3551 1795 3721 1836 multuqu

2348 1876 2572 1929 verbum
2615 1876 2881 1930 castitatis
2920 1888 2979 1931 et
3031 1893 3148 1932 non
3198 1879 3377 1933 reddis
3416 1894 3548 1944 Opem
3587 1884 3714 1929 castra:

2348 1965 2614 2021 Similiter
2642 1976 2697 2020 et
2721 1967 2766 2021 si
2794 1968 3049 2023 audieris
3081 1970 3313 2023 verbum
3335 1968 3535 2036 justiti:
3556 1967 3593 2020 in
3618 1966 3719 2019 acies.

2343 2071 2594 2127 egressus
2627 2073 2686 2114 es
2720 2058 2901 2126 foras,
2943 2062 3208 2117 occurrit
3240 2061 3333 2114 tibi
3369 2061 3542 2113 vicinas
3562 2058 3656 2124 cujus
3672 2072 3708 2121 agi

2345 2149 2454 2203 ium
2496 2152 2852 2221 concupieras
2876 2192 2893 2217 ,
2944 2161 3007 2207 et
3046 2154 3318 2208 continuo
3351 2152 3520 2206 oblitus
3545 2162 3659 2203 eorum
3682 2160 3717 2208 ια

2344 2242 2484 2297 dicta
2508 2253 2655 2309 sunt,
2685 2254 2742 2297 ut
2774 2244 3077 2313 cupiditati
3117 2254 3225 2298 tua:
3253 2242 3523 2297 satisfacias
3544 2239 3717 2300 inradisqu

2344 2334 2517 2389 aliena
2537 2346 2684 2401 sunt,
2719 2346 2772 2391 et
2793 2338 2875 2392 sic
2910 2346 3210 2392 mutuatus
3236 2336 3301 2389 de
3323 2335 3506 2404 justiti:
3525 2329 3717 2401 pecunith

2344 2429 2527 2483 reddis
2558 2444 2773 2494 usuras,
2812 2446 3059 2502 operans
3095 2443 3254 2504 gesta
3292 2429 3506 2502 justitiz.
3532 2425 3592 2479 Sic
3623 2428 3717 2485 εῐὲθε

2342 2522 2407 2575 de
2438 2522 2663 2592 singulis
2689 2524 3001 2596 quibusque
3033 2538 3320 2582 mutuatur
3348 2525 3589 2593 peccatore!
3608 2510 3717 2564 ista

2340 2623 2445 2678 ret,
2469 2615 2650 2685 justus
2680 2626 2854 2672 autem
2879 2622 3177 2674 miseretur
3199 2630 3248 2674 et
3277 2614 3528 2672 commodat
3546 2608 3589 2657 “.
3606 2604 3715 2656 Νοιιῦ

2342 2705 2451 2759 lum
2476 2746 2490 2768 ,
2552 2707 2720 2777 inquit
2747 2750 2762 2771 ,
2814 2709 3037 2765 fenerat
3081 2710 3270 2779 justus
3298 2750 3313 2774 ,
3353 2708 3441 2761 hoc
3464 2711 3523 2757 est
3555 2690 3713 2779 υοοωλε

2340 2796 2598 2864 prtedicat
2636 2799 2884 2862 verbum,
2917 2800 3028 2855 hoc
3062 2811 3151 2855 est
3190 2816 3295 2853 non
3325 2796 3467 2850 solum
3493 2782 3711 2845 ductim?"

2340 2895 2446 2953 tos,
2471 2901 2659 2941 verum
2686 2888 2849 2941 etiam
2881 2891 3194 2947 miseratur
3217 2889 3453 2944 infirmos.
3471 2878 3632 2945 Sequitur
3644 2880 3712 2921 cata

2339 2978 2645 3046 “emplum
2699 2977 2910 3035 Domini
2943 2982 3194 3038 dicentis
3217 2981 3299 3031 ’σε
3336 2965 3614 3033 Miserandam
3635 2956 3710 3007 nm

2338 3086 2494 3139 quam
2516 3070 2853 3139 sacriﬁcium.

2411 3161 2496 3216 12.
2532 3161 2670 3227 Quia
2704 3164 2793 3232 qui
2838 3163 3160 3218 benedicunt
3201 3177 3355 3224 eum,
3391 3140 3706 3247 Ιιατάξίίξιῗξῖξ

2338 3270 2484 3320 rum;
2506 3255 2595 3324 qui
2626 3266 2799 3309 autem
2826 3254 3162 3310 maledicunt
3191 3270 3331 3316 eum,
3354 3232 3711 3328 meministin?-

2337 3345 2436 3412 Qui
2468 3347 2795 3401 benedicnnt
2827 3361 2977 3411 eum,
3012 3348 3069 3402 id
3104 3357 3191 3400 est
3226 3344 3316 3414 qui
3344 3325 3706 3394 benedicuntinswm

2338 3440 2737 3494 haereditabunt
2768 3451 2996 3495 terram.
3068 3413 3256 3504 Quam
3308 3442 3475 3489 terram
3493 3413 3707 3504 ἱιιιιιιὶιίῖηίῖῆ

2338 3540 2540 3585 terram
2577 3529 2808 3582 multam
2848 3496 3261 3584 ba-reditabunt
3292 3523 3423 3576 illam
3446 3512 3617 3567 ﬂuentem
3636 3496 3705 3585 lii“

2336 3621 2463 3686 mel,
2500 3622 2588 3675 ubi
2617 3631 2747 3675 sunt
2772 3622 2909 3675 bona
2946 3622 3045 3677 illa
3080 3637 3204 3692 qua:
3246 3629 3365 3671 vere
3391 3612 3503 3665 b0"a
3525 3583 3704 3696 5W3}???

2333 3684 2683 3785 possidebunt
2732 3714 2823 3783 qui
2878 3684 3219 3769 benedicunt
3246 3710 3466 3808 justum,

2334 3821 2462 3861 vero
2502 3820 2622 3860 eum
2658 3806 3203 3860 exterminabuntur.
3251 3798 3313 3853 Et
3345 3791 3475 3846 vobis
3499 3779 3704 3891 parmai:

2334 3907 2421 3951 tur
2452 3898 2725 3951 interdum
2758 3897 2895 3951 male
2933 3898 3088 3969 Iani
3120 3896 3187 3951 de
3216 3887 3434 3947 sanctis.
3463 3886 3504 3930 ει

2329 3992 2486 4046 vobis
2514 3991 2697 4045 dicere
2732 3991 2796 4045 de
2826 3991 3007 4045 servis
3043 3990 3163 4053 Dei,
3190 3985 3279 4039 Ille
3309 3979 3418 4034 talis
3438 3981 3480 4026 et
3501 3958 3705 4082 “him;

2332 4083 2525 4153 ﬁngit,
2561 4093 2615 4137 cl
2646 4082 2736 4138 ille
2770 4083 3028 4138 saeculum
3065 4081 3281 4149 diligit,
3318 4072 3395 4127 ille
3418 4054 3702 4176 infimi:

2327 4187 2431 4239 est,
2471 4190 2576 4231 non
2611 4178 2769 4232 audis
2799 4177 2925 4245 quia
2963 4178 3060 4247 qui
3096 4148 3653 4247 maledicuntjIlS|_“_"‘_'f‘x

2329 4270 2729 4323 minabantur?
2760 4270 2866 4323 Attt
2909 4269 2953 4324 si
2985 4271 3092 4325 hoc
3124 4277 3307 4338 parum
3336 4229 3703 4375 \‘Oltifs‘;"e;:;;:

2346 4362 2397 4375 ι.-
2517 4361 2570 4375 ιο-
2597 4361 2608 4371 -
2667 4360 2705 4375 η
2899 4362 2930 4375 μ
3048 4373 3056 4375 ,
3210 4354 3233 4375 ,1
3252 4353 3428 4375 tuM-nn
3485 4348 3496 4362 '
3549 4344 3557 4375 ξ
3617 4354 3624 4366 ·

2324 4466 2412 4503 ero
2465 4449 2692 4504 inimicis
2748 4453 2889 4516 tuis,
2938 4460 2986 4503 et
3041 4442 3351 4503 adversabor
3388 4410 3705 4553 adpetwf'lrhi:

2327 4541 2424 4553 υ..
2491 4542 2502 4553 .
2710 4542 2743 4553 Α.
2875 4541 2886 4551 .
2970 4542 2999 4553 ..
3065 4547 3075 4553 .
3134 4542 3145 4552 .
3194 4540 3203 4549 ι
3245 4525 3552 4553 ,--_-_::..cltc-

3506 4527 3553 4569 IS.

2327 4541 2535 4597 Videtis
2556 4542 2744 4611 quanti
2775 4541 3000 4611 periculi
3032 4547 3105 4599 sit
3134 4525 3703 4628 inimicarinjusttsslt‘:l

2345 4590 2354 4595 “
2378 4590 2532 4597 "'""
2561 4590 2744 4611 “ι’““”⁷⁷”
2775 4590 3000 4611 l'""""
3032 4590 3105 4599 ""
3134 4590 3184 4594 ’ν
3410 4590 3419 4592 '
3535 4602 3542 4610 .

2326 4634 2473 4702 lomti
2508 4633 2575 4687 de
2599 4636 2825 4687 sanetis.
2863 4634 2920 4687 Si
2956 4636 3103 4688 enim
3130 4642 3251 4683 vere
3277 4617 3510 4679 credi!!!”
3534 4590 3689 4702 Muigo:

2324 4728 2460 4781 dixit
2490 4728 2747 4781 Dominus
2781 4727 2847 4781 de
2874 4738 3195 4796 unoquoque
3238 4717 3483 4809 servorum
3507 4690 3700 4809 Αεέἱίῖῖυξὶβ

3001 4789 3016 4796 _
3113 4789 3124 4793 _
3651 4789 3699 4809 μ.

2321 4818 2447 4886 quia
2471 4816 2696 4881 Esurivi,
2724 4826 2769 4868 et
2804 4834 2906 4870 non
2942 4819 3157 4870 dedistis
3185 4806 3305 4864 mihi
3335 4789 3699 4902 ιιιαηιίηοδίζζῗίἒῐιπξὲ

2322 4926 2440 4979 ψιίὲ
2472 4910 2620 4963 addit
2657 4921 2713 4963 et
2743 4909 2896 4975 dicit,
2945 4909 3072 4978 quia
3106 4906 3192 4976 qui
3239 4898 3320 4953 uni
3349 4904 3404 4944 εκ
3448 4880 3698 5001 ⁰ξ¹¹;,¹2;1ἷιῑζιιτ

2340 4966 2355 4979 _
2883 4966 2894 4975 .
2965 4966 2977 4978 .
3123 4966 3135 4976 -
3648 4966 3681 4987 ⁷δ¹

2322 5000 2453 5055 fecit
2477 5040 2492 5066 ,
2523 5001 2652 5054 mihi
2685 5000 2810 5054 fecit
2835 5042 2849 5065 ,
2891 5011 3223 5071 consequens
3256 4998 3332 5043 ρει
3373 4966 3693 5095 “‘jetjlocpiiabt

2311 5097 2411 5164 Qui
2436 5096 2842 5152 maledicebatis
2866 5098 3021 5162 mihi,
3051 5063 3699 5196 detraltebafis'demnle'gi‘srii

2318 5199 2503 5243 contra
2532 5205 2615 5243 me
2644 5190 3030 5258 loquebamini,
3054 5200 3104 5245 et
3132 5167 3693 5273 θςευείδδθίιίδξξῇῖξῗειί

2320 5282 2599 5337 xei-imus:
2634 5283 2861 5338 Domine
2890 5326 2905 5349 ,
2945 5286 3154 5354 quando
3196 5272 3283 5330 tibi
3314 5249 3629 5321 malcdtxtmus,

3308 5524 3360 5579 ξε-
3374 5524 3484 5596 ρςαι,
3506 5524 3613 5576 ωτι

3343 5616 3370 5652 ο

2687 5569 2730 5598 5“
2758 5568 2944 5621 Matth.
2986 5586 3107 5627 xxv.
3140 5564 3221 5619 27.

2882 5642 2928 5669 ⁷⁰
2963 5621 3138 5694 Matth.
3172 5644 3279 5686 xxv.
3312 5621 3388 5671 4‘2-
