3896 6700
3 239 78 291 15
106 239 189 290 δ’)

764 229 1072 285 SELECTA
1100 227 1164 281 1N
1200 224 1541 282 PSALMOS.
1568 254 1636 263 —
1680 224 1919 282 IIOMIL.
1953 226 2021 283 IV
2061 229 2125 282 IN
2165 230 2358 284 PSAL.
2401 228 2638 285 XXXVI.

3214 234 3353 289 ιδεμ

4 361 299 427 ιιιειιιιιο
338 353 713 415 detraximus;
747 358 839 403 aut
868 349 1083 418 quando
1108 346 1241 399 falsa
1278 355 1469 399 contra
1506 351 1555 394 te
1584 340 1662 393 lo-
1697 342 1741 398 Α
1771 353 2014 399 catorunt
2050 347 2233 412 sudes,
2269 356 2382 401 tum
2412 347 2609 403 deinde
2638 361 2896 416 scrupeas
2934 349 3190 417 nequitia:
3222 366 3353 406 οειιι-

3 450 148 505 cuti
191 448 455 506 sumus?
487 455 617 500 tunc
650 444 792 498 dicet
822 442 889 496 ad
924 455 1020 494 nos
1041 440 1118 493 “z
1149 437 1312 490 Amen
1348 434 1465 488 dico
1493 433 1660 495 vobis,

3 547 175 615 quia
241 545 399 615 quod
433 541 630 611 fecistis
674 539 765 591 uni
810 552 874 590 ea:
925 536 1052 588 meis
1092 530 1360 593 minimis,
1407 527 1537 579 mihi
1588 525 1664 587 fe-

3 642 233 696 cistis.
296 637 462 693 Sicut
504 635 649 691 cnim
698 632 891 687 dantes
926 628 1259 683 manducare
1300 623 1393 677 uni
1443 638 1505 677 ex
1546 620 1665 675 istis

3 736 185 790 mihi
232 733 482 797 fecistis,
513 739 567 784 et
596 728 791 781 dantes
815 726 1002 780 bibere
1034 721 1123 776 uni
1148 736 1214 775 ex
1246 719 1366 773 istis
1397 717 1526 771 mihi
1572 716 1663 767 dc-

4 828 250 893 distis,
275 834 339 880 et
365 821 804 879 sicutindnentes
826 832 992 872 unum
1014 830 1078 869 ex
1104 814 1248 877 istis,
1264 826 1349 865 me
1372 808 1658 871 induistis;

4 919 105 971 ita
147 915 572 971 maledicentes
610 912 699 963 uni
732 908 975 971 existis,
1011 904 1143 959 mihi
1179 900 1565 962 maledixistis,
1607 907 1663 951 et

4 1008 69 1063 si
126 1006 533 1063 benedixistis
562 1001 644 1057 vel
686 998 993 1057 honorastis
1044 1011 1211 1050 unum
1263 1010 1329 1049 ex
1363 993 1448 1047 his
1476 1032 1491 1058 ,
1525 989 1657 1044 mihi

4 1100 466 1162 benedixistis,
498 1109 553 1151 et
578 1111 662 1150 me
692 1089 1027 1154 honorastis,
1056 1088 1198 1143 sicut
1226 1096 1280 1141 et
1308 1084 1433 1141 alibi
1468 1082 1664 1138 nihilo-

4 1196 249 1251 sm'mus
286 1194 424 1249 dicit
447 1195 522 1246 "z
563 1190 666 1257 Qui
702 1205 786 1242 eos
826 1186 1027 1253 recipit,
1064 1203 1145 1239 me
1182 1183 1398 1250 recipit;
1425 1188 1478 1234 et
1509 1197 1521 1232 :
1556 1175 1660 1244 Qui

4 1304 130 1340 τινος
167 1287 430 1352 spernit,
474 1299 553 1336 me
591 1280 807 1350 spernit.
861 1277 1154 1346 PrOpterea
1210 1287 1337 1340 ergo
1375 1268 1656 1327 continea-

8 1394 176 1435 mus
205 1378 460 1444 linguam
487 1385 753 1440 nostram,
779 1381 827 1427 et
849 1386 1037 1426 servos
1062 1367 1273 1423 Domini
1300 1365 1655 1428 admiremur,

4 1479 88 1531 ,οι
134 1468 560 1524 bcnedicamus
582 1466 781 1535 justos,
810 1471 864 1517 et
892 1472 1172 1529 nunquam
1208 1455 1560 1510 detrahamus
1591 1452 1658 1504 de

8 1564 123 1625 ,cis
158 1604 176 1628 ,
225 1577 339 1616 nec
383 1562 687 1629 aperiamus
722 1555 887 1627 67o
913 1568 975 1607 os
1007 1559 1253 1605 nostrum
1291 1547 1358 1603 ad
1403 1547 1545 1600 male
1575 1544 1654 1598 lo-

4 1660 377 1728 :quendum,
400 1670 467 1709 ue
496 1653 635 1707 forte
659 1648 1106 1708 exterminemur,
1134 1642 1227 1699 sed
1250 1640 1649 1699 benedicamus,

10 1761 99 1815 ait
138 1759 207 1805 et
243 1764 349 1803 nos
376 1743 803 1802 benedictionem
827 1751 1224 1806 consequamur
1250 1748 1348 1803 per
1378 1731 1653 1787 Christum

6 1842 372 1907 ,Dominum
411 1847 658 1893 nostrum
685 1875 700 1901 ,
748 1833 835 1888 cui
866 1840 952 1888 est
989 1830 1161 1900 gloria
1210 1836 1263 1883 et
1305 1833 1551 1897 potestas
1598 1822 1654 1876 in

4 1936 274 2003 ;sa:cula
304 1930 647 1988 saeculorum.
684 1928 879 1983 Amen.

664 2064 948 2124 HOMILIA
977 2063 1065 2119 IV.

4 2170 17 2240 ῗ
49 2170 135 2226 De
162 2172 359 2228 eodem
396 2168 599 2241 psalmo
620 2203 636 2227 ,
687 2163 754 2241 ab
803 2161 896 2241 illi:
922 2168 1070 2241 parte
1095 2170 1114 2209 .°
1141 2174 1172 2241 s_
1190 2153 1343 2224 Apud
1369 2150 1652 2207 Dominum

4 2236 17 2287 ξ
396 2230 410 2241 ’
431 2253 640 2309 gressus
678 2230 907 2287 hominis
938 2230 1295 2297 diriguntur.)

4 2348 13 2381 ι
128 2329 179 2380 Α
220 2328 479 2392 Domino,
519 2323 687 2393 inquit
720 2321 788 2385 ⁷⁸,
814 2334 1022 2390 gressus
1060 2314 1287 2369 hominis
1332 2312 1651 2382 diriguntur.

4 2444 13 2479 t
45 2425 123 2478 Et
154 2422 301 2476 alibi
351 2419 539 2497 in‘ltoc
566 2416 772 2486 psalmo
820 2412 953 2467 dicit
978 2411 1043 2464 de
1078 2406 1354 2480 gressibus
1386 2405 1519 2473 justi
1551 2405 1655 2459 hoc

4 2540 9 2571 :
39 2514 233 2571 modo
266 2513 348 2564 7':
389 2509 497 2564 Lex
522 2508 618 2562 Dei
649 2510 764 2575 ejus
793 2506 846 2558 in
887 2503 1041 2557 corde
1081 2501 1268 2569 ipsius,
1309 2510 1355 2553 et
1402 2514 1503 2551 non
1536 2508 1654 2563 snp-

4 2642 7 2649 ι
40 2604 459 2673 plantabuntur
494 2614 702 2669 gressus
762 2596 900 2664 ejus.
954 2592 1059 2647 Sed
1088 2604 1143 2646 et
1172 2592 1225 2644 in
1253 2588 1654 2659 septuagesimo

39 2696 318 2753 secundo
353 2692 559 2763 psalmo
592 2688 791 2743 dicitur
826 2686 905 2740 7°:
961 2683 1305 2738 Paulominus
1342 2682 1497 2750 e/fusi
1530 2689 1649 2733 sunt

40 2802 285 2859 gressus
318 2784 435 2837 mei.
469 2781 699 2836 Cressus
726 2791 854 2846 ergo
897 2790 925 2828 a
960 2774 1256 2845 gradiendo
1286 2772 1648 2835 nominamus,

44 2877 376 2936 secundum
403 2873 532 2929 illud
562 2871 706 2941 quod
738 2872 790 2922 in
826 2867 1013 2922 Exodo
1053 2866 1317 2935 scriptum
1347 2872 1428 2918 ost
1452 2904 1467 2927 ,
1505 2861 1649 2930 quod

46 2975 286 3046 Moyses
316 2970 449 3025 vidit
478 2968 748 3022 ﬂammam
781 2962 924 3034 ignis
961 2972 1017 3016 et
1051 2960 1454 3031 angelum,cum
1484 2957 1650 3012 rubus

53 3042 297 3127 arderet
320 3066 562 3136 quidem,
593 3064 685 3117 sed
714 3075 821 3115 non
852 3056 1293 3118 combureretur,
1321 3062 1377 3107 et
1401 3052 1541 3107 dixit
1566 3052 1645 3105 "":
1676 3042 1720 3100 C

62 3159 396 3233 Digrediens
427 3157 542 3209 sive
583 3152 847 3206 transiens
879 3148 1061 3201 videbo
1108 3146 1357 3199 visionem
1402 3158 1648 3211 magnam

4 3292 8 3325 ι
62 3232 234 3304 hanc.
279 3246 357 3299 Ex
385 3247 488 3298 hoc
521 3257 650 3310 ergo
682 3241 799 3293 loco
830 3236 1044 3292 occasio
1071 3235 1229 3290 nobis
1259 3234 1417 3287 datur
1450 3232 1649 3285 intelli-

70 3345 274 3416 gentia:
298 3356 488 3395 eornm
528 3352 647 3406 qua:
679 3334 944 3389 habemus
979 3334 1030 3387 in
1068 3331 1343 3386 manibus.
1384 3328 1552 3396 Igitur
1582 3326 1649 3380 de

69 3438 161 3490 his
191 3447 315 3500 qua:
339 3432 392 3484 in
419 3430 607 3484 Exodo
635 3428 835 3495 scripta
868 3423 1313 3487 memoravimus,
1345 3421 1396 3475 id
1429 3429 1533 3485 cst,
1566 3419 1648 3471 di-

69 3524 314 3595 grediens
366 3521 548 3575 videbo
593 3520 846 3573 visionem
906 3517 1065 3570 istam
1121 3530 1413 3583 magnam,
1462 3510 1646 3567 audivi

71 3614 361 3685 quemdam
398 3613 465 3667 de
494 3612 832 3680 sapientibus
867 3620 992 3664 ante
1035 3624 1134 3663 nos
1173 3609 1444 3662 dicentem
1477 3647 1491 3669 ,
1524 3621 1645 3659 cum

67 3708 391 3777 caplanaret
418 3706 562 3759 hunc
589 3702 792 3768 locum,
819 3703 944 3772 quia
978 3716 1082 3756 non
1111 3710 1195 3755 est
1216 3699 1470 3769 possibile
1497 3698 1647 3767 prius

75 3801 264 3855 videre
294 3801 464 3854 visum
496 3812 771 3867 magnum,
802 3796 854 3850 id
890 3802 975 3849 est
1019 3792 1218 3847 intueri
1250 3800 1412 3860 atque
1441 3790 1646 3860 perspi-

78 3906 207 3948 cere
256 3906 441 3961 magna
496 3889 751 3962 mysteria
806 3884 975 3940 Stanti
1030 3884 1084 3937 in
1128 3881 1544 3937 conversatione
1591 3891 1647 3933 et

82 3984 291 4039 actibus
325 3982 510 4036 mundi
554 3980 755 4050 hujus:
803 3977 897 4032 sed
950 3974 1183 4029 transire
1230 3981 1448 4042 oportet
1493 3972 1644 4039 prius

79 4078 149 4131 ab
179 4077 281 4139 his,
309 4083 360 4129 et
388 4073 774 4128 transcendere
800 4070 979 4125 omnia
1005 4068 1308 4132 szecularia,
1340 4077 1395 4121 et
1424 4079 1641 4120 sensum

80 4178 319 4223 nostrum
352 4180 416 4220 ac
447 4175 680 4220 mentem
714 4164 935 4217 liberam
978 4160 1093 4214 ﬁcri
1116 4197 1134 4224 ,
1171 4167 1226 4214 et
1265 4170 1392 4211 tunc
1425 4158 1492 4210 ad
1523 4174 1640 4210 ma-

80 4271 299 4329 gnarum
336 4264 391 4309 et
419 4252 744 4322 spiritalium
802 4266 981 4305 rerum
1030 4250 1283 4303 intuitum
1317 4247 1638 4315 pervenire,

4 3478 11 3510 Ι

4 3664 9 3693 ι

1768 440 1870 494 tes,
1899 446 1954 487 et
1988 436 2191 490 lubrica
2217 446 2271 490 et
2300 448 2571 507 praerupta
2604 437 2882 492 vitiorum.
2908 438 3042 493 Cum
3072 455 3205 495 vero
3237 441 3352 495 hinc

1767 523 1934 577 etiam
1964 529 2220 591 evaserit,
2252 542 2470 597 semper
2498 528 2567 582 ad
2600 542 2661 582 ea
2692 544 2812 599 qua:
2844 530 2897 583 in
2935 540 3094 585 antea
3126 542 3252 587 sunt
3292 548 3351 585 se

1764 614 2063 668 extendens
2093 654 2107 679 ,
2159 615 2337 669 minus
2366 625 2534 671 restat
2583 617 2804 672 malitia;
2831 657 2847 683 ,
2902 628 2958 673 et
2988 633 3149 674 omne
3199 623 3347 691 quod

1762 704 1978 771 prolicit
2027 705 2168 769 viae;
2221 704 2265 759 si
2300 715 2474 761 tamen
2526 707 2824 764 incedendo
2871 711 3084 766 cautius
3124 729 3345 783 gressus

1762 809 1890 849 suos
1928 795 2306 851 observaverit
2358 813 2426 851 ne
2466 798 2719 869 labatur,
2769 810 2826 855 ut
2864 802 3073 872 singula
3114 821 3343 876 qumque

1763 884 2073 955 digrediens
2106 886 2325 941 malitia:
2361 887 2501 954 loca,
2536 888 2608 943 ita
2640 898 2701 944 ut
2743 905 2849 944 non
2884 891 3120 948 oﬂ‘endat
3149 896 3341 964 pedem

1762 992 1914 1030 suum
1948 978 1999 1031 in
2028 993 2115 1044 ea,
2145 981 2441 1035 secundum
2476 980 2579 1034 hoc
2605 984 2746 1051 quod
2776 982 2828 1035 in
2864 984 3050 1040 Exodo
3076 988 3341 1058 scriptum

1759 1075 1843 1120 est
1870 1107 1885 1131 ,
1931 1069 2114 1123 videre
2145 1071 2317 1139 possit
2367 1069 2628 1125 visionem
2667 1088 2940 1142 magnam.
2981 1074 3151 1133 Nemo
3195 1078 3339 1133 enim

1760 1160 1935 1215 adhuc
1985 1161 2076 1229 qui
2130 1162 2183 1215 in
2237 1162 2443 1217 malitia
2478 1168 2600 1229 est,
2649 1180 2750 1219 nec
2778 1166 3079 1236 digreditur
3115 1184 3238 1224 eam
3286 1180 3343 1225 et

1766 1253 1979 1314 transit,
2008 1254 2207 1321 poterit
2236 1253 2500 1309 visionem
2528 1255 2689 1309 istam
2718 1272 2967 1328 magnam
3000 1270 3337 1315 secretorum

1758 1340 1876 1405 Dei,
1914 1343 2156 1397 scientia:
2186 1344 2397 1399 scilicet
2430 1354 2482 1399 et
2510 1347 2813 1416 sapientia},
2851 1349 3120 1405 contueri.
3148 1350 3340 1421 Magna

1758 1445 1888 1501 ergo
1921 1442 2006 1487 est
2044 1433 2184 1488 visio
2205 1474 2221 1499 ,
2268 1450 2389 1489 cum
2424 1451 2559 1505 puro
2592 1439 2755 1491 corde
2783 1438 2926 1492 Deus
2959 1439 3189 1494 videtur.
3226 1441 3341 1495 Ha-

1757 1540 1856 1595 gna
1885 1536 1967 1580 est
2004 1526 2142 1580 visio
2188 1542 2311 1581 cum
2358 1544 2496 1597 puro
2526 1530 2692 1584 corde
2725 1530 2954 1585 verbum
2990 1531 3085 1587 Dei
3113 1572 3127 1597 ,
3161 1542 3217 1587 et
3251 1550 3341 1588 sa-

1757 1617 1962 1684 pientia
1992 1617 2085 1670 Dei
2116 1619 2208 1685 qui
2239 1629 2325 1673 est
2349 1620 2602 1676 Christus
2633 1621 2750 1689 ejus
2780 1624 3110 1693 agnoscitur.
3146 1624 3336 1696 Magna

1760 1708 1895 1763 visio
1922 1718 2005 1763 est
2036 1724 2332 1779 agnoscere
2358 1720 2414 1765 et
2444 1713 2666 1767 credere
2689 1714 2743 1767 in
2769 1712 3030 1782 Spiritum
3057 1726 3332 1774 sanctum.

1758 1800 1947 1870 Magna
1988 1815 2119 1869 ergo
2152 1801 2269 1855 haec
2321 1804 2458 1857 visio
2492 1804 2719 1860 scientia
2773 1805 3056 1862 Trinitatis
3086 1818 3190 1863 est.
3226 1809 3335 1867 Ve-

1757 1901 2060 1946 rumtamen
2120 1895 2283 1948 etiam
2339 1894 2549 1965 Moyses
2594 1905 2722 1951 tunc
2774 1897 2993 1951 videbat
3040 1898 3093 1951 in
3148 1898 3334 1955 Exodo

1756 1985 1932 2038 visunt
1965 2000 2243 2053 magnum,
2277 1996 2327 2041 et
2360 1986 2583 2056 angelus
2612 1987 2813 2042 dicitur
2839 1989 2929 2058 qui
2960 1988 3247 2045 videbatur
3277 1992 3330 2046 itt

1757 2077 1891 2129 rubo
1938 2077 1988 2129 in
2031 2078 2153 2145 igne
2180 2116 2195 2141 ,
2229 2087 2285 2133 et
2333 2093 2582 2147 magnam
2615 2094 2733 2133 eam
2774 2079 3038 2156 visionem
3072 2082 3329 2152 appellat.

1757 2165 2096 2237 lntelligebat
2117 2168 2260 2222 enim
2297 2169 2417 2238 quis
2447 2178 2591 2224 esset
2627 2169 2679 2223 in
2711 2169 2923 2239 angelo.
2948 2168 3215 2228 Continuo
3239 2173 3333 2229 de-

1758 2259 1922 2328 nique
1967 2260 2097 2312 dicit
2128 2262 2193 2313 ad
2227 2260 2396 2314 Deum
2421 2261 2504 2315 7’:
2544 2259 2654 2330 Ego
2696 2277 2813 2314 sum
2850 2261 2988 2316 Deus
3025 2264 3331 2331 Abraham,

1754 2360 1802 2402 et
1838 2349 1979 2403 Deus
2012 2350 2187 2414 Isaac,
2230 2362 2275 2405 et
2312 2351 2451 2405 Deus
2479 2351 2669 2405 Iacob.
2703 2352 2836 2407 Vide
2867 2366 2998 2421 ergo
3033 2368 3194 2423 quam
3225 2372 3333 2411 ma-

1755 2456 1858 2508 gna
1894 2444 1964 2495 sit
1996 2444 2133 2497 visio
2182 2445 2295 2498 ltzec
2319 2483 2335 2508 ,
2376 2444 2624 2512 quamvis
2671 2454 2724 2497 et
2758 2444 2859 2499 hoc
2898 2444 3070 2514 ipsum
3106 2447 3178 2501 sit
3218 2463 3331 2502 ma-

1755 2548 1915 2602 gnum
1948 2535 2088 2588 scire
2120 2536 2261 2603 quod
2297 2536 2433 2589 Deus
2483 2533 2615 2588 facit
2654 2536 2871 2605 angelos
2917 2553 3040 2590 suos
3072 2539 3293 2606 spiritus
3314 2579 3330 2604 ,

1754 2636 1800 2679 et
1850 2627 2119 2680 ministros
2156 2643 2279 2680 suos
2331 2628 2500 2697 ignem
2552 2638 2787 2682 urentem
2830 2629 2899 2681 ⁷⁸.
2935 2628 2999 2682 Et
3033 2644 3177 2685 nunc
3210 2631 3326 2701 qui-

1754 2720 1874 2773 dem
1906 2716 2271 2788 Moysiadbuc
2313 2719 2552 2787 pasceuti
2575 2733 2767 2789 pecora
2786 2718 2977 2776 Jethro
3008 2722 3186 2778 soceri
3222 2724 3329 2789 sui,

1753 2820 1803 2865 et
1833 2809 2099 2879 gradienti
2146 2807 2227 2863 vel
2262 2810 2567 2864 transeunti
2598 2811 2665 2864 ab
2701 2810 2804 2878 his,
2840 2827 3033 2882 magna
3060 2822 3146 2869 est
3195 2815 3331 2870 visio

1754 2904 1869 2957 lucc
1892 2941 1909 2965 ,
1940 2903 1991 2955 in
2024 2916 2131 2971 qua
2163 2902 2211 2955 ei
2243 2899 2465 2970 angelus
2500 2891 2703 2957 dicitur
2737 2918 3016 2973 apparere.
3051 2903 3108 2961 Si
3137 2908 3329 2964 autem

1753 2995 1915 3048 etiam
1948 3008 2096 3048 mare
2120 2992 2360 3048 Rubrum
2392 2994 2693 3059 transierit,
2720 3003 2773 3049 et
2806 2996 3055 3051 columna
3080 3011 3205 3053 eum
3234 3015 3331 3053 nu-

1753 3086 1838 3141 bis
1869 3086 2181 3150 obtexerit,
2210 3095 2265 3139 et
2298 3083 2468 3139 futuri
2500 3085 2756 3154 baptismi
2795 3086 3103 3143 adoraverit
3148 3104 3331 3145 sacra-

1752 3185 1956 3241 menta,
1982 3186 2110 3231 tunc
2134 3178 2299 3231 etiam
2326 3174 2591 3245 majorem
2615 3177 2881 3233 visionem
2901 3182 3097 3247 poterit
3120 3181 3326 3238 videre.

1751 3264 2089 3336 Ingredietur
2121 3264 2270 3319 enim
2320 3263 2606 3334 caliginem
2653 3273 2707 3319 et
2740 3264 3009 3321 turbinem
3036 3306 3051 3332 ,
3083 3267 3172 3321 ubi
3207 3282 3331 3324 esse

1751 3357 1867 3428 ipse
1895 3357 2095 3412 dicitur
2122 3356 2298 3421 Deus,
2328 3355 2419 3410 ubi
2449 3356 2710 3427 scriptum
2745 3367 2830 3412 est
2856 3358 2921 3419 ⁸⁸.
2952 3360 3080 3429 quia
3115 3358 3329 3431 Moyses

1749 3450 1897 3504 solus
1934 3448 2228 3505 accedebat
2262 3449 2329 3503 ad
2366 3448 2532 3504 Deum
2567 3487 2583 3512 ,
2633 3450 2815 3504 caeteri
2872 3458 3050 3504 autem
3103 3465 3132 3504 a
3167 3451 3328 3521 longe

1748 3539 1987 3593 stabant.
2040 3538 2105 3592 Et
2156 3539 2207 3591 in
2266 3547 2478 3592 tantum
2514 3554 2608 3607 per
2657 3539 2790 3593 istas
2841 3553 3066 3610 magnas
3116 3540 3325 3612 Moyses

1747 3630 1961 3699 proiicit
1990 3632 2230 3685 visiones
2262 3670 2277 3694 ,
2326 3639 2385 3684 ut
2415 3631 2623 3685 diceret
2654 3631 2723 3684 ad
2760 3630 2961 3685 Deum:
3011 3631 3072 3686 Si
3116 3635 3324 3700 inveni,

1749 3722 1924 3792 inquit
1951 3723 2016 3786 ⁸¹,
2042 3724 2269 3792 gratiam
2301 3740 2480 3777 coram
2509 3733 2577 3788 te,
2609 3723 2891 3792 manifesta
2922 3724 3051 3778 mihi
3077 3724 3323 3791 teipsum.

1747 3822 1803 3864 ut
1830 3813 2093 3866 evidenter
2120 3814 2323 3867 videam
2354 3823 2424 3867 te.
2466 3812 2532 3867 Et
2564 3822 2694 3867 tunc
2723 3815 2873 3867 audit
2902 3828 2929 3865 a
2963 3814 3074 3868 Deo
3098 3815 3165 3880 δ’,
3197 3817 3324 3885 quia

1718 3901 1933 3957 Ponant
1960 3913 2010 3957 te
2032 3906 2086 3956 in
2117 3904 2380 3972 foramine
2405 3913 2771 3973 petraz,,petra
2803 3915 2984 3959 autem
3017 3914 3136 3961 erat
3167 3906 3327 3962 Chri-

1745 4005 1862 4049 stus
1905 4014 1917 4048 :
1956 4006 2012 4048 ut
2058 4011 2156 4064 per
2203 3994 2447 4051 foramen
2494 3996 2874 4052 brevissimum
2918 3997 3105 4053 videas
3147 4010 3326 4068 poste-

1746 4088 1889 4142 riora
1920 4102 2061 4152 mea,
2095 4088 2201 4143 hoc
2226 4102 2329 4153 est,
2361 4098 2420 4142 ut
2451 4104 2513 4143 ea
2541 4104 2661 4158 qua:
2689 4090 2741 4142 in
2774 4089 3087 4144 novissimis
3118 4104 3325 4160 tempo-

1746 4181 1896 4234 ribus
1924 4179 2292 4249 implebuntur
2331 4195 2427 4249 per
2458 4179 2886 4250 assumptionem
2918 4180 3123 4247 carnis,
3156 4196 3320 4251 agno-

1744 4288 1901 4326 scas:
1956 4270 2169 4325 Faciem
2219 4282 2392 4325 autem
2438 4288 2610 4325 meam
2658 4272 2831 4325 videre
2873 4286 2976 4323 non
3021 4272 3217 4339 poteris
3249 4271 3319 4328 ⁸³.

4 4404 5 4413 χ
82 4361 137 4407 et
166 4351 235 4404 ita
261 4348 467 4402 demum
499 4346 672 4399 visum
708 4358 959 4411 magnum
1002 4342 1205 4396 videre.
1236 4339 1389 4393 lluuc
1421 4340 1637 4408 quidem
1672 4381 1721 4436 Β
1749 4362 1853 4418 Sed
1888 4363 2119 4430 digressi
2151 4379 2247 4433 per
2273 4363 2708 4433 quamplurimas
2742 4361 3001 4424 visiones,
3035 4362 3322 4417 redeamus

86 4445 175 4498 ille
232 4444 518 4509 explanans
575 4436 751 4490 locum
807 4451 927 4504 qua:
990 4449 1149 4504 supra
1222 4432 1640 4487 memoravimus

4 4520 7 4605 ξ
84 4534 379 4590 enarrabat.
417 4529 527 4584 Nos
566 4544 695 4583 vero
727 4528 923 4597 quibus
954 4528 1189 4581 studium
1221 4536 1310 4580 est
1339 4524 1637 4579 secundum

4 4610 7 4621 λ
87 4626 363 4693 Scriptura:
398 4622 600 4675 monita
632 4660 646 4684 ,
694 4621 860 4673 verba
905 4620 1231 4686 sapientium
1281 4616 1500 4670 laudare
1530 4655 1548 4682 ,
1584 4624 1640 4668 et

4 4784 5 4797 χ
89 4721 276 4775 addere
314 4720 377 4773 ad
402 4732 489 4782 ea,
521 4729 809 4786 possumus
844 4714 910 4766 ad
940 4714 1057 4766 hrec
1096 4726 1218 4779 qua:
1247 4711 1335 4765 ille
1366 4711 1503 4765 dixit
1534 4709 1639 4764 tale

90 4811 278 4880 aliquid
310 4810 523 4865 addere.
560 4807 939 4875 Unusquisque
969 4804 1062 4874 qui
1097 4805 1201 4857 iter
1225 4805 1338 4873 agit
1364 4805 1433 4858 ad
1465 4804 1638 4857 virtu-

91 4913 212 4964 tem,
239 4901 440 4971 proiicit
473 4901 525 4952 in
557 4896 901 4957 ambulando,
936 4907 992 4949 ut
1024 4896 1281 4964 paulatim
1312 4911 1406 4962 per
1436 4896 1635 4950 multos

92 4997 346 5067 profectus
379 4996 591 5049 itineris
611 4992 891 5063 perveniat
919 4990 984 5043 ad
1016 5005 1157 5043 eam.
1190 4989 1297 5043 lter
1318 5005 1445 5059 ergo
1469 5004 1637 5053 agens

94 5102 146 5145 et
192 5089 324 5144 velut
372 5089 690 5158 quihusdam
737 5089 985 5156 passibus
1030 5084 1283 5156 gradiens
1337 5082 1637 5149 digreditur

94 5197 317 5251 semper,
351 5190 403 5237 et
436 5182 629 5235 transit
659 5197 719 5235 ea
755 5196 875 5252 quae
915 5180 1197 5251 explicuit,
1236 5193 1300 5230 ac
1333 5176 1631 5245 posteriora

93 5277 323 5329 mnittens
353 5276 417 5329 ad
445 5290 507 5329 ea
539 5290 661 5343 qum
692 5274 869 5343 priora
903 5284 1030 5327 sunt
1058 5288 1116 5326 se
1148 5269 1412 5325 extendit.
1445 5267 1632 5335 Digre—

96 5368 232 5421 dicns
257 5381 375 5436 ergo
409 5368 606 5421 transit
652 5367 882 5433 primum
923 5366 1100 5419 locum
1134 5363 1351 5417 malitia:
1374 5403 1389 5426 ,
1419 5372 1472 5415 et
1507 5362 1630 5415 inde

96 5461 350 5529 proﬁciens
381 5462 629 5531 passibus
663 5470 716 5515 et
747 5458 1083 5530 ingressibus
1115 5457 1311 5526 traqsit
1340 5457 1473 5510 alias
1506 5472 1630 5525 pec-

746 5606 790 5636 ⁷²
819 5604 1006 5657 Matth.
1041 5618 1094 5663 ι,
1127 5600 1213 5655 40.
1291 5601 1336 5630 ⁷³
1372 5600 1502 5655 Lttc.
1538 5619 1590 5663 Χ,
1622 5603 1705 5657 10.

913 5676 967 5733 9..
1030 5674 1081 5726 6.
1195 5670 1413 5741 ⁷⁹,ΡδειΙ.
1457 5689 1621 5739 cxm,
1654 5674 1706 5727 4.

917 5710 967 5733 4-9

163 5607 199 5635 ⁷⁸
227 5605 395 5659 Matth.
426 5620 544 5666 xxv,
580 5606 667 5659 40.

103 5676 141 5704 ⁷⁷
174 5676 316 5727 Exod.
346 5692 423 5737 ιιι,
456 5677 507 5727 5.
621 5676 666 5704 ⁷⁸
692 5674 857 5735 Idem,

107 5745 144 5775 ⁸³
170 5745 279 5798 ibd.
314 5746 396 5799 23.
473 5748 518 5776 ⁸³
545 5746 683 5800 Psal.
712 5762 892 5810 xxxvt,
925 5746 1003 5819 5.¹

1747 4471 1888 4510 nunc
1915 4457 1981 4509 ad
2019 4456 2118 4510 hoc
2149 4456 2291 4525 quod
2328 4455 2704 4525 proposuimus
2735 4454 2802 4507 de
2836 4455 3043 4523 psalmo
3070 4494 3085 4517 ,
3124 4454 3251 4524 quia
3286 4472 3320 4507 a

1744 4551 1993 4612 Domino,
2035 4551 2207 4618 inquit
2236 4549 2301 4614 ⁸⁵,
2330 4565 2535 4618 gressus
2566 4547 2797 4599 hominis
2841 4547 3170 4615 diriguntur.
3218 4546 3322 4601 Stt-

1746 4656 1841 4710 pra
1887 4640 2235 4709 exposuimus
2282 4638 2553 4708 quomodo
2590 4637 2694 4690 iter
2731 4636 2852 4705 quis
2903 4636 3205 4706 ingreditur
3252 4638 3319 4688 ad

1745 4734 2035 4787 virtutem:
2068 4731 2322 4800 quoniam
2357 4730 2448 4799 qui
2477 4730 2579 4783 iter
2612 4729 2723 4798 agit
2754 4728 2819 4781 ad
2848 4727 3125 4790 virtutem,
3154 4725 3318 4777 multa

1743 4837 1869 4879 sunt
1900 4840 2021 4892 qua:
2057 4823 2262 4893 digredi
2299 4823 2458 4877 habet
2496 4831 2551 4876 et
2586 4820 2839 4873 transire.
2871 4818 3012 4887 Ergo
3042 4824 3093 4870 et
3128 4824 3180 4869 tu
3220 4816 3318 4885 qui

1742 4917 1807 4969 ad
1842 4914 2114 4969 Christum
2148 4914 2328 4967 tendis
2354 4952 2370 4976 ,
2421 4911 2510 4979 qui
2544 4920 2631 4964 est
2661 4908 2751 4961 Dci
2780 4907 2951 4960 virtus
2975 4944 2991 4969 ,
3034 4905 3317 4975 digredere

1738 5007 2041 5071 luxuriam,
2092 5014 2303 5067 scorta,
2335 5001 2626 5063 adulteria,
2658 4999 2945 5068 digredere
2976 4998 3143 5057 furta.
3175 4995 3311 5051 falsa

1742 5096 2044 5152 testimonia
2069 5137 2084 5159 ,
2116 5105 2230 5149 tum
2266 5093 2462 5147 deinde
2492 5092 2773 5161 digredere
2805 5100 2858 5145 et
2896 5088 3183 5143 avaritiant
3211 5129 3226 5153 ,
3260 5098 3316 5145 et

1736 5203 1951 5243 omnem
1978 5188 2221 5258 pecunia:
2243 5197 2673 5252 cmterarumque
2694 5184 2959 5237 malarum
2986 5198 3167 5237 rerum
3187 5197 3324 5237 con-

1738 5280 2155 5349 cupiscentiam,
2188 5277 2473 5345 digredere
2502 5275 2866 5337 mendacium,
2900 5274 3190 5344 digredere
3220 5275 3320 5327 tri-

1739 5372 1945 5425 stitiam
1999 5369 2203 5425 saeculi.
2240 5367 2353 5422 Nisi
2392 5367 2506 5421 haec
2552 5367 2734 5421 omnia
2783 5367 3063 5436 digressus
3096 5363 3265 5419 fueris
3293 5402 3310 5429 ,

1736 5465 2000 5520 visionem
2029 5463 2172 5515 illam
2203 5476 2452 5530 magnam
2484 5460 2694 5513 Domini
2725 5461 2908 5513 videre
2934 5472 3038 5513 non
3084 5456 3308 5527 poteris.

2445 5600 2490 5629 ⁷⁸
2518 5599 2645 5654 ibid.
2680 5601 2765 5654 3|.

2319 5671 2361 5742 ’ξ
2390 5669 2559 5726 Exod.
2596 5686 2784 5734 χχχιιι,
2814 5671 2899 5727 15.

2846 5600 2890 5631 *⁸
2917 5601 3056 5653 l’sal.
3090 5615 3251 5661 LXXII,
3276 5598 3326 5652 9..

3011 5671 3055 5700 ⁸²
3082 5670 3213 5725 ibid.
3241 5669 3324 5723 2‘2.

1784 5602 1826 5632 "‘
1868 5600 2007 5654 Psal.
2050 5615 2244 5665 nam,
2276 5600 2366 5654 9.3.

1821 5672 1865 5703 ⁸ο
1894 5670 2063 5725 Exod.
2098 5684 2206 5726 XIX.
