3896 6700
667 238 798 298 1551

2080 242 2167 297 EX
2209 241 2512 299 ORIGENE
3717 260 3737 311 ιζ

666 354 807 407 Sunt
831 368 961 424 ergo
982 355 1203 425 quidam
1238 355 1290 410 in
1318 355 1474 411 nobis
1506 371 1729 423 gressus
1760 366 1813 412 et
1841 357 2029 425 pedes,
2052 356 2251 425 quibus
2278 361 2326 417 Α
2353 360 2475 428 ejus
2499 361 2567 413 ".
2600 361 2675 415 lbi
2704 362 2841 417 dixit
2875 361 3021 431 quia
3049 362 3384 430 diriguntur
3409 377 3599 433 gressus
3625 367 3738 423 lineis;

664 444 769 498 iter
813 445 913 499 hoc
944 447 1199 515 agimus,
1246 457 1373 500 sunt
1424 462 1641 516 gressus
1692 447 1969 501 interioris
2016 447 2249 501 hominis

664 536 860 604 quibus
890 537 1175 592 ambulare
1208 553 1495 605 possumus
1527 554 1623 607 per
1656 540 1803 592 illam
1841 540 1982 593 viam
2021 554 2141 608 qua!
2169 540 2250 593 di-

2354 453 2610 517 Domino,
2653 454 2744 510 hic
2802 455 2947 526 quia
3021 470 3140 509 non
3200 456 3645 526 supplantabuntur
3679 480 3741 533 pe:

2343 544 2503 612 justi,
2533 548 2657 615 quia
2706 547 3016 612 Dominus,
3051 548 3269 617 inquit,
3300 550 3558 617 conﬁrmat
3594 570 3741 623 manu;

662 627 740 681 cit
787 627 863 680 "z
917 625 1030 697 Ego
1063 645 1178 682 sum
1209 632 1291 683 via
1319 672 1333 695 ,
1368 633 1557 685 veritas
1588 640 1636 684 et
1669 631 1798 684 vita.
1837 629 1949 685 lloc
1973 645 2106 699 ergo
2146 631 2250 684 iter
2349 635 2405 689 lu
2438 636 2544 691 alio
2580 637 2801 707 psalmo,
2834 639 2895 693 id
2933 648 3029 693 est
3060 640 3117 692 in
3146 641 3542 709 septuagesimo
3564 648 3727 703 secunde,

666 718 952 787 agentibus
1022 721 1205 774 multis
1256 724 1541 790 gressibus
1614 723 1874 776 utendum
1940 732 2023 776 est
2091 723 2247 777 nobis

663 819 724 862 ut
782 810 869 864 illa
934 813 1119 866 omnia
1169 829 1289 883 quae
1354 829 1518 883 supra
1570 815 1810 868 diximus
1860 826 2242 879 transeamus,

661 900 787 968 quia
818 918 1035 971 gressus
1088 905 1319 958 hominis
1377 919 1405 957 a
1465 902 1688 958 Domino
1740 905 2061 974 diriguntur.
2128 904 2242 959 Non

660 990 859 1046 sumcit
908 994 1111 1047 homini
1169 992 1367 1046 volenti
1432 992 1573 1047 istud
1637 995 1741 1048 iter
1806 994 2238 1066 incedere67l

661 1082 775 1137 sola
837 1084 1095 1153 propositi
1168 1084 1254 1138 sui
1321 1083 1615 1150 voluntas,
1700 1085 1801 1140 nisi
1859 1094 1916 1140 et
1983 1086 2243 1140 Dominus

662 1176 927 1230 direxerit
981 1190 1210 1243 gressus
1246 1174 1368 1244 ejus
1416 1194 1431 1231 :
1480 1178 1606 1247 quia
1670 1176 1989 1249 frequenter
2042 1179 2242 1234 accidit

662 1266 765 1321 iter
792 1266 1081 1335 agentibus
1099 1274 1159 1320 ut
1181 1266 1481 1334 ambulent,
1515 1270 1658 1337 quod
1689 1270 1794 1323 iter
1821 1280 2000 1325 tamen
2033 1281 2236 1326 rectum

662 1369 845 1413 tenere
868 1372 973 1412 non
998 1359 1236 1427 possint,
1268 1360 1365 1415 sed
1393 1361 1647 1415 decidant
1674 1362 1726 1416 in
1748 1362 1961 1432 aliquos
1989 1378 2235 1418 errores:

661 1460 719 1503 ut
751 1450 826 1505 illi
860 1452 952 1521 qui
987 1452 1041 1507 in
1085 1453 1441 1523 philosOpbia:
1478 1456 1788 1510 eruditione
1822 1467 2127 1521 versantur,
2160 1459 2240 1513 vi-

660 1544 861 1597 dentur
911 1544 1132 1612 quidem
1179 1544 1285 1598 iter
1330 1545 1553 1600 virtutis
1605 1546 1885 1613 incedere,
1921 1547 2015 1601 sed
2050 1548 2173 1618 quia
2205 1564 2233 1602 a

656 1637 888 1692 Domino
922 1652 1029 1692 non
1064 1637 1378 1706 diriguntur
1402 1651 1623 1707 gressus
1651 1652 1867 1703 eorum,
1907 1654 2011 1693 non
2053 1648 2235 1695 tenent

653 1729 759 1785 iter
787 1737 1019 1785 rectum.
1045 1729 1151 1783 Sed
1179 1703 1234 1783 et
1265 1703 1507 1783 haeretici
1543 1728 1897 1784 nihilominus
1922 1730 2234 1799 ingrediun-
2260 1703 2307 1763 Β

657 1830 745 1875 ιιιι·
773 1821 939 1875 etiam
975 1820 1075 1889 ipsi
1102 1819 1229 1883 iter,
1264 1820 1358 1874 sed
1390 1834 1516 1874 cum
1550 1817 1871 1887 Scripturas
1911 1822 2229 1889 carnaliter,

653 1928 759 1967 non
794 1910 1113 1982 spiritaliter
1148 1909 1477 1978 intelligunt,
1508 1910 1793 1966 declinant
1829 1912 1883 1967 in
1930 1914 2229 1969 sinistram.

653 2005 710 2058 Si
741 2018 871 2058 vero
900 2002 1221 2072 spiritaliter
1246 2002 1578 2070 intelligant,
1608 2004 1663 2059 in
1701 2005 1819 2075 ipso
1842 2014 2026 2061 autem
2060 2006 2232 2076 spiri-

651 2097 743 2151 tali
785 2096 1059 2151 intellectu
1081 2093 1533 2165 apostoliczenon
1570 2106 1787 2152 teneant
1816 2098 2057 2167 regulam
2088 2098 2234 2154 veri-

654 2191 810 2249 tatis.
865 2188 1127 2243 decidunt
1174 2186 1534 2242 nihilominus
1569 2197 1627 2242 et
1677 2188 1777 2258 ipsi
1823 2189 1889 2242 ad
1927 2189 2230 2255 dexteram,

652 2279 893 2343 diabolo,
939 2290 999 2333 ut
1050 2280 1122 2333 ita
1160 2275 1420 2341 dixerim,
1454 2292 1677 2348 gressus
1716 2292 1903 2331 eorum
1952 2294 2058 2333 non
2098 2278 2232 2334 diri-

649 2380 825 2441 gente,
851 2368 945 2425 sed
975 2372 1340 2441 detorquente
1387 2385 1415 2423 a
1442 2372 1525 2425 via
1563 2382 1735 2427 recta.
1773 2369 1884 2427 Nos
1901 2386 2032 2441 ergo
2055 2384 2231 2440 neque

649 2465 716 2517 ad
748 2464 1055 2529 dexteram,
1088 2479 1266 2533 neque
1295 2464 1363 2518 ad
1412 2463 1697 2518 sinistram
1730 2464 2091 2529 declinantes,
2148 2462 2234 2518 in-

648 2554 962 2623 grediantur
990 2555 1224 2609 mediam
1253 2555 1395 2608 viam
1426 2570 1551 2623 qua
1574 2565 1654 2610 cst
1679 2554 1927 2610 Christus
1950 2554 2230 2622 Dominus,

645 2648 770 2715 quia
808 2646 860 2699 in
897 2646 1013 2715 ipso
1045 2647 1438 2701 ambulantium
1472 2662 1692 2719 gressus
1732 2648 1993 2703 Dominus
2023 2647 2227 2718 dirigit.

645 2739 689 2791 Α
739 2737 962 2791 Domino
998 2753 1128 2808 ergo
1156 2754 1366 2806 gressus
1393 2737 1620 2791 hominis
1647 2739 1963 2808 dirigentur,
1995 2749 2044 2793 et
2091 2740 2231 2793 viam

644 2832 763 2900 ejus
797 2830 1053 2897 cupiet“,
1079 2829 1227 2883 illam
1258 2830 1475 2885 scilicet
1506 2829 1652 2883 viam
1680 2830 1750 2885 de
1779 2845 1884 2899 qua
1907 2844 2070 2900 supra
2089 2828 2232 2884 dixi--

646 2939 785 2977 tuus.
823 2922 1017 2991 Cupiet
1057 2921 1203 2975 enim
1233 2921 1326 2991 qui
1371 2937 1400 2975 a
1434 2922 1542 2976 Deo
1566 2922 1822 2992 dirigitur
1843 2922 2141 2987 Christum,
2175 2927 2231 2977 et

648 3014 978 3069 desiderabit
1013 3027 1337 3083 permanere
1368 3027 1585 3083 semper
1617 3014 1669 3068 iu
1701 3014 1948 3069 Christo.

719 3105 774 3160 2.
805 3106 938 3160 Cum
996 3105 1265 3173 ceciderit,
1318 3106 1593 3175 inquit",
1642 3120 1748 3159 non
1800 3101 2225 3158 conturbabitur.

645 3197 911 3268 Superius
946 3198 1133 3252 dicens
1179 3197 1309 3269 quia
1355 3212 1384 3250 a
1419 3197 1649 3251 Domino
1672 3196 1982 3267 diriguntur
2010 3210 2227 3267 gressus

642 3293 780 3361 ejus,
816 3290 904 3345 hic
934 3291 999 3345 de
1014 3305 1144 3344 casu
1174 3289 1293 3359 ejus
1321 3289 1580 3357 loquitur.
1602 3288 1738 3343 Vide
1754 3303 1885 3359 ergo
1912 3288 2038 3356 quia
2060 3286 2227 3341 etiam

646 3381 735 3438 his
753 3382 843 3451 qui
887 3381 990 3436 iter
1009 3382 1111 3435 hoc
1141 3380 1407 3435 incedunt
1437 3379 1733 3450 aliquando
1768 3378 1980 3433 accidat
2008 3379 2226 3443 cadere,

640 3475 807 3528 ctiam
841 3472 925 3527 his
960 3472 1052 3541 qui
1102 3485 1131 3523 a
1166 3470 1395 3525 Domino
1428 3471 1775 3540 diriguntur;
1809 3471 1905 3525 sed
1948 3479 2029 3525 est
2058 3469 2227 3525 multa

642 3563 948 3619 differentia
996 3566 1141 3619 inter
1168 3580 1355 3619 casum
1397 3564 1527 3632 justi
1559 3573 1617 3619 et
1649 3578 1833 3618 casum
1876 3562 2080 3631 iniusti.
2126 3560 2226 3615 Ju-

643 3666 783 3719 stus,
820 3655 1019 3727 inquit,
1078 3672 1201 3711 cum
1234 3656 1492 3711 ceciderit
1535 3671 1643 3709 non
1678 3656 2050 3724 prosternitur
2086 3669 2099 3704 :
2136 3653 2221 3708 in-

641 3746 819 3813 iustus
855 3756 910 3800 et
955 3748 1045 3817 qui
1096 3763 1246 3818 spem
1284 3764 1388 3804 non
1431 3748 1597 3803 habet
1632 3747 1684 3801 iu
1724 3746 1833 3801 Deo
1874 3747 2147 3816 positam,
2176 3744 2224 3800 si

642 3839 923 3906 ceciderit,
976 3842 1345 3910 prosternitur
1404 3848 1458 3894 et
1508 3855 1614 3894 non
1660 3840 1879 3908 surgit:
1938 3839 1988 3892 id
2027 3846 2134 3904 est,
2177 3837 2223 3892 si

641 3932 974 4003 peccaverit,
1019 3949 1125 3988 non
1168 3935 1398 4003 paenitet
1426 3941 1480 3986 et
1513 3941 1801 4002 peccatum
1832 3945 1988 3984 suum
2037 3943 2225 3983 emen-

639 4024 775 4079 dare
799 4024 995 4079 nescit.
1038 4024 1227 4078 Justus
1261 4033 1443 4077 autem
1486 4024 1532 4076 si
1583 4022 1639 4077 in
1688 4022 1874 4091 aliquo
1912 4019 2221 4086 offenderit,

642 4117 686 4171 si
748 4117 800 4170 in
847 4116 1051 4169 verbo:
1101 4115 1377 4185 apostolus
1412 4113 1556 4169 enim
1611 4124 1695 4168 est
1743 4112 1838 4182 qui
1889 4112 2085 4167 dicit”
2116 4110 2224 4166 ειη

640 4209 820 4263 multis
843 4208 981 4260 enim
1011 4206 1325 4273 offendimus
1358 4221 1554 4270 omnes,
1582 4215 1631 4257 et
1654 4204 1698 4256 si
1719 4205 1835 4273 quis
1868 4204 1921 4255 in
1942 4202 2095 4255 verba
2120 4218 2223 4255 non

639 4299 878 4367 offendis,
912 4300 995 4351 hic
1019 4298 1283 4367 perfectus
1317 4307 1392 4351 est
1420 4294 1516 4366 vir)
1548 4292 1947 4362 :offeuditergo
1966 4303 2021 4347 et
2039 4292 2223 4361 justus

642 4396 695 4448 in
731 4394 923 4456 verbo,
965 4391 1216 4447 fortassis
1247 4391 1410 4445 etiam
1446 4389 1736 4461 aliquando
1758 4398 1811 4442 et
1838 4387 1891 4440 iu
1926 4386 2092 4452 iacto,
2124 4388 2217 4441 sed
2250 4388 2296 4444 D
2324 4387 2541 4441 calceoli
2569 4389 2721 4456 pedes
2753 4388 2810 4441 in
2836 4390 3225 4458 preparations
3254 4367 3608 4461 Ευαησιίίίρπῖῗ

2348 729 2420 781 cit
2448 730 2548 785 ":
2602 730 2706 784 Mei
2761 740 2953 783 autem
3018 747 3165 798 perte
3228 732 3363 783 moti
3420 743 3528 784 sunt
3575 737 3692 797 pedes.
3715 739 3766 801 [σι

2351 822 2403 877 id
2428 822 2600 891 ipsum
2620 821 2830 876 videtur
2862 820 3324 891 intelligendum
3368 822 3610 877 similiter.
3632 810 3759 879 Probi

2348 921 2428 965 tes
2472 913 2672 965 etenim
2706 912 2770 965 ad
2800 917 3065 967 virtutes
3119 912 3281 967 velut
3318 928 3532 967 ascensu
3554 918 3769 1021 quodam“

2348 1013 2502 1021 ...η-ι.
2536 998 2587 1021 2--
2640 1013 2740 1021 ---Α
2775 1014 3026 1021 -_--_-_-
3090 1000 3137 1021 -2
3187 1002 3313 1021 ___!_
3370 1001 3436 1021 1-1
3462 1012 3566 1021 ,ι--μ
3626 1014 3633 1021 .
3673 1010 3678 1021 ι
3715 1010 3733 1021 ἰ

2350 960 2426 965 ---
2478 960 2671 965 ---------
2707 960 2770 965 ---
2813 960 3063 967 --------
3130 960 3281 967 -----
3318 960 3532 967 --------
3556 960 3733 982 Ὶ---ηηλ

2345 1013 2505 1061 mur;
2536 998 2588 1051 in
2637 1013 2744 1078 quo
2773 1014 3027 1055 ascensu
3087 1000 3139 1053 si
3180 1002 3317 1070 quis
3370 1001 3567 1056 labatur
3599 960 3767 1067 et

2341 1091 2676 1145 ascensionis
2705 1106 2815 1146 suae
2845 1092 3053 1161 perdit
3096 1092 3440 1162 profectum.
3468 1093 3769 1163 lstiusergndzj

2342 1192 2733 1253 suntgressus.
2778 1183 2900 1240 Hoc
2959 1194 3166 1240 autem
3216 1185 3303 1251 ﬁt,
3333 1201 3457 1240 cum
3480 1187 3585 1256 quis
3604 1194 3769 1257 postia;

2340 1282 2482 1327 ctum
2516 1285 2819 1330 retrorsum
2876 1276 3071 1332 fuerit
3130 1260 3769 1343 conversus:sicut

2340 1364 2494 1417 uxori
2530 1364 2629 1419 Lot
2656 1365 2732 1431 ⁸³,
2773 1382 2899 1434 qua:
2936 1367 3383 1437 ingrediebatur
3415 1369 3539 1423 bene
3558 1350 3769 1439 egredimii

2341 1451 2615 1519 Sodomis,
2657 1463 2713 1508 et
2747 1453 3032 1524 eﬂ'ugiens
3077 1470 3283 1527 pcenas
3323 1456 3568 1510 malorum
3592 1457 3737 1523 ingrata

2341 1552 2428 1597 tur
2461 1554 2518 1599 et
2548 1546 2879 1603 ascendebat
2904 1548 2985 1602 ad
3018 1558 3278 1603 montem
3308 1564 3417 1618 quo
3443 1548 3603 1618 angelo
3630 1549 3744 1607 dum

2339 1636 2531 1705 gebat;
2568 1639 2663 1693 sed
2719 1642 2990 1708 quoniam
3041 1650 3252 1696 contra
3290 1641 3579 1694 mandatum
3619 1638 3737 1693 seu

2334 1730 2477 1799 quod
2507 1729 2658 1797 jussa
2713 1730 2894 1786 fuerat
2940 1746 3065 1786 non
3118 1732 3401 1801 respicere
3442 1738 3665 1783 retrorsum
3687 1742 3733 1777 ιιι

2333 1831 2481 1876 stare
2514 1822 2567 1876 in
2606 1821 2754 1876 omni
2793 1822 3041 1891 regione
3076 1823 3199 1889 illa,
3236 1823 3333 1877 sed
3372 1821 3434 1875 ad
3470 1829 3650 1874 montem
3673 1834 3721 1868 ιςτν

2333 1914 2487 1981 dere,
2517 1922 2680 1983 atque
2705 1913 2775 1969 ibi
2804 1915 3055 1980 salvari,
3091 1928 3224 1969 cum
3259 1928 3508 1969 conversa
3541 1912 3592 1964 ad
3608 1920 3723 1978 posis?

2335 2016 2640 2060 retrorsum
2672 2006 2948 2075 respexit,
3002 2006 3086 2061 ibi
3115 2004 3281 2062 επιιεὶ
3312 2014 3433 2059 sunt
3454 2016 3624 2071 gressus
3652 2000 3723 2063 θέει

2333 2095 2570 2164 perdidit
2600 2110 2762 2150 omne
2785 2097 2939 2166 quod
2977 2095 3178 2153 fuerat
3206 2105 3337 2149 ante
3355 2095 3580 2162 digressa,
3600 2102 3733 2159 perum

2333 2188 2574 2257 perfecta
2612 2188 2968 2243 statuuncula
3024 2188 3191 2244 salis.
3243 2188 3355 2243 Hoc
3391 2185 3593 2255 estquod
3619 2181 3731 2233 [bene

2333 2277 2387 2333 in
2422 2278 2711 2349 Evangelia
2758 2279 2892 2334 dicit
2916 2280 2969 2311 “
3002 2296 3019 2334 :
3050 2278 3236 2333 Nemo
3278 2280 3475 2333 mittens
3512 2288 3655 2329 manus
3677 2284 3732 2319 ιιι

2332 2371 2403 2423 ad
2445 2382 2708 2441 aratrum,
2756 2383 2804 2427 et
2830 2384 2985 2428 retro
3024 2373 3326 2441 respiciens
3353 2382 3491 2437 aptus
3510 2378 3570 2422 est
3586 2360 3727 2433 regale.

2333 2460 2428 2518 Vis
2458 2462 2549 2518 tibi
2575 2466 2860 2520 ostendam
2883 2475 2943 2522 et
2983 2465 3139 2521 alios
3177 2479 3404 2535 quorum
3434 2459 3559 2516 εσυςὶ
3578 2464 3731 2515 suum

2332 2553 2471 2609 sus?
2499 2552 2811 2611 Recordare
2837 2555 2967 2612 illos
2998 2557 3104 2627 qui
3140 2554 3462 2610 transierunt
3496 2563 3567 2618 per
3586 2539 3729 2599 mulir

2335 2647 2490 2701 brum
2526 2656 2776 2718 tanquam
2804 2663 2904 2718 per
2939 2651 3199 2713 aridam,
3238 2656 3293 2701 et
3318 2638 3600 2715 peccantesin
3623 2633 3728 2683 deserta
3767 2668 3769 2677 .

2332 2739 2674 2806 ceciderunt,
2722 2751 2777 2795 et
2826 2741 2900 2796 ibi
2937 2743 3113 2799 eﬂ'usi
3154 2752 3287 2797 sunt
3327 2741 3651 2802 gressuseornnt
3672 2720 3723 2815 Sel

2332 2838 2386 2884 et
2412 2844 2556 2885 nunc
2586 2831 2631 2885 si
2662 2833 2881 2899 quando
2909 2836 3151 2891 accidat
3180 2834 3404 2903 aliquem
3434 2820 3722 2903 vixissent?”

2332 2916 2513 2971 nentia
2543 2917 2719 2974 tribus
2737 2928 2831 2973 aut
2853 2933 3114 2989 quatuor
3129 2901 3318 2986 annis,
3337 2929 3381 2975 et
3394 2910 3616 2999 εοετπιρίξνξο
3629 2901 3720 2999 ’ΨΜ

2332 3008 2387 3062 in
2416 3008 2570 3063 verbi
2597 3018 2653 3065 et
2681 3010 2946 3066 doctrinae
2992 3015 3193 3069 studio
3235 3021 3293 3067 et
3335 3002 3519 3077 μνῑευιίε

2329 3112 2551 3168 operam
2576 3099 2826 3165 dedisse;
2858 3109 2996 3161 tunc
3042 3104 3259 3158 deinde
3303 3100 3347 3156 si
3382 3097 3491 3150 vicus
3512 3080 3611 3139 fuerit
3636 3078 3713 3131 hic.

2327 3188 2412 3243 vel
2447 3190 2512 3243 ad
2536 3191 2719 3245 carnis
2746 3191 3030 3248 luxuriam
3068 3201 3339 3265 transeat.
3368 3175 3711 3265 κωδωνίδῴ

2328 3280 2594 3344 declinet,
2625 3290 2721 3336 aut
2753 3286 2818 3336 ad
2858 3283 3039 3339 vitam
3070 3300 3135 3340 se
3166 3252 3439 3338 transierat
3463 3257 3660 3326 επιειὶὶηά
3685 3252 3717 3303 δέ

2330 3373 2546 3442 negotia
2578 3388 2642 3427 ac
2676 3372 2826 3428 lucra
2876 3375 3273 3448 corruptibilis
3311 3372 3419 3425 vita
3453 3356 3705 3445 ennium.th

2327 3462 2545 3520 dubites
2573 3464 2644 3519 de
2669 3479 2738 3519 eo
2763 3466 2951 3521 dicere
2996 3472 3132 3539 quia
3169 3466 3324 3523 effusi
3359 3466 3465 3516 sunt
3490 3457 3632 3522 gressus
3651 3450 3705 3539 eis

2326 3553 2436 3610 Nos
2462 3570 2592 3627 ergo
2626 3557 2987 3628 deprecemur
3015 3534 3315 3616 Dominum
3350 3562 3398 3607 ut
3433 3546 3575 3612 didiial

2327 3656 2567 3712 nostros,
2604 3658 2659 3703 et
2681 3653 2959 3706 custodiat
3002 3654 3125 3706 vias
3176 3658 3405 3707 nostras,
3446 3620 3710 3723 nunc”???

2329 3748 2511 3796 lentur
2547 3757 2765 3811 gressus
2793 3746 3008 3812 nostri;
3062 3756 3122 3800 ιιι
3153 3746 3204 3798 in
3237 3742 3317 3794 via
3365 3744 3498 3804 (1⁸³³⁸³³
3534 3714 3704 3812 memmi?

2328 3832 2431 3887 hoc
2470 3806 2644 3889 est'in
2684 3835 2905 3890 Christo
2957 3806 3195 3892 Domino
3223 3840 3417 3886 nostro.
3438 3813 3553 3889 quasi
3570 3806 3711 3870 sopri?“

2328 3932 2468 3978 Iram
2496 3925 2747 3981 stabilem
2773 3928 3002 3999 vestigia
3033 3937 3221 3983 nostra
3247 3923 3512 3977 firmentur,
3543 3894 3710 4003 if:
3754 3986 3755 3999 χ

2330 4016 2492 4071 modo
2525 4017 2861 4087 supplantari
2893 3985 3208 4087 puossimus;
3230 4029 3322 4084 Per
3346 4008 3474 4064 illum
3498 3985 3711 4113 “mm:

2325 4124 2427 4163 nos
2466 4122 2631 4180 caput
2668 4109 3072 4181 observamus,
3120 4120 3176 4167 et
3227 4108 3310 4162 ille
3340 4080 3710 4190 nostrum

2328 4160 2423 4163 --η
2473 4160 2630 4180 "rh
2674 4160 3072 4181 ,ην-,πη
3124 4160 3175 4167 --
3228 4160 3235 4162 -

2325 4202 2663 4267 calcaneum,
2706 4204 2793 4258 cui
2836 4205 3028 4274 utique
3056 4212 3324 4272 nunquam
3354 4204 3444 4247 nos
3463 4160 3697 4274 020"“???

2328 4301 2439 4347 tam
2500 4295 2701 4349 nudam
2745 4257 3021 4365 prtebeie,
3075 4257 3410 4355 sed'scmpe'

743 4436 923 4456 ----ιν.
965 4436 1216 4447 unum
1447 4436 1731 4461 -ς-ηιη-ιπ
1762 4436 1811 4442 -ν
1926 4436 2092 4452 ww,
2126 4436 2217 4441 ης-
2250 4436 2288 4444 -
2327 4436 2537 4441 www—
2569 4436 2719 4456 τη--
2836 4436 3217 4458 τ-κτ-η---η-
3391 4436 3409 4444 -
3582 4446 3591 4457 ,

640 4486 743 4539 scit
766 4485 1094 4549 emendare,
1120 4482 1549 4553 scitcorrigere:
1572 4482 1677 4537 scit
1702 4481 1794 4535 ille
1815 4478 2217 4549 quidixerat”:
2324 4478 2371 4533 si
2396 4479 2603 4534 venerit
2629 4479 2878 4537 diabolus
2907 4486 3298 4551 supplantator.
3330 4477 3380 4525 ει
3407 4436 3707 4553 inventuri:

644 4575 837 4632 Nescio
866 4576 1154 4640 hominem,
1188 4574 1353 4644 paulo
1383 4583 1505 4643 post
1539 4589 1664 4629 cum
1705 4581 1985 4644 respectus
2029 4571 2221 4627 fuisset

645 4688 676 4727 a
700 4670 949 4735 Domino,
972 4669 1100 4723 tlere
1123 4666 1488 4730 amarissime;
1520 4666 1622 4719 scit
1658 4675 1713 4719 et
1747 4666 1836 4719 ille
1863 4664 1953 4735 qui
1985 4664 2052 4718 de
2081 4671 2225 4720 tecto

647 4765 928 4821 mulierem
952 4760 1177 4821 viderat.
1210 4767 1264 4813 et
1292 4755 1644 4824 concupierat
1676 4769 1817 4815 eam,
1845 4753 2024 4808 dicere
2051 4772 2063 4805 :
2099 4753 2227 4806 Pec-

645 4850 780 4912 cavi,
820 4848 952 4918 quia
975 4848 1070 4901 tibi
1091 4848 1194 4902 soli
1218 4844 1427 4919 peccavi
1457 4853 1504 4898 et
1528 4842 1727 4897 malum
1757 4858 1935 4895 coram
1960 4852 2009 4895 te
2028 4841 2216 4912 feci”.

641 4939 699 4995 Si
722 4955 855 5009 ergo
886 4955 1010 4995 cum
1042 4939 1302 4995 ceciderit
1331 4936 1511 5009 justus
1538 4951 1647 4991 non
1692 4933 2077 5002 prosternitur,
2111 4946 2216 4987 non

639 5030 989 5101 permanebit
1039 5029 1092 5083 in
1139 5037 1384 5100 peccato,
1414 5028 1507 5083 sed
1537 5026 1756 5082 exsiliet
1780 5025 1915 5090 cito,
1954 5036 2215 5093 tanquam

644 5120 859 5174 damula
895 5136 963 5175 ex
990 5120 1216 5184 retibus,
1254 5131 1308 5173 et
1337 5130 1593 5189 tanquam
1632 5118 1752 5173 avis
1775 5120 1841 5173 de
1883 5117 2096 5187 laqueo.
2133 5116 2219 5172 lu-

635 5209 815 5281 justus
853 5223 1035 5267 autem
1074 5227 1181 5266 non
1206 5212 1380 5266 solum
1409 5219 1717 5279 permanet,
1750 5212 1845 5266 sed
1884 5220 1941 5264 et
1972 5220 2215 5279 proster-

640 5306 787 5360 nitur
808 5307 859 5360 in
895 5306 1154 5376 peccatis.
1197 5303 1387 5359 Justus
1410 5314 1591 5357 autem
1620 5303 1750 5372 quid
1786 5303 1916 5356 facit
1936 5302 1960 5355 i
1982 5300 2090 5356 Lex
2114 5302 2212 5355 Dei

638 5397 754 5467 ejus
785 5397 839 5451 in
866 5397 1024 5452 corde
1051 5396 1241 5466 ipsius,
1275 5405 1325 5448 et
1362 5410 1466 5447 non
1491 5394 1979 5464 supplautabuntur
2003 5409 2210 5460 gressus

1276 5541 1322 5571 ⁸⁸
1351 5540 1494 5596 Psal.
1540 5556 1722 5599 xxxvi.
1749 5541 1839 5596 23.

1363 5613 1407 5643 ⁹²
1463 5611 1599 5665 Psal.
1667 5628 1835 5675 l.\.\ll,
1899 5610 1954 5663 2.

708 5542 754 5574 "
778 5542 934 5596 Joan.
976 5558 1088 5604 le,
1123 5542 1176 5595 6.

638 5609 684 5643 “
741 5610 883 5667 i‘sal.
940 5630 1127 5673 xxxw.
1171 5615 1264 5669 3|.

638 5696 829 5745 xxsw,
884 5680 973 5745 23,
1009 5684 1097 5734 Ἡ.

2319 5306 2442 5375 piet,
2469 5321 2587 5359 cum
2616 5307 2857 5361 ceciderit
2885 5324 2990 5362 non
3017 5305 3361 5377 prosternetur.
3384 5283 3403 5337 ι

1914 5540 1958 5569 ⁸⁷
1987 5537 2119 5593 ibid.
2168 5537 2255 5590 ‘24.

2060 5610 2106 5639 ⁸³
2137 5606 2275 5661 Gen.
2333 5628 2444 5665 XIX.

2324 4582 2539 4627 nostros
2568 4574 2828 4641 munitos,
2855 4584 2912 4630 et
2935 4590 3101 4645 supra
3134 4579 3333 4645 petram
3358 4532 3707 4663 ειειιιαζῗῖξθιῖῖ

2328 4625 2414 4627 ,_,
2489 4625 2531 4626 η
2570 4625 2592 4627 -ν
2631 4625 2828 4641 om",
2863 4625 3101 4645 -_-_r__
3134 4625 3190 4645 τ-

2328 4666 2675 4734 supplantare
2711 4681 2817 4721 nou
2851 4666 3050 4722 valeat.
3082 4657 3330 4734 Quamvis
3356 4647 3480 4703 enim
3516 4625 3701 4745 ἐξ

2329 4714 2673 4734 --η--η--η
2711 4714 2817 4721 ,,-,,
2862 4714 3050 4722 ,-,---,
3087 4714 3221 4734 ,ιπ-

2328 4755 2626 4811 dixerimus
2673 4772 2836 4827 posse
2878 4760 3043 4814 etiam
3081 4767 3258 4815 casum
3304 4731 3571 4844 διιειιιουξξί

2327 4846 2576 4903 accidere
2625 4848 2711 4904 his
2763 4850 2855 4919 qui
2888 4850 3105 4906 virtutis
3150 4847 3285 4901 viam
3313 4810 3657 4919 Sequu'iwr_'

2324 4938 2721 4996 observandum
2753 4908 2861 5008 e-st,
2918 4944 3045 5013 quia
3079 4943 3149 4999 ibi
3177 4935 3265 4993 ubi
3288 4925 3435 5023 dit“?
3467 4908 3700 5023 futili-:1,

2524 4991 2720 4996 “'"m
2757 4991 2861 5008 ""
2922 4991 3045 5013 1"“
3079 4991 3233 5044 "',"
3548 4991 3595 5043 de
3624 4991 3696 5044 1"”

2322 5038 2414 5094 rtt,
2438 5047 2543 5085 non
2578 5045 2961 5102 prosternetur,
3002 5045 3246 5106 superius
3287 5033 3380 5077 ηοη
3416 5016 3696 5107 ﬁmum“;

2325 5089 2485 5188 quam
2513 5089 2589 5174 de.
2618 5123 2839 5178 homine
2872 5089 3378 5194 puropi-oposuerat.
3404 5095 3486 5194 Ait.
3499 5089 3602 5194 8'1":

2327 5160 2485 5188 Ἵνα-111
2513 5160 2579 5174 υν
2618 5160 2839 5178 υυιιηιιν
2872 5160 3006 5193 ltequ
3032 5160 3083 5194 γι
3097 5160 3324 5191 υγν-ιννν
3478 5185 3486 5194 Ι
3571 5160 3695 5229 du”.

2327 5211 2553 5268 Domino
2580 5232 2789 5283 gressus
2820 5216 3047 5271 hominis
3072 5214 3361 5283 άὶιίθεηικνν
3388 5203 3428 5245 ﬂ
3450 5189 3551 5238 mm
3635 5232 3695 5293 ndi-

2327 5306 2422 5340 ηδΔΙ
2469 5321 2584 5340 paean
2617 5307 2857 5340 ρορῖιΙΑα-ἶι
2885 5324 2988 5340 ann-
3020 5305 3361 5340 -onnlnfnlﬂlf.
3665 5324 3677 5340 r

3420 5324 3607 5422 ξδλιῑηυο
3621 5324 3677 5385 ind?

3676 5340 3697 5369 in

2322 5405 2408 5449 tur
2445 5412 2565 5453 esse
2590 5398 2799 5468 aliquos
2824 5414 2984 5455 casus
3007 5402 3096 5469 qui
3118 5405 3279 5452 tatnen
3306 5391 3396 5437 non

2338 5540 2383 5571 ⁸⁸
2430 5540 2619 5594 Iacob.
2673 5558 2757 5601 ιιι,
2790 5541 2846 5593 2.
2926 5542 2970 5573 ⁸⁸
3003 5520 3379 5595 Μειγαυννπ·

2543 5613 2587 5642 ’³
2616 5594 2966 5678 Ι.ιιο.ἰιι,62.
3004 5594 3083 5644 7”
3123 5608 3297 5677 Ephes.
3337 5602 3392 5649 εἰ,
3434 5594 3495 5627 ’θ’
