1948 3350
133 145 204 173 1555
471 145 624 174 SELECTA
644 145 677 172 IN
697 144 866 174 PSALMOS.
884 160 918 164 —
935 144 1049 172 HOMIL.
1073 144 1104 172 IV
1126 145 1158 173 IN
1178 145 1278 174 PSAL.
1303 147 1420 175 XXXVI.
1685 148 1752 176 ιδδι

131 211 198 234 cent
209 213 269 234 esse
284 205 382 233 victum
401 209 427 232 ct
448 209 612 240 prostratum
636 212 697 233 eum
715 206 761 240 qui
777 205 918 233 ceciderit.
933 205 956 233 Δ
971 204 993 231 si
1008 204 1065 231 ficri
1082 209 1180 239 potest,
1194 209 1224 232 ut
1240 212 1348 240 semper
1365 205 1678 242 vincatquotiescunque
1691 215 1755 236 con-

133 252 213 280 Sicut
230 252 303 279 enim
317 257 344 279 et
362 252 388 279 in
401 260 487 286 agone
501 252 560 279 fieri
584 251 666 285 solet,
689 258 718 280 ut
731 253 837 280 duobus
850 253 920 280 inter

132 305 165 326 se
179 298 346 325 lactantibus
361 298 469 325 accidat
481 297 569 332 primo
583 298 693 332 quidem
710 299 807 325 cadere
823 305 920 330 unum.

133 348 240 371 etcum
263 344 403 378 ceciderit,
430 349 524 379 surgat
549 348 576 372 et
601 344 710 372 vincat:
736 344 773 371 ita
791 344 873 371 etiam
892 344 918 371 in

133 393 231 417 nostro
253 397 353 424 agone,
377 389 422 424 qui
444 394 486 417 est
503 389 581 417 nobis
601 391 746 417 adversum
771 389 919 425 principem

134 434 216 468 hujus
237 435 343 467 mundi,
364 435 386 462 si
409 436 477 463 forte
498 436 629 464 acciderit
649 435 765 471 aliquem
785 436 818 462 de
843 435 921 462 nobis

132 480 217 515 672
239 480 323 513 vinci,
345 484 372 507 et
386 480 411 507 in
428 480 518 515 aliquo
540 486 653 515 peccato
668 481 778 513 cadere,
793 480 921 515 possibile

134 531 179 553 cst
191 532 220 553 ut
236 531 296 560 post
316 531 456 561 peccatttm
474 527 614 560 resipiscat
625 526 734 560 aliquis,
750 530 777 553 et
789 531 921 562 exsurgat

135 577 163 599 et
182 573 371 607 perhorrescat
385 572 484 599 malum
501 573 574 607 quod
588 572 711 605 admisit,
725 576 752 599 et
771 572 804 599 de
821 578 920 599 caetero

136 625 190 644 non
208 617 294 645 solum
315 617 455 645 contineat
479 625 519 650 se,
546 624 639 645 verum
663 618 745 644 etiam
769 616 921 645 satisfaciat

135 663 203 694 Deo,
220 663 313 690 lavans
336 670 384 698 per
406 663 527 698 singulas
545 668 640 691 noctes
654 663 756 690 lectutn
779 671 869 696 suum,
893 667 921 691 et

135 708 267 745 lacrymis
290 710 383 744 rigans
399 713 512 737 stratum
540 716 629 741 suum,
654 708 793 743 accipiens
808 708 920 736 verbum

134 755 303 790 prophetica:
329 754 502 782 auctoritatis
530 762 582 789 qua
611 754 711 781 dicitur
723 754 770 782 ":
792 754 919 789 Nunquid

133 801 179 834 qui
200 801 272 828 cadit
294 809 345 827 non
368 801 474 835 adjiciat
492 806 519 828 ut
538 800 679 835 resurgat?
691 805 735 827 aut
753 800 798 835 qui
817 807 921 827 aversus

134 851 186 877 nt.
211 854 262 873 non
278 846 458 873 convertitur?
474 845 518 873 γω
539 847 580 873 his
604 846 649 881 qui
663 846 749 873 aversi
769 850 830 873 sunt
843 853 921 878 auer-

135 892 209 919 sione
231 891 389 924 impudenti,
405 891 473 919 dicit
486 891 625 919 Dominus.
639 891 671 918 Et
691 891 744 919 iste
757 896 799 919 est
811 890 857 926 qui
872 898 920 919 ca-

135 939 201 965 dere
223 937 331 973 quidem
346 938 443 972 potuit,
460 937 594 972 prosterni
612 944 677 965 vero
697 944 750 965 non
770 937 867 972 potuit.
891 936 921 965 Si

136 987 226 1011 autem
246 984 348 1011 videris
371 983 487 1018 aliquem
502 982 633 1011 cecidisse
649 983 675 1010 in
699 983 807 1018 aliquod
821 990 920 1018 pecca-

136 1035 204 1061 lum,
221 1033 249 1057 et
265 1034 326 1064 post
339 1036 432 1057 casum
448 1029 636 1064 desperantem
659 1028 877 1063 conversionem,
893 1033 922 1058 et

135 1074 269 1102 dicentem
279 1082 287 1102 :
299 1074 358 1102 Jam
369 1074 503 1110 quomodo
514 1081 622 1108 possum
633 1081 685 1110 ego
694 1075 783 1104 salvus
794 1075 862 1109 fieri,
875 1075 921 1110 qui

137 1119 240 1147 cecidi?
252 1119 308 1153 jam
326 1119 399 1147 nulla
417 1126 479 1154 spes
494 1122 546 1152 est,
569 1122 683 1154 peccata
701 1126 760 1147 mea
782 1127 826 1148 me
846 1119 923 1148 colli-

135 1168 210 1199 gant.
233 1164 368 1199 quomodo
390 1164 491 1192 audere
507 1171 617 1199 possunt
631 1164 764 1193 accedere
780 1165 814 1193 ad
829 1164 922 1193 Domi-

135 1209 221 1237 num?
234 1209 376 1243 Quomodo
387 1210 420 1237 ad
437 1210 586 1239 Ecclesiam
605 1209 715 1239 redire?
730 1214 758 1238 et
774 1210 797 1238 si
809 1210 860 1238 hac
875 1210 923 1239 dc-

135 1254 292 1289 speratione
309 1254 363 1283 iste
378 1254 441 1283 talis
455 1255 567 1283 recedat
582 1255 666 1284 etiam
682 1263 698 1283 a
717 1256 783 1289 Deo,
804 1256 848 1285 bic
868 1264 921 1285 non

135 1299 224 1328 solum
251 1300 364 1333 cecidit,
385 1301 433 1329 sed
457 1301 483 1329 in
500 1309 565 1329 casu
589 1308 639 1330 suo
659 1306 815 1337 prostratus
839 1306 923 1338 atque

136 1345 276 1374 demersus
294 1350 345 1373 est.
369 1346 403 1374 Et
423 1350 466 1374 est
491 1346 601 1382 quidem
619 1347 751 1382 optabile,
771 1351 802 1375 ut
819 1348 922 1377 athleta

136 1392 245 1427 pietatis
261 1399 294 1420 ac
304 1392 413 1420 virtutis
427 1396 536 1420 maneat
553 1400 661 1428 semper
676 1393 833 1427 immobilis,
846 1398 875 1422 nt
888 1401 923 1422 ne

136 1444 218 1465 unam
234 1437 343 1471 quidem
358 1437 470 1470 luctum,
489 1441 519 1464 ut
534 1437 572 1465 ita
583 1437 684 1471 dicam,
704 1438 813 1473 perdat,
828 1446 863 1467 tte
877 1446 921 1467 se-

134 1483 187 1511 mel
202 1483 347 1512 inclinetur
364 1488 411 1512 aut
431 1485 632 1521 supplantetur.
649 1484 726 1519 Quod
742 1485 764 1513 si
791 1484 850 1513 fieri
866 1492 922 1514 non

133 1533 232 1564 potest,
249 1530 295 1558 sed
307 1530 429 1559 evenerit
441 1538 502 1559 eum
517 1532 627 1563 cadere,
645 1538 698 1567 non
706 1530 796 1565 jaceat
806 1535 921 1578 postca-
933 1548 957 1578 ο

134 1583 206 1608 sum,
229 1583 264 1603 ne
286 1580 488 1610 prosternatur,
514 1577 560 1603 sed
584 1579 713 1610 exsurgat
737 1579 766 1602 et
793 1575 921 1603 emendet

134 1621 252 1656 culpam,
263 1627 395 1658 expurget
408 1622 574 1658 poenitentia
585 1628 640 1649 sua:
649 1620 838 1648 satisfactione
847 1628 922 1649 com-

135 1667 257 1700 missum,
280 1676 313 1696 ne
329 1668 412 1695 etiam
431 1668 464 1695 de
478 1667 536 1702 ipso
553 1665 701 1702 Apostolus
720 1666 794 1694 dicat
808 1666 833 1683 “
851 1674 858 1694 :
884 1665 919 1693 Et

134 1713 236 1748 lugeant
259 1713 354 1741 multos
375 1721 407 1741 ea:
417 1713 458 1740 Itis
474 1713 519 1748 qui
541 1718 601 1739 ante
614 1716 801 1746 peccauerunt,
819 1718 842 1739 et
867 1720 920 1739 non

133 1764 241 1795 egerunt
253 1760 431 1795 panitentiant
443 1760 475 1787 de
488 1759 659 1787 immunditia
665 1763 690 1786 et
705 1758 880 1793 fornicatione
894 1763 919 1786 et

134 1806 301 1840 impudicitia
320 1814 399 1841 quam
412 1810 558 1841 gesserunt.
573 1804 664 1839 Quare
679 1805 761 1833 etiam
775 1804 920 1840 Apostolus

134 1851 256 1887 exempla
279 1850 426 1886 palaestrici
441 1850 536 1886 agonia
549 1850 697 1886 assumpsit
714 1858 777 1879 cum
791 1850 857 1879 dicit
870 1850 894 1866 "
910 1859 917 1878 :

135 1897 220 1926 Nemo
238 1902 382 1925 coronatur
402 1898 456 1924 nisi
481 1897 526 1933 qui
546 1896 661 1932 legitime
690 1897 841 1931 certaverit,
867 1896 918 1925 nisi

133 1944 197 1979 quia
216 1951 266 1971 nos
286 1943 358 1972 scire
374 1942 484 1971 volebat
503 1942 570 1978 legis
582 1942 735 1970 certamina
756 1947 784 1970 et
798 1942 919 1977 agones?

134 1990 181 2026 qui
201 1994 228 2018 et
243 1990 277 2018 de
292 1990 383 2024 seipse
395 1990 433 2016 ait
446 1989 454 2005 ί
473 1997 480 2016 :
499 1988 545 2017 Sic
561 1996 661 2024 pugno,
676 1996 728 2016 non
742 1989 818 2024 quasi
831 1997 918 2017 acrsnt

134 2036 281 2065 verberans.
303 2035 337 2063 Et
363 2035 461 2063 iterum
475 2036 485 2051 ’
501 2040 509 2061 :
525 2033 664 2062 Certamen
688 2035 784 2062 bonum
808 2036 917 2063 certast”.

133 2080 201 2114 Quia
217 2088 283 2115 ergo
297 2084 437 2108 certamen
455 2078 534 2107 nobis
554 2083 596 2106 est
614 2084 642 2107 et
658 2086 728 2115 agon
743 2080 916 2115 propositus,

135 2126 216 2154 etiam
234 2126 301 2161 legis
323 2132 437 2161 agonem
460 2132 542 2153 nosse
555 2125 697 2153 debemus.
721 2125 792 2154 Sunt
805 2126 917 2155 athleta:

135 2171 179 2206 qui
194 2171 220 2198 in
232 2171 359 2199 omnibus
373 2171 570 2200 certaminibus
590 2172 718 2206 vincunt,
739 2176 768 2201 et
782 2172 811 2201 itt
825 2172 918 2201 omni-

972 249 1084 282 llixerit,
1095 255 1123 277 et
1138 250 1239 285 primas
1256 250 1327 278 inter
1341 250 1440 285 paedas,
1464 252 1489 278 id
1502 256 1544 280 est
1557 252 1628 281 inter
1645 260 1758 288 pueros,

971 295 1063 322 statim
1076 296 1166 330 capiat
1179 303 1303 324 coronas.
1317 295 1365 323 Vis
1376 296 1423 324 tibi
1437 297 1580 325 ostendam
1595 298 1699 334 aliquos
1712 300 1758 334 qui

971 340 1042 368 inter
1058 348 1167 375 pueros,
1185 342 1211 369 id
1222 346 1273 374 est,
1291 342 1317 370 in
1333 342 1422 377 primo
1440 343 1533 370 statim
1546 343 1615 371 lacte
1631 344 1762 373 coronati

971 386 1053 413 sunt?
1068 386 1183 420 Respice
1207 386 1315 414 beatum
1332 387 1469 415 Daniclem
1486 388 1507 420 ⁵,
1528 389 1574 423 qui
1590 397 1604 416 a
1625 396 1710 424 puero
1729 395 1756 417 et

971 432 1123 467 prophetia:
1137 432 1253 466 gratiam
1268 433 1376 465 tneruit,
1394 437 1421 461 et
1440 434 1547 469 iniquos
1561 442 1679 469 arguens
1693 443 1756 470 pre-

971 477 1108 512 sbyteros,
1121 485 1189 512 puer
1206 485 1335 506 coronam
1349 478 1463 512 iustitia:
1484 484 1511 507 et
1531 481 1666 509 castitatis
1688 482 1757 509 obti-

972 522 1040 549 nuit.
1056 522 1102 550 Vis
1117 523 1164 551 tibi
1177 528 1205 552 et
1214 523 1296 551 alium
1314 524 1450 559 proferam
1476 524 1547 552 inter
1562 533 1662 561 pueros
1677 534 1757 554 coro—

972 569 1082 596 natum?
1094 568 1240 597 Jeremiam
1256 569 1327 603 vide,
1342 570 1387 605 qui
1404 578 1464 598 cum
1481 578 1510 598 se
1530 577 1641 606 propter
1662 572 1757 600 adole-

973 614 1104 641 scentiatn
1122 619 1266 642 excusaret
1288 622 1303 642 a
1321 615 1522 650 prophetando,
1544 617 1648 644 audivit
1668 625 1683 644 a
1705 618 1758 645 Do-

972 660 1064 687 mino'
1079 668 1086 687 :
1104 659 1167 687 Noli
1180 661 1276 693 dicere,
1291 661 1428 695 quiaPuer
1440 670 1486 697 ego
1501 670 1570 694 sum,
1581 664 1705 697 quoniam
1721 664 1757 690 ad

972 712 1059 732 omnes
1069 713 1234 740 quascunque
1243 705 1344 732 mittam
1352 710 1388 739 te,
1399 706 1457 739 ibis,
1465 712 1489 733 et
1498 715 1658 743 quiscunque
1666 708 1758 736 dixero

973 751 1027 780 tibi.
1036 751 1162 786 loqueris.
1178 751 1230 778 Sed
1250 751 1367 780 fortasse
1387 752 1488 780 adultae
1504 754 1551 780 tibi
1569 753 1626 788 jam
1643 754 1701 781 istic

973 797 1089 824 deantur
1103 803 1207 826 natales.
1224 797 1299 825 Dabo
1314 797 1360 827 tibi
1376 797 1504 826 athletam
1525 800 1570 834 qui
1589 804 1652 827 ante
1672 800 1759 827 lucta-

975 846 1018 870 tus
1029 843 1075 876 sit,
1091 848 1118 871 et
1134 844 1229 872 vicerit
1243 845 1400 880 priusquam
1417 844 1489 872 inter
1505 846 1627 873 homines
1637 846 1759 874 emiserit

973 889 1088 925 vagitus.
1103 889 1187 918 Jacob
1203 891 1291 918 adhuc
1311 891 1380 918 intra
1402 895 1508 919 uterum
1530 892 1626 920 matris
1641 899 1697 919 sua:
1713 892 1756 919 Ιιι-

973 940 1061 964 ctatus
1074 943 1135 964 cum
1156 936 1241 963 fratre
1263 937 1344 969 Esau,
1362 937 1545 972 supplantavit
1561 945 1623 965 eum
1637 943 1665 965 et
1681 938 1756 970 vicit,

972 989 1006 1009 ex
1022 989 1075 1018 quo
1090 987 1117 1010 et
1130 982 1293 1017 supplantati
1314 986 1342 1010 et
1355 983 1453 1010 devicti
1473 983 1566 1011 fratris
1588 983 1759 1011 benedictio—

974 1034 1022 1055 nes
1050 1027 1221 1062 primogeniti
1248 1036 1262 1054 a
1287 1032 1398 1062 parente
1423 1028 1577 1063 suscepit‘.
1590 1028 1657 1056 Nam
1675 1033 1703 1056 et
1719 1029 1757 1057 illi

973 1073 1050 1107 pueri
1069 1080 1134 1100 num
1153 1073 1201 1101 tibi
1220 1073 1348 1101 videntur
1363 1073 1388 1101 in
1403 1074 1499 1108 puerili
1514 1081 1601 1110 agone
1622 1077 1757 1107 coronati,

973 1116 1020 1152 qui
1036 1117 1107 1153 apud
1121 1117 1280 1146 Bethleltem
1294 1126 1309 1145 a
1331 1118 1434 1146 bimatu
1451 1123 1479 1147 et
1500 1119 1570 1148 infra
1584 1127 1633 1156 pro
1649 1120 1758 1149 Domini

974 1162 1084 1191 nomine
1098 1163 1216 1198 palmam
1232 1170 1330 1198 cepere
1349 1164 1492 1200 martyrii?
1512 1164 1594 1194 Vides
1607 1171 1709 1201 quanta
1731 1167 1758 1195 in

973 1215 1075 1243 pueros
1096 1215 1259 1236 coronarum
1280 1208 1411 1237 habemus
1432 1211 1567 1247 exempla.
1591 1210 1654 1240 llaec
1673 1212 1707 1241 de
1726 1220 1760 1240 eo

974 1253 1047 1289 quod
1065 1254 1242 1289 repetivimus
1263 1255 1458 1290 expositionem
1475 1256 1601 1284 versiculi
1620 1257 1692 1286 illius
1713 1258 1759 1293 qui

974 1298 1041 1327 dicit
1055 1307 1062 1326 :
1079 1297 1146 1326 Cum
1160 1299 1293 1333 ceciderit,
1306 1308 1357 1327 non
1367 1300 1595 1335 prosternetur.Et
1608 1309 1693 1337 quare
1706 1310 1759 1330 non

973 1348 1175 1380 prosternatur,
1189 1345 1287 1380 adjecit
1302 1353 1413 1374 causam
1423 1346 1532 1374 dicens:
1547 1346 1616 1380 Quia
1631 1347 1760 1375 Dominus

973 1391 1112 1426 confirmat
1133 1399 1239 1419 manum
1253 1391 1321 1426 ejus.
1335 1391 1368 1419 Et
1382 1391 1443 1420 vide
1462 1399 1542 1428 quam
1562 1398 1761 1428 consequenter

972 1435 1008 1465 de
1024 1436 1139 1473 singulis
1153 1436 1219 1465 dicit
1231 1437 1285 1466 :Ne
1301 1437 1392 1470 cadat,
1406 1437 1547 1472 Dominus,
1571 1439 1669 1475 inquit,
1684 1446 1761 1475 gres-

973 1489 1020 1511 sus
1036 1482 1095 1518 ejus
1108 1483 1223 1520 dirigit;
1239 1483 1261 1511 si
1280 1488 1373 1512 autem
1394 1484 1542 1518 ceciderit,
1558 1492 1612 1513 non
1637 1490 1759 1521 proster-

973 1527 1067 1556 nitur:
1085 1528 1226 1562 Dominus,
1240 1529 1339 1564 inquit,
1355 1529 1446 1557 lirmat
1461 1537 1572 1558 manum
1587 1531 1656 1567 ejus.
1680 1531 1761 1560 Vides

974 1581 1040 1609 ergo
1053 1575 1116 1609 quia
1134 1573 1240 1601 Domini
1258 1581 1366 1609 semper
1381 1574 1484 1602 auxilio
1496 1574 1657 1610 indigemus.
1666 1576 1760 1605 Primo

974 1626 1009 1647 ne
1024 1620 1173 1647 cedamus:
1192 1623 1247 1647 tum
1260 1619 1357 1647 deinde
1374 1619 1456 1647 etiam
1480 1619 1502 1647 si
1519 1620 1713 1655 ceciderimus,
1730 1628 1761 1650 ιιι

974 1672 1159 1704 resurgamus.

1009 1710 1036 1739 5.
1052 1709 1160 1738 Iuvenis
1175 1710 1216 1746 {ui
1226 1714 1249 1737 et
1262 1710 1347 1742 senui,
1370 1715 1394 1738 et
1413 1719 1463 1739 non
1478 1712 1529 1740 ridi
1544 1713 1647 1748 justum
1662 1714 1760 1742 dereli-

973 1760 1055 1788 ctum,
1071 1764 1117 1784 nec
1129 1764 1216 1784 semen
1226 1756 1284 1791 ejus
1300 1764 1421 1792 querens
1430 1766 1536 1792 partem.
1549 1758 1614 1787 Tota
1622 1760 1664 1788 dis
1678 1761 1758 1788 misc-

974 1807 1046 1829 rstur
1065 1807 1089 1829 et
1107 1802 1220 1836 fenerat,
1236 1808 1258 1830 et
1269 1810 1356 1830 semen
1376 1802 1433 1838 ejus
1453 1804 1480 1831 in
1491 1804 1667 1834 benedictione
1679 1807 1759 1835 srit'.

973 1846 1024 1881 Qui
1039 1847 1198 1883 simpliciter
1212 1848 1308 1876 dicttnt
1322 1853 1349 1877 et
1363 1849 1513 1877 secundutn
1528 1850 1671 1879 historiam
1687 1854 1760 1880 acci-

972 1892 1072 1928 pienda
1096 1900 1157 1921 esse
1173 1892 1255 1921 verba
1274 1892 1423 1929 Scriptum
1444 1894 1544 1923 divinat
1558 1915 1566 1928 ,
1589 1895 1680 1924 dicent
1700 1897 1760 1925 sine

974 1938 1056 1966 dubio
1082 1938 1109 1967 in
1135 1938 1196 1967 loco
1221 1938 1386 1968 confirmare
1414 1939 1511 1974 David,
1526 1941 1591 1976 quia
1622 1945 1759 1970 transacta

971 1989 1052 2012 atate
1061 1983 1215 2020 juventutis
1228 1992 1284 2013 sure
1298 1992 1360 2013 cum
1376 1985 1433 2021 jam
1451 1992 1537 2022 usque
1558 1987 1592 2015 ad
1607 1990 1759 2017 senectutis

971 2038 1028 2059 suae
1038 2036 1142 2067 tempus
1153 2031 1282 2064 venisset,
1298 2032 1325 2059 in
1341 2031 1414 2059 omni
1427 2032 1478 2060 hoc
1489 2037 1610 2068 tempore
1621 2042 1758 2071 nunquam

972 2085 1002 2106 se
1013 2078 1116 2106 vidisse
1133 2077 1170 2105 ita
1183 2077 1285 2112 justum
1301 2077 1462 2105 derelictum
1479 2083 1510 2106 ut
1525 2080 1640 2114 panibus
1652 2081 1759 2118 indige-

972 2127 1023 2152 ret.
1042 2123 1076 2151 Et
1086 2123 1151 2158 quid
1166 2122 1281 2152 facimus
1295 2122 1328 2151 de
1345 2122 1429 2151 Paulo
1449 2125 1572 2159 apostolo
1586 2126 1608 2160 ⁸,
1623 2127 1669 2161 qui
1691 2136 1759 2156 enu-

972 2177 1078 2197 merans
1090 2173 1116 2197 et
1128 2176 1268 2204 exponens
1285 2166 1481 2204 prophetarum
1497 2171 1568 2199 vitas
1582 2172 1648 2201 dicit
1657 2180 1704 2202 eos
1716 2175 1757 2202 in-

135 2217 185 2244 bus
200 2221 374 2244 coronantur.
386 2216 457 2245 Inter
470 2218 559 2253 ptedas
576 2218 700 2251 vincunt,
718 2219 791 2246 inter
802 2219 918 2255 agonios
934 2228 956 2256 υ
971 2215 1106 2250 digetttcs.
1121 2214 1274 2247 tribulatos,
1298 2214 1324 2243 in
1338 2215 1455 2250 pellibus
1472 2217 1592 2252 caprinis
1613 2219 1757 2247 oberrasse

134 2262 257 2295 vincunt,
272 2263 342 2290 inter
356 2263 456 2291 andras
474 2264 594 2291 vincunt.
617 2263 672 2291 Alii
688 2264 834 2293 vincuntur
847 2265 918 2292 inter

135 2309 243 2340 andras,
261 2309 308 2337 sed
321 2309 569 2336 coronauturinter
582 2309 706 2344 agonios,
721 2316 918 2344 nonnunquam

134 2356 214 2384 etiam
227 2355 299 2383 inter
311 2355 411 2383 andras
425 2355 546 2382 vincunt.
563 2355 635 2391 Ergo
648 2355 779 2390 aliquanti
796 2362 916 2390 semper,

135 2401 265 2437 aliquanti
282 2401 402 2429 secundo
416 2399 458 2427 vel
479 2400 560 2428 tertio
575 2405 753 2429 coronantur.
769 2401 850 2429 Certe
866 2401 918 2428 mi-

135 2453 224 2475 serunt
240 2450 280 2474 est
295 2449 323 2474 et
337 2445 437 2473 ultima
460 2445 640 2478 infelicitatis,
656 2446 683 2474 in
703 2446 832 2475 omnibus
849 2453 914 2481 ago-

136 2490 214 2518 nibus
228 2494 284 2518 tam
299 2490 383 2518 variis
403 2486 487 2526 atque
501 2489 630 2523 diversis.
653 2498 688 2519 ne
702 2498 783 2519 unam
805 2491 915 2527 quidem

135 2535 284 2571 promereri
308 2542 447 2563 coronam.
473 2536 511 2563 Ita
536 2544 602 2571 ergo
621 2540 650 2564 et
664 2536 847 2571 Christianus,
873 2535 916 2565 cui

134 2587 262 2609 certamen
280 2586 319 2609 est
338 2589 389 2608 non
403 2581 528 2608 adversus
539 2589 645 2609 carnem
655 2582 854 2616 stsanguinem,
869 2583 915 2610 sed

135 2628 256 2655 adversus
264 2627 426 2662 principatus
437 2632 461 2654 et
478 2619 669 2662 potestatesﬂt
679 2627 805 2654 adversus
821 2628 920 2659 princi-

133 2681 176 2706 pes
198 2673 276 2707 hujus
292 2673 384 2700 mundi
396 2673 564 2700 tenebrarum
584 2673 691 2706 harum,
704 2673 829 2700 adversus
842 2673 921 2705 spiri-

134 2718 197 2746 talia
218 2719 342 2754 nequitia
354 2719 381 2746 in
394 2719 540 2747 conatibus
553 2720 574 2753 ³,
594 2727 656 2748 cum
677 2720 877 2748 tantoshabcat
891 2723 919 2748 et

135 2763 201 2792 tales
214 2765 396 2797 adversarios,
414 2770 542 2799 tanquam
557 2766 679 2801 agonista
696 2765 812 2801 vigilare
825 2766 916 2798 debet,

973 2269 1022 2296 per
1043 2267 1175 2289 cavernas
1194 2264 1345 2295 petrarum,
1369 2265 1397 2289 et
1426 2268 1476 2297 per
1499 2262 1666 2298 speluncas:
1683 2266 1758 2292 etde

971 2307 1062 2342 seipse
1089 2313 1306 2335 commemorans
1333 2306 1492 2343 frequenter
1519 2308 1601 2342 dicit,
1629 2309 1656 2337 in
1684 2310 1757 2337 fama

971 2357 998 2380 et
1027 2353 1072 2381 siti
1102 2351 1128 2379 '?
1154 2353 1187 2381 Et
1214 2361 1277 2381 cum
1311 2354 1370 2382 hac
1397 2355 1453 2389 pati
1477 2355 1566 2390 justas
1599 2356 1756 2391 frequenter

971 2398 1175 2435 Scripturarum
1215 2400 1338 2428 historiis
1371 2407 1586 2436 cognoscamus.
1621 2403 1756 2436 quomodo

970 2452 1043 2474 nunc
1063 2445 1210 2480 putandum
1237 2446 1347 2473 esthoc
1372 2446 1458 2474 David
1490 2445 1581 2473 dicere
1606 2447 1752 2475 secundum

970 2489 1120 2525 simplicem
1152 2489 1340 2517 intellectum?
1370 2489 1424 2518 Sed
1455 2490 1596 2518 videamus
1621 2498 1655 2518 ne
1685 2491 1755 2518 forte

971 2535 1026 2562 sint
1040 2535 1138 2570 aliqua:
1152 2539 1246 2562 aetates
1260 2534 1400 2563 interioris
1421 2535 1540 2565 hominis
1555 2536 1652 2570 nostri,
1671 2538 1705 2564 ad
1720 2538 1756 2565 si-

971 2579 1152 2607 militudinem
1166 2579 1308 2607 exterioris
1320 2583 1349 2607 et
1361 2580 1513 2616 corporalis
1528 2581 1626 2609 aetatis.
1643 2581 1718 2610 Unde
1728 2587 1757 2609 et

969 2625 1105 2654 interdqu
1121 2625 1156 2653 ad
1173 2625 1246 2652 viros
1261 2625 1317 2661 jam
1335 2630 1441 2654 matura
1452 2630 1534 2654 aetate
1556 2626 1666 2661 dicitur,
1689 2629 1753 2663 quin

968 2673 1045 2708 pueri
1062 2676 1136 2705 sunt,
1150 2676 1176 2699 et
1190 2672 1251 2700 aliis
1263 2672 1327 2708 quia
1341 2679 1434 2706 senes,
1446 2677 1473 2700 et
1481 2672 1543 2701 aliis
1555 2673 1618 2709 quia
1627 2673 1755 2709 juvenes,

967 2720 1059 2750 etbtec
1071 2719 1164 2753 utique
1178 2718 1229 2746 dici
1242 2718 1275 2745 de
1289 2718 1425 2754 corporali
1439 2724 1522 2747 astate
1541 2726 1596 2747 non
1611 2720 1752 2747 convenit.

969 2765 1090 2799 Denique
1112 2772 1173 2792 cum
1193 2764 1302 2800 plurimi
1320 2769 1386 2792 ante
1406 2765 1546 2793 Abraham
1564 2770 1707 2793 sexcentos
1725 2770 1756 2792 et

166 2811 188 2828 ’⁷
201 2811 300 2848 Jerem.
316 2820 377 2845 \‘lll,
390 2812 415 2844 ι,
431 2813 457 2839 5.
474 2847 481 2848 7
494 2813 517 2829 "
532 2813 553 2841 ll
565 2814 628 2842 Cor.
640 2821 689 2844 stt.
703 2813 749 2842 2|.
786 2814 809 2830 "
822 2814 844 2841 ll
855 2813 913 2841 Tim

987 2812 1015 2840 5.
1054 2813 1063 2828 ί
1079 2812 1086 2839 l
1103 2812 1164 2841 Cor.
1180 2820 1218 2844 ts.
1235 2811 1281 2840 26.
1301 2814 1312 2830 ¹
1327 2813 1347 2841 ll
1362 2812 1433 2842 Tim.
1451 2821 1488 2846 tv,
1504 2814 1531 2841 7.
1569 2813 1580 2828 ³
1597 2812 1697 2848 Ephes.
1716 2821 1754 2847 vt.

135 2845 176 2873 l2.
227 2847 237 2862 ⁸
252 2847 318 2889 Dan.
336 2854 395 2874 snt.
442 2848 452 2863 '
469 2847 524 2875 Jer.
541 2856 559 2879 ι,
574 2848 600 2874 7.

290 2894 426 2924 Parnm.
442 2894 499 2924 Gn.
516 2895 556 2924 ΧΙ
565 2896 585 2926 Ι.

653 2848 739 2877 cGen.
756 2856 818 2876 xxv.
855 2848 947 2878 'l’sal.
963 2848 1114 2881 xxxw,25.
1150 2848 1160 2864 '
1175 2848 1257 2876 Hebr.
1276 2855 1313 2876 ιι.
1351 2849 1361 2865 ’
1379 2848 1401 2876 ll
1414 2849 1477 2878 Cor.
1497 2857 1533 2877 xi.

1558 2895 1596 2925 1ι3
