3896 6700
479 285 619 343 13⁸35

1884 278 1971 332 EX
2009 274 2310 333 ORIGENE
3664 279 3755 333 ιετξ

477 407 822 478 quingentos,
849 404 1206 459 utminimum
1238 411 1510 459 trecentos
1541 418 1713 459 annos
1752 401 2051 465 vixissent,
2080 404 2127 459 A
2158 396 2389 466 relinqui
2418 410 2447 449 a
2472 394 2583 450 Deo
2615 394 2891 463 putandus
2937 405 3018 452 est
3060 395 3255 467 justus,
3294 409 3471 452 cum
3531 396 3762 466 grite}.

474 501 544 553 de
575 497 721 551 nullo
753 495 969 550 lilorum
1006 497 1209 551 dictum
1245 507 1349 565 est,
1382 499 1511 568 quia
1558 497 1745 552 senior
1774 504 1828 550 et
1853 493 2048 564 plenus

474 589 689 643 dierum
724 586 909 650 fuerit,
942 586 1042 641 nisi
1089 587 1358 641 Abraham
1394 587 1782 643 tantummodo.
1816 586 1892 639 Ex
1938 598 2047 653 quo

471 677 634 749 673
660 677 1065 746 intelligendum
1093 677 1351 745 est,quod
1366 693 1471 732 non
1497 678 1562 732 de
1588 684 1747 731 astate
1780 676 2045 743 corporis,

472 773 566 826 sed
616 770 683 824 de
732 770 1045 825 maturitate
1108 768 1383 825 interioris
1423 769 1662 823 hominis
1700 767 2045 837 designatum

472 869 577 918 est.
597 860 750 917 Unde
772 869 826 915 ct
852 876 955 916 nos
984 870 1173 930 optare
1196 860 1452 916 debemus
1475 876 1580 915 non
1606 874 1705 929 pro
1733 867 1892 914 aetate
1922 873 2044 912 cor-

470 953 642 1025 poris,
667 968 841 1023 neque
861 969 959 1024 pro
985 952 1159 1007 oﬂicio
1191 951 1508 1022 presbyterii
1536 950 1795 1021 appellari
1823 949 2046 1019 presby-

472 1046 577 1103 teri
606 1056 661 1102 et
690 1048 952 1110 seniores,
978 1044 1069 1099 sed
1099 1059 1197 1113 pro
1232 1043 1512 1099 interioris
1546 1042 1778 1099 hominis
1802 1042 2043 1112 perfecto

469 1154 632 1195 sensu
681 1149 737 1195 et
785 1138 1057 1209 gravitate
1104 1135 1457 1201 constantiae,
1492 1134 1631 1189 sicut
1667 1142 1723 1189 et
1768 1133 2041 1188 Abraham

469 1232 766 1303 appellatus
812 1238 897 1284 est
931 1229 1211 1298 presbyter
1244 1229 1482 1283 nutritus
1518 1226 1573 1282 in
1628 1236 1908 1283 senectute
1952 1229 2046 1282 bo-

469 1340 535 1380 na
571 1324 635 1376 '°.
672 1320 767 1376 Est
818 1334 946 1391 ergo
994 1328 1126 1376 tetas
1163 1318 1344 1389 aliqua
1381 1319 1676 1374 secundum
1732 1319 2042 1374 interiorem

469 1418 741 1475 hominem
776 1416 1024 1487 puerilis,
1054 1425 1137 1471 est
1181 1425 1238 1470 et
1268 1425 1399 1470 tetas
1431 1416 1712 1485 juvenilis,
1747 1424 1831 1471 est
1874 1425 1929 1471 et
1959 1430 2045 1471 se-

470 1514 594 1568 nilis
644 1513 941 1567 secundum
993 1512 1136 1581 quod
1186 1509 1475 1579 Apostolus
1530 1510 1742 1565 dicebat
1768 1510 1858 1562 ιιι
1910 1508 2043 1563 Cum

466 1615 629 1653 essem
674 1598 946 1662 parvulus,
992 1598 1242 1668 loquebar
1276 1610 1329 1653 ut
1362 1598 1635 1667 parvulus,
1672 1600 1937 1667 sapiebam
1986 1608 2040 1651 ut

466 1690 740 1759 parvulus,
773 1690 1062 1758 cogitabam
1094 1701 1148 1742 ut
1179 1689 1428 1758 parvulus
1463 1706 1482 1754 ;
1515 1706 1631 1741 cum
1660 1700 1833 1742 autem
1871 1689 2037 1757 factus

464 1798 581 1835 sum
606 1781 701 1843 vir,
748 1781 993 1835 evacuavi
1038 1797 1157 1851 qua:
1195 1791 1343 1835 erant
1398 1781 1623 1849 parvuli.
1680 1781 1791 1849 Ego
1830 1781 1943 1835 hmc
1974 1782 2041 1836 ab

466 1872 722 1943 Apostnlo
757 1886 863 1925 non
894 1873 959 1926 de
997 1872 1267 1941 corporali
1314 1880 1475 1927 :etate
1515 1872 1619 1927 dici
1658 1872 1923 1943 intelligo,
1949 1874 2045 1928 sed

466 1965 720 2033 quoniam
747 1978 869 2018 cum
891 1962 946 2016 in
976 1963 1131 2017 initio
1152 1963 1504 2029 credidisset,
1526 1962 1630 2017 fuit
1655 1962 1911 2031 parvulus
1946 1978 2044 2018 nu-

465 2071 563 2128 per
588 2057 839 2126 genitus,
881 2054 1206 2112 rationabile
1250 2066 1305 2112 et
1346 2057 1466 2113 sine
1513 2057 1635 2113 dolo
1661 2057 1745 2111 lac
1788 2059 2045 2129 concupi-

465 2162 627 2203 scens
659 2148 726 2215 ",
761 2158 890 2203 tunc
930 2148 1270 2219 intclligehat
1310 2149 1625 2219 Scripturas
1659 2158 1717 2205 ut
1761 2151 2041 2221 parvulus,

466 2238 710 2304 sapiebat
734 2239 800 2293 de
828 2237 1122 2309 Evangelio
1157 2248 1217 2293 ut
1241 2238 1522 2308 parvulus,
1545 2240 1819 2310 cogitabat
1841 2250 1900 2295 ut
1921 2257 2045 2312 par-

464 2331 657 2399 vulus;
690 2332 788 2387 sed
828 2341 949 2401 post
997 2331 1114 2385 haec
1162 2331 1454 2400 proficiens
1489 2341 1649 2388 aetate
1689 2332 1757 2387 ad
1800 2333 2044 2390 similitu.

465 2426 644 2481 dinem
670 2425 880 2482 Christi
906 2428 972 2480 de
1000 2440 1108 2495 quo
1140 2425 1405 2496 scriptum
1450 2434 1535 2481 est
1563 2425 1608 2458 “
1636 2427 1763 2495 quia
1787 2428 2046 2497 Proﬁcie-

466 2520 554 2573 bat
576 2527 730 2573 aetate
761 2528 809 2573 et
848 2517 1110 2587 sapientia
1142 2525 1188 2571 et
1239 2520 1409 2587 gratia
1448 2517 1590 2586 apud
1619 2516 1784 2571 Deum
1821 2528 1871 2572 et
1901 2520 2043 2586 apud

463 2610 724 2673 homines,
744 2609 1048 2679 deponebat
1078 2625 1197 2679 qute
1220 2617 1376 2664 erant
1410 2608 1621 2679 parvuli
1642 2617 1728 2665 :et
1756 2621 2040 2679 propterea

464 2700 603 2754 dixit
631 2698 697 2765 ¹⁸,
720 2698 848 2754 Cum
892 2698 1068 2766 [actus
1108 2715 1225 2752 sunt
1274 2699 1372 2761 vir,
1405 2714 1521 2764 qua:
1554 2698 1759 2767 paruuli
1776 2710 1924 2752 erant
1953 2700 2045 2752 de-

464 2790 635 2862 posui.
674 2789 751 2843 lta
784 2803 916 2858 ergo
950 2787 1331 2857 intelligendus
1365 2797 1447 2843 est
1479 2787 1643 2843 etiam
1684 2787 1853 2842 David
1891 2788 2043 2843 dice-

468 2897 527 2937 re
554 2882 621 2948 “,
645 2881 859 2938 Jurenis
881 2880 960 2950 fui
984 2889 1029 2934 et
1061 2880 1209 2933 senui
1235 2896 1253 2943 ;
1282 2888 1342 2933 ut
1384 2881 1429 2935 si
1460 2880 1687 2949 diceret,
1703 2883 1834 2941 Cum
1867 2894 2039 2936 essem

464 2973 721 3045 parvulus
752 2972 1048 3029 secundum
1081 2971 1398 3025 interiorem
1435 2971 1731 3036 hominem,
1760 2988 1903 3027 nunc
1929 2971 2039 3041 jam

2151 489 2397 559 corporis
2438 486 2812 549 advenit,cum
2847 486 3140 553 tribulatio,
3173 504 3302 542 cum
3368 497 3711 556 paupertas
3737 506 3767 541 ε

2150 580 2641 650 singulae-quaeque
2682 577 2841 646 hujus
2876 579 3000 632 vita
3044 579 3311 634 molestia:
3372 589 3765 646 generantur

2151 670 2688 738 lnecmaximejnstis
2706 671 2956 727 accidere
2975 671 3168 737 solent,
3183 672 3425 741 quibus
3450 682 3521 725 et
3543 688 3771 741 persect-

2151 768 2352 821 tionem
2384 765 2493 834 pati
2528 780 2627 834 pro
2656 764 2875 819 nomine
2909 764 3001 819 Dei
3058 764 3304 819 solemne
3366 774 3512 827 est,
3570 767 3673 821 sed
3700 782 3769 821 ne:

2149 858 2593 928 derelinquuntur
2621 872 2743 912 cum
2779 856 3049 926 patientes
3096 857 3212 911 haec
3248 858 3495 911 omnia
3558 869 3621 913 et

2149 958 2332 1006 rantes
2380 950 2567 1004 dicunt
2594 950 2659 1002 ηε
2696 948 2865 1004 Nemo
2910 963 3007 1002 nos
3057 948 3352 1017 separabit.
3417 964 3459 1003 a
3526 950 3773 1004 charitze

2148 1040 2264 1105 Dei,
2290 1055 2409 1110 qum
2440 1048 2524 1094 est
2557 1040 2611 1094 in
2651 1039 2871 1094 Christo
2900 1036 3053 1102 Iesu,
3090 1054 3270 1110 neque
3302 1041 3681 1107 tribulatio,
3713 1060 3776 1095 se-

2147 1146 2252 1201 que
2293 1134 2485 1193 fames,
2530 1145 2705 1200 neque
2748 1132 3023 1199 angustia,
3060 1147 3233 1202 neque
3285 1132 3603 1199 nuditas,
3634 1149 3775 1201 neq:

2147 1223 2393 1294 gladius,
2428 1238 2603 1293 neque
2653 1225 2901 1295 altitudo,
2952 1243 3123 1299 neque
3166 1227 3598 1297 profundum,
3632 1244 3773 1295 neque

2147 1315 2252 1369 alia
2280 1326 2553 1370 creatura.
2602 1316 2845 1385 Denique
2897 1320 3174 1388 propheta:
3199 1320 3267 1385 ⁸⁸,
3309 1319 3439 1387 qui
3484 1318 3771 1371 circuitus

2147 1404 2201 1457 in
2241 1406 2460 1460 deserto
2511 1420 2609 1474 per
2660 1422 2920 1464 cavernas
2972 1419 3249 1478 petrarum
3317 1418 3391 1463 et
3466 1409 3765 1477 speluncas.

2142 1505 2388 1566 egentes,
2419 1497 2685 1564 tribulati,
2717 1498 2929 1567 afﬂicti,
2980 1500 3106 1555 licet
3136 1501 3190 1555 in
3227 1500 3529 1555 desertis
3580 1503 3766 1554 ohe-rm

2146 1597 2288 1654 rent,
2332 1596 2386 1644 et
2417 1600 2598 1645 essent
2644 1590 2712 1645 ab
2760 1592 3072 1647 hominibus
3121 1592 3425 1656 dereticti,
3493 1590 3759 1645 multiter

2150 1687 2328 1734 tamen
2360 1694 2455 1735 eos
2477 1681 2787 1753 angelorum
2810 1681 3202 1737 circumdabat.
3234 1680 3340 1737 Sic
3378 1684 3664 1751 denique
3688 1682 3763 1734 Eh-

2147 1788 2288 1829 sacus
2310 1787 2438 1828 cum
2486 1782 2631 1828 esset
2677 1774 2745 1829 ab
2788 1774 3097 1829 hominibus
3137 1774 3505 1840 derelictus,
3572 1774 3755 1830 emissi
3838 1764 3849 1840 ᾗ

2148 1866 2592 1921 circumdabatur
2627 1868 2893 1933 exercitu,
2939 1868 3232 1923 secundum
3270 1869 3456 1936 quod
3515 1870 3757 1937 scriptun

2144 1958 2488 2028 est":Aperi
2514 1961 2698 2014 oculos
2723 1961 2875 2029 pueri
2903 1961 3085 2028 hujus,
3113 1969 3169 2015 ut
3190 1960 3393 2015 videat
3427 1961 3581 2030 quia
3604 1960 3752 2030 plcre:

2146 2048 2427 2103 nobiscum
2453 2058 2578 2103 sunt
2600 2065 2763 2120 quam
2794 2066 2916 2107 cum
2948 2051 3069 2106 illis.
3101 2051 3167 2105 Et
3200 2051 3347 2105 vidit
3388 2061 3599 2105 totum
3622 2066 3753 2104 nios-

2146 2148 2255 2193 tem
2295 2140 2567 2209 equitibus
2595 2151 2647 2197 et
2688 2143 2940 2199 curribus
2992 2143 3235 2213 plenum.
3261 2141 3597 2212 Nunquam
3627 2143 3744 2196 enin

2144 2230 2291 2287 solus
2327 2241 2409 2286 est
2428 2231 2629 2301 justus,
2659 2233 2752 2288 sed
2784 2248 2852 2289 ne
2874 2234 3038 2289 unius
3066 2234 3311 2302 quidem,
3349 2243 3471 2287 aut
3506 2236 3741 2287 duorum.

2141 2323 2226 2379 vel
2249 2326 2408 2379 trium
2435 2327 2807 2382 tantummodo
2830 2326 3141 2399 angelorum
3163 2325 3463 2382 societate
3492 2328 3737 2381 subnisa:

2140 2424 2249 2479 est,
2269 2414 2361 2470 sed
2394 2419 2669 2471 exercitus
2690 2416 2739 2472 ei
2759 2418 3019 2472 virtutum
3052 2412 3365 2474 ctelestium
3403 2432 3623 2489 praesto
3648 2428 3729 2471 est.

2143 2504 2299 2572 Quod
2331 2507 2377 2562 si
2419 2507 2666 2575 pluribus
2710 2508 2888 2565 adhuc
2928 2504 3459 2580 testiinoniisopus
3491 2520 3596 2575 est,
3631 2524 3730 2563 sns-

2144 2597 2264 2667 cipe
2310 2606 2365 2653 et
2412 2598 2578 2663 allud.
2612 2598 2778 2655 Iacob
2805 2600 3043 2670 quandiu
3082 2610 3203 2655 erat
3251 2602 3309 2656 in
3348 2603 3524 2657 domo
3550 2615 3717 2671 paren-

2143 2696 2256 2742 tum
2284 2698 2479 2746 etcum
2511 2690 2678 2746 fratre
2711 2691 2873 2759 Esau,
2917 2708 3022 2748 non
3058 2702 3324 2748 eratcum
3355 2695 3606 2748 exercitu
3630 2706 3717 2745 2n-

2142 2780 2385 2851 gelorum
2418 2797 2433 2834 :
2462 2796 2585 2836 cum
2618 2797 2749 2837 vero
2792 2784 3107 2837 secessisset
3147 2785 3215 2837 ad
3240 2785 3590 2838 solitudinem
3623 2782 3709 2834 de-

2142 2872 2294 2939 serti,
2308 2881 2369 2927 et
2387 2870 2534 2927 solus
2558 2872 2659 2926 iter
2676 2883 2861 2943 ageret
2886 2874 2951 2928 ad
2981 2873 3430 2943 Mesopotamiam,
3449 2873 3707 2927 dormivit

2144 2962 2198 3017 in
2231 2963 2346 3018 loco
2381 2964 2638 3031 quodam,
2659 2972 2713 3016 et
2744 2978 3045 3035 exsurgens
3067 2966 3204 3021 dicit
3227 2968 3334 3035 quia
3361 2976 3579 3019 vocatur
3596 2964 3690 3017 hic

466 3066 638 3123 senui.
676 3063 791 3120 Nisi
853 3064 999 3119 enim
1052 3063 1347 3128 senuisset,
1400 3064 1663 3133 propheta
1718 3078 1826 3119 non
1875 3074 2039 3121 esset.

2145 3054 2296 3109 locus
2317 3053 2631 3126 παρεμϐολή
2655 3096 2670 3121 ,
2703 3056 2849 3126 quod
2884 3065 2967 3112 est
2998 3065 3178 3112 castra
3199 3098 3213 3123 ,
3250 3072 3341 3129 pro
3361 3072 3414 3111 eo
3433 3056 3565 3125 quod
3597 3054 3681 3106 vi-

468 3159 709 3230 Namqne
742 3172 935 3214 senum
964 3164 1046 3212 est
1076 3156 1421 3227 prophetare.
1457 3154 1686 3211 Etiamsi
1731 3157 1917 3212 videas
1943 3155 2046 3212 aii-

465 3252 687 3325 quando
709 3251 965 3319 juvenem
997 3248 1436 3320 prophetantem.
1485 3263 1592 3302 non
1624 3248 1835 3304 dubites
1864 3249 2045 3305 dicere

466 3344 647 3410 de-eo,
674 3342 800 3412 quia
842 3341 1143 3397 secundum
1180 3337 1497 3393 interiorem
1539 3339 1812 3394 hominem
1842 3340 2043 3405 senuit,

469 3443 756 3505 propterea
785 3431 1049 3502 propheta
1079 3441 1163 3485 est
1195 3448 1208 3483 :
1238 3429 1472 3497 denique
1512 3427 1777 3482 Ieremias
1800 3443 1922 3483 cum
1947 3444 2045 3483 an—

468 3520 747 3580 divisset“
767 3540 779 3576 :
800 3520 1119 3591 Priusquam
1144 3527 1192 3574 te
1226 3524 1542 3587 ptasmarem
1574 3519 1626 3570 in
1663 3516 1810 3572 utero
1836 3518 2040 3582 novire,

469 3625 517 3671 et
546 3623 825 3684 antequam
864 3612 1036 3666 exires
1082 3612 1151 3665 de
1190 3609 1339 3665 vulva
1378 3608 1707 3676 sanctiﬁcavi
1734 3618 1804 3674 te,
1847 3618 1893 3662 et
1923 3627 2044 3679 pro-

469 3710 679 3777 phetam
728 3704 784 3759 in
817 3703 1055 3773 gentibus
1097 3701 1197 3771 feci
1230 3710 1302 3765 te,
1347 3700 1627 3770 respondit
1664 3700 1790 3769 quia
1828 3701 2041 3757 Iuvenis

472 3815 563 3871 ego
585 3812 703 3853 sum
739 3805 786 3850 et
828 3793 1001 3848 nescio
1030 3790 1192 3862 loqui.
1229 3790 1336 3846 Sed
1358 3790 1450 3845 ille
1480 3789 1571 3859 qui
1599 3790 1647 3843 ei
1671 3790 1890 3845 donavit
1918 3806 2043 3862 gra-

469 3890 601 3944 tiam
628 3894 813 3940 utnon
852 3891 997 3938 esset
1035 3894 1195 3950 pucr,
1223 3879 1319 3935 sed
1363 3888 1510 3935 esset
1538 3879 1722 3934 senior
1743 3881 2040 3935 secundum

470 3976 777 4032 interiorem
796 3971 1093 4036 hominem,
1118 3969 1194 4023 ait
1219 3968 1286 4024 ad
1310 3983 1432 4023 eum
1448 3968 1490 4000 "'
1514 3984 1529 4020 :
1554 3968 1679 4023 Noti
1701 3968 1895 4036 dicere,
1918 3972 2040 4040 quia

459 4066 668 4122 Iuvenis
695 4079 788 4136 ego
818 4078 952 4119 sum.
982 4059 1233 4129 Alioquin
1265 4059 1371 4113 nisi
1400 4059 1515 4113 haec
1543 4058 1615 4112 ita
1648 4059 2034 4129 intelligantur,

467 4159 597 4229 quid
623 4156 848 4213 habebit
900 4152 1131 4209 rationis
1163 4160 1223 4204 ut
1252 4150 1465 4204 dicatur
1489 4164 1678 4219 puero,
1707 4150 1859 4218 cujus
1909 4161 2041 4208 mtas

462 4247 717 4317 juvenilis
748 4255 804 4302 et
832 4240 1138 4307 rudis,Noli
1163 4242 1355 4313 dicere,
1379 4239 1505 4309 quia
1522 4240 1726 4297 Juvenis
1750 4257 1843 4311 ego
1870 4258 1985 4296 sum
2014 4246 2039 4298 ?

468 4342 571 4395 hoc
604 4346 688 4394 est
729 4337 936 4400 dicere,
974 4347 1081 4389 non
1120 4332 1276 4388 dicas
1304 4331 1447 4401 quod
1476 4342 1660 4386 verum
1691 4339 1794 4387 est.
1817 4330 2039 4388 Iuvenis

2146 3143 2218 3198 dit
2251 3143 2325 3198 ibi
2356 3161 2461 3199 non
2488 3160 2675 3209 unum,
2721 3147 2815 3200 sed
2865 3146 3016 3217 plura
3062 3157 3243 3202 castra
3281 3148 3395 3203 Dei.
3420 3147 3531 3201 lite
3564 3144 3683 3199 dici-

2143 3250 2264 3288 mus
2286 3234 2352 3289 de
2385 3248 2449 3289 eo
2477 3235 2620 3304 quod
2666 3251 3004 3306 nequaquam
3034 3236 3214 3305 justus
3242 3240 3447 3294 dicitur
3487 3238 3703 3293 derelinc

2143 3322 2257 3391 qni,
2292 3321 2343 3375 in
2375 3323 2707 3391 spiritalibus
2739 3325 3003 3379 duntaxat
3036 3327 3208 3381 bonis.
3242 3327 3302 3382 in
3351 3327 3709 3399 corporalibus

2140 3416 2287 3469 enim
2323 3415 2445 3470 vide
2473 3416 2603 3485 quid
2624 3415 2805 3484 justus
2830 3419 2991 3486 dixit,
3018 3421 3070 3474 in
3103 3421 3302 3491 quibus
3332 3425 3505 3480 etiam
3534 3426 3713 3493 gloria-

2146 3514 2231 3558 tur
2261 3523 2275 3560 :
2314 3504 2487 3575 Usque
2512 3508 2581 3560 ad
2611 3508 2768 3575 hanc,
2800 3509 2975 3576 inquit
2999 3514 3065 3579 ³³,
3097 3517 3279 3567 lteram
3309 3528 3361 3569 et
3386 3520 3649 3572 esurimus
3670 3524 3709 3568 et

2142 3598 2368 3662 sitimus,
2397 3609 2442 3652 et
2465 3600 2593 3651 nudi
2612 3616 2813 3667 sumus,
2847 3612 2894 3656 et
2923 3604 3155 3673 colaphis
3188 3607 3487 3675 caedimur,
3522 3622 3568 3664 et
3592 3608 3710 3660 labo-

2144 3705 2322 3743 ramus
2345 3702 2619 3760 Operantes
2658 3694 2923 3748 manibus.
2963 3693 3027 3749 Et
3061 3698 3258 3753 iterum
3308 3702 3357 3733 ³³
3387 3719 3404 3756 :
3441 3700 3706 3756 Maledict-

2142 3796 2262 3833 mur
2284 3789 2337 3834 et
2377 3782 2754 3848 benedicimus,
2776 3788 3190 3853 persecutionem
3206 3792 3456 3860 patimur
3500 3805 3554 3850 et
3574 3792 3707 3848 sustio

2143 3886 2343 3938 nemus,
2400 3871 2747 3942 blasphemati
2796 3877 3159 3946 deprecamur.
3188 3881 3294 3937 Sed
3325 3888 3601 3952 quoniam
3632 3885 3712 3936 iste

2143 3962 2267 4017 talis
2294 3977 2399 4017 non
2435 3964 2847 4034 relinquebatur
2892 3970 3104 4037 spiritu,
3137 3971 3355 4027 dicebat
3380 3977 3427 4007 "
3454 3995 3479 4029 :
3520 3978 3713 4043 Prop!!!

2139 4052 2279 4122 quod
2302 4054 2483 4122 placeo
2518 4056 2648 4109 mihi
2675 4056 2729 4109 in
2768 4057 3169 4126 inﬁrmitatibus
3210 4065 3363 4129 meis,
3394 4066 3449 4118 in
3494 4067 3709 4135 injuriis,

2134 4145 2195 4197 in
2218 4145 2629 4210 necessitatibus,
2653 4148 2707 4200 in
2739 4152 3207 4217 persecutionibus,
3231 4154 3287 4208 in
3326 4162 3609 4227 angustiis
3634 4172 3709 4225 νη

2141 4233 2372 4290 Christo.
2405 4235 2704 4305 Dupliciter
2728 4253 2861 4309 ergo
2890 4239 3308 4311 derelinquitur,
3349 4248 3443 4315 qui
3488 4247 3713 4304 derelin-

2142 4326 2345 4394 quitur.
2381 4326 2752 4396 Corporaliter
2799 4331 3016 4399 quidem
3061 4332 3163 4387 hoc
3207 4337 3388 4399 modo,
3420 4351 3550 4405 quo
3577 4350 3713 4404 supe-

468 4441 597 4498 ergo
619 4434 739 4482 erat
766 4426 1065 4480 secundum
1093 4430 1311 4478 aetatem
1348 4421 1597 4490 corporis
1622 4437 1635 4474 :
1656 4422 1751 4477 sed
1781 4422 2035 4491 quoniam
2068 4419 2113 4479 D
2142 4419 2257 4473 rius
2283 4418 2519 4474 diximus
2561 4420 2672 4489 pati
2703 4436 2894 4477 omnes
2925 4433 3166 4490 sanctos,
3208 4435 3262 4480 et
3297 4442 3403 4481 non
3429 4429 3587 4485 laedi.
3624 4430 3715 4482 De-

474 4517 735 4575 Dominus
782 4514 1010 4570 dederat
1055 4512 1220 4566 verba
1283 4525 1379 4566 sua
1421 4510 1475 4564 in
1507 4526 1602 4565 ore
1650 4512 1786 4581 ejus,
1844 4512 2040 4581 quibus

470 4612 773 4668 cradicaret
812 4616 868 4665 et
889 4607 1234 4663 subverteret
1261 4612 1317 4659 et
1352 4602 1714 4672 disperderet,
1740 4616 1794 4659 et
1824 4619 2037 4661 rursum

467 4704 764 4760 aediﬁcaret
798 4704 853 4755 et
879 4697 1187 4770 plantaret,
1219 4709 1341 4766 qua
1377 4694 1553 4749 virtus
1586 4696 1874 4751 verborum
1917 4696 2035 4751 ani-

469 4810 613 4852 mam
643 4792 762 4864 ejus
788 4790 1105 4848 illuminans
1137 4796 1197 4844 et
1220 4788 1569 4844 sanetilicans
1597 4802 1700 4842 non
1743 4803 1862 4843 eam
1891 4789 2033 4844 sine-

469 4887 561 4940 bat
609 4897 731 4939 esse
782 4880 1068 4951 puerilem,
1115 4878 1238 4934 ideo
1283 4877 1481 4933 merito
1529 4876 1595 4932 ad
1632 4890 1754 4930 eum
1789 4878 2031 4934 dicitur:

475 4979 600 5035 Noli
634 4978 830 5044 dicere,
874 4975 999 5047 quia
1015 4973 1224 5031 Iuvenis
1247 4990 1339 5044 ego
1354 4989 1491 5029 sum.
1522 4969 1785 5028 Similiter
1816 4988 1946 5042 ergo
1981 4983 2038 5028 et

468 5074 572 5128 hoc
601 5070 745 5142 quod
769 5066 937 5123 David
964 5066 1096 5122 dicit
1129 5065 1207 5120 “:
1240 5064 1464 5121 Iuvenis
1487 5065 1567 5135 [ui
1598 5074 1647 5119 et
1670 5066 1837 5129 senui,
1863 5075 1908 5118 et
1934 5081 2036 5119 non

469 5164 574 5220 vidi
588 5162 795 5232 justum
840 5156 1167 5223 derelictum,
1213 5173 1305 5210 nec
1334 5172 1508 5213 semen
1530 5156 1643 5227 ejus
1673 5173 1915 5226 qua’rens
1940 5174 2039 5226 pa-

468 5270 605 5319 nem,
652 5250 945 5308 secundum
977 5247 1081 5302 hoc
1110 5247 1251 5317 quod
1280 5260 1443 5315 supra
1488 5247 1555 5302 de
1585 5253 1743 5301 astate
1784 5245 2032 5315 juvenili,

466 5346 547 5400 vel
602 5342 759 5399 senili
805 5337 1078 5396 interioris
1123 5337 1359 5393 hominis
1386 5337 1643 5402 diximus,
1690 5336 2031 5392 sentiendum

466 5442 585 5499 est;
615 5431 855 5502 alioquin
888 5427 1181 5485 secundum
1204 5427 1529 5483 exteriorem
1560 5426 1828 5482 hominem
1864 5427 1907 5481 si
1941 5428 2034 5481 de-

538 5554 582 5586 “
621 5552 756 5607 Gen.
791 5564 920 5605 xxv.
997 5545 1086 5600 “l
1138 5545 1265 5602 Cor.
1306 5560 1426 5609 xm,
1470 5543 1558 5598 ll.

1633 5543 1716 5598 "l
1765 5543 1907 5599 Petr.
1945 5558 2006 5607 ll,
2035 5542 2088 5595 ‘2.
2167 5540 2358 5612 "Luc.
2400 5561 2460 5612 ιι,
2508 5545 2596 5600 52.

461 5623 553 5682 ‘25.
630 5623 674 5653 “
697 5620 810 5675 Ier.
851 5618 941 5679 1,5
977 5628 1031 5670 et
1074 5616 1125 5669 ϐ.
1205 5618 1244 5648 ⁸⁷
1273 5616 1401 5672 ibid.
1421 5616 1475 5667 7.
1553 5614 1597 5645 "
1638 5613 1774 5668 Psal.
1818 5628 1999 5677 χχχιιι,
2030 5612 2119 5666 25.

2136 4510 2524 4579 relinquuntur
2557 4526 2688 4568 vero
2710 4512 2899 4581 spiritu
2945 4515 3020 4569 illi
3050 4516 3115 4571 de
3164 4520 3361 4588 quibus
3394 4520 3671 4578 dicitur”
3698 4537 3710 4571 :

2142 4600 2403 4667 Quoniam
2428 4617 2533 4655 non
2558 4606 2978 4673 approbaverunt
3006 4608 3174 4666 Deum
3195 4610 3385 4665 habere
3412 4615 3466 4666 in
3500 4617 3714 4673 notitia,

2138 4693 2358 4746 tradidit
2379 4708 2464 4746 eos
2490 4692 2628 4747 Deus
2652 4695 2709 4748 in
2741 4700 3014 4765 reprobum
3039 4715 3267 4766 sensum,
3292 4712 3348 4754 ut
3370 4702 3592 4771 faciant
3612 4715 3710 4773 qua!

2141 4798 2244 4837 non
2287 4794 2607 4855 congruunt,
2645 4786 2865 4855 repletos
2907 4791 3053 4843 omni
3106 4791 3403 4859 iniquitate,
3458 4797 3710 4865 ιιεηεὶιίι,

2136 4876 2384 4944 avaritia,
2407 4876 2585 4947 plenos
2607 4880 2827 4948 inuidia,
2853 4881 3170 4948 homicidiis,
3186 4885 3545 4950 contentione,
3579 4887 3706 4949 dolo,

2137 4980 2530 5039 susurratores,
2562 4973 2911 5039 detractaret,
2942 4974 3053 5029 Deo
3083 4975 3299 5031 odibiles
3322 5016 3337 5041 ,
3370 4981 3710 5033 contumelio-

2140 5079 2250 5127 sos,
2273 5064 2545 5133 superbos,
2575 5065 2760 5129 elatos,
2798 5076 2853 5123 et
2877 5076 3072 5123 caetera
3110 5067 3417 5137 bujusmodi
3453 5073 3598 5127 mala
3623 5085 3704 5140 pro

2136 5152 2334 5221 quibus
2360 5164 2417 5209 et
2442 5154 2741 5226 derelinqui
2773 5169 3104 5216 meruerunt.
3136 5159 3267 5226 Qua
3294 5162 3560 5230 quoniam
3586 5164 3703 5217 alie-

2141 5257 2209 5297 na
2234 5252 2410 5298 sunta
2433 5244 2604 5312 justo,
2639 5260 2925 5319 propterea
2973 5252 3138 5316 dicit,
3175 5253 3298 5321 quia
3314 5254 3433 5308 Non
3486 5257 3598 5309 vidi
3622 5255 3701 5322 ju-

2139 5342 2279 5387 stum
2324 5335 2650 5404 derelictum,
2699 5356 2793 5394 nec
2850 5359 3023 5397 semen
3066 5344 3181 5411 ejus
3215 5361 3452 5416 qum-ens
3498 5364 3695 5412 panem.

2139 5424 2334 5480 lterum
2365 5428 2409 5483 si
2454 5430 2609 5486 audis
2656 5446 2841 5487 semen
2898 5433 3033 5502 ejus,
3071 5437 3137 5491 ad
3171 5451 3350 5492 semen
3384 5452 3695 5507 corporeum

2676 5549 2719 5579 ”
2748 5549 2765 5602 Ι
2790 5549 2914 5605 Cor.
2947 5568 3063 5616 xm,
3094 5553 3176 5605 ll.

3262 5554 3304 5584 ”
3347 5552 3488 5605 Psal.
3522 5566 3693 5611 xxxvi,

2211 5612 2253 5644 ¹⁹
2279 5610 2453 5669 Βοηιῷ
2485 5631 2604 5683 vttt,
2651 5618 2743 5674 55.
2818 5622 2867 5653 ¹⁹
2889 5610 3062 5678 Hebr;
3092 5639 3163 5678 XI.

3276 5625 3317 5655 ιι
3344 5622 3405 5676 tv
3442 5622 3575 5693 ιιυε.
3632 5639 3689 5683 ιιι,

466 5700 532 5756 ιδ
566 5703 619 5751 et
654 5690 739 5747 l7.
815 5689 858 5719 ¹¹
888 5687 906 5739 ι
938 5685 1064 5740 Cor.
1094 5700 1168 5751 tv,
1200 5688 1282 5743 tt,
1357 5685 1403 5719 ιι
1432 5682 1562 5741 ηοω,
1594 5682 1680 5738 η,
1758 5683 1805 5717 ιι
1830 5683 1869 5737 υ
1894 5683 2041 5739 con:

2162 5683 2248 5740 10.
2325 5687 2371 5719 "
2396 5686 2552 5743 Rom.
2591 5682 2627 5757 ι,
2657 5687 2746 5744 28.

587 6224 795 6265 Em
816 6226 1177 6265 7,,w,-,,r.w
1206 6228 1349 6231 κν---
1372 6229 1403 6260 ,Ι

3248 6241 3682 6260 ﬁ—‘ﬁ-a
