4120 6212
386 386 518 442 1⁸537

1078 370 1387 436 SELECTA
1427 380 1493 435 IN
1532 378 1868 436 PSALMOS.
1904 410 1972 420 —
2010 379 2244 441 HOMIL.
2284 384 2348 442 IV
2385 387 2455 453 IN
2488 388 2680 447 PSAL.
2714 390 2953 455 XXXVI.

3506 404 3631 459 1358

383 506 657 562 rediturus
685 504 780 559 es?
819 502 885 558 Et
914 490 1185 572 quomodo
1210 519 1397 559 verum
1432 503 1674 559 invenies
1700 503 1805 559 hoc
1830 503 1970 573 quod
1998 506 2044 565 Α
2074 515 2199 561 ante
2251 523 2312 566 se
2370 511 2510 567 hanc
2538 510 2761 569 faeneret
2817 515 3191 572 necessitatem
3221 517 3567 589 patientibus
3606 526 3631 581 ?

381 615 565 656 semen
593 598 722 670 justi
754 613 858 653 non
901 595 1069 671 6¹1ἥΙ
1099 606 1306 668 quaerat
1338 612 1524 665 panes,
1557 612 1678 653 cum
1709 599 1955 653 videas"

382 694 573 752 lsmael
598 694 746 751 illum
775 693 842 750 de
880 694 1085 749 semine
1117 699 1302 747 natum
1326 691 1575 757 Abrahae,
1604 691 1805 762 quique
1831 708 1954 749 cum

384 796 562 845 mater
594 785 711 855 ejus
734 786 949 857 fugiens
983 785 1259 845 dominam
1289 800 1442 845 suam
1487 784 1675 840 Saram
1716 792 1956 855 portaret

334 910 341 915 ο
382 880 582 937 eumin
626 880 868 943 deserto,
891 889 945 937 et
995 893 1191 947 aquam
1236 878 1425 947 utique
1472 876 1749 947 quaerebat
1777 886 1834 931 et
1858 891 1955 946 pa-

338 986 348 996 ·λ
382 968 524 1025 nes?
561 970 668 1026 Sed
701 978 758 1025 et
792 969 932 1024 Esau
973 969 1038 1023 de
1063 969 1147 1023 via
1180 968 1407 1023 veniens
1440 966 1724 1023 deliciebat
1747 966 1950 1031 inedia,

381 1069 434 1117 et
462 1062 517 1117 in
548 1071 756 1121 tantum
789 1060 948 1116 famis
980 1058 1129 1123 rabie
1148 1058 1514 1129 praecipitatus
1544 1068 1645 1127 est,
1675 1064 1731 1112 ut
1752 1058 1954 1127 prima-

380 1160 469 1208 tus
494 1142 623 1209 suos
656 1152 816 1207 lentis
847 1151 971 1206 cibo
996 1151 1318 1211 distraxerit
1344 1152 1411 1203 ’⁷.
1441 1149 1667 1220 Oportet
1687 1165 1817 1220 ergo
1854 1164 1953 1208 nos

379 1246 672 1301 secundum
697 1259 760 1300 ea
796 1259 916 1315 qua:
942 1259 1102 1312 supra
1132 1245 1390 1309 diximus,
1422 1246 1587 1301 etiam
1614 1261 1796 1301 semen
1813 1245 1949 1314 justi

380 1336 683 1408 intelligere
731 1336 996 1407 spiritale.
1040 1337 1107 1391 Et
1145 1337 1273 1405 quid
1304 1336 1451 1391 aliud
1487 1351 1671 1392 semen
1704 1336 1829 1405 justi
1872 1338 1953 1393 tli-

379 1446 544 1500 gnum
576 1439 658 1486 est
708 1438 921 1499 putare,
952 1427 1053 1484 nisi
1105 1426 1425 1496 discipulum
1464 1426 1617 1496 justi,
1648 1429 1740 1496 qui
1768 1441 1952 1484 susceo

377 1530 468 1589 pto
518 1520 586 1576 ab
628 1535 695 1577 eo
732 1519 880 1577 verbi
933 1520 1028 1574 Dei
1081 1518 1306 1583 semine,
1338 1519 1406 1573 ad
1453 1518 1615 1577 vitam
1660 1531 1952 1589 generatur

372 1619 629 1675 aeternam
662 1611 684 1663 ?
720 1608 882 1664 Verbi
925 1609 1120 1677 gratia,
1155 1609 1197 1664 si
1231 1608 1567 1667 Orationibus
1602 1613 1797 1667 vestris
1835 1628 1951 1669 tue-

374 1718 526 1759 rerer
549 1716 669 1759 esse
696 1701 899 1769 justus.
930 1712 987 1757 et
1022 1702 1267 1771 accipere
1296 1718 1326 1759 a
1370 1704 1597 1761 Domino
1626 1706 1858 1775 gratiam
1894 1707 1947 1763 in

374 1795 544 1855 verba
578 1795 858 1864 sapientiae
886 1803 942 1852 et
980 1795 1245 1863 scientiae,
1280 1796 1352 1852 ita
1398 1806 1459 1852 ut
1498 1812 1712 1866 possem
1753 1813 1949 1854 secun-

374 1886 501 1945 dum
525 1887 752 1957 gratiam
779 1901 939 1957 quam
970 1888 1086 1957 ipse
1114 1901 1143 1940 a
1174 1887 1400 1943 Domino
1422 1889 1762 1953 meruissem,
1792 1891 1947 1946 vobis

373 1990 591 2046 quoque
624 1975 936 2033 ministrare
980 1977 1202 2034 verbum
1240 1976 1371 2042 Dei,
1400 1986 1458 2033 et
1501 1992 1688 2035 serere
1731 1979 1861 2035 illud
1893 1981 1946 2035 in

372 2068 656 2129 animabus
684 2069 883 2125 vestris
913 2085 927 2122 :
954 2076 1065 2129 tum
1099 2068 1295 2123 deinde
1327 2070 1601 2139 ingressus
1647 2085 1826 2126 sermo
1850 2072 1947 2127 Dei

373 2160 431 2214 in
465 2160 675 2217 animas
708 2168 949 2224 vestras,
987 2166 1043 2213 et
1076 2158 1285 2217 haerens
1332 2162 1384 2213 in
1433 2161 1601 2217 corde
1627 2172 1807 2217 vestro
1836 2162 1946 2218 for-

373 2259 551 2306 maret
600 2260 811 2309 mentes
872 2259 1081 2306 vestras
1140 2251 1436 2307 secundum
1497 2253 1733 2323 speciem
1793 2255 1943 2315 verbi

374 2340 566 2409 ipsius,
594 2341 647 2397 id
687 2350 773 2398 est
814 2351 874 2396 ut
919 2340 1023 2397 hoc
1066 2340 1277 2397 velletis
1319 2350 1373 2397 et
1408 2343 1512 2399 hoc
1538 2341 1773 2413 ageretis
1797 2344 1943 2413 quod

372 2432 596 2488 verbum
628 2431 725 2486 Dei
760 2431 900 2497 vult,
920 2440 974 2487 et
1003 2445 1102 2500 per
1118 2431 1223 2486 hoc
1258 2431 1372 2502 ipse
1392 2432 1643 2497 Christus
1670 2432 1942 2489 formare-

372 2537 462 2581 tur
485 2523 539 2579 in
571 2524 727 2580 vobis
759 2539 775 2577 :
806 2533 935 2579 tunc
978 2536 1107 2578 vere
1148 2521 1496 2583 etﬁceremini
1546 2538 1735 2582 semen
1781 2523 1940 2594 justi,

367 2618 513 2689 quod
555 2632 661 2673 non
695 2616 889 2686 quatrit
924 2628 1138 2684 panem,
1176 2614 1438 2673 habentes
1467 2615 1679 2671 scilicet
1705 2616 1756 2672 in
1787 2617 1942 2673 vobis

367 2722 585 2777 semper
620 2721 813 2777 panem
867 2706 1015 2769 illum
1044 2704 1139 2776 qui
1184 2704 1253 2761 de
1284 2706 1427 2763 etelo
1460 2707 1755 2765 descendit.
1786 2705 1939 2773 Quod

366 2800 414 2856 si
449 2800 774 2870 respondeas
806 2798 938 2855 mihi
988 2805 1044 2853 et
1073 2797 1262 2855 dicas:
1290 2796 1492 2864 Quanti
1526 2797 1814 2855 audierunt
1837 2796 1938 2865 Be-

369 2906 513 2951 trum
537 2905 591 2953 et
615 2896 862 2961 Paulum,
904 2895 999 2964 qui
1028 2894 1220 2963 utique
1244 2902 1399 2951 erant
1418 2892 1711 2963 justissimi
1748 2890 1938 2950 docto-

368 3008 475 3055 res,
508 3000 565 3045 et
592 3001 767 3045 tamen
801 2995 1181 3058 peccaverunt,
1212 2996 1267 3043 et
1294 2986 1571 3056 quomodo
1600 3001 1732 3057 ergo
1754 3001 1935 3042 semen

356 3081 488 3151 justi
521 3081 766 3136 dicentur
793 3079 818 3133 ?
856 3078 963 3141 Sed
1009 3077 1131 3135 vide
1156 3092 1223 3134 ne
1258 3077 1401 3133 forte
1432 3077 1575 3134 sicut
1614 3092 1721 3135 non
1748 3090 1938 3141 omnes

362 3175 455 3247 qui
507 3190 576 3228 ex
607 3172 879 3226 Abraham
927 3176 1075 3234 sunt,
1107 3169 1271 3223 etiam
1324 3181 1510 3225 semen
1542 3167 1820 3227 Abraham
1853 3169 1937 3222 di.-
1958 3192 2008 3250 ε

362 3276 586 3327 cuntur,
615 3263 812 3333 quibus
846 3258 1046 3313 dicitur
1073 3259 1121 3291 ³⁸
1152 3276 1166 3311 :
1200 3257 1261 3313 Si
1283 3257 1384 3326 ﬁlii
1417 3258 1684 3314 Abraham
1731 3260 1931 3325 essetis,

363 3374 520 3428 opera
576 3357 756 3426 utique
795 3353 1062 3406 Abraham
1101 3352 1374 3420 faceretis;
1402 3350 1477 3408 ita
1504 3350 1670 3405 etiam
1718 3350 1794 3405 illi
1843 3350 1936 3420 qui

363 3449 651 3504 audierunt
678 3446 896 3501 Petrum
939 3454 993 3498 et
1019 3443 1270 3509 Paulum,
1298 3450 1352 3497 et
1381 3457 1489 3497 non
1522 3442 1774 3499 fecerunt
1813 3459 1936 3514 quae

363 3542 620 3595 docuerat
642 3538 831 3594 Petrus
847 3537 929 3593 vel
963 3536 1182 3603 Paulus,
1212 3550 1317 3591 non
1346 3545 1504 3591 erant
1518 3550 1701 3593 semen
1724 3551 1934 3605 eorum,

361 3632 487 3702 quia
546 3638 797 3699 suscepta
844 3629 912 3683 ab
942 3628 1022 3685 eis
1063 3628 1212 3683 verbi
1258 3630 1488 3695 semina,
1518 3643 1587 3684 ex
1623 3631 1803 3695 anima
1837 3644 1934 3689 sua

363 3723 509 3776 velut
553 3720 835 3775 abortione
876 3720 1108 3788 quadam
1159 3720 1472 3791 abiecerunt
1502 3729 1558 3776 et
1604 3720 1930 3801 eduderunt.

365 3816 601 3885 Denique
637 3823 694 3871 et
733 3814 785 3868 in
821 3813 924 3867 hoc
971 3812 1090 3882 ipso
1140 3813 1350 3882 psalmo
1383 3812 1515 3869 dicit
1557 3811 1663 3867 alio
1692 3812 1809 3868 loco
1836 3814 1882 3848 ”
1917 3831 1932 3867 :

364 3905 555 3962 Semen
597 3904 879 3975 impiorum
905 3904 1363 3959 exterminabitur.
1393 3902 1609 3959 Certum
1637 3912 1720 3959 est
1751 3892 1931 3959 autem

361 3998 488 4068 quia
518 3997 806 4068 impiorum
839 4011 1025 4052 semen
1069 3996 1358 4065 corporale
1404 4010 1513 4050 non
1543 3996 1935 4051 exterminabi-

366 4098 471 4144 tur.
500 4088 601 4144 Job
650 4089 886 4160 denique
921 4102 1108 4144 semen
1135 4087 1277 4142 Esau
1305 4101 1485 4142 semen
1532 4086 1680 4156 impii
1709 4097 1851 4154 erat,
1880 4096 1935 4142 et

364 4184 550 4252 utique
599 4196 703 4235 non
734 4182 1149 4248 exterminatur,
1186 4182 1280 4236 sed
1331 4178 1935 4248 manifestatusestju-

362 4284 477 4330 stus
522 4290 551 4329 a
604 4274 853 4339 Domino,
882 4281 937 4327 et
985 4275 1249 4344 propheta
1284 4287 1406 4329 esse
1443 4272 1787 4337 ostenditur,
1814 4282 1868 4328 ct
1901 4288 1933 4329 a

364 4369 473 4421 Deo
502 4380 664 4436 supra
687 4380 874 4421 omnes
893 4365 1068 4433 justos
1091 4365 1384 4421 collaudavi
1410 4375 1666 4422 meretur.
1698 4366 1804 4421 Sed
1833 4367 1935 4422 hoc

361 4459 617 4528 estquod
663 4458 909 4527 superius
939 4459 1194 4523 diximus,
1228 4458 1528 4528 quiasicut
1572 4472 1757 4513 semen
1797 4458 1929 4528 justi

2058 598 2311 655 Forsitan
2363 602 2463 658 hoc
2514 605 2788 672 putabitur
2840 621 2960 663 esse
3001 610 3144 678 quod
3191 611 3397 668 dictum
3418 627 3502 672 est
3531 634 3628 689 per

2057 690 2277 763 Moysen
2308 692 2349 724 ³⁸
2390 711 2405 748 :
2442 693 2509 749 Et
2544 705 2600 749 tu
2622 695 2897 765 {maerebis
2930 700 3172 769 gentibus
3206 704 3408 773 multis,
3436 716 3493 761 tu
3527 726 3627 763 au-

2055 794 2158 840 tem
2195 793 2378 841 mutuo
2407 801 2512 843 non
2548 804 2770 857 qumres.
2804 788 2910 845 Sed
2938 801 3146 847 certum
3180 802 3265 849 est
3291 796 3415 864 quia
3443 798 3510 854 de
3532 800 3627 855 dn-

2056 876 2251 933 minica
2282 878 2505 948 pecunia
2520 879 2747 946 dicatur,
2766 895 2886 950 quae
2914 885 3289 952 nummulariis
3317 892 3629 962 praecipitur

2054 971 2267 1040 erogari
2294 972 2362 1026 de
2391 971 2659 1027 thesauris
2687 974 2969 1044 sapientiae
3008 986 3062 1030 et
3102 978 3346 1041 scientia:
3374 982 3465 1039 Dei
3494 1000 3623 1054 pro-

2054 1057 2200 1125 lata,
2228 1067 2289 1116 ut
2333 1059 2597 1117 faciamus
2638 1061 2706 1116 de
2754 1063 2992 1132 quinque
3045 1066 3261 1125 talentis
3300 1072 3519 1139 decem,
3560 1077 3626 1131 de

2052 1151 2262 1207 duobus
2293 1161 2547 1223 quatuor.
2576 1153 2788 1219 Quanto
2828 1161 3010 1211 autem
3041 1157 3494 1217 abundantiorem
3524 1179 3622 1233 pe-

2053 1243 2270 1298 cuniam
2311 1244 2663 1302 habuerimus
2709 1247 2764 1303 in
2809 1248 2989 1304 anima
3033 1261 3244 1319 nostra,
3275 1263 3427 1312 tanto
3452 1259 3625 1331 magis

2054 1343 2164 1391 tota
2197 1336 2284 1391 die
2329 1334 2742 1393 fmnerabimus.
2792 1337 2898 1393 Sed
2921 1350 2977 1395 et
3010 1358 3154 1399 nunc
3188 1344 3315 1402 licet
3370 1362 3476 1402 non
3520 1350 3621 1403 sim

2045 1424 2249 1494 justus,
2279 1437 2457 1483 tamen
2490 1428 2593 1483 hoc
2632 1428 2775 1495 quod
2815 1429 3004 1499 loquor
3029 1436 3311 1501 pecuniam
3341 1438 3496 1494 vobis
3524 1440 3620 1494 do-

2053 1518 2309 1575 minicam
2356 1519 2603 1575 fcenero:
2636 1521 2731 1575 sed
2761 1535 2858 1577 vos
2907 1531 3058 1578 orate
3096 1534 3157 1580 ut
3186 1527 3413 1584 elliciar
3438 1530 3621 1600 justus

2049 1620 2105 1667 et
2135 1613 2337 1681 possim
2366 1612 2519 1667 vobis
2542 1613 2767 1682 justitiae
2801 1615 3082 1680 pecuniam
3116 1617 3403 1685 faenerare,
3428 1631 3486 1678 ut
3515 1640 3620 1681 nou

2048 1701 2221 1757 solum
2268 1703 2468 1768 verbo,
2504 1716 2696 1758 verum
2734 1704 2898 1760 etiam
2923 1704 3150 1773 justitia:
3186 1713 3434 1782 exemplo
3460 1714 3622 1784 justi-

2053 1794 2183 1850 tiam
2213 1794 2457 1850 doceam.
2473 1788 2770 1865 Propterea
2798 1796 2941 1852 sicut
2962 1807 3088 1873 sunt
3111 1804 3352 1873 pecuniae
3385 1805 3619 1876 injuste,

1977 1864 2022 1921 Β
2048 1900 2169 1955 quae
2195 1886 2445 1956 iniqueet
2470 1864 2660 1943 contra
2683 1888 2853 1958 legem
2878 1864 3279 1961 congregantur
3299 1872 3395 1966 per
3419 1864 3621 1953 calum;

2048 1982 2191 2034 niam
2244 1988 2301 2034 et
2337 1980 2648 2045 mendacia,
2689 1987 2745 2035 et
2789 1981 3004 2038 diversa
3046 1986 3289 2041 avaritiae
3334 1990 3509 2056 mala;
3565 2003 3622 2047 et

2049 2072 2273 2125 rursum
2296 2080 2426 2127 sunt
2450 2072 2691 2143 pecuniae
2717 2086 2837 2141 quae
2865 2073 3013 2143 juste
3038 2082 3090 2128 et
3119 2078 3415 2133 secundum
3444 2078 3616 2150 legem

2046 2172 2388 2232 congregatae
2429 2172 2583 2228 sunt,
2617 2164 2670 2219 id
2700 2172 2784 2219 est
2812 2164 2880 2221 de
2920 2167 3159 2234 proprlis
3191 2180 3244 2223 et
3281 2169 3444 2239 justis
3468 2171 3620 2227 labo-

2045 2249 2199 2305 ribus
2227 2267 2243 2305 :
2280 2252 2353 2306 ita
2383 2253 2548 2307 etiam
2582 2253 2634 2307 in
2686 2254 2853 2310 verbo
2880 2260 2935 2307 et
2963 2253 3208 2309 doctrina
3239 2270 3360 2312 esse
3402 2257 3617 2314 inveni-

2046 2351 2157 2398 tur.
2188 2342 2335 2399 Sunt‘
2363 2344 2527 2399 verba
2577 2358 2677 2399 nec
2724 2346 2881 2413 bene,
2917 2361 3017 2402 nec
3047 2346 3215 2416 justo,
3253 2362 3350 2403 nec
3382 2349 3618 2420 legitime

2043 2444 2476 2505 congregata,ut
2504 2436 2882 2491 haereticorum
2917 2438 3079 2493 verba
3105 2448 3251 2504 sunt,
3284 2448 3339 2494 et
3368 2439 3615 2496 doctrina

2043 2538 2231 2581 contra
2256 2527 2422 2597 legem
2449 2527 2539 2581 Dei
2568 2535 2911 2596 congregata,
2939 2541 3060 2597 qua:
3084 2545 3180 2585 nos
3207 2529 3351 2585 velut
3380 2531 3614 2599 iniquam

2040 2618 2324 2687 pecuniam
2360 2626 2415 2671 et
2458 2616 2795 2686 pestiferam,
2830 2626 2885 2671 et
2922 2619 2988 2671 de
3036 2620 3174 2675 malo
3218 2620 3501 2677 collectam
3531 2637 3618 2676 rc-

2043 2707 2233 2778 fugere
2258 2708 2536 2763 debemus.
2573 2706 2736 2763 Orate
2765 2723 2894 2779 ergo
2927 2718 2985 2764 ut
3019 2711 3133 2766 haec
3170 2722 3351 2767 nostra
3386 2714 3615 2783 pecunia

2041 2815 2201 2872 quam
2226 2801 2378 2856 vobis
2414 2788 2746 2855 timueramus
2781 2808 2889 2855 tota
2927 2802 3232 2859 inveniatur
3260 2818 3325 2859 ex
3350 2804 3513 2876 justis
3540 2806 3616 2860 la-

2040 2891 2284 2956 boribus,
2310 2900 2422 2945 tota
2451 2890 2517 2945 de
2550 2891 2821 2946 dominica
2869 2902 3082 2948 moneta
3112 2895 3433 2963 procedens,
3466 2907 3523 2949 ut
3563 2907 3618 2951 et

2040 2996 2139 3037 vos
2162 2980 2341 3037 fmnus
2382 2981 2653 3051 integrum
2684 2982 3036 3051 consignetis,
3069 2991 3125 3037 et
3148 2996 3247 3036 nos
3276 2996 3384 3037 non
3428 2983 3618 3037 audia-

2040 3086 2160 3126 mus
2184 3072 2227 3105 ³⁸
2249 3109 2267 3139 ,
2294 3072 2424 3141 quia
2443 3072 2683 3139 Oportuit
2716 3080 2764 3126 te
2784 3072 3059 3138 pecuniam
3097 3087 3263 3127 meam
3284 3073 3412 3127 dare
3458 3089 3611 3127 num-

2038 3164 2307 3218 uelariis.

2110 3254 2165 3309 5.
2205 3253 2419 3308 Junenis
2440 3268 2533 3322 ego
2561 3253 2662 3322 fui,
2691 3262 2737 3307 et
2765 3252 2934 3316 senui,
2965 3260 3012 3304 et
3036 3266 3142 3311 non
3164 3250 3272 3313 vidi
3291 3250 3491 3319 justum
3516 3251 3607 3304 de-

2038 3348 2300 3410 relictum,
2322 3361 2415 3399 nec
2438 3360 2610 3399 semen
2625 3344 2739 3412 ejus
2761 3359 2997 3413 quarens
3024 3358 3211 3411 panem
3241 3358 3257 3397 :
3285 3351 3393 3397 tota
3413 3342 3498 3398 die
3512 3345 3614 3398 mi-

2037 3450 2242 3497 seretur
2279 3449 2325 3493 et
2363 3436 2582 3507 [teneret
2622 3434 2687 3491 ³³.
2719 3434 2775 3489 lu
2802 3420 3181 3502 superioribus
3230 3432 3450 3499 dicitur,
3484 3436 3609 3504 quia

2036 3538 2316 3586 mutuatur
2357 3538 2610 3597 peccator
2664 3535 2719 3580 et
2766 3538 2872 3599 non
2912 3522 3089 3579 reddit
3121 3539 3134 3577 :
3171 3523 3262 3593 hic
3291 3523 3613 3592 quiajustus

2039 3632 2145 3678 tota
2172 3622 2259 3676 die
2286 3622 2575 3681 miseretur
2598 3626 2653 3671 et
2680 3615 2931 3672 ﬂeuerat.
2955 3614 3021 3669 Et
3057 3615 3176 3669 vide
3196 3628 3358 3683 quam
3392 3615 3446 3669 in
3481 3629 3612 3673 con-

2038 3713 2222 3767 trariis
2251 3725 2409 3781 pares
2433 3710 2562 3765 sint.
2589 3707 2851 3763 Peccator
2882 3719 2987 3767 non
3016 3704 3190 3763 solum
3236 3714 3422 3761 mutuo
3467 3707 3612 3771 acci-

2036 3806 2136 3875 pit,
2161 3804 2254 3861 sed
2283 3812 2340 3859 et
2368 3816 2491 3858 cum
2526 3798 2799 3868 acceperit
2828 3812 2933 3851 non
2969 3797 3143 3855 reddit
3178 3814 3193 3850 :
3220 3796 3399 3865 justus
3428 3808 3608 3852 autem

2037 3914 2143 3953 non
2179 3896 2354 3953 solum
2398 3902 2585 3949 mutuo
2622 3905 2732 3946 non
2767 3888 2986 3958 accipit,
3015 3890 3109 3943 sed
3146 3896 3208 3943 et
3240 3888 3471 3943 fmnerat
3509 3909 3521 3944 :
3553 3900 3609 3944 et

2034 4004 2141 4043 non
2170 3986 2350 4042 solum
2380 3984 2549 4041 semel
2582 3981 2663 4038 vel
2698 3981 2804 4044 bis,
2825 3979 2923 4034 sed
2951 3987 3062 4034 tota
3094 3980 3181 4033 die
3212 3978 3470 4045 ftenerat,
3504 3978 3606 4035 hoc

2034 4092 2119 4136 est
2158 4089 2269 4134 toto
2295 4080 2417 4132 vitae
2444 4091 2555 4132 sum
2581 4083 2818 4143 tempore
2835 4073 3112 4133 foenerans
3133 4072 3441 4137 miseretur,
3466 4072 3606 4128 unde

2033 4181 2081 4227 et
2106 4186 2279 4226 semen
2300 4169 2416 4239 ejus
2433 4168 2486 4222 in
2508 4166 2865 4221 benedictione
2886 4164 3009 4218 erit.

2105 4264 2157 4318 6.
2190 4263 2409 4317 Declina
2432 4279 2464 4315 a
2493 4260 2632 4314 malo
2655 4269 2702 4314 et
2739 4258 2825 4327 fac
2854 4259 3129 4322 bomun,et
3154 4255 3393 4315 inhabile
3417 4258 3472 4311 in
3501 4273 3603 4311 su:-

2034 4354 2482 4413 culumsaaculi“.
2500 4352 2648 4416 llizec,
2666 4350 3101 4420 inquit,audicns
3119 4349 3204 4402 fac
3233 4348 3375 4417 quod
3404 4350 3604 4404 bonum

2032 4454 2138 4515 est,
2185 4446 2452 4503 habitabis
2493 4445 2546 4499 in
2597 4442 2874 4505 saeculum,
2910 4441 3013 4495 hoc
3059 4446 3167 4504 est,
3211 4438 3256 4493 si
3303 4440 3373 4492 ita
3428 4439 3604 4508 egeris

360 4566 543 4606 sermo
566 4558 621 4604 et
641 4550 886 4606 doctrina
927 4548 1043 4619 ejus
1096 4561 1201 4614 est,
1228 4552 1316 4619 qui
1358 4565 1539 4606 sermo
1567 4550 1639 4607 ita
1672 4554 1846 4621 pascit
1875 4561 1930 4605 et

2042 4538 2484 4613 quemadmodum
2522 4536 2742 4593 edoctus
2773 4547 2851 4598 es,
2883 4529 3147 4588 habitatio
3185 4538 3277 4585 tua
3309 4530 3412 4587 erit
3440 4539 3602 4584 teter-

362 4640 537 4694 relicit
569 4642 800 4705 animas,
849 4648 907 4693 ut
935 4648 1203 4708 negentur
1242 4642 1473 4708 panibus
1511 4642 1773 4713 indigere,
1799 4642 1925 4711 quia

359 4731 604 4787 Christus
632 4732 786 4801 panis
811 4746 996 4787 eorum
1031 4741 1153 4788 est:
1186 4733 1257 4785 ita
1294 4747 1324 4787 e
1353 4726 1629 4790 contrario
1678 4736 1923 4790 doctrina

359 4820 642 4890 impiorum
668 4832 722 4878 et
752 4837 931 4879 sermo
955 4838 1136 4879 semen
1167 4837 1352 4878 eorum
1384 4834 1465 4879 est
1497 4825 1640 4895 quod
1664 4827 1925 4883 exterrui-

358 4910 594 4964 nandum
629 4911 846 4978 dicitur,
886 4913 1012 4983 quia
1055 4927 1123 4968 ex
1148 4912 1384 4968 falsitate
1428 4917 1785 4983 compositum
1819 4927 1922 4982 est,

355 5010 412 5053 et
454 5001 771 5057 adveniente
798 5003 916 5058 luce
943 5003 1205 5068 veritatis,
1240 5013 1446 5059 certum
1477 5014 1563 5061 est
1594 5007 1720 5076 quia
1766 5022 1921 5062 men-

357 5094 496 5148 dacii
538 5096 769 5152 tenebrae
800 5096 1151 5167 fugabuntur.

425 5188 478 5241 4.
498 5187 628 5243 Tota
656 5190 742 5244 die
763 5190 1037 5244 miseretur
1059 5198 1108 5243 et
1140 5186 1360 5257 [atterat
1390 5190 1455 5243 ³ο.
1484 5189 1668 5246 Justus
1690 5199 1801 5245 tota
1834 5192 1920 5247 die

356 5281 662 5347 miseretur,
701 5290 756 5337 et
790 5289 900 5337 tota
949 5283 1034 5339 die
1078 5283 1273 5339 dicitur
1324 5283 1633 5340 ftenerare:
1672 5284 1737 5337 ad
1787 5285 1921 5339 nihil

355 5371 501 5427 aliud
534 5382 689 5429 vacat
713 5373 814 5430 nisi
836 5383 895 5429 ut
918 5374 1152 5431 fteneret
1181 5376 1246 5430 de
1275 5390 1337 5432 ea
1381 5376 1609 5445 pecunia
1648 5391 1769 5447 quae
1817 5376 1919 5431 sibi

354 5462 610 5520 abundat.
640 5465 890 5534 Nunquid
927 5475 981 5521 et
1015 5469 1102 5524 hic
1128 5468 1231 5522 hoc
1264 5468 1567 5539 putabitur,
1591 5470 1715 5539 quia
1745 5470 1920 5537 justus

354 5566 465 5613 tota
506 5560 592 5615 die
641 5564 826 5617 sedeat
867 5562 932 5617 ad
984 5576 1246 5630 mensam,
1275 5572 1330 5619 et
1376 5564 1579 5620 habens
1632 5565 1917 5635 pecuniam

456 5740 503 5774 ⁸⁸
528 5738 663 5797 Gen.
706 5742 796 5803 9-1.

872 5741 914 5773 ’⁷
966 5740 1101 5795 Gen.
1157 5757 1283 5796 xxv.
1362 5741 1407 5773 ⁸⁸
1447 5740 1601 5796 Joan.
1663 5756 1778 5804 vm,
1831 5742 1918 5794 59.
1998 5742 2043 5773 ’θ
2088 5738 2226 5793 Psal.
2263 5752 2460 5801 xxth,
2491 5736 2583 5793 28.

2036 4648 2127 4688 na.
2160 4631 2220 4687 Si
2253 4630 2397 4685 enim
2426 4625 2681 4697 respicias
2714 4638 2819 4679 non
2850 4623 2917 4677 ad
2961 4636 3024 4679 ea
3054 4634 3172 4690 quae
3209 4620 3477 4681 videntur,
3508 4621 3602 4672 sed

2038 4738 2158 4794 qua:
2180 4736 2286 4778 non
2315 4720 2584 4782 videntur,
2616 4716 2869 4785 quoniam
2902 4727 3021 4780 quia
3052 4711 3306 4771 videntur
3330 4717 3602 4775 tempora—

2036 4821 2105 4874 lia
2131 4826 2278 4884 sunt,
2304 4829 2423 4885 quae
2451 4821 2631 4867 autem
2662 4826 2766 4865 non
2806 4798 3058 4864 videntur
3085 4811 3286 4859 atterna
3310 4806 3455 4863 sunt,
3499 4800 3602 4855 ba-

2033 4912 2229 4967 bitabis
2252 4913 2305 4965 in
2334 4907 2607 4964 saeculum.
3406 4951 3415 4967 ἶ

2102 5012 2152 5063 7.
2198 5007 2335 5073 Quia
2375 5003 2630 5061 Dominus
2659 5007 2799 5052 autat
2842 4996 3129 5066 judicium,
3159 5006 3206 5051 et
3239 5012 3341 5050 non
3371 4994 3599 5053 derelin-
3648 5030 3652 5039 .

2027 5112 2144 5172 quet
2172 5108 2381 5154 sanctos
2422 5111 2543 5149 suos
2563 5093 2630 5146 ³⁸.
2657 5090 2938 5156 Quomodo
2981 5091 3239 5145 Dominus
3266 5098 3411 5143 amat
3455 5089 3599 5159 judi-

2028 5194 2170 5247 cium
2199 5190 2223 5243 ἲ
2255 5190 2387 5243 Dum
2434 5183 2567 5241 nihil
2594 5180 2734 5250 apud
2774 5194 2895 5235 eum
2942 5182 3060 5237 siue
3099 5181 3304 5251 judicio
3336 5180 3420 5247 llt,
3462 5176 3597 5233 nihil

2030 5285 2148 5339 sine
2179 5281 2403 5336 ratione.
2426 5279 2503 5333 lta
2526 5293 2661 5349 ergo
2679 5285 2735 5334 et
2760 5283 2814 5329 tu
2842 5274 3028 5329 sciens
3053 5274 3306 5341 quoniam
3336 5272 3599 5327 Dominus

2030 5384 2176 5429 amat
2220 5372 2507 5443 judicium,
2566 5383 2665 5441 age
2711 5366 2893 5425 omnia
2940 5365 3089 5434 justo
3118 5363 3325 5433 judicio
3365 5371 3421 5419 et
3448 5378 3595 5423 vero.

2028 5468 2256 5524 audiens
2281 5464 2430 5522 illum
2449 5463 2538 5532 qui
2569 5471 2623 5517 te
2647 5459 2901 5515 admonet
2928 5457 3118 5513 dicens
3134 5453 3349 5511 “:Cum
3372 5451 3594 5509 consilio

2028 5564 2204 5618 omnia
2232 5560 2342 5629 fac,
2366 5574 2493 5623 cum,
2512 5556 2731 5612 consilio
2761 5554 2936 5608 vinum
2958 5550 3091 5605 bibe.

2692 5736 2737 5768 ³ο
2777 5732 2905 5788 ibid.
2936 5730 3027 5786 26.
3126 5728 3175 5771 -³¹
3212 5681 3365 5782 Deut.
3396 5738 3489 5782 xv.
3518 5722 3590 5777 -6.

353 5805 396 5836 ³³
434 5796 620 5875 uatis.
652 5796 882 5879 ςχνίῇῖ.
962 5813 1004 5843 θ’
1036 5811 1178 5867 Psal.
1218 5827 1402 5879 xxxvi,
1430 5811 1522 5879 εδ,
1549 5811 1640 5867 se.
1718 5796 1921 5867 a“una.
1964 5809 2054 5866 27.
2131 5810 2175 5841 ιι
2208 5808 2339 5863 una.
2371 5796 2460 5863 es;
2539 5809 2581 5839 =°
2615 5804 2779 5865 Eecli.
2813 5816 2986 5869 XXXII,
3013 5800 3119 5869 at;
3161 5797 3337 5854 Eccle.
3369 5796 3516 5865 “,7.
