1948 3350
56 130 134 159 1561

429 124 586 155 SELECTA
602 125 635 153 ΙΝ
651 123 821 153 PSALMOS.
841 137 876 143 ——
892 121 1009 151 HOMIL.
1031 122 1052 150 Υ
1070 121 1103 149 ΙΝ
1118 121 1216 150 PSAL.
1234 120 1353 149 XXXVI.

1650 122 1719 150 l562

54 185 256 219 sapientiam,
275 182 375 218 quibus
392 181 522 209 additur:
538 180 572 209 Et
589 181 679 216 lingua
694 181 750 216 ejus
763 181 883 216 loquetur
895 180 920 209 Δ
933 178 1018 206 moria
1032 184 1060 206 et
1072 178 1228 214 diligentius
1245 178 1378 211 retinetis,
1396 177 1467 206 scire
1480 178 1586 207 debetis
1607 179 1670 214 quia
1694 181 1718 208 si

0 263 2 271 γ
44 229 225 265 judicium.

97 274 129 302 Ξ.
147 274 272 309 Duplici
288 277 368 302 modo
383 275 474 310 lingua
494 274 560 310 justi
581 274 738 309 intelligitur
752 273 824 309 loqui
839 273 883 308 ju-

57 320 193 353 dicium,
213 320 281 347 sive
301 327 351 354 pro
372 326 406 347 eo
428 320 498 354 quod
521 318 612 346 omnia
632 323 707 346 recto
726 318 839 353 judicio,
854 322 882 347 et

57 373 132 394 cum
153 365 366 393 deliberatione
383 370 410 393 et
427 373 488 393 cum
501 365 614 393 consilio
632 364 752 400 loquitur
771 372 831 400 quae
842 365 881 393 lo-

59 413 184 448 quitur,
204 417 236 440 et
253 412 319 439 nihil
335 419 383 446 per
396 412 573 444 iracundiam,
590 411 657 439 nihil
675 416 704 439 ut
725 412 881 440 hominibus

62 459 201 494 placeat,
220 457 293 485 nihil
315 465 348 485 ex
371 457 493 488 tristitia.
513 456 579 484 nihil
595 463 628 484 ex
649 461 732 489 metu,
745 465 805 493 quae
823 457 881 485 sin-

62 503 135 539 gula
152 503 256 531 solent
270 504 362 537 utique
377 510 430 530 non
453 502 586 537 integrum
601 502 755 531 hominibus
772 510 881 531 servare

58 549 231 584 judicium,
255 549 297 577 vel
311 553 386 577 certe
404 548 477 584 quod
495 555 602 583 semper
622 548 655 576 de
677 548 767 576 luturo
779 549 880 584 judicio

62 594 205 628 loquitur
222 594 334 629 justus,
356 599 385 622 ut
405 602 583 622 commonens
600 602 708 630 semper
726 596 766 623 vel
781 600 882 624 semet-

63 638 181 673 ipsurn,
200 639 249 667 vel
263 640 307 673 qui
323 645 353 666 se
376 638 501 671 audiunt,
516 639 550 666 de
570 638 654 666 futuri
676 639 770 674 judicii
795 643 879 672 metu,

62 689 97 713 et
113 685 153 712 de
169 685 320 721 suppliciis
337 693 398 721 qua:
419 689 571 720 praeparata
593 689 658 713 sunt
678 685 878 720 peccatoribus,

64 730 105 758 de
122 729 232 758 futura
246 730 462 764 examinatione,
476 730 524 758 sed
535 730 610 758 etde
623 729 881 765 repromissionibus

65 781 247 804 sanctorum
259 784 319 812 quae
331 781 489 812 praeparata
503 780 566 803 sunt
577 776 617 804 eis
632 783 648 803 ιι
659 776 725 808 Deo.
739 782 767 805 et
781 782 880 805 semet-

933 224 1093 259 sapieutiam
1109 224 1155 252 Dei
1174 223 1338 253 meditemini
1358 223 1385 251 iu
1405 231 1452 252 ore
1472 228 1572 258 vestro,
1584 228 1612 252 et
1628 224 1718 260 lingua

933 274 1023 298 vestra
1037 269 1162 305 loquatur
1175 269 1318 305 judicium,
1334 274 1362 298 et
1377 269 1420 297 lex
1434 269 1481 298 Dei
1497 270 1534 297 sit
1549 270 1578 298 in
1591 270 1719 298 cordibus

932 319 1050 351 vestris,
1075 325 1212 352 nunquam
1232 317 1480 352 supplantabuutur
1496 324 1608 352 gressus
1624 318 1718 346 vestri.

966 363 994 391 4.
1018 363 1082 392 Post
1100 363 1160 391 haec
1184 363 1243 391 ait:
1267 363 1434 396 Considunt,
1449 362 1538 397 inquit
1547 363 1581 395 ",
1599 368 1719 397 peccato:

926 410 1041 445 justum.
1058 409 1219 437 Considerat
1237 413 1265 436 et
1287 409 1407 436 intuetur
1419 413 1547 443 peccator
1563 408 1677 444 justum,
1691 413 1719 436 et

931 455 1020 490 gravis
1045 458 1086 483 est
1113 455 1137 483 ei
1159 454 1194 482 ad
1213 454 1369 487 videndum,
1390 458 1418 482 et
1437 454 1497 482 ideo
1518 454 1674 482 considerat
1690 458 1720 481 ut

931 501 1011 529 morti
1021 508 1082 528 eum
1097 501 1185 528 tradat
1197 500 1285 536 :quod
1293 499 1415 528 fecerunt
1426 499 1483 527 sine
1493 499 1574 527 dubio
1589 499 1720 526 adversus

930 547 1098 575 Salvatorem
1114 547 1152 574 illi
1163 546 1209 582 qui
1228 546 1374 582 prophetas
1396 545 1565 579 occiderunt,
1588 549 1616 574 et
1635 545 1718 573 Deum

930 595 1138 628 crucitlxerunt,
1165 599 1193 623 et
1215 602 1264 623 nos
1285 594 1505 629 persecuti‘sunt
1528 593 1611 621 etiam
1636 600 1718 625 nunc,

929 644 957 668 et
964 640 1089 676 populum
1099 640 1146 668 Dei
1156 640 1200 675 qui
1215 644 1256 667 est
1266 639 1379 673 Christi,
1390 639 1415 666 id
1428 638 1591 673 estiustitize
1605 638 1721 672 discipu-

929 685 981 718 los,
994 685 1165 713 considerant
1179 688 1205 712 et
1215 684 1294 712 morti
1308 684 1413 711 tradere
1425 684 1584 719 cupiunt,et
1595 686 1721 718 quaerunt

929 730 1095 758 mortiﬁcare
1113 736 1171 758 eos.
1193 728 1326 764 Sed—quid
1347 729 1414 757 dicit
1432 728 1546 764 populus
1571 728 1616 756 Dei
1631 728 1721 764 justus

929 781 956 804 et
973 775 1087 811 iustitiae
1100 775 1269 810 discipulus?
1283 775 1329 803 llle
1348 775 1433 803 utitur
1448 775 1531 803 verbo
1546 775 1678 810 Magistri,
1692 780 1717 803 et

67 822 170 857 ipsum
186 821 297 849 salvum
311 822 403 854 faciat,
420 823 447 850 e't
459 829 506 850 eos
520 822 566 857 qui
588 829 618 850 se
641 822 763 850 audiunt.
776 823 810 850 Et
828 823 879 851 hoc
895 855 910 857 _
930 822 995 850 dicit
1006 822 1045 851 ":
1062 821 1123 849 Non
1139 822 1246 849 haberes
1264 822 1290 849 in
1301 829 1341 849 me
1355 826 1519 856 potestatem,
1532 822 1583 850 nisi
1598 822 1645 849 tibi
1656 822 1720 849 data

67 855 161 895 modo
179 867 376 903 complcbitur,
387 868 452 903 quia
467 855 559 904 lingua
577 869 642 904 justi
665 868 793 904 loquetur
804 869 878 904 judi-
894 855 916 883 Β
930 874 996 897 esset
1014 869 1135 899 desuper.
1151 868 1242 896 Potest
1259 868 1310 896 hoc
1323 855 1392 896 etin
1412 874 1533 903 tempore
1550 868 1719 903 persecutio-

67 913 165 940 cium.
190 912 225 942 Si
249 921 314 942 vero
325 918 432 949 oportet
443 914 525 942 etiam
547 915 590 943 hic
611 915 819 943 declinationem
837 917 879 944 lu-

69 957 133 985 turi
150 959 289 994 temporis
305 959 462 992 observare,
479 959 541 994 quia
566 968 620 988 non
647 960 726 994 dixit,
747 960 877 996 loquitur,

69 1004 125 1031 sed
139 1004 279 1040 loquatur,
293 1012 437 1040 possumus
453 1006 535 1033 etiam
547 1006 573 1033 in
588 1006 641 1034 hoc
652 1006 706 1034 tale
720 1007 824 1042 aliquid
838 1008 879 1035 in-

70 1049 226 1086 telligere,
241 1051 303 1086 quia
322 1058 394 1078 nunc
408 1056 648 1088 quantumcunque
670 1052 738 1081 illud
751 1058 793 1081 est
807 1054 878 1088 quod

71 1095 113 1124 de
129 1096 183 1124 Dei
197 1096 302 1133 judicio
319 1098 359 1126 vel
387 1098 458 1133 loqui
481 1106 624 1134 possumus
643 1099 686 1127 vel
706 1100 819 1133 sentire.
834 1108 880 1129 ne-

72 1148 163 1169 cesse
178 1148 222 1170 est
238 1150 288 1171 nos
300 1143 365 1171 illud
381 1144 454 1172 scire
467 1144 538 1179 quod
552 1144 646 1172 deﬁnit
659 1145 817 1180 Apostolus,
837 1146 879 1173 di-

74 1193 150 1214 cens
164 1188 190 1205 δ’
206 1198 213 1216 :
234 1188 320 1222 Quam
340 1189 523 1217 inscrutubilia
546 1195 610 1218 sunt
628 1190 735 1226 judicia
755 1192 830 1227 ejus,
854 1197 878 1219 et

72 1232 280 1269 investigatum
293 1235 340 1263 sic
353 1234 428 1270 ejus!
441 1234 470 1263 Si
487 1243 552 1264 vero
569 1237 714 1272 pervenire
730 1239 879 1273 poterimus

70 1278 110 1305 ad
123 1278 208 1307 illam
224 1281 429 1315 perfectionem,
444 1282 477 1309 de
491 1289 543 1317 qua
562 1283 627 1310 dicit
642 1283 665 1299 “
681 1292 688 1310 :
704 1282 777 1311 Tum:
791 1289 879 1313 autem

71 1324 150 1357 facie
168 1328 210 1355 ad
225 1328 331 1362 faciem,
347 1328 373 1356 id
388 1333 430 1357 est
445 1336 506 1356 cum
529 1336 572 1358 res
588 1330 652 1366 ipsa:
675 1331 754 1360 nobis
766 1332 879 1360 eviden-

73 1371 167 1400 tiores
196 1373 273 1406 tlent,
297 1382 359 1402 cum
384 1377 550 1410 coeperimus
573 1384 721 1413 agnoscere
745 1378 876 1406 rationem

73 1417 256 1453 singularum
280 1427 372 1448 rerum
397 1429 457 1456 qua
481 1422 507 1449 iu
532 1422 585 1450 hoc
606 1422 707 1450 mundo
727 1422 769 1452 vel
793 1429 877 1458 gesta:

73 1468 145 1491 sunt
156 1464 203 1492 vel
216 1471 357 1500 geruntur,
376 1467 448 1501 quali
467 1466 567 1502 judicio
584 1472 666 1504 gestae
680 1474 753 1502 sunt,
769 1469 810 1497 vel
822 1477 877 1505 quo

930 912 973 940 nis
989 912 1130 948 gentilium
1148 913 1181 940 de
1203 914 1306 941 sanctis
1329 913 1496 949 martyribus
1514 917 1542 940 et
1556 913 1719 942 confessori-

929 959 980 987 bus
1004 959 1103 994 aptari.
1128 959 1309 988 Considerant
1332 960 1405 988 enim
1431 960 1506 996 impii
1532 964 1720 995 persecutores

929 1012 1150 1040 unumquemque
1179 1005 1315 1041 iustorum
1347 1011 1375 1034 et
1402 1011 1537 1041 quaerunt.
1555 1006 1719 1036 mortiﬁcare

929 1059 1003 1081 eum.
1022 1051 1076 1079 Sed
1092 1059 1127 1080 ne
1154 1059 1279 1080 securum
1302 1053 1397 1081 reddat
1420 1053 1641 1088 pacistempore
1667 1052 1718 1080 ista

930 1097 992 1126 talis
1015 1098 1160 1133 expositio,
1181 1102 1317 1126 memento
1341 1098 1406 1134 quia
1427 1098 1613 1133 quotidianum
1637 1098 1720 1126 habet

926 1144 1017 1180 justus
1030 1149 1232 1179 persecutorem
1246 1144 1395 1177 diabolum,
1410 1149 1437 1172 et
1445 1145 1496 1174 .ille
1509 1148 1550 1173 est
1565 1144 1612 1180 qui
1627 1144 1719 1172 consi-

929 1190 1005 1218 derat
1021 1189 1133 1225 justum.
1150 1189 1295 1217 insidiatur
1315 1188 1387 1216 enim
1407 1196 1515 1224 semper
1536 1193 1567 1216 et
1584 1188 1654 1218 sicut
1676 1187 1719 1215 leo

930 1236 1042 1272 rugiens
1063 1236 1162 1264 circuit
1177 1243 1304 1271 quaerens
1326 1243 1408 1271 quem
1432 1238 1597 1262 transvorel.
1619 1233 1673 1261 Sed
1695 1233 1718 1261 si

929 1282 982 1310 lide
996 1282 1093 1317 plenus
1108 1289 1138 1310 es
1153 1286 1181 1310 et
1200 1281 1315 1310 conﬁdis
1331 1281 1358 1309 in
1373 1280 1499 1312 Domino,
1515 1280 1575 1307 vide
1592 1279 1657 1315 quid
1677 1286 1719 1306 re-

928 1327 1102 1363 promittatur
1128 1328 1153 1344 ”
1174 1336 1182 1355 :
1206 1326 1343 1355 Dominus.
1359 1330 1447 1354 autem
1475 1334 1527 1353 non
1557 1324 1719 1360 derelinquat

927 1383 987 1402 eunt
1002 1375 1030 1402 in
1043 1374 1163 1401 matribus
1180 1373 1248 1408 ejus,
1266 1372 1418 1407 peccatoris
1441 1371 1554 1403 scilicet,
1577 1379 1623 1398 nec
1643 1374 1718 1397 dum-

927 1419 1000 1447 nabit
1017 1428 1077 1447 eum
1090 1427 1151 1446 cum
1167 1418 1403 1454 judicabilurilli.
1428 1417 1577 1453 Dupliciter
1593 1415 1720 1452 intelligit

927 1465 978 1494 hoc
994 1466 1067 1502 quod
1084 1465 1133 1499 ait,
1143 1463 1377 1500 judicabiturilli,
1391 1463 1417 1491 id
1432 1467 1474 1491 est
1492 1463 1552 1491 sive
1570 1470 1631 1491 cum
1642 1462 1717 1496 judi-

71 1505 187 1540 judicio
207 1510 278 1539 Deus
294 1516 386 1540 utatur
403 1514 428 1542 in
445 1514 568 1550 singulis.
581 1515 680 1549 quibus
699 1516 877 1550 providentia
890 1521 914 1554 ο
929 1516 1008 1540 catur
1022 1512 1113 1547 justus
1136 1519 1151 1538 a
1174 1511 1238 1542 Deo.
1257 1512 1314 1539 sive
1334 1518 1396 1538 cum
1415 1511 1472 1545 ipse
1494 1509 1565 1538 Deus
1579 1509 1718 1544 iudicatur

76 1561 139 1583 sua
154 1557 455 1592 dispensatiouibus:si
476 1560 538 1594 quis
558 1560 656 1595 dignus
680 1561 763 1589 fuerit
785 1562 876 1590 cousi-

79 1600 184 1628 derare
198 1606 225 1628 ct
241 1604 397 1637 perspicere
415 1605 551 1638 quomodo
569 1605 671 1640 judicia
696 1605 743 1633 Dei
762 1606 877 1642 abyssus

81 1644 173 1672 multa
188 1651 246 1679 est;
265 1654 325 1674 cum
338 1648 445 1683 plenius
463 1650 582 1684 recipere
595 1651 745 1686 poterimus
760 1653 876 1688 gratiam

81 1689 201 1724 spiritus
224 1692 295 1720 illius
320 1694 366 1728 qui
388 1695 478 1723 omnia
504 1702 700 1731 perscrutatur,
714 1699 795 1726 etiam
821 1699 875 1727 alta

80 1732 144 1768 Dei,
162 1740 227 1765 tunc
241 1745 304 1766 vere
317 1744 344 1767 et
357 1740 460 1775 integre
475 1742 622 1771 secundum
636 1745 788 1779 prophetici
800 1745 875 1774 verbi

80 1779 288 1810 distinctionem
303 1784 391 1820 lingua
405 1786 470 1821 justi
491 1787 615 1822 loquetur
627 1789 728 1823 judicia
744 1790 803 1819 Dei.

118 1826 149 1855 5.
160 1827 216 1855 Lex
227 1828 275 1856 Dei
286 1830 343 1864 ejus
351 1831 378 1857 in
393 1832 471 1859 corde
481 1833 562 1866 ipsius
570 1834 603 1861 δ’.
612 1834 670 1862 Non
685 1835 771 1863 solum
786 1837 813 1864 in
827 1844 876 1865 ore

77 1869 172 1918 iustus
198 1874 371 1903 meditabitur
395 1877 568 1912 sapientiam,
585 1884 612 1907 et
635 1880 723 1916 lingua
750 1881 876 1918 loquetur

78 1917 224 1965 judicium,
237 1922 283 1948 sed
297 1927 325 1949 et
340 1923 367 1949 in
380 1924 462 1951 corde
477 1931 528 1952 suo
543 1925 629 1961 legem
647 1926 693 1954 Dei
710 1917 798 1963 gerit;
811 1930 874 1965 quia

81 1961 127 1990 lex
144 1964 215 1991 velut
234 1966 310 1993 radix
330 1968 452 2000 quaedam
475 1969 502 1996 in
518 1969 651 2004 profundo
667 1961 758 2001 cordis
773 1961 872 2009 posita,

81 2011 219 2056 germinat
232 2012 312 2039 verba
325 2011 450 2047 iustitiae,
469 2017 550 2043 verba
561 2018 727 2051 sanctitatis,
743 2028 802 2055 quae
815 2029 875 2056 pro-

81 2055 136 2083 iert
148 2056 239 2092 justus
256 2058 289 2086 de
304 2060 386 2087 corde
399 2068 459 2093 suo,
475 2066 502 2090 et
518 2070 571 2090 non
586 2064 672 2091 solum
690 2055 874 2099 verbum,rve-

81 2108 142 2130 rum
157 2108 184 2131 et
200 2109 277 2132 actus
289 2105 371 2132 etiam
386 2111 414 2133 et
428 2112 516 2142 gesta.
529 2108 613 2137 Judaei
631 2117 700 2145 pene
717 2111 873 2140 indesinen-

81 2152 124 2176 ter
138 2148 224 2184 legem
239 2149 287 2178 Dei
301 2158 349 2178 ore
365 2160 414 2180 suo
430 2158 457 2180 et
470 2154 549 2182 labiis
565 2156 740 2191 meditantur,
758 2160 803 2185 sed
818 2167 870 2187 non

927 1565 989 1587 cum
1001 1558 1086 1593 justo.
1100 1556 1268 1592 Frequenter
1282 1556 1354 1584 enim
1367 1556 1458 1584 divina
1481 1556 1622 1590 Scriptura
1638 1556 1718 1583 docet

927 1605 985 1632 haec
1008 1603 1077 1636 ﬁeri,
1093 1603 1185 1630 dicens
1196 1602 1219 1619 "
1235 1602 1298 1637 quia
1322 1602 1375 1636 ipse
1392 1601 1519 1628 Dominus
1540 1601 1567 1628 in
1581 1601 1717 1636 judicium

926 1648 1020 1675 veniet.
1039 1647 1107 1675 Cum
1127 1654 1192 1681 ergo
1211 1645 1377 1681 judicabitur
1395 1646 1485 1680 justus
1506 1654 1567 1673 cum
1589 1646 1715 1678 Domino.

926 1702 979 1722 non
1003 1693 1239 1727 condeinnabitur,
1252 1699 1279 1721 et
1302 1694 1361 1722 ideo
1374 1693 1442 1722 dicit
1453 1693 1476 1709 “
1491 1701 1497 1718 :
1517 1692 1648 1727 Exspecta
1662 1693 1716 1724 Do-

926 1739 1047 1772 minum;
1069 1739 1095 1767 id
1110 1744 1153 1767 est
1176 1739 1199 1767 si
1217 1739 1367 1773 tribularis,
1382 1740 1406 1768 si
1431 1739 1457 1767 in
1480 1740 1612 1775 angustiis
1629 1748 1669 1774 es,
1693 1741 1715 1768 si

927 1785 954 1814 in
979 1785 1222 1820 persecutionibus,
1240 1789 1361 1820 exspecta
1384 1785 1536 1817 Dominum,
1561 1790 1586 1812 et
1612 1786 1715 1814 custodi

926 1832 993 1859 vium
1006 1833 1074 1867 ejus,
1089 1840 1139 1860 nec
1160 1832 1279 1860 declines
1300 1833 1333 1860 ad
1357 1833 1498 1861 dexteram
1517 1840 1605 1868 neque
1624 1835 1657 1860 ad
1677 1834 1716 1860 si-

926 1878 1049 1906 nistram.
1065 1878 1093 1906 Si
1109 1880 1182 1906 enim
1199 1878 1424 1907 indeclinabiliter
1445 1880 1648 1914 exspectaret-is
1662 1880 1714 1907 Do-

926 1922 1041 1957 minum,
1057 1923 1217 1958 adipisceris
1235 1924 1300 1951 illud
1317 1925 1389 1958 quod
1404 1924 1547 1959 sequitur:
1565 1925 1596 1953 Et
1615 1925 1716 1953 ααίιιμ

925 1968 960 1995 bit
971 1974 1006 2002 te,
1021 1969 1107 2003 iuquit
1118 1969 1188 2003 ",ut
1198 1970 1336 1997 Itmredites
1347 1974 1454 1997 terram.
1470 1969 1636 2006 Frequenter
1646 1970 1715 1997 disi-

924 2022 985 2042 mus
1001 2016 1034 2043 de
1057 2021 1128 2043 terra
1150 2021 1254 2049 sancta,
1271 2022 1298 2043 et
1319 2017 1352 2044 de
1378 2022 1449 2045 terra
1472 2025 1533 2052 qua:
1553 2017 1581 2045 in
1599 2017 1715 2045 incredi-

926 2065 1008 2088 tatem
1035 2062 1246 2097 promissionum
1273 2063 1424 2091 ccelestium
1446 2064 1613 2097 nominatur,
1638 2063 1715 2098 cujus

924 2112 1027 2135 natura:
1039 2108 1120 2135 etiam
1135 2109 1203 2136 situs
1215 2109 1295 2144 paulo
1311 2110 1464 2137 evidentius
1474 2110 1500 2137 in
1514 2110 1565 2138 hoc
1580 2110 1714 2138 versiculo

923 2153 1090 2188 designatur.
1117 2153 1186 2181 Nam
1208 2155 1260 2182 ista
1285 2160 1357 2183 terra
1381 2156 1407 2183 in
1433 2163 1485 2191 qua
1510 2164 1582 2184 nunc
1598 2157 1713 2184 vivimus

82 2193 182 2221 habent
199 2201 258 2222 eam
273 2195 300 2223 in
314 2197 448 2231 profundo
463 2200 553 2227 cordis
566 2201 693 2235 deﬁxam,
707 2207 735 2229 et
747 2209 870 2239 propter.
887 2193 909 2221 Ι)
924 2199 1053 2227 deorsum
1075 2208 1135 2228 esse
1158 2201 1267 2234 dicitur,
1288 2202 1437 2229 secundum
1464 2202 1529 2230 illud
1554 2204 1624 2238 quod
1646 2205 1714 2232 scri-

81 2246 113 2266 ea
129 2239 228 2268 dicitur
245 2241 280 2268 ad
293 2248 341 2269 eos
353 2243 376 2259 '°
390 2252 398 2270 :
414 2242 533 2279 Populus
555 2246 597 2273 hic
618 2247 695 2275 labiis
718 2257 759 2276 me
785 2250 869 2278 Itono-

82 2290 143 2333 rut,
165 2295 211 2314 cor
231 2293 318 2316 autem
345 2297 436 2318 eorum
452 2291 528 2327 longe
545 2298 583 2321 est
609 2302 625 2321 a
648 2303 699 2322 me.
726 2295 780 2324 Nos
805 2305 871 2333 ergo

82 2331 104 2357 si
118 2332 265 2360 secundum
285 2335 334 2362 hoc
346 2336 418 2370 quod
436 2336 562 2372 legimus,
579 2346 626 2367 ore
648 2346 744 2369 nostro
760 2331 869 2377 sapien-

84 2376 146 2404 tiam
167 2378 329 2407 meditemur
350 2386 378 2408 et
398 2381 488 2418 lingua
514 2389 606 2412 nostra
630 2385 774 2421 loquamur
793 2376 867 2423 judi-

82 2422 162 2457 cium,
179 2429 207 2451 et
228 2424 269 2452 lex
285 2425 331 2453 Dei
355 2427 391 2455 sit
415 2428 441 2455 in
465 2430 593 2457 cordibus
608 2433 720 2465 nastris,
735 2422 868 2469 adipisce-

83 2477 141 2497 Inur
161 2471 226 2498 illud
241 2473 311 2507 quod
327 2474 450 2508 sequitur
462 2475 485 2492 ιι
502 2482 510 2503 :
532 2476 567 2503 Et
585 2485 636 2504 non
657 2479 867 2513 eupplautabun-

82 2520 124 2543 tur
136 2526 240 2552 gressus
263 2519 331 2554 ejus.
355 2520 423 2549 Puto
450 2529 500 2550 nos
522 2524 680 2553 meminisse
697 2532 790 2554 eorum
808 2536 868 2563 qua:

79 2562 178 2591 dudum
194 2565 226 2592 de
241 2566 380 2600 gressibus
394 2568 600 2603 disputavimus,
622 2577 647 2598 et
667 2579 735 2607 opus
758 2579 799 2601 est
817 2562 866 2603 nos

80 2609 106 2636 in
122 2611 279 2638 memoriam
295 2620 423 2641 revocare
438 2622 497 2648 qua
509 2615 580 2642 dicta
594 2621 669 2650 sunt,
681 2623 711 2646 ut
727 2619 867 2649 videamus

79 2655 213 2687 quomodo
229 2656 410 2691 ingredientes
423 2659 533 2694 quidam
550 2662 760 2696 supplantantur
781 2669 810 2692 et
826 2666 866 2693 ef-

80 2698 227 2729 funduntur
238 2709 347 2737 gressus
364 2711 470 2734 eorum.
485 2705 563 2739 Quod
585 2709 607 2736 si
628 2711 744 2739 servatis
760 2712 786 2740 in
807 2721 864 2741 me~

923 2250 1000 2280 ptum
1019 2251 1060 2274 est
1075 2246 1099 2262 "
1113 2256 1119 2273 :
1141 2247 1212 2274 Deus
1228 2252 1316 2275 autem
1331 2248 1357 2275 in
1370 2248 1434 2276 caelo
1445 2257 1560 2283 sursum,
1578 2255 1606 2276 tu
1624 2255 1712 2277 autem

923 2292 950 2318 in
967 2296 1036 2319 terra
1050 2292 1182 2320 deorsum.
1198 2292 1245 2321 Illa
1266 2296 1356 2321 autem
1378 2298 1449 2321 terra
1471 2303 1530 2330 qua;
1552 2297 1578 2324 in
1600 2297 1713 2325 lia-redi-

924 2341 1005 2365 tatem
1019 2337 1100 2372 justis
1115 2340 1293 2372 promittitur,
1315 2347 1368 2367 non
1383 2341 1520 2375 deorsum,
1538 2342 1585 2369 sed
1601 2350 1709 2370 sursum

923 2391 985 2412 esse
998 2385 1181 2419 promittitur.
1194 2387 1339 2422 Propterea
1363 2388 1396 2415 ad
1421 2395 1483 2415 eum
1506 2388 1551 2422 qui
1571 2393 1712 2423 exspectat

922 2432 1004 2468 677
1027 2433 1169 2460 Dominum
1195 2437 1223 2460 et
1244 2434 1363 2461 custodit
1382 2433 1452 2460 viam
1473 2433 1542 2468 ejus,
1559 2433 1597 2461 ait
1614 2441 1711 2469 repro-

922 2479 1064 2508 missionis
1080 2487 1171 2507 sermo
1185 2488 1193 2506 :
1207 2479 1344 2506 Exalmbit
1360 2483 1385 2505 te
1398 2483 1427 2506 ut
1443 2479 1582 2507 Inrredim
1597 2485 1708 2507 terram.

922 2524 978 2553 Nisi
995 2526 1068 2553 enim
1086 2526 1148 2561 quis
1170 2526 1307 2553 exaltetur
1324 2530 1352 2554 et
1375 2526 1506 2554 ascendat
1528 2526 1554 2553 in
1580 2526 1662 2554 altum
1681 2532 1710 2554 et.

922 2571 1056 2599 etiiciatur
1075 2571 1205 2603 caelestis,
1227 2579 1280 2598 non
1302 2576 1390 2607 potest
1414 2572 1604 2600 hereditatem
1629 2577 1709 2601 terra:

921 2618 993 2646 illius
1008 2614 1148 2653 consequi.
1171 2617 1249 2646 Unde
1270 2625 1320 2652 ego
1335 2618 1463 2651 arbitror,
1480 2619 1542 2655 quia
1559 2620 1630 2647 sicut
1646 2620 1707 2647 coin

921 2665 1012 2697 istius,
1027 2664 1053 2692 id
1069 2669 1111 2692 est
1126 2664 1301 2698 ﬁrmamenti,
1317 2663 1431 2692 inferius
1452 2666 1541 2693 solum
1556 2666 1634 2693 arida
1649 2666 1706 2693 hinc

920 2714 1016 2747 inqua
1038 2718 1086 2739 nos
1109 2710 1276 2744 habitamus,
1303 2716 1375 2739 terra
1402 2710 1462 2746 ejus
1482 2711 1582 2739 dicitur
1596 2720 1604 2739 :
1620 2712 1656 2739 ita
1679 2716 1708 2739 et

81 2827 102 2843 η
114 2794 339 2843 ζᾝςιιιξιξιηξδ.
362 2798 420 2843 ’ἷκε
434 2800 619 2843 (ἓον.ιιιι,-Ι-ὶ.
649 2803 680 2843 λ’
691 2803 765 2843 _Psal.
778 2814 870 2838 um,

950 2805 1048 2843 A'°lsa.
1063 2813 1142 2843 nius1
1151 2806 1199 2843 _l5.
1212 2805 1340 2843 W'lPsal.
1355 2806 1502 2843 xxxvtjl.
1540 2807 1564 2843 ξ’
1580 2807 1643 2836 ibid.
1659 2807 1705 2837 52.

115 2827 192 2858 Juan.
209 2839 265 2866 xix,
278 2832 322 2860 ll.
361 2833 384 2850 "
399 2834 443 2863 Ps.
459 2827 619 2872 “Quid?
648 2839 670 2854 "

927 2849 928 2857 ι
948 2827 1199 2876 [ιδ.’ἱ“ιζιῖτῖξ“ἐί.”’
1210 2842 1232 2858 ιτ
1250 2827 1340 2872 niti"
1355 2827 1525 2875 ῖίὲὲὲιέξζκ
1538 2842 1563 2869 ι.
