3896 6700
157 232 189 286 ί
208 233 354 289 369

904 235 1216 292 SELECTA
1255 237 1321 291 IN
1360 235 1698 292 PSALMOS.
1738 264 1808 275 —-
1841 234 2074 292 HOMIL.
2115 234 2136 288 ι
2171 232 2239 290 ΙΝ
2273 231 2468 290 PSAL.
2506 230 2746 289 XXXVI!

3323 237 3460 290 {$70

156 352 394 422 ε·.›χῆς
423 352 504 416 τὸ,
541 373 558 406 ι
585 354 675 426 Μὴ
712 355 1088 429 ὲγκαταλίπῃς
1137 374 1225 428 με,
1260 355 1430 428 Κύριε
1469 357 1496 408 ὁ
1521 356 1650 420 Θεός
1675 373 1796 428 μου,

1904 356 2046 411 dium
2076 364 2159 409 est
2189 352 2367 407 illud:
2407 350 2486 406 Ne
2531 351 2861 421 derelinquas
2906 367 3006 418 me,
3055 351 3276 406 Domine
3323 352 3461 407 Deus

164 440 277 513 μὴ
322 443 581 516 ἀποστῇς
611 445 703 498 ἀπ’
721 446 854 518 ἐμοῦ
870 464 883 477 ·
909 448 1142 520 πρόσεχε
1173 449 1252 510 εἰς
1277 449 1376 518 τὴν
1401 446 1646 518 βοήθειάν
1670 464 1793 518 μου,

161 530 398 602 Κύριε
449 532 549 602 τῆς
592 536 862 606 σωτηρίας
895 555 995 607 μου
1017 553 1033 570 ·
1076 556 1096 589 ι
1129 536 1240 608 ἔχει
1266 537 1375 608 γὰρ
1409 539 1466 591 ὲν
1503 536 1676 607 ἐαυτῷ
1703 538 1795 590 καὶ

161 622 305 694 τὴν
341 624 514 693 ἁγίαν
545 625 769 696 Τριάδα.

1902 464 2069 511 meus,
2102 462 2164 499 ne
2209 443 2511 497 discesseris
2549 459 2580 494 a
2627 457 2742 506 me;
2794 441 3002 495 intende
3046 442 3100 495 in
3140 443 3460 512 adjutorium

1901 556 2094 606 meum,
2125 539 2346 592 Domine
2379 537 2515 589 Deus
2540 534 2728 589 solutis
2761 551 2888 589 mete
2913 552 2931 590 :
2954 535 3118 590 habet
3139 535 3280 590 enim
3314 534 3366 589 in
3402 550 3462 588 se

1901 629 2064 682 etiam
2103 637 2347 681 sanctam
2377 627 2724 682 Trinitatem.

1135 913 1712 1011 ORIGENIS
1787 918 2557 1013 EXPLANATIO

386 1113 590 1194 Super
631 1111 947 1194 psalmum
992 1112 1392 1176 tricesimum
1440 1111 1813 1192 septimum,
1861 1111 1976 1191 qui
2023 1111 2264 1176 dicitur
2308 1131 2323 1171 :
2370 1116 2649 1191 Domine,
2698 1134 2774 1177 ne
2801 1117 2867 1178 in
2899 1116 3136 1194 furore,
3183 1121 3300 1176 etc.

723 1464 1010 1521 'HOMILIA
1063 1463 1296 1521 PRIMA.

283 1558 314 1614 1
329 1559 583 1615 .Creator
597 1557 954 1612 humanorum
973 1574 1257 1628 corporum
1274 1557 1414 1613 Deus
1437 1560 1640 1615 sciebat
1655 1562 1797 1630 quod

193 1649 349 1705 talis
387 1659 532 1705 esset
557 1648 821 1718 fragilitas
845 1649 1064 1702 humani
1107 1651 1373 1719 corporis,
1404 1667 1522 1721 qua:
1562 1651 1798 1720 ianguo-

195 1757 306 1797 res
340 1742 594 1795 diversos
630 1751 812 1809 posset
840 1740 1101 1809 recipere,
1133 1749 1187 1795 et
1215 1741 1527 1797 vulneribus
1569 1743 1800 1814 aliisque

196 1832 603 1887 debilitatibus
629 1840 774 1885 esset
806 1831 1041 1886 obnoxia
1079 1849 1093 1887 :
1126 1841 1180 1886 et
1235 1832 1356 1889 ideo
1383 1835 1630 1888 venturis
1675 1851 1796 1904 pas-

202 1924 480 1979 sionihns
508 1923 822 1993 providens.
850 1925 1013 1978 etiam
1050 1925 1448 1980 medicamenta
1493 1928 1799 1995 procreavit

202 2030 283 2068 ex
327 2023 581 2078 terra,et
635 2014 922 2068 medicina:
967 2015 1191 2068 tradidit
1241 2015 1602 2085 disciplinam,
1647 2025 1705 2070 ιιι
1753 2018 1797 2071 si

206 2106 506 2160 accideret
552 2106 815 2177 aegritudo
865 2105 1102 2173 corpori,
1154 2121 1259 2160 non
1310 2106 1521 2161 deesset
1569 2107 1795 2162 medela.

205 2199 342 2264 Quo
387 2198 544 2252 nobis
576 2197 748 2250 tendit
784 2197 882 2250 ista
936 2197 1226 2264 praefatio?
1267 2197 1344 2251 Ad
1398 2199 1633 2252 animam
1682 2199 1799 2252 sine

208 2288 393 2343 dubio
433 2297 726 2342 revocatur
767 2287 1057 2355 :quoniam
1091 2297 1146 2342 et
1177 2287 1345 2355 ipsam
1396 2303 1516 2343 cum
1571 2286 1801 2341 Crealor

206 2379 472 2433 omnium
499 2379 856 2439 condidisset.
896 2379 1103 2433 sciebat
1132 2379 1271 2447 quod
1313 2378 1492 2433 futura
1538 2387 1680 2434 esset
1702 2369 1799 2433 'vi-

209 2470 426 2524 tiorum
459 2485 654 2539 capax,
689 2477 744 2523 et
773 2470 842 2524 ob
889 2468 991 2524 hoc
1043 2470 1255 2524 subdita
1307 2478 1467 2539 atque
1505 2467 1798 2524 obonerata

209 2561 482 2630 peccatis.
514 2560 580 2615 Et
610 2562 729 2616 ideo
755 2561 897 2616 sicut
927 2561 1144 2630 corpori
1176 2563 1565 2616 medicamenta
1591 2576 1801 2630 praepa-

213 2652 372 2705 ravit
410 2665 476 2705 ex
516 2650 702 2705 herbis
732 2661 849 2706 arte
897 2652 1293 2720 disciplinaque
1350 2652 1684 2722 compositis,
1724 2651 1799 2703 ita

214 2744 395 2797 etiam
429 2742 622 2796 anima:
659 2743 1049 2797 medicamenta
1087 2742 1417 2811 praeparavit
1461 2743 1512 2795 in
1562 2741 1644 2795 his
1679 2755 1795 2794 ser-

1826 1477 1869 1533 B
1898 1471 2028 1540 quid
2056 1469 2166 1526 tale
2197 1469 2342 1524 ultra
2377 1469 2689 1525 committat
2726 1484 2740 1521 :
2773 1477 2827 1522 et
2862 1477 3146 1538 propterea
3204 1475 3334 1537 puto
3374 1481 3467 1522 su-

1900 1560 2257 1629 perscriptum
2293 1573 2411 1614 esse
2438 1559 2608 1628 ipsum
2633 1557 2895 1625 psalmum
2931 1557 2997 1622 ⁸³,
3032 1554 3273 1610 l’salmus
3299 1554 3466 1608 David

1900 1655 1954 1706 in
1997 1652 2435 1706 recordationem.
2456 1648 2592 1715 Quid
2616 1650 2686 1703 sit
2717 1657 2895 1702 autem
2931 1649 2984 1701 in
3021 1649 3463 1712 recordationem,

1902 1758 1998 1813 per
2037 1751 2207 1796 totum
2242 1740 2414 1810 ipsius
2443 1739 2634 1809 psalmi
2666 1754 2866 1807 corpus
2898 1748 3142 1793 enarrat.
3182 1737 3468 1791 Videamus

1902 1847 2029 1902 ergo
2078 1847 2177 1888 nos
2228 1846 2418 1888 onmes
2475 1841 2816 1901 peccatores,
2844 1830 2888 1885 si
2941 1831 2993 1884 in
3043 1831 3228 1899 aliquo
3271 1829 3469 1882 delicto

1900 1922 2172 1977 fuerimus
2212 1922 2442 1987 inventi,
2473 1923 2560 1976 vel
2595 1924 2724 1992 quid
2752 1922 2958 1988 dicere,
2993 1923 3074 1976 vel
3117 1923 3244 1991 quid
3291 1920 3470 1973 facere

1901 2015 2218 2078 debeamus,
2244 2023 2302 2067 ut
2336 2030 2457 2067 cum
2489 2012 2605 2067 haec
2634 2013 2686 2066 in
2716 2012 2994 2082 Scriptura
3028 2028 3179 2067 sacra
3212 2012 3476 2066 didiceri-

1905 2122 2045 2171 mus,
2077 2106 2242 2160 etiam
2267 2106 2535 2161 medelam
2565 2106 2805 2160 vulneris
2849 2103 3018 2159 nostri
3061 2103 3317 2172 consequi
3355 2116 3468 2156 me-

1907 2212 2144 2250 reamur.
2177 2195 2384 2251 Bonum
2415 2198 2633 2266 quidem
2670 2207 2789 2252 erat
2820 2212 3031 2264 semper
3053 2211 3268 2263 corpus,
3306 2205 3363 2248 ut
3396 2195 3468 2247 ita

1905 2289 2158 2356 dixerim,
2190 2290 2384 2344 anima:
2411 2299 2610 2345 nostra:
2644 2290 2695 2344 in
2727 2288 2957 2343 sanitate
2985 2288 3202 2349 durare,
3220 2296 3273 2343 et
3307 2287 3472 2342 armis

1906 2381 2000 2436 Dei
2033 2381 2427 2435 circumdatum
2465 2382 2532 2435 ab
2586 2381 2839 2435 omnibus
2866 2379 2987 2434 telis
3027 2379 3209 2449 ignitis
3261 2378 3467 2432 diaboli

1905 2473 2125 2540 maligni
2152 2471 2548 2528 invulnerabile
2575 2485 2915 2544 permanere,
2941 2471 3142 2524 nullius
3171 2470 3469 2540 languoris,

1906 2562 2106 2618 nullius
2166 2563 2506 2634 mgritudinis
2561 2562 2861 2633 quidquam
2910 2563 3166 2630 experiri,
3230 2559 3473 2628 nihilque

1907 2652 2217 2707 interiorem
2243 2662 2486 2707 nostrum
2517 2651 2787 2706 hominem
2819 2651 2934 2704 vitii
2977 2650 3258 2718 morbique
3299 2648 3474 2703 susci-

1905 2758 2058 2813 pere.
2087 2743 2239 2809 Quod
2290 2743 2338 2797 si
2389 2759 2489 2814 per
2539 2743 2928 2814 negligentiam
2967 2742 3047 2797 sui
3100 2751 3262 2810 atque
3308 2739 3471 2795 animi

217 2833 483 2888 monibus
535 2847 670 2901 quos
729 2847 827 2902 per
874 2833 1089 2886 divinas
1151 2831 1458 2902 Scripturas
1511 2833 1796 2886 seminavit
1827 2831 1872 2894 C
1904 2835 2167 2890 desidiam
2201 2835 2494 2890 incurrerit
2523 2835 2575 2889 in
2621 2845 2926 2906 peccatum,
2971 2833 3099 2901 quid
3142 2834 3312 2903 ipsum
3345 2848 3475 2886 con-

216 2935 393 2992 atque
415 2924 667 2992 dispersit
701 2939 716 2978 :
745 2931 804 2977 ut
830 2923 882 2978 hi
923 2923 1012 2992 qui
1044 2923 1226 2992 aliqua
1251 2924 1573 2995 aegritudine
1597 2923 1794 2978 fuerint

218 3016 499 3087 oppressi,
528 3017 706 3070 statim
740 3023 799 3069 ut
826 3014 932 3068 vim
975 3015 1149 3070 morbi
1188 3017 1456 3070 senserint
1505 3023 1664 3084 atque
1697 3015 1798 3069 ali-

223 3109 383 3173 cujus
417 3107 656 3160 vulneris
686 3105 965 3159 stimulum
1001 3106 1352 3175 doloremquc
1400 3107 1796 3174 perspexerint,

225 3199 282 3251 id
320 3206 423 3263 est,
461 3213 582 3249 cum
619 3197 853 3251 viderint
887 3196 1124 3249 animam
1167 3195 1371 3263 aliquid
1409 3204 1612 3262 praeter
1638 3204 1798 3247 natu-

229 3303 346 3342 ram
381 3297 680 3355 gerentem,
733 3289 1016 3356 requirant
1048 3297 1226 3354 aptam
1280 3295 1332 3340 et
1383 3287 1796 3341 convenientem

231 3380 336 3434 sibi
374 3380 752 3435 rationabilem
795 3379 1162 3448 disciplinam,
1198 3394 1318 3449 quae
1350 3378 1431 3434 eis
1471 3393 1538 3432 ex
1590 3393 1798 3449 praece-

232 3471 340 3538 ptis
374 3467 466 3524 Dei
509 3471 679 3538 possit
724 3471 928 3525 mederi
959 3486 973 3522 :
1009 3485 1130 3522 nam
1162 3469 1385 3524 tradidit
1427 3478 1480 3524 et
1515 3471 1797 3525 medicina:

235 3560 370 3613 artis
413 3559 762 3622 industriam,
793 3559 949 3628 cujus
978 3559 1283 3613 archialros
1316 3569 1396 3612 est
1439 3558 1690 3613 Salvator
1719 3558 1799 3612 di-

235 3667 363 3705 cens
389 3651 454 3704 de
485 3666 541 3705 se
567 3650 631 3716 θ’,
671 3651 796 3718 quia
822 3651 936 3705 Non
983 3668 1110 3719 opus
1152 3652 1341 3704 habent
1384 3652 1474 3720 qui
1512 3653 1629 3705 sani
1677 3658 1798 3705 sunt

236 3741 452 3803 medico,
482 3740 570 3792 sed
618 3744 707 3808 qui
751 3740 883 3793 male
927 3741 1138 3793 habent.
1184 3741 1252 3794 Et
1286 3740 1376 3796 ille
1410 3741 1625 3811 quidem
1675 3751 1799 3797 erat

240 3831 538 3885 archiatros
571 3832 660 3900 qui
701 3840 887 3900 posset
916 3847 1108 3886 curare
1141 3847 1354 3887 omnem
1399 3831 1713 3902 languorem
1748 3842 1802 3888 et

240 3937 450 3976 omnem
505 3921 914 3984 inﬁrmitatem;
970 3922 1222 3991 discipuli
1270 3938 1402 3978 vero
1459 3923 1574 3992 ejus
1610 3923 1800 3980 Petrus

240 4014 318 4066 vel
346 4011 560 4076 Paulus,
595 4010 688 4067 sed
718 4021 772 4065 et
802 4013 1078 4082 propheta:
1105 4014 1298 4069 medici
1329 4025 1475 4079 sunt,
1503 4026 1558 4070 et
1601 4016 1651 4068 hi
1680 4030 1799 4069 om-

245 4122 336 4159 nes
361 4106 449 4173 qui
488 4114 608 4172 post
637 4105 910 4173 apostolos
944 4107 996 4158 in
1029 4105 1267 4160 Ecclesia
1301 4107 1461 4174 positi
1494 4117 1640 4172 sunt,
1676 4108 1798 4176 qui-

1905 2936 2167 2997 sequatur
2221 2937 2501 2997 agnoscat.
2544 2927 2714 2994 Argui
2764 2926 2847 2978 vel
2891 2925 3090 2992 corripi
3135 2934 3217 2978 est
3274 2924 3474 2978 doletis

1905 3033 2086 3087 pinna.
2121 3019 2395 3072 cruciatus
2420 3027 2476 3072 et
2519 3019 2590 3071 ila
2642 3018 2826 3086 gravis
2853 3026 2959 3080 est,
2996 3027 3052 3069 ιιι
3079 3017 3240 3068 etiam
3295 3016 3345 3068 hi
3382 3016 3471 3084 qui

1905 3109 2092 3164 ﬁdeles
2140 3117 2195 3162 et
2245 3109 2484 3175 religiosi
2529 3110 2803 3172 videntur,
2851 3108 2894 3160 si
2940 3107 3078 3160 forte
3123 3118 3179 3160 ut
3221 3108 3472 3162 homines

1907 3199 2204 3280 aliquando
2238 3200 2289 3253 in
2328 3200 2528 3254 delicto
2563 3200 2745 3268 aliquo
2779 3199 3113 3254 incurreriut
3151 3207 3204 3250 et
3235 3213 3472 3266 arguan-

1905 3299 2016 3354 tur,
2048 3290 2402 3358 indignentur
2430 3290 2690 3345 adversus
2716 3307 2808 3345 eos
2843 3290 2931 3359 qui
2969 3298 3221 3359 arguunt,
3257 3298 3308 3341 et
3336 3287 3470 3340 ode-

1903 3383 2013 3438 rint
2061 3397 2174 3437 eos.
2219 3383 2537 3453 Corripiunt
2597 3384 2740 3437 enim
2795 3392 2852 3436 ut
2886 3385 3198 3437 emendent.
3249 3380 3313 3433 Et
3371 3379 3471 3433 hoc

1905 3472 2104 3528 malum
2131 3473 2230 3526 fuit
2258 3474 2309 3527 in
2339 3489 2525 3540 causa,
2559 3483 2616 3526 ut
2651 3475 2814 3528 etiam
2869 3489 2898 3524 a
2954 3471 3118 3540 priori
3171 3468 3366 3540 populo
3414 3469 3466 3521 in

1906 3564 2094 3620 odium
2125 3566 2458 3620 haberentur
2479 3566 2774 3636 prophetas,
2806 3564 3280 3635 persecutionihus
3303 3563 3473 3631 agita-

1903 3665 2112 3711 rentur.
2146 3654 2258 3710 lloc
2301 3655 2406 3710 fuit
2450 3671 2627 3710 causa:
2668 3656 2810 3725 quod
2862 3653 3060 3709 Isaiam
3111 3655 3286 3708 secari
3326 3653 3472 3716 fecit,

1903 3743 2047 3812 quod
2077 3743 2397 3798 Zachariam
2436 3744 2578 3798 inter
2607 3744 2862 3812 templum
2907 3753 2961 3798 et
3006 3743 3178 3800 altare
3209 3739 3471 3810 compulit

1907 3833 2183 3896 trucidari,
2219 3832 2510 3887 Jeremiam
2542 3834 2595 3886 in
2631 3834 2805 3887 lacum
2842 3835 2981 3889 caeni
3019 3833 3278 3902 demergi.
3315 3832 3378 3884 Et
3407 3831 3472 3882 ad

1903 3920 2153 3975 ultimum
2182 3924 2294 3975 lucc
2328 3921 2430 3975 fuit
2462 3938 2627 3976 causa
2650 3938 2769 3992 qua:
2796 3923 3082 3976 Dominum
3109 3932 3350 3975 nostrum
3386 3918 3474 3973 Je-

1902 4028 2018 4068 sum
2038 4013 2310 4067 Christum
2330 4015 2439 4082 egit
2463 4015 2514 4067 in
2534 4030 2778 4069 crucem.
2800 4014 2993 4070 Omnia
3018 4015 3161 4069 enim
3179 4030 3294 4083 qua:
3311 4027 3470 4081 supra

1901 4104 2061 4174 681
2095 4106 2529 4158 enumeravimus
2557 4106 2762 4160 scelera
2788 4117 2946 4174 atque
2975 4105 3197 4172 ﬂagitia,
3229 4120 3331 4157 ιιοιι
3365 4104 3471 4156 alia

247 4197 443 4263 busque
483 4197 846 4249 curandorum
882 4196 1161 4252 vulnerum
1197 4200 1478 4268 disciplina
1506 4202 1797 4255 commissa
1829 4183 1874 4238 Ῐ)
1905 4211 1970 4248 ex
2002 4211 2164 4249 causa
2206 4197 2493 4251 commissa
2521 4207 2677 4262 sunt,
2713 4199 2813 4252 nisi
2850 4199 2991 4265 quod
3027 4201 3153 4250 dum
3197 4210 3388 4247 omnes
3414 4194 3468 4246 in

247 4297 345 4352 est,
377 4302 510 4354 quos
541 4289 711 4342 voluit
741 4289 878 4345 Deus
906 4291 956 4343 in
999 4288 1238 4344 Ecclesia
1268 4306 1362 4343 sua
1399 4305 1519 4344 esse
1566 4290 1803 4346 medicos

248 4379 567 4446 animarum,
595 4380 718 4449 quia
760 4399 866 4436 non
898 4383 1010 4436 vult
1039 4382 1177 4437 Deus
1209 4392 1392 4435 noster
1418 4391 1645 4436 mortem
1679 4397 1804 4451 pec-

249 4469 456 4530 catoris,
495 4469 588 4523 sed
619 4472 993 4537 paenitentiam
1029 4482 1083 4526 et
1113 4475 1415 4526 orationem
1457 4471 1571 4540 ejus
1606 4487 1802 4542 exspe-

251 4568 376 4612 ctat.
417 4560 619 4615 Deinde
664 4572 719 4616 et
767 4563 866 4616 iste
897 4563 1135 4632 psalmus
1184 4565 1274 4631 qui
1322 4580 1463 4618 nunc
1498 4565 1669 4619 lectus
1698 4573 1801 4630 est,

253 4654 395 4708 nobis
444 4652 697 4716 ostendit,
755 4665 813 4707 ut
852 4655 895 4707 si
943 4655 1082 4708 forte
1115 4654 1406 4724 aliquando
1446 4658 1805 4724 praevertimur

251 4746 300 4800 in
348 4747 579 4812 delictis,
611 4748 842 4818 qualiter
870 4762 968 4800 nos
996 4755 1051 4800 et
1085 4762 1205 4800 cum
1240 4764 1346 4816 quo
1399 4747 1590 4803 afl‘ectu
1644 4762 1803 4803 orare

252 4848 484 4908 oporteat
534 4849 587 4894 et
647 4840 856 4894 medico
904 4839 1208 4908 supplicare
1262 4856 1360 4909 pro
1394 4840 1671 4896 doloribus
1717 4838 1804 4894 vel

251 4929 642 4985 inﬁrmitatibus
679 4930 902 4984 nostris.
951 4928 1006 4983 Si
1052 4931 1273 4998 quando
1294 4946 1425 4999 ergo
1459 4946 1805 5001 praeoccupa-

253 5021 382 5074 verit
412 5037 509 5074 nos
545 5021 797 5075 inimicus
819 5031 874 5074 et
905 5020 1089 5090 ignitis
1118 5019 1316 5088 iaculis
1342 5020 1455 5074 suis
1485 5022 1805 5076 vulnerave-

255 5112 316 5163 rit
342 5111 571 5165 animam
604 5121 871 5178 nostram,
907 5112 1086 5180 primo
1113 5111 1213 5165 hoc
1239 5126 1338 5166 nos
1359 5112 1512 5166 docet
1546 5113 1631 5167 hic
1661 5114 1804 5182 psal-

257 5221 382 5268 ntus,
408 5204 551 5274 quod
585 5205 836 5259 convenit
865 5214 986 5273 post
1022 5214 1308 5272 peccatum
1335 5205 1579 5258 contiteri
1613 5220 1804 5274 pecca-

256 5305 374 5360 tum,
400 5303 454 5346 et
501 5295 556 5348 in
594 5295 915 5349 memoriam
971 5295 1248 5348 recordari
1299 5294 1580 5358 delictum,
1615 5305 1672 5347 ut
1706 5310 1803 5364 per

259 5384 665 5439 recordationem
703 5386 874 5454 culpa:
906 5385 1238 5439 stimulatum
1263 5401 1361 5441 cor
1391 5396 1442 5440 et
1471 5387 1800 5441 concitatum

260 5490 343 5538 pro
377 5473 572 5529 delicto
630 5489 751 5540 suo,
779 5476 998 5530 interim
1036 5477 1279 5530 refrenet
1328 5491 1393 5530 ac
1446 5485 1681 5543 revocet,
1733 5491 1802 5532 ne

317 5641 353 5668 "
379 5640 562 5697 Matth.
601 5658 676 5710 Ix,
717 5646 797 5699 12.
872 5647 917 5678 ⁸³
949 5646 1089 5702 l‘sal.
1127 5663 1332 5716 XXXVII,
1366 5649 1407 5704 Ι.

30 6223 957 6355 -..,,,.-

1484 5650 1527 5678 "
1560 5649 1716 5706 Prov.
1759 5667 1832 5717 ιιι,
1865 5652 1913 5706 8.

1909 4286 2216 4341 medicinali
2245 4287 2524 4356 disciplina
2560 4288 2796 4342 resecari
2827 4302 2922 4356 per
2952 4285 3348 4354 correptionem
3379 4284 3472 4334 de-

1907 4377 2262 4448 linquentium
2296 4381 2504 4442 nolunt,
2529 4394 2673 4434 cura:
2706 4379 2991 4447 impatiens
3026 4379 3251 4446 pepultts
3278 4385 3332 4428 et
3361 4389 3472 4427 mc-

1907 4471 2041 4524 delae
2073 4471 2125 4523 in
2156 4471 2450 4540 perniciem
2484 4472 2748 4526 medentis
2777 4471 3005 4525 exarsit.
3037 4468 3187 4523 Beati
3224 4483 3351 4537 ergo
3381 4482 3472 4520 sa-

1906 4563 2115 4632 pientes
2157 4563 2270 4632 jam
2299 4577 2364 4616 ex
2415 4564 2529 4632 ipsa
2557 4563 2838 4633 Scriptura
2872 4563 3209 4632 appellantur
3241 4562 3292 4615 hi
3322 4600 3335 4623 ,
3379 4561 3470 4630 qui

1907 4668 2028 4707 cum
2056 4653 2400 4724 deliquerint,
2430 4656 2474 4708 si
2501 4664 2815 4725 arguantur,
2844 4671 2945 4708 non
2975 4657 3204 4708 oderunt
3233 4667 3468 4720 arguen-

1907 4752 2010 4800 tes.
2045 4745 2120 4798 lta
2156 4748 2297 4800 enim
2341 4748 2474 4802 dicit
2507 4749 2784 4817 Scriptura
2807 4748 2891 4801 ⁸⁸2
2933 4747 3057 4800 Noli
3101 4761 3320 4814 arguere
3355 4760 3470 4796 ma-

1903 4836 1982 4890 los
2011 4854 2073 4891 ne
2095 4839 2298 4892 oderint
2329 4849 2397 4905 te,
2417 4857 2576 4909 argue
2602 4842 2883 4906 sapientem
2911 4848 2956 4890 et
2986 4838 3181 4890 amabit
3215 4847 3284 4889 te.
3311 4835 3473 4890 Vides

1905 4932 2172 4999 quomodo
2206 4931 2504 5000 sapientem
2550 4931 2842 5000 appellavit
2889 4929 3168 4998 Scriptura
3212 4943 3335 4982 eum
3376 4925 3468 4994 qui

1905 5023 2236 5090 correptioni
2266 5023 2531 5076 obnoxius
2562 5032 2665 5083 est,
2707 5037 2810 5074 non
2848 5030 3023 5076 tamen
3055 5022 3188 5088 odit,
3229 5020 3322 5074 sed
3355 5032 3472 5072 ma-

1907 5115 1987 5183 gis
2013 5114 2185 5184 diligit
2224 5114 2581 5185 arguentem?
2612 5113 2769 5169 Tales
2799 5123 2956 5168 erant
2996 5115 3068 5168 illi
3100 5113 3190 5182 qui
3228 5113 3295 5166 ab
3325 5115 3471 5179 Apo-

1904 5203 2041 5257 stolo
2067 5205 2455 5274 arguebantur,
2479 5216 2533 5260 et
2562 5205 2824 5261 confutati
2854 5222 2957 5261 non
2986 5207 3213 5260 oderant
3242 5219 3468 5274 arguen-

1905 5302 2008 5350 tes.
2044 5294 2197 5350 Uude
2220 5306 2276 5350 et
2297 5312 2396 5366 ego
2425 5299 2664 5353 arbitror
2692 5299 2838 5352 illum
2862 5299 2952 5368 qui
2980 5300 3031 5351 in
3060 5297 3326 5352 Corintho
3348 5310 3468 5364 gra-

1905 5386 2128 5441 vissime
2162 5387 2463 5457 deliquerat
2487 5389 2554 5457 ⁸³,
2579 5391 2781 5446 idcirco
2817 5390 3240 5446 misericordiam
3272 5401 3463 5443 conse-

1907 5487 2126 5542 cutum,
2183 5481 2438 5549 quoniam
2490 5477 2772 5554 correptus
2827 5484 2894 5540 ab
2936 5483 3227 5554 Apostolo,
3290 5492 3343 5536 et
3395 5488 3466 5533 tta

1992 5650 2078 5705 "l
2121 5651 2243 5707 Cur.
2287 5666 2338 5703 v.
