3896 6700
561 196 692 253 1571

1971 188 2058 242 EX
2098 185 2256 243 ORIG
2266 178 2400 241 ENE
3622 189 3665 246 ll

553 318 750 373 acerbe
775 323 1083 387 correptus,
1116 323 1176 369 ut
1209 328 1239 368 a
1269 319 1540 368 conventu
1571 309 1980 367 abscinderetur
2021 309 2128 364 Ec-
2156 314 2202 370 Α
2235 320 2456 362 necesse
2469 321 2590 362 eum
2613 303 3079 375 eorreptionem
3095 301 3663 374 paternzausteriutisiga

556 407 758 469 clesiaa,
785 420 890 458 non
927 415 1106 458 tamen
1138 401 1263 458 odio
1294 403 1481 457 habuit
1511 413 1860 472 arguentem,
1887 402 1980 455 sed
2011 403 2130 456 aui-

557 497 986 551 madversionem
1034 496 1305 565 patienter
1365 494 1575 564 accepit
1628 505 1684 547 et
1733 493 1946 548 fortiter
1982 493 2125 548 tulit.

561 592 671 659 ligo
695 591 928 645 arbitror
957 591 1098 659 quod
1126 590 1291 644 etiam
1321 587 1579 656 majorem
1603 585 1854 642 aﬂ‘ectum
1885 587 2130 656 concepit

561 696 684 751 erga
718 680 939 734 Paulum
967 721 980 743 ,
1013 690 1173 749 atque
1201 695 1327 749 erga
1354 691 1542 731 omnes
1587 677 1678 745 qui
1728 679 1944 731 statutis
1974 677 2127 732 Pauli

560 773 612 828 in
646 773 762 840 ejus
792 772 1261 825 animadversione
1300 783 1609 838 paruerunt.
1645 769 1801 824 Unde
1846 782 1901 824 et
1932 771 2130 826 Paulus

557 867 880 917 sententiam
927 871 1183 924 revocat,
1216 871 1270 914 et
1297 861 1528 930 ejectum
1573 859 1912 930 recoujungit
1944 861 2131 916 Eccle—

559 955 672 1016 site,
708 963 758 1008 el
795 955 946 1008 addit
976 955 1162 1009 dicens
1191 953 1238 985 ⁸⁸
1266 971 1278 1006 :
1307 955 1627 1020 Conﬁrmata
1665 956 1719 1008 in
1745 969 1862 1007 eum
1895 956 2128 1009 Charita-

557 1054 682 1100 tem.
719 1044 860 1098 Vidit
895 1046 1036 1097 enim
1076 1059 1198 1098 eum
1251 1054 1371 1112 post
1417 1046 1943 1100 animadversionem
1999 1063 2130 1101 con-

561 1150 811 1189 servasse
852 1133 1172 1188 charitatem
1217 1149 1231 1186 :
1279 1141 1334 1186 et
1380 1131 1501 1186 ideo
1547 1135 1686 1187 dixit
1735 1137 1977 1189 utetiam
2010 1144 2130 1203 post

561 1233 836 1292 peceatum
887 1232 1129 1276 nontam
1173 1221 1502 1274 tribueretur
1535 1221 1582 1274 ei
1631 1222 1908 1285 Charitas,
1955 1224 2130 1278 inerat

549 1315 724 1375 enim,
760 1315 852 1366 sed
884 1323 938 1365 ιιι
967 1314 1036 1365 ah
1065 1313 1321 1366 omnibus
1343 1329 1404 1366 ea
1444 1328 1564 1382 qua:
1597 1313 1772 1368 inerat
1799 1314 2128 1368 firmaretur.

559 1403 791 1458 Necesse
819 1414 903 1458 est
946 1419 1078 1473 ergo
1105 1421 1227 1458 cum
1278 1407 1369 1476 qui
1421 1415 1609 1476 peccat
1639 1406 1792 1476 argui
1829 1423 1845 1459 :
1879 1407 1971 1460 sed
1995 1421 2130 1474 quo-

560 1495 704 1548 niam
736 1495 917 1564 gravis
946 1495 1103 1549 nobis
1143 1495 1558 1558 infirmioribus,
1591 1497 1843 1564 quamvis
1878 1496 1949 1551 sit
1986 1498 2133 1552 utilis

561 1585 657 1638 ista
683 1587 977 1655 correptio,
1005 1585 1145 1640 ferre
1168 1602 1288 1642 eam
1319 1588 1419 1642 sul)
1445 1591 1688 1643 omnium
1720 1590 2008 1658 praesentia
2039 1591 2132 1644 de-

560 1678 812 1732 vitamus.
840 1679 904 1731 Et
930 1680 1056 1748 quid
1080 1679 1198 1733 dico
1227 1683 1466 1735 omnium
1505 1684 1785 1751 prmsentia
1811 1684 2129 1739 ilnlerdum

561 1783 629 1822 ne
668 1770 804 1822 duos
836 1769 1052 1837 quidem
1083 1786 1207 1823 cum
1235 1774 1512 1841 arguimur
1549 1777 1740 1829 adesse
1781 1776 2021 1844 patimur
2051 1785 2132 1830 te-

559 1873 709 1924 stes,
739 1861 830 1913 sed
863 1859 1142 1929 Culpamtts
1201 1845 1517 1931 arguentem
1569 1875 1622 1919 et
1665 1865 1898 1921 dicimus
1925 1868 2130 1936 :Oporv

562 1961 738 2005 tuerat
772 1961 822 2006 te
855 1952 951 2007 soli
999 1951 1130 2006 mihi
1178 1952 1361 2010 dicere
1411 1971 1530 2025 qua:
1563 1957 1732 2022 velis,
1773 1969 1828 2012 et
1873 1975 1981 2014 non
2029 1960 2130 2016 sub

561 2045 852 2097 multorum
879 2047 1162 2114 pra-sentin
1186 2048 1367 2102 facere
1391 2049 1523 2106 tuihi
1553 2051 1825 2106 ruborem.
1852 2053 2128 2121 Dolemus,

557 2131 850 2202 iactamur,
886 2133 1286 2191 eﬂ'ervescimus
1309 2178 1324 2202 ,
1354 2149 1408 2193 et
1446 2139 1498 2194 in
1544 2141 1897 2198 interioribus
1934 2145 2131 2201 anima}

559 2225 810 2279 sensibus
839 2228 1170 2282 cruciamur.
1202 2229 1353 2295 Quod
1385 2231 1428 2284 si
1461 2231 1578 2285 talis
1611 2234 1882 2303 correptio
1912 2244 1994 2290 est
2025 2252 2129 2304 qua

561 2315 629 2367 ab
661 2314 966 2370 hominibus
997 2316 1078 2370 vel
1109 2333 1292 2372 coram
1321 2318 1630 2377 hominibus
1660 2326 1960 2393 arguimur,
2003 2328 2132 2396 quid

563 2405 822 2461 faciemus
849 2407 892 2461 si
928 2409 1066 2462 Deus
1093 2425 1190 2463 nos
1219 2419 1440 2481 arguat,
1473 2415 1518 2468 si
1557 2416 1668 2484 ipse
1709 2417 1851 2472 Deus
1889 2419 2133 2476 confutet

559 2497 613 2549 'et
646 2508 837 2567 arguat
870 2499 918 2552 in
951 2499 1173 2556 furore?
1207 2503 1314 2565 Nos
1338 2507 1426 2574 qui
1461 2508 1701 2578 episcopi
1728 2513 2006 2579 arguentis
2027 2512 2133 2567 ira-

563 2587 810 2640 cundiam
849 2587 991 2644 ferre
1023 2607 1126 2644 nou
1159 2607 1476 2661 possumus,
1526 2597 1620 2654 sed
1656 2598 2008 2668 indignanter
2043 2617 2134 2657 ac-

562 2677 817 2751 cipyuus,
867 2680 1010 2734 illum
1062 2681 1297 2738 furorem
1343 2685 1433 2753 qui
1470 2685 1564 2740 Dei
1613 2702 1735 2742 esse
1776 2689 2008 2754 dicitur,
2041 2708 2133 2746 ar-

562 2777 814 2835 guentem
849 2786 945 2825 nos
989 2774 1260 2840 quomodo
1309 2774 1656 2832 tolerabimus
1692 2779 1715 2832 ?
1759 2780 1952 2836 Sciens
2001 2799 2133 2854 ergo

556 2861 820 2928 propheta
873 2861 1299 2931 quamplurimas
1329 2882 1450 2921 esse
1481 2869 1816 2926 dilferentias
1847 2876 2129 2943 arguendi,

562 2962 613 3004 et
649 2950 833 3006 volens
865 2955 1018 3020 quasi
1055 2955 1218 3011 homo
1242 2974 1339 3027 pro
1366 2959 1577 3015 delictis
1601 2963 1816 3030 quidem
1840 2968 2017 3035 argui,
2047 2983 2132 3023 ve-

567 3057 688 3097 rens
716 3056 894 3098 autem
921 3060 984 3099 ue
1016 3050 1252 3117 graviori
1284 3053 1542 3120 pondere,
1561 3054 1611 3108 id
1642 3065 1745 3120 est,
1772 3071 1839 3110 ne
1866 3059 1914 3111 in
1945 3059 2130 3118 furore

565 3134 776 3189 DOlt'litti
812 3149 1156 3206 argueretur,
1182 3142 1276 3204 ait,
1311 3144 1451 3198 sicut
1481 3146 1591 3214 jam
1619 3157 1675 3202 et
1704 3149 1756 3202 in
1788 3150 1893 3204 alio
1921 3152 2132 3222 psalmo

563 3235 689 3280 ante
711 3227 939 3292 dixerat,
967 3229 1128 3284 etiam
1165 3231 1315 3286 hic"
1351 3251 1366 3288 :
1405 3235 1647 3301 Domine,
1671 3252 1732 3291 ne
1755 3238 1806 3291 in
1833 3239 2013 3307 [urere
2041 3251 2132 3296 tuo

565 3336 756 3388 arguas
787 3336 886 3374 me.
924 3321 1186 3378 Similiter
1209 3335 1386 3380 autem
1419 3327 1552 3381 dicit
1582 3339 1638 3383 et
1677 3333 1821 3398 quod
1861 3332 2126 3401 sequitur:

566 3428 727 3482 neque
771 3414 939 3468 inira
988 3423 1082 3469 tua
1130 3419 1387 3488 corripias
1435 3436 1535 3475 me.
1584 3420 1812 3491 Oportet
1856 3438 1988 3492 ergo
2032 3442 2133 3482 nos

566 3505 745 3573 aliqua
774 3513 828 3558 et
855 3505 921 3560 de
951 3509 1294 3576 correptione
1323 3509 1504 3566 dicere
1528 3551 1544 3578 ,
1574 3513 1640 3566 de
1667 3528 1772 3583 qua
1807 3516 2135 3585 generaliter

567 3610 664 3649 nos
693 3595 985 3663 Aposmlus
1025 3598 1185 3653 docet
1217 3599 1404 3655 dicens
1434 3602 1481 3633 ⁸⁸
1514 3621 1528 3657 :
1564 3603 1747 3658 Omnis
1775 3605 1980 3675 quidem
2026 3623 2137 3660 cor-

568 3687 730 3756 reptio
763 3687 831 3741 ad
861 3704 1088 3756 praesens
1117 3707 1220 3745 non
1258 3691 1464 3747 videtur
1489 3695 1670 3765 gaudii
1699 3711 1807 3750 esse
1831 3735 1846 3761 ,
1895 3699 1984 3750 sed
2017 3715 2136 3754 mte-

568 3787 738 3850 roris,
776 3795 955 3854 postea
993 3799 1165 3842 autent
1209 3789 1440 3858 fructum
1488 3790 1880 3858 pacatissimam
1920 3793 2000 3846 liis
2046 3794 2134 3863 qui

566 3894 657 3941 per
689 3894 804 3932 eam
847 3881 1120 3935 exercitati
1161 3891 1318 3946 sunt,
1371 3883 1551 3938 reddet
1585 3883 1822 3948 iustitia.
1854 3884 1919 3938 Et
1960 3886 2136 3941 videte

567 3971 729 4025 etiam
757 3985 978 4040 pueros,
1001 3973 1450 4041 quemadmodum
1469 3991 1589 4030 cum
1619 3975 1990 4046 corripiuntur
2014 3992 2137 4031 ver-

570 4063 786 4119 beribus
821 4081 849 4118 a
896 4067 1202 4136 predagogis
1224 4105 1240 4130 ,
1273 4067 1356 4120 vel
1385 4081 1413 4119 a
1460 4067 1774 4124 doctoribus
1802 4069 2131 4135 excitantur,

569 4157 792 4212 moleste
815 4158 1034 4227 quidem
1065 4159 1357 4228 accipiunt,
1383 4169 1436 4214 et
1461 4174 1728 4214 summum
1759 4161 1956 4216 malum
1987 4162 2135 4230 judi-

568 4258 694 4302 caut
721 4248 960 4304 dolorem
993 4250 1138 4305 illum
1159 4290 1173 4315 ,
1203 4253 1293 4320 qui
1333 4253 1412 4309 eis
1441 4268 1602 4309 causa
1637 4253 1956 4309 eruditionis
1987 4253 2132 4310 iniii-

568 4338 748 4407 gitur:
781 4349 834 4394 et
863 4342 1113 4408 quamvis
1156 4317 1431 4410 profectus
1478 4359 1608 4400 suos
1657 4344 1709 4399 in
1762 4345 2132 4414 hujuscemodi
2168 4362 2212 4418 ι)
2241 4343 2447 4400 scilicet
2479 4339 2598 4394 talis
2623 4348 2708 4394 est
2734 4337 2825 4406 qui
2861 4339 3060 4407 ipsam,
3099 4337 3157 4384 ut
3188 4326 3260 4380 ita
3286 4317 3499 4418 dixit”?

569 4429 985 4493 eruditionibus,
1033 4433 1117 4487 vel
1162 4437 1596 4504 eorreptionibus
1634 4451 1754 4492 esse
1786 4437 1994 4506 positos
2030 4451 2137 4492 non

567 4521 839 4591 ignorent,
875 4531 1049 4578 tamen
1083 4524 1309 4582 moleste
1352 4537 1514 4598 atque
1551 4529 1902 4598 impatienter
1933 4529 2134 4586 ferunt.

571 4610 725 4679 Quod
756 4611 804 4667 si
833 4614 1066 4669 eruditio
1103 4631 1391 4685 puerorum
1439 4619 1813 4689 hujuscemodi
1856 4631 1940 4677 est
1963 4662 1979 4686 ,
2009 4623 2138 4691 quid

571 4704 775 4760 sentire
817 4705 1073 4763 debemus
1125 4709 1193 4763 de
1234 4709 1392 4765 nobis
1426 4712 1688 4775 senibus,
1737 4711 1952 4781 qualem
1986 4713 2139 4769 nobis

573 4795 656 4850 vel
682 4797 1059 4867 eruditionem,
1094 4799 1175 4854 vel
1207 4802 1602 4871 correptionem
1637 4802 1922 4858 imminere
1949 4815 2140 4860 cense-

573 4904 716 4954 mus,
751 4905 872 4960 qure
899 4907 1002 4945 nou
1037 4907 1068 4947 a
1097 4893 1586 4964 dispensatoribus,
1618 4908 1794 4964 neque
1824 4910 1852 4948 a
1885 4896 2138 4966 paedago-

567 4981 656 5052 gis
683 4982 912 5038 infertur
933 4985 957 5039 ?
979 4984 1134 5041 Novit
1165 4987 1361 5058 quippe
1395 4987 1675 5058 Scriptura
1705 4988 2054 5059 psedagogum
2083 4998 2140 5044 et

572 5076 996 5145 dispensatorem
1027 5087 1082 5132 et
1115 5083 1529 5148 procuratorem
1564 5080 1771 5152 parvuli
1797 5098 1812 5135 :
1841 5080 2011 5151 quid,
2049 5080 2137 5136 in-

571 5181 732 5236 quam
757 5206 772 5233 ,
818 5169 1134 5223 existimare
1157 5209 1175 5235 ,
1210 5171 1295 5226 vel
1342 5173 1546 5228 sentire
1576 5172 1834 5227 debemus
1861 5213 1877 5238 ,
1908 5188 2028 5227 cum
2071 5175 2140 5227 ab

571 5258 689 5325 ipso
717 5261 1106 5328 patrefamilias
1135 5264 1368 5318 eruditio
1393 5275 1574 5320 nostra
1595 5265 1735 5320 facta
1767 5263 1928 5320 fuerit
1973 5275 2138 5333 atque

570 5352 889 5420 correptio?
914 5352 1111 5408 lterum
1145 5355 1428 5411 redeamus
1457 5357 1523 5410 ad
1555 5357 1966 5412 similitudine-tu
1999 5371 2136 5426 pue-

573 5454 778 5500 rorum.
813 5445 867 5498 Si
897 5446 1222 5516 corripiatur
1265 5463 1397 5517 puer
1433 5463 1462 5500 a
1501 5449 1827 5519 paedagogo,
1883 5463 1985 5502 non
2031 5447 2134 5502 erit

642 5625 687 5655 ’τί
721 5621 757 5676 ll
784 5622 904 5679 Cor.
938 5641 973 5680 ιι
1003 5669 1014 5691 ,
1045 5629 1096 5682 8.
1173 5628 1214 5660 ⁸⁷
1257 5629 1342 5684 Ps.
1376 5643 1583 5693 xxxvu,
1625 5627 1679 5681 Β.

2232 414 2386 453 scere
2407 440 2422 466 ,
2452 414 2568 467 qua:
2598 415 2663 453 ex
2715 394 3117 469 gravioribus
3163 392 3378 448 delictis
3405 409 3458 448 ac
3481 393 3664 463 basim,

2231 490 2333 545 bus
2357 498 2700 556 provocatur.
2744 487 2813 542 Si
2851 487 3228 555 corripiatur
3251 502 3283 539 a
3314 487 3504 539 doctore
3529 502 3668 556 paene

2232 582 2304 636 ita
2335 593 2583 636 austeros
2611 583 2710 635 erit
2765 581 3069 650 magister
3107 581 3257 635 sicut
3303 585 3446 648 pater
3484 592 3572 634 esse
3597 597 3673 650 per.
3715 623 3721 658 ι

2230 675 2274 728 si
2320 675 2504 743 gravia
2539 673 2730 728 delicta
2771 675 2834 726 in
2877 674 3008 727 tilio
3041 673 3392 743 cognoverit.
3428 671 3475 724 Si
3500 673 3596 725 enim
3619 691 3676 727 te.

2229 765 2342 833 piat
2369 773 2517 832 pater
2546 779 2642 834 pro
2667 765 3011 832 majoribus
3039 761 3490 832 gravioribusque
3512 769 3678 830 peccata;

2231 864 2438 908 tantum
2491 857 2561 910 sit
2607 856 3001 910 commissum
3061 854 3170 908 ﬁlii
3226 853 3373 922 quod
3418 853 3475 905 ad
3511 853 3678 908 incurva:

2228 949 2583 1002 concitaverit
2606 957 2866 1017 patrem,
2895 949 3034 1002 sine
3069 948 3249 1001 dubio
3282 957 3400 1017 post
3423 948 3682 1019 cruciatum;

2229 1038 2488 1106 Supplicia
2533 1039 2695 1092 etiam
2744 1037 3173 1092 abdicationis
3218 1051 3382 1106 paena
3433 1037 3687 1091 metuendae

2231 1132 2290 1186 Si
2320 1133 2635 1188 intellexisti
2677 1132 3181 1197 similitudinem,
3220 1131 3392 1186 transi
3420 1131 3526 1184 mihi
3550 1131 3690 1184 aberis

2229 1221 2316 1292 plo
2345 1223 2410 1276 ad
2441 1237 2587 1288 rem,
2615 1231 2669 1276 et
2697 1221 2974 1291 iuteliige
3017 1223 3096 1277 de
3130 1222 3298 1276 nobis
3326 1221 3545 1273 omnibus
3575 1234 3642 1286 qua
3664 1223 3690 1270 i=-

2231 1322 2451 1367 cuntur.
2513 1312 2716 1368 Omnes
2762 1312 3050 1384 episcopi
3110 1321 3288 1381 atque
3335 1325 3505 1365 omnes
3537 1313 3688 1380 pres-lytr:

2231 1405 2315 1459 vel
2367 1404 2580 1459 diacoi
2625 1404 2910 1460 erudiunt
2946 1419 3060 1458 nos
3091 1443 3110 1470 ,
3142 1413 3202 1458 et
3248 1402 3536 1458 erudientes
3570 1401 3692 1453 sttuite.

2231 1501 2622 1570 correptiones,
2649 1511 2702 1555 et
2727 1498 2939 1554 verbis
2977 1497 3402 1552 austerioribus
3427 1494 3640 1563 increpant
3657 1493 3690 1546 is

2232 1602 2412 1646 autem
2441 1591 2656 1661 quando
2683 1591 3007 1645 erudimur
3040 1589 3224 1644 etiam
3254 1601 3285 1640 a
3317 1585 3690 1656 procuratorth

2233 1683 2530 1748 actoribus,
2555 1684 2604 1737 id
2627 1691 2712 1738 est
2746 1685 2821 1738 ab
2857 1683 2960 1737 his
2998 1680 3232 1751 angelis
3263 1678 3449 1748 quibus
3474 1675 3628 1731 credite
3643 1689 3690 1727 su:

2231 1774 2607 1843 dispensandae
2657 1785 2711 1830 et
2755 1775 3047 1842 regendae
3095 1772 3302 1826 anima:
3328 1765 3693 1834 nostra:un

2231 1866 2449 1922 modum
2480 1865 2808 1922 describitur
2847 1869 2914 1921 in
2965 1867 3231 1935 quodam
3280 1862 3393 1916 loco
3414 1858 3588 1928 angelus
3615 1859 3692 1923 pre

2231 1958 2444 2020 tentize,
2470 1957 2562 2026 qui
2605 1971 2717 2013 nos
2736 1957 2997 2028 suscipit
3049 1952 3434 2024 castigandos,
3474 1949 3579 2003 sicut
3600 1943 3692 1997 Puta

2229 2051 2471 2121 θιβοιιὶι,
2509 2050 2556 2105 si
2587 2051 2671 2105 cui
2712 2059 2915 2104 tamen
2957 2046 3198 2102 libellus
3227 2046 3317 2099 ille
3342 2035 3690 2110 recipiendusria

2233 2150 2340 2195 tur.
2388 2140 2608 2196 Interim
2659 2141 2907 2196 diversis
2982 2136 3398 2193 eruditionibus
3439 2128 3690 2185 succumbims

2232 2250 2330 2288 nos
2358 2235 2604 2288 homines
2635 2233 3072 2302 castigantibus
3097 2270 3114 2292 ,
3148 2245 3255 2284 nos
3295 2235 3345 2281 et
3389 2218 3687 2289 corripiendus:

2233 2326 2467 2382 nondum
2511 2325 2799 2379 tamen-ah
2850 2325 2986 2395 ipso
3037 2319 3436 2393 patrefamilias
3470 2314 3686 2379 castigans.

2231 2419 2326 2472 sed
2381 2433 2408 2470 a
2462 2417 2927 2485 procuratoribus
2971 2415 3206 2484 angelis
3235 2453 3251 2480 ,
3287 2411 3373 2480 qui
3417 2403 3686 2468 υυξυεευὲιιεηκ
3734 2437 3735 2442 π

2234 2507 2404 2563 nostri
2441 2507 2736 2576 castigandi
2774 2515 2964 2574 atque
3015 2500 3354 2559 emendandi
3390 2485 3681 2552 sortiunturol-

2232 2601 2400 2664 cium,
2429 2608 2485 2653 et
2511 2610 2590 2653 est
2629 2599 2994 2653 tolerabilius
3031 2611 3167 2650 cum
3193 2594 3263 2647 ab
3297 2590 3452 2657 aliquo
3471 2586 3680 2636 borumcof-

2236 2694 2482 2762 ripimur.
2511 2691 2601 2746 Sic
2626 2706 2846 2760 quoque
2873 2689 3182 2746 interdum
3210 2685 3363 2740 etiam
3383 2678 3680 2762 μόδιοεοφπν

2235 2759 2396 2838 missa
2428 2795 2511 2838 est
2533 2759 2716 2837 nostra
2741 2759 3066 2852 correptio.
3102 2779 3246 2834 Nam
3278 2759 3680 2863 quicunque”???

2233 2886 2411 2939 erant,
2442 2873 2696 2943 quoniam
2741 2873 2823 2927 lex
2861 2846 3224 2941 paedagogus
3256 2873 3406 2920 noster
3421 2846 3664 2948 fuit

2232 2975 2352 3032 sto,
2388 2963 2760 3032 delinquentes
2788 2961 2846 3015 in
2888 2961 3024 3030 lege
3066 2974 3099 3011 a
3141 2956 3398 3026 padagogo
3422 2935 3664 3030 ωπίμιώιξῑο

2206 3054 2358 3121 ’ωτι
2397 3069 2520 3108 cum
2554 3053 2930 3122 puniebantur
2975 3066 3048 3106 ex
3089 3052 3234 3118 lege.
3285 3037 3541 3099 Punielnnur
3570 3035 3669 3075 eum

2231 3150 2316 3203 vel
2347 3165 2468 3204 cum
2513 3147 2938 3217 lapidabantur,
2973 3143 3065 3201 vel
3113 3155 3243 3198 cum
3274 3130 3442 3202 aliquid
3462 3131 3585 3179 eum!
3601 3125 3670 3217 il“?

2233 3243 2442 3313 Moyses
2482 3216 2776 3310 scripserat
2815 3237 3213 3307 perferebant.
3250 3225 3416 3283 Nullus
3444 3216 3667 3313 erto'mfgf‘:

2233 3335 2300 3389 de
2319 3293 2526 3402 quibus
2575 3293 2827 3400 s‘uperius
2857 3329 3123 3384 diximus
3168 3324 3238 3378 ab
3269 3293 3671 3426 ipsa-patiaris":

2233 3394 2578 3494 puniebatur.
2614 3394 2730 3473 Non
2762 3418 2913 3473 enim
2951 3426 3082 3471 erat
3104 3394 3670 3512 paterfantiliaslleiﬁtez:

2233 3483 2457 3585 angelus
2485 3509 2837 3582 pmnitentim.
2869 3508 2988 3564 Sed
3022 3502 3292 3611 studi-alia
3327 3483 3665 3611 peceati'pr'gi:

2234 3577 2336 3660 ιηιέ
2363 3612 2672 3675 peccantem
2705 3604 2817 3671 ipse
2849 3596 3264 3670 paterfamilias
3296 3582 3446 3658 ρυηῖίν
3486 3577 3651 3675 ⁰¹¹¹ἮΪΪ

2235 3696 2360 3751 licet
2387 3695 2552 3766 682
2593 3695 2687 3765 qui
2713 3708 3034 3748 mensuram
3079 3687 3372 3742 facinorum
3403 3663 3666 3786 stipe-ltiti:

2236 3789 2374 3844 ultra
2391 3751 2672 3842 Elimia
2716 3786 3119 3840 contumeliam
3170 3770 3382 3834 sceleris
3412 3751 3665 3886 sui

2403 3878 2434 3886 ..
2529 3876 2570 3886 ι.
2945 3877 2977 3886 ..
3165 3871 3198 3886 -Α
3248 3859 3378 3886 ..Α-ζα
3407 3861 3496 3886 ηΡεΡ
3526 3883 3534 3886 -

2236 3878 2486 3934 tetendit.
2528 3876 2638 3930 Nec
2681 3886 2858 3932 tamen
2902 3877 3056 3931 alius
3085 3871 3209 3942 quis
3247 3854 3663 3980 ηοιίιιῖτῗιὲτάέἓῑ

2301 3975 2312 3980 -
2544 3972 2554 3980 .
2654 3971 2668 3980 ι
2875 3971 2886 3980 .
3163 3956 3404 3980 η.--ιιι.ιρ
3450 3957 3506 3980 l‘f
3597 3963 3600 3966 '

2235 3975 2432 4036 solum,
2465 3972 2557 4042 qui
2589 3971 2672 4026 vel
2705 3971 2926 4040 quando
2965 3937 3663 4063 procuratoribus

2237 4033 2609 4137 castigandus,
2641 4062 2724 4116 vel
2749 4061 2838 4131 qui
2873 4055 3256 4127 corripiendus
3280 4033 3662 4156 actorib::;:“i‘ﬂ";

2237 4125 2408 4214 etiam
2427 4157 2518 4226 qui
2549 4125 2744 4224 subjici
2768 4125 2969 4208 debeat
2998 4125 3321 4220 paedagogo,
3357 4127 3432 4226 ςυί
3452 4125 3568 4226 εί³³¹ξζ

2237 4194 2400 4214 υιηιιη
2469 4194 2518 4211 ιιι
2549 4194 2744 4224 cun-Juv.
2775 4194 2969 4208 ..νυν-η.
2999 4194 3257 4220 run—-0.”
3308 4194 3316 4199 ν
3558 4199 3566 4208 ι

2237 4253 2412 4306 riores
2427 4194 2555 4303 “sint
2597 4247 2790 4300 horum
2845 4244 3092 4297 omnium
3147 4194 3662 4346 correptiouelzid‘i‘ﬁm

2533 4339 2565 4346 .-
2809 4337 2822 4346 .
2861 4339 2872 4346 .
3119 4337 3151 4346 ,.
3188 4326 3256 4346 ε...
3289 4317 3437 4346 ,ἶσοι-ξ
3486 4339 3499 4346 -

2241 4377 2447 4400 διοιιιιυι
2479 4377 2598 4394 IIIa
2623 4377 2708 4394 va.
2735 4377 2825 4406 quo
2861 4377 3060 4407 ’,ιν-..η’
3101 4377 3156 4384 ——
3190 4377 3201 4380 —
3393 4401 3423 4416 ν
3461 4395 3470 4406 ⁸

2241 4450 2456 4492 manum
2491 4434 2543 4487 in
2575 4446 2730 4488 suam
2776 4437 3036 4499 provocet
3075 4421 3338 4479 ultionem.
3378 4403 3660 4530 Silium".

2399 4527 2430 4530 κ-
2760 4524 2772 4530 -
2839 4523 2851 4530 .
2883 4523 2894 4530 .
3164 4527 3178 4530 _
3203 4517 3302 4530 -.-ιιι
3344 4510 3394 4530 ΩΔ

2237 4546 2356 4599 quae
2381 4527 2522 4584 dicta
2553 4535 2699 4588 sunt,
2731 4524 2776 4580 si
2805 4523 3052 4578 altiorem
3094 4493 3656 4612 βεευιξιδιθθ

2238 4580 2452 4679 intuere
2499 4635 2644 4675 nunc
2684 4618 2919 4690 qualiter
2969 4618 3084 4673 haec
3118 4599 3366 4672 Prophela
3407 4580 3659 4696 prosatum;

2240 4729 2357 4740 ιι...-
2389 4712 2516 4740 Αιηι.
2559 4730 2574 4740 .
2607 4711 2773 4740 cm...
2807 4710 2850 4740 αἶ
2896 4703 3125 4740 ηηυοὲηἰει
3150 4711 3266 4740 me.
3294 4687 3441 4740 Βειιε»
3463 4664 3617 4723 nolim

3429 4714 3441 4737 1

3305 4777 3316 4817 ἰ
3351 4763 3570 4817 columns:
3601 4743 3654 4788 Mc

2245 4838 2324 4859 ua
2361 4838 2656 4871 υυιιιινῠιυο
2693 4838 2798 4856 υυιι
2847 4838 2950 4854 "Va
2997 4838 3100 4852 ιιυυ
3138 4838 3208 4845 ’⁷⁷
3275 4838 3301 4849 ν

2239 4897 2591 4966 Pmilasogum
2615 4892 2854 4963 patimur
2876 4886 3315 4997 commoncutlert.
3340 4868 3649 4997 Tfifliccipim“

2253 4995 2259 4997 _
2511 4985 2523 4997 I
2617 4994 2627 4997 -
2963 4996 2968 4997 ,
3023 4980 3056 4997 ,ε
3070 4986 3184 4997 -..Α-η
3231 4965 3241 4997 :
3263 4971 3338 4997 Ἄρη
3380 4991 3388 4997 .

2243 4963 2424 5041 torum
2441 4963 2525 5041 vel
2546 4994 2789 5040 actorum
2821 4980 3187 5050 correptiones
3213 4963 3652 5076 Ιίὺῗξιέξὶπῗῖἑςὲίηξ

2243 5087 2298 5133 et
2321 5085 2606 5147 prepterea
2639 5077 2708 5130 ab
2739 5076 2850 5144 ipsa
2892 5074 2970 5128 ira
2986 5044 3086 5126 'Dei
3112 5044 3650 5163 οοττεξρξξοῗθὲἒῖξ

2247 5125 2606 5147 vvr-vr-v---
2641 5125 2705 5130 —~
2740 5125 2850 5144 '1'"
3004 5125 3014 5126 ί
3259 5146 3269 5157 ,
3304 5141 3313 5152 .
3611 5125 3646 5143 δ”

2247 5175 2370 5229 duci
2401 5186 2622 5228 necesse
2646 5179 2751 5226 est.
2779 5167 3044 5238 Propheta
3067 5157 3198 5216 enim
3223 5125 3648 5266 ώῗίὸἱηθῖυτπέξηε.

2244 5269 2298 5319 in
2342 5267 2518 5335 furore
2565 5271 2652 5318 tuo
2697 5276 2888 5330 arguas
2940 5273 3040 5323 me,
3082 5257 3228 5317 neque
3267 5248 3314 5289 ut
3350 5233 3416 5280 πη

2239 5359 2356 5426 pina
2386 5373 2484 5411 me.

2313 5375 2356 5411 rs
2386 5375 2484 5411 me.
3412 5418 3419 5430 .
3452 5394 3461 5407 '
3519 5389 3574 5434 am
3595 5375 3628 5418 μ

2313 5450 2366 5501 εἰ.
2403 5447 2506 5502 Sed
2545 5447 2636 5516 Qui
2672 5447 2774 5501 hoc
2804 5443 2963 5510 dicit,
2989 5440 3138 5496 debet
3169 5417 3379 5499 proferre
3409 5397 3516 5460 Jillj“

1755 5627 1800 5659 ⁸¹¹
1823 5625 1988 5681 Hebr.
2016 5641 2090 5680 xu
2113 5665 2126 5689 ,
2157 5623 2239 5679 11.

3251 6047 3691 6184 κί’
