4120 6212
421 247 563 303 1575

1842 234 1932 289 EX
1965 233 2268 292 ORIGENE

3540 233 3691 290 1576

420 374 626 427 sanitas
678 368 735 423 in
781 383 939 423 carne
989 382 1104 421 mea
1155 384 1188 421 a
1242 366 1379 435 [acie
1419 365 1516 420 ira
1550 374 1672 420 tute.
1713 364 1789 419 De
1812 378 1877 418 eo
1910 362 2000 433 qui
2034 361 2079 417 Δ
2105 359 2276 415 emori
2319 373 2444 416 eam
2494 359 2719 428 iaceret,
2769 370 3057 431 antequam
3100 363 3340 434 perfecte
3377 365 3693 420 mortiﬁca-

423 464 564 534 apud
612 460 939 517 Corinthum
990 469 1316 529 peccaverat
1372 457 1631 513 indicavit
1684 455 1997 528 Apostolus,

419 556 608 610 dicens
656 554 703 586 "
744 570 760 609 :
816 550 1049 607 Tradere
1088 550 1398 621 hujusmodi
1448 549 1713 603 hominem
1782 548 2000 605 Satame

416 647 473 701 in
501 646 770 699 interitum
792 646 989 699 carnis.
1023 640 1273 712 Nunquid
1300 642 1594 711 putandum
1618 649 1705 695 est
1729 642 1871 710 quod
1895 642 1999 696 ini-

418 754 585 807 quum
615 738 729 792 ﬁeri
753 736 966 792 volebat
988 749 1147 806 quem
1168 735 1381 789 dicebat
1402 733 1536 787 tradi
1565 733 1764 787 debere
1782 732 1996 787 Satanas

419 831 476 885 in
501 830 781 884 interitum
813 828 1038 884 carnis?
1076 829 1215 895 Quin
1242 826 1422 897 potius
1452 834 1699 897 apparet,
1738 824 1993 894 quoniam

418 940 519 994 pro
549 924 720 979 Salute
764 922 883 990 ejus
919 921 1161 975 tradebat
1207 934 1425 975 carnem
1465 920 1581 988 ejus
1608 918 1660 972 in
1689 918 1989 974 interitum.

418 1018 662 1087 Denique
677 1016 824 1069 addit
838 1015 1056 1068 dicens:
1081 1011 1301 1065 Tradidi
1317 1012 1574 1082 ejusmodi
1592 1011 1855 1065 hominem
1885 1010 1991 1066 Sa-

418 1119 558 1163 tante
597 1110 651 1163 in
676 1109 942 1161 interitum
962 1105 1156 1167 carnis,
1184 1115 1237 1158 ut
1259 1105 1475 1173 spiritus
1503 1102 1679 1157 salvus
1708 1104 1800 1173 ﬁat
1830 1104 1883 1157 in
1907 1104 1993 1158 die

418 1199 651 1265 Domini,
692 1200 988 1254 ostemlens
1015 1214 1119 1253 non
1162 1213 1319 1268 posse
1348 1197 1547 1252 salvari
1580 1196 1852 1266 spiritum,
1885 1196 1989 1251 nisi

417 1310 545 1349 caro
570 1295 623 1348 in
650 1294 924 1348 interitum
952 1293 1281 1347 traderetur.
1311 1292 1444 1359 Quis
1473 1304 1604 1357 ergo
1632 1290 1706 1343 sit
1734 1290 1990 1345 interitus

414 1387 622 1447 carnis,
649 1384 795 1437 audi.
838 1383 974 1451 Quia
1009 1385 1155 1453 quod
1193 1382 1481 1444 interierit,
1509 1380 1626 1437 sine
1649 1380 1814 1435 dubio
1844 1395 1988 1434 mor-

414 1487 565 1528 tuum
613 1482 719 1529 est.
756 1472 900 1529 Vivit
925 1484 1104 1529 autem
1146 1489 1277 1529 caro
1330 1474 1383 1528 in
1430 1483 1737 1543 peccatore,
1772 1484 1983 1526 mortua

411 1576 494 1623 est
530 1582 659 1622 caro
686 1566 737 1621 in
766 1567 984 1621 homine
1006 1568 1176 1636 justo.
1210 1565 1440 1637 Propter
1470 1569 1613 1638 quod
1650 1575 1705 1622 et
1732 1564 1865 1634 justi
1903 1566 1985 1621 di-

409 1668 540 1714 cunt
581 1661 627 1693 ⁹³
673 1674 686 1710 :
737 1658 954 1726 Semper
1008 1661 1464 1730 mortiﬁcationem
1509 1660 1639 1715 Jesu
1691 1659 1888 1715 Christi
1928 1662 1983 1713 in

2106 460 2278 517 retur,
2310 451 2463 521 prius
2484 453 2619 508 dixit
2646 454 2911 511 inﬁrmari
2938 470 3158 511 carnem
3184 470 3373 522 suam;
3409 466 3467 511 et
3500 455 3693 512 donec

2106 542 2484 599 inﬁrmabatur
2508 545 2724 615 quidem
2755 560 2904 613 caro,
2928 546 3182 614 spiritum
3215 557 3526 616 promptum
3557 561 3692 602 esse

2104 634 2349 702 dicebat;
2392 649 2517 691 cum
2560 651 2690 692 vero
2743 637 2893 692 cruci
2931 653 3053 692 eam
3103 638 3268 692 tradit
3326 647 3383 692 et
3433 637 3686 709 perfecta

2105 734 2277 780 morte
2312 736 2674 791 consummat,
2699 737 2827 782 tunc
2865 742 2971 781 non
3002 727 3115 797 jam
3162 738 3467 799 promptum
3508 730 3687 799 spiri-

2106 825 2241 885 tum,
2268 816 2362 873 sed
2394 818 2446 872 in
2475 818 2727 872 manibus
2771 816 2947 872 Patris
2998 816 3233 886 positum
3265 832 3386 873 esse
3418 826 3682 873 testatur.

2103 907 2228 963 Haec
2257 916 2433 963 autem
2458 908 2546 963 ille
2579 909 2632 963 in
2672 922 2730 963 se
2757 908 3071 965 describens
3109 910 3311 964 nostris
3349 910 3684 964 eruditioni-

2100 1004 2202 1058 bus
2232 1002 2504 1072 praabebat
2532 1001 2861 1071 exemplum.
2906 1002 3138 1070 Propter
3176 1016 3273 1057 nos
3301 1002 3445 1057 enim
3480 1012 3538 1057 et
3570 1018 3681 1058 no-

2098 1094 2182 1150 bis
2212 1094 2458 1149 inﬁrmus
2483 1104 2624 1150 erat.
2672 1093 2795 1149 Ideo
2829 1094 3235 1151 consideremus
3286 1097 3681 1165 nosmetipsos,

2096 1186 2143 1240 si
2169 1186 2382 1272 inﬁrma
2408 1195 2492 1241 est
2514 1201 2642 1242 caro
2673 1194 2881 1251 nostra,
2916 1186 2962 1242 si
2999 1202 3104 1241 non
3164 1186 3377 1243 deliciis
3420 1186 3677 1242 luxuria-

2094 1293 2199 1348 que
2231 1277 2541 1343 resolvitur,
2573 1278 2686 1334 haec
2721 1278 2767 1332 ei
2802 1278 2996 1333 vitiosa
3038 1278 3250 1334 sanitas
3294 1291 3497 1349 prmsm
3545 1288 3633 1334 est
3654 1296 3677 1336 :

2094 1366 2214 1425 vide
2234 1370 2279 1424 si
2304 1386 2400 1439 per
2420 1370 2807 1430 abstinentiam
2839 1370 3218 1447 quotidianam
3251 1371 3469 1427 inﬁrma
3500 1371 3678 1428 cilici-

2095 1475 2189 1521 tur
2224 1481 2377 1531 caro,
2401 1468 2444 1523 si
2470 1483 2567 1539 per
2584 1467 2975 1525 continentiam
3007 1467 3273 1523 desideria
3299 1466 3673 1532 refrenantur,

2091 1561 2256 1617 libido
2278 1565 2677 1635 comprimitur,
2694 1564 2823 1619 vitia
2846 1563 3238 1633 conquiescunt
3262 1578 3276 1616 :
3303 1570 3430 1615 tunc
3450 1559 3674 1616 etiamsi

2090 1661 2328 1711 nondum
2378 1668 2630 1712 emortua
2674 1666 2783 1724 est,
2834 1664 3015 1712 tamen
3062 1669 3169 1710 non
3224 1662 3310 1709 est
3357 1652 3567 1710 sanitas
3615 1650 3671 1706 in

409 1769 627 1817 corpore
654 1763 832 1807 nostra
860 1723 1309 1820 circumferentes,
1342 1764 1396 1808 ut
1426 1764 1474 1809 et
1507 1755 1614 1808 vita
1637 1751 1765 1808 Jesu
1784 1752 1983 1807 Christi
2014 1723 2057 1778 Β
2087 1762 2252 1803 carne
2277 1757 2388 1814 tua,
2409 1747 2503 1804 sed
2528 1749 2695 1803 etiam
2715 1723 2957 1804 membra
2978 1758 3068 1802 tua
3094 1747 3310 1802 interim
3333 1745 3670 1800 mortiﬁcata

407 1842 775 1912 manifestetur
819 1844 874 1897 in
929 1860 1088 1898 carne
1150 1854 1330 1899 nostra
1384 1845 1617 1899 mortali.
1674 1842 1740 1898 Et
1786 1845 1981 1899 iterum

407 1935 717 1989 mandatum
759 1936 1069 2004 accepimus
1112 1936 1299 1991 dicens
1330 1937 1378 1969 ”
1410 1953 1426 1992 :
1462 1936 1783 2005 Mortiﬁcate
1819 1953 1981 1991 mem-

408 2024 502 2076 bra
528 2037 699 2078 uestra
721 2041 841 2096 qua:
857 2035 977 2079 sunt
999 2039 1155 2093 super
1177 2036 1392 2080 terram.
1420 2024 1485 2081 Et
1508 2026 1700 2080 beatus
1723 2026 1813 2096 qui
1842 2042 1982 2080 mor-

405 2125 532 2171 tuus
561 2126 643 2170 est
674 2129 917 2186 peccato,
956 2117 1253 2171 secundum
1305 2118 1451 2187 quod
1501 2118 1708 2173 dictum
1754 2128 1838 2173 est
1877 2119 1923 2152 "
1961 2138 1975 2175 :

403 2206 609 2277 Corpus
640 2209 847 2279 quidem
886 2219 1153 2263 mortuum
1190 2220 1267 2265 est
1309 2222 1521 2280 propter
1550 2222 1847 2281 peccatunt,
1877 2213 1981 2280 spi-

404 2302 537 2354 ritus
567 2312 741 2353 autem
766 2300 872 2354 rita
897 2300 1017 2355 vivit
1045 2310 1255 2369 propter
1292 2301 1760 2371 justiﬁcationem.
1811 2303 1976 2360 Tradi

402 2403 533 2459 ergo
564 2389 615 2442 in
643 2388 918 2444 interitum
943 2390 1123 2445 carnis
1154 2392 1260 2444 tale
1290 2401 1394 2455 est,
1428 2399 1487 2445 ut
1525 2394 1824 2448 emoriatur
1850 2409 1978 2448 sen-

401 2496 496 2535 sus
532 2480 766 2534 carnalis
804 2479 855 2535 in
881 2480 1055 2545 nobis,
1089 2489 1143 2536 et
1187 2497 1294 2538 non
1330 2482 1475 2538 vivat
1500 2487 1687 2540 carnis
1708 2485 1977 2554 cupiditas

401 2570 455 2624 in
487 2586 569 2627 ea.
602 2572 682 2626 Ex
707 2587 773 2627 eo
798 2572 945 2627 enim
997 2572 1141 2643 quod
1175 2574 1405 2629 moritur
1453 2590 1649 2632 sensus
1681 2577 1885 2641 carnis,
1915 2584 1978 2631 ut

402 2676 507 2716 non
546 2663 841 2717 secundum
892 2678 1114 2721 carnem
1167 2665 1462 2734 sapiamus,
1511 2665 1740 2735 spiritus
1789 2666 1975 2723 salvus

400 2751 650 2807 eﬁicitnr.
680 2753 930 2823 Alioquin
954 2754 1078 2807 dum
1110 2751 1239 2808 vivit
1272 2768 1473 2809 sensus
1504 2754 1555 2809 in
1582 2756 1742 2811 nobis
1765 2757 1973 2824 carnis,

396 2852 449 2898 et
478 2858 605 2899 caro
643 2844 801 2905 vivit,
830 2859 939 2898 non
970 2859 1260 2915 possumus
1288 2846 1354 2901 de
1380 2845 1720 2916 spiritalibus
1757 2862 1969 2917 sapere.

398 2934 511 2992 Hoc
574 2951 704 3007 ergo
749 2937 907 2990 modo
948 2935 1239 3006 Apostolus
1304 2937 1528 2991 tradidit
1578 2939 1631 2994 in
1687 2939 1968 2995 interitum

2086 1848 2211 1895 sunt
2233 1854 2396 1909 snper
2420 1848 2647 1895 terram.
2677 1838 2818 1908 Quid
2851 1849 2934 1894 est
2960 1847 3140 1894 autem
3171 1838 3315 1907 quod
3357 1834 3485 1892 facit.
3511 1836 3671 1893 satis

2087 1941 2252 1987 tatem
2286 1932 2339 1987 in
2373 1947 2539 1988 carne
2567 1947 2671 1988 non
2694 1932 2853 1987 esse?
2889 1931 2946 1987 Si
2993 1930 3298 1986 sentiamus
3333 1930 3522 1986 faciem
3566 1932 3671 1986 ira:

2082 2021 2202 2078 Dei.
2268 2022 2436 2078 Deum
2495 2023 2638 2079 enim
2691 2023 3043 2079 recordamur
3088 2022 3225 2075 iram
3263 2020 3375 2086 Dei,
3422 2030 3479 2075 et
3539 2033 3672 2076 ante

2081 2111 2266 2168 oculos
2309 2111 2513 2167 vultum
2557 2111 2676 2182 ejus
2711 2112 3029 2167 adducimus
3079 2124 3145 2164 ex
3190 2109 3307 2181 ipsa
3369 2107 3669 2163 intuitiona

2080 2202 2233 2272 ejus,
2289 2217 2411 2273 qua
2459 2213 2679 2274 propter
2705 2202 2808 2258 hoc
2861 2200 3029 2257 facies
3073 2202 3170 2256 ira:
3232 2198 3500 2271 appellata
3553 2210 3670 2265 est,

2081 2294 2404 2350 conturbata
2441 2304 2495 2351 et
2531 2293 2797 2351 exterrita
2832 2307 2961 2350 caro
3021 2291 3332 2349 inﬁrmatur
3358 2300 3520 2361 atque
3545 2290 3670 2347 ian-

2078 2388 2304 2457 guescit.

2150 2482 2209 2538 3.
2245 2479 2369 2536 Non
2391 2489 2469 2536 est
2502 2496 2611 2551 pas;
2635 2479 2841 2535 ossibus
2889 2479 3018 2534 meis
3072 2494 3106 2533 α
3154 2478 3292 2545 facie
3322 2488 3664 2548 peccatorum

2077 2590 2337 2632 meorum.
2367 2573 2543 2630 Etiam
2581 2573 2699 2629 haec
2730 2572 2889 2627 debet
2935 2572 3121 2628 dicere
3161 2572 3254 2641 qui
3307 2571 3570 2642 peccavit,
3602 2580 3666 2625 et

2076 2677 2200 2737 post
2252 2674 2531 2735 peccatum
2573 2678 2834 2736 peccasse
2873 2679 2931 2720 se
2967 2663 3307 2727 recordatur,
3354 2663 3493 2718 sicut
3539 2664 3662 2732 ipse

2078 2760 2246 2814 David
2269 2759 2486 2813 dicebat
2512 2757 2563 2812 in
2589 2756 3041 2828 quinquagesimo
3076 2756 3286 2826 psalmo
3313 2755 3359 2787 "
3388 2774 3403 2811 :
3436 2752 3503 2808 Et
3534 2771 3662 2823 pec-

2076 2864 2254 2905 catum
2292 2866 2466 2904 meum
2513 2864 2694 2903 coram
2725 2864 2807 2902 me
2852 2860 2930 2902 est
2965 2864 3189 2917 semper.
3239 2846 3379 2903 Sunt
3432 2846 3657 2917 quidam

2074 2946 2168 3017 qui
2206 2960 2329 2999 cum
2353 2942 2699 3014 peccaverint
2733 2940 2914 2995 securi
2939 2949 3075 2997 sunt,
3105 2953 3355 3010 prorsus,
3400 2953 3502 2993 nec
3553 2952 3659 2993 co—

394 3029 579 3084 carnis
634 3044 757 3083 eum
820 3029 912 3098 qui
971 3028 1267 3083 secundum
1333 3044 1555 3085 carnem
1621 3032 1857 3100 vixerat,
1913 3043 1973 3088 ut
2000 3056 2045 3116 ο
2078 3039 2254 3108 gitant
2276 3039 2341 3090 de
2375 3044 2599 3105 peccato
2630 3048 2750 3098 suo,
2784 3045 2885 3086 nec
2931 3033 3084 3088 venit
3114 3032 3183 3085 ad
3214 3046 3433 3087 sensum
3464 3045 3657 3085 eorum

394 3136 556 3176 sensu
596 3120 782 3174 carnis
817 3129 1065 3174 emortuo
1105 3120 1328 3188 spiritus
1361 3120 1417 3176 in
1451 3121 1539 3176 die
1591 3122 1798 3178 Domini
1862 3126 1970 3180 sal-

393 3221 637 3267 varetur.
679 3210 735 3266 Si
775 3210 1090 3265 intellexisti
1137 3211 1496 3280 apostolicum
1536 3228 1868 3280 sermonem,
1902 3216 1969 3270 ad

395 3304 446 3358 id
471 3304 616 3373 quod
648 3303 983 3374 propositum
1005 3312 1089 3357 est
1122 3312 1483 3358 revertamur.
1515 3302 1731 3359 Utinam
1764 3306 1817 3359 in
1851 3321 1968 3361 cor-

392 3411 524 3466 pore
549 3410 669 3451 meo
700 3396 743 3451 si
773 3398 988 3466 quando
1018 3394 1295 3464 delinquo,
1328 3405 1383 3450 et
1419 3396 1674 3451 delictum
1710 3412 1775 3451 ex
1808 3413 1969 3453 sensu

392 3494 572 3546 carnis
595 3489 777 3556 venit,
830 3491 1285 3563 superduceretur
1339 3491 1597 3546 interitus
1644 3492 1857 3558 carnis,
1912 3503 1971 3548 ut

391 3584 613 3653 spiritus
642 3583 962 3638 salvaretur.
1012 3582 1069 3638 Si
1113 3585 1258 3639 enim
1309 3600 1438 3639 caro
1482 3584 1817 3651 inﬁrmatur,
1854 3585 1971 3641 sine

390 3676 555 3731 dubio
581 3675 865 3745 proﬁciens
884 3675 1175 3730 inﬁrmitas
1208 3676 1370 3731 etiam
1399 3675 1467 3731 ad
1495 3676 1967 3732 mortiﬁcationem

390 3769 636 3837 pervenit
680 3769 860 3824 carnis
897 3787 911 3824 :
951 3779 1005 3823 et
1048 3780 1173 3823 tunc
1220 3776 1306 3823 est
1356 3767 1499 3837 quod
1550 3776 1699 3823 recte
1748 3768 1965 3835 dicitur,

391 3846 643 3929 quoniam
670 3878 769 3915 non
794 3869 869 3915 est
896 3861 1096 3916 sanitas
1130 3862 1183 3913 in
1227 3876 1385 3914 carne
1423 3876 1561 3914 mea.
1598 3859 1654 3913 Si
1686 3874 1815 3915 vero
1857 3875 1965 3914 non

394 3956 698 4008 iulirmatnr
756 3954 971 4024 quidem
1023 3968 1170 4021 caro,
1221 3952 1313 4007 sed
1367 3951 1507 4006 redit
1558 3950 1625 4005 ad
1677 3952 1964 4007 sanitatem

390 4064 564 4115 suam,
593 4047 642 4101 id
674 4056 780 4111 est,
808 4055 868 4100 ut
901 4046 1077 4114 sapiat
1105 4060 1224 4114 qua:
1261 4053 1387 4099 sunt
1425 4044 1628 4111 carnis,
1660 4059 1724 4099 ac
1754 4045 1966 4099 deside-

391 4149 473 4195 ret
509 4140 732 4202 malum,
761 4150 889 4192 tunc
920 4138 1125 4191 sanitas
1164 4144 1250 4189 est
1280 4136 1332 4188 in
1382 4149 1569 4200 carne,
1604 4136 1747 4204 quod
1781 4137 1965 4204 utique

388 4233 601 4300 spiritui
636 4248 740 4285 non
771 4240 852 4285 est
883 4231 1106 4283 bonum.
1156 4228 1260 4282 Iste
1303 4242 1435 4297 ergo
1478 4228 1570 4296 qui
1612 4230 1877 4294 arguitur,
1909 4238 1965 4283 et

388 4332 604 4377 recusat
639 4339 733 4391 per
770 4323 1007 4375 furorem
1047 4321 1258 4375 Domini
1303 4320 1456 4388 argui
1486 4331 1649 4390 atque
1680 4320 1959 4376 iracundia

385 4414 502 4483 ejus
527 4413 749 4481 corripi,
781 4412 1112 4480 justissimas
1136 4427 1328 4468 causas
1374 4412 1533 4482 hujus
1584 4414 1958 4470 excusationis
1991 4390 2036 4446 D

383 4506 639 4568 ostendit.
682 4521 933 4561 asserens
986 4523 1044 4562 se
1099 4508 1311 4577 sagittis
1365 4510 1654 4564 verborum
1700 4508 1794 4563 Dei
1839 4523 1959 4564 esse

385 4597 676 4664 conﬁxum,
712 4608 767 4652 et
796 4598 868 4652 ita
897 4601 1163 4654 turbatum
1217 4608 1379 4669 atque
1401 4600 1752 4670 perterritum
1782 4617 1810 4655 a
1842 4603 1953 4658 sola

385 4693 528 4747 faeie
561 4692 657 4747 ira:
696 4691 928 4754 Domini,
979 4701 1038 4746 ut
1074 4692 1217 4746 nulla
1252 4708 1475 4763 prursus
1527 4696 1584 4749 in
1629 4711 1797 4752 carne
1835 4698 1953 4769 ejus

383 4786 613 4850 sanitas,
648 4786 699 4841 id
731 4794 813 4840 est
866 4784 1066 4839 nullum
1110 4786 1368 4854 peccandi
1426 4787 1566 4841 ultra
1622 4786 1949 4845 desiderium

384 4879 663 4933 manserit.
716 4875 937 4931 Memini
987 4890 1072 4929 me
1121 4874 1413 4945 aliquando
1466 4877 1532 4932 de
1582 4877 1677 4932 illo
1710 4880 1951 4946 capitulo

384 4968 652 5039 Evangelii
676 4968 1059 5036 disputantem,
1093 4967 1144 5021 in
1178 4983 1285 5037 quo
1316 4969 1575 5039 scriptum
1608 4978 1692 5024 est
1716 4971 1801 5023 9“t
1832 4970 1953 5039 Spi-

382 5062 516 5112 ritus
543 5060 752 5128 quidem
782 5069 1056 5128 promptus
1083 5069 1181 5125 est,
1206 5076 1328 5114 caro
1359 5071 1533 5115 autem
1568 5061 1803 5131 infirma,
1845 5063 1949 5119 tale

383 5149 582 5219 aliquid
641 5149 899 5215 sensisse,
952 5148 1092 5218 quod
1147 5160 1435 5217 antequam
1472 5148 1723 5205 Salvator
1768 5162 1954 5207 noster

382 5242 590 5295 veniret
627 5241 693 5295 ad
726 5254 966 5304 crucem,
1005 5249 1059 5294 et
1104 5239 1452 5310 cruciﬁgeret
1508 5256 1754 5307 carnem,
1788 5252 1949 5313 atque

478 5362 525 5393 ⁹¹
555 5361 571 5415 1
606 5362 731 5417 Cor.
780 5377 837 5427 v,
877 5361 930 5415 5.
1036 5360 1146 5413 "ll
1183 5360 1318 5418 (lor.
1364 5376 1434 5428 tv,
1477 5363 1566 5418 10.
1671 5364 1718 5396 ³⁸

380 5430 424 5461 ⁹⁷
457 5429 598 5485 Psal.
632 5447 684 5497 ι..
718 5433 771 5488 5.

1778 5363 1986 5420 Coloss.

453 5547 563 5616 (47)
591 5547 694 5613 Qui
717 5550 853 5603 enim
883 5567 973 5604 nec
1002 5548 1202 5615 dolent,
1232 5559 1339 5605 etc.
1370 5549 1573 5604 Catena
1606 5550 1850 5606 Corderii
1883 5561 1936 5603 et

378 5616 901 5686 alnemanuscriptm
929 5621 1117 5676 Grteca
1148 5621 1310 5675 verba
1360 5620 1590 5675 alterunt
1643 5637 1762 5688 quae
1815 5638 1935 5673 cum

381 5690 481 5746 hoc
532 5689 649 5743 loco
708 5689 934 5745 multum
992 5690 1189 5747 habent
1242 5688 1517 5745 ailinitatis
1564 5706 1577 5745 :
1634 5692 1745 5745 υύκ
1789 5691 1934 5745 ἔστιν

2046 5382 2126 5434 ιιι,

2077 3129 2206 3203 quid
2239 3127 2379 3183 male
2403 3127 2691 3197 gesserint,
2722 3128 2815 3182 sed
2854 3127 2930 3180 ita
2960 3125 3155 3179 vivunt
3183 3122 3339 3193 quasi
3376 3122 3507 3177 nihil
3533 3136 3659 3176 om-

2076 3232 2208 3282 nino
2258 3223 2684 3282 commiserint:
2716 3220 2804 3275 isti
2848 3235 2983 3291 ergo
3010 3233 3116 3272 non
3167 3226 3401 3287 possunt
3443 3216 3653 3282 dicere,

2075 3320 2201 3389 quia
2251 3327 2521 3388 peccatum
2580 3329 2748 3367 meum
2795 3328 2972 3366 coram
3001 3326 3081 3364 me
3130 3319 3207 3364 est
3257 3324 3481 3377 semper.
3518 3305 3654 3363 Cum

2076 3426 2201 3465 vero
2231 3418 2351 3480 post
2379 3409 2579 3462 dictum
2622 3406 2745 3474 quis
2790 3404 3129 3459 consumitur
3162 3410 3220 3456 et
3252 3400 3506 3470 aﬂligitur
3550 3415 3653 3470 pro

2075 3500 2280 3556 delicto
2304 3515 2404 3555 suo
2431 3508 2485 3553 et
2509 3497 2858 3553 conscientiae
2880 3494 3116 3550 stimulis
3143 3495 3401 3565 agitatur,
3430 3492 3651 3547 morde-

2072 3600 2161 3646 tur
2200 3592 2319 3647 sine
2368 3588 2772 3645 iutermissione
2823 3596 2988 3656 atque
3040 3587 3271 3642 occultis
3315 3584 3654 3641 coniutatie-

2072 3687 2235 3741 nibus
2262 3685 2633 3754 impugnatur,
2664 3684 2765 3737 iste
2802 3684 2997 3738 merito
3028 3682 3159 3738 dicit
3192 3698 3206 3734 :
3251 3680 3375 3736 Non
3410 3688 3484 3735 est
3534 3695 3643 3750 pa:

2072 3776 2274 3830 ossibus
2319 3776 2445 3827 meis
2478 3790 2510 3826 a
2542 3773 2678 3842 facie
2699 3783 3031 3841 peccatorum
3073 3785 3326 3826 meorum.
3367 3769 3465 3824 Est
3513 3783 3651 3822 sane

2072 3869 2240 3924 facies
2273 3869 2518 3937 quaedam
2549 3869 2715 3921 etiam
2752 3875 3120 3936 peccatorum,
3147 3874 3222 3933 et,
3257 3873 3316 3918 ut
3364 3865 3437 3919 ita
3490 3865 3645 3919 dixe-

2071 3961 2193 4029 rim,
2226 3960 2376 4015 color
2404 3960 2621 4030 quidam
2653 3966 2711 4012 et
2739 3957 2970 4026 species,
3009 3972 3108 4027 per
3148 3971 3314 4027 quam
3360 3955 3640 4010 recordari

2068 4062 2123 4107 et
2155 4052 2467 4121 recognosci
2512 4048 2686 4104 solent
2716 4063 2778 4103 ea
2823 4063 2942 4117 qua:
2991 4048 3286 4118 aliquando
3336 4048 3632 4103 commissa

2068 4151 2214 4199 sunt.
2245 4146 2380 4198 Cum
2415 4157 2543 4197 vero
2573 4152 2698 4196 ante
2722 4140 2908 4195 oculos
2958 4140 3138 4196 cordis
3178 4140 3347 4195 nostri
3380 4140 3640 4195 statueri-

2067 4250 2188 4289 mus
2236 4244 2455 4303 peccata
2508 4239 2712 4297 nostra,
2762 4241 2817 4286 et
2866 4232 3286 4300 unumquodque
3340 4231 3634 4295 intuentes,

2068 4334 2521 4397 recognoscentes
2562 4323 2932 4381 erubescimus
2988 4322 3228 4393 factique
3286 4324 3637 4392 pmnitemus,

2069 4432 2196 4476 tunc
2222 4421 2529 4475 conturbati
2549 4428 2604 4473 et
2626 4419 2872 4473 exterriti
2898 4418 3090 4472 merito
3121 4416 3355 4471 dicimus
3384 4432 3484 4472 nos
3528 4432 3638 4471 non

2068 4514 2270 4568 habere
2296 4527 2486 4580 pacem
2538 4512 2589 4565 in
2621 4510 2835 4567 ossibus
2889 4511 3092 4565 nostris
3126 4526 3155 4564 a
3188 4508 3327 4565 facie
3378 4520 3636 4579 peccato-

2067 4618 2186 4657 l‘lllll
2212 4612 2547 4658 ηοεινοτιιιη.

2138 4691 2193 4747 4.
2222 4691 2399 4745 Addat
2423 4693 2586 4743 etiam
2616 4690 2729 4744 lucc
2753 4691 2844 4760 qui
2872 4691 3097 4761 pmnitet
3124 4706 3222 4761 pro
3243 4693 3479 4762 peccatis
3500 4693 3633 4758 suis,

2064 4792 2120 4839 et
2144 4782 2286 4837 dicat
2313 4796 2327 4834 :
2363 4780 2500 4845 Quia
2534 4781 2835 4850 iniquitates
2866 4800 2990 4838 mea:
3010 4782 3176 4854 684
3193 4794 3635 4853 superposueruut

2063 4888 2218 4947 caput
2257 4894 2452 4941 meum,
2487 4877 2623 4931 sicut
2666 4894 2798 4931 onus
2840 4893 2998 4944 grave
3032 4885 3265 4947 gravata:
3317 4888 3440 4931 sunt
3476 4893 3635 4944 super

2060 4992 2159 5029 me.
2188 4974 2290 5041 Qui
2315 4974 2458 5028 enim
2486 4989 2588 5029 nec
2620 4973 2803 5027 dolent
2853 4973 2990 5042 (47),
3042 4987 3141 5027 nec
3193 4980 3491 5041 gravantur
3531 4985 3633 5038 pro

2062 5066 2301 5137 peccatis
2335 5066 2469 5133 suis,
2506 5066 2599 5120 sed
2619 5064 2810 5137 securi
2838 5074 2964 5118 sunt
2995 5073 3158 5132 atque
3188 5068 3241 5118 in
3272 5061 3485 5117 deliciis
3512 5060 3632 5114 ﬁui-

2061 5166 2198 5222 tant,
2228 5160 2340 5212 lucc
2393 5158 2576 5211 dicere
2622 5164 3003 5223 nonpossent,
3055 5169 3157 5209 nec
3210 5154 3453 5209 sentiunt
3488 5154 3633 5222 quod

2061 5249 2374 5317 iniquitates
2413 5248 2630 5318 quidem
2663 5261 2773 5301 suae
2810 5256 3165 5312 excrescunt,
3201 5255 3257 5301 et
3291 5245 3435 5299 ultra
3476 5246 3628 5315 capi~

2334 5367 2380 5398 ’⁸
2414 5365 2569 5420 Rom.
2626 5379 2745 5430 vm,
2790 5364 2876 5418 l0.
2980 5364 3028 5396 ⁸⁸
3085 5362 3277 5418 Matth.
3343 5378 3494 5428 xxvr,
3534 5361 3624 5416 41.

2044 5552 2218 5604 εἰπεῖν
2242 5549 2416 5604 ταῦτα
2442 5556 2565 5611 τοὺς
2590 5549 2662 5618 μὴ
2681 5548 2790 5600 τῶν
2822 5546 2966 5600 ἰδίων
2989 5543 3627 5619 ἁμᾳρτημάτῳνᾼᾳξσϐι-

2046 5620 2321 5689 νομένουςο
2359 5620 2504 5682 τινὲς
2534 5616 2663 5689 vos);
2710 5621 2802 5670 καὶ
2850 5616 3220 5689 ἑκκαυχῶξιται
3278 5616 3371 5689 xei.
3403 5616 3622 5689 ἧδηντᾳι

2044 5686 2154 5753 τοῖς
2193 5689 2372 5759 quin?»
2406 5688 2884 5761 πλημμελὴμιςιν,
2922 5688 2995 5752 ὡς
3020 5688 3188 5760 ἡδέως
3229 5686 3396 5742 ταῦτα
3421 5686 3620 5755 ﬁderat-
