1948 3350
35 136 129 166 1381

418 141 572 169 SﬂECTA
589 140 622 169 ΙΝ
640 141 811 172 l’SALMOS.
830 155 863 161 --

34 202 70 224 et
109 202 266 227 steterunt.
283 198 406 234 lntellige
422 201 488 228 milii
515 200 622 228 fidelem
648 201 758 236 quidem
774 201 862 229 homi-

37 251 142 276 nem,
164 244 215 272 sed
233 249 321 272 tamen
348 245 497 279 infirmum,
513 246 558 281 qui
578 246 660 274 etiam
677 247 749 274 vinci
762 247 795 274 ab
811 248 863 276 ati-

34 296 114 323 quo
140 295 263 324 peccato
278 291 377 326 potuit,
394 296 420 319 et
435 296 547 326 propter
559 292 611 319 hoc
633 293 797 328 mugientem
815 301 862 329 pro

36 334 184 362 delictis
208 336 277 368 suis,
303 340 332 362 et
357 336 432 364 omni
458 337 540 364 tnodo
564 345 658 365 curam
673 339 794 366 vulneris
820 339 862 367 sui

39 380 152 416 686
177 383 379 417 sanitatemque
401 383 597 418 requirentem,
622 385 685 412 licet
711 391 863 420 praeventus

42 426 93 454 sit
119 432 152 453 et
174 427 276 462 lapsus.
293 429 429 457 volentem
442 434 533 457 tamen
549 431 682 459 medelam
698 440 728 460 ac.
744 434 861 461 salutem

44 479 216 506 reparare.
242 474 269 501 Si
292 481 357 510 ergo
372 475 524 511 hujusmodi
552 477 634 505 homo
653 486 756 506 metnor
769 480 861 508 delicti

47 517 102 544 sui
134 518 306 547 confiteatur
329 528 388 555 quin
413 523 561 555 commisit,
584 528 611 551 et
634 524 751 552 humana
765 526 859 553 confu-

47 563 147 592 sione
163 566 403 601 parvipendateos
424 569 469 602 qui
494 570 662 604 exprobrant
689 579 751 599 eum
775 573 862 600 couti-

50 613 190 644 tentem,
211 617 239 639 et
261 617 356 640 notant
369 613 410 641 vel
431 615 545 643 irrident
565 625 571 643 :
589 617 634 644 ille
651 623 741 645 autem
758 618 863 646 intelli-

4 654 5 657 “
47 662 133 689 gens
151 664 204 690 per
221 658 273 685 hoc
289 659 399 687 veniam
417 661 468 688 sibi
486 662 556 694 dari,
571 667 599 689 et
615 663 640 690 in
665 664 710 691 die
737 672 862 692 resurrea

51 700 172 729 ctionis
195 711 244 738 pro
261 704 303 731 his
317 706 415 740 quibus
434 714 504 734 nttuc
518 707 692 736 confunditur
705 717 797 737 coram
814 711 862 738 ho-

4 742 7 790 ς
49 746 205 780 minibus,
223 754 286 775 tunc
300 756 363 777 ante
377 751 488 785 angelos
505 751 552 779 Dei
576 753 763 781 confusionem
780 760 861 790 atque

47 794 219 827 opprobria
236 802 394 828 evasurum,
420 802 449 824 ut
474 798 542 825 nolit
566 803 660 834 tegere
679 806 706 827 et
722 802 861 830 occultare

52 838 206 866 maculam
224 847 313 873 suam,
331 842 377 869 sed
394 844 551 876 pronuntiet
567 845 694 872 delictum
707 854 798 880 suum,
809 855 859 876 nec

55 882 133 911 velit
164 891 227 912 esse
254 887 410 921 sepulcrum
438 888 592 917 dcalbatum
607 892 629 924 ’,
656 892 727 926 quod
753 893 859 920 deforis

53 928 179 962 quidem
197 937 325 965 appareat
349 926 505 961 hominibus
527 937 692 970 speciosum,
710 938 735 964 id
760 943 814 971 est,
831 943 859 966 ut

54 974 226 1004 videntibus
252 985 281 1005 se
304 979 382 1013 quasi
409 980 499 1013 justus
514 987 656 1016 appareat,
677 983 749 1011 intus
767 990 858 1012 autem

5 1019 8 1035 ι
56 1020 99 1047 sit
113 1021 238 1056 repletus
248 1025 321 1051 omni
340 1024 508 1053 immunditia
518 1032 544 1055 et
555 1029 663 1056 ossibus
677 1034 858 1057 mortuormn.

5 1064 8 1074 ν

59 1066 92 1093 Si
112 1075 182 1102 ergo
198 1069 234 1096 sit
247 1070 344 1105 aliquis
358 1071 414 1108 (52)
440 1073 476 1099 ita
492 1073 578 1101 fidelis
600 1075 674 1111 ut_si
703 1076 766 1110 quid
794 1084 859 1104 con-

5 1111 8 1128 i
55 1113 142 1141 scius
158 1115 194 1142 sit
209 1115 272 1147 sibi,
292 1119 421 1151 procedat
448 1119 474 1146 in
494 1121 612 1148 medium
632 1126 661 1149 et
683 1122 741 1157 ipse
758 1123 798 1150 sui
811 1130 858 1151 acu

58 1164 183 1187 cusator
206 1161 320 1190 exsistat
338 1171 346 1190 :
367 1163 393 1191 hi
407 1169 497 1192 autem
519 1166 565 1200 qui
582 1165 703 1195 futurmn
723 1168 769 1195 Dei
783 1169 858 1203 judi-

57 1203 137 1231 cium
153 1213 208 1233 non
225 1212 358 1242 metuunt,
380 1209 437 1238 lucc
454 1211 596 1240 audientes
613 1220 675 1240 cum
693 1214 857 1241 inﬁrmanti-

57 1249 116 1276 bus
130 1251 243 1284 quidem
257 1260 310 1280 non
331 1253 513 1288 inlirtncntur,
532 1264 593 1283 cum
607 1258 858 1287 scandalizantihus

59 1302 119 1322 non
135 1301 263 1329 urantur,
284 1305 345 1325 cum
366 1299 450 1334 lapsis
474 1308 526 1328 non
539 1300 661 1336 jaccant,
677 1304 724 1331 sed
740 1304 831 1331 dicant
847 1313 854 1331 :

56 1339 158 1376 Longe
173 1347 200 1370 te
213 1342 257 1370 fac
272 1351 286 1371 a
301 1352 353 1378 me,
372 1352 460 1380 neque
474 1348 588 1375 accedas
599 1348 632 1375 ad
651 1356 705 1381 me,
722 1350 855 1383 quoniam

58 1387 184 1415 mundus
214 1396 293 1423 sum,
323 1394 351 1418 et
375 1390 504 1419 detestari
532 1392 661 1427 incipiant
684 1400 744 1420 eum
775 1401 856 1429 quem

57 1437 128 1461 ante
150 1434 366 1469 admirabantur,
385 1437 462 1464 etab
487 1437 617 1465 amicitiis
640 1439 770 1466 recedant
796 1439 856 1474 ejus

62 1479 109 1510 qui
136 1480 264 1507 delictum
290 1488 368 1509 suum
397 1482 484 1510 noluit
512 1483 653 1511 occultare
677 1493 684 1512 :
711 1492 794 1520 super
812 1486 855 1514 his

883 140 1001 171 llObllL.
1023 142 1044 170 ll
1059 142 1093 171 lN
1109 143 1208 172 l’SAL.
1226 143 1357 172 XXXVII.
1635 147 1704 174 15εέ

877 201 900 230 Δ
916 201 982 228 nihil
1007 201 1091 229 latere
1115 202 1210 234 Deum.
1227 201 1274 229 sed
1297 201 1368 228 nuda
1393 209 1453 230 esse
1466 202 1557 230 omnia
1567 207 1599 230 et
1615 205 1703 231 mani-

915 247 982 274 festa
997 248 1023 274 in
1046 252 1191 282 conspectu
1203 247 1271 281 ejus,
1288 248 1418 283 quidquid
1433 248 1581 281 abscondo,
1594 250 1705 278 occulto

913 292 985 327 quod
1000 294 1085 325 novit,
1098 301 1148 320 cur
1165 300 1217 320 neu
1231 294 1320 328 potius
1333 293 1390 328 ipse
1406 301 1449 321 me
1466 301 1560 330 arguo,
1586 295 1643 329 ipse
1660 303 1703 323 me

914 338 1047 366 confuto?
1064 339 1133 372 Quid
1148 344 1277 374 exspecto
1293 345 1495 373 accusatorem,
1511 348 1571 367 cum
1589 348 1704 368 accusa-

915 387 959 409 tor
974 390 1051 410 tneus
1068 384 1238 411 conscientia
1253 391 1312 411 mea
1328 392 1432 411 mecum
1448 385 1503 411 sit?
1524 384 1569 411 Sic
1585 385 1655 412 forte
1673 391 1704 415 et

914 428 960 456 illc
986 429 1051 456 ntihi
1072 432 1178 463 parcet,
1203 429 1225 456 si
1253 429 1317 456 mihi
1336 430 1393 464 ipse
1413 438 1465 457 non
1486 438 1608 465 parcatn.
1630 432 1702 467 Ergo

913 474 1028 508 proximi
1042 475 1092 501 mei
1109 474 1141 501 de
1159 474 1234 509 longe
1246 479 1384 507 steterunt.
1398 481 1421 502 et
1435 476 1484 502 vim
1505 477 1635 511 faciebam
1655 478 1702 514 qui
1720 491 1724 503 l

914 520 1064 555 quwrebant
1092 521 1209 547 animant
1229 529 1323 548 nteant.
1337 521 1371 547 Et
1388 522 1434 556 qui
1457 523 1608 556 qucrebant
1629 524 1701 552 mala

912 564 978 591 oui/ti
989 564 1071 592 locuti
1083 571 1143 592 sunt
1157 566 1311 593 vanitatem.
1335 565 1396 593 ΙΙωο
1413 567 1511 594 iterum
1530 569 1562 595 de
1585 568 1647 596 aliis
1661 570 1703 597 di-

914 611 961 637 cit.
977 609 1045 636 Sunt
1062 610 1134 637 euim
1149 609 1258 645 quidam
1275 611 1319 645 qui
1340 616 1465 645 quaerunt
1488 612 1558 639 mala
1572 614 1653 646 justo,
1673 618 1701 641 et

914 663 968 683 non
991 655 1031 683 sic
1047 656 1163 690 gaudent
1188 663 1250 682 cum
1267 656 1404 683 audierint
1424 657 1457 683 de
1474 656 1554 684 boni.
1568 658 1629 693 ejus
1647 659 1699 686 ali-

914 700 989 736 quid,
1006 701 1076 727 sicut
1088 700 1261 736 gratulantur
1273 708 1333 727 cum
1352 702 1489 728 audierint
1506 702 1588 734 mala,
1604 710 1630 730 et
1642 704 1700 731 vel-

914 750 944 773 ut
969 746 1098 774 insultant
1122 754 1183 774 cum
1209 748 1237 774 in
1260 746 1338 774 malis
1360 747 1496 781 aliquibus
1517 749 1636 776 viderint
1656 749 1701 783 ju-

913 797 996 820 stum.
1014 793 1046 820 Et
1073 793 1116 820 isti
1135 797 1199 822 sunt
1213 794 1259 828 qui
1284 801 1345 821 cum
1369 794 1486 821 viderint
1498 794 1599 827 justum
1615 795 1701 823 conli—

914 844 1017 867 tentem
1043 846 1155 875 peccata
1180 848 1240 873 sua,
1266 841 1340 868 velut
1357 841 1467 868 noxium
1480 843 1614 876 quoddam
1633 850 1698 871 evo-

913 891 989 921 munt
1006 886 1090 919 virus,
1107 891 1218 921 propter
1246 887 1318 922 quod
1339 887 1405 914 dicit
1421 896 1427 914 :
1444 886 1477 913 Et
1494 888 1544 914 vim
1568 888 1700 922 faciebant

910 933 956 966 qui
977 932 1128 965 qumrebnnt
1150 932 1267 959 animam
1296 940 1392 959 meum.
1423 931 1457 959 Et
1478 933 1523 967 qui
1546 934 1698 968 quitrebont

910 978 981 1004 mala
994 978 1058 1004 mihi
1069 978 1149 1004 locuti
1163 983 1223 1006 sunt
1237 979 1375 1005 vanitates.
1393 978 1424 1006 Et
1449 986 1515 1006 vere
1531 980 1698 1008 manifestis-

909 1024 980 1051 sime
992 1024 1161 1058 pervidetur,
1176 1025 1238 1058 quia
1253 1032 1306 1051 non
1323 1024 1410 1051 solum
1433 1024 1450 1051 ii
1475 1024 1520 1058 qui
1535 1024 1611 1059 justo
1623 1033 1698 1059 qua:-

911 1074 975 1095 runt
999 1068 1082 1100 mala,
1107 1069 1154 1096 sed
1171 1068 1253 1096 etiam
1269 1069 1358 1097 οίιηήε
1378 1068 1424 1103 qui
1453 1069 1605 1105 cuicunque
1627 1070 1696 1097 mala

909 1120 1024 1142 conatur
1044 1115 1156 1149 inferre,
1178 1115 1299 1150 loquitur
1313 1115 1475 1143 vanitatem.
1491 1114 1549 1142 Non
1564 1116 1636 1143 enim
1655 1115 1696 1143 lo-

907 1161 1002 1195 quitur
1014 1168 1046 1188 ea
1070 1168 1131 1195 qua
1157 1161 1306 1189 secundum
1327 1160 1412 1187 Deum
1438 1166 1513 1194 sunt,
1536 1161 1583 1196 qui
1598 1161 1696 1196 quaerit

909 1213 991 1241 agere
1005 1206 1086 1233 mala.
1113 1205 1191 1234 Unde
1216 1210 1323 1241 oportet
1352 1206 1440 1241 magis
1469 1214 1591 1240 quaerere
1614 1207 1695 1234 bona.

910 1251 1019 1278 Utinam
1034 1259 1175 1286 possemus
1195 1252 1277 1279 etiam
1298 1251 1341 1279 his
1365 1252 1410 1286 qui
1427 1252 1544 1279 oderunt
1570 1259 1619 1280 nos
1636 1252 1698 1280 red-

908 1298 973 1325 dere
986 1298 1056 1324 bona
1074 1305 1123 1332 pro
1152 1298 1240 1330 malis,
1257 1302 1285 1325 et
1301 1297 1420 1324 inimicis
1445 1298 1546 1325 nostris
1568 1298 1610 1325 vel
1630 1306 1695 1326 sua-

898 1342 972 1370 dere
983 1350 1043 1376 qua:
1056 1342 1127 1370 bona
1140 1348 1213 1374 sunt,
1228 1342 1270 1369 vel
1286 1347 1380 1377 optare
1397 1343 1500 1370 feroces
1524 1344 1629 1371 animos
1644 1351 1692 1372 eo-

908 1396 968 1416 rum
986 1390 1020 1416 ad
1033 1389 1206 1416 concordiam
1226 1394 1308 1422 atque
1322 1396 1416 1422 pacem
1442 1396 1585 1422 revocare,
1604 1395 1631 1416 ut
1648 1397 1697 1423 per

907 1434 959 1462 hoc
973 1435 1118 1470 eﬁiciamur
1131 1434 1182 1469 ﬁlii
1194 1433 1283 1461 Patri:
1293 1435 1338 1468 qui
1355 1434 1381 1460 in
1400 1434 1471 1462 caelis
1484 1439 1533 1468 ett,
1552 1435 1597 1470 qui
1613 1436 1693 1463 solent

906 1488 983 1509 suum
994 1481 1060 1508 oriri
1071 1480 1145 1515 jubet
1158 1488 1239 1514 super
1250 1480 1332 1507 borwr
1345 1484 1369 1508 et
1384 1480 1480 1513 maior,
1500 1485 1524 1508 et
1536 1481 1603 1516 pluit
1614 1489 1693 1516 super

873 871 897 901 Β

62 1534 131 1561 ergo
145 1534 345 1562 consequenter
370 1529 436 1557 dicit
454 1530 501 1563 qui
522 1531 736 1564 exomologesin,
761 1532 787 1558 id
813 1537 855 1560 est
867 1537 890 1566 ε
902 1526 991 1561 itm“
1005 1532 1029 1554 ει
1046 1527 1161 1561 initum"
1183 1526 1215 1553 ¹¹ι

61 1570 266 1600 confessionem
280 1573 344 1601 facit
358 1583 364 1600 :
380 1574 464 1601 Amici
479 1575 528 1601 mei
540 1581 564 1602 et
579 1576 693 1610 proximi
703 1577 753 1603 mei
763 1577 856 1604 adver-

67 1624 128 1642 sum
150 1625 190 1644 me
203 1619 479 1653 appropinquavenmt
493 1624 516 1646 et
530 1625 670 1653 steterunt,
692 1626 716 1648 et
740 1624 854 1655 proximi

68 1660 120 1687 mei
139 1661 172 1687 de
183 1661 259 1697 longe
270 1667 408 1690 steterunt.
430 1664 484 1691 Sed
498 1665 554 1692 haec
567 1673 620 1692 non
637 1671 744 1700 oportet
758 1667 854 1695 formi-

70 1705 137 1733 dare
152 1714 211 1733 eum
228 1708 273 1741 qui
299 1714 360 1743 post
381 1709 511 1736 delictum
542 1711 642 1738 salvari
661 1712 746 1746 cupit,
767 1721 854 1747 neque

68 1756 160 1779 notam
176 1759 270 1780 eorum
296 1755 503 1789 pertimescere,
522 1756 568 1791 qui
596 1765 643 1784 sua
661 1758 771 1792 quidem
787 1766 852 1791 pec-

69 1802 129 1825 cata
142 1807 195 1826 non
211 1800 343 1834 cogitant,
356 1808 405 1828 nec
424 1809 559 1829 memores
574 1802 723 1837 Scriptura;
736 1808 800 1830 sunt
813 1804 854 1831 di-

69 1845 138 1871 vina:
158 1845 273 1873 dicentis
298 1845 319 1861 “
339 1854 345 1872 :
372 1846 437 1874 Noli
461 1847 642 1882 improperare
666 1849 767 1875 homini
788 1858 853 1876 cott-

69 1891 174 1918 uertenti
190 1899 217 1918 se
231 1899 246 1917 a
255 1896 371 1925 peccato,
387 1892 432 1919 sed
445 1900 545 1920 memor
555 1898 609 1920 esto
621 1895 745 1928 quoniam
760 1904 850 1923 omnes

69 1944 156 1964 tumul
174 1937 200 1964 in
218 1937 311 1973 culpis.
329 1937 388 1965 Non
404 1946 470 1973 ergo
494 1940 594 1973 Cogitet
617 1939 650 1967 de
666 1939 775 1974 talibus,
803 1941 851 1968 sed

70 1982 166 2017 cogitet
191 1983 224 2010 de
248 1984 338 2010 anima
357 1991 416 2015 sua.
441 1991 558 2011 exorans
575 1985 670 2017 Deum.
696 1991 724 2013 ut
740 1987 773 2014 ab
792 1987 850 2022 ipso

71 2030 225 2056 exaudiatur
248 2034 274 2056 et
296 2029 454 2057 sublevetur
482 2035 541 2065 post
573 2039 666 2059 casum
699 2040 789 2065 suum,
817 2039 849 2061 ut

71 2075 152 2109 possit
173 2076 254 2103 etiam
267 2075 358 2103 dicere
372 2084 432 2111 qum
448 2081 598 2111 sequuntur
618 2085 625 2104 :
641 2077 773 2110 Quoniam
796 2079 849 2106 ini-

71 2120 188 2153 quitatem
202 2129 285 2147 meam
297 2129 343 2156 ego
358 2122 546 2155 pronuntiabo,
558 2127 581 2148 et
596 2123 717 2157 cogitabo
729 2132 776 2157 pro
790 2133 849 2158 pec-

72 2169 126 2191 cato
142 2173 204 2191 mea.
220 2164 294 2192 Licet
310 2166 389 2193 amici
406 2167 458 2194 mei
479 2171 506 2194 et
518 2168 634 2201 proximi
649 2168 700 2195 mei
718 2169 847 2197 contrarii

940 1572 968 1599 2.
987 1572 1038 1604 Qui
1054 1579 1119 1607 ergo
1132 1570 1282 1606 quarebant
1313 1570 1387 1597 mala
1400 1571 1463 1596 mihi
1477 1570 1559 1598 locuti
1572 1577 1631 1598 sunt
1646 1581 1693 1599 t‘lt-

906 1620 1013 1650 nitates,
1029 1623 1053 1644 et
1068 1617 1160 1644 dolum
1183 1620 1239 1642 tota
1254 1616 1296 1643 die
1321 1616 1528 1643 meditabantur.
1542 1616 1609 1644 Vide
1625 1618 1692 1644 insi-

907 1665 1039 1692 diatorem
1055 1662 1131 1697 justi.
1151 1661 1210 1689 Jam
1225 1663 1297 1689 enim
1318 1661 1421 1696 justum
1444 1670 1512 1689 voco
1524 1671 1586 1690 eum
1603 1664 1648 1698 qui
1663 1662 1692 1691 in

905 1710 998 1743 primis
1018 1709 1062 1735 sui
1087 1709 1141 1743 ipre
1174 1713 1314 1735 accusator
1343 1707 1476 1740 ellieitur,
1502 1708 1571 1736 sicut
1602 1716 1693 1737 sermo

906 1755 1054 1790 Scriptura
1065 1754 1191 1788 designat
1202 1754 1234 1780 ¹².
1250 1752 1315 1780 Nam
1330 1757 1360 1780 ut
1374 1753 1446 1780 illurn
1459 1754 1612 1788 sapientem
1626 1755 1692 1782 dicit

905 1799 1045 1835 Scriptura
1056 1820 1063 1832 ,
1078 1800 1124 1834 qui
1147 1807 1208 1827 cum
1225 1799 1358 1834 arguitur,
1373 1806 1425 1827 non
1448 1799 1504 1827 odit
1520 1804 1691 1835 arguentem,

903 1848 950 1876 sed
977 1848 1087 1881 insuper
1108 1845 1196 1880 diligit
1212 1852 1273 1872 eum
1289 1853 1296 1871 :
1311 1847 1352 1872 ste
1374 1849 1402 1872 et
1417 1845 1508 1879 justus
1526 1846 1627 1873 dicitur
1643 1847 1688 1881 qui

904 1898 963 1929 post
977 1893 1105 1921 delictum
1121 1899 1173 1919 non
1190 1896 1334 1926 permanet
1355 1891 1382 1919 iu
1395 1892 1514 1924 delictis,
1529 1900 1578 1920 nec
1591 1900 1691 1927 exspe-

903 1945 958 1968 ctat
975 1939 1110 1966 diabolum
1135 1937 1193 1965 lieri
1212 1942 1400 1966 accusatorem
1428 1945 1519 1971 suum,
1547 1946 1635 1972 neqtte
1659 1943 1690 1966 ut

903 1987 946 2014 ille
958 1986 1079 2021 proferat
1094 1985 1120 2012 in
1135 1984 1254 2012 medium
1271 1988 1383 2018 peccata
1400 1983 1496 2018 ipsius,
1517 1985 1565 2013 sed
1583 1985 1642 2020 ipse
1659 1992 1689 2012 se

902 2033 991 2067 arguit
1012 2035 1039 2058 et
1055 2029 1201 2061 convincit,
1216 2034 1243 2056 et
1264 2036 1316 2064 per
1337 2030 1537 2058 confessionem
1553 2038 1629 2057 suain
1655 2031 1689 2057 li-

901 2079 1014 2104 beratur
1030 2084 1045 2103 a
1061 2081 1159 2104 morte.
1182 2075 1235 2108 Qui
1262 2075 1334 2102 enim
1356 2076 1510 2110 quatiebant
1532 2075 1603 2103 mata
1624 2076 1688 2102 mihi

900 2123 984 2151 locuti
997 2127 1058 2149 sunt
1074 2122 1229 2155 vanitatem,
1243 2126 1267 2148 et
1287 2121 1377 2148 dolum
1393 2127 1447 2148 Iota
1462 2122 1504 2148 die
1522 2122 1688 2149 meditaban-

901 2175 954 2196 tur.
982 2169 1037 2204 Ego
1060 2173 1147 2195 autent
1163 2168 1232 2194 velut
1254 2167 1354 2195 surdus
1379 2175 1429 2193 non
1447 2168 1597 2195 audiebam.
1613 2167 1686 2194 Niltil

72 2210 132 2241 sint,
147 2215 172 2241 et
185 2211 326 2245 propinqui
345 2212 396 2238 mei
417 2211 496 2246 longe
520 2219 550 2240 se
566 2212 670 2240 faciant
684 2221 698 2240 a
712 2221 766 2247 me,
782 2215 846 2242 dum
861 2215 886 2246 D
902 2217 953 2244 hac
969 2215 1069 2242 virtute
1095 2213 1264 2248 praeclarius,
1282 2212 1349 2240 nihil
1363 2212 1543 2240 excellentius
1570 2213 1685 2240 inveniri

72 2261 118 2289 ego
134 2255 187 2289 ipse
214 2255 265 2283 mei
287 2261 429 2284 accusator
451 2256 563 2290 eﬂicior,
578 2258 640 2285 dum
656 2259 770 2286 crimina
787 2268 846 2288 mea

74 2300 140 2327 nullo
155 2308 196 2328 tne
207 2307 336 2336 urguente
352 2302 495 2337 confiteor,
509 2304 572 2331 dum
587 2304 648 2332 nolo
661 2305 763 2333 itnitari
787 2313 845 2340 eos,

74 2346 115 2378 Qui
135 2348 212 2376 etiam
234 2356 294 2376 cum
311 2348 336 2376 in
361 2349 473 2384 judiciis
498 2354 660 2384 arguantur,
678 2355 706 2378 et
730 2353 846 2381 testibus

75 2397 268 2428 convincautur,
284 2399 310 2422 et
323 2395 470 2422 tortoribus
479 2395 559 2422 etiam
577 2401 736 2430 arguantur,
752 2402 846 2433 tegunt

76 2449 155 2471 tamen
170 2443 238 2470 mala
253 2450 312 2475 sua,
331 2446 359 2470 et
370 2442 430 2477 plus
445 2442 514 2476 apud
527 2449 574 2469 eos
585 2442 691 2470 obtinet
705 2446 844 2473 commissi

76 2489 152 2523 pudor
165 2496 242 2524 quam
263 2488 410 2517 cruciantis
428 2494 519 2523 poma.
549 2487 606 2522 Ego
623 2495 687 2516 vero
715 2491 760 2523 qui
786 2491 845 2518 scio

106 2560 116 2576 υ
137 2556 225 2585 Matth.
250 2557 382 2586 “111.27.
422 2557 443 2573 ¹⁰
460 2556 542 2585 Eccli.
562 2565 622 2589 vui,
635 2556 661 2584 6.

90 2644 96 2647 —
108 2626 156 2668 (52}
170 2626 196 2655 Si
214 2635 274 2668 ergo
288 2628 447 2668 ait_ah’quis,
464 2633 518 2668 etc.
536 2627 644 2668 gitana:
663 2627 765 2668 timete
780 2635 839 2668 rna-

79 2660 204 2696 tuiscriptre
219 2670 225 2687 :
242 2660 308 2698 Εἶτᾳ
323 2662 453 2698 διηγεῖται
469 2664 501 2689 ὲκ
524 2663 573 2698 τῆς
595 2661 766 2698 εὐγνώμονος
781 2661 841 2698 ἐξο-

80 2697 342 2733 μολογήσεωςῗὸνείδηο
357 2696 365 2722 ἆ
377 2698 523 2733 Μονονουχί
537 2696 583 2733 μοι
598 2698 651 2733 τῶν
661 2696 744 2733 πάλαξ
756 2697 841 2730 φίλων

78 2731 208 2768 ᾉεγόντών·
223 2731 382 2768 Πόρρωἆπ¹
400 2733 477 2768 ἐμοῦ,
495 2731 659 2768 μὴ’ὲγγίσῃς
673 2731 773 2768 μοξβτι
791 2740 842 2758 κα.-

80 2766 147 2803 θαρρς
155 2769 215 2803 ειμι.
229 2776 238 2792 ›
247 2766 355 2794 Ὶίοῦτων
364 2766 579 2803 κατάφροιὶηὲέον
587 2766 752 2803 abiuneta);
762 2775 844 2801 μετα-

79 2801 165 2844 γοὸῦντι
223 2801 494 2844 πειθαρχῑξύγτωνὲᾦ.
501 2803 550 2836 Μὴ
559 2801 844 2844 ὀνείδιζεέίνθριμπον

80 2836 286 2872 ἀποστρέφοντα
295 2836 354 2865 diu)
362 2836 515 2873 ἀμαρτίὶις·
521 2837 670 2873 μνήσθητι
679 2836 722 2863 ὅτι
732 2836 845 2869 πάντες

702 2557 722 2572 ¹¹
739 2556 834 2585 Matth.
849 2567 875 2591 \',
892 2558 937 2586 45.

901 2265 998 2295 potest,
1025 2263 1055 2287 ut
1084 2259 1198 2286 audiens
1223 2258 1411 2292 unosquisque
1440 2256 1586 2284 maledicos
1604 2264 1685 2291 atque

900 2309 1100 2334 obtrectatores
1115 2312 1179 2332 suos
1201 2303 1272 2330 male
1288 2303 1373 2337 loqui,
1387 2310 1511 2337 carpere.
1531 2303 1686 2333 detrahere.

901 2354 1037 2384 incusare,
1059 2351 1116 2386 ipse
1133 2355 1239 2377 avertat
1253 2357 1345 2376 aurem
1362 2355 1437 2375 suam
1454 2347 1530 2381 quasi
1558 2355 1609 2373 non
1638 2355 1687 2372 an-

901 2399 987 2431 diens,
1004 2402 1032 2425 et
1059 2396 1179 2424 declinet
1195 2395 1304 2423 oculum
1329 2401 1408 2421 suum
1432 2398 1558 2426 tanquam
1575 2399 1627 2417 non
1645 2395 1687 2417 vi-

900 2446 985 2475 dens,
1012 2450 1047 2470 ne
1077 2441 1217 2469 iracundia
1242 2444 1422 2474 exasperetur
1448 2443 1475 2464 et
1501 2436 1623 2471 prosiliat
1649 2437 1683 2463 ad

898 2489 1058 2521 vindictam,
1085 2495 1118 2515 ne
1142 2490 1247 2520 quatrat
1259 2485 1367 2512 oculum
1384 2491 1433 2519 pro
1448 2482 1538 2516 oculo,
1553 2490 1603 2510 nec
1622 2489 1684 2508 ver-

977 2556 997 2571 "
1011 2554 1088 2581 Prov.
1106 2559 1181 2583 xvtn,
1199 2550 1241 2577 l7.

888 2626 983 2657 ἐσμὲν
1002 2626 1037 2652 ἐν
1060 2623 1210 2657 ἐπιθυμίᾳ.
1232 2621 1302 2657 ’ᾼ).λ⁹
1326 2621 1400 2655 ὅμως
1423 2619 1469 2646 καὶ
1498 2619 1679 2657 ἐκβιάζονται]

889 2654 1021 2692 Πολλάκις
1040 2660 1094 2694 γὰρ
1118 2654 1165 2694 ita":
1186 2654 1375 2694 {inﬁnitio-esu
1385 2657 1441 2686 τοῖς
1468 2654 1612 2694 τοιούτοις..
1635 2655 1681 2694 ita).

890 2696 1000 2733 ζητᾳῦσι
1012 2690 1085 2733 ὶεᾷκᾶ
1100 2692 1139 2733 τῷ
1154 2691 1265 2733 δικαίῳἰ
1277 2691 1325 2733 οὐχ
1348 2690 1418 2733 οὲταξ
1439 2690 1581 2732 χςίροντες
1593 2691 1632 2733 ἐν,
1641 2690 1680 2725 τῷ

891 2725 998 2760 ἆέούειν
1019 2729 1052 2755 τὰ
1072 2725 1188 2762 κρεῖττω
1207 2727 1269 2762 περὶ
1294 2725 1386 2762 αὐτῷ,
1404 2725 1441 2757 ὡς
1458 2725 1521 2751 ὅταν
1544 2726 1681 2762 ἐι-χεῖρον

890 2766 1051 2793 ἀκούσωσιν.
1076 2759 1130 2788 Καὶ
1144 2759 1251 2796 λέγουσὶ
1279 2759 1679 2796 ματαιῇταςηχαταλὲγογὲες

891 2801 937 2834 τοῦ
949 2794 1185 2835 καῖηχορήσαντοέ
1201 2794 1306 2835 ξυιυςρῇ
1321 2796 1358 2835 (tia
1373 2795 1427 2835 γὰρ
1443 2794 1678 2835 ξξηῖασμὲνςιλα-

892 2830 933 2861 ita?
948 2836 962 2861 ὸ
976 2829 1066 2870 mihi
1081 2829 1135 2860 ξινι
1147 2831 1231 2865 κακὰ,
1248 2831 1304 2858 ἀλλ’
1319 2832 1334 2857 ὁ
1345 2832 1424 2857 παντὶ
1440 2830 1528 2865 ζὴτῶν
1543 2829 1642 2864 ἀγαθά.
