4120 6212
423 263 560 319 1585

1024 265 1330 323 SELECTA
1373 266 1433 321 IN
1469 267 1810 323 PSALMOS.
1854 298 1919 306 --
1960 267 2190 322 HOMIL.
2232 268 2269 321 ll
2313 268 2375 323 IN
2410 268 2603 324 PSAL.
2647 270 2911 326 XXXVII.

3523 276 3658 330 L386

420 402 537 437 rutn
569 400 686 454 qua)
717 387 893 450 docet,
926 384 1056 456 agit.
1099 386 1190 440 lsli
1220 403 1349 456 ergo
1378 388 1484 441 tale
1513 388 1638 455 quid
1673 389 1855 441 dicant
1891 400 1982 441 ne-
2012 388 2057 442 Α
2155 387 2206 439 6.
2238 385 2497 450 Quoniam
2523 387 2846 456 iniquitatem
2872 406 3037 442 nteant
3060 393 3364 457 pronuntio.
3408 392 3655 447 Pronun-

419 491 569 532 cesse
594 488 678 532 est
716 493 730 532 :
784 478 920 531 Dum
967 488 1354 532 commoventur
1402 480 1553 546 pedes
1601 481 1700 531 mei
1726 496 1881 547 super
1908 494 1986 531 me

420 583 607 634 magna
632 569 791 621 locuti
824 578 966 624 sunt.
997 569 1155 622 Alius
1177 579 1354 623 autem
1387 570 1486 624 hoc
1512 569 1702 623 melior
1726 579 1983 637 quantum

418 660 482 712 ad
510 675 772 726 personas
822 661 1055 728 pertinet
1086 677 1206 729 qua:
1255 662 1584 715 inducuntur
1630 678 1656 712 a
1690 662 1982 729 prepltetis,

421 750 506 804 vel
540 752 671 818 ipsae
703 751 807 804 sibi
856 761 1265 818 comparantur,
1301 750 1427 805 illud
1474 751 1607 804 dicit
1630 751 1672 782 ¹³
1704 771 1717 805 :
1751 751 1856 803 Mei
1889 768 1987 804 au-

419 853 519 895 tem
564 840 724 909 paulo
774 843 947 895 minus
995 844 1125 895 moti
1174 852 1294 896 sunt
1347 846 1522 909 pedes.
1588 843 1736 897 lllitts
1769 844 1983 910 quidem

420 933 549 984 moli
590 942 712 985 sunt
736 932 917 1002 pedes,
958 933 1060 986 mei
1082 944 1259 985 autem
1290 936 1451 999 paulo
1484 934 1660 987 minus
1682 934 1812 989 meti
1838 943 1981 989 sunt.

420 1022 694 1077 Fortassis
727 1031 906 1076 autem
937 1022 1006 1075 sit
1054 1022 1191 1075 alius
1225 1022 1444 1089 aliquis,
1485 1023 1635 1092 cujus
1670 1038 1768 1077 nec
1794 1038 1982 1091 parum

417 1113 654 1181 quidem,
709 1127 808 1167 nec
838 1111 1000 1180 paulo
1036 1111 1217 1164 minus
1267 1113 1396 1166 moli
1436 1124 1562 1166 sunt
1610 1114 1791 1181 pedes,
1843 1113 1985 1166 illius

418 1204 614 1270 opinor
657 1204 749 1272 qui
807 1204 940 1257 dicit
966 1204 1006 1235 ‘9
1060 1219 1075 1256 :
1123 1202 1325 1258 Statuit
1377 1220 1531 1270 super
1580 1213 1779 1272 petram
1829 1205 1982 1272 pedes

416 1308 576 1346 meos.
614 1292 704 1346 Ille
734 1293 864 1345 nihil
892 1308 1115 1360 prorsus
1146 1294 1212 1348 de
1242 1295 1602 1348 commotione
1631 1296 1823 1362 pedum
1859 1310 1984 1350 suo-

417 1398 562 1445 rum,
592 1384 683 1436 sed
714 1384 779 1437 de
827 1383 1121 1437 stabilitate
1163 1392 1415 1438 testatur.
1460 1384 1606 1438 Beati
1640 1400 1767 1453 ergo
1797 1400 1983 1441 sumus

415 1471 459 1525 si
495 1472 638 1525 nulla
671 1474 894 1527 omnino
923 1475 1215 1529 commotio
1244 1475 1295 1527 in
1329 1477 1527 1529 nostris
1560 1476 1787 1542 pedibus
1818 1492 1980 1531 accn-

414 1570 588 1624 salur,
630 1563 723 1616 sed
752 1564 1067 1632 suntsss
1097 1573 1306 1618 stantes
1343 1579 1507 1633 super
1538 1575 1768 1634 petram,
1802 1567 1850 1620 id
1879 1577 1979 1631 est,

414 1666 579 1719 super
628 1652 799 1719 ipsum
834 1653 1118 1707 Dominum
1154 1654 1337 1709 Jesum
1384 1656 1684 1710 Christum.
1744 1656 1896 1722 Quod
1935 1658 1978 1712 si

416 1743 487 1796 ita
519 1744 739 1799 stabiles
770 1759 890 1798 esse
926 1761 1027 1799 non
1063 1761 1380 1814 possumus,
1427 1751 1699 1804 secundus
1725 1764 1828 1804 nos
1879 1752 1980 1805 iste

415 1832 603 1886 saltem
638 1846 693 1886 et
739 1834 964 1889 inferior
1013 1837 1273 1906 suscipiat
1327 1839 1548 1906 gradus,
1598 1848 1657 1893 ut
1686 1840 1767 1894 vel
1815 1840 1978 1910 paulo

418 1923 596 1977 minus
632 1936 952 1978 moveantur
974 1941 1193 1995 gressus
1221 1928 1413 1982 nostri.

482 2012 537 2065 5.
569 2013 830 2077 Quoniam
874 2031 965 2083 ego
1017 2016 1069 2068 in
1096 2016 1305 2085 ﬂagella
1340 2027 1559 2085 paratus
1607 2035 1745 2073 sum.
1806 2020 1975 2074 Etiam

416 2103 528 2156 haec
557 2119 657 2156 vox
689 2105 812 2157 boni
856 2112 910 2159 et
942 2106 1153 2175 optimi,
1188 2117 1244 2160 ut
1280 2109 1350 2161 ita
1382 2109 1633 2174 dixerim,
1678 2111 1977 2179 peccatoris

413 2202 515 2256 est,
545 2194 632 2260 qui
667 2193 953 2262 deliquerit
974 2197 1215 2263 quidem,
1251 2208 1523 2266 exspectet
1542 2207 1719 2253 tamen
1750 2201 1973 2256 delicto-

416 2298 531 2334 rum
587 2280 825 2351 ﬂagella,
890 2284 1085 2351 quibus
1144 2286 1196 2338 in
1254 2288 1503 2355 prseseuti
1575 2297 1725 2356 optet
1792 2303 1978 2343 einen.

413 2372 550 2437 dari,
580 2390 646 2427 ne
672 2376 930 2443 puniatur
957 2384 1010 2429 et
1040 2385 1225 2443 pereat
1277 2377 1329 2429 in
1365 2376 1565 2432 futuro.
1605 2377 1850 2450 Propone
1881 2383 1972 2437 tibi

414 2473 539 2519 ante
589 2465 777 2518 oculos
824 2474 1166 2534 peecatorem
1208 2465 1476 2521 dicentem
1521 2470 1586 2521 ad
1639 2468 1922 2526 Dominum
1958 2494 1971 2527 :

408 2555 522 2626 Ego
553 2558 804 2625 quoniam
832 2560 1071 2627 peccavi,
1100 2559 1211 2629 jam
1258 2576 1401 2615 nunc
1431 2562 1482 2615 in
1519 2561 1722 2633 ﬂagella
1754 2577 1976 2635 paratus

412 2662 552 2711 sum,
592 2646 697 2701 noli
728 2663 813 2702 me
842 2663 1121 2704 reservare
1154 2649 1261 2718 igni
1290 2659 1513 2719 :eterno,
1549 2653 1654 2707 noli
1684 2669 1768 2709 me
1800 2669 1974 2712 reser-

411 2749 538 2788 vare
589 2737 949 2791 exterioribus
976 2738 1232 2793 tenebris.
1295 2738 1429 2793 Dum
1459 2740 1509 2793 in
1556 2742 1657 2796 hac
1684 2743 1791 2797 vita
1827 2759 1969 2813 sum,

411 2825 573 2879 redde
609 2828 737 2881 mihi
766 2839 986 2898 peccata
1018 2845 1156 2892 mea,
1199 2830 1454 2899 quoniam
1487 2830 1723 2900 ﬂagellas
1757 2849 1971 2889 omnem

410 2912 573 2967 lilium
622 2931 780 2985 quem
830 2917 1047 2986 recipis.
1084 2917 1193 2973 Oro
1242 2926 1316 2983 te,
1357 2917 1565 2988 ﬂagella
1599 2935 1683 2975 me
1730 2937 1967 2994 quoque,

406 3016 459 3061 et
490 3008 597 3060 noli
628 3022 714 3062 me
743 3022 1029 3063 reservare
1060 3024 1181 3063 cum
1220 3009 1302 3063 bis
1330 3010 1418 3078 qui
1464 3025 1567 3064 non
1613 3010 1966 3082 ﬂagellantnr,
1996 3041 2038 3098 ρ

408 3101 497 3166 qui
526 3101 579 3151 in
611 3100 875 3153 laboribus
905 3100 1170 3153 hominum
1198 3116 1300 3154 non
1328 3110 1471 3165 sunt,
1507 3112 1556 3157 et
1594 3120 1711 3156 cum
1739 3106 1967 3159 homini-

407 3186 501 3237 bus
530 3203 632 3239 non
677 3187 1087 3256 ﬂagellabuntur
1112 3189 1180 3250 ’⁸,
1235 3189 1287 3243 id
1322 3199 1425 3251 est,
1456 3191 1546 3257 qui
1576 3194 1791 3259 penitus
1813 3193 1971 3247 dere-

406 3275 720 3342 linquuntur
752 3292 780 3328 a
813 3286 882 3338 te,
916 3292 1142 3345 quorum
1191 3279 1618 3332 emendationem
1671 3283 1971 3350 correptio-

407 3378 638 3433 nemque
671 3380 773 3418 non
804 3368 1021 3434 quaeris.
1064 3367 1254 3420 Sciens
1300 3383 1431 3437 ergo
1460 3383 1580 3438 quae
1619 3370 1690 3424 sit
1719 3370 1971 3425 diﬂ‘eren-

409 3455 482 3507 tia
519 3469 642 3507 cum
678 3454 979 3523 ﬂagellatur
1003 3465 1256 3523 peeoator
1288 3458 1354 3510 ab
1385 3472 1449 3512 eo
1477 3459 1566 3527 qui
1592 3460 1826 3528 ﬂagellat
1854 3478 1968 3515 om-

413 3561 525 3597 nem
568 3545 741 3613 ﬁlium
789 3562 939 3616 quem
995 3548 1172 3615 recipit
1203 3550 1268 3613 “,
1304 3558 1357 3603 et
1408 3567 1531 3619 qua:
1557 3553 1630 3607 sit
1659 3553 1967 3610 differentia

403 3636 523 3703 ejus
549 3637 636 3705 qui
682 3637 876 3704 dignus
908 3652 1009 3691 non
1039 3638 1265 3692 habetur
1295 3638 1534 3708 ﬂagellis,
1577 3643 1651 3696 ait
1681 3645 1749 3698 ad
1780 3644 1965 3698 Domi-

406 3744 531 3781 num
563 3746 576 3781 :
613 3728 719 3796 Ego
743 3729 795 3781 in
832 3728 1035 3796 ﬂagella
1068 3741 1288 3798 paratus
1315 3746 1458 3797 sum,
1494 3733 1547 3787 id
1577 3744 1681 3800 est,
1710 3738 1755 3790 si
1784 3737 1967 3791 volue-

406 3819 481 3871 ris
510 3821 871 3888 superducere
902 3820 1190 3888 languores
1225 3820 1278 3873 in
1323 3837 1427 3886 me,
1481 3825 1695 3880 mittere
1743 3827 1965 3897 mgritu-

402 3909 578 3972 dines,
616 3909 966 3963 tolerabiliter
1017 3908 1184 3962 feram
1233 3928 1245 3963 :
1285 3912 1401 3966 scio
1446 3914 1571 3981 quia
1626 3917 1819 3985 dignus
1846 3932 1963 3971 sum

406 4012 461 4055 ιιι
490 4016 594 4055 non
625 4001 795 4054 solum
823 4015 918 4069 per
961 4000 1313 4069 :cgritndines
1352 4014 1573 4070 peccata
1605 4022 1719 4059 mea
1745 4008 1964 4062 solvan-

402 4100 510 4158 tur,
563 4092 656 4145 sed
704 4106 801 4161 per
844 4105 1035 4144 omnes
1082 4090 1398 4147 aﬂlicliones
1442 4097 1660 4165 purgari
1692 4099 1960 4165 desidero,

403 4192 609 4236 tantum
644 4192 701 4236 ut
734 4184 953 4238 aeternis
982 4183 1158 4250 poenis
1189 4192 1243 4237 et
1289 4186 1624 4241 cruciatibus
1650 4203 1756 4243 non
1788 4205 1963 4245 reser-

404 4286 519 4325 ver.
562 4272 620 4325 Si
670 4272 846 4338 placet
892 4271 1092 4325 inferre
1124 4272 1338 4337 damna,
1383 4276 1658 4342 sustineo;
1710 4280 1753 4332 si
1784 4280 1962 4348 placet

2095 475 2371 529 tiationem
2410 477 2733 547 iniquitatis,
2792 480 2843 533 id
2873 490 2953 533 est
2995 482 3388 537 confessionem
3422 487 3653 554 peccati,

2089 565 2429 633 frequentius
2480 566 2737 621 diximus.
2798 567 2930 622 Vide
2980 584 3107 637 ergo
3155 572 3281 639 quid
3317 576 3507 627 edocet
3554 591 3656 629 nos

2088 652 2371 721 Scriptura
2399 653 2600 713 divina.
2629 654 2752 723 quia
2781 664 2992 724 Oportet
3039 668 3312 725 peceatum
3341 675 3443 712 non
3476 666 3655 715 celare

2087 745 2436 799 intrinsecus.
2478 745 2755 799 Fortassis
2785 747 2927 799 enim
2963 747 3103 801 sient
3149 748 3183 800 ii
3220 750 3307 817 qui
3341 749 3537 804 habent
3571 751 3652 804 in-

2090 845 2173 889 tus
2223 834 2483 888 inclusam
2533 850 2713 890 escam
2760 836 3107 905 indigestam,
3160 850 3253 892 aut
3298 840 3537 894 humoris
3572 842 3652 894 vel

2086 924 2408 993 phlegmatis
2440 926 2721 980 stomacho
2748 927 2989 996 graviter
3010 938 3062 982 et
3089 930 3311 984 moleste
3350 931 3641 985 immanen-

2088 1016 2155 1069 tis
2204 1016 2616 1080 abundantiam,
2668 1016 2715 1071 si
2767 1019 3093 1083 vomuerint,
3149 1020 3454 1074 relevantur
3512 1043 3523 1075 :
3575 1023 3646 1077 ita

2084 1106 2245 1160 etiam
2281 1107 2334 1160 bi
2370 1108 2459 1174 qui
2509 1118 2892 1175 peccaverunt,
2946 1109 2990 1162 si
3027 1110 3242 1177 quidem
3270 1111 3544 1165 occultant
3596 1122 3648 1166 et

2085 1198 2317 1251 retinent
2349 1198 2487 1250 intra
2536 1213 2594 1252 se
2630 1208 2933 1267 peccatum,
2987 1200 3316 1255 intrinsecus
3366 1212 3645 1272 urgentur,

2081 1299 2133 1342 et
2169 1288 2558 1357 propemodum
2609 1290 2947 1345 sntfocantur
2994 1306 3023 1345 a
3071 1293 3397 1362 phlegmate,
3431 1295 3513 1348 vel
3548 1296 3646 1348 hn-

2084 1392 2233 1431 more
2286 1380 2517 1449 peccati.
2581 1378 2639 1433 Si
2686 1389 2868 1434 autem
2922 1382 3036 1448 ipse
3087 1383 3167 1435 sui
3216 1393 3499 1438 accusator
3532 1384 3642 1451 ﬂat,

2083 1471 2211 1524 dum
2244 1480 2467 1525 accusat
2507 1472 2856 1541 semetipsum
2906 1482 2961 1526 et
2995 1474 3301 1539 conﬁtetur,
3338 1476 3492 1529 simul
3521 1490 3647 1531 evo-

2084 1562 2180 1613 mit
2213 1568 2267 1614 et
2296 1562 2573 1626 delictum,
2626 1572 2789 1630 atque
2834 1578 3050 1618 omnem
3080 1564 3249 1620 morbi
3286 1568 3480 1635 digerit
3514 1582 3643 1621 cau-

2083 1667 2217 1706 sam.
2261 1653 2658 1708 Tantummodo
2684 1656 3047 1724 circumspice
3075 1656 3404 1727 diligcntins,
3435 1661 3519 1713 cui
3556 1662 3647 1714 de-

2010 1724 2052 1777 Β
2082 1744 2209 1797 beas
2235 1745 2479 1798 contiteri
2519 1755 2799 1814 peccatum
2851 1755 3023 1800 tuum.
3084 1724 3255 1802 Proba
3290 1750 3439 1818 prius
3478 1752 3646 1804 medi~

2078 1849 2222 1899 cum,
2251 1836 2337 1887 cui
2376 1834 2574 1889 debeas
2622 1851 2841 1890 causam
2895 1837 3169 1907 languoris
3215 1853 3505 1908 exponere,
3551 1842 3642 1910 qtti

2078 1927 2214 1979 sciat
2264 1926 2526 1980 inﬁrmari
2578 1942 2700 1981 cum
2752 1927 3079 1992 inﬂrmante,
3130 1928 3257 1985 ﬂere
3291 1947 3411 1985 cum
3462 1932 3643 1998 ﬂente,

2078 2017 2168 2085 qui
2203 2017 2525 2071 condolendi
2549 2026 2603 2071 et
2630 2019 2991 2087 compatiendi
3023 2022 3239 2074 noverit
3268 2022 3641 2090 disciplinain:

2080 2116 2135 2159 ut
2166 2107 2241 2159 ila
2277 2107 2488 2161 demum
2540 2108 2584 2162 si
2618 2108 2746 2178 quid
2797 2109 2888 2164 ille
2916 2110 3138 2175 dixerit,
3188 2112 3280 2180 qui
3317 2126 3376 2166 se
3414 2114 3561 2181 prius
3588 2124 3643 2166 et

2078 2199 2344 2252 eruditum
2380 2198 2646 2253 medicum
2696 2200 2988 2255 ostenderit
3028 2211 3082 2256 et.
3113 2201 3543 2265 misericordem,
3594 2204 3640 2257 si

2077 2289 2205 2358 quid
2236 2288 2446 2343 consilii
2477 2289 2702 2355 dederit,
2740 2290 2926 2354 facias,
2975 2302 3029 2345 et
3058 2293 3322 2361 sequaris,
3353 2295 3395 2346 si
3428 2292 3641 2347 intelle-

2078 2378 2218 2431 xerit
2265 2385 2321 2432 et
2375 2377 2681 2445 praeviderit
2739 2378 2898 2432 talem
2946 2394 3066 2434 esse
3123 2378 3437 2450 languorem
3487 2387 3637 2433 tuum

2078 2468 2165 2536 qui
2199 2468 2251 2521 in
2282 2478 2548 2522 conventu
2600 2469 2763 2523 totius
2794 2469 3049 2525 Ecclesiae
3099 2471 3293 2539 exponi
3342 2470 3532 2524 debeat
3583 2482 3639 2525 et

2076 2559 2276 2621 curari,
2305 2574 2369 2612 ex
2402 2574 2508 2628 quo
2535 2558 2779 2613 fortassis
2803 2569 2857 2613 et
2879 2560 3060 2613 caeteri
3087 2560 3340 2614 :edilicari
3365 2570 3638 2628 poterunt,

2075 2660 2128 2704 ct
2177 2662 2228 2704 tu
2259 2651 2371 2719 ipse
2405 2650 2563 2705 facile
2614 2651 2818 2716 sanari,
2869 2651 3035 2705 multa
3070 2651 3171 2705 hoc
3223 2652 3637 2716 deliberatione,

2073 2750 2128 2795 et
2165 2740 2298 2794 satis
2326 2740 2503 2809 perito
2549 2740 2739 2794 medici
2776 2739 2918 2793 illius
2964 2740 3189 2794 consilio
3240 2741 3638 2809 procurandum

2073 2842 2175 2885 est.
2234 2831 2497 2897 Quoniam
2540 2833 2869 2902 iniquitatem
2915 2847 3083 2884 nteant
3133 2847 3225 2900 ego
3267 2831 3637 2901 pronuntiabo,

2073 2932 2121 2975 et
2170 2921 2406 2989 cogitabo
2445 2936 2539 2987 pro
2589 2931 2803 2988 peccato
2851 2936 2986 2974 meo.
3050 2920 3368 2990 Quicunque
3400 2930 3637 2975 vestrum

2073 3011 2322 3067 conscius
2365 3011 2467 3066 sibi
2500 3019 2584 3065 est
2628 3010 2681 3063 in
2717 3010 2902 3078 aliquo
2949 3019 3192 3078 peccato,
3224 3019 3278 3064 et
3306 3012 3379 3064 ita
3416 3024 3641 3065 securus

2072 3110 2155 3157 est
2201 3101 2352 3169 quasi
2389 3100 2521 3153 nihil
2568 3099 2693 3153 mali
2745 3099 2953 3163 fecerit,
2988 3110 3395 3154 commoveatur
3424 3115 3490 3153 ex
3536 3100 3638 3153 hoc

2070 3207 2323 3246 Sermone
2347 3190 2437 3259 qui
2473 3189 2603 3243 dicit
2637 3206 2650 3243 :
2685 3189 2936 3255 Cogitabo
2979 3205 3075 3256 pro
3123 3200 3330 3256 peccato
3362 3205 3494 3241 meo.
3537 3189 3638 3241 Bo-

2072 3296 2198 3334 num
2229 3289 2314 3334 est
2344 3294 2465 3333 eum
2498 3279 2588 3346 qui
2623 3277 2888 3345 delinquit
2917 3293 3021 3330 non
3055 3292 3178 3332 esse
3224 3292 3501 3342 securum,
3539 3293 3636 3332 nec

2074 3370 2218 3425 velut
2242 3371 2333 3439 qui
2365 3369 2497 3423 nihil
2524 3368 2833 3437 deliquerit,
2865 3368 3065 3422 nullam
3091 3368 3508 3423 sollicitudinem
3539 3384 3635 3437 ge-

2074 3478 2213 3527 rere,
2265 3476 2363 3517 nee
2415 3461 2657 3531 cegitare
2710 3458 2979 3526 quomodo
3027 3458 3199 3526 possit
3245 3472 3402 3511 suum
3454 3458 3635 3511 delere

2071 3561 2373 3620 peccatum.
2418 3549 2475 3603 Si
2509 3550 2560 3602 in
2590 3560 2820 3616 corpore
2842 3555 2933 3600 tuo
2964 3544 3171 3600 macula
3202 3546 3381 3616 aliqua
3410 3547 3493 3600 vel
3521 3546 3635 3600 vul-

2072 3656 2171 3695 nus
2203 3640 2433 3703 oriatur,
2482 3646 2575 3691 aut
2620 3651 2685 3690 ex
2733 3633 3011 3689 collisione
3057 3634 3232 3704 aliqua
3284 3635 3630 3700 intumescat,

2068 3731 2331 3788 sollicitus
2367 3745 2425 3785 es
2463 3737 2519 3783 et
2568 3727 2836 3796 perquiris
2888 3726 3018 3795 quid
3068 3740 3210 3779 curae
3244 3726 3441 3780 debeat
3475 3728 3631 3782 adhi-

2069 3823 2204 3885 beri,
2258 3821 2530 3890 quomodo
2577 3818 2791 3887 corpori
2843 3816 3050 3871 sanitas
3085 3816 3303 3884 antiqua
3354 3817 3632 3871 reddatur.

2068 3914 2124 3967 Si
2159 3912 2302 3981 circa
2325 3911 2509 3965 oculos
2541 3924 2600 3964 se
2626 3908 2819 3977 aliquis
2848 3908 3075 3961 acerbus
3122 3906 3317 3960 humor
3350 3905 3628 3969 infuderit,

2066 4002 2330 4057 sollicitus
2375 4014 2455 4064 es,
2504 4008 2559 4053 et
2600 3998 2875 4067 perquiris
2922 3995 3191 4065 quomodo
3234 4011 3523 4051 succurras
3577 4008 3633 4049 et

2066 4090 2367 4161 przevenias
2413 4087 2737 4142 caecitatem.
2795 4084 2930 4140 Cum
2975 4085 3153 4138 anima
3182 4096 3270 4138 tua
3302 4093 3549 4152 aegrotet,
3579 4095 3634 4136 et

2063 4186 2411 4249 peccatorum
2441 4173 2789 4241 languoribus
2814 4183 3093 4242 urgeatur,
3122 4186 3348 4227 securus
3376 4187 3456 4234 es,
3499 4186 3632 4226 con»

2067 4270 2262 4325 temnis
2288 4270 2593 4339 gehennam
2628 4275 2791 4335 atque
2840 4266 2981 4334 ignis
3014 4265 3204 4319 aeterni
3239 4264 3498 4333 supplicia
3541 4265 3632 4320 de-

398 4377 589 4417 omnes
614 4361 898 4415 facultates
929 4362 1127 4430 perire,
1160 4363 1475 4432 depereant,
1507 4376 1715 4421 tantum
1743 4384 1809 4425 ne
1840 4372 1956 4424 ani-

2072 4361 2229 4428 spicis
2279 4366 2333 4412 et
2380 4356 2618 4411 irrides?
2663 4354 2930 4408 Judicium
2986 4352 3077 4406 Dei
3137 4352 3518 4422 parvipendis,
3578 4361 3634 4408 et

401 4469 485 4506 ina
519 4461 704 4519 pereat
759 4452 901 4519 apud
956 4461 1029 4505 le.
1072 4452 1127 4505 Si
1162 4467 1255 4520 per
1306 4463 1531 4507 mortem
1577 4456 1867 4512 cliarorum
1904 4468 1958 4514 et

399 4545 817 4613 propinquorum
851 4543 929 4595 vis
953 4557 1036 4596 me
1062 4543 1297 4610 purgari,
1319 4546 1622 4599 moriantur
1642 4549 1806 4602 etiam
1833 4550 1957 4617 ipsi,

397 4645 454 4688 ut
481 4644 535 4687 et
565 4634 661 4702 ipsi
684 4649 748 4687 ex
775 4633 1075 4701 huiusmodi
1100 4636 1325 4693 vinculis
1366 4634 1681 4703 liberentur,
1707 4640 1959 4694 auferan-

400 4738 483 4777 lttl'
511 4723 628 4787 filii,
663 4723 784 4776 dum
813 4724 986 4777 adhuc
1019 4727 1165 4792 pueri
1202 4738 1346 4790 sunt,
1373 4739 1426 4781 et
1454 4729 1505 4781 in
1540 4728 1764 4783 rudibus
1796 4730 1954 4782 annis

396 4816 553 4885 positi
614 4816 848 4869 nondum
904 4816 1243 4883 gravioribus
1313 4828 1651 4886 peccatorum
1703 4822 1955 4876 sordibus

397 4908 647 4962 maculati
694 4916 838 4961 sunt.
897 4908 1157 4961 Omnibus
1192 4909 1353 4978 igitur
1379 4910 1601 4979 ﬂagellis
1650 4909 1951 4979 emendari,

393 5001 776 5069 verberarique
807 5009 1025 5068 paratus
1052 5014 1190 5061 sum,
1227 5008 1282 5054 et
1328 5001 1462 5053 nihil
1498 5002 1689 5055 horum
1741 5018 1951 5068 recuso,

394 5102 601 5146 tantnm
639 5102 695 5145 ut
732 5090 991 5159 supplicia
1020 5090 1204 5143 aeterni
1247 5090 1387 5159 ignis
1416 5089 1688 5158 eﬂ‘ugiam.
1731 5092 1842 5161 Ego
1867 5107 1954 5147 er-

392 5200 457 5251 go
485 5186 538 5237 in
564 5181 775 5252 ﬂagella
807 5192 1019 5249 paratus
1050 5194 1187 5241 sum,
1220 5189 1265 5231 et
1312 5179 1463 5232 dolor
1490 5196 1631 5233 meus
1661 5196 1840 5233 coram
1876 5198 1954 5235 nte

391 5286 461 5327 est
488 5289 704 5341 semper.
742 5275 880 5325 Ante
903 5270 1086 5324 oculos
1109 5285 1257 5325 meos
1283 5270 1454 5324 habeo
1481 5268 1724 5323 dolorem
1752 5283 1947 5329 meum,

393 5376 450 5419 ut
504 5365 712 5419 futuros
763 5377 1042 5430 ptenarum
1091 5361 1306 5416 dolores
1354 5360 1716 5430 praesentibus
1748 5360 1946 5428 possim

389 5456 661 5511 doloribus
691 5466 1061 5521 compensare.

460 5638 502 5669 ’⁸
524 5636 672 5691 Psal.
700 5649 867 5691 uxu.
898 5634 953 5686 Ξ.
1036 5631 1077 5663 ¹⁹
1108 5630 1253 5684 Ibat.
1279 5640 1462 5692 xum,
1490 5624 1543 5678 5.

662 5727 934 5801 ΡΑτιιοι..
982 5724 1100 5784 Gn.
1147 5722 1287 5781 ΧΠ.

1621 5630 1663 5660 ’θ
1688 5625 1826 5682 Psal.
1857 5636 2023 5685 Lxxn,
2051 5620 2102 5674 5.

2065 4459 2494 4503 commonentem
2523 4457 2574 4501 te
2598 4445 2894 4499 Ecclesiam
2917 4443 3187 4511 despicis?
3215 4444 3629 4501 Contniunicare

2066 4558 2169 4596 non
2207 4542 2361 4594 times
2386 4553 2582 4607 corpus
2603 4536 2803 4592 Christi
2835 4534 3098 4589 accedens
3120 4534 3185 4587 ad
3213 4534 3625 4599 Encharistiam,

2065 4635 2220 4705 quasi
2263 4634 2492 4687 mundus
2522 4638 2575 4685 et
2625 4644 2811 4700 purus,
2844 4628 2998 4696 quasi
3049 4625 3182 4681 nihil
3219 4627 3271 4679 in
3309 4638 3359 4680 te
3389 4628 3458 4680 sit
3485 4627 3620 4679 indi-

2062 4740 2255 4796 gnum,
2301 4722 2429 4776 etin
2463 4722 2546 4775 his
2573 4721 2822 4774 omnibus
2850 4727 3008 4783 putas
3041 4716 3183 4783 quod
3221 4713 3445 4781 ellugias
3485 4715 3627 4781 judi-

2060 4818 2203 4871 cium
2258 4814 2390 4867 Dei?
2450 4811 2565 4867 Non
2619 4810 2926 4866 recordaris
2977 4807 3107 4859 illud
3168 4805 3309 4872 quod
3364 4802 3627 4869 scriptum

2060 4908 2229 4968 est”,
2271 4906 2392 4973 quia
2422 4901 2704 4971 Propterea
2754 4901 2806 4953 in
2865 4898 3006 4951 vobis
3039 4894 3259 4961 inﬁrmi,
3301 4901 3349 4944 et
3385 4894 3534 4959 aegri,
3576 4903 3627 4944 et

2061 4998 2327 5052 dormiunt
2354 4995 2541 5048 murti?
2566 4992 2745 5058 Quare
2770 4987 2921 5042 multi
2952 4984 3192 5039 infirmi?
3226 4982 3490 5048 Quoniam
3518 4998 3624 5036 non

2062 5092 2271 5159 seipsos
2313 5086 2631 5153 diiudicant,
2684 5093 2859 5147 neque
2907 5076 3116 5145 scipsos
3140 5076 3477 5139 examinant,
3524 5088 3625 5127 nec

2062 5180 2363 5247 intelligunt
2391 5174 2517 5241 quid
2542 5183 2623 5228 est
2650 5169 3053 5225 communicare
3080 5166 3357 5228 Ecclesiae,
3388 5164 3465 5217 vel
3494 5164 3625 5232 quid

2059 5278 2140 5322 est
2170 5266 2427 5320 accedere
2476 5263 2542 5315 ad
2594 5271 2742 5314 tanta
2790 5267 2844 5312 et
2877 5268 2982 5311 tam
3018 5256 3218 5312 eximia
3253 5263 3620 5310 sacramenta.

2062 5358 2348 5411 Patiuntnr
2384 5355 2482 5405 hoc
2527 5351 2669 5419 quod
2707 5348 3080 5402 febricitantes
3113 5343 3227 5414 pati
3263 5342 3466 5408 solent,
3496 5356 3618 5395 cum

2055 5456 2305 5497 sanorum
2339 5438 2491 5491 cibos
2542 5444 2894 5507 praesumunt,
2944 5432 3295 5501 sibimetipsis
3326 5431 3622 5486 inferentes

2182 5616 2226 5649 ¹¹
2251 5614 2407 5669 Prov.
2441 5628 2523 5679 Ill,
2554 5614 2637 5668 l2.
2710 5617 2752 5647 ¹²
2776 5615 2792 5669 1
2817 5617 2939 5673 Cor.
2972 5633 3044 5682 si,
3069 5616 3157 5671 50.

3248 5704 3347 5764 ιίώ
