  <div class='ocr_page' id='page_1' title='image "/cluster/home/n/w/nwhite01/storage/ocr_20150623/12/hvd.32044052796216/700.png"; bbox 0 0 4120 6212; ppageno 0'>
   <div class='ocr_carea' id='block_1_1' title="bbox 424 214 558 262">
    <p class='ocr_par' dir='ltr' id='par_1_1' title="bbox 424 214 558 262">
     <span class='ocr_line' id='line_1_1' title="bbox 424 214 558 262; baseline 0.015 -2"><span class='ocrx_word' id='word_1_1' title='bbox 424 219 444 260; x_wconf 75' lang='grc'>1</span> <span class='ocrx_word' id='word_1_2' title='bbox 458 214 558 262; x_wconf 67' lang='lat'><strong>389</strong></span> 
     </span>
    </p>
   </div>
   <div class='ocr_carea' id='block_1_2' title="bbox 1317 204 2764 268">
    <p class='ocr_par' dir='ltr' id='par_1_2' title="bbox 1317 204 2764 268">
     <span class='ocr_line' id='line_1_2' title="bbox 1317 204 2764 268; baseline -0.003 -5"><span class='ocrx_word' id='word_1_3' title='bbox 1317 210 1618 265; x_wconf 70' lang='lat' dir='ltr'><strong>SEUICTA</strong></span> <span class='ocrx_word' id='word_1_4' title='bbox 1661 213 1725 266; x_wconf 76' lang='lat' dir='ltr'><strong>IN</strong></span> <span class='ocrx_word' id='word_1_5' title='bbox 1767 207 2093 268; x_wconf 82' lang='lat' dir='ltr'><strong>PSALMOS.</strong></span> <span class='ocrx_word' id='word_1_6' title='bbox 2134 237 2200 248; x_wconf 88' lang='lat'><strong>—-</strong></span> <span class='ocrx_word' id='word_1_7' title='bbox 2238 204 2433 261; x_wconf 63' lang='lat' dir='ltr'><strong>PSAL.</strong></span> <span class='ocrx_word' id='word_1_8' title='bbox 2477 205 2764 261; x_wconf 74' lang='lat' dir='ltr'><strong>XXXVIII.</strong></span> 
     </span>
    </p>
   </div>
   <div class='ocr_carea' id='block_1_3' title="bbox 3521 211 3650 264">
    <p class='ocr_par' dir='ltr' id='par_1_3' title="bbox 3521 211 3650 264">
     <span class='ocr_line' id='line_1_3' title="bbox 3521 211 3650 264; baseline 0.008 -1"><span class='ocrx_word' id='word_1_9' title='bbox 3521 211 3650 264; x_wconf 73' lang='grc'><strong>1590</strong></span> 
     </span>
    </p>
   </div>
   <div class='ocr_carea' id='block_1_4' title="bbox 425 319 1984 399">
    <p class='ocr_par' dir='ltr' id='par_1_4' title="bbox 425 319 1984 399">
     <span class='ocr_line' id='line_1_4' title="bbox 425 319 1984 399; baseline 0.008 -29"><span class='ocrx_word' id='word_1_10' title='bbox 425 320 602 388; x_wconf 84' lang='grc' dir='ltr'>Πέρας</span> <span class='ocrx_word' id='word_1_11' title='bbox 645 320 759 372; x_wconf 73' lang='grc' dir='ltr'>ἐστὶ</span> <span class='ocrx_word' id='word_1_12' title='bbox 941 320 1041 390; x_wconf 85' lang='grc' dir='ltr'><strong>τῆς</strong></span> <span class='ocrx_word' id='word_1_13' title='bbox 1083 321 1302 391; x_wconf 78' lang='grc' dir='ltr'><strong>λογικῆς</strong></span> <span class='ocrx_word' id='word_1_14' title='bbox 1339 324 1612 395; x_wconf 80' lang='grc' dir='ltr'>φύσεωςή</span> <span class='ocrx_word' id='word_1_15' title='bbox 1652 327 1851 394; x_wconf 80' lang='grc' dir='ltr'>γνῶσις</span> <span class='ocrx_word' id='word_1_16' title='bbox 1890 331 1984 399; x_wconf 78' lang='grc' dir='ltr'>τῆς</span> 
     </span>
    </p>
   </div>
   <div class='ocr_carea' id='block_1_5' title="bbox 2087 319 3652 399">
    <p class='ocr_par' dir='ltr' id='par_1_5' title="bbox 2095 321 3652 392">
     <span class='ocr_line' id='line_1_5' title="bbox 2095 321 3652 392; baseline 0.003 -17"><span class='ocrx_word' id='word_1_17' title='bbox 2095 322 2242 376; x_wconf 81' lang='lat' dir='ltr'><strong>Finis</strong></span> <span class='ocrx_word' id='word_1_18' title='bbox 2271 321 2605 375; x_wconf 73' lang='lat' dir='ltr'><strong>rationabilis</strong></span> <span class='ocrx_word' id='word_1_19' title='bbox 2657 329 2860 374; x_wconf 76' lang='lat' dir='ltr'><strong>natnra:</strong></span> <span class='ocrx_word' id='word_1_20' title='bbox 2912 329 2994 375; x_wconf 91' lang='lat' dir='ltr'><strong>est</strong></span> <span class='ocrx_word' id='word_1_21' title='bbox 3042 323 3276 392; x_wconf 76' lang='lat' dir='ltr'><strong>cognitio</strong></span> <span class='ocrx_word' id='word_1_22' title='bbox 3305 331 3502 378; x_wconf 72' lang='lat' dir='ltr'><strong>sanctze</strong></span> <span class='ocrx_word' id='word_1_23' title='bbox 3533 327 3652 379; x_wconf 85' lang='lat' dir='ltr'><strong>&#39;l‘ri-</strong></span> 
     </span>
    </p>
   </div>
   <div class='ocr_carea' id='block_1_6' title="bbox 427 406 859 479">
    <p class='ocr_par' dir='ltr' id='par_1_6' title="bbox 427 406 859 479">
     <span class='ocr_line' id='line_1_6' title="bbox 427 406 859 479; baseline 0.014 -21"><span class='ocrx_word' id='word_1_24' title='bbox 427 407 584 474; x_wconf 74' lang='grc' dir='ltr'>ἁγίας</span> <span class='ocrx_word' id='word_1_25' title='bbox 615 406 859 479; x_wconf 87' lang='grc' dir='ltr'>Τριάδος.</span> 
     </span>
    </p>
   </div>
   <div class='ocr_carea' id='block_1_7' title="bbox 495 499 1990 574">
    <p class='ocr_par' dir='ltr' id='par_1_7' title="bbox 495 499 1990 574">
     <span class='ocr_line' id='line_1_7' title="bbox 495 499 1990 574; baseline 0.006 -23"><span class='ocrx_word' id='word_1_26' title='bbox 495 499 669 565; x_wconf 70' lang='grc' dir='ltr'><strong>Πλὴν</strong></span> <span class='ocrx_word' id='word_1_27' title='bbox 698 501 768 553; x_wconf 82' lang='grc' dir='ltr'>τὰ</span> <span class='ocrx_word' id='word_1_28' title='bbox 799 503 1120 570; x_wconf 79' lang='grc' dir='ltr'>σύμπαντα</span> <span class='ocrx_word' id='word_1_29' title='bbox 1157 505 1510 570; x_wconf 84' lang='grc' dir='ltr'>ματαιότης,</span> <span class='ocrx_word' id='word_1_30' title='bbox 1543 504 1662 569; x_wconf 82' lang='grc' dir='ltr'><strong>πᾶς</strong></span> <span class='ocrx_word' id='word_1_31' title='bbox 1683 506 1990 574; x_wconf 75' lang='grc' dir='ltr'>ἅνθρωπος</span> 
     </span>
    </p>
   </div>
   <div class='ocr_carea' id='block_1_8' title="bbox 427 587 1990 666">
    <p class='ocr_par' dir='ltr' id='par_1_8' title="bbox 427 587 1990 666">
     <span class='ocr_line' id='line_1_8' title="bbox 427 587 1990 666; baseline 0.006 -27"><span class='ocrx_word' id='word_1_32' title='bbox 427 587 566 652; x_wconf 75' lang='grc' dir='ltr'><strong>ζῶν,</strong></span> <span class='ocrx_word' id='word_1_33' title='bbox 615 607 668 642; x_wconf 90' lang='grc' dir='ltr'><strong>κ.</strong></span> <span class='ocrx_word' id='word_1_34' title='bbox 707 607 755 641; x_wconf 90' lang='grc' dir='ltr'><strong>τ.</strong></span> <span class='ocrx_word' id='word_1_35' title='bbox 797 592 842 641; x_wconf 84' lang='grc' dir='ltr'>ὲ.</span> <span class='ocrx_word' id='word_1_36' title='bbox 898 592 977 644; x_wconf 80' lang='grc' dir='ltr'><strong>Τὰ</strong></span> <span class='ocrx_word' id='word_1_37' title='bbox 1020 592 1302 660; x_wconf 82' lang='grc' dir='ltr'>σωματικά</span> <span class='ocrx_word' id='word_1_38' title='bbox 1335 593 1442 663; x_wconf 70' lang='grc' dir='ltr'>(ἴιυ)</span> <span class='ocrx_word' id='word_1_39' title='bbox 1475 596 1649 647; x_wconf 84' lang='grc' dir='ltr'>πάντα</span> <span class='ocrx_word' id='word_1_40' title='bbox 1697 598 1990 666; x_wconf 74' lang='grc' dir='ltr'>ματαιότης</span> 
     </span>
    </p>
   </div>
   <div class='ocr_carea' id='block_1_9' title="bbox 428 680 1988 758">
    <p class='ocr_par' dir='ltr' id='par_1_9' title="bbox 428 680 1988 758">
     <span class='ocr_line' id='line_1_9' title="bbox 428 680 1988 758; baseline 0.007 -28"><span class='ocrx_word' id='word_1_41' title='bbox 428 681 596 740; x_wconf 78' lang='grc' dir='ltr'>ἐστὶν,</span> <span class='ocrx_word' id='word_1_42' title='bbox 627 683 659 750; x_wconf 84' lang='grc' dir='ltr'>ή</span> <span class='ocrx_word' id='word_1_43' title='bbox 699 680 803 751; x_wconf 83' lang='grc' dir='ltr'><strong>γάρ</strong></span> <span class='ocrx_word' id='word_1_44' title='bbox 831 681 1116 750; x_wconf 80' lang='grc' dir='ltr'><strong>ἀσώματος</strong></span> <span class='ocrx_word' id='word_1_45' title='bbox 1149 681 1308 749; x_wconf 79' lang='grc' dir='ltr'>φύσις</span> <span class='ocrx_word' id='word_1_46' title='bbox 1345 685 1463 736; x_wconf 81' lang='grc' dir='ltr'>κατ’</span> <span class='ocrx_word' id='word_1_47' title='bbox 1493 686 1676 738; x_wconf 82' lang='grc' dir='ltr'>είκόνα</span> <span class='ocrx_word' id='word_1_48' title='bbox 1703 687 1988 758; x_wconf 77' lang='grc' dir='ltr'>γεγένηται</span> 
     </span>
    </p>
   </div>
   <div class='ocr_carea' id='block_1_10' title="bbox 427 768 581 822">
    <p class='ocr_par' dir='ltr' id='par_1_10' title="bbox 427 768 581 822">
     <span class='ocr_line' id='line_1_10' title="bbox 427 768 581 822; baseline 0.019 -3"><span class='ocrx_word' id='word_1_49' title='bbox 427 768 581 822; x_wconf 82' lang='grc' dir='ltr'>Θεοῦ.</span> 
     </span>
    </p>
   </div>
   <div class='ocr_carea' id='block_1_11' title="bbox 500 859 1986 936">
    <p class='ocr_par' dir='ltr' id='par_1_11' title="bbox 500 859 1986 936">
     <span class='ocr_line' id='line_1_11' title="bbox 500 859 1986 936; baseline 0.007 -24"><span class='ocrx_word' id='word_1_50' title='bbox 500 859 779 930; x_wconf 74' lang='grc' dir='ltr'>Μέντοιτε</span> <span class='ocrx_word' id='word_1_51' title='bbox 831 863 900 914; x_wconf 81' lang='grc' dir='ltr'><strong>ἐν</strong></span> <span class='ocrx_word' id='word_1_52' title='bbox 948 865 1131 916; x_wconf 77' lang='grc' dir='ltr'>εικόνι</span> <span class='ocrx_word' id='word_1_53' title='bbox 1189 863 1596 933; x_wconf 79' lang='grc' dir='ltr'><strong>διαπορεύεται</strong></span> <span class='ocrx_word' id='word_1_54' title='bbox 1645 868 1986 936; x_wconf 80' lang='grc' dir='ltr'>ἄνθρωπος,</span> 
     </span>
    </p>
   </div>
   <div class='ocr_carea' id='block_1_12' title="bbox 430 951 1990 1028">
    <p class='ocr_par' dir='ltr' id='par_1_12' title="bbox 430 951 1990 1028">
     <span class='ocr_line' id='line_1_12' title="bbox 430 951 1990 1028; baseline 0.006 -28"><span class='ocrx_word' id='word_1_55' title='bbox 430 965 481 1001; x_wconf 88' lang='grc' dir='ltr'><strong>κ.</strong></span> <span class='ocrx_word' id='word_1_56' title='bbox 512 967 559 1001; x_wconf 90' lang='grc' dir='ltr'><strong>τ.</strong></span> <span class='ocrx_word' id='word_1_57' title='bbox 597 951 644 1002; x_wconf 81' lang='grc' dir='ltr'>ἑ.</span> <span class='ocrx_word' id='word_1_58' title='bbox 677 954 788 1013; x_wconf 74' lang='grc' dir='ltr'>Πᾶς</span> <span class='ocrx_word' id='word_1_59' title='bbox 818 952 1098 1021; x_wconf 83' lang='grc' dir='ltr'>ἄνθρωπος</span> <span class='ocrx_word' id='word_1_60' title='bbox 1137 953 1246 1020; x_wconf 82' lang='lat'><strong>(60)</strong></span> <span class='ocrx_word' id='word_1_61' title='bbox 1278 954 1382 1018; x_wconf 79' lang='grc' dir='ltr'><strong>ζῶν</strong></span> <span class='ocrx_word' id='word_1_62' title='bbox 1414 958 1469 1008; x_wconf 83' lang='grc' dir='ltr'>ὲν</span> <span class='ocrx_word' id='word_1_63' title='bbox 1508 957 1672 1009; x_wconf 85' lang='grc' dir='ltr'>είκόνι</span> <span class='ocrx_word' id='word_1_64' title='bbox 1705 957 1990 1028; x_wconf 86' lang='grc' dir='ltr'>διαπορεύ-</span> 
     </span>
    </p>
   </div>
   <div class='ocr_carea' id='block_1_13' title="bbox 430 1041 1990 1114">
    <p class='ocr_par' dir='ltr' id='par_1_13' title="bbox 430 1041 1990 1114">
     <span class='ocr_line' id='line_1_13' title="bbox 430 1041 1990 1114; baseline 0.01 -25"><span class='ocrx_word' id='word_1_65' title='bbox 430 1054 569 1105; x_wconf 84' lang='grc' dir='ltr'>εται,</span> <span class='ocrx_word' id='word_1_66' title='bbox 605 1041 720 1109; x_wconf 66' lang='grc' dir='ltr'>ἦτοι</span> <span class='ocrx_word' id='word_1_67' title='bbox 765 1041 857 1093; x_wconf 72' lang='grc' dir='ltr'>τοῦ</span> <span class='ocrx_word' id='word_1_68' title='bbox 906 1043 1038 1095; x_wconf 71' lang='grc' dir='ltr'>Θεοῦ</span> <span class='ocrx_word' id='word_1_69' title='bbox 1069 1044 1247 1114; x_wconf 70' lang='grc' dir='ltr'>τηρῶν</span> <span class='ocrx_word' id='word_1_70' title='bbox 1290 1045 1350 1097; x_wconf 86' lang='grc' dir='ltr'><strong>τὸ</strong></span> <span class='ocrx_word' id='word_1_71' title='bbox 1384 1047 1502 1099; x_wconf 79' lang='grc' dir='ltr'>κατ’</span> <span class='ocrx_word' id='word_1_72' title='bbox 1551 1049 1762 1114; x_wconf 73' lang='grc' dir='ltr'>εἰκόνα,</span> <span class='ocrx_word' id='word_1_73' title='bbox 1808 1052 1898 1103; x_wconf 77' lang='grc' dir='ltr'><strong>καὶ</strong></span> <span class='ocrx_word' id='word_1_74' title='bbox 1930 1051 1990 1103; x_wconf 86' lang='grc' dir='ltr'><strong>τὸ</strong></span> 
     </span>
    </p>
   </div>
   <div class='ocr_carea' id='block_1_14' title="bbox 431 1131 1992 1212">
    <p class='ocr_par' dir='ltr' id='par_1_14' title="bbox 431 1131 1992 1212">
     <span class='ocr_line' id='line_1_14' title="bbox 431 1131 1992 1212; baseline 0.009 -32"><span class='ocrx_word' id='word_1_75' title='bbox 431 1131 753 1199; x_wconf 80' lang='grc' dir='ltr'><strong>προκόπτειν</strong></span> <span class='ocrx_word' id='word_1_76' title='bbox 782 1134 858 1195; x_wconf 81' lang='grc' dir='ltr'>εἰς</span> <span class='ocrx_word' id='word_1_77' title='bbox 885 1134 1211 1203; x_wconf 78' lang='grc' dir='ltr'><strong>τελειότητα,</strong></span> <span class='ocrx_word' id='word_1_78' title='bbox 1243 1135 1560 1207; x_wconf 66' lang='grc' dir='ltr'>σύμμορφος</span> <span class='ocrx_word' id='word_1_79' title='bbox 1583 1139 1868 1210; x_wconf 81' lang='grc' dir='ltr'>γενόμενος</span> <span class='ocrx_word' id='word_1_80' title='bbox 1893 1141 1992 1212; x_wconf 77' lang='grc' dir='ltr'>τῆς</span> 
     </span>
    </p>
   </div>
   <div class='ocr_carea' id='block_1_15' title="bbox 430 1223 1990 1305">
    <p class='ocr_par' dir='ltr' id='par_1_15' title="bbox 430 1223 1990 1305">
     <span class='ocr_line' id='line_1_15' title="bbox 430 1223 1990 1305; baseline 0.008 -32"><span class='ocrx_word' id='word_1_81' title='bbox 430 1223 634 1286; x_wconf 80' lang='grc' dir='ltr'>εἰκόνος</span> <span class='ocrx_word' id='word_1_82' title='bbox 665 1224 818 1288; x_wconf 81' lang='grc' dir='ltr'>Θεοῦ,</span> <span class='ocrx_word' id='word_1_83' title='bbox 851 1226 880 1296; x_wconf 76' lang='grc' dir='ltr'>ἢ</span> <span class='ocrx_word' id='word_1_84' title='bbox 923 1226 1080 1280; x_wconf 82' lang='grc' dir='ltr'><strong>ἄλλου</strong></span> <span class='ocrx_word' id='word_1_85' title='bbox 1110 1227 1254 1291; x_wconf 84' lang='grc' dir='ltr'>τινὸς</span> <span class='ocrx_word' id='word_1_86' title='bbox 1283 1229 1442 1295; x_wconf 67' lang='lat' dir='ltr'><strong>Cilica,</strong></span> <span class='ocrx_word' id='word_1_87' title='bbox 1479 1233 1642 1296; x_wconf 81' lang='grc' dir='ltr'>ἵππος</span> <span class='ocrx_word' id='word_1_88' title='bbox 1679 1233 1990 1305; x_wconf 82' lang='grc' dir='ltr'>θηλυμανὴς</span> 
     </span>
    </p>
   </div>
   <div class='ocr_carea' id='block_1_16' title="bbox 430 1309 1651 1390">
    <p class='ocr_par' dir='ltr' id='par_1_16' title="bbox 430 1309 1651 1390">
     <span class='ocr_line' id='line_1_16' title="bbox 430 1309 1651 1390; baseline 0.011 -29"><span class='ocrx_word' id='word_1_89' title='bbox 430 1309 462 1376; x_wconf 78' lang='grc' dir='ltr'>ἦ</span> <span class='ocrx_word' id='word_1_90' title='bbox 499 1311 625 1364; x_wconf 82' lang='grc' dir='ltr'>ἄλλο</span> <span class='ocrx_word' id='word_1_91' title='bbox 652 1330 703 1365; x_wconf 87' lang='grc' dir='ltr'><strong>τι</strong></span> <span class='ocrx_word' id='word_1_92' title='bbox 733 1313 920 1382; x_wconf 74' lang='grc' dir='ltr'>ἄλογον</span> <span class='ocrx_word' id='word_1_93' title='bbox 947 1317 1084 1368; x_wconf 83' lang='grc' dir='ltr'>κατὰ</span> <span class='ocrx_word' id='word_1_94' title='bbox 1118 1318 1176 1369; x_wconf 91' lang='grc' dir='ltr'><strong>τὸ</strong></span> <span class='ocrx_word' id='word_1_95' title='bbox 1200 1313 1329 1387; x_wconf 78' lang='grc' dir='ltr'>ἦθος</span> <span class='ocrx_word' id='word_1_96' title='bbox 1351 1321 1651 1390; x_wconf 80' lang='grc' dir='ltr'><strong>γινόμενος.</strong></span> 
     </span>
    </p>
   </div>
   <div class='ocr_carea' id='block_1_17' title="bbox 497 1495 1984 1570">
    <p class='ocr_par' dir='ltr' id='par_1_17' title="bbox 497 1495 1984 1570">
     <span class='ocr_line' id='line_1_17' title="bbox 497 1495 1984 1570; baseline -0.007 -13"><span class='ocrx_word' id='word_1_97' title='bbox 497 1504 604 1557; x_wconf 77' lang='grc' dir='ltr'><strong>Καὶ</strong></span> <span class='ocrx_word' id='word_1_98' title='bbox 633 1504 748 1557; x_wconf 75' lang='grc' dir='ltr'>νῦν</span> <span class='ocrx_word' id='word_1_99' title='bbox 777 1504 865 1570; x_wconf 73' lang='grc' dir='ltr'>τις</span> <span class='ocrx_word' id='word_1_100' title='bbox 901 1504 939 1570; x_wconf 76' lang='grc' dir='ltr'><em>ὴ</em></span> <span class='ocrx_word' id='word_1_101' title='bbox 977 1500 1244 1570; x_wconf 72' lang='grc' dir='ltr'>ὑπομονή</span> <span class='ocrx_word' id='word_1_102' title='bbox 1271 1518 1387 1568; x_wconf 80' lang='grc' dir='ltr'>μου</span> <span class='ocrx_word' id='word_1_103' title='bbox 1413 1516 1430 1562; x_wconf 90' lang='grc'><em>;</em></span> <span class='ocrx_word' id='word_1_104' title='bbox 1459 1519 1510 1553; x_wconf 91' lang='grc' dir='ltr'><strong>κ.</strong></span> <span class='ocrx_word' id='word_1_105' title='bbox 1546 1517 1595 1551; x_wconf 93' lang='grc' dir='ltr'><strong>τ.</strong></span> <span class='ocrx_word' id='word_1_106' title='bbox 1633 1500 1678 1550; x_wconf 81' lang='grc' dir='ltr'>ὲ.</span> <span class='ocrx_word' id='word_1_107' title='bbox 1705 1496 1773 1549; x_wconf 86' lang='grc' dir='ltr'>Σύ</span> <span class='ocrx_word' id='word_1_108' title='bbox 1803 1514 1891 1567; x_wconf 86' lang='grc' dir='ltr'><strong>μοι</strong></span> <span class='ocrx_word' id='word_1_109' title='bbox 1924 1495 1984 1547; x_wconf 87' lang='grc' dir='ltr'><strong>τὸ</strong></span> 
     </span>
    </p>
   </div>
   <div class='ocr_carea' id='block_1_18' title="bbox 429 1589 1983 1664">
    <p class='ocr_par' dir='ltr' id='par_1_18' title="bbox 429 1589 1983 1664">
     <span class='ocr_line' id='line_1_18' title="bbox 429 1589 1983 1664; baseline -0.005 -16"><span class='ocrx_word' id='word_1_110' title='bbox 429 1593 681 1648; x_wconf 74' lang='grc' dir='ltr'>δύνασθαι</span> <span class='ocrx_word' id='word_1_111' title='bbox 710 1593 819 1664; x_wconf 82' lang='grc'><strong>(61)</strong></span> <span class='ocrx_word' id='word_1_112' title='bbox 851 1594 1035 1664; x_wconf 80' lang='grc' dir='ltr'>φέρειν</span> <span class='ocrx_word' id='word_1_113' title='bbox 1062 1593 1366 1662; x_wconf 74' lang='grc' dir='ltr'>κεχάρισαιο</span> <span class='ocrx_word' id='word_1_114' title='bbox 1399 1591 1457 1642; x_wconf 91' lang='grc' dir='ltr'><strong>τὸ</strong></span> <span class='ocrx_word' id='word_1_115' title='bbox 1495 1590 1654 1660; x_wconf 78' lang='grc' dir='ltr'>μηδὲν</span> <span class='ocrx_word' id='word_1_116' title='bbox 1688 1589 1744 1655; x_wconf 78' lang='grc' dir='ltr'>ἐξ</span> <span class='ocrx_word' id='word_1_117' title='bbox 1775 1589 1983 1660; x_wconf 68' lang='grc' dir='ltr'>ἀνθρωε</span> 
     </span>
    </p>
   </div>
   <div class='ocr_carea' id='block_1_19' title="bbox 2099 412 2301 465">
    <p class='ocr_par' dir='ltr' id='par_1_19' title="bbox 2099 412 2301 465">
     <span class='ocr_line' id='line_1_19' title="bbox 2099 412 2301 465; baseline 0.005 -1"><span class='ocrx_word' id='word_1_118' title='bbox 2099 412 2301 465; x_wconf 75' lang='lat' dir='ltr'><strong>uitatis.</strong></span> 
     </span>
    </p>
   </div>
   <div class='ocr_carea' id='block_1_20' title="bbox 2169 500 3650 572">
    <p class='ocr_par' dir='ltr' id='par_1_20' title="bbox 2169 500 3650 572">
     <span class='ocr_line' id='line_1_20' title="bbox 2169 500 3650 572; baseline 0.005 -22"><span class='ocrx_word' id='word_1_119' title='bbox 2169 500 2326 555; x_wconf 71' lang='lat' dir='ltr'><strong>Vens.</strong></span> <span class='ocrx_word' id='word_1_120' title='bbox 2365 500 2415 554; x_wconf 89' lang='lat'><strong>6.</strong></span> <span class='ocrx_word' id='word_1_121' title='bbox 2469 501 2634 572; x_wconf 77' lang='lat'><strong>690</strong></span> <span class='ocrx_word' id='word_1_122' title='bbox 2693 500 3056 556; x_wconf 75' lang='lat' dir='ltr'><strong>Verumtamen</strong></span> <span class='ocrx_word' id='word_1_123' title='bbox 3109 504 3350 557; x_wconf 83' lang='lat' dir='ltr'><strong>universa</strong></span> <span class='ocrx_word' id='word_1_124' title='bbox 3407 507 3650 570; x_wconf 71' lang='lat' dir='ltr'><strong>vanitas,</strong></span> 
     </span>
    </p>
   </div>
   <div class='ocr_carea' id='block_1_21' title="bbox 2096 593 3654 662">
    <p class='ocr_par' dir='ltr' id='par_1_21' title="bbox 2096 593 3654 662">
     <span class='ocr_line' id='line_1_21' title="bbox 2096 593 3654 662; baseline 0.001 -18"><span class='ocrx_word' id='word_1_125' title='bbox 2096 594 2262 644; x_wconf 84' lang='lat' dir='ltr'><strong>omnis</strong></span> <span class='ocrx_word' id='word_1_126' title='bbox 2296 593 2448 644; x_wconf 83' lang='lat' dir='ltr'><strong>Itonia</strong></span> <span class='ocrx_word' id='word_1_127' title='bbox 2485 595 2675 655; x_wconf 81' lang='lat' dir='ltr'><strong>virens,</strong></span> <span class='ocrx_word' id='word_1_128' title='bbox 2695 603 2798 646; x_wconf 90' lang='lat' dir='ltr'><strong>etc.</strong></span> <span class='ocrx_word' id='word_1_129' title='bbox 2831 595 2968 646; x_wconf 84' lang='lat' dir='ltr'><strong>Sunt</strong></span> <span class='ocrx_word' id='word_1_130' title='bbox 3000 595 3245 646; x_wconf 83' lang='lat' dir='ltr'><strong>universa</strong></span> <span class='ocrx_word' id='word_1_131' title='bbox 3273 609 3529 662; x_wconf 89' lang='lat' dir='ltr'><strong>corporea</strong></span> <span class='ocrx_word' id='word_1_132' title='bbox 3558 611 3654 646; x_wconf 66' lang='lat' dir='ltr'><strong>va-</strong></span> 
     </span>
    </p>
   </div>
   <div class='ocr_carea' id='block_1_22' title="bbox 2096 681 3652 754">
    <p class='ocr_par' dir='ltr' id='par_1_22' title="bbox 2096 681 3652 754">
     <span class='ocr_line' id='line_1_22' title="bbox 2096 681 3652 754; baseline 0.003 -20"><span class='ocrx_word' id='word_1_133' title='bbox 2096 684 2234 734; x_wconf 87' lang='lat' dir='ltr'><strong>nitas</strong></span> <span class='ocrx_word' id='word_1_134' title='bbox 2266 699 2280 734; x_wconf 91' lang='lat'><strong>:</strong></span> <span class='ocrx_word' id='word_1_135' title='bbox 2315 698 2438 734; x_wconf 89' lang='lat' dir='ltr'><strong>nam</strong></span> <span class='ocrx_word' id='word_1_136' title='bbox 2471 681 2785 752; x_wconf 86' lang='lat' dir='ltr'><strong>incorporea</strong></span> <span class='ocrx_word' id='word_1_137' title='bbox 2821 693 3006 736; x_wconf 87' lang='lat' dir='ltr'><strong>natura</strong></span> <span class='ocrx_word' id='word_1_138' title='bbox 3037 684 3330 737; x_wconf 88' lang='lat' dir='ltr'><strong>secundum</strong></span> <span class='ocrx_word' id='word_1_139' title='bbox 3368 685 3652 754; x_wconf 89' lang='lat' dir='ltr'><strong>imaginem</strong></span> 
     </span>
    </p>
   </div>
   <div class='ocr_carea' id='block_1_23' title="bbox 2098 769 2490 825">
    <p class='ocr_par' dir='ltr' id='par_1_23' title="bbox 2098 769 2490 825">
     <span class='ocr_line' id='line_1_23' title="bbox 2098 769 2490 825; baseline 0.008 -3"><span class='ocrx_word' id='word_1_140' title='bbox 2098 769 2186 822; x_wconf 95' lang='lat' dir='ltr'><strong>Dei</strong></span> <span class='ocrx_word' id='word_1_141' title='bbox 2224 769 2359 822; x_wconf 82' lang='lat' dir='ltr'><strong>facta</strong></span> <span class='ocrx_word' id='word_1_142' title='bbox 2387 778 2490 825; x_wconf 86' lang='lat' dir='ltr'><strong>est.</strong></span> 
     </span>
    </p>
   </div>
   <div class='ocr_carea' id='block_1_24' title="bbox 2176 855 3650 927">
    <p class='ocr_par' dir='ltr' id='par_1_24' title="bbox 2176 855 3650 927">
     <span class='ocr_line' id='line_1_24' title="bbox 2176 855 3650 927; baseline 0.005 -20"><span class='ocrx_word' id='word_1_143' title='bbox 2176 855 2537 910; x_wconf 75' lang='lat' dir='ltr'><strong>Verumtamen</strong></span> <span class='ocrx_word' id='word_1_144' title='bbox 2593 859 2646 911; x_wconf 88' lang='lat' dir='ltr'><strong>in</strong></span> <span class='ocrx_word' id='word_1_145' title='bbox 2699 859 2922 926; x_wconf 82' lang='lat' dir='ltr'><strong>imagine</strong></span> <span class='ocrx_word' id='word_1_146' title='bbox 2965 863 3249 927; x_wconf 72' lang='lat' dir='ltr'><strong>pertransit</strong></span> <span class='ocrx_word' id='word_1_147' title='bbox 3307 863 3494 926; x_wconf 82' lang='lat' dir='ltr'><strong>homo,</strong></span> <span class='ocrx_word' id='word_1_148' title='bbox 3542 870 3650 916; x_wconf 85' lang='lat' dir='ltr'><strong>etc.</strong></span> 
     </span>
    </p>
   </div>
   <div class='ocr_carea' id='block_1_25' title="bbox 2093 946 3651 1018">
    <p class='ocr_par' dir='ltr' id='par_1_25' title="bbox 2093 946 3651 1018">
     <span class='ocr_line' id='line_1_25' title="bbox 2093 946 3651 1018; baseline 0.004 -17"><span class='ocrx_word' id='word_1_149' title='bbox 2093 946 2281 1001; x_wconf 86' lang='lat' dir='ltr'><strong>Omnis</strong></span> <span class='ocrx_word' id='word_1_150' title='bbox 2315 949 2472 1000; x_wconf 90' lang='lat' dir='ltr'><strong>homo</strong></span> <span class='ocrx_word' id='word_1_151' title='bbox 2501 948 2689 1001; x_wconf 82' lang='lat' dir='ltr'><strong>vivens</strong></span> <span class='ocrx_word' id='word_1_152' title='bbox 2715 948 2766 1000; x_wconf 92' lang='lat' dir='ltr'><strong>in</strong></span> <span class='ocrx_word' id='word_1_153' title='bbox 2795 950 3026 1017; x_wconf 78' lang='lat' dir='ltr'><strong>imagine</strong></span> <span class='ocrx_word' id='word_1_154' title='bbox 3050 953 3358 1018; x_wconf 79' lang='lat' dir='ltr'><strong>pertransit,</strong></span> <span class='ocrx_word' id='word_1_155' title='bbox 3390 953 3502 1006; x_wconf 85' lang='lat' dir='ltr'><strong>sive</strong></span> <span class='ocrx_word' id='word_1_156' title='bbox 3525 953 3651 1007; x_wconf 84' lang='lat' dir='ltr'><strong>illud</strong></span> 
     </span>
    </p>
   </div>
   <div class='ocr_carea' id='block_1_26' title="bbox 2092 1037 3652 1109">
    <p class='ocr_par' dir='ltr' id='par_1_26' title="bbox 2092 1037 3652 1109">
     <span class='ocr_line' id='line_1_26' title="bbox 2092 1037 3652 1109; baseline 0.007 -25"><span class='ocrx_word' id='word_1_157' title='bbox 2092 1037 2231 1104; x_wconf 84' lang='lat' dir='ltr'><strong>quod</strong></span> <span class='ocrx_word' id='word_1_158' title='bbox 2269 1037 2358 1089; x_wconf 92' lang='lat' dir='ltr'><strong>Dei</strong></span> <span class='ocrx_word' id='word_1_159' title='bbox 2384 1046 2463 1091; x_wconf 88' lang='lat' dir='ltr'><strong>est</strong></span> <span class='ocrx_word' id='word_1_160' title='bbox 2491 1037 2554 1090; x_wconf 88' lang='lat' dir='ltr'><strong>ad</strong></span> <span class='ocrx_word' id='word_1_161' title='bbox 2590 1037 2873 1107; x_wconf 85' lang='lat' dir='ltr'><strong>imaginem</strong></span> <span class='ocrx_word' id='word_1_162' title='bbox 2899 1049 3078 1092; x_wconf 88' lang='lat' dir='ltr'><strong>servet</strong></span> <span class='ocrx_word' id='word_1_163' title='bbox 3100 1049 3153 1093; x_wconf 92' lang='lat' dir='ltr'><strong>et</strong></span> <span class='ocrx_word' id='word_1_164' title='bbox 3177 1040 3243 1094; x_wconf 88' lang='lat' dir='ltr'><strong>ad</strong></span> <span class='ocrx_word' id='word_1_165' title='bbox 3268 1042 3652 1109; x_wconf 75' lang='lat' dir='ltr'><strong>perfectionem</strong></span> 
     </span>
    </p>
   </div>
   <div class='ocr_carea' id='block_1_27' title="bbox 2094 1124 3654 1200">
    <p class='ocr_par' dir='ltr' id='par_1_27' title="bbox 2094 1124 3654 1200">
     <span class='ocr_line' id='line_1_27' title="bbox 2094 1124 3654 1200; baseline 0.009 -27"><span class='ocrx_word' id='word_1_166' title='bbox 2094 1124 2676 1192; x_wconf 81' lang='lat' dir='ltr'><strong>proficiat,conformis</strong></span> <span class='ocrx_word' id='word_1_167' title='bbox 2705 1128 2877 1182; x_wconf 89' lang='lat' dir='ltr'><strong>factus</strong></span> <span class='ocrx_word' id='word_1_168' title='bbox 2897 1130 3116 1200; x_wconf 80' lang='lat' dir='ltr'><strong>imagini</strong></span> <span class='ocrx_word' id='word_1_169' title='bbox 3153 1131 3268 1194; x_wconf 91' lang='lat' dir='ltr'><strong>Dei,</strong></span> <span class='ocrx_word' id='word_1_170' title='bbox 3291 1132 3403 1186; x_wconf 83' lang='lat' dir='ltr'><strong>sive</strong></span> <span class='ocrx_word' id='word_1_171' title='bbox 3434 1133 3654 1188; x_wconf 76' lang='lat' dir='ltr'><strong>alterius</strong></span> 
     </span>
    </p>
   </div>
   <div class='ocr_carea' id='block_1_28' title="bbox 2093 1212 3654 1290">
    <p class='ocr_par' dir='ltr' id='par_1_28' title="bbox 2093 1212 3654 1290">
     <span class='ocr_line' id='line_1_28' title="bbox 2093 1212 3654 1290; baseline 0.006 -23"><span class='ocrx_word' id='word_1_172' title='bbox 2093 1215 2389 1285; x_wconf 85' lang='lat' dir='ltr'><strong>cnjnspiam</strong></span> <span class='ocrx_word' id='word_1_173' title='bbox 2446 1218 2710 1282; x_wconf 84' lang='lat' dir='ltr'><strong>animalis,</strong></span> <span class='ocrx_word' id='word_1_174' title='bbox 2744 1220 2866 1273; x_wconf 91' lang='lat' dir='ltr'><strong>dum</strong></span> <span class='ocrx_word' id='word_1_175' title='bbox 2910 1237 3082 1290; x_wconf 90' lang='lat' dir='ltr'><strong>equus</strong></span> <span class='ocrx_word' id='word_1_176' title='bbox 3123 1212 3508 1287; x_wconf 81' lang='lat' dir='ltr'><strong>admissarius,</strong></span> <span class='ocrx_word' id='word_1_177' title='bbox 3572 1224 3654 1278; x_wconf 79' lang='lat' dir='ltr'><strong>vel</strong></span> 
     </span>
    </p>
   </div>
   <div class='ocr_carea' id='block_1_29' title="bbox 2093 1307 3563 1378">
    <p class='ocr_par' dir='ltr' id='par_1_29' title="bbox 2093 1307 3563 1378">
     <span class='ocr_line' id='line_1_29' title="bbox 2093 1307 3563 1378; baseline 0.007 -18"><span class='ocrx_word' id='word_1_178' title='bbox 2093 1307 2239 1362; x_wconf 86' lang='lat' dir='ltr'><strong>aliud</strong></span> <span class='ocrx_word' id='word_1_179' title='bbox 2273 1309 2547 1378; x_wconf 79' lang='lat' dir='ltr'><strong>quidpiam</strong></span> <span class='ocrx_word' id='word_1_180' title='bbox 2573 1310 2788 1365; x_wconf 86' lang='lat' dir='ltr'><strong>brutum</strong></span> <span class='ocrx_word' id='word_1_181' title='bbox 2811 1311 3009 1366; x_wconf 88' lang='lat' dir='ltr'><strong>animal</strong></span> <span class='ocrx_word' id='word_1_182' title='bbox 3041 1315 3282 1368; x_wconf 87' lang='lat' dir='ltr'><strong>moribus</strong></span> <span class='ocrx_word' id='word_1_183' title='bbox 3312 1313 3563 1370; x_wconf 81' lang='lat' dir='ltr'><strong>eﬂicitnr.</strong></span> 
     </span>
    </p>
   </div>
   <div class='ocr_carea' id='block_1_30' title="bbox 2165 1485 3654 1563">
    <p class='ocr_par' dir='ltr' id='par_1_30' title="bbox 2165 1485 3654 1563">
     <span class='ocr_line' id='line_1_30' title="bbox 2165 1485 3654 1563; baseline 0.007 -24"><span class='ocrx_word' id='word_1_184' title='bbox 2165 1485 2325 1543; x_wconf 77' lang='lat' dir='ltr'><strong>Vens.</strong></span> <span class='ocrx_word' id='word_1_185' title='bbox 2369 1489 2422 1544; x_wconf 92' lang='lat'><strong>8.</strong></span> <span class='ocrx_word' id='word_1_186' title='bbox 2463 1488 2528 1542; x_wconf 83' lang='lat' dir='ltr'><strong>Et</strong></span> <span class='ocrx_word' id='word_1_187' title='bbox 2569 1507 2704 1544; x_wconf 87' lang='lat' dir='ltr'><strong>nunc</strong></span> <span class='ocrx_word' id='word_1_188' title='bbox 2737 1507 2852 1560; x_wconf 68' lang='lat' dir='ltr'><strong>quin</strong></span> <span class='ocrx_word' id='word_1_189' title='bbox 2901 1502 2976 1546; x_wconf 85' lang='lat' dir='ltr'><strong>est</strong></span> <span class='ocrx_word' id='word_1_190' title='bbox 3017 1497 3338 1563; x_wconf 74' lang='lat' dir='ltr'><strong>exspectatio</strong></span> <span class='ocrx_word' id='word_1_191' title='bbox 3366 1513 3475 1550; x_wconf 88' lang='lat' dir='ltr'><strong>mea</strong></span> <span class='ocrx_word' id='word_1_192' title='bbox 3501 1498 3654 1552; x_wconf 82' lang='lat' dir='ltr'><strong>.’etc.</strong></span> 
     </span>
    </p>
   </div>
   <div class='ocr_carea' id='block_1_31' title="bbox 2090 1579 3652 1654">
    <p class='ocr_par' dir='ltr' id='par_1_31' title="bbox 2090 1579 3652 1654">
     <span class='ocr_line' id='line_1_31' title="bbox 2090 1579 3652 1654; baseline 0.006 -20"><span class='ocrx_word' id='word_1_193' title='bbox 2090 1579 2170 1634; x_wconf 87' lang='lat' dir='ltr'><strong>&#39;l‘n</strong></span> <span class='ocrx_word' id='word_1_194' title='bbox 2201 1583 2326 1634; x_wconf 88' lang='lat' dir='ltr'><strong>inihi</strong></span> <span class='ocrx_word' id='word_1_195' title='bbox 2363 1590 2418 1635; x_wconf 90' lang='lat' dir='ltr'><strong>ut</strong></span> <span class='ocrx_word' id='word_1_196' title='bbox 2449 1579 2592 1636; x_wconf 75' lang='lat' dir='ltr'><strong>Terre</strong></span> <span class='ocrx_word' id='word_1_197' title='bbox 2637 1597 2714 1651; x_wconf 65' lang='grc' dir='ltr'>μοι</span> <span class='ocrx_word' id='word_1_198' title='bbox 2735 1600 2845 1637; x_wconf 91' lang='lat' dir='ltr'><strong>sem</strong></span> <span class='ocrx_word' id='word_1_199' title='bbox 2885 1585 3106 1654; x_wconf 87' lang='lat' dir='ltr'><strong>largitus</strong></span> <span class='ocrx_word' id='word_1_200' title='bbox 3143 1603 3222 1649; x_wconf 91' lang='lat' dir='ltr'><strong>es,</strong></span> <span class='ocrx_word' id='word_1_201' title='bbox 3271 1588 3340 1641; x_wconf 91' lang='lat' dir='ltr'><strong>ita</strong></span> <span class='ocrx_word' id='word_1_202' title='bbox 3375 1599 3429 1642; x_wconf 85' lang='lat' dir='ltr'><strong>ut</strong></span> <span class='ocrx_word' id='word_1_203' title='bbox 3457 1603 3520 1642; x_wconf 76' lang='lat' dir='ltr'><strong>ex</strong></span> <span class='ocrx_word' id='word_1_204' title='bbox 3553 1591 3652 1643; x_wconf 85' lang='lat' dir='ltr'><strong>liii-</strong></span> 
     </span>
    </p>
   </div>
   <div class='ocr_carea' id='block_1_32' title="bbox 430 1672 1984 1756">
    <p class='ocr_par' dir='ltr' id='par_1_32' title="bbox 430 1680 1984 1756">
     <span class='ocr_line' id='line_1_32' title="bbox 430 1680 1984 1756; baseline -0.005 -18"><span class='ocrx_word' id='word_1_205' title='bbox 430 1687 586 1756; x_wconf 85' lang='grc' dir='ltr'>πίνης</span> <span class='ocrx_word' id='word_1_206' title='bbox 627 1684 908 1747; x_wconf 79' lang='grc' dir='ltr'>ἀσθενείας</span> <span class='ocrx_word' id='word_1_207' title='bbox 942 1687 1110 1738; x_wconf 79' lang='grc' dir='ltr'>εἰπεῖν</span> <span class='ocrx_word' id='word_1_208' title='bbox 1145 1700 1195 1734; x_wconf 89' lang='grc' dir='ltr'><strong>τι</strong></span> <span class='ocrx_word' id='word_1_209' title='bbox 1225 1683 1257 1753; x_wconf 78' lang='grc' dir='ltr'>ἢ</span> <span class='ocrx_word' id='word_1_210' title='bbox 1289 1682 1500 1751; x_wconf 78' lang='grc' dir='ltr'>δρᾶσαι.</span> <span class='ocrx_word' id='word_1_211' title='bbox 1538 1682 1608 1733; x_wconf 77' lang='grc' dir='ltr'>Σὺ</span> <span class='ocrx_word' id='word_1_212' title='bbox 1638 1680 1692 1732; x_wconf 80' lang='grc' dir='ltr'>δὲ</span> <span class='ocrx_word' id='word_1_213' title='bbox 1727 1681 1820 1732; x_wconf 80' lang='grc' dir='ltr'><strong>καὶ</strong></span> <span class='ocrx_word' id='word_1_214' title='bbox 1860 1697 1984 1732; x_wconf 85' lang='grc' dir='ltr'>παι-</span> 
     </span>
    </p>
   </div>
   <div class='ocr_carea' id='block_1_33' title="bbox 2087 1672 3654 1756">
    <p class='ocr_par' dir='ltr' id='par_1_33' title="bbox 2095 1672 3654 1733">
     <span class='ocr_line' id='line_1_33' title="bbox 2095 1672 3654 1733; baseline 0.006 -9"><span class='ocrx_word' id='word_1_215' title='bbox 2095 1687 2250 1725; x_wconf 86' lang='lat' dir='ltr'><strong>tnana</strong></span> <span class='ocrx_word' id='word_1_216' title='bbox 2283 1672 2595 1726; x_wconf 76' lang='lat' dir='ltr'><strong>infirmitate</strong></span> <span class='ocrx_word' id='word_1_217' title='bbox 2627 1673 2761 1726; x_wconf 81' lang='lat' dir='ltr'><strong>nihil</strong></span> <span class='ocrx_word' id='word_1_218' title='bbox 2797 1675 3028 1728; x_wconf 87' lang='lat' dir='ltr'><strong>dicerem</strong></span> <span class='ocrx_word' id='word_1_219' title='bbox 3063 1676 3144 1728; x_wconf 85' lang='lat' dir='ltr'><strong>vel</strong></span> <span class='ocrx_word' id='word_1_220' title='bbox 3171 1676 3405 1731; x_wconf 78' lang='lat' dir='ltr'><strong>facerem</strong></span> <span class='ocrx_word' id='word_1_221' title='bbox 3459 1678 3536 1730; x_wconf 86' lang='lat' dir='ltr'><strong>Tn</strong></span> <span class='ocrx_word' id='word_1_222' title='bbox 3570 1694 3654 1733; x_wconf 85' lang='lat' dir='ltr'><strong>ine</strong></span> 
     </span>
    </p>
   </div>
   <div class='ocr_carea' id='block_1_34' title="bbox 427 1767 1989 1842">
    <p class='ocr_par' dir='ltr' id='par_1_34' title="bbox 427 1767 1989 1842">
     <span class='ocr_line' id='line_1_34' title="bbox 427 1767 1989 1842; baseline -0.002 -19"><span class='ocrx_word' id='word_1_223' title='bbox 427 1771 614 1835; x_wconf 78' lang='grc' dir='ltr'>δεύσας</span> <span class='ocrx_word' id='word_1_224' title='bbox 663 1772 958 1842; x_wconf 76' lang='grc' dir='ltr'>ὑποστῆναι</span> <span class='ocrx_word' id='word_1_225' title='bbox 985 1789 1052 1842; x_wconf 86' lang='grc' dir='ltr'><strong>με</strong></span> <span class='ocrx_word' id='word_1_226' title='bbox 1083 1771 1176 1824; x_wconf 76' lang='grc' dir='ltr'><strong>καὶ</strong></span> <span class='ocrx_word' id='word_1_227' title='bbox 1203 1771 1386 1841; x_wconf 70' lang='grc' dir='ltr'>φέρειν</span> <span class='ocrx_word' id='word_1_228' title='bbox 1422 1771 1698 1840; x_wconf 81' lang='grc' dir='ltr'>ἐποίησας.</span> <span class='ocrx_word' id='word_1_229' title='bbox 1747 1769 1804 1822; x_wconf 86' lang='grc'><strong>’0</strong></span> <span class='ocrx_word' id='word_1_230' title='bbox 1835 1767 1989 1833; x_wconf 79' lang='grc' dir='ltr'>εἰδὼς</span> 
     </span>
    </p>
   </div>
   <div class='ocr_carea' id='block_1_35' title="bbox 427 1856 1774 1928">
    <p class='ocr_par' dir='ltr' id='par_1_35' title="bbox 427 1856 1774 1928">
     <span class='ocr_line' id='line_1_35' title="bbox 427 1856 1774 1928; baseline 0 -20"><span class='ocrx_word' id='word_1_231' title='bbox 427 1856 520 1926; x_wconf 82' lang='grc' dir='ltr'>τὴν</span> <span class='ocrx_word' id='word_1_232' title='bbox 553 1857 747 1910; x_wconf 79' lang='grc' dir='ltr'>πλάσιν</span> <span class='ocrx_word' id='word_1_233' title='bbox 781 1875 901 1928; x_wconf 82' lang='grc' dir='ltr'>μου,</span> <span class='ocrx_word' id='word_1_234' title='bbox 938 1859 1028 1910; x_wconf 74' lang='grc' dir='ltr'><strong>καὶ</strong></span> <span class='ocrx_word' id='word_1_235' title='bbox 1060 1859 1154 1928; x_wconf 77' lang='grc' dir='ltr'>τὴν</span> <span class='ocrx_word' id='word_1_236' title='bbox 1181 1857 1459 1911; x_wconf 80' lang='grc' dir='ltr'>ἀσθένειαν</span> <span class='ocrx_word' id='word_1_237' title='bbox 1487 1856 1774 1925; x_wconf 81' lang='grc' dir='ltr'>σύγγνωθι.</span> 
     </span>
    </p>
   </div>
   <div class='ocr_carea' id='block_1_36' title="bbox 501 1948 1990 2020">
    <p class='ocr_par' dir='ltr' id='par_1_36' title="bbox 501 1948 1990 2020">
     <span class='ocr_line' id='line_1_36' title="bbox 501 1948 1990 2020; baseline 0.003 -20"><span class='ocrx_word' id='word_1_238' title='bbox 501 1949 761 2015; x_wconf 78' lang='grc' dir='ltr'>Ὀνειδος</span> <span class='ocrx_word' id='word_1_239' title='bbox 790 1949 1002 2017; x_wconf 65' lang='grc' dir='ltr'>ἄφρονι</span> <span class='ocrx_word' id='word_1_240' title='bbox 1039 1948 1264 2014; x_wconf 76' lang='grc' dir='ltr'>ἔδωκάς</span> <span class='ocrx_word' id='word_1_241' title='bbox 1292 1966 1401 2017; x_wconf 82' lang='grc' dir='ltr'><strong>με,</strong></span> <span class='ocrx_word' id='word_1_242' title='bbox 1455 1967 1508 2001; x_wconf 88' lang='grc' dir='ltr'><strong>κ.</strong></span> <span class='ocrx_word' id='word_1_243' title='bbox 1561 1961 1610 2002; x_wconf 86' lang='grc' dir='ltr'><strong>τ.</strong></span> <span class='ocrx_word' id='word_1_244' title='bbox 1661 1951 1707 2002; x_wconf 80' lang='grc' dir='ltr'>ὲ.</span> <span class='ocrx_word' id='word_1_245' title='bbox 1748 1951 1990 2020; x_wconf 64' lang='grc' dir='ltr'>Ἀφροκά</span> 
     </span>
    </p>
   </div>
   <div class='ocr_carea' id='block_1_37' title="bbox 426 2038 1990 2110">
    <p class='ocr_par' dir='ltr' id='par_1_37' title="bbox 426 2038 1990 2110">
     <span class='ocr_line' id='line_1_37' title="bbox 426 2038 1990 2110; baseline 0.003 -22"><span class='ocrx_word' id='word_1_246' title='bbox 426 2055 587 2107; x_wconf 77' lang='grc' dir='ltr'>φησιν</span> <span class='ocrx_word' id='word_1_247' title='bbox 618 2039 750 2110; x_wconf 72' lang='lat'><strong>(62),</strong></span> <span class='ocrx_word' id='word_1_248' title='bbox 780 2038 837 2091; x_wconf 84' lang='grc' dir='ltr'>ὃν</span> <span class='ocrx_word' id='word_1_249' title='bbox 865 2041 956 2091; x_wconf 84' lang='grc' dir='ltr'><strong>καὶ</strong></span> <span class='ocrx_word' id='word_1_250' title='bbox 989 2039 1197 2107; x_wconf 77' lang='grc' dir='ltr'>φθάσας</span> <span class='ocrx_word' id='word_1_251' title='bbox 1226 2040 1545 2110; x_wconf 83' lang='grc' dir='ltr'><strong>ἁμαρτωλὸν</strong></span> <span class='ocrx_word' id='word_1_252' title='bbox 1570 2041 1776 2110; x_wconf 81' lang='grc' dir='ltr'>εἴρηκε.</span> <span class='ocrx_word' id='word_1_253' title='bbox 1807 2043 1990 2110; x_wconf 79' lang='grc' dir='ltr'>Παρα-</span> 
     </span>
    </p>
   </div>
   <div class='ocr_carea' id='block_1_38' title="bbox 425 2127 1988 2201">
    <p class='ocr_par' dir='ltr' id='par_1_38' title="bbox 425 2127 1988 2201">
     <span class='ocr_line' id='line_1_38' title="bbox 425 2127 1988 2201; baseline 0.002 -22"><span class='ocrx_word' id='word_1_254' title='bbox 425 2127 600 2181; x_wconf 83' lang='grc' dir='ltr'>δίδωσι</span> <span class='ocrx_word' id='word_1_255' title='bbox 634 2129 688 2181; x_wconf 86' lang='grc' dir='ltr'>δὲ</span> <span class='ocrx_word' id='word_1_256' title='bbox 725 2132 753 2181; x_wconf 87' lang='grc' dir='ltr'>ὁ</span> <span class='ocrx_word' id='word_1_257' title='bbox 785 2129 916 2192; x_wconf 87' lang='grc' dir='ltr'>Θεὸς</span> <span class='ocrx_word' id='word_1_258' title='bbox 948 2132 1025 2192; x_wconf 84' lang='grc' dir='ltr'><strong>είς</strong></span> <span class='ocrx_word' id='word_1_259' title='bbox 1058 2129 1355 2198; x_wconf 81' lang='grc' dir='ltr'>ὀνειδισμὸν</span> <span class='ocrx_word' id='word_1_260' title='bbox 1375 2171 1388 2193; x_wconf 89' lang='grc'><strong>,</strong></span> <span class='ocrx_word' id='word_1_261' title='bbox 1439 2131 1574 2201; x_wconf 88' lang='grc' dir='ltr'>πρὸς</span> <span class='ocrx_word' id='word_1_262' title='bbox 1608 2131 1988 2201; x_wconf 73' lang='grc' dir='ltr'>ἐξομολόγησιν</span> 
     </span>
    </p>
   </div>
   <div class='ocr_carea' id='block_1_39' title="bbox 427 2218 1990 2290">
    <p class='ocr_par' dir='ltr' id='par_1_39' title="bbox 427 2218 1990 2290">
     <span class='ocr_line' id='line_1_39' title="bbox 427 2218 1990 2290; baseline 0.001 -20"><span class='ocrx_word' id='word_1_263' title='bbox 427 2218 675 2288; x_wconf 76' lang='grc' dir='ltr'>μείζονα·</span> <span class='ocrx_word' id='word_1_264' title='bbox 709 2221 848 2289; x_wconf 83' lang='grc' dir='ltr'>ὅπερ</span> <span class='ocrx_word' id='word_1_265' title='bbox 893 2219 1033 2284; x_wconf 82' lang='grc' dir='ltr'>ἀξιοῖ</span> <span class='ocrx_word' id='word_1_266' title='bbox 1074 2220 1147 2290; x_wconf 76' lang='grc' dir='ltr'>μὴ</span> <span class='ocrx_word' id='word_1_267' title='bbox 1176 2221 1368 2273; x_wconf 81' lang='grc' dir='ltr'>παθεῖν</span> <span class='ocrx_word' id='word_1_268' title='bbox 1412 2223 1440 2273; x_wconf 85' lang='grc' dir='ltr'><strong>ό</strong></span> <span class='ocrx_word' id='word_1_269' title='bbox 1485 2221 1656 2275; x_wconf 77' lang='grc' dir='ltr'>ταῦτα</span> <span class='ocrx_word' id='word_1_270' title='bbox 1687 2222 1880 2290; x_wconf 80' lang='grc' dir='ltr'>λέγων,</span> <span class='ocrx_word' id='word_1_271' title='bbox 1914 2221 1990 2284; x_wconf 85' lang='grc' dir='ltr'>ὡς</span> 
     </span>
    </p>
   </div>
   <div class='ocr_carea' id='block_1_40' title="bbox 425 2309 1984 2383">
    <p class='ocr_par' dir='ltr' id='par_1_40' title="bbox 425 2309 1984 2383">
     <span class='ocr_line' id='line_1_40' title="bbox 425 2309 1984 2383; baseline 0.004 -23"><span class='ocrx_word' id='word_1_272' title='bbox 425 2310 514 2377; x_wconf 50' lang='grc' dir='ltr'>ἀρ’</span> <span class='ocrx_word' id='word_1_273' title='bbox 548 2309 738 2362; x_wconf 79' lang='grc' dir='ltr'>ἑαυτοῦ</span> <span class='ocrx_word' id='word_1_274' title='bbox 770 2309 1253 2380; x_wconf 79' lang='grc' dir='ltr'>ἐξομολογούμενος</span> <span class='ocrx_word' id='word_1_275' title='bbox 1283 2310 1422 2364; x_wconf 86' lang='grc' dir='ltr'><strong>κατά</strong></span> <span class='ocrx_word' id='word_1_276' title='bbox 1451 2312 1510 2364; x_wconf 81' lang='grc' dir='ltr'><strong>τὸ</strong></span> <span class='ocrx_word' id='word_1_277' title='bbox 1538 2311 1723 2365; x_wconf 79' lang='grc' dir='ltr'>δοκοῦν</span> <span class='ocrx_word' id='word_1_278' title='bbox 1752 2311 1829 2382; x_wconf 82' lang='grc' dir='ltr'><strong>τῷ</strong></span> <span class='ocrx_word' id='word_1_279' title='bbox 1847 2311 1984 2383; x_wconf 79' lang='grc' dir='ltr'>Θεῷ.</span> 
     </span>
    </p>
   </div>
   <div class='ocr_carea' id='block_1_41' title="bbox 507 2487 1987 2557">
    <p class='ocr_par' dir='ltr' id='par_1_41' title="bbox 507 2487 1987 2557">
     <span class='ocr_line' id='line_1_41' title="bbox 507 2487 1987 2557; baseline 0.002 -19"><span class='ocrx_word' id='word_1_280' title='bbox 507 2487 850 2556; x_wconf 66' lang='grc' dir='ltr'>Ἑκωφὼθην</span> <span class='ocrx_word' id='word_1_281' title='bbox 880 2488 976 2541; x_wconf 80' lang='grc' dir='ltr'>καὶ</span> <span class='ocrx_word' id='word_1_282' title='bbox 1014 2489 1122 2541; x_wconf 75' lang='grc' dir='ltr'>οὐκ</span> <span class='ocrx_word' id='word_1_283' title='bbox 1158 2489 1366 2557; x_wconf 75' lang='grc' dir='ltr'>ἧνοιξα</span> <span class='ocrx_word' id='word_1_284' title='bbox 1407 2488 1470 2542; x_wconf 82' lang='grc' dir='ltr'>τὸ</span> <span class='ocrx_word' id='word_1_285' title='bbox 1509 2490 1701 2555; x_wconf 82' lang='grc' dir='ltr'>στόμα</span> <span class='ocrx_word' id='word_1_286' title='bbox 1735 2505 1870 2556; x_wconf 78' lang='grc' dir='ltr'>μου,</span> <span class='ocrx_word' id='word_1_287' title='bbox 1900 2489 1987 2541; x_wconf 85' lang='grc' dir='ltr'>ὅτι</span> 
     </span>
    </p>
   </div>
   <div class='ocr_carea' id='block_1_42' title="bbox 424 2578 1987 2649">
    <p class='ocr_par' dir='ltr' id='par_1_42' title="bbox 424 2578 1987 2649">
     <span class='ocr_line' id='line_1_42' title="bbox 424 2578 1987 2649; baseline -0.002 -17"><span class='ocrx_word' id='word_1_288' title='bbox 424 2578 504 2632; x_wconf 86' lang='grc' dir='ltr'>σὺ</span> <span class='ocrx_word' id='word_1_289' title='bbox 541 2579 940 2645; x_wconf 61' lang='grc' dir='ltr'>ἐποίησαςμκ.</span> <span class='ocrx_word' id='word_1_290' title='bbox 971 2597 1020 2632; x_wconf 90' lang='grc' dir='ltr'><strong>τ.</strong></span> <span class='ocrx_word' id='word_1_291' title='bbox 1051 2580 1097 2632; x_wconf 85' lang='grc' dir='ltr'>ὲ.</span> <span class='ocrx_word' id='word_1_292' title='bbox 1128 2578 1357 2631; x_wconf 83' lang='grc' dir='ltr'>Δύναται</span> <span class='ocrx_word' id='word_1_293' title='bbox 1390 2581 1482 2630; x_wconf 56' lang='grc' dir='ltr'><strong>καὶ⁸</strong></span> <span class='ocrx_word' id='word_1_294' title='bbox 1516 2579 1675 2631; x_wconf 74' lang='grc' dir='ltr'>τοῦτο</span> <span class='ocrx_word' id='word_1_295' title='bbox 1697 2579 1805 2649; x_wconf 79' lang='grc'><strong>(65)</strong></span> <span class='ocrx_word' id='word_1_296' title='bbox 1848 2579 1987 2631; x_wconf 75' lang='grc' dir='ltr'>οὕτω</span> 
     </span>
    </p>
   </div>
   <div class='ocr_carea' id='block_1_43' title="bbox 425 2668 1986 2738">
    <p class='ocr_par' dir='ltr' id='par_1_43' title="bbox 425 2668 1986 2738">
     <span class='ocr_line' id='line_1_43' title="bbox 425 2668 1986 2738; baseline 0 -19"><span class='ocrx_word' id='word_1_297' title='bbox 425 2668 675 2721; x_wconf 81' lang='grc' dir='ltr'>νοεῖσθαι·</span> <span class='ocrx_word' id='word_1_298' title='bbox 719 2668 985 2723; x_wconf 70' lang='grc' dir='ltr'>Οὐδέποτέ</span> <span class='ocrx_word' id='word_1_299' title='bbox 1021 2685 1101 2720; x_wconf 89' lang='grc' dir='ltr'><strong>σοι</strong></span> <span class='ocrx_word' id='word_1_300' title='bbox 1133 2669 1207 2732; x_wconf 85' lang='grc' dir='ltr'>ὡς</span> <span class='ocrx_word' id='word_1_301' title='bbox 1238 2669 1384 2722; x_wconf 70' lang='grc' dir='ltr'>ἄλλοι</span> <span class='ocrx_word' id='word_1_302' title='bbox 1416 2669 1666 2738; x_wconf 68' lang='grc' dir='ltr'>προσῆψα</span> <span class='ocrx_word' id='word_1_303' title='bbox 1717 2670 1791 2731; x_wconf 86' lang='grc' dir='ltr'>ὠς</span> <span class='ocrx_word' id='word_1_304' title='bbox 1831 2670 1986 2737; x_wconf 68' lang='grc' dir='ltr'>αἰτίῳ</span> 
     </span>
    </p>
   </div>
   <div class='ocr_carea' id='block_1_44' title="bbox 423 2758 1986 2828">
    <p class='ocr_par' dir='ltr' id='par_1_44' title="bbox 423 2758 1986 2828">
     <span class='ocr_line' id='line_1_44' title="bbox 423 2758 1986 2828; baseline 0.001 -19"><span class='ocrx_word' id='word_1_305' title='bbox 423 2759 520 2820; x_wconf 78' lang='grc' dir='ltr'>τὰς</span> <span class='ocrx_word' id='word_1_306' title='bbox 551 2758 688 2826; x_wconf 77' lang='grc' dir='ltr'>ἐμὰς</span> <span class='ocrx_word' id='word_1_307' title='bbox 713 2759 957 2828; x_wconf 79' lang='grc' dir='ltr'>ἀνομίας.</span> <span class='ocrx_word' id='word_1_308' title='bbox 993 2759 1085 2820; x_wconf 84' lang='grc' dir='ltr'><strong>Εἰς</strong></span> <span class='ocrx_word' id='word_1_309' title='bbox 1111 2759 1264 2811; x_wconf 83' lang='grc' dir='ltr'>τοῦτο</span> <span class='ocrx_word' id='word_1_310' title='bbox 1292 2758 1398 2826; x_wconf 73' lang='grc' dir='ltr'>γὰρ</span> <span class='ocrx_word' id='word_1_311' title='bbox 1428 2759 1677 2810; x_wconf 73' lang='grc' dir='ltr'>οὐδέποτε</span> <span class='ocrx_word' id='word_1_312' title='bbox 1718 2758 1778 2810; x_wconf 80' lang='grc' dir='ltr'><strong>τὸ</strong></span> <span class='ocrx_word' id='word_1_313' title='bbox 1814 2758 1986 2826; x_wconf 81' lang='grc' dir='ltr'>στόμα</span> 
     </span>
    </p>
   </div>
   <div class='ocr_carea' id='block_1_45' title="bbox 426 2849 1240 2920">
    <p class='ocr_par' dir='ltr' id='par_1_45' title="bbox 426 2849 1240 2920">
     <span class='ocr_line' id='line_1_45' title="bbox 426 2849 1240 2920; baseline 0 -20"><span class='ocrx_word' id='word_1_314' title='bbox 426 2866 526 2919; x_wconf 86' lang='grc' dir='ltr'><strong>μου</strong></span> <span class='ocrx_word' id='word_1_315' title='bbox 553 2849 758 2920; x_wconf 67' lang='grc' dir='ltr'>ἧνοιξα,</span> <span class='ocrx_word' id='word_1_316' title='bbox 782 2849 894 2900; x_wconf 79' lang='grc' dir='ltr'>ἀλλ’</span> <span class='ocrx_word' id='word_1_317' title='bbox 925 2849 1240 2918; x_wconf 73' lang='grc' dir='ltr'>ἑκωφώθην.</span> 
     </span>
    </p>
   </div>
   <div class='ocr_carea' id='block_1_46' title="bbox 496 2939 1980 3009">
    <p class='ocr_par' dir='ltr' id='par_1_46' title="bbox 496 2939 1980 3009">
     <span class='ocr_line' id='line_1_46' title="bbox 496 2939 1980 3009; baseline 0.001 -18"><span class='ocrx_word' id='word_1_318' title='bbox 496 2941 622 2992; x_wconf 77' lang='grc' dir='ltr'>’Ὅτι</span> <span class='ocrx_word' id='word_1_319' title='bbox 671 2940 953 3008; x_wconf 75' lang='grc' dir='ltr'>πάροικος</span> <span class='ocrx_word' id='word_1_320' title='bbox 991 2940 1104 3009; x_wconf 76' lang='grc' dir='ltr'><strong>ἐγώ</strong></span> <span class='ocrx_word' id='word_1_321' title='bbox 1141 2941 1254 3009; x_wconf 74' lang='grc' dir='ltr'>εἶμι</span> <span class='ocrx_word' id='word_1_322' title='bbox 1283 2941 1351 2993; x_wconf 77' lang='grc' dir='ltr'><strong>ἐν</strong></span> <span class='ocrx_word' id='word_1_323' title='bbox 1387 2939 1460 3008; x_wconf 76' lang='grc' dir='ltr'>τῇ</span> <span class='ocrx_word' id='word_1_324' title='bbox 1491 2939 1564 3008; x_wconf 76' lang='grc' dir='ltr'><strong>γῇ</strong></span> <span class='ocrx_word' id='word_1_325' title='bbox 1603 2941 1697 2992; x_wconf 80' lang='grc' dir='ltr'>καὶ</span> <span class='ocrx_word' id='word_1_326' title='bbox 1731 2939 1980 3007; x_wconf 70' lang='grc' dir='ltr'>παρεπί-</span> 
     </span>
    </p>
   </div>
   <div class='ocr_carea' id='block_1_47' title="bbox 421 3030 1981 3100">
    <p class='ocr_par' dir='ltr' id='par_1_47' title="bbox 421 3030 1981 3100">
     <span class='ocr_line' id='line_1_47' title="bbox 421 3030 1981 3100; baseline 0.002 -17"><span class='ocrx_word' id='word_1_327' title='bbox 421 3030 639 3100; x_wconf 79' lang='grc' dir='ltr'>ΰημος,</span> <span class='ocrx_word' id='word_1_328' title='bbox 687 3032 880 3097; x_wconf 77' lang='grc' dir='ltr'>καθὼς</span> <span class='ocrx_word' id='word_1_329' title='bbox 917 3032 1135 3097; x_wconf 75' lang='grc' dir='ltr'>πάντες</span> <span class='ocrx_word' id='word_1_330' title='bbox 1171 3035 1224 3086; x_wconf 78' lang='grc' dir='ltr'>οὶ</span> <span class='ocrx_word' id='word_1_331' title='bbox 1270 3031 1516 3099; x_wconf 77' lang='grc' dir='ltr'>πατέρες</span> <span class='ocrx_word' id='word_1_332' title='bbox 1542 3050 1694 3099; x_wconf 82' lang='grc' dir='ltr'>μου,</span> <span class='ocrx_word' id='word_1_333' title='bbox 1738 3050 1790 3084; x_wconf 83' lang='grc' dir='ltr'><strong>κ.</strong></span> <span class='ocrx_word' id='word_1_334' title='bbox 1837 3050 1888 3086; x_wconf 89' lang='grc' dir='ltr'><strong>τ.</strong></span> <span class='ocrx_word' id='word_1_335' title='bbox 1935 3035 1981 3086; x_wconf 80' lang='grc' dir='ltr'>ἑ.</span> 
     </span>
    </p>
   </div>
   <div class='ocr_carea' id='block_1_48' title="bbox 435 3119 1985 3194">
    <p class='ocr_par' dir='ltr' id='par_1_48' title="bbox 435 3119 1985 3194">
     <span class='ocr_line' id='line_1_48' title="bbox 435 3119 1985 3194; baseline 0.003 -22"><span class='ocrx_word' id='word_1_336' title='bbox 435 3119 492 3172; x_wconf 86' lang='grc' dir='ltr'>Ὀ</span> <span class='ocrx_word' id='word_1_337' title='bbox 529 3122 782 3184; x_wconf 85' lang='grc' dir='ltr'>πολλάκις</span> <span class='ocrx_word' id='word_1_338' title='bbox 814 3122 978 3174; x_wconf 78' lang='grc' dir='ltr'>εἰπὼν</span> <span class='ocrx_word' id='word_1_339' title='bbox 1014 3122 1156 3191; x_wconf 66' lang='grc'><strong>(61),</strong></span> <span class='ocrx_word' id='word_1_340' title='bbox 1185 3139 1202 3170; x_wconf 86' lang='grc'><em>‹</em></span> <span class='ocrx_word' id='word_1_341' title='bbox 1227 3122 1372 3194; x_wconf 84' lang='grc' dir='ltr'>Πλὴν</span> <span class='ocrx_word' id='word_1_342' title='bbox 1416 3123 1707 3192; x_wconf 78' lang='grc' dir='ltr'>ματαιότης</span> <span class='ocrx_word' id='word_1_343' title='bbox 1749 3126 1853 3186; x_wconf 82' lang='grc' dir='ltr'>πᾶς</span> <span class='ocrx_word' id='word_1_344' title='bbox 1895 3125 1985 3176; x_wconf 83' lang='grc' dir='ltr'>ἀν-</span> 
     </span>
    </p>
   </div>
   <div class='ocr_carea' id='block_1_49' title="bbox 425 3206 1984 3282">
    <p class='ocr_par' dir='ltr' id='par_1_49' title="bbox 425 3206 1984 3282">
     <span class='ocr_line' id='line_1_49' title="bbox 425 3206 1984 3282; baseline 0.003 -22"><span class='ocrx_word' id='word_1_345' title='bbox 425 3208 639 3279; x_wconf 87' lang='grc' dir='ltr'>θρωπος</span> <span class='ocrx_word' id='word_1_346' title='bbox 658 3251 670 3273; x_wconf 91' lang='grc'><strong>,</strong></span> <span class='ocrx_word' id='word_1_347' title='bbox 700 3229 717 3259; x_wconf 71' lang='grc' dir='ltr'><strong>ι</strong></span> <span class='ocrx_word' id='word_1_348' title='bbox 759 3210 1006 3278; x_wconf 86' lang='grc' dir='ltr'>ὁμολογεῖ</span> <span class='ocrx_word' id='word_1_349' title='bbox 1035 3210 1290 3278; x_wconf 81' lang='grc' dir='ltr'>πάροικος</span> <span class='ocrx_word' id='word_1_350' title='bbox 1321 3206 1458 3261; x_wconf 81' lang='grc' dir='ltr'>εἶναι</span> <span class='ocrx_word' id='word_1_351' title='bbox 1480 3249 1496 3272; x_wconf 89' lang='grc'><strong>,</strong></span> <span class='ocrx_word' id='word_1_352' title='bbox 1533 3211 1724 3281; x_wconf 80' lang='grc' dir='ltr'>ἑτέραν</span> <span class='ocrx_word' id='word_1_353' title='bbox 1756 3211 1812 3264; x_wconf 81' lang='grc' dir='ltr'>δὲ</span> <span class='ocrx_word' id='word_1_354' title='bbox 1843 3212 1984 3282; x_wconf 74' lang='grc' dir='ltr'>ζωὴν</span> 
     </span>
    </p>
   </div>
   <div class='ocr_carea' id='block_1_50' title="bbox 423 3296 1982 3369">
    <p class='ocr_par' dir='ltr' id='par_1_50' title="bbox 423 3296 1982 3369">
     <span class='ocr_line' id='line_1_50' title="bbox 423 3296 1982 3369; baseline 0.001 -18"><span class='ocrx_word' id='word_1_355' title='bbox 423 3298 737 3368; x_wconf 74' lang='grc' dir='ltr'>ἀναψύξεως</span> <span class='ocrx_word' id='word_1_356' title='bbox 764 3296 894 3361; x_wconf 76' lang='grc' dir='ltr'>οἶδε,</span> <span class='ocrx_word' id='word_1_357' title='bbox 926 3299 1020 3350; x_wconf 68' lang='grc' dir='ltr'>καὶ</span> <span class='ocrx_word' id='word_1_358' title='bbox 1060 3299 1196 3369; x_wconf 87' lang='grc' dir='ltr'><strong>μετά</strong></span> <span class='ocrx_word' id='word_1_359' title='bbox 1225 3298 1469 3367; x_wconf 87' lang='grc' dir='ltr'>δακρύων</span> <span class='ocrx_word' id='word_1_360' title='bbox 1502 3300 1727 3353; x_wconf 81' lang='grc' dir='ltr'>ἱκετεύει</span> <span class='ocrx_word' id='word_1_361' title='bbox 1761 3302 1982 3354; x_wconf 82' lang='grc' dir='ltr'>σπάνιον</span> 
     </span>
    </p>
   </div>
   <div class='ocr_carea' id='block_1_51' title="bbox 425 3386 1981 3462">
    <p class='ocr_par' dir='ltr' id='par_1_51' title="bbox 425 3386 1981 3462">
     <span class='ocr_line' id='line_1_51' title="bbox 425 3386 1981 3462; baseline -0.008 -5"><span class='ocrx_word' id='word_1_362' title='bbox 425 3389 566 3442; x_wconf 74' lang='grc' dir='ltr'><strong>κατά</strong></span> <span class='ocrx_word' id='word_1_363' title='bbox 597 3391 722 3452; x_wconf 74' lang='grc' dir='ltr'>τοὺς</span> <span class='ocrx_word' id='word_1_364' title='bbox 752 3390 989 3461; x_wconf 81' lang='grc' dir='ltr'>πατέρας</span> <span class='ocrx_word' id='word_1_365' title='bbox 1022 3391 1277 3460; x_wconf 71' lang='grc' dir='ltr'>πάροικον</span> <span class='ocrx_word' id='word_1_366' title='bbox 1305 3386 1440 3443; x_wconf 72' lang='grc' dir='ltr'>εἶναι</span> <span class='ocrx_word' id='word_1_367' title='bbox 1461 3430 1474 3453; x_wconf 93' lang='grc'><strong>,</strong></span> <span class='ocrx_word' id='word_1_368' title='bbox 1507 3391 1599 3443; x_wconf 75' lang='grc' dir='ltr'>καὶ</span> <span class='ocrx_word' id='word_1_369' title='bbox 1635 3395 1708 3462; x_wconf 82' lang='grc' dir='ltr'>μὴ</span> <span class='ocrx_word' id='word_1_370' title='bbox 1759 3393 1981 3445; x_wconf 73' lang='grc' dir='ltr'>ἐνοικεῖν</span> 
     </span>
    </p>
   </div>
   <div class='ocr_carea' id='block_1_52' title="bbox 424 3477 1981 3558">
    <p class='ocr_par' dir='ltr' id='par_1_52' title="bbox 424 3477 1981 3558">
     <span class='ocr_line' id='line_1_52' title="bbox 424 3477 1981 3558; baseline 0.004 -26"><span class='ocrx_word' id='word_1_371' title='bbox 424 3483 488 3550; x_wconf 77' lang='grc' dir='ltr'><strong>τῇ</strong></span> <span class='ocrx_word' id='word_1_372' title='bbox 519 3480 766 3552; x_wconf 80' lang='grc' dir='ltr'>παρούσῃ</span> <span class='ocrx_word' id='word_1_373' title='bbox 801 3479 935 3550; x_wconf 77' lang='grc' dir='ltr'>ζωῇ.</span> <span class='ocrx_word' id='word_1_374' title='bbox 979 3479 1100 3532; x_wconf 80' lang='grc' dir='ltr'><strong>Ἐἀν</strong></span> <span class='ocrx_word' id='word_1_375' title='bbox 1129 3477 1252 3545; x_wconf 76' lang='grc' dir='ltr'>οὖν,</span> <span class='ocrx_word' id='word_1_376' title='bbox 1295 3483 1444 3552; x_wconf 61' lang='grc' dir='ltr'>φησι,</span> <span class='ocrx_word' id='word_1_377' title='bbox 1486 3485 1560 3553; x_wconf 76' lang='grc' dir='ltr'>μὴ</span> <span class='ocrx_word' id='word_1_378' title='bbox 1595 3485 1737 3554; x_wconf 64' lang='grc' dir='ltr'>ἀφῇς</span> <span class='ocrx_word' id='word_1_379' title='bbox 1767 3503 1853 3556; x_wconf 86' lang='grc' dir='ltr'><strong>μοι</strong></span> <span class='ocrx_word' id='word_1_380' title='bbox 1883 3487 1981 3558; x_wconf 77' lang='grc' dir='ltr'><strong>τὴν</strong></span> 
     </span>
    </p>
   </div>
   <div class='ocr_carea' id='block_1_53' title="bbox 424 3571 1982 3646">
    <p class='ocr_par' dir='ltr' id='par_1_53' title="bbox 424 3571 1982 3646">
     <span class='ocr_line' id='line_1_53' title="bbox 424 3571 1982 3646; baseline 0.003 -23"><span class='ocrx_word' id='word_1_381' title='bbox 424 3571 696 3641; x_wconf 79' lang='grc' dir='ltr'>ἁμαρτίαν</span> <span class='ocrx_word' id='word_1_382' title='bbox 713 3611 728 3634; x_wconf 92' lang='grc'><strong>,</strong></span> <span class='ocrx_word' id='word_1_383' title='bbox 769 3571 862 3623; x_wconf 79' lang='grc' dir='ltr'>καὶ</span> <span class='ocrx_word' id='word_1_384' title='bbox 887 3571 1141 3638; x_wconf 60' lang='grc' dir='ltr'>ἀναψύξω</span> <span class='ocrx_word' id='word_1_385' title='bbox 1170 3572 1298 3641; x_wconf 71' lang='grc' dir='ltr'>πρὶν</span> <span class='ocrx_word' id='word_1_386' title='bbox 1324 3573 1575 3627; x_wconf 85' lang='grc' dir='ltr'>ἀπελθεῖν</span> <span class='ocrx_word' id='word_1_387' title='bbox 1599 3576 1733 3638; x_wconf 81' lang='grc' dir='ltr'>ἐκεῖ,</span> <span class='ocrx_word' id='word_1_388' title='bbox 1757 3577 1853 3646; x_wconf 74' lang='grc' dir='ltr'>οὐχ</span> <span class='ocrx_word' id='word_1_389' title='bbox 1879 3577 1982 3642; x_wconf 77' lang='grc' dir='ltr'>ἔξω</span> 
     </span>
    </p>
   </div>
   <div class='ocr_carea' id='block_1_54' title="bbox 428 3660 1979 3736">
    <p class='ocr_par' dir='ltr' id='par_1_54' title="bbox 428 3660 1979 3736">
     <span class='ocr_line' id='line_1_54' title="bbox 428 3660 1979 3736; baseline 0.004 -23"><span class='ocrx_word' id='word_1_390' title='bbox 428 3660 710 3728; x_wconf 72' lang='grc' dir='ltr'>μετανοίας</span> <span class='ocrx_word' id='word_1_391' title='bbox 735 3661 941 3730; x_wconf 85' lang='grc' dir='ltr'>καιρὸν,</span> <span class='ocrx_word' id='word_1_392' title='bbox 970 3661 1087 3712; x_wconf 65' lang='grc' dir='ltr'>οὐδὲ</span> <span class='ocrx_word' id='word_1_393' title='bbox 1119 3660 1342 3732; x_wconf 81' lang='grc' dir='ltr'>ύπάρξω</span> <span class='ocrx_word' id='word_1_394' title='bbox 1371 3666 1427 3716; x_wconf 79' lang='grc' dir='ltr'>ὲν</span> <span class='ocrx_word' id='word_1_395' title='bbox 1458 3667 1523 3734; x_wconf 78' lang='grc' dir='ltr'><strong>τῇ</strong></span> <span class='ocrx_word' id='word_1_396' title='bbox 1558 3665 1703 3736; x_wconf 66' lang='grc' dir='ltr'>παρὰ</span> <span class='ocrx_word' id='word_1_397' title='bbox 1736 3668 1815 3718; x_wconf 70' lang='grc' dir='ltr'><strong>σοὶ</strong></span> <span class='ocrx_word' id='word_1_398' title='bbox 1847 3668 1979 3736; x_wconf 79' lang='grc' dir='ltr'>ζωῇ.</span> 
     </span>
    </p>
   </div>
   <div class='ocr_carea' id='block_1_55' title="bbox 425 3749 1984 3826">
    <p class='ocr_par' dir='ltr' id='par_1_55' title="bbox 425 3749 1984 3826">
     <span class='ocr_line' id='line_1_55' title="bbox 425 3749 1984 3826; baseline 0.006 -25"><span class='ocrx_word' id='word_1_399' title='bbox 425 3749 533 3811; x_wconf 79' lang='grc' dir='ltr'>Ἦ,</span> <span class='ocrx_word' id='word_1_400' title='bbox 575 3750 648 3813; x_wconf 81' lang='grc' dir='ltr'>ὡς</span> <span class='ocrx_word' id='word_1_401' title='bbox 693 3753 791 3821; x_wconf 77' lang='grc' dir='ltr'>οὐχ</span> <span class='ocrx_word' id='word_1_402' title='bbox 831 3752 1178 3821; x_wconf 82' lang='grc' dir='ltr'>ὑπαρχόντων</span> <span class='ocrx_word' id='word_1_403' title='bbox 1256 3755 1620 3826; x_wconf 75' lang='grc' dir='ltr'>ἁμαρτωλῶν,</span> <span class='ocrx_word' id='word_1_404' title='bbox 1666 3755 1874 3809; x_wconf 81' lang='grc' dir='ltr'>ἔσονται</span> <span class='ocrx_word' id='word_1_405' title='bbox 1909 3758 1984 3821; x_wconf 85' lang='grc' dir='ltr'>ὡς</span> 
     </span>
    </p>
   </div>
   <div class='ocr_carea' id='block_1_56' title="bbox 423 3840 721 3904">
    <p class='ocr_par' dir='ltr' id='par_1_56' title="bbox 423 3840 721 3904">
     <span class='ocr_line' id='line_1_56' title="bbox 423 3840 721 3904; baseline 0.01 -12"><span class='ocrx_word' id='word_1_406' title='bbox 423 3841 523 3892; x_wconf 82' lang='grc' dir='ltr'><strong>οὐκ</strong></span> <span class='ocrx_word' id='word_1_407' title='bbox 555 3840 721 3904; x_wconf 68' lang='grc' dir='ltr'>ὄντες.</span> 
     </span>
    </p>
   </div>
   <div class='ocr_carea' id='block_1_57' title="bbox 502 3931 1982 4006">
    <p class='ocr_par' dir='ltr' id='par_1_57' title="bbox 502 3931 1982 4006">
     <span class='ocr_line' id='line_1_57' title="bbox 502 3931 1982 4006; baseline 0.004 -22"><span class='ocrx_word' id='word_1_408' title='bbox 502 3931 608 3984; x_wconf 81' lang='grc' dir='ltr'><strong>Τοῦ</strong></span> <span class='ocrx_word' id='word_1_409' title='bbox 628 3933 832 3987; x_wconf 82' lang='grc' dir='ltr'>αὐτοῦ.</span> <span class='ocrx_word' id='word_1_410' title='bbox 862 3934 1066 3997; x_wconf 83' lang='grc' dir='ltr'>Πάντες</span> <span class='ocrx_word' id='word_1_411' title='bbox 1087 3937 1135 3987; x_wconf 83' lang='grc' dir='ltr'><strong>οῖ</strong></span> <span class='ocrx_word' id='word_1_412' title='bbox 1162 3935 1265 3989; x_wconf 79' lang='grc' dir='ltr'>τῶν</span> <span class='ocrx_word' id='word_1_413' title='bbox 1292 3937 1398 4006; x_wconf 74' lang='grc'><strong>(63)</strong></span> <span class='ocrx_word' id='word_1_414' title='bbox 1420 3937 1639 3992; x_wconf 87' lang='grc' dir='ltr'>δικαίων</span> <span class='ocrx_word' id='word_1_415' title='bbox 1665 3939 1740 4001; x_wconf 85' lang='grc' dir='ltr'>ὼς</span> <span class='ocrx_word' id='word_1_416' title='bbox 1760 3938 1982 3992; x_wconf 85' lang='grc' dir='ltr'>δικαίων</span> 
     </span>
    </p>
   </div>
   <div class='ocr_carea' id='block_1_58' title="bbox 427 4024 1984 4101">
    <p class='ocr_par' dir='ltr' id='par_1_58' title="bbox 427 4024 1984 4101">
     <span class='ocr_line' id='line_1_58' title="bbox 427 4024 1984 4101; baseline 0.005 -26"><span class='ocrx_word' id='word_1_417' title='bbox 427 4024 676 4094; x_wconf 79' lang='grc' dir='ltr'>πατέρες,</span> <span class='ocrx_word' id='word_1_418' title='bbox 709 4025 958 4096; x_wconf 83' lang='grc' dir='ltr'>πάροικοί</span> <span class='ocrx_word' id='word_1_419' title='bbox 985 4027 1089 4079; x_wconf 84' lang='grc' dir='ltr'>είσι</span> <span class='ocrx_word' id='word_1_420' title='bbox 1118 4029 1207 4080; x_wconf 71' lang='grc' dir='ltr'><strong>καὶ</strong></span> <span class='ocrx_word' id='word_1_421' title='bbox 1234 4029 1616 4099; x_wconf 77' lang='grc' dir='ltr'>παρεπίδημοι,</span> <span class='ocrx_word' id='word_1_422' title='bbox 1645 4029 1801 4083; x_wconf 82' lang='grc' dir='ltr'>σκιὰν</span> <span class='ocrx_word' id='word_1_423' title='bbox 1824 4030 1984 4101; x_wconf 82' lang='grc' dir='ltr'>ἡγού-</span> 
     </span>
    </p>
   </div>
   <div class='ocr_carea' id='block_1_59' title="bbox 428 4117 1348 4190">
    <p class='ocr_par' dir='ltr' id='par_1_59' title="bbox 428 4117 1348 4190">
     <span class='ocr_line' id='line_1_59' title="bbox 428 4117 1348 4190; baseline 0.01 -25"><span class='ocrx_word' id='word_1_424' title='bbox 428 4131 577 4182; x_wconf 85' lang='grc' dir='ltr'>μενοι</span> <span class='ocrx_word' id='word_1_425' title='bbox 603 4117 690 4168; x_wconf 88' lang='grc' dir='ltr'><strong>τὸν</strong></span> <span class='ocrx_word' id='word_1_426' title='bbox 723 4118 834 4185; x_wconf 76' lang='grc' dir='ltr'>βίον</span> <span class='ocrx_word' id='word_1_427' title='bbox 858 4118 947 4169; x_wconf 77' lang='grc' dir='ltr'><strong>τὸν</strong></span> <span class='ocrx_word' id='word_1_428' title='bbox 981 4119 1071 4170; x_wconf 76' lang='grc' dir='ltr'><strong>ἐπὶ</strong></span> <span class='ocrx_word' id='word_1_429' title='bbox 1099 4120 1196 4190; x_wconf 78' lang='grc' dir='ltr'>τῆς</span> <span class='ocrx_word' id='word_1_430' title='bbox 1228 4121 1348 4190; x_wconf 81' lang='grc' dir='ltr'>γῆς.</span> 
     </span>
    </p>
   </div>
   <div class='ocr_carea' id='block_1_60' title="bbox 498 4249 1329 4326">
    <p class='ocr_par' dir='ltr' id='par_1_60' title="bbox 498 4249 1329 4326">
     <span class='ocr_line' id='line_1_60' title="bbox 498 4249 1329 4326; baseline 0.011 -27"><span class='ocrx_word' id='word_1_431' title='bbox 635 4251 825 4326; x_wconf 49' lang='lat' dir='ltr'><strong>llatae</strong></span> <span class='ocrx_word' id='word_1_432' title='bbox 851 4253 1006 4316; x_wconf 76' lang='grc' dir='ltr'>ἐστι,</span> <span class='ocrx_word' id='word_1_433' title='bbox 1035 4267 1135 4326; x_wconf 81' lang='lat' dir='ltr'><strong>etc.</strong></span> <span class='ocrx_word' id='word_1_434' title='bbox 1168 4257 1329 4309; x_wconf 85' lang='lat' dir='ltr'><strong>Idem.</strong></span> 
     </span>
    </p>
   </div>
   <div class='ocr_carea' id='block_1_61' title="bbox 497 4319 1401 4389">
    <p class='ocr_par' dir='ltr' id='par_1_61' title="bbox 497 4319 1401 4389">
     <span class='ocr_line' id='line_1_61' title="bbox 497 4319 1401 4389; baseline 0.007 -17"><span class='ocrx_word' id='word_1_435' title='bbox 497 4319 607 4389; x_wconf 73' lang='grc'>(59)</span> <span class='ocrx_word' id='word_1_436' title='bbox 645 4323 718 4372; x_wconf 84' lang='grc' dir='ltr'><strong>Τὰ</strong></span> <span class='ocrx_word' id='word_1_437' title='bbox 753 4323 1075 4389; x_wconf 79' lang='grc' dir='ltr'>σωματικά,</span> <span class='ocrx_word' id='word_1_438' title='bbox 1106 4336 1212 4380; x_wconf 88' lang='lat' dir='ltr'><strong>etc.</strong></span> <span class='ocrx_word' id='word_1_439' title='bbox 1239 4326 1401 4378; x_wconf 76' lang='lat' dir='ltr'><strong>liletn.</strong></span> 
     </span>
    </p>
   </div>
   <div class='ocr_carea' id='block_1_62' title="bbox 501 4389 1978 4458">
    <p class='ocr_par' dir='ltr' id='par_1_62' title="bbox 501 4389 1978 4458">
     <span class='ocr_line' id='line_1_62' title="bbox 501 4389 1978 4458; baseline 0.004 -20"><span class='ocrx_word' id='word_1_440' title='bbox 501 4389 610 4458; x_wconf 68' lang='lat' dir='ltr'><strong>(uti)</strong></span> <span class='ocrx_word' id='word_1_441' title='bbox 640 4389 762 4456; x_wconf 72' lang='grc' dir='ltr'><strong>Πίῐς</strong></span> <span class='ocrx_word' id='word_1_442' title='bbox 801 4391 1125 4457; x_wconf 69' lang='grc' dir='ltr'>ἅνθρωπος.</span> <span class='ocrx_word' id='word_1_443' title='bbox 1163 4405 1266 4446; x_wconf 76' lang='lat' dir='ltr'><strong>etc.</strong></span> <span class='ocrx_word' id='word_1_444' title='bbox 1326 4395 1525 4447; x_wconf 74' lang='lat' dir='ltr'><strong>Catena</strong></span> <span class='ocrx_word' id='word_1_445' title='bbox 1568 4393 1835 4458; x_wconf 83' lang='lat' dir='ltr'><strong>Corderii,</strong></span> <span class='ocrx_word' id='word_1_446' title='bbox 1887 4393 1978 4446; x_wconf 83' lang='lat' dir='ltr'><strong>sed</strong></span> 
     </span>
    </p>
   </div>
   <div class='ocr_carea' id='block_1_63' title="bbox 429 4455 1979 4524">
    <p class='ocr_par' dir='ltr' id='par_1_63' title="bbox 429 4455 1979 4524">
     <span class='ocr_line' id='line_1_63' title="bbox 429 4455 1979 4524; baseline 0.005 -18"><span class='ocrx_word' id='word_1_447' title='bbox 429 4455 668 4524; x_wconf 83' lang='lat' dir='ltr'><strong>pleniora</strong></span> <span class='ocrx_word' id='word_1_448' title='bbox 704 4455 861 4510; x_wconf 76' lang='lat' dir='ltr'><strong>habet</strong></span> <span class='ocrx_word' id='word_1_449' title='bbox 900 4455 1101 4513; x_wconf 72' lang='lat' dir='ltr'><strong>Catena</strong></span> <span class='ocrx_word' id='word_1_450' title='bbox 1135 4461 1353 4515; x_wconf 83' lang='lat' dir='ltr'><strong>Barbari</strong></span> <span class='ocrx_word' id='word_1_451' title='bbox 1384 4482 1396 4515; x_wconf 86' lang='lat'><strong>:</strong></span> <span class='ocrx_word' id='word_1_452' title='bbox 1423 4464 1606 4517; x_wconf 85' lang='lat' dir='ltr'><strong>Omnis</strong></span> <span class='ocrx_word' id='word_1_453' title='bbox 1637 4466 1787 4515; x_wconf 80' lang='lat' dir='ltr'><strong>homo</strong></span> <span class='ocrx_word' id='word_1_454' title='bbox 1811 4455 1979 4516; x_wconf 71' lang='lat' dir='ltr'><strong>uirens</strong></span> 
     </span>
    </p>
   </div>
   <div class='ocr_carea' id='block_1_64' title="bbox 427 4525 1982 4597">
    <p class='ocr_par' dir='ltr' id='par_1_64' title="bbox 427 4525 1982 4597">
     <span class='ocr_line' id='line_1_64' title="bbox 427 4525 1982 4597; baseline 0.005 -21"><span class='ocrx_word' id='word_1_455' title='bbox 427 4525 481 4597; x_wconf 80' lang='lat' dir='ltr'><strong>in</strong></span> <span class='ocrx_word' id='word_1_456' title='bbox 513 4525 736 4592; x_wconf 80' lang='lat' dir='ltr'><strong>imagine</strong></span> <span class='ocrx_word' id='word_1_457' title='bbox 768 4530 1076 4597; x_wconf 82' lang='lat' dir='ltr'><strong>pertransit,</strong></span> <span class='ocrx_word' id='word_1_458' title='bbox 1113 4533 1185 4582; x_wconf 77' lang='lat' dir='ltr'><strong>vel</strong></span> <span class='ocrx_word' id='word_1_459' title='bbox 1217 4547 1473 4597; x_wconf 74' lang='lat' dir='ltr'><strong>quatenus</strong></span> <span class='ocrx_word' id='word_1_460' title='bbox 1505 4535 1558 4584; x_wconf 90' lang='lat' dir='ltr'><strong>id</strong></span> <span class='ocrx_word' id='word_1_461' title='bbox 1591 4543 1763 4586; x_wconf 76' lang='lat' dir='ltr'><strong>seruat</strong></span> <span class='ocrx_word' id='word_1_462' title='bbox 1801 4542 1850 4585; x_wconf 84' lang='lat' dir='ltr'><strong>et</strong></span> <span class='ocrx_word' id='word_1_463' title='bbox 1902 4547 1982 4584; x_wconf 84' lang='lat' dir='ltr'><strong>re-</strong></span> 
     </span>
    </p>
   </div>
   <div class='ocr_carea' id='block_1_65' title="bbox 427 4593 1982 4667">
    <p class='ocr_par' dir='ltr' id='par_1_65' title="bbox 427 4593 1982 4667">
     <span class='ocr_line' id='line_1_65' title="bbox 427 4593 1982 4667; baseline -0.003 -23"><span class='ocrx_word' id='word_1_464' title='bbox 427 4593 552 4667; x_wconf 70' lang='lat' dir='ltr'><strong>tinet</strong></span> <span class='ocrx_word' id='word_1_465' title='bbox 583 4598 718 4667; x_wconf 81' lang='lat' dir='ltr'><strong>quod</strong></span> <span class='ocrx_word' id='word_1_466' title='bbox 749 4596 1036 4667; x_wconf 70' lang='lat' dir='ltr'><strong>estadlhi</strong></span> <span class='ocrx_word' id='word_1_467' title='bbox 1069 4593 1366 4666; x_wconf 74' lang='lat' dir='ltr'><strong>imaginem,</strong></span> <span class='ocrx_word' id='word_1_468' title='bbox 1417 4603 1502 4667; x_wconf 83' lang='lat' dir='ltr'><strong>qui</strong></span> <span class='ocrx_word' id='word_1_469' title='bbox 1535 4603 1817 4667; x_wconf 62' lang='lat' dir='ltr'><strong>pem-ama</strong></span> <span class='ocrx_word' id='word_1_470' title='bbox 1864 4618 1982 4666; x_wconf 73' lang='grc' dir='ltr'>ρνο.</span> 
     </span>
    </p>
   </div>
   <div class='ocr_carea' id='block_1_66' title="bbox 426 4621 1982 4737">
    <p class='ocr_par' dir='ltr' id='par_1_66' title="bbox 426 4621 1982 4737">
     <span class='ocr_line' id='line_1_66' title="bbox 427 4621 1982 4667; baseline 0.005 -23"><span class='ocrx_word' id='word_1_471' title='bbox 427 4621 552 4645; x_wconf 77' lang='lat' dir='ltr'><strong>tuin</strong></span> <span class='ocrx_word' id='word_1_472' title='bbox 583 4621 717 4662; x_wconf 74' lang='lat' dir='ltr'><strong>quau</strong></span> <span class='ocrx_word' id='word_1_473' title='bbox 749 4621 820 4648; x_wconf 74' lang='lat' dir='ltr'><strong>ut</strong></span> <span class='ocrx_word' id='word_1_474' title='bbox 852 4621 917 4648; x_wconf 84' lang='lat' dir='ltr'><strong>ttu</strong></span> <span class='ocrx_word' id='word_1_475' title='bbox 947 4621 1036 4649; x_wconf 79' lang='lat' dir='ltr'><strong>un</strong></span> <span class='ocrx_word' id='word_1_476' title='bbox 1069 4621 1366 4666; x_wconf 75' lang='lat' dir='ltr'><strong>Imaginem,</strong></span> <span class='ocrx_word' id='word_1_477' title='bbox 1453 4621 1502 4656; x_wconf 79' lang='grc' dir='ltr'>ιη</span> <span class='ocrx_word' id='word_1_478' title='bbox 1535 4621 1817 4667; x_wconf 84' lang='lat' dir='ltr'><strong>pertransit</strong></span> <span class='ocrx_word' id='word_1_479' title='bbox 1864 4621 1982 4666; x_wconf 85' lang='lat' dir='ltr'><strong>pra-</strong></span> 
     </span>
     <span class='ocr_line' id='line_1_67' title="bbox 426 4621 1982 4737; baseline 0.006 -26"><span class='ocrx_word' id='word_1_480' title='bbox 426 4662 669 4737; x_wconf 43' lang='lat' dir='ltr'><strong>l‘icientlo,</strong></span> <span class='ocrx_word' id='word_1_481' title='bbox 702 4675 801 4737; x_wconf 72' lang='lat' dir='ltr'><strong>hoc</strong></span> <span class='ocrx_word' id='word_1_482' title='bbox 829 4666 880 4737; x_wconf 84' lang='lat' dir='ltr'><strong>in</strong></span> <span class='ocrx_word' id='word_1_483' title='bbox 909 4666 1111 4737; x_wconf 50' lang='lat' dir='ltr'><strong>clinium</strong></span> <span class='ocrx_word' id='word_1_484' title='bbox 1138 4669 1360 4735; x_wconf 80' lang='lat' dir='ltr'><strong>imagine</strong></span> <span class='ocrx_word' id='word_1_485' title='bbox 1405 4621 1552 4737; x_wconf 59' lang='lat' dir='ltr'><strong>ﬂuit,</strong></span> <span class='ocrx_word' id='word_1_486' title='bbox 1605 4688 1719 4722; x_wconf 84' lang='lat' dir='ltr'><strong>cum</strong></span> <span class='ocrx_word' id='word_1_487' title='bbox 1760 4674 1826 4723; x_wconf 89' lang='lat' dir='ltr'><strong>sit</strong></span> <span class='ocrx_word' id='word_1_488' title='bbox 1863 4687 1982 4721; x_wconf 82' lang='lat' dir='ltr'><strong>con-</strong></span> 
     </span>
    </p>
   </div>
   <div class='ocr_carea' id='block_1_67' title="bbox 427 4729 1981 4806">
    <p class='ocr_par' dir='ltr' id='par_1_67' title="bbox 427 4729 1981 4806">
     <span class='ocr_line' id='line_1_68' title="bbox 427 4729 1981 4806; baseline 0.006 -26"><span class='ocrx_word' id='word_1_489' title='bbox 427 4729 609 4806; x_wconf 72' lang='lat' dir='ltr'><strong>formis</strong></span> <span class='ocrx_word' id='word_1_490' title='bbox 645 4733 858 4806; x_wconf 76' lang='lat' dir='ltr'><strong>imagini</strong></span> <span class='ocrx_word' id='word_1_491' title='bbox 901 4733 1032 4806; x_wconf 82' lang='lat' dir='ltr'><strong>Filii</strong></span> <span class='ocrx_word' id='word_1_492' title='bbox 1076 4735 1210 4797; x_wconf 87' lang='lat' dir='ltr'><strong>Dei;</strong></span> <span class='ocrx_word' id='word_1_493' title='bbox 1243 4729 1340 4787; x_wconf 46' lang='grc' dir='ltr'><strong>*τοι</strong></span> <span class='ocrx_word' id='word_1_494' title='bbox 1388 4729 1640 4806; x_wconf 77' lang='lat' dir='ltr'><strong>quatenus</strong></span> <span class='ocrx_word' id='word_1_495' title='bbox 1681 4741 1867 4792; x_wconf 80' lang='lat' dir='ltr'><strong>similis</strong></span> <span class='ocrx_word' id='word_1_496' title='bbox 1907 4748 1981 4790; x_wconf 82' lang='lat' dir='ltr'><strong>est</strong></span> 
     </span>
    </p>
   </div>
   <div class='ocr_carea' id='block_1_68' title="bbox 427 4797 1984 4874">
    <p class='ocr_par' dir='ltr' id='par_1_68' title="bbox 427 4797 1984 4874">
     <span class='ocr_line' id='line_1_69' title="bbox 427 4797 1984 4874; baseline 0.008 -26"><span class='ocrx_word' id='word_1_497' title='bbox 427 4799 590 4874; x_wconf 68' lang='lat' dir='ltr'><strong>alicui</strong></span> <span class='ocrx_word' id='word_1_498' title='bbox 631 4797 868 4874; x_wconf 76' lang='lat' dir='ltr'><strong>animali.</strong></span> <span class='ocrx_word' id='word_1_499' title='bbox 905 4804 982 4855; x_wconf 80' lang='lat' dir='ltr'><strong>vel</strong></span> <span class='ocrx_word' id='word_1_500' title='bbox 1036 4821 1166 4870; x_wconf 83' lang='lat' dir='ltr'><strong>equo</strong></span> <span class='ocrx_word' id='word_1_501' title='bbox 1211 4797 1646 4874; x_wconf 64' lang='lat' dir='ltr'><strong>amore&quot;{ureuti,</strong></span> <span class='ocrx_word' id='word_1_502' title='bbox 1689 4813 1764 4862; x_wconf 72' lang='lat' dir='ltr'><strong>vel</strong></span> <span class='ocrx_word' id='word_1_503' title='bbox 1799 4808 1984 4861; x_wconf 68' lang='lat' dir='ltr'><strong>bellua:</strong></span> 
     </span>
    </p>
   </div>
   <div class='ocr_carea' id='block_1_69' title="bbox 425 4868 1248 4936">
    <p class='ocr_par' dir='ltr' id='par_1_69' title="bbox 425 4868 1248 4936">
     <span class='ocr_line' id='line_1_70' title="bbox 425 4868 1248 4936; baseline 0.005 -16"><span class='ocrx_word' id='word_1_504' title='bbox 425 4868 596 4936; x_wconf 78' lang='lat' dir='ltr'><strong>alicui</strong></span> <span class='ocrx_word' id='word_1_505' title='bbox 625 4868 771 4936; x_wconf 78' lang='lat' dir='ltr'><strong>Cujus</strong></span> <span class='ocrx_word' id='word_1_506' title='bbox 804 4888 968 4924; x_wconf 86' lang='lat' dir='ltr'><strong>mores</strong></span> <span class='ocrx_word' id='word_1_507' title='bbox 999 4868 1248 4926; x_wconf 82' lang='lat' dir='ltr'><strong>imitetur.</strong></span> 
     </span>
    </p>
   </div>
   <div class='ocr_carea' id='block_1_70' title="bbox 496 4935 1955 5010">
    <p class='ocr_par' dir='ltr' id='par_1_70' title="bbox 496 4935 1955 5010">
     <span class='ocr_line' id='line_1_71' title="bbox 496 4935 1955 5010; baseline 0.003 -18"><span class='ocrx_word' id='word_1_508' title='bbox 496 4935 611 5010; x_wconf 60' lang='lat' dir='ltr'><strong>(lii)</strong></span> <span class='ocrx_word' id='word_1_509' title='bbox 641 4935 725 5010; x_wconf 81' lang='grc' dir='ltr'>Σύ</span> <span class='ocrx_word' id='word_1_510' title='bbox 748 4955 848 5007; x_wconf 84' lang='grc' dir='ltr'><strong>μοι</strong></span> <span class='ocrx_word' id='word_1_511' title='bbox 885 4941 950 4993; x_wconf 83' lang='grc' dir='ltr'>τὸ</span> <span class='ocrx_word' id='word_1_512' title='bbox 979 4942 1289 5010; x_wconf 74' lang='grc' dir='ltr'>δύνασθαι,</span> <span class='ocrx_word' id='word_1_513' title='bbox 1331 4953 1434 4998; x_wconf 88' lang='lat' dir='ltr'><strong>etc.</strong></span> <span class='ocrx_word' id='word_1_514' title='bbox 1465 4945 1661 5001; x_wconf 85' lang='lat' dir='ltr'><strong>Catena</strong></span> <span class='ocrx_word' id='word_1_515' title='bbox 1690 4945 1955 5000; x_wconf 80' lang='lat' dir='ltr'><strong>Cordetii.</strong></span> 
     </span>
    </p>
   </div>
   <div class='ocr_carea' id='block_1_71' title="bbox 496 5006 1526 5078">
    <p class='ocr_par' dir='ltr' id='par_1_71' title="bbox 496 5006 1526 5078">
     <span class='ocr_line' id='line_1_72' title="bbox 496 5006 1526 5078; baseline 0.011 -21"><span class='ocrx_word' id='word_1_516' title='bbox 496 5006 610 5078; x_wconf 66' lang='grc'><strong>(62)</strong></span> <span class='ocrx_word' id='word_1_517' title='bbox 645 5006 897 5075; x_wconf 56' lang='grc' dir='ltr'>Ἀφρονὰ</span> <span class='ocrx_word' id='word_1_518' title='bbox 923 5029 1132 5078; x_wconf 72' lang='grc' dir='ltr'><strong>φησιν,</strong></span> <span class='ocrx_word' id='word_1_519' title='bbox 1167 5006 1283 5065; x_wconf 56' lang='lat' dir='ltr'><strong>etc.</strong></span> <span class='ocrx_word' id='word_1_520' title='bbox 1310 5014 1526 5068; x_wconf 74' lang='lat' dir='ltr'><strong>Eadem.</strong></span> 
     </span>
    </p>
   </div>
   <div class='ocr_carea' id='block_1_72' title="bbox 493 5074 1626 5145">
    <p class='ocr_par' dir='ltr' id='par_1_72' title="bbox 493 5074 1626 5145">
     <span class='ocr_line' id='line_1_73' title="bbox 493 5074 1626 5145; baseline 0.007 -17"><span class='ocrx_word' id='word_1_521' title='bbox 493 5074 608 5145; x_wconf 79' lang='lat'><strong>(65)</strong></span> <span class='ocrx_word' id='word_1_522' title='bbox 634 5074 882 5132; x_wconf 58' lang='grc' dir='ltr'>Δύναται</span> <span class='ocrx_word' id='word_1_523' title='bbox 914 5074 1011 5134; x_wconf 67' lang='grc' dir='ltr'>καὶ</span> <span class='ocrx_word' id='word_1_524' title='bbox 1038 5080 1231 5142; x_wconf 86' lang='grc' dir='ltr'>τοῦτο.</span> <span class='ocrx_word' id='word_1_525' title='bbox 1270 5093 1373 5137; x_wconf 85' lang='lat' dir='ltr'><strong>etc.</strong></span> <span class='ocrx_word' id='word_1_526' title='bbox 1405 5083 1626 5142; x_wconf 69' lang='lat' dir='ltr'><strong>Eadem.</strong></span> 
     </span>
    </p>
   </div>
   <div class='ocr_carea' id='block_1_73' title="bbox 494 5147 1978 5215">
    <p class='ocr_par' dir='ltr' id='par_1_73' title="bbox 494 5147 1978 5215">
     <span class='ocr_line' id='line_1_74' title="bbox 494 5147 1978 5215; baseline 0.005 -16"><span class='ocrx_word' id='word_1_527' title='bbox 494 5147 608 5215; x_wconf 68' lang='grc'><strong>(64)</strong></span> <span class='ocrx_word' id='word_1_528' title='bbox 649 5147 702 5200; x_wconf 91' lang='grc' dir='ltr'><strong><em>Ὀ</em></strong></span> <span class='ocrx_word' id='word_1_529' title='bbox 739 5149 1032 5214; x_wconf 76' lang='grc' dir='ltr'>πολλάκις</span> <span class='ocrx_word' id='word_1_530' title='bbox 1077 5150 1274 5213; x_wconf 75' lang='grc' dir='ltr'>εἰπών,</span> <span class='ocrx_word' id='word_1_531' title='bbox 1339 5163 1441 5206; x_wconf 88' lang='lat' dir='ltr'><strong>etc.</strong></span> <span class='ocrx_word' id='word_1_532' title='bbox 1491 5152 1710 5206; x_wconf 86' lang='lat' dir='ltr'><strong>Eadem.</strong></span> <span class='ocrx_word' id='word_1_533' title='bbox 1746 5155 1800 5207; x_wconf 93' lang='lat' dir='ltr'><strong>In</strong></span> <span class='ocrx_word' id='word_1_534' title='bbox 1838 5154 1978 5207; x_wconf 86' lang='lat' dir='ltr'><strong>hunc</strong></span> 
     </span>
    </p>
   </div>
   <div class='ocr_carea' id='block_1_74' title="bbox 423 5220 1972 5281">
    <p class='ocr_par' dir='ltr' id='par_1_74' title="bbox 423 5220 1972 5281">
     <span class='ocr_line' id='line_1_75' title="bbox 423 5220 1972 5281; baseline 0.005 -14"><span class='ocrx_word' id='word_1_535' title='bbox 423 5229 605 5274; x_wconf 74' lang='lat' dir='ltr'><strong>autem</strong></span> <span class='ocrx_word' id='word_1_536' title='bbox 631 5231 840 5272; x_wconf 84' lang='lat' dir='ltr'><strong>versum</strong></span> <span class='ocrx_word' id='word_1_537' title='bbox 869 5221 1012 5275; x_wconf 82' lang='lat' dir='ltr'><strong>aliud</strong></span> <span class='ocrx_word' id='word_1_538' title='bbox 1037 5220 1279 5277; x_wconf 76' lang='lat' dir='ltr'><strong>scholion</strong></span> <span class='ocrx_word' id='word_1_539' title='bbox 1306 5222 1466 5278; x_wconf 80' lang='lat' dir='ltr'><strong>habet</strong></span> <span class='ocrx_word' id='word_1_540' title='bbox 1486 5223 1684 5280; x_wconf 87' lang='lat' dir='ltr'><strong>Catena</strong></span> <span class='ocrx_word' id='word_1_541' title='bbox 1720 5225 1972 5281; x_wconf 82' lang='lat' dir='ltr'><strong>Barbari:</strong></span> 
     </span>
    </p>
   </div>
   <div class='ocr_carea' id='block_1_75' title="bbox 422 5289 1978 5365">
    <p class='ocr_par' dir='ltr' id='par_1_75' title="bbox 422 5289 1978 5365">
     <span class='ocr_line' id='line_1_76' title="bbox 422 5289 1978 5365; baseline 0.001 -23"><span class='ocrx_word' id='word_1_542' title='bbox 422 5291 627 5365; x_wconf 71' lang='lat' dir='ltr'><strong>Causas</strong></span> <span class='ocrx_word' id='word_1_543' title='bbox 650 5299 852 5365; x_wconf 77' lang='lat' dir='ltr'><strong>narrat,</strong></span> <span class='ocrx_word' id='word_1_544' title='bbox 881 5290 1066 5365; x_wconf 61' lang='lat' dir='ltr'><strong>quibus</strong></span> <span class='ocrx_word' id='word_1_545' title='bbox 1100 5289 1193 5365; x_wconf 80' lang='lat' dir='ltr'><strong>Dei</strong></span> <span class='ocrx_word' id='word_1_546' title='bbox 1233 5294 1588 5365; x_wconf 72' lang='lat' dir='ltr'><strong>misericordia</strong></span> <span class='ocrx_word' id='word_1_547' title='bbox 1615 5295 1800 5365; x_wconf 83' lang='lat' dir='ltr'><strong>dignus</strong></span> <span class='ocrx_word' id='word_1_548' title='bbox 1827 5293 1978 5345; x_wconf 78' lang='lat' dir='ltr'><strong>(tanta</strong></span> 
     </span>
    </p>
   </div>
   <div class='ocr_carea' id='block_1_76' title="bbox 422 5358 1975 5430">
    <p class='ocr_par' dir='ltr' id='par_1_76' title="bbox 422 5358 1975 5430">
     <span class='ocr_line' id='line_1_77' title="bbox 422 5358 1975 5430; baseline 0.003 -20"><span class='ocrx_word' id='word_1_549' title='bbox 422 5358 617 5410; x_wconf 71' lang='lat' dir='ltr'><strong>censeri</strong></span> <span class='ocrx_word' id='word_1_550' title='bbox 657 5359 860 5414; x_wconf 72' lang='lat' dir='ltr'><strong>delicat.</strong></span> <span class='ocrx_word' id='word_1_551' title='bbox 917 5358 1048 5422; x_wconf 90' lang='lat' dir='ltr'><strong>Quis</strong></span> <span class='ocrx_word' id='word_1_552' title='bbox 1105 5363 1238 5412; x_wconf 85' lang='lat' dir='ltr'><strong>enim</strong></span> <span class='ocrx_word' id='word_1_553' title='bbox 1277 5365 1472 5430; x_wconf 86' lang='lat' dir='ltr'><strong>estqui</strong></span> <span class='ocrx_word' id='word_1_554' title='bbox 1534 5358 1754 5416; x_wconf 71' lang='lat' dir='ltr'><strong>incolam</strong></span> <span class='ocrx_word' id='word_1_555' title='bbox 1822 5377 1975 5415; x_wconf 81' lang='lat' dir='ltr'><strong>suum</strong></span> 
     </span>
    </p>
   </div>
   <div class='ocr_carea' id='block_1_77' title="bbox 2091 1761 3652 1821">
    <p class='ocr_par' dir='ltr' id='par_1_77' title="bbox 2091 1761 3652 1821">
     <span class='ocr_line' id='line_1_78' title="bbox 2091 1761 3652 1821; baseline 0.004 -7"><span class='ocrx_word' id='word_1_556' title='bbox 2091 1763 2360 1815; x_wconf 86' lang='lat' dir='ltr'><strong>sustinere</strong></span> <span class='ocrx_word' id='word_1_557' title='bbox 2390 1761 2618 1814; x_wconf 85' lang='lat' dir='ltr'><strong>docuisti</strong></span> <span class='ocrx_word' id='word_1_558' title='bbox 2672 1777 2735 1815; x_wconf 90' lang='lat' dir='ltr'><strong>ac</strong></span> <span class='ocrx_word' id='word_1_559' title='bbox 2768 1762 2910 1815; x_wconf 89' lang='lat' dir='ltr'><strong>ferre</strong></span> <span class='ocrx_word' id='word_1_560' title='bbox 2949 1762 3144 1817; x_wconf 87' lang='lat' dir='ltr'><strong>fecisti.</strong></span> <span class='ocrx_word' id='word_1_561' title='bbox 3184 1764 3317 1818; x_wconf 89' lang='lat' dir='ltr'><strong>Cum</strong></span> <span class='ocrx_word' id='word_1_562' title='bbox 3347 1767 3559 1821; x_wconf 89' lang='lat' dir='ltr'><strong>noveris</strong></span> <span class='ocrx_word' id='word_1_563' title='bbox 3589 1769 3652 1820; x_wconf 85' lang='lat' dir='ltr'><strong>li-</strong></span> 
     </span>
    </p>
   </div>
   <div class='ocr_carea' id='block_1_78' title="bbox 2090 1854 3438 1925">
    <p class='ocr_par' dir='ltr' id='par_1_78' title="bbox 2090 1854 3438 1925">
     <span class='ocr_line' id='line_1_79' title="bbox 2090 1854 3438 1925; baseline 0.006 -22"><span class='ocrx_word' id='word_1_564' title='bbox 2090 1861 2363 1922; x_wconf 83' lang='lat' dir='ltr'><strong>gtnentnm</strong></span> <span class='ocrx_word' id='word_1_565' title='bbox 2397 1868 2594 1917; x_wconf 85' lang='lat' dir='ltr'><strong>meum,</strong></span> <span class='ocrx_word' id='word_1_566' title='bbox 2622 1854 2782 1908; x_wconf 90' lang='lat' dir='ltr'><strong>etiam</strong></span> <span class='ocrx_word' id='word_1_567' title='bbox 2815 1854 3167 1909; x_wconf 86' lang='lat' dir='ltr'><strong>imbecillitati</strong></span> <span class='ocrx_word' id='word_1_568' title='bbox 3202 1857 3438 1925; x_wconf 77' lang='lat' dir='ltr'><strong>ignosce.</strong></span> 
     </span>
    </p>
   </div>
   <div class='ocr_carea' id='block_1_79' title="bbox 2161 1941 3649 2013">
    <p class='ocr_par' dir='ltr' id='par_1_79' title="bbox 2161 1941 3649 2013">
     <span class='ocr_line' id='line_1_80' title="bbox 2161 1941 3649 2013; baseline 0.007 -19"><span class='ocrx_word' id='word_1_569' title='bbox 2161 1941 2325 1997; x_wconf 71' lang='lat' dir='ltr'><strong>Vens.</strong></span> <span class='ocrx_word' id='word_1_570' title='bbox 2359 1942 2412 1998; x_wconf 88' lang='lat'><strong>9.</strong></span> <span class='ocrx_word' id='word_1_571' title='bbox 2458 1941 2803 2011; x_wconf 87' lang='lat' dir='ltr'><strong>Opprobrium</strong></span> <span class='ocrx_word' id='word_1_572' title='bbox 2851 1946 3117 2013; x_wconf 90' lang='lat' dir='ltr'><strong>insipienti</strong></span> <span class='ocrx_word' id='word_1_573' title='bbox 3163 1949 3356 2001; x_wconf 65' lang='lat' dir='ltr'><strong>dei-(isti</strong></span> <span class='ocrx_word' id='word_1_574' title='bbox 3395 1965 3493 2010; x_wconf 88' lang='lat' dir='ltr'><strong>me,</strong></span> <span class='ocrx_word' id='word_1_575' title='bbox 3542 1961 3649 2004; x_wconf 90' lang='lat' dir='ltr'><strong>etc.</strong></span> 
     </span>
    </p>
   </div>
   <div class='ocr_carea' id='block_1_80' title="bbox 2090 2033 3652 2109">
    <p class='ocr_par' dir='ltr' id='par_1_80' title="bbox 2090 2033 3652 2109">
     <span class='ocr_line' id='line_1_81' title="bbox 2090 2033 3652 2109; baseline 0.003 -21"><span class='ocrx_word' id='word_1_576' title='bbox 2090 2033 2433 2104; x_wconf 86' lang='lat' dir='ltr'><strong>lnsipientem</strong></span> <span class='ocrx_word' id='word_1_577' title='bbox 2460 2044 2634 2099; x_wconf 85' lang='lat' dir='ltr'><strong>vocat,</strong></span> <span class='ocrx_word' id='word_1_578' title='bbox 2663 2051 2822 2104; x_wconf 84' lang='lat' dir='ltr'><strong>quem</strong></span> <span class='ocrx_word' id='word_1_579' title='bbox 2857 2045 3014 2092; x_wconf 81' lang='lat' dir='ltr'><strong>antea</strong></span> <span class='ocrx_word' id='word_1_580' title='bbox 3044 2049 3381 2106; x_wconf 79' lang='lat' dir='ltr'><strong>peccatorem</strong></span> <span class='ocrx_word' id='word_1_581' title='bbox 3413 2042 3652 2109; x_wconf 85' lang='lat' dir='ltr'><strong>appella—</strong></span> 
     </span>
    </p>
   </div>
   <div class='ocr_carea' id='block_1_81' title="bbox 2087 2125 3648 2198">
    <p class='ocr_par' dir='ltr' id='par_1_81' title="bbox 2087 2125 3648 2198">
     <span class='ocr_line' id='line_1_82' title="bbox 2087 2125 3648 2198; baseline 0.004 -19"><span class='ocrx_word' id='word_1_582' title='bbox 2087 2134 2260 2179; x_wconf 83' lang='lat' dir='ltr'><strong>verat.</strong></span> <span class='ocrx_word' id='word_1_583' title='bbox 2306 2125 2496 2179; x_wconf 82' lang='lat' dir='ltr'><strong>Tradit</strong></span> <span class='ocrx_word' id='word_1_584' title='bbox 2526 2136 2702 2180; x_wconf 90' lang='lat' dir='ltr'><strong>autem</strong></span> <span class='ocrx_word' id='word_1_585' title='bbox 2736 2127 2876 2182; x_wconf 87' lang='lat' dir='ltr'><strong>Deus</strong></span> <span class='ocrx_word' id='word_1_586' title='bbox 2905 2129 2955 2181; x_wconf 91' lang='lat' dir='ltr'><strong>in</strong></span> <span class='ocrx_word' id='word_1_587' title='bbox 2993 2129 3341 2197; x_wconf 86' lang='lat' dir='ltr'><strong>opprobrium</strong></span> <span class='ocrx_word' id='word_1_588' title='bbox 3386 2131 3449 2184; x_wconf 84' lang='lat' dir='ltr'><strong>ad</strong></span> <span class='ocrx_word' id='word_1_589' title='bbox 3487 2131 3648 2198; x_wconf 77' lang='lat' dir='ltr'><strong>majo-</strong></span> 
     </span>
    </p>
   </div>
   <div class='ocr_carea' id='block_1_82' title="bbox 2093 2216 3655 2288">
    <p class='ocr_par' dir='ltr' id='par_1_82' title="bbox 2093 2216 3655 2288">
     <span class='ocr_line' id='line_1_83' title="bbox 2093 2216 3655 2288; baseline 0.003 -18"><span class='ocrx_word' id='word_1_590' title='bbox 2093 2231 2204 2270; x_wconf 91' lang='lat' dir='ltr'><strong>rem</strong></span> <span class='ocrx_word' id='word_1_591' title='bbox 2239 2216 2684 2270; x_wconf 76' lang='lat' dir='ltr'><strong>confessionem:</strong></span> <span class='ocrx_word' id='word_1_592' title='bbox 2724 2218 2864 2286; x_wconf 90' lang='lat' dir='ltr'><strong>quod</strong></span> <span class='ocrx_word' id='word_1_593' title='bbox 2917 2233 2982 2272; x_wconf 90' lang='lat' dir='ltr'><strong>ne</strong></span> <span class='ocrx_word' id='word_1_594' title='bbox 3020 2219 3116 2288; x_wconf 86' lang='lat' dir='ltr'><strong>ipsi</strong></span> <span class='ocrx_word' id='word_1_595' title='bbox 3177 2222 3408 2283; x_wconf 85' lang='lat' dir='ltr'><strong>accidat,</strong></span> <span class='ocrx_word' id='word_1_596' title='bbox 3463 2222 3655 2286; x_wconf 84' lang='lat' dir='ltr'><strong>depre-</strong></span> 
     </span>
    </p>
   </div>
   <div class='ocr_carea' id='block_1_83' title="bbox 2089 2307 3656 2380">
    <p class='ocr_par' dir='ltr' id='par_1_83' title="bbox 2089 2307 3656 2380">
     <span class='ocr_line' id='line_1_84' title="bbox 2089 2307 3656 2380; baseline 0.004 -20"><span class='ocrx_word' id='word_1_597' title='bbox 2089 2317 2242 2360; x_wconf 88' lang='lat' dir='ltr'><strong>catur</strong></span> <span class='ocrx_word' id='word_1_598' title='bbox 2268 2308 2311 2360; x_wconf 93' lang='lat' dir='ltr'><strong>is</strong></span> <span class='ocrx_word' id='word_1_599' title='bbox 2347 2307 2434 2374; x_wconf 90' lang='lat' dir='ltr'><strong>qui</strong></span> <span class='ocrx_word' id='word_1_600' title='bbox 2474 2307 2588 2360; x_wconf 65' lang='lat' dir='ltr'><strong>haec</strong></span> <span class='ocrx_word' id='word_1_601' title='bbox 2638 2308 2787 2373; x_wconf 82' lang='lat' dir='ltr'><strong>dicit,</strong></span> <span class='ocrx_word' id='word_1_602' title='bbox 2821 2317 3001 2377; x_wconf 89' lang='lat' dir='ltr'><strong>utpote</strong></span> <span class='ocrx_word' id='word_1_603' title='bbox 3031 2321 3224 2380; x_wconf 89' lang='lat' dir='ltr'><strong>sponte</strong></span> <span class='ocrx_word' id='word_1_604' title='bbox 3247 2327 3340 2364; x_wconf 89' lang='lat' dir='ltr'><strong>sua</strong></span> <span class='ocrx_word' id='word_1_605' title='bbox 3377 2311 3656 2366; x_wconf 84' lang='lat' dir='ltr'><strong>confessu-</strong></span> 
     </span>
    </p>
   </div>
   <div class='ocr_carea' id='block_1_84' title="bbox 2091 2398 3086 2466">
    <p class='ocr_par' dir='ltr' id='par_1_84' title="bbox 2091 2398 3086 2466">
     <span class='ocr_line' id='line_1_85' title="bbox 2091 2398 3086 2466; baseline 0.003 -15"><span class='ocrx_word' id='word_1_606' title='bbox 2091 2414 2181 2452; x_wconf 88' lang='lat' dir='ltr'><strong>rus</strong></span> <span class='ocrx_word' id='word_1_607' title='bbox 2209 2399 2503 2452; x_wconf 87' lang='lat' dir='ltr'><strong>secumlnm</strong></span> <span class='ocrx_word' id='word_1_608' title='bbox 2541 2398 2934 2466; x_wconf 83' lang='lat' dir='ltr'><strong>beneplacitum</strong></span> <span class='ocrx_word' id='word_1_609' title='bbox 2971 2401 3086 2454; x_wconf 89' lang='lat' dir='ltr'><strong>Dei.</strong></span> 
     </span>
    </p>
   </div>
   <div class='ocr_carea' id='block_1_85' title="bbox 2163 2487 3656 2562">
    <p class='ocr_par' dir='ltr' id='par_1_85' title="bbox 2163 2487 3656 2562">
     <span class='ocr_line' id='line_1_86' title="bbox 2163 2487 3656 2562; baseline 0.002 -20"><span class='ocrx_word' id='word_1_610' title='bbox 2163 2489 2323 2543; x_wconf 74' lang='lat' dir='ltr'><strong>Vens.</strong></span> <span class='ocrx_word' id='word_1_611' title='bbox 2357 2488 2443 2543; x_wconf 70' lang='lat'><strong>10.</strong></span> <span class='ocrx_word' id='word_1_612' title='bbox 2481 2487 2728 2543; x_wconf 86' lang='lat' dir='ltr'><strong>Obmutui</strong></span> <span class='ocrx_word' id='word_1_613' title='bbox 2758 2503 2803 2542; x_wconf 88' lang='lat' dir='ltr'><strong>et</strong></span> <span class='ocrx_word' id='word_1_614' title='bbox 2838 2507 2939 2543; x_wconf 88' lang='lat' dir='ltr'><strong>non</strong></span> <span class='ocrx_word' id='word_1_615' title='bbox 2970 2491 3153 2556; x_wconf 86' lang='lat' dir='ltr'><strong>aperui</strong></span> <span class='ocrx_word' id='word_1_616' title='bbox 3200 2507 3257 2544; x_wconf 89' lang='lat' dir='ltr'><strong>os</strong></span> <span class='ocrx_word' id='word_1_617' title='bbox 3302 2507 3494 2557; x_wconf 88' lang='lat' dir='ltr'><strong>meum,</strong></span> <span class='ocrx_word' id='word_1_618' title='bbox 3523 2509 3656 2562; x_wconf 88' lang='lat' dir='ltr'><strong>quo-</strong></span> 
     </span>
    </p>
   </div>
   <div class='ocr_carea' id='block_1_86' title="bbox 2089 2578 3656 2651">
    <p class='ocr_par' dir='ltr' id='par_1_86' title="bbox 2089 2578 3656 2651">
     <span class='ocr_line' id='line_1_87' title="bbox 2089 2578 3656 2651; baseline 0.003 -19"><span class='ocrx_word' id='word_1_619' title='bbox 2089 2580 2228 2632; x_wconf 88' lang='lat' dir='ltr'><strong>niam</strong></span> <span class='ocrx_word' id='word_1_620' title='bbox 2260 2591 2312 2631; x_wconf 90' lang='lat' dir='ltr'><strong>tu</strong></span> <span class='ocrx_word' id='word_1_621' title='bbox 2341 2578 2532 2648; x_wconf 74' lang='lat' dir='ltr'><strong>fecisti,</strong></span> <span class='ocrx_word' id='word_1_622' title='bbox 2557 2588 2663 2633; x_wconf 87' lang='lat' dir='ltr'><strong>etc.</strong></span> <span class='ocrx_word' id='word_1_623' title='bbox 2698 2578 2878 2633; x_wconf 86' lang='lat' dir='ltr'><strong>Potest</strong></span> <span class='ocrx_word' id='word_1_624' title='bbox 2913 2591 2967 2633; x_wconf 88' lang='lat' dir='ltr'><strong>et</strong></span> <span class='ocrx_word' id='word_1_625' title='bbox 2995 2581 3122 2635; x_wconf 89' lang='lat' dir='ltr'><strong>illud</strong></span> <span class='ocrx_word' id='word_1_626' title='bbox 3152 2583 3231 2636; x_wconf 85' lang='lat' dir='ltr'><strong>sic</strong></span> <span class='ocrx_word' id='word_1_627' title='bbox 3261 2583 3482 2651; x_wconf 75' lang='lat' dir='ltr'><strong>intelligi</strong></span> <span class='ocrx_word' id='word_1_628' title='bbox 3516 2582 3656 2637; x_wconf 78' lang='lat' dir='ltr'><strong>:Ne-</strong></span> 
     </span>
    </p>
   </div>
   <div class='ocr_carea' id='block_1_87' title="bbox 2087 2671 3654 2744">
    <p class='ocr_par' dir='ltr' id='par_1_87' title="bbox 2087 2671 3654 2744">
     <span class='ocr_line' id='line_1_88' title="bbox 2087 2671 3654 2744; baseline 0.006 -24"><span class='ocrx_word' id='word_1_629' title='bbox 2087 2687 2356 2740; x_wconf 82' lang='lat' dir='ltr'><strong>quaquam</strong></span> <span class='ocrx_word' id='word_1_630' title='bbox 2410 2671 2502 2724; x_wconf 92' lang='lat' dir='ltr'><strong>Iihi</strong></span> <span class='ocrx_word' id='word_1_631' title='bbox 2546 2680 2603 2724; x_wconf 91' lang='lat' dir='ltr'><strong>ut</strong></span> <span class='ocrx_word' id='word_1_632' title='bbox 2639 2672 2846 2724; x_wconf 87' lang='lat' dir='ltr'><strong>auctori</strong></span> <span class='ocrx_word' id='word_1_633' title='bbox 2891 2673 3204 2741; x_wconf 80' lang='lat' dir='ltr'><strong>iniquitates</strong></span> <span class='ocrx_word' id='word_1_634' title='bbox 3241 2689 3388 2728; x_wconf 89' lang='lat' dir='ltr'><strong>meas</strong></span> <span class='ocrx_word' id='word_1_635' title='bbox 3426 2676 3654 2744; x_wconf 82' lang='lat' dir='ltr'><strong>ascripsi</strong></span> 
     </span>
    </p>
   </div>
   <div class='ocr_carea' id='block_1_88' title="bbox 2088 2762 3651 2836">
    <p class='ocr_par' dir='ltr' id='par_1_88' title="bbox 2088 2762 3651 2836">
     <span class='ocr_line' id='line_1_89' title="bbox 2088 2762 3651 2836; baseline 0.006 -22"><span class='ocrx_word' id='word_1_636' title='bbox 2088 2772 2143 2814; x_wconf 92' lang='lat' dir='ltr'><strong>ut</strong></span> <span class='ocrx_word' id='word_1_637' title='bbox 2170 2762 2256 2814; x_wconf 86' lang='lat' dir='ltr'><strong>alii</strong></span> <span class='ocrx_word' id='word_1_638' title='bbox 2293 2763 2557 2815; x_wconf 87' lang='lat' dir='ltr'><strong>fecerunt.</strong></span> <span class='ocrx_word' id='word_1_639' title='bbox 2607 2763 2684 2815; x_wconf 81' lang='lat' dir='ltr'><strong>Ad</strong></span> <span class='ocrx_word' id='word_1_640' title='bbox 2737 2763 2836 2817; x_wconf 89' lang='lat' dir='ltr'><strong>hoc</strong></span> <span class='ocrx_word' id='word_1_641' title='bbox 2881 2765 3022 2817; x_wconf 89' lang='lat' dir='ltr'><strong>enim</strong></span> <span class='ocrx_word' id='word_1_642' title='bbox 3079 2782 3350 2836; x_wconf 88' lang='lat' dir='ltr'><strong>nunquam</strong></span> <span class='ocrx_word' id='word_1_643' title='bbox 3383 2781 3444 2821; x_wconf 90' lang='lat' dir='ltr'><strong>os</strong></span> <span class='ocrx_word' id='word_1_644' title='bbox 3475 2785 3651 2824; x_wconf 90' lang='lat' dir='ltr'><strong>meum</strong></span> 
     </span>
    </p>
   </div>
   <div class='ocr_carea' id='block_1_89' title="bbox 2088 2853 2731 2922">
    <p class='ocr_par' dir='ltr' id='par_1_89' title="bbox 2088 2853 2731 2922">
     <span class='ocr_line' id='line_1_90' title="bbox 2088 2853 2731 2922; baseline 0.003 -16"><span class='ocrx_word' id='word_1_645' title='bbox 2088 2853 2294 2922; x_wconf 86' lang='lat' dir='ltr'><strong>aperui,</strong></span> <span class='ocrx_word' id='word_1_646' title='bbox 2335 2853 2429 2907; x_wconf 89' lang='lat' dir='ltr'><strong>sed</strong></span> <span class='ocrx_word' id='word_1_647' title='bbox 2463 2855 2731 2908; x_wconf 84' lang='lat' dir='ltr'><strong>obmutui.</strong></span> 
     </span>
    </p>
   </div>
   <div class='ocr_carea' id='block_1_90' title="bbox 2161 2941 3653 3017">
    <p class='ocr_par' dir='ltr' id='par_1_90' title="bbox 2161 2941 3653 3017">
     <span class='ocr_line' id='line_1_91' title="bbox 2161 2941 3653 3017; baseline 0.007 -21"><span class='ocrx_word' id='word_1_648' title='bbox 2161 2941 2318 2997; x_wconf 74' lang='lat' dir='ltr'><strong>Vens.</strong></span> <span class='ocrx_word' id='word_1_649' title='bbox 2362 2945 2449 2998; x_wconf 79' lang='grc'><strong>15.</strong></span> <span class='ocrx_word' id='word_1_650' title='bbox 2490 2943 2754 3008; x_wconf 79' lang='lat' dir='ltr'><strong>Quoniam</strong></span> <span class='ocrx_word' id='word_1_651' title='bbox 2799 2947 3001 2999; x_wconf 74' lang='lat' dir='ltr'><strong>advena</strong></span> <span class='ocrx_word' id='word_1_652' title='bbox 3045 2963 3137 3017; x_wconf 87' lang='lat' dir='ltr'><strong>ego</strong></span> <span class='ocrx_word' id='word_1_653' title='bbox 3177 2964 3291 3002; x_wconf 85' lang='lat' dir='ltr'><strong>sum</strong></span> <span class='ocrx_word' id='word_1_654' title='bbox 3335 2949 3387 3003; x_wconf 91' lang='lat' dir='ltr'><strong>in</strong></span> <span class='ocrx_word' id='word_1_655' title='bbox 3431 2960 3571 3004; x_wconf 86' lang='lat' dir='ltr'><strong>terra</strong></span> <span class='ocrx_word' id='word_1_656' title='bbox 3604 2963 3653 3006; x_wconf 89' lang='lat' dir='ltr'><strong>et</strong></span> 
     </span>
    </p>
   </div>
   <div class='ocr_carea' id='block_1_91' title="bbox 2088 3035 3656 3111">
    <p class='ocr_par' dir='ltr' id='par_1_91' title="bbox 2088 3035 3656 3111">
     <span class='ocr_line' id='line_1_92' title="bbox 2088 3035 3656 3111; baseline 0.006 -25"><span class='ocrx_word' id='word_1_657' title='bbox 2088 3035 2409 3101; x_wconf 86' lang='lat' dir='ltr'><strong>peregrinus,</strong></span> <span class='ocrx_word' id='word_1_658' title='bbox 2441 3035 2577 3086; x_wconf 86' lang='lat' dir='ltr'><strong>sicut</strong></span> <span class='ocrx_word' id='word_1_659' title='bbox 2618 3051 2795 3087; x_wconf 87' lang='lat' dir='ltr'><strong>omnes</strong></span> <span class='ocrx_word' id='word_1_660' title='bbox 2838 3047 3009 3104; x_wconf 87' lang='lat' dir='ltr'><strong>patres</strong></span> <span class='ocrx_word' id='word_1_661' title='bbox 3041 3039 3158 3103; x_wconf 85' lang='lat' dir='ltr'><strong>mei,</strong></span> <span class='ocrx_word' id='word_1_662' title='bbox 3203 3048 3307 3093; x_wconf 87' lang='lat' dir='ltr'><strong>etc.</strong></span> <span class='ocrx_word' id='word_1_663' title='bbox 3353 3040 3451 3105; x_wconf 89' lang='lat' dir='ltr'><strong>Qui</strong></span> <span class='ocrx_word' id='word_1_664' title='bbox 3486 3057 3656 3111; x_wconf 70' lang='lat' dir='ltr'><strong>sa‘pe-</strong></span> 
     </span>
    </p>
   </div>
   <div class='ocr_carea' id='block_1_92' title="bbox 2092 3123 3648 3198">
    <p class='ocr_par' dir='ltr' id='par_1_92' title="bbox 2092 3123 3648 3198">
     <span class='ocr_line' id='line_1_93' title="bbox 2092 3123 3648 3198; baseline 0.006 -23"><span class='ocrx_word' id='word_1_665' title='bbox 2092 3137 2314 3176; x_wconf 85' lang='lat' dir='ltr'><strong>numero</strong></span> <span class='ocrx_word' id='word_1_666' title='bbox 2353 3123 2520 3187; x_wconf 79' lang='lat' dir='ltr'><strong>dixit,</strong></span> <span class='ocrx_word' id='word_1_667' title='bbox 2563 3123 2926 3177; x_wconf 78' lang='lat' dir='ltr'><strong>Verumtamen</strong></span> <span class='ocrx_word' id='word_1_668' title='bbox 2976 3129 3181 3180; x_wconf 75' lang='lat' dir='ltr'><strong>vanitas</strong></span> <span class='ocrx_word' id='word_1_669' title='bbox 3235 3131 3402 3182; x_wconf 85' lang='lat' dir='ltr'><strong>omnis</strong></span> <span class='ocrx_word' id='word_1_670' title='bbox 3459 3132 3648 3198; x_wconf 79' lang='lat' dir='ltr'><strong>homo,</strong></span> 
     </span>
    </p>
   </div>
   <div class='ocr_carea' id='block_1_93' title="bbox 2092 3213 3653 3290">
    <p class='ocr_par' dir='ltr' id='par_1_93' title="bbox 2092 3213 3653 3290">
     <span class='ocr_line' id='line_1_94' title="bbox 2092 3213 3653 3290; baseline 0.006 -24"><span class='ocrx_word' id='word_1_671' title='bbox 2092 3214 2291 3266; x_wconf 82' lang='lat' dir='ltr'><strong>fatetur</strong></span> <span class='ocrx_word' id='word_1_672' title='bbox 2323 3227 2380 3266; x_wconf 89' lang='lat' dir='ltr'><strong>se</strong></span> <span class='ocrx_word' id='word_1_673' title='bbox 2413 3213 2673 3267; x_wconf 84' lang='lat' dir='ltr'><strong>advenam</strong></span> <span class='ocrx_word' id='word_1_674' title='bbox 2706 3229 2858 3276; x_wconf 88' lang='lat' dir='ltr'><strong>esse;</strong></span> <span class='ocrx_word' id='word_1_675' title='bbox 2901 3216 3126 3268; x_wconf 89' lang='lat' dir='ltr'><strong>alteram</strong></span> <span class='ocrx_word' id='word_1_676' title='bbox 3159 3227 3336 3271; x_wconf 91' lang='lat' dir='ltr'><strong>autem</strong></span> <span class='ocrx_word' id='word_1_677' title='bbox 3364 3220 3653 3290; x_wconf 82' lang='lat' dir='ltr'><strong>refrigera-</strong></span> 
     </span>
    </p>
   </div>
   <div class='ocr_carea' id='block_1_94' title="bbox 2090 3300 3653 3374">
    <p class='ocr_par' dir='ltr' id='par_1_94' title="bbox 2090 3300 3653 3374">
     <span class='ocr_line' id='line_1_95' title="bbox 2090 3300 3653 3374; baseline 0.009 -23"><span class='ocrx_word' id='word_1_678' title='bbox 2090 3301 2249 3353; x_wconf 88' lang='lat' dir='ltr'><strong>tinnis</strong></span> <span class='ocrx_word' id='word_1_679' title='bbox 2289 3300 2454 3353; x_wconf 90' lang='lat' dir='ltr'><strong>vitam</strong></span> <span class='ocrx_word' id='word_1_680' title='bbox 2502 3302 2684 3363; x_wconf 77' lang='lat' dir='ltr'><strong>novit,</strong></span> <span class='ocrx_word' id='word_1_681' title='bbox 2743 3313 2797 3356; x_wconf 92' lang='lat' dir='ltr'><strong>et</strong></span> <span class='ocrx_word' id='word_1_682' title='bbox 2849 3317 2970 3356; x_wconf 91' lang='lat' dir='ltr'><strong>cum</strong></span> <span class='ocrx_word' id='word_1_683' title='bbox 3018 3303 3266 3374; x_wconf 83' lang='lat' dir='ltr'><strong>lacrytnis</strong></span> <span class='ocrx_word' id='word_1_684' title='bbox 3303 3320 3553 3374; x_wconf 90' lang='lat' dir='ltr'><strong>precatur</strong></span> <span class='ocrx_word' id='word_1_685' title='bbox 3595 3324 3653 3366; x_wconf 85' lang='lat' dir='ltr'><strong>ut</strong></span> 
     </span>
    </p>
   </div>
   <div class='ocr_carea' id='block_1_95' title="bbox 2093 3391 3651 3460">
    <p class='ocr_par' dir='ltr' id='par_1_95' title="bbox 2093 3391 3651 3460">
     <span class='ocr_line' id='line_1_96' title="bbox 2093 3391 3651 3460; baseline 0.008 -18"><span class='ocrx_word' id='word_1_686' title='bbox 2093 3407 2246 3444; x_wconf 88' lang='lat' dir='ltr'><strong>rarus</strong></span> <span class='ocrx_word' id='word_1_687' title='bbox 2279 3391 2352 3445; x_wconf 87' lang='lat' dir='ltr'><strong>sit</strong></span> <span class='ocrx_word' id='word_1_688' title='bbox 2382 3393 2679 3446; x_wconf 86' lang='lat' dir='ltr'><strong>secundum</strong></span> <span class='ocrx_word' id='word_1_689' title='bbox 2737 3402 2919 3459; x_wconf 87' lang='lat' dir='ltr'><strong>patres</strong></span> <span class='ocrx_word' id='word_1_690' title='bbox 2955 3395 3160 3447; x_wconf 82' lang='lat' dir='ltr'><strong>advena</strong></span> <span class='ocrx_word' id='word_1_691' title='bbox 3183 3436 3198 3460; x_wconf 95' lang='lat'><strong>,</strong></span> <span class='ocrx_word' id='word_1_692' title='bbox 3249 3407 3300 3450; x_wconf 92' lang='lat' dir='ltr'><strong>et</strong></span> <span class='ocrx_word' id='word_1_693' title='bbox 3352 3413 3455 3452; x_wconf 92' lang='lat' dir='ltr'><strong>non</strong></span> <span class='ocrx_word' id='word_1_694' title='bbox 3494 3401 3651 3456; x_wconf 64' lang='lat' dir='ltr'><strong>iulia-</strong></span> 
     </span>
    </p>
   </div>
   <div class='ocr_carea' id='block_1_96' title="bbox 2089 3481 3654 3557">
    <p class='ocr_par' dir='ltr' id='par_1_96' title="bbox 2089 3481 3654 3557">
     <span class='ocr_line' id='line_1_97' title="bbox 2089 3481 3654 3557; baseline 0.004 -21"><span class='ocrx_word' id='word_1_695' title='bbox 2089 3481 2222 3536; x_wconf 86' lang='lat' dir='ltr'><strong>bitet</strong></span> <span class='ocrx_word' id='word_1_696' title='bbox 2273 3483 2435 3536; x_wconf 73' lang='lat' dir='ltr'><strong>vitam</strong></span> <span class='ocrx_word' id='word_1_697' title='bbox 2489 3493 2828 3550; x_wconf 65' lang='lat' dir='ltr'><strong>praesentem.</strong></span> <span class='ocrx_word' id='word_1_698' title='bbox 2889 3482 2999 3538; x_wconf 84' lang='lat' dir='ltr'><strong>Nisi</strong></span> <span class='ocrx_word' id='word_1_699' title='bbox 3062 3484 3254 3552; x_wconf 80' lang='lat' dir='ltr'><strong>igitur,</strong></span> <span class='ocrx_word' id='word_1_700' title='bbox 3307 3489 3516 3557; x_wconf 86' lang='lat' dir='ltr'><strong>inquit,</strong></span> <span class='ocrx_word' id='word_1_701' title='bbox 3572 3493 3654 3546; x_wconf 66' lang='lat' dir='ltr'><strong>di-</strong></span> 
     </span>
    </p>
   </div>
   <div class='ocr_carea' id='block_1_97' title="bbox 2089 3575 3653 3650">
    <p class='ocr_par' dir='ltr' id='par_1_97' title="bbox 2089 3575 3653 3650">
     <span class='ocr_line' id='line_1_98' title="bbox 2089 3575 3653 3650; baseline 0.01 -24"><span class='ocrx_word' id='word_1_702' title='bbox 2089 3575 2300 3629; x_wconf 81' lang='lat' dir='ltr'><strong>miseris</strong></span> <span class='ocrx_word' id='word_1_703' title='bbox 2343 3576 2469 3630; x_wconf 91' lang='lat' dir='ltr'><strong>mihi</strong></span> <span class='ocrx_word' id='word_1_704' title='bbox 2509 3587 2814 3646; x_wconf 76' lang='lat' dir='ltr'><strong>peccatum,</strong></span> <span class='ocrx_word' id='word_1_705' title='bbox 2863 3587 2917 3632; x_wconf 88' lang='lat' dir='ltr'><strong>et</strong></span> <span class='ocrx_word' id='word_1_706' title='bbox 2962 3577 3313 3650; x_wconf 88' lang='lat' dir='ltr'><strong>refrigeratus</strong></span> <span class='ocrx_word' id='word_1_707' title='bbox 3357 3583 3508 3638; x_wconf 86' lang='lat' dir='ltr'><strong>fuero</strong></span> <span class='ocrx_word' id='word_1_708' title='bbox 3555 3603 3653 3641; x_wconf 90' lang='lat' dir='ltr'><strong>an-</strong></span> 
     </span>
    </p>
   </div>
   <div class='ocr_carea' id='block_1_98' title="bbox 2090 3667 3647 3746">
    <p class='ocr_par' dir='ltr' id='par_1_98' title="bbox 2090 3667 3647 3746">
     <span class='ocr_line' id='line_1_99' title="bbox 2090 3667 3647 3746; baseline 0.008 -27"><span class='ocrx_word' id='word_1_709' title='bbox 2090 3676 2301 3733; x_wconf 84' lang='lat' dir='ltr'><strong>tequam</strong></span> <span class='ocrx_word' id='word_1_710' title='bbox 2337 3681 2402 3719; x_wconf 85' lang='lat' dir='ltr'><strong>eo</strong></span> <span class='ocrx_word' id='word_1_711' title='bbox 2442 3667 2659 3733; x_wconf 86' lang='lat' dir='ltr'><strong>vadatn,</strong></span> <span class='ocrx_word' id='word_1_712' title='bbox 2687 3684 2791 3721; x_wconf 90' lang='lat' dir='ltr'><strong>non</strong></span> <span class='ocrx_word' id='word_1_713' title='bbox 2830 3670 3039 3724; x_wconf 79' lang='lat' dir='ltr'><strong>habebo</strong></span> <span class='ocrx_word' id='word_1_714' title='bbox 3079 3680 3285 3742; x_wconf 79' lang='lat' dir='ltr'><strong>tempus</strong></span> <span class='ocrx_word' id='word_1_715' title='bbox 3329 3676 3647 3746; x_wconf 72' lang='lat' dir='ltr'><strong>pmnitentli,</strong></span> 
     </span>
    </p>
   </div>
   <div class='ocr_carea' id='block_1_99' title="bbox 2091 3755 3647 3834">
    <p class='ocr_par' dir='ltr' id='par_1_99' title="bbox 2091 3755 3647 3834">
     <span class='ocr_line' id='line_1_100' title="bbox 2091 3755 3647 3834; baseline 0.009 -26"><span class='ocrx_word' id='word_1_716' title='bbox 2091 3769 2263 3822; x_wconf 89' lang='lat' dir='ltr'><strong>neque</strong></span> <span class='ocrx_word' id='word_1_717' title='bbox 2297 3755 2351 3809; x_wconf 94' lang='lat' dir='ltr'><strong>in</strong></span> <span class='ocrx_word' id='word_1_718' title='bbox 2385 3756 2492 3810; x_wconf 87' lang='lat' dir='ltr'><strong>vita</strong></span> <span class='ocrx_word' id='word_1_719' title='bbox 2532 3758 2621 3810; x_wconf 91' lang='lat' dir='ltr'><strong>illa</strong></span> <span class='ocrx_word' id='word_1_720' title='bbox 2658 3759 2797 3825; x_wconf 89' lang='lat' dir='ltr'><strong>apud</strong></span> <span class='ocrx_word' id='word_1_721' title='bbox 2837 3768 2885 3814; x_wconf 85' lang='lat' dir='ltr'><strong>te</strong></span> <span class='ocrx_word' id='word_1_722' title='bbox 2937 3776 3110 3829; x_wconf 83' lang='lat' dir='ltr'><strong>again.</strong></span> <span class='ocrx_word' id='word_1_723' title='bbox 3147 3761 3280 3826; x_wconf 80' lang='lat' dir='ltr'><strong>Vel,</strong></span> <span class='ocrx_word' id='word_1_724' title='bbox 3331 3767 3482 3834; x_wconf 85' lang='lat' dir='ltr'><strong>quasi</strong></span> <span class='ocrx_word' id='word_1_725' title='bbox 3544 3785 3647 3823; x_wconf 86' lang='lat' dir='ltr'><strong>non</strong></span> 
     </span>
    </p>
   </div>
   <div class='ocr_carea' id='block_1_100' title="bbox 2089 3843 3380 3915">
    <p class='ocr_par' dir='ltr' id='par_1_100' title="bbox 2089 3843 3380 3915">
     <span class='ocr_line' id='line_1_101' title="bbox 2089 3843 3380 3915; baseline 0.005 -17"><span class='ocrx_word' id='word_1_726' title='bbox 2089 3843 2352 3898; x_wconf 79' lang='lat' dir='ltr'><strong>exsistant</strong></span> <span class='ocrx_word' id='word_1_727' title='bbox 2376 3850 2708 3912; x_wconf 88' lang='lat' dir='ltr'><strong>peccatores,</strong></span> <span class='ocrx_word' id='word_1_728' title='bbox 2741 3856 2904 3900; x_wconf 90' lang='lat' dir='ltr'><strong>erunt</strong></span> <span class='ocrx_word' id='word_1_729' title='bbox 2929 3850 3084 3915; x_wconf 79' lang='lat' dir='ltr'><strong>quasi</strong></span> <span class='ocrx_word' id='word_1_730' title='bbox 3116 3865 3221 3901; x_wconf 89' lang='lat' dir='ltr'><strong>non</strong></span> <span class='ocrx_word' id='word_1_731' title='bbox 3251 3849 3380 3904; x_wconf 88' lang='lat' dir='ltr'><strong>sint.</strong></span> 
     </span>
    </p>
   </div>
   <div class='ocr_carea' id='block_1_101' title="bbox 2159 3929 3648 4006">
    <p class='ocr_par' dir='ltr' id='par_1_101' title="bbox 2159 3929 3648 4006">
     <span class='ocr_line' id='line_1_102' title="bbox 2159 3929 3648 4006; baseline 0.007 -24"><span class='ocrx_word' id='word_1_732' title='bbox 2159 3929 2432 3999; x_wconf 80' lang='lat' dir='ltr'><strong>Ejusdem.</strong></span> <span class='ocrx_word' id='word_1_733' title='bbox 2485 3931 2685 3987; x_wconf 87' lang='lat' dir='ltr'><strong>Omnes</strong></span> <span class='ocrx_word' id='word_1_734' title='bbox 2723 3932 2992 4000; x_wconf 88' lang='lat' dir='ltr'><strong>jnstorum</strong></span> <span class='ocrx_word' id='word_1_735' title='bbox 3039 3945 3096 3988; x_wconf 90' lang='lat' dir='ltr'><strong>ut</strong></span> <span class='ocrx_word' id='word_1_736' title='bbox 3145 3935 3414 4004; x_wconf 90' lang='lat' dir='ltr'><strong>jnstorum</strong></span> <span class='ocrx_word' id='word_1_737' title='bbox 3468 3947 3648 4006; x_wconf 78' lang='lat' dir='ltr'><strong>patres</strong></span> 
     </span>
    </p>
   </div>
   <div class='ocr_carea' id='block_1_102' title="bbox 2089 4022 3650 4096">
    <p class='ocr_par' dir='ltr' id='par_1_102' title="bbox 2089 4022 3650 4096">
     <span class='ocr_line' id='line_1_103' title="bbox 2089 4022 3650 4096; baseline 0.005 -23"><span class='ocrx_word' id='word_1_738' title='bbox 2089 4022 2309 4075; x_wconf 66' lang='lat' dir='ltr'><strong>advenae</strong></span> <span class='ocrx_word' id='word_1_739' title='bbox 2343 4032 2469 4076; x_wconf 91' lang='lat' dir='ltr'><strong>sunt</strong></span> <span class='ocrx_word' id='word_1_740' title='bbox 2502 4034 2550 4078; x_wconf 89' lang='lat' dir='ltr'><strong>et</strong></span> <span class='ocrx_word' id='word_1_741' title='bbox 2585 4025 2885 4092; x_wconf 89' lang='lat' dir='ltr'><strong>peregrini,</strong></span> <span class='ocrx_word' id='word_1_742' title='bbox 2922 4027 3165 4080; x_wconf 87' lang='lat' dir='ltr'><strong>umbram</strong></span> <span class='ocrx_word' id='word_1_743' title='bbox 3219 4037 3528 4096; x_wconf 86' lang='lat' dir='ltr'><strong>reputantes</strong></span> <span class='ocrx_word' id='word_1_744' title='bbox 3571 4029 3650 4081; x_wconf 82' lang='lat' dir='ltr'><strong>vi-</strong></span> 
     </span>
    </p>
   </div>
   <div class='ocr_carea' id='block_1_103' title="bbox 2091 4123 2909 4184">
    <p class='ocr_par' dir='ltr' id='par_1_103' title="bbox 2091 4123 2909 4184">
     <span class='ocr_line' id='line_1_104' title="bbox 2091 4123 2909 4184; baseline 0.004 -19"><span class='ocrx_word' id='word_1_745' title='bbox 2091 4123 2198 4166; x_wconf 89' lang='lat' dir='ltr'><strong>tam</strong></span> <span class='ocrx_word' id='word_1_746' title='bbox 2241 4128 2359 4182; x_wconf 76' lang='lat' dir='ltr'><strong>qua:</strong></span> <span class='ocrx_word' id='word_1_747' title='bbox 2392 4123 2472 4168; x_wconf 87' lang='lat' dir='ltr'><strong>est</strong></span> <span class='ocrx_word' id='word_1_748' title='bbox 2499 4130 2658 4184; x_wconf 88' lang='lat' dir='ltr'><strong>super</strong></span> <span class='ocrx_word' id='word_1_749' title='bbox 2687 4124 2909 4169; x_wconf 88' lang='lat' dir='ltr'><strong>terram.</strong></span> 
     </span>
    </p>
   </div>
   <div class='ocr_carea' id='block_1_104' title="bbox 2016 4250 3648 4322">
    <p class='ocr_par' dir='ltr' id='par_1_104' title="bbox 2016 4250 3648 4322">
     <span class='ocr_line' id='line_1_105' title="bbox 2016 4250 3648 4322; baseline 0.007 -21"><span class='ocrx_word' id='word_1_750' title='bbox 2016 4263 2059 4315; x_wconf 79' lang='grc' dir='ltr'>ῃ</span> <span class='ocrx_word' id='word_1_751' title='bbox 2088 4266 2191 4304; x_wconf 80' lang='lat' dir='ltr'><strong>non</strong></span> <span class='ocrx_word' id='word_1_752' title='bbox 2243 4250 2596 4322; x_wconf 80' lang='lat' dir='ltr'><strong>misericordia</strong></span> <span class='ocrx_word' id='word_1_753' title='bbox 2631 4257 3015 4322; x_wconf 73' lang='lat' dir='ltr'><strong>prosequatur?</strong></span> <span class='ocrx_word' id='word_1_754' title='bbox 3052 4254 3156 4308; x_wconf 83' lang='lat' dir='ltr'><strong>Sed</strong></span> <span class='ocrx_word' id='word_1_755' title='bbox 3183 4271 3278 4308; x_wconf 87' lang='lat' dir='ltr'><strong>cur</strong></span> <span class='ocrx_word' id='word_1_756' title='bbox 3327 4257 3522 4321; x_wconf 85' lang='lat' dir='ltr'><strong>incola,</strong></span> <span class='ocrx_word' id='word_1_757' title='bbox 3555 4267 3648 4312; x_wconf 78' lang='lat' dir='ltr'><strong>aut</strong></span> 
     </span>
    </p>
   </div>
   <div class='ocr_carea' id='block_1_105' title="bbox 2088 4320 3642 4394">
    <p class='ocr_par' dir='ltr' id='par_1_105' title="bbox 2088 4320 3642 4394">
     <span class='ocr_line' id='line_1_106' title="bbox 2088 4320 3642 4394; baseline 0.006 -25"><span class='ocrx_word' id='word_1_758' title='bbox 2088 4321 2284 4394; x_wconf 76' lang='lat' dir='ltr'><strong>advena</strong></span> <span class='ocrx_word' id='word_1_759' title='bbox 2331 4320 2483 4394; x_wconf 70' lang='lat' dir='ltr'><strong>homo</strong></span> <span class='ocrx_word' id='word_1_760' title='bbox 2528 4332 2601 4371; x_wconf 84' lang='lat' dir='ltr'><strong>est</strong></span> <span class='ocrx_word' id='word_1_761' title='bbox 2631 4321 2657 4372; x_wconf 86' lang='lat'><em>?</em></span> <span class='ocrx_word' id='word_1_762' title='bbox 2698 4320 2956 4394; x_wconf 76' lang='lat' dir='ltr'><strong>Quoniam</strong></span> <span class='ocrx_word' id='word_1_763' title='bbox 2993 4325 3201 4390; x_wconf 84' lang='lat' dir='ltr'><strong>quando</strong></span> <span class='ocrx_word' id='word_1_764' title='bbox 3224 4324 3442 4393; x_wconf 84' lang='lat' dir='ltr'><strong>jusserit</strong></span> <span class='ocrx_word' id='word_1_765' title='bbox 3482 4320 3642 4394; x_wconf 81' lang='lat' dir='ltr'><strong>Deus,</strong></span> 
     </span>
    </p>
   </div>
   <div class='ocr_carea' id='block_1_106' title="bbox 2087 4387 3648 4457">
    <p class='ocr_par' dir='ltr' id='par_1_106' title="bbox 2087 4387 3648 4457">
     <span class='ocr_line' id='line_1_107' title="bbox 2087 4387 3648 4457; baseline 0.008 -19"><span class='ocrx_word' id='word_1_766' title='bbox 2087 4387 2244 4457; x_wconf 85' lang='lat' dir='ltr'><strong>homo</strong></span> <span class='ocrx_word' id='word_1_767' title='bbox 2301 4389 2488 4455; x_wconf 86' lang='lat' dir='ltr'><strong>migrat</strong></span> <span class='ocrx_word' id='word_1_768' title='bbox 2543 4399 2789 4457; x_wconf 84' lang='lat' dir='ltr'><strong>tanquam</strong></span> <span class='ocrx_word' id='word_1_769' title='bbox 2845 4392 2908 4442; x_wconf 85' lang='lat' dir='ltr'><strong>de</strong></span> <span class='ocrx_word' id='word_1_770' title='bbox 2939 4387 3091 4444; x_wconf 83' lang='lat' dir='ltr'><strong>domo</strong></span> <span class='ocrx_word' id='word_1_771' title='bbox 3124 4395 3179 4444; x_wconf 85' lang='lat' dir='ltr'><strong>in</strong></span> <span class='ocrx_word' id='word_1_772' title='bbox 3221 4387 3430 4446; x_wconf 56' lang='lat' dir='ltr'><strong>[tantum</strong></span> <span class='ocrx_word' id='word_1_773' title='bbox 3460 4397 3522 4447; x_wconf 88' lang='lat' dir='ltr'><strong>ub</strong></span> <span class='ocrx_word' id='word_1_774' title='bbox 3553 4387 3648 4450; x_wconf 67' lang='lat' dir='ltr'><strong>hoc</strong></span> 
     </span>
    </p>
   </div>
   <div class='ocr_carea' id='block_1_107' title="bbox 2086 4455 3648 4532">
    <p class='ocr_par' dir='ltr' id='par_1_107' title="bbox 2086 4455 3648 4532">
     <span class='ocr_line' id='line_1_108' title="bbox 2086 4455 3648 4532; baseline 0.006 -24"><span class='ocrx_word' id='word_1_775' title='bbox 2086 4455 2278 4532; x_wconf 64' lang='lat' dir='ltr'><strong>steculo</strong></span> <span class='ocrx_word' id='word_1_776' title='bbox 2304 4457 2357 4507; x_wconf 90' lang='lat' dir='ltr'><strong>in</strong></span> <span class='ocrx_word' id='word_1_777' title='bbox 2379 4455 2922 4532; x_wconf 32' lang='lat' dir='ltr'><strong>futurum.&#39;Cteterum</strong></span> <span class='ocrx_word' id='word_1_778' title='bbox 2947 4478 3048 4532; x_wconf 82' lang='lat' dir='ltr'><strong>non</strong></span> <span class='ocrx_word' id='word_1_779' title='bbox 3075 4462 3498 4532; x_wconf 74' lang='grc' dir='ltr'>ἐπίδημος,ιιηοά</span> <span class='ocrx_word' id='word_1_780' title='bbox 3522 4466 3648 4516; x_wconf 82' lang='lat' dir='ltr'><strong>sim-</strong></span> 
     </span>
    </p>
   </div>
   <div class='ocr_carea' id='block_1_108' title="bbox 2085 4526 3648 4602">
    <p class='ocr_par' dir='ltr' id='par_1_108' title="bbox 2085 4526 3648 4602">
     <span class='ocr_line' id='line_1_109' title="bbox 2085 4526 3648 4602; baseline 0.003 -23"><span class='ocrx_word' id='word_1_781' title='bbox 2085 4526 2288 4602; x_wconf 68' lang='lat' dir='ltr'><strong>pliciter</strong></span> <span class='ocrx_word' id='word_1_782' title='bbox 2331 4527 2657 4602; x_wconf 74' lang='lat' dir='ltr'><strong>peregrinum</strong></span> <span class='ocrx_word' id='word_1_783' title='bbox 2699 4539 2877 4602; x_wconf 82' lang='lat' dir='ltr'><strong>sonat,</strong></span> <span class='ocrx_word' id='word_1_784' title='bbox 2925 4530 3014 4602; x_wconf 68' lang='lat' dir='ltr'><strong>sed</strong></span> <span class='ocrx_word' id='word_1_785' title='bbox 3061 4526 3439 4602; x_wconf 70' lang='grc' dir='ltr'>παρεπίδημον</span> <span class='ocrx_word' id='word_1_786' title='bbox 3490 4535 3648 4588; x_wconf 74' lang='lat' dir='ltr'><strong>dixit.</strong></span> 
     </span>
    </p>
   </div>
   <div class='ocr_carea' id='block_1_109' title="bbox 2092 4593 3647 4668">
    <p class='ocr_par' dir='ltr' id='par_1_109' title="bbox 2092 4593 3647 4668">
     <span class='ocr_line' id='line_1_110' title="bbox 2092 4593 3647 4668; baseline 0.007 -26"><span class='ocrx_word' id='word_1_787' title='bbox 2092 4593 2232 4668; x_wconf 40' lang='lat' dir='ltr'><strong>15am.</strong></span> <span class='ocrx_word' id='word_1_788' title='bbox 2280 4597 2514 4668; x_wconf 70' lang='lat' dir='ltr'><strong>quatnliu</strong></span> <span class='ocrx_word' id='word_1_789' title='bbox 2573 4611 2768 4668; x_wconf 88' lang='lat' dir='ltr'><strong>corpus</strong></span> <span class='ocrx_word' id='word_1_790' title='bbox 2828 4593 3161 4664; x_wconf 64' lang='lat' dir='ltr'><strong>incolimus,</strong></span> <span class='ocrx_word' id='word_1_791' title='bbox 3212 4593 3647 4668; x_wconf 63' lang='lat' dir='ltr'><strong>qui-inatmodum</strong></span> 
     </span>
    </p>
   </div>
   <div class='ocr_carea' id='block_1_110' title="bbox 2095 4661 3648 4732">
    <p class='ocr_par' dir='ltr' id='par_1_110' title="bbox 2095 4661 3648 4732">
     <span class='ocr_line' id='line_1_111' title="bbox 2095 4661 3648 4732; baseline 0.005 -20"><span class='ocrx_word' id='word_1_792' title='bbox 2095 4661 2306 4732; x_wconf 61' lang='lat' dir='ltr'><strong>Paulus</strong></span> <span class='ocrx_word' id='word_1_793' title='bbox 2343 4663 2441 4724; x_wconf 88' lang='lat' dir='ltr'><strong>ait,</strong></span> <span class='ocrx_word' id='word_1_794' title='bbox 2486 4661 2893 4732; x_wconf 80' lang='lat' dir='ltr'><strong>peregrinantur</strong></span> <span class='ocrx_word' id='word_1_795' title='bbox 2941 4684 2968 4717; x_wconf 86' lang='lat' dir='ltr'><strong>a</strong></span> <span class='ocrx_word' id='word_1_796' title='bbox 3007 4661 3251 4722; x_wconf 77' lang='lat' dir='ltr'><strong>Domino.</strong></span> <span class='ocrx_word' id='word_1_797' title='bbox 3297 4667 3446 4718; x_wconf 79' lang='lat' dir='ltr'><strong>Unde</strong></span> <span class='ocrx_word' id='word_1_798' title='bbox 3478 4670 3648 4720; x_wconf 77' lang='lat' dir='ltr'><strong>sancti</strong></span> 
     </span>
    </p>
   </div>
   <div class='ocr_carea' id='block_1_111' title="bbox 2081 4730 3644 4802">
    <p class='ocr_par' dir='ltr' id='par_1_111' title="bbox 2081 4730 3644 4802">
     <span class='ocr_line' id='line_1_112' title="bbox 2081 4730 3644 4802; baseline 0.004 -22"><span class='ocrx_word' id='word_1_799' title='bbox 2081 4730 2201 4782; x_wconf 79' lang='lat' dir='ltr'><strong>hinc</strong></span> <span class='ocrx_word' id='word_1_800' title='bbox 2230 4730 2499 4799; x_wconf 71' lang='lat' dir='ltr'><strong>emigrare</strong></span> <span class='ocrx_word' id='word_1_801' title='bbox 2522 4730 2860 4800; x_wconf 79' lang='lat' dir='ltr'><strong>festinarunt,</strong></span> <span class='ocrx_word' id='word_1_802' title='bbox 2885 4746 2936 4785; x_wconf 90' lang='lat' dir='ltr'><strong>ut</strong></span> <span class='ocrx_word' id='word_1_803' title='bbox 2973 4752 3089 4788; x_wconf 86' lang='lat' dir='ltr'><strong>cum</strong></span> <span class='ocrx_word' id='word_1_804' title='bbox 3121 4739 3228 4788; x_wconf 83' lang='lat' dir='ltr'><strong>Deo</strong></span> <span class='ocrx_word' id='word_1_805' title='bbox 3251 4735 3604 4788; x_wconf 78' lang='lat' dir='ltr'><strong>inhabitarent</strong></span> <span class='ocrx_word' id='word_1_806' title='bbox 3628 4777 3644 4802; x_wconf 88' lang='lat'><strong>,</strong></span> 
     </span>
    </p>
   </div>
   <div class='ocr_carea' id='block_1_112' title="bbox 2083 4803 3646 4870">
    <p class='ocr_par' dir='ltr' id='par_1_112' title="bbox 2083 4803 3646 4870">
     <span class='ocr_line' id='line_1_113' title="bbox 2083 4803 3646 4870; baseline 0.005 -20"><span class='ocrx_word' id='word_1_807' title='bbox 2083 4816 2210 4867; x_wconf 88' lang='lat' dir='ltr'><strong>quos</strong></span> <span class='ocrx_word' id='word_1_808' title='bbox 2240 4811 2413 4864; x_wconf 85' lang='lat' dir='ltr'><strong>patres</strong></span> <span class='ocrx_word' id='word_1_809' title='bbox 2444 4818 2587 4864; x_wconf 84' lang='lat' dir='ltr'><strong>suos,</strong></span> <span class='ocrx_word' id='word_1_810' title='bbox 2622 4819 2726 4855; x_wconf 88' lang='lat' dir='ltr'><strong>non</strong></span> <span class='ocrx_word' id='word_1_811' title='bbox 2762 4803 2926 4870; x_wconf 79' lang='lat' dir='ltr'><strong>juxta</strong></span> <span class='ocrx_word' id='word_1_812' title='bbox 2961 4820 3168 4855; x_wconf 84' lang='lat' dir='ltr'><strong>carnem</strong></span> <span class='ocrx_word' id='word_1_813' title='bbox 3203 4813 3425 4860; x_wconf 83' lang='lat' dir='ltr'><strong>tantum.</strong></span> <span class='ocrx_word' id='word_1_814' title='bbox 3462 4805 3550 4856; x_wconf 86' lang='lat' dir='ltr'><strong>sed</strong></span> <span class='ocrx_word' id='word_1_815' title='bbox 3584 4807 3646 4858; x_wconf 80' lang='lat' dir='ltr'><strong>ob</strong></span> 
     </span>
    </p>
   </div>
   <div class='ocr_carea' id='block_1_113' title="bbox 2080 4870 3643 4938">
    <p class='ocr_par' dir='ltr' id='par_1_113' title="bbox 2080 4870 3643 4938">
     <span class='ocr_line' id='line_1_114' title="bbox 2080 4870 3643 4938; baseline 0.002 -16"><span class='ocrx_word' id='word_1_816' title='bbox 2080 4870 2274 4923; x_wconf 81' lang='lat' dir='ltr'><strong>similes</strong></span> <span class='ocrx_word' id='word_1_817' title='bbox 2305 4873 2515 4923; x_wconf 86' lang='lat' dir='ltr'><strong>virtutes</strong></span> <span class='ocrx_word' id='word_1_818' title='bbox 2555 4872 2805 4937; x_wconf 80' lang='lat' dir='ltr'><strong>propheta</strong></span> <span class='ocrx_word' id='word_1_819' title='bbox 2837 4873 3144 4924; x_wconf 79' lang='lat' dir='ltr'><strong>nominavit.</strong></span> <span class='ocrx_word' id='word_1_820' title='bbox 3181 4873 3243 4924; x_wconf 79' lang='lat' dir='ltr'><strong>Et</strong></span> <span class='ocrx_word' id='word_1_821' title='bbox 3275 4872 3503 4938; x_wconf 83' lang='lat' dir='ltr'><strong>amplius</strong></span> <span class='ocrx_word' id='word_1_822' title='bbox 3537 4889 3643 4926; x_wconf 89' lang='lat' dir='ltr'><strong>non</strong></span> 
     </span>
    </p>
   </div>
   <div class='ocr_carea' id='block_1_114' title="bbox 2082 4938 3646 5005">
    <p class='ocr_par' dir='ltr' id='par_1_114' title="bbox 2082 4938 3646 5005">
     <span class='ocr_line' id='line_1_115' title="bbox 2082 4938 3646 5005; baseline 0.003 -15"><span class='ocrx_word' id='word_1_823' title='bbox 2082 4952 2196 4990; x_wconf 87' lang='lat' dir='ltr'><strong>ero.</strong></span> <span class='ocrx_word' id='word_1_824' title='bbox 2235 4938 2374 4990; x_wconf 81' lang='lat' dir='ltr'><strong>Nam</strong></span> <span class='ocrx_word' id='word_1_825' title='bbox 2408 4941 2767 5005; x_wconf 84' lang='lat' dir='ltr'><strong>peccatoribus</strong></span> <span class='ocrx_word' id='word_1_826' title='bbox 2793 4939 3001 5004; x_wconf 66' lang='grc' dir='ltr'>μενίηυε</span> <span class='ocrx_word' id='word_1_827' title='bbox 3047 4957 3109 4992; x_wconf 88' lang='lat' dir='ltr'><strong>ac</strong></span> <span class='ocrx_word' id='word_1_828' title='bbox 3133 4957 3230 4992; x_wconf 84' lang='lat' dir='ltr'><strong>non</strong></span> <span class='ocrx_word' id='word_1_829' title='bbox 3259 4940 3384 5003; x_wconf 79' lang='lat' dir='ltr'><strong>sint,</strong></span> <span class='ocrx_word' id='word_1_830' title='bbox 3417 4942 3646 4994; x_wconf 85' lang='lat' dir='ltr'><strong>dicitur:</strong></span> 
     </span>
    </p>
   </div>
   <div class='ocr_carea' id='block_1_115' title="bbox 2081 5007 3644 5078">
    <p class='ocr_par' dir='ltr' id='par_1_115' title="bbox 2081 5007 3644 5078">
     <span class='ocr_line' id='line_1_116' title="bbox 2081 5007 3644 5078; baseline 0.002 -20"><span class='ocrx_word' id='word_1_831' title='bbox 2081 5017 2519 5078; x_wconf 77' lang='lat' dir='ltr'><strong>erunttantptani</strong></span> <span class='ocrx_word' id='word_1_832' title='bbox 2544 5009 2632 5072; x_wconf 82' lang='lat' dir='ltr'><strong>qui</strong></span> <span class='ocrx_word' id='word_1_833' title='bbox 2669 5022 2771 5058; x_wconf 90' lang='lat' dir='ltr'><strong>non</strong></span> <span class='ocrx_word' id='word_1_834' title='bbox 2804 5019 2952 5059; x_wconf 83' lang='lat' dir='ltr'><strong>sunt.</strong></span> <span class='ocrx_word' id='word_1_835' title='bbox 2986 5007 3050 5060; x_wconf 83' lang='lat' dir='ltr'><strong>Et</strong></span> <span class='ocrx_word' id='word_1_836' title='bbox 3080 5026 3097 5060; x_wconf 82' lang='lat'><strong>.&#39;</strong></span> <span class='ocrx_word' id='word_1_837' title='bbox 3123 5027 3182 5064; x_wconf 89' lang='lat' dir='ltr'><strong>ea</strong></span> <span class='ocrx_word' id='word_1_838' title='bbox 3212 5027 3331 5078; x_wconf 77' lang='lat' dir='ltr'><strong>qua:</strong></span> <span class='ocrx_word' id='word_1_839' title='bbox 3363 5026 3467 5062; x_wconf 90' lang='lat' dir='ltr'><strong>non</strong></span> <span class='ocrx_word' id='word_1_840' title='bbox 3498 5024 3644 5074; x_wconf 89' lang='lat' dir='ltr'><strong>sunt,</strong></span> 
     </span>
    </p>
   </div>
   <div class='ocr_carea' id='block_1_116' title="bbox 2087 5077 3640 5142">
    <p class='ocr_par' dir='ltr' id='par_1_116' title="bbox 2087 5077 3640 5142">
     <span class='ocr_line' id='line_1_117' title="bbox 2087 5077 3640 5142; baseline 0.005 -18"><span class='ocrx_word' id='word_1_841' title='bbox 2087 5077 2295 5127; x_wconf 83' lang='lat' dir='ltr'><strong>vocavit</strong></span> <span class='ocrx_word' id='word_1_842' title='bbox 2331 5077 2487 5135; x_wconf 88' lang='lat' dir='ltr'><strong>Deus,</strong></span> <span class='ocrx_word' id='word_1_843' title='bbox 2526 5085 2778 5142; x_wconf 85' lang='lat' dir='ltr'><strong>tanquam</strong></span> <span class='ocrx_word' id='word_1_844' title='bbox 2816 5091 2876 5127; x_wconf 87' lang='lat' dir='ltr'><strong>ea</strong></span> <span class='ocrx_word' id='word_1_845' title='bbox 2909 5092 3027 5141; x_wconf 77' lang='lat' dir='ltr'><strong>qua:</strong></span> <span class='ocrx_word' id='word_1_846' title='bbox 3057 5092 3204 5131; x_wconf 87' lang='lat' dir='ltr'><strong>sunt.</strong></span> <span class='ocrx_word' id='word_1_847' title='bbox 3245 5078 3417 5142; x_wconf 83' lang='lat' dir='ltr'><strong>Quare</strong></span> <span class='ocrx_word' id='word_1_848' title='bbox 3457 5079 3640 5131; x_wconf 82' lang='lat' dir='ltr'><strong>Denti-</strong></span> 
     </span>
    </p>
   </div>
   <div class='ocr_carea' id='block_1_117' title="bbox 2085 5144 3644 5215">
    <p class='ocr_par' dir='ltr' id='par_1_117' title="bbox 2085 5144 3644 5215">
     <span class='ocr_line' id='line_1_118' title="bbox 2085 5144 3644 5215; baseline 0.005 -23"><span class='ocrx_word' id='word_1_849' title='bbox 2085 5159 2205 5194; x_wconf 85' lang='lat' dir='ltr'><strong>num</strong></span> <span class='ocrx_word' id='word_1_850' title='bbox 2255 5144 2416 5195; x_wconf 78' lang='lat' dir='ltr'><strong>Deum</strong></span> <span class='ocrx_word' id='word_1_851' title='bbox 2456 5152 2686 5194; x_wconf 75' lang='lat' dir='ltr'><strong>uestrum</strong></span> <span class='ocrx_word' id='word_1_852' title='bbox 2721 5147 3126 5215; x_wconf 78' lang='lat' dir='ltr'><strong>subsequantur,</strong></span> <span class='ocrx_word' id='word_1_853' title='bbox 3159 5149 3422 5215; x_wconf 83' lang='lat' dir='ltr'><strong>eidemque</strong></span> <span class='ocrx_word' id='word_1_854' title='bbox 3469 5150 3644 5200; x_wconf 79' lang='lat' dir='ltr'><strong>adita:-</strong></span> 
     </span>
    </p>
   </div>
   <div class='ocr_carea' id='block_1_118' title="bbox 2084 5213 2984 5280">
    <p class='ocr_par' dir='ltr' id='par_1_118' title="bbox 2084 5213 2984 5280">
     <span class='ocr_line' id='line_1_119' title="bbox 2084 5213 2984 5280; baseline 0.007 -18"><span class='ocrx_word' id='word_1_855' title='bbox 2084 5228 2308 5272; x_wconf 83' lang='lat' dir='ltr'><strong>reamus,</strong></span> <span class='ocrx_word' id='word_1_856' title='bbox 2339 5223 2390 5280; x_wconf 88' lang='lat' dir='ltr'><strong>ut</strong></span> <span class='ocrx_word' id='word_1_857' title='bbox 2427 5228 2539 5264; x_wconf 78' lang='lat' dir='ltr'><strong>rere</strong></span> <span class='ocrx_word' id='word_1_858' title='bbox 2567 5213 2984 5280; x_wconf 17' lang='lat' dir='ltr'><strong>esseipossimus.</strong></span> 
     </span>
    </p>
   </div>
   <div class='ocr_carea' id='block_1_119' title="bbox 2155 5279 3536 5349">
    <p class='ocr_par' dir='ltr' id='par_1_119' title="bbox 2155 5279 3536 5349">
     <span class='ocr_line' id='line_1_120' title="bbox 2155 5279 3536 5349; baseline 0.007 -17"><span class='ocrx_word' id='word_1_859' title='bbox 2155 5281 2265 5349; x_wconf 65' lang='lat' dir='ltr'><strong>i65)</strong></span> <span class='ocrx_word' id='word_1_860' title='bbox 2301 5279 2526 5344; x_wconf 67' lang='grc' dir='ltr'>Πάντες</span> <span class='ocrx_word' id='word_1_861' title='bbox 2558 5284 2609 5334; x_wconf 83' lang='lat' dir='ltr'><strong>oi</strong></span> <span class='ocrx_word' id='word_1_862' title='bbox 2639 5279 2774 5346; x_wconf 77' lang='grc' dir='ltr'>τῶν,</span> <span class='ocrx_word' id='word_1_863' title='bbox 2804 5292 2910 5338; x_wconf 87' lang='lat' dir='ltr'><strong>etc.</strong></span> <span class='ocrx_word' id='word_1_864' title='bbox 2943 5284 3122 5339; x_wconf 75' lang='lat' dir='ltr'><strong>Codex</strong></span> <span class='ocrx_word' id='word_1_865' title='bbox 3155 5284 3536 5341; x_wconf 84' lang='lat' dir='ltr'><strong>Coislinianus.</strong></span> 
     </span>
    </p>
   </div>
  </div>
