4120 6212
571 254 692 306 1591

578 401 890 415 ————-——

1963 245 2050 303 EX
2091 235 2393 306 otucesb‘.

924 388 2633 415 _____________________________.......

1474 529 2052 620 ORIGENIS
2092 521 2862 615 EXPLANATIO

1228 685 1436 761 Super
1485 681 1796 760 psalmum
1846 678 2257 756 trigesimum
2296 684 2628 749 octavum,
2670 676 2779 754 qui
2843 675 3129 736 dicitur:

1767 778 2253 833 Diai:Custodiam
2278 778 2387 830 vias
2424 792 2583 831 meas.

2119 918 2191 937 .-

967 1052 1125 1123 691
1162 1048 1437 1105 llOMlLIA
1470 1046 1677 1103 PRIMA
1692 1090 1703 1101 .

632 1147 785 1200 Sicut
827 1159 966 1197 unus
1015 1144 1174 1197 homo
1224 1142 1440 1211 proiicit
1496 1140 1790 1195 secundum
1841 1138 2043 1208 Deum,
2073 1150 2126 1194 et

559 1238 799 1289 studium
846 1234 947 1287 sibi
982 1233 1249 1287 adhibens
1294 1232 1486 1286 melior
1529 1232 1706 1299 seipso
1751 1230 2016 1295 edicitur,
2052 1231 2123 1283 ita

558 1328 720 1381 etiam
770 1324 964 1393 populo
999 1323 1250 1378 universo
1296 1322 1597 1376 accidebat.
1626 1321 1855 1391 Propter
1896 1321 2038 1390 quod
2072 1330 2127 1373 et

581 1429 676 1483 pso
706 1414 1061 1484 proliciente,
1094 1414 1259 1467 etiam
1303 1412 1433 1480 legis
1474 1412 1524 1465 ei
1556 1411 1717 1466 ﬁebat
1750 1420 2122 1481 augmentum.

562 1509 803 1577 Denique
847 1509 1120 1577 quomodo
1165 1508 1216 1561 in
1265 1508 1380 1575 lege
1424 1507 1681 1576 scriptum
1712 1516 1825 1572 est,
1858 1517 2125 1578 praecepta

559 1600 802 1668 quasdam
848 1599 1219 1654 sacerdotibus
1250 1607 1375 1653 sunt
1408 1609 1461 1651 et
1502 1598 1706 1653 Levitis
1744 1600 1809 1653 de
1841 1599 2126 1654 sacriﬁciis

558 1690 878 1757 ceterisque
899 1689 1231 1743 solemnibus
1261 1704 1275 1738 :
1326 1702 1510 1741 verum
1550 1702 1671 1742 cum
1704 1689 1992 1757 proficeret
2026 1704 2123 1759 po-

560 1779 716 1846 pulus
742 1792 807 1831 eo
843 1787 1085 1845 tempore
1114 1792 1220 1846 quo
1258 1778 1430 1830 inerat
1456 1778 1503 1831 ei
1537 1778 1709 1832 virtus
1750 1779 1926 1833 adhuc
1960 1780 2127 1845 proti-

562 1868 762 1932 ciendi,
790 1882 895 1922 non
937 1867 1085 1921 stetit
1112 1882 1198 1921 res
1225 1868 1277 1919 in
1307 1867 1396 1921 illo
1426 1868 1600 1936 primo
1624 1869 1843 1931 ordine,
1879 1871 1972 1924 sed
2009 1871 2127 1925 alli-

559 1968 698 2027 gatze
723 1968 846 2011 sunt
888 1958 989 2011 illis
1025 1959 1411 2013 eminentiores
1455 1960 1699 2027 quaedam
1756 1960 2126 2028 legislatiOnes

560 2048 800 2101 secundo
841 2057 896 2101 et
934 2048 1110 2101 tertio.
1148 2048 1211 2101 Et
1251 2050 1295 2103 si
1332 2049 1457 2117 quis
1504 2051 1616 2103 vult
1667 2053 1807 2107 scire
1840 2068 1959 2122 qum
2002 2062 2126 2107 sunt

563 2138 662 2190 ista
690 2153 810 2207 qua:
839 2138 903 2191 de
945 2140 1317 2195 sacerdotibus
1366 2156 1430 2195 ac
1468 2142 1673 2197 Levitis
1720 2142 1932 2211 adjecta
1992 2145 2123 2207 sint,

563 2227 699 2296 legat
732 2228 961 2297 primum
996 2228 1193 2283 librum
1238 2230 1686 2301 Paralipomenon
1710 2272 1724 2297 ,
1758 2242 1813 2288 et
1859 2234 2127 2301 patienter

564 2320 1049 2389 inspiciatomuem
1080 2320 1226 2374 illum
1270 2323 1569 2393 catalogum
1608 2324 1917 2388 nominum,
1956 2337 2011 2378 et
2042 2324 2125 2377 in-

559 2415 741 2467 veniet
770 2413 839 2467 ibi
862 2414 1239 2469 admirandum
1264 2418 1554 2483 quemdam
1582 2418 1826 2471 ordinem
1860 2425 1913 2472 et
1937 2416 2123 2471 distri—

560 2503 833 2557 butiOncm
867 2503 1100 2557 tribuum
1134 2519 1233 2572 pro
1264 2521 1361 2561 suo
1404 2522 1619 2575 quoque
1655 2507 1870 2562 nomine
1908 2502 1977 2562 et‘
2005 2508 2124 2561 loco

558 2594 885 2659 praecipuum
929 2594 1056 2660 quid
1096 2594 1147 2648 in
1180 2595 1406 2649 solemni
1451 2597 1643 2650 ordine
1686 2609 1806 2650 esse
1848 2596 2120 2649 sortitam.

556 2680 666 2734 Sed
696 2691 749 2735 et
776 2681 987 2735 Levitas
1012 2693 1067 2736 et
1096 2688 1411 2738 sacerdotes
1460 2685 1696 2738 inveniet
1744 2685 1975 2739 diversis
2008 2684 2124 2739 olli-

552 2772 657 2826 .ciis
686 2782 846 2839 atque
873 2773 1159 2827 ordinibus
1196 2774 1518 2827 distributos
1546 2774 1592 2805 "
1621 2812 1638 2837 ,
1678 2781 1737 2826 ut
1776 2773 1865 2827 alii
1902 2776 2118 2841 quidem

554 2859 669 2913 sint
698 2860 763 2913 ad
789 2860 1107 2927 aperiendas
1131 2860 1330 2929 januas
1356 2861 1534 2929 templi
1562 2863 1860 2930 praepositi,
1890 2862 1980 2915 alii
2004 2864 2126 2932 qui-

561 2950 660 3003 bus
711 2949 895 3004 claves
943 2950 1239 3004 creduntur
1262 2993 1277 3017 ,
1311 2950 1432 3005 aliis
1480 2952 1868 3007 sacriﬁciorum
1901 2962 1955 3008 et
1990 2954 2120 3008 alta-

557 3038 697 3092 rium
722 3052 850 3091 cura
881 3039 1257 3093 committitur.
1308 3039 1373 3095 Et
1417 3040 1584 3094 multa
1619 3050 1743 3096 sunt
1774 3056 1895 3112 qua:
1937 3057 2005 3097 ex
2057 3043 2122 3097 il-

558 3129 808 3184 lius.libri
844 3129 1068 3184 historia
1101 3144 1386 3201 possumus
1432 3131 1615 3187 dicere
1656 3133 1722 3188 de
1764 3134 2120 3191 sacerdotali-

558 3220 660 3275 bus
716 3222 995 3277 institutis.
1037 3220 1093 3275 Si
1150 3221 1274 3291 quis
1306 3237 1436 3292 ergo
1484 3223 1751 3293 inspicere
1782 3234 1957 3295 potest
1982 3242 2120 3297 quo-

552 3314 716 3366 modo
757 3313 1049 3382 exemplari
1078 3353 1093 3378 ,
1125 3322 1180 3368 et
1225 3315 1428 3369 umbra:
1458 3314 1759 3371 caelestium
1806 3316 2121 3375 deserviunt

556 3401 725 3457 Judzei
760 3404 837 3468 ⁸⁷,
881 3405 1136 3458 ascendat
1168 3405 1233 3458 ab
1268 3405 1511 3461 inferiori
1551 3408 1701 3461 verbi
1738 3408 2013 3477 crepidine
2052 3412 2119 3465 ad

558 3508 768 3546 summa
801 3492 915 3562 ejus
943 3510 1007 3550 ac
1037 3496 1317 3565 superiora
1344 3497 1559 3565 fastigia
1580 3537 1595 3561 ,
1632 3507 1688 3552 et
1724 3499 2121 3569 contempletur

550 3599 619 3637 ex
652 3584 714 3638 iis
763 3584 927 3639 futuri
958 3588 1248 3641 sacerdotii
1287 3596 1489 3642 statum
1522 3596 1576 3641 et
1615 3587 1935 3643 electionem
1973 3589 2116 3643 illam

2153 1052 2199 1108 Α
2226 1060 2345 1101 esse
2376 1060 2439 1101 ex
2468 1044 2551 1099 his
2572 1042 2769 1112 quibus
2809 1040 3133 1110 hymnorum
3176 1035 3413 1091 studium
3450 1034 3562 1089 Dei
3610 1050 3677 1091 ac
3708 1037 3803 1090 sol-

2225 1138 2444 1192 licitudo
2471 1134 2759 1189 commissa
2789 1141 2893 1184 est.
2925 1128 3175 1197 Oportuit
3212 1142 3340 1196 ergo
3364 1141 3470 1180 nos
3520 1127 3814 1181 invenien-

2226 1238 2304 1283 tes
2338 1230 2438 1283 hoc
2464 1241 2657 1281 nomen
2695 1222 2885 1293 psalmi
2917 1218 3303 1290 superscripti,
3337 1218 3654 1272 ostendere
3692 1219 3809 1286 quis

2224 1318 2386 1373 fuerit
2415 1319 2517 1371 iste
2541 1316 2773 1369 ldithum
2792 1353 2807 1378 ,
2839 1323 2893 1369 et
2914 1309 3184 1381 quomodo
3209 1309 3597 1378 postprimam
3619 1307 3809 1374 legem.

2225 1408 2457 1464 secunda
2488 1406 2625 1459 facta
2652 1405 2725 1459 sit
2754 1404 2820 1458 de
2848 1400 3317 1458 observationibus
3357 1397 3810 1454 sacerdotalibus

2224 1499 2511 1554 ordinatio.
2556 1496 2708 1565 Apud
2754 1494 2974 1549 Graecos
3015 1491 3319 1559 quicunque
3383 1490 3688 1551 carmina,
3729 1490 3806 1540 vel

2226 1606 2387 1646 sonos
2449 1590 2681 1643 musicos
2745 1583 3194 1649 conscribebant,
3235 1582 3433 1652 quibus
3499 1582 3590 1637 eis
3644 1582 3804 1634 vis-um

2224 1681 2412 1736 fuisset
2449 1681 2503 1734 in
2530 1693 2699 1749 agone
2744 1692 2806 1732 ea
2850 1676 3089 1731 canenda
3117 1674 3453 1744 praastabant
3479 1691 3499 1730 :
3540 1683 3603 1727 et
3650 1673 3805 1727 ﬁebat

2225 1784 2284 1827 ut
2306 1772 2444 1826 alius
2478 1772 2697 1840 quidem
2725 1778 3082 1823 coronaretur
3110 1766 3161 1819 in
3203 1779 3412 1835 agone,
3446 1765 3605 1819 alius
3632 1774 3801 1817 autem

2226 1864 2418 1919 victori
2454 1862 2822 1917 conscriberet
2865 1871 3111 1913 carmen.
3143 1855 3200 1909 In
3240 1856 3472 1910 Psalmis
3511 1871 3651 1925 ergo
3696 1853 3803 1922 (66)

2226 1955 2419 2009 divina:
2457 1953 2748 2021 Scriptura:
2776 1951 3085 2019 quicunque
3112 1946 3463 2015 superscripti
3500 1947 3801 2001 secundum

2226 2044 2922 2115 Septuagintainterpretes
2942 2082 2957 2106 ,
2986 2042 3041 2094 in
3063 2041 3241 2109 ﬁnem,
3284 2039 3425 2108 apud
3458 2038 3605 2092 alios
3642 2039 3800 2090 victo-

2225 2136 2405 2198 riales,
2435 2135 2517 2189 vel
2547 2137 2614 2188 ad
2635 2136 2924 2197 victoriam,
2950 2133 3033 2187 vel
3062 2132 3247 2185 victori
3272 2130 3631 2184 attitulantur
3658 2166 3677 2192 ,
3708 2141 3800 2196 pro

2225 2240 2289 2280 eo
2318 2226 2566 2281 videlicet
2608 2226 2751 2295 quod
2776 2225 2922 2280 velut
2962 2224 3203 2278 victoria:
3245 2222 3364 2276 laus
3412 2222 3464 2275 in
3498 2221 3642 2291 ipsis
3671 2218 3795 2273 infe-

2231 2323 2402 2367 ratur.
2458 2314 2608 2370 Fecit
2659 2330 2789 2386 ergo
2838 2314 3005 2368 David
3043 2313 3228 2367 divino
3283 2310 3489 2381 Spiritu
3552 2309 3790 2379 repletus

2226 2406 2487 2474 psalmum
2520 2406 2663 2461 hunc
2683 2448 2699 2473 ,
2729 2415 2783 2460 et
2812 2406 2958 2461 dedit
2998 2404 3231 2459 ldithum
3259 2444 3272 2469 ,
3308 2404 3394 2459 cui
3425 2402 3667 2458 ollicium
3703 2416 3793 2455 ca-

2228 2496 2389 2549 nendi
2447 2495 2555 2550 Deo
2612 2495 2847 2565 hymnos
2904 2493 3082 2547 fuerat
3141 2493 3465 2562 injunctum,
3525 2500 3791 2558 tanquam

2225 2590 2441 2657 pollenti
2481 2590 2532 2644 in
2559 2590 2865 2659 hujusmodi
2899 2587 3212 2657 disciplina.
3270 2585 3330 2640 Et
3372 2585 3490 2641 ideo
3516 2600 3651 2654 ergo
3682 2599 3781 2637 su-

2223 2681 2606 2748 perscribitur:
2647 2681 2712 2734 ln
2744 2681 2899 2748 linem
2934 2694 3027 2748 pro
3063 2676 3300 2731 ldithum
3336 2676 3562 2745 psalmus
3595 2674 3786 2728 David.

2293 2772 2345 2825 5.
2382 2772 2487 2826 Sed
2525 2787 2667 2826 nunc
2701 2772 2812 2840 jam
2875 2771 3156 2824 videamus
3204 2768 3335 2838 quid
3390 2783 3495 2823 vox
3545 2766 3785 2839 proferat

2220 2862 2391 2932 justi,
2428 2872 2482 2916 et
2508 2863 2751 2916 videntes
2786 2872 3044 2930 tanquam
3080 2862 3132 2914 in
3178 2859 3396 2929 speculo
3432 2859 3783 2926 nosmetipsos

2172 2952 2203 2975 '
2228 2953 2539 3006 intueamur
2586 2952 2629 3005 si
2666 2952 2934 3020 possimus
2983 2950 3116 3005 tales
3153 2964 3307 3015 esse,
3347 2958 3441 3005 aut
3486 2952 3529 3006 si
3562 2949 3778 3005 multum

2222 3042 2377 3097 nobis
2411 3043 2595 3106 deest,
2641 3051 2735 3097 aut
2784 3051 2929 3097 certe
2972 3041 3083 3111 jam
3134 3042 3365 3111 proximi
3412 3056 3638 3108 sumus,
3666 3040 3781 3092 licet

2222 3133 2453 3187 nondum
2479 3133 2636 3202 plene
2658 3133 2893 3188 assecuti
2924 3147 3129 3187 sumus.
3159 3133 3425 3199 Quoniam
3459 3133 3627 3202 igitur
3654 3127 3779 3184 mul-

2224 3232 2399 3278 torum
2422 3224 2535 3295 (67)
2559 3234 2900 3293 peccatorum
2926 3223 3137 3277 initium
3171 3225 3435 3277 humanus
3465 3234 3547 3278 est
3584 3234 3775 3283 sermo.

2220 3322 2273 3369 et
2320 3330 2382 3369 os
2436 3325 2679 3369 nostrum
2730 3313 2913 3368 multis
2965 3313 3126 3367 malis
3170 3314 3441 3368 ministrat
3470 3353 3485 3377 ,
3531 3324 3592 3368 et
3634 3313 3777 3365 valde

2219 3404 2435 3460 difﬁcile
2456 3416 2538 3462 est
2566 3406 2797 3460 inveniri
2829 3404 3107 3459 hominem
3132 3444 3147 3468 ,
3173 3405 3263 3474 qui
3292 3420 3397 3458 una
3429 3404 3625 3460 saltem
3654 3406 3773 3459 hora

2218 3511 2281 3551 os
2313 3512 2469 3551 suum
2494 3506 2546 3551 et
2576 3497 2809 3566 linguam
2838 3509 2989 3550 suam
3018 3498 3273 3552 observet
3305 3512 3336 3551 a
3368 3506 3594 3567 peccato
3618 3536 3635 3561 ,
3670 3496 3774 3549 ait:

2221 3589 2690 3645 Dixi:Custodiam
2724 3592 2835 3645 vias
2863 3607 3036 3655 meas,
3066 3600 3122 3644 ut
3155 3606 3259 3645 non
3287 3608 3491 3659 peccem
3518 3594 3573 3646 in
3608 3593 3775 3659 lingua

555 3673 867 3740 cmlestem,
897 3688 1060 3745 atque
1088 3677 1218 3731 inibi
1254 3676 1706 3746 contemplabitur
1753 3678 1843 3747 qui
1874 3688 2000 3732 sunt
2031 3679 2115 3733 isti
2146 3706 2186 3762 ο
2221 3696 2356 3733 mea.
2398 3678 2529 3735 Mihi
2577 3681 2674 3750 ipsi
2716 3682 2862 3746 disi,
2890 3690 2946 3736 et
2984 3682 3126 3737 intra
3184 3696 3269 3736 me
3305 3684 3519 3738 locutus
3550 3698 3703 3746 sum,
3726 3688 3776 3733 et

553 3765 772 3819 ordines
826 3768 1225 3833 sacerdotales,
1269 3768 1352 3823 vel
1395 3784 1514 3839 qum
1547 3770 1654 3822 sint
1699 3767 1871 3823 ollicia
1907 3767 2118 3822 Levita-

554 3871 671 3909 rum
702 3873 820 3926 qua:
865 3859 919 3913 in
950 3858 1263 3914 cwlestibus
1314 3860 1630 3915 ministeriis
1661 3859 1989 3913 exhibentur
2012 3898 2029 3924 ,
2062 3867 2119 3911 ct

553 3948 737 4002 omnia
767 3950 818 4004 in
852 3950 1004 4005 caelis
1040 3961 1221 4006 mente
1244 3950 1531 4020 conjiciat,
1564 3966 1683 4021 quae
1712 3950 1954 4020 deposita
1987 3949 2119 4003 vidit

556 4038 606 4089 in
642 4040 822 4093 terris.
849 4040 967 4093 Erit
1018 4043 1159 4096 enim
1206 4050 1260 4097 et
1306 4042 1377 4096 ibi
1409 4041 1671 4111 populus,
1725 4053 1779 4093 et
1807 4055 1874 4093 ex
1920 4037 2116 4108 populo

556 4129 646 4181 Dei
702 4130 861 4183 electi
897 4130 1195 4196 Levitze,et
1233 4146 1299 4185 ex
1339 4132 1423 4186 his
1469 4147 1681 4185 rursum
1722 4130 1877 4185 electi
1903 4139 1957 4183 et
1999 4129 2116 4184 exi-

554 4219 647 4271 mii
696 4221 1033 4285 sacerdotes,
1082 4230 1136 4273 et
1182 4221 1524 4275 sacerdotum
1574 4219 1920 4274 nihilominus
1966 4215 2117 4272 ditl'e-

554 4311 742 4365 rentia:
783 4311 1223 4379 quamplurimas:
1256 4311 1396 4365 sicut
1444 4312 1494 4365 iu
1530 4311 1701 4381 primo
1744 4310 1881 4364 libro
1909 4308 2112 4362 Parali-

554 4415 819 4468 pomenon
850 4400 1123 4456 indicatur
1150 4402 1336 4473 viginti
1363 4413 1595 4471 quatuor
1618 4417 1739 4456 esse
1772 4401 1993 4455 ordines
2024 4415 2117 4454 sa-

554 4493 828 4544 cerdotum
851 4532 867 4558 ,
897 4493 1034 4547 alios
1089 4493 1307 4560 quidem
1349 4495 1448 4549 sub
1478 4494 1762 4557 Eleazaro,
1798 4492 1933 4547 alios
1984 4505 2114 4546 vero

553 4579 651 4632 sub
695 4579 936 4652 principe
972 4581 1236 4651 Ithamar,
1268 4598 1495 4652 quorum
1530 4593 1583 4638 et
1628 4583 1960 4653 Ephemeria
1991 4596 2113 4637 esse

552 4671 823 4726 dicuntur.

620 4761 672 4815 2.
704 4760 808 4817 Sed
859 4764 1002 4819 dicat
1045 4765 1243 4834 aliquis
1295 4765 1540 4820 fortassis
1581 4765 1922 4819 auditorum:
1977 4764 2112 4832 Quid

552 4850 664 4903 hazc
693 4855 963 4919 pertinent
985 4856 1051 4909 ad
1081 4857 1387 4925 psalmum‘t
1417 4855 1739 4910 Plurimum.
1769 4854 1900 4908 Nam
1927 4870 2113 4925 super-

555 4940 781 5009 scriptio
835 4954 918 4998 est
964 4946 1122 5017 hujus
1163 4946 1383 5016 psalmi.
1432 4944 1499 4999 In
1529 4945 1683 5013 ﬁnem
1732 4961 1825 5013 pro
1876 4943 2111 5016 ldithum

2223 3773 2336 3826 haac
2383 3772 2603 3826 addidi:
2658 3770 2749 3826 Sic
2784 3772 2905 3827 volo
2948 3786 3173 3828 servare
3216 3772 3332 3828 vias
3367 3787 3547 3839 meas,
3586 3785 3644 3827 ut
3675 3785 3771 3826 non

2219 3875 2435 3929 peccem
2459 3899 2475 3927 ,
2510 3862 2611 3917 hoc
2668 3862 2828 3918 modo
2883 3877 3101 3917 servare
3148 3878 3366 3932 possum
3399 3864 3445 3917 si
3480 3863 3770 3919 custodiam

2218 3948 2454 4017 linguam
2480 3964 2675 4004 meam.
2710 3947 2795 4003 Es;
2814 3953 2979 4005 verbis
3008 3952 3169 4017 enim,
3198 3951 3435 4020 inquit“
3454 3990 3469 4016 ,
3503 3953 3608 4006 tuis
3622 3949 3772 4019 iusti-

2217 4040 2457 4105 ﬁraberis
2480 4081 2495 4107 ,
2535 4050 2583 4093 et
2620 4056 2685 4094 ex.
2714 4040 2878 4095 verbis
2926 4040 3033 4093 tuis
3080 4042 3527 4095 condemnaberis.
3558 4042 3623 4094 Et
3669 4042 3767 4094 ite.

2217 4144 2335 4183 rum
2365 4132 2441 4179 ²⁹ε
2486 4131 2649 4185 Amen
2675 4132 2792 4184 dico
2828 4131 2989 4197 vobis,
3020 4133 3082 4185 de
3106 4134 3247 4185 omni
3275 4134 3442 4188 otioso
3470 4134 3621 4187 verba
3659 4131 3769 4185 red-

2217 4220 2350 4273 detis
2403 4223 2657 4276 rationem
2704 4223 2760 4276 in
2806 4222 2890 4276 die
2926 4222 3143 4289 judicii.
3185 4223 3299 4277 Non
3340 4224 3546 4287 solum,
3577 4224 3767 4293 inquit.

2216 4308 2283 4363 de
2328 4324 2394 4363 eo
2438 4311 2580 4376 quod
2624 4310 2763 4364 male
2800 4310 2963 4364 locuti
3016 4310 3264 4377 fueritis,
3296 4312 3390 4365 sed
3420 4310 3565 4380 quod
3602 4314 3767 4366 otiose

2216 4397 2380 4451 locuti
2423 4397 2635 4452 fueritis
2657 4439 2673 4465 ,
2712 4399 2836 4467 quia
2870 4399 3042 4454 malus
3068 4414 3245 4455 sermo
3273 4415 3378 4454 non
3425 4408 3509 4454 est
3546 4400 3763 4459 otiosus.

2214 4496 2469 4555 operatur
2511 4489 2654 4543 enim
2697 4503 2833 4557 opus
2864 4489 3086 4544 malum.
3129 4489 3346 4545 Otiosus
3390 4499 3569 4544 autem
3600 4500 3770 4544 sermo

2214 4587 2299 4632 est
2345 4579 2435 4646 qui
2482 4594 2658 4649 neque
2710 4581 2834 4635 boni
2890 4597 3066 4652 neque
3109 4582 3239 4637 mali
3285 4582 3487 4650 aliquid
3532 4582 3664 4652 agit.
3717 4579 3766 4633 Si

2214 4684 2344 4739 ergo
2371 4672 2421 4723 in
2453 4670 2539 4726 die
2569 4671 2759 4739 judicii
2796 4674 3060 4728 rationem
3100 4674 3423 4738 reddemus,
3461 4686 3567 4727 non
3603 4672 3766 4725 solum

2214 4775 2311 4828 pro
2346 4762 2503 4817 malis
2533 4761 2712 4818 verbis
2735 4805 2750 4829 ,
2782 4763 2878 4819 sed
2907 4766 3069 4819 etiam
3111 4780 3207 4834 pro
3250 4765 3443 4820 otiosis
3463 4804 3477 4827 ,
3510 4765 3634 4834 quis
3664 4764 3768 4833 glo-

2216 4850 2439 4904 riabitur
2480 4862 2688 4906 castum
2744 4868 2803 4908 se
2837 4853 3037 4909 habere
3074 4854 3207 4907 cor?
3240 4855 3346 4906 Aut
3386 4854 3509 4922 quis
3553 4851 3769 4907 conlidit

2214 4942 2683 4999 dicens:Mundus
2728 4960 2844 5000 sum
2878 4961 2906 4998 a
2952 4946 3217 5015 peccato?
3263 4944 3652 4999 Verumtamen
3700 4944 3769 4997 ait

550 5032 781 5094 psalmus
830 5032 1015 5089 David.
1077 5036 1229 5090 Hunc
1280 5036 1514 5090 ldithum
1574 5035 1876 5089 invenimus
1944 5050 2106 5089 unum
2141 5026 2184 5081 D
2207 5035 2427 5101 justus:
2464 5034 2589 5090 Dixi
2614 5036 2947 5091 :Custodiam
2973 5038 3079 5092 vias
3103 5053 3243 5090 meas
3284 5047 3336 5089 ut
3364 5053 3468 5091 non
3492 5052 3693 5105 peccem
3721 5035 3767 5086 in

620 5165 665 5196 "
703 5161 919 5219 lParal.
956 5182 1039 5229 Ix,
1074 5167 1177 5233 24,
1204 5166 1293 5230 25,
1323 5168 1413 5220 26.
1487 5170 1529 5199 ⁸⁷
1566 5167 1695 5221 llcb.
1730 5182 1830 5230 vn,
1863 5166 1914 5219 5.
1989 5165 2033 5197 "
2058 5165 2241 5225 Matth.
2284 5185 2385 5235 xu,
2416 5169 2506 5224 '57.
2581 5172 2626 5202 "
2658 5170 2787 5224 ibid.
2826 5170 2914 5227 56.

619 5276 731 5351 (66)
764 5278 828 5333 In
855 5277 1083 5334 Psalmis
1108 5292 1365 5351 ergo,etc.
1405 5282 1606 5337 Catena
1637 5282 1860 5336 Barbari
1894 5297 1906 5334 :
1940 5281 2103 5346 Illud,

550 5348 602 5419 in
632 5349 790 5419 linem
815 5389 828 5411 ,
857 5353 1142 5403 secundum
1167 5348 1327 5404 'alios
1370 5353 1675 5416 interpretes
1726 5366 1822 5419 pro
1860 5351 2105 5416 victoria,

550 5417 602 5467 in
636 5418 922 5482 victorem,
949 5430 1002 5472 et
1033 5422 1271 5474 victoria:
1294 5421 1503 5474 auctori
1536 5417 1856 5473 inscribitur.

621 5485 1026 5557 (67)__Quoniam
1069 5492 1230 5557 igitur
1269 5491 1547 5541 multarunt
1592 5502 1695 5542 etc.
1744 5489 1942 5542 Catena
1977 5488 2105 5541 Cor-

554 5551 683 5627 derii
708 5551 718 5601 ἐ
740 5554 890 5627 Ἐπεὶ
924 5551 1108 5627 σχεᾷὸῦ
1144 5558 1322 5627 πάσης
1360 5558 1628 5626 ἁμαρτίας
1661 5557 1804 5627 ἀρχὴ
1829 5557 2105 5627 διαλόγου

554 5575 718 5602 ucru:
759 5575 890 5607 mret
924 5575 1108 5626 σχεοον
1144 5575 1222 5610 πα
1297 5575 1322 5619 ς
1360 5575 1628 5626 αμαρτιας
1664 5575 1804 5627 αρχη
1835 5575 1922 5609 om
1948 5575 2101 5623 Αογου

552 5617 788 5685 γίνεται,
818 5626 844 5673 ὁ
895 5624 1123 5692 φυλάξαι
1170 5575 1500 5698 πὲἐὸέμενος
1531 5628 1626 5688 τὰς
1652 5626 1739 5678 διὰ
1781 5624 1885 5679 τῶν
1930 5625 2101 5693 λόγων

2213 5286 2367 5349 ὁδοὺς
2404 5285 2570 5338 αὐτοῦ
2594 5325 2608 5350 ,
2640 5285 2927 5339 ἀκόλουθον
2950 5286 3058 5350 ἕξει
3090 5287 3149 5339 τὸ
3171 5287 3502 5350 καθαρεῦσαι
3528 5287 3635 5340 ἀπὸ
3664 5286 3766 5338 τῶν

2213 5356 2330 5427 κατ’
2354 5356 2640 5427 ἐνέργειαν
2673 5356 3103 5427 ἁμαρτημάτων.
3148 5356 3275 5411 Cum
3306 5356 3413 5425 fere
3448 5358 3615 5409 omnis
3646 5372 3762 5427 pec-

2211 5425 2318 5476 cati
2347 5425 2557 5478 initium
2588 5425 2680 5494 ﬁat
2711 5425 2741 5477 ἐι
2768 5425 3034 5488 sermone,
3078 5429 3122 5479 is
3159 5428 3250 5495 qui
3277 5428 3465 5480 statuit
3500 5426 3762 5479 custodire

2209 5495 2316 5564 vias
2346 5510 2470 5545 suas
2518 5494 2571 5546 in
2605 5495 2927 5564 sermonibus
2958 5535 2971 5556 ,
3003 5494 3374 5564 consequenter
3395 5496 3550 5548 etiam
3590 5513 3619 5547 a
3644 5511 3759 5562 pec-

2206 5562 2336 5615 catis
2363 5578 2479 5631 qua:
2511 5578 2664 5630 apere
2690 5563 3088 5617 committuntur
3112 5605 3127 5629 ,
3160 5562 3384 5617 mundus
3415 5566 3531 5618 erit.
