4120 6212
428 310 556 363 15ῡό

1104 304 1413 359 SELECTA
1454 302 1517 355 IN
1556 300 1974 354 I’S;\l..\lOS.—
2013 299 2242 355 HOMIL.
2284 299 2302 352 Ι
2335 302 2401 354 IN
2432 300 2625 357 PSAL.
2658 302 2943 357 XXXVI".

3525 307 3654 359 13TH

424 429 600 495 lingua
650 443 785 480 mea.
827 423 989 479 Posui
1032 426 1111 478 ori
1158 440 1270 477 meo
1320 421 1634 475 custodiam.
1686 421 1825 475 Alibi
1868 422 1985 491 qui-
2017 424 2060 479 A
2092 419 2287 474 fectum
2321 437 2442 475 esse
2476 424 2617 491 quod
2653 422 2816 475 dicit:
2846 421 2980 475 Dum
3015 425 3245 477 constitit
3284 438 3525 493 peccator
3558 428 3656 478 ad-

422 518 539 570 dent
562 516 1411 584 scriptutnest”:0umicustodia
1424 529 1568 566 serva
1584 528 1673 565 cor
1699 522 1867 575 tuum,
1900 512 1985 565 hic

422 618 604 663 autem
648 628 662 662 :
701 607 861 661 Posui
915 607 995 662 ori
1054 620 1166 657 meo
1203 603 1515 657 custodiam.
1548 602 1611 655 Et
1644 603 1834 656 iterum
1862 601 1983 655 alibi

423 700 682 767 scriptum
702 706 783 752 est
802 696 877 749 “:
905 695 1052 760 Vide,
1068 696 1363 749 circumduc
1375 712 1542 763 sepem
1561 696 1826 756 spinarum
1846 694 1984 746 circa

422 791 792 853 possessionem
835 799 995 840 tuam.
1047 786 1109 840 Et
1152 786 1344 839 iterum
1392 786 1471 838 ":
1512 783 1794 838 Pecuniam
1840 794 1984 836 ticam

421 891 467 932 et
493 880 654 949 692
678 893 865 931 aurum
898 884 1044 929 tuum
1076 874 1270 943 alliga,
1298 884 1346 927 et
1379 875 1460 928 ori
1491 884 1580 927 tuo
1610 874 1772 942 facito
1796 875 1985 927 ostium

420 984 465 1025 et
487 986 654 1024 seram
677 1011 692 1035 ,
726 978 773 1023 et
803 968 964 1021 verbis
994 968 1097 1019 tuis
1111 965 1301 1034 jugum
1322 974 1369 1017 et
1397 976 1669 1019 stateram.
1704 966 1813 1034 Ego
1843 967 1987 1021 arbi-

423 1074 536 1117 tror
577 1063 718 1131 quod
770 1059 1080 1114 observatio
1142 1058 1334 1111 borum
1378 1061 1754 1113 mandatorum
1798 1061 1985 1114 obser-

422 1165 636 1208 vantem
666 1163 718 1208 et
748 1162 1083 1207 mansuetum
1117 1149 1281 1204 faciat
1317 1158 1370 1203 et
1400 1150 1610 1204 beatum
1631 1189 1648 1216 ,
1679 1167 1781 1204 non
1812 1152 1982 1205 solum

422 1261 599 1297 rerum
629 1245 807 1298 exitus
827 1284 841 1308 ,
877 1260 1065 1299 verum
1094 1246 1261 1299 etiam
1292 1245 1407 1312 ipsa
1448 1244 1815 1297 observantia.
1849 1245 1983 1297 Dum

418 1335 564 1387 enim
594 1348 805 1402 semper
828 1334 1082 1389 observat
1108 1350 1171 1390 os
1196 1351 1385 1400 suum,
1431 1343 1486 1389 et
1526 1334 1763 1403 linguam
1801 1344 1987 1389 custo-

418 1423 519 1485 dit,
564 1438 630 1477 ne
675 1424 825 1492 prius
870 1439 1178 1479 sermonem
1218 1425 1457 1493 proferat
1501 1439 1661 1492 quam
1707 1424 1983 1490 discutiat,

418 1525 472 1568 et
504 1523 797 1583 pertractet
831 1514 971 1582 apud
1006 1514 1358 1583 semetipsum
1406 1514 1449 1568 si
1478 1523 1724 1582 oporteat
1764 1513 1913 1582 dici,
1940 1517 1983 1571 si

424 1620 605 1659 sermo
634 1605 757 1658 talis
779 1614 860 1658 est
890 1605 982 1673 qui
1014 1606 1210 1660 debeat
1241 1606 1506 1675 proferri,
1533 1606 1577 1659 si
1609 1619 1837 1675 persona
1863 1606 1986 1661 talis

420 1705 645 1763 estquae
688 1704 781 1748 aut
818 1695 1051 1761 debeat,
1088 1705 1179 1750 aut
1212 1696 1381 1765 possit
1421 1697 1642 1764 audire,
1688 1699 1730 1753 si
1775 1707 1983 1767 tempus

420 1794 785 1853 opportunum
821 1796 902 1839 est
926 1785 1238 1854 proferendi
1267 1787 1573 1842 sermonis:
1622 1788 1748 1841 dum
1776 1790 1982 1860 singula

417 1874 518 1927 ista
542 1873 859 1943 perpendit,
884 1874 1190 1927 excluditur
1212 1877 1391 1930 omnis
1416 1877 1689 1931 iracundia
1714 1888 1765 1933 et
1804 1880 1984 1943 timor,

414 1973 471 2016 et
502 1964 784 2018 inconsulti
816 1963 1012 2019 furoris
1058 1965 1289 2033 impetus
1334 1967 1611 2037 mitigatur
1633 2010 1647 2033 ,
1678 1979 1839 2039 atque
1872 1987 1986 2025 om-

418 2069 541 2106 nem
568 2055 780 2122 penitus
809 2053 1248 2108 deliberationem
1296 2055 1420 2109 talis
1462 2058 1765 2121 abscindit;
1807 2070 1861 2114 et
1912 2061 1984 2114 ita

416 2143 630 2197 demum
679 2145 825 2198 velut
856 2161 919 2199 ex
953 2146 1344 2214 tranquillitate
1371 2149 1603 2217 quadam
1654 2160 1707 2203 et
1748 2151 1977 2205 convicti

416 2236 585 2290 animi
629 2252 723 2304 per
763 2239 1232 2293 mansuetudinem
1271 2254 1452 2293 sermo
1491 2240 1821 2307 procedens,
1860 2258 1985 2311 pro-

419 2324 716 2382 ferentibus
770 2327 1001 2396 gratiam
1047 2336 1268 2397 praestat
1312 2336 1366 2383 et
1422 2328 1767 2387 audientibus
1815 2334 1984 2388 medi-

414 2427 618 2469 οιιιιῐη.

485 2505 540 2560 4.
577 2505 771 2559 Verum
810 2507 1062 2574 quoniam
1101 2508 1152 2561 in
1190 2507 1279 2564 illo
1308 2511 1544 2566 maxime
1582 2519 1825 2583 tempore
1860 2530 1983 2584 pec-

416 2610 629 2661 camus,
664 2596 879 2665 quando
922 2607 1177 2665 peccator
1223 2601 1479 2655 consistit
1530 2603 1812 2657 adversum
1861 2621 1978 2669 nos,

416 2686 679 2754 instigans
707 2696 761 2741 et
790 2702 1089 2756 provocans
1122 2698 1180 2743 ut
1206 2689 1407 2757 aliquid
1435 2691 1541 2745 tale
1571 2694 1881 2747 emittamus
1913 2711 1976 2748 ex

411 2792 535 2841 ore,
580 2777 630 2830 in
684 2792 791 2845 quo
831 2777 906 2831 rei
946 2786 1229 2832 teneamur
1280 2780 1331 2833 in
1371 2779 1555 2834 futuro
1598 2782 1836 2850 judicio,
1877 2784 1978 2837 hoc

413 2867 727 2921 describens
772 2874 993 2921 sanctus
1029 2867 1298 2936 Propheta
1343 2868 1510 2923 dicit:
1564 2870 1701 2923 Dum
1743 2874 1976 2926 constitit

408 2965 652 3023 peccator
688 2958 962 3011 adversum
993 2974 1071 3011 me
1091 2998 1105 3024 ,
1153 2958 1388 3012 obmutui
1416 2969 1462 3012 et
1499 2962 1831 3017 humilitatus
1861 2981 1975 3017 sum

409 3059 456 3101 et
486 3047 609 3101 silui
651 3066 682 3101 a
712 3050 878 3102 bonis.
921 3049 977 3103 Si
1025 3050 1242 3118 quando
1278 3062 1535 3121 peccator
1582 3056 1757 3109 astitit
1791 3056 1975 3109 adver—
2003 3078 2048 3138 ρ

408 3154 525 3192 sum
552 3154 636 3191 me
660 3148 714 3191 et
759 3140 1076 3208 loquebatur
1115 3141 1181 3194 de
1219 3156 1306 3194 me
1342 3144 1513 3207 male,
1548 3155 1602 3198 et
1632 3147 1972 3201 obtrectabat

408 3235 569 3294 atque
599 3226 846 3278 irritabat
884 3241 972 3279 me
1003 3236 1059 3279 ut
1085 3227 1280 3281 similia
1316 3229 1364 3282 ei
1399 3232 1679 3285 redderem
1703 3273 1719 3295 ,
1740 3243 1793 3286 et
1822 3235 1971 3301 paria

406 3317 475 3371 de
500 3330 618 3369 meo
641 3330 738 3369 ore
764 3315 1059 3383 proferrem
1080 3356 1095 3379 ,
1124 3331 1223 3385 ego
1246 3318 1297 3371 in
1318 3318 1408 3373 illo
1430 3330 1673 3390 tempore
1698 3322 1968 3377 silentium

409 3407 711 3461 meditabar
730 3445 743 3469 ,
774 3415 831 3459 ut
857 3406 986 3459 nihil
1010 3408 1219 3475 penitus
1248 3413 1652 3480 responderem.
1681 3412 1970 3483 PrOpterea

406 3513 545 3567 ergo.
579 3498 745 3552 dicit:
788 3497 924 3550 Dum
973 3500 1206 3552 constitit
1245 3513 1489 3568 peccator
1539 3504 1817 3557 adversum
1868 3522 1969 3571 me,

406 3588 639 3643 obmutui
681 3596 729 3642 et
775 3587 1103 3640 humilitatus
1154 3604 1272 3643 sum
1321 3602 1367 3645 et
1415 3593 1541 3647 silui
1581 3609 1612 3645 a
1657 3594 1824 3648 bonis.
1867 3594 1972 3650 Nos

407 3696 535 3735 vero
567 3680 858 3746 aliquando
906 3680 950 3732 si
988 3679 1236 3734 nolumus
1276 3681 1585 3747 humiliari,
1618 3684 1722 3737 alia
1756 3685 1966 3755 cogita-

406 3787 524 3825 mus
554 3780 606 3824 et
643 3769 873 3823 dicimus
905 3772 1043 3838 apud
1092 3772 1480 3841 nosmetipsos:
1517 3772 1654 3838 Quid
1705 3774 1807 3829 hoc
1850 3777 1969 3830 eSt?

408 3862 512 3915 Iste
546 3875 631 3915 me
665 3861 993 3930 contemptui
1038 3861 1228 3916 habuit
1269 3872 1323 3917 et
1360 3878 1524 3917 ausus
1550 3874 1632 3918 est
1662 3865 1787 3918 talia
1821 3867 1872 3920 in
1908 3882 1970 3922 os

407 3952 688 4020 ingerere,
725 3960 779 4005 et
816 3950 889 4003 ita
924 3952 1209 4006 adversum
1249 3968 1333 4007 me
1378 3967 1594 4007 movere
1640 3968 1967 4020 sermonem,

407 4056 583 4095 nonne
615 4050 667 4096 et
687 4056 787 4111 ego
819 4043 942 4096 huic
970 4042 1167 4096 similia
1188 4084 1203 4110 ,
1228 4053 1320 4098 aut
1347 4045 1509 4099 etiam
1541 4048 1791 4113 graviora
1834 4048 1971 4102 infe-

407 4149 519 4186 ram
541 4173 557 4198 ,
581 4142 639 4187 ut
667 4144 721 4187 et
751 4135 861 4201 ipse
883 4135 1068 4189 audiat
1092 4134 1272 4203 pejora
1296 4152 1454 4205 quam
1474 4138 1644 4191 dixit?
1666 4139 1770 4193 Sed
1794 4140 1969 4207 justus

407 4237 510 4275 non
539 4223 611 4274 ita
645 4223 784 4289 agit,
814 4224 941 4290 quin
975 4224 1157 4291 potius
1186 4225 1434 4278 htnniliat
1467 4241 1524 4279 se
1547 4264 1563 4289 ,
1592 4227 1806 4281 etiamsi
1848 4243 1968 4281 ser-

407 4328 505 4365 vus
535 4311 603 4363 sit
640 4310 727 4364 ille
756 4312 849 4379 qui
895 4313 1166 4368 obtrectat
1220 4323 1273 4369 et
1327 4316 1569 4369 convicia
1608 4317 1837 4385 ingerit,
1877 4327 1968 4370 aut

2088 527 2285 563 versum
2320 528 2397 564 me
2419 553 2433 575 ,
2468 513 2703 565 obmutui
2733 526 2779 567 et
2810 514 3120 566 humiliatus
3147 532 3259 567 sum
3290 527 3334 567 et
3357 517 3481 569 silui
3514 536 3541 568 a
3567 519 3658 569 bo-

2089 601 2212 653 nis?
2237 612 2326 654 aut
2359 602 2631 669 profectus
2667 604 2882 671 quidem
2911 614 3022 671 est,
3060 606 3295 657 nondum
3328 616 3504 660 tamen
3542 623 3655 675 per.

2088 689 2269 745 lectio.
2298 690 2422 743 Tria
2455 706 2688 759 namque
2716 693 2768 746 in
2806 694 2908 747 hoc
2942 692 3059 747 loco
3091 694 3156 748 de
3197 693 3496 763 Scripturis
3528 706 3657 765 puto

2087 793 2245 846 posse
2266 780 2562 849 assignari,
2597 784 2648 835 in
2682 798 2790 851 quo
2821 783 2951 837 dicit
2984 791 3129 837 stare
3171 792 3513 852 peccatorem
3562 786 3657 837 ad-

2086 884 2301 924 versum
2331 886 2388 925 se
2408 911 2421 935 ,
2456 882 2510 925 et
2540 873 2683 941 loqui
2725 874 2778 927 in
2824 875 3043 929 auribus
3068 876 3178 929 suis
3210 890 3269 927 ea
3297 877 3495 945 quibus
3530 876 3655 929 irri-

2090 963 2188 1015 tari
2226 975 2280 1017 et
2320 966 2637 1019 exacerbari
2687 968 2859 1034 possit
2906 970 2970 1020 ad
3026 967 3457 1022 retribuendum.
3506 966 3570 1022 Et
3612 967 3656 1020 si

2085 1056 2302 1123 quidem
2338 1071 2437 1126 ego
2491 1072 2690 1126 parvus
2734 1073 2883 1121 sum,
2920 1057 3151 1120 similia,
3197 1066 3251 1111 et
3300 1058 3515 1111 oculum
3552 1072 3654 1127 pro

2085 1147 2241 1201 oculo
2274 1151 2528 1215 requiro,
2560 1149 2777 1202 dentem
2810 1163 2906 1216 pro
2932 1148 3092 1201 dente
3117 1189 3130 1211 ,
3162 1158 3216 1202 et
3243 1148 3525 1203 maledicta
3559 1166 3654 1217 pro

2088 1237 2387 1292 maledictis
2418 1253 2637 1307 repono.
2671 1239 2726 1293 Si
2755 1254 2881 1293 vero
2904 1239 3016 1308 jam
3050 1240 3384 1308 aliquantum
3419 1239 3651 1309 profeci,

2087 1327 2321 1381 nondum
2350 1337 2525 1382 tamen
2554 1328 2820 1399 perfectus
2851 1346 2965 1383 sum
2987 1373 3000 1397 ,
3030 1340 3085 1385 et
3110 1340 3259 1386 taceo
3288 1340 3341 1385 et
3383 1331 3497 1385 fero
3531 1346 3668 1385 con-

2084 1419 2221 1473 vicia
2244 1420 2537 1488 patienter,
2576 1408 2686 1476 hec
2727 1421 3022 1490 quidquam
3066 1422 3289 1475 omnino
3331 1423 3652 1490 respondeo.

2088 1509 2143 1564 Si
2181 1526 2308 1565 vero
2351 1513 2451 1565 sim
2487 1512 2794 1580 perfectus,
2845 1530 2949 1567 non
2981 1523 3162 1577 taceo,
3201 1516 3293 1568 sed
3331 1529 3452 1567 cum
3489 1513 3655 1567 male-

2086 1601 2268 1665 dicor,
2298 1600 2558 1655 benedico
2583 1643 2597 1667 ,
2628 1602 2775 1655 sicut
2804 1613 2857 1656 et
2890 1600 3090 1655 Paulus
3126 1602 3341 1657 dicebat
3369 1602 3447 1658 "z
3491 1600 3657 1654 Male-

2086 1691 2312 1743 dicimur
2358 1700 2405 1743 et
2454 1691 2843 1756 benedicimus,
2883 1692 3290 1759 persecutionem
3343 1694 3575 1761 patimur
3608 1705 3654 1746 et

2090 1782 2443 1845 sustinemus,
2492 1781 2831 1846 blasphemati
2879 1783 3243 1849 deprecamur.
3287 1784 3354 1838 Et
3397 1786 3653 1853 quoniam

2089 1871 2179 1939 qui
2201 1871 2313 1925 hare
2344 1880 2529 1939 agunt,
2552 1872 2602 1924 id
2632 1874 2841 1940 est,qui
2869 1888 2966 1941 pro
2985 1873 3456 1928 maledictionibus
3490 1876 3653 1929 bene-

2088 1960 2351 2013 dictiones
2372 1962 2597 2014 reddunt
2625 2001 2639 2025 ,
2663 1963 2755 2030 qui
2781 1978 2877 2030 pro
2898 1963 3249 2029 blasphemiis
3272 1965 3654 2033 deprecantur,

2087 2050 2335 2104 videntur
2383 2050 2692 2105 hominibus
2726 2053 2809 2104 vel
2836 2061 2892 2104 ut
2933 2054 3168 2120 pecudes
3196 2064 3251 2107 et
3275 2066 3661 2125 purgamenta,

2090 2151 2342 2209 tanquam
2376 2142 2466 2206 qui
2492 2158 2709 2196 sensum
2741 2142 2950 2211 injuria:
2982 2159 3085 2197 non
3109 2145 3343 2209 habent,
3367 2154 3653 2214 propterea

2085 2245 2213 2301 ergo
2246 2230 2450 2285 addidit
2483 2232 2670 2287 dicens
2700 2232 2778 2285 ’δε
2809 2231 3080 2302 Tanquam
3110 2246 3453 2303 purgamenta
3493 2237 3653 2302 huius

2084 2323 2268 2377 mundi
2298 2324 2429 2391 facti
2464 2340 2645 2377 sumus
2679 2324 2911 2377 omnium
2942 2325 3250 2391 peripsema.
3298 2326 3404 2379 Sed
3432 2342 3528 2381 nos
3558 2343 3656 2380 nn-

2083 2413 2261 2468 lumus
2283 2430 2408 2468 cum
2433 2415 2698 2485 apostolis
2725 2425 3079 2483 purgamenta
3108 2414 3269 2481 hujus
3294 2418 3475 2470 mundi
3511 2416 3649 2483 ﬁeri,

2082 2508 2175 2559 sed
2204 2505 2449 2559 volumus
2486 2520 2588 2559 non
2620 2506 2890 2560 contemni
2929 2506 2995 2559 ab
3032 2506 3373 2570 hominibus,
3408 2508 3517 2563 imo
3550 2525 3650 2578 po-

2083 2597 2188 2651 tius
2209 2606 2263 2651 et
2290 2596 2485 2658 timeri,
2507 2606 2559 2649 et
2584 2596 2714 2651 satis
2733 2596 2939 2664 agimus
2964 2595 3187 2651 reddere
3212 2596 3294 2651 his
3314 2599 3403 2665 qui
3433 2599 3649 2665 laedunt,

2080 2697 2135 2742 et
2163 2689 2465 2757 praevenire
2496 2687 2789 2741 vindictam
2832 2704 2993 2757 quam
3034 2688 3135 2741 sibi
3181 2689 3439 2742 Dominus
3473 2704 3653 2744 reser-

2079 2780 2223 2831 vavit
2257 2777 2539 2832 dicens“:
2580 2777 2711 2831 Mihi
2762 2778 2988 2831 vindicta
3010 2818 3025 2843 ,
3062 2794 3154 2848 ego
3186 2779 3496 2845 retribuam,
3524 2782 3651 2833 dicit

2080 2867 2355 2920 Dominus.
2389 2868 2589 2921 Verum
2625 2868 2668 2921 si
2706 2883 2811 2921 non
2845 2883 3133 2936 possumus
3176 2869 3227 2924 in
3270 2878 3482 2923 tantum
3525 2885 3651 2940 pro-

2078 2958 2237 3011 licere
2260 2997 2273 3021 ,
2317 2966 2373 3011 et
2405 2958 2471 3010 ad
2504 2957 2648 3010 istud
2696 2958 2910 3013 culmen
2952 2960 3198 3014 veritatis
3229 2961 3561 3024 ascendere,
3594 2970 3654 3012 ιιι

2079 3047 2325 3100 dicamus
2358 3063 2480 3100 cum
2523 3047 2723 3101 Paulo:
2770 3050 3143 3103 Haledicimur
3186 3060 3233 3103 et
3276 3052 3648 3112 benedicimus,

2078 3136 2481 3200 persecutionem
2537 3139 2770 3203 patimur
2812 3148 2859 3190 et
2900 3140 3249 3203 sustinemus,
3298 3140 3645 3208 blasphemati

2078 3225 2439 3291 deprecamur,
2467 3226 2553 3279 vel
2574 3227 2675 3279 hoc
2716 3230 2859 3295 quod
2888 3228 3065 3282 adhuc
3096 3244 3190 3298 per
3208 3226 3530 3297 Prophetatn
3551 3229 3650 3282 do-

2079 3330 2299 3378 cemur,
2333 3316 2610 3371 dicamus:
2651 3317 2787 3369 Dum
2824 3320 3057 3371 constitit
3097 3328 3339 3386 peccator
3369 3320 3646 3372 adversum

2079 3423 2177 3467 me,
2204 3408 2438 3459 obmutui
2462 3418 2510 3461 et
2539 3409 2848 3461 humiliatus
2875 3425 2988 3461 sum
3014 3448 3028 3473 ,
3063 3418 3111 3463 et
3141 3409 3267 3463 silui
3289 3426 3319 3462 a
3346 3410 3511 3461 bonis.

2149 3495 2200 3547 5.
2235 3496 2297 3548 Et
2323 3496 2453 3563 quid
2471 3496 2682 3550 addidit
2718 3495 2844 3550 bis?
2875 3494 2940 3547 Et
2974 3496 3145 3560 dolor,
3174 3496 3367 3567 inquit,
3397 3512 3540 3550 meus
3574 3514 3653 3552 re.

2082 3598 2297 3642 novatus
2320 3597 2416 3642 est.
2457 3588 2516 3643 Hi
2544 3588 2632 3658 qui
2663 3589 2716 3641 in
2740 3589 2931 3657 agonis
2952 3588 3251 3643 certamine
3274 3589 3478 3643 mutuis
3506 3590 3647 3643 inter

2080 3694 2138 3733 se
2165 3680 2482 3734 verberibus
2510 3689 2707 3748 agunt,
2739 3681 2789 3734 in
2836 3681 2919 3734 his
2968 3693 3183 3747 semper
3216 3694 3522 3748 prwparare
3549 3696 3643 3734 co-

2079 3780 2310 3837 nantur,
2352 3778 2409 3823 ut
2451 3770 2597 3825 illata
2623 3770 2725 3824 sibi
2754 3771 2823 3825 ab
2856 3768 3188 3823 adversariis
3222 3770 3451 3823 verbera
3485 3769 3642 3821 forti-

2079 3873 2162 3917 ter
2189 3862 2395 3928 ferant,
2432 3878 2531 3917 nec
2558 3876 2779 3916 sensum
2815 3860 3017 3915 doloris
3044 3861 3347 3929 accipiant,
3374 3870 3430 3913 et
3464 3871 3545 3914 est
3566 3862 3647 3914 eis

2078 3968 2285 4007 summa
2314 3953 2520 4007 virtus:
2553 3953 2883 4006 lacertorum
2914 3952 3052 4005 ictus
3076 3951 3155 4004 vel
3182 3952 3408 4004 calcium
3437 3951 3643 4020 absque

2077 4044 2260 4099 dolore
2300 4045 2593 4111 suscipere.
2633 4043 2690 4097 In
2723 4043 2919 4112 quibus
2952 4041 3041 4096 ille
3069 4050 3149 4095 est
3180 4041 3512 4110 perfectior,
3547 4044 3639 4109 qui

2077 4137 2143 4188 ad
2184 4136 2347 4189 ictum
2379 4136 2621 4188 vulneris
2649 4173 2664 4199 ,
2697 4134 2904 4187 nullum
2950 4134 3142 4202 recipit
3177 4133 3457 4187 stimulum
3492 4133 3645 4185 dolo-

2078 4226 2174 4280 ris.
2196 4225 2475 4280 Secundus
2505 4239 2631 4279 vero
2659 4233 2743 4279 est
2773 4226 2818 4278 is
2847 4224 2938 4294 qui
2972 4224 3119 4278 dolet
3142 4224 3385 4294 quidem,
3420 4224 3515 4277 sed
3542 4238 3639 4276 ne-

2076 4330 2344 4385 quaquam
2389 4315 2662 4369 doloribus
2719 4314 2884 4367 cedit.
2944 4312 3075 4368 Tale
3131 4312 3336 4383 aliquid
3394 4312 3642 4383 intelligo

401 4399 445 4452 si
498 4400 715 4455 humilis
761 4410 815 4453 et
857 4413 1111 4468 peccator
1155 4405 1223 4457 sit
1266 4414 1318 4458 et
1361 4406 1629 4476 indignus.
1661 4405 1750 4459 Ille
1801 4407 1964 4460 dicit:
2003 4399 2045 4454 Ι)
2072 4408 2235 4460 etiam
2278 4406 2330 4459 in
2378 4405 2530 4460 nobis
2556 4446 2571 4471 ,
2600 4421 2722 4461 cum
2752 4403 3158 4471 maledicimur,
3188 4413 3243 4459 et
3286 4404 3498 4459 assistit
3544 4400 3639 4458 ad-

410 4492 542 4547 Dum
571 4492 801 4543 constitit
825 4506 1065 4557 peccator
1088 4495 1362 4549 adversum
1396 4512 1496 4559 me,
1532 4497 1763 4549 obmutui
1795 4508 1841 4550 et
1870 4499 1968 4550 Itu-

405 4586 635 4636 miliatus
677 4600 792 4636 sum
824 4593 871 4636 et
918 4584 1041 4635 silui
1086 4601 1116 4635 a
1166 4585 1331 4638 bonis.
1374 4585 1486 4640 Non
1528 4587 1661 4639 dixit
1704 4604 1716 4637 :
1760 4598 1816 4641 et
1847 4589 1969 4642 silui

409 4675 778 4729 tantummodo
796 4714 809 4739 ,
836 4673 928 4727 sed
951 4690 981 4726 a
1007 4674 1152 4728 bonis
1176 4676 1334 4739 silui;
1365 4677 1413 4728 in
1441 4693 1547 4747 quo
1570 4680 1805 4732 ostendit
1826 4682 1968 4748 quod

404 4781 524 4819 cum
554 4767 663 4819 sint
695 4766 747 4818 in
793 4782 877 4820 me
910 4766 1047 4819 bona
1069 4804 1083 4827 ,
1129 4775 1182 4819 et
1212 4768 1441 4819 edoctus
1486 4778 1645 4835 atque
1692 4770 1971 4825 institutus

404 4858 502 4910 sim
532 4856 684 4909 benis
712 4856 1051 4925 dogmatibus
1097 4865 1260 4925 atque
1301 4858 1601 4927 disciplinis
1621 4898 1638 4925 ,
1667 4869 1719 4914 et
1760 4863 1963 4929 possim

405 4948 569 5002 etiam
597 4954 822 5002 caeteros
852 4948 1046 5001 docere
1086 4962 1203 5015 qua:
1229 4947 1366 5001 bona
1391 4960 1549 5017 sunt,
1587 4964 1763 5009 tamen
1812 4956 1865 5008 in
1898 4970 1964 5009 eo

406 5050 644 5106 tempore
664 5054 771 5106 quo
802 5046 1052 5105 peccator
1078 5037 1285 5091 assistit
1314 5039 1602 5095 adversum
1638 5060 1722 5098 me
1749 5054 1802 5097 et
1832 5060 1963 5099 con-

405 5130 557 5182 viciis
588 5128 803 5181 lacessit
830 5143 891 5181 ac
911 5127 1106 5196 jurgiis
1130 5165 1144 5189 ,
1178 5142 1276 5196 ego
1297 5129 1457 5182 etiam
1496 5134 1631 5183 bona
1658 5132 1819 5184 verba
1847 5148 1962 5184 mea

402 5219 625 5272 cohibeo
651 5227 705 5271 et
734 5220 967 5287 reprimo
992 5235 1005 5270 :
1043 5234 1109 5272 ne
1138 5218 1219 5271 vel
1250 5219 1323 5270 illi
1359 5220 1533 5289 ignem
1570 5236 1680 5275 sua:
1706 5224 1965 5289 perditio-

402 5310 484 5362 nis
514 5308 837 5362 inllammem
860 5348 875 5372 ,
903 5308 1029 5363 dum
1065 5324 1167 5363 non
1191 5319 1368 5378 potest
1396 5310 1595 5379 pariter
1623 5328 1815 5381 parere
1844 5330 1963 5368 nta-

401 5400 499 5462 lis,
530 5410 583 5452 et
606 5400 918 5468 conspicere
948 5401 1092 5454 bona
1114 5441 1129 5465 ,
1164 5403 1242 5457 vel
1274 5417 1583 5457 sermonum
1616 5418 1853 5457 meorum
1885 5405 1963 5458 fa-

399 5489 538 5542 ciam
570 5489 977 5543 detrimentum.
1004 5488 1141 5555 Quid
1171 5495 1345 5561 ergo?
1392 5493 1505 5550 Hoc
1536 5495 1805 5550 videbitur
1840 5510 1962 5563 pcr-

1009 5668 1048 5698 ³¹
1083 5668 1243 5724 Eecli.
1280 5687 1465 5735 xxvttl,
1497 5673 1585 5728 28.

470 5664 513 5693 ⁸⁸
541 5665 697 5721 l‘rov.
735 5681 809 5731 tv,
846 5666 933 5720 33.
1009 5668 1048 5698 ³³
1083 5668 1243 5724 Eecli.
1280 5687 1465 5731 xxvnt,
1497 5673 1585 5728 28.
1662 5676 1702 5705 ³¹
1735 5676 1969 5729 ibid.29.

2051 5677 2092 5708 ³³
2122 5675 2143 5727 ι
2174 5675 2297 5729 Cor.
2331 5690 2405 5741 Iv,
2440 5673 2525 5730 12.

2075 4510 2288 4550 versum
2334 4512 2431 4552 nos
2475 4498 2851 4565 antagonista,
2880 4494 2925 4549 si
2956 4495 3174 4563 quidem
3223 4495 3364 4549 bene
3410 4494 3641 4548 instituti

2074 4601 2294 4653 sumus,
2339 4596 2394 4641 et
2437 4588 2617 4642 animo
2660 4588 2815 4658 longa
2871 4588 3222 4642 meditatione
3272 4585 3554 4646 roborati,
3586 4586 3638 4638 in

2075 4677 2223 4730 nullo
2252 4678 2462 4745 penitus
2490 4693 2555 4731 ex
2583 4679 2748 4733 illatis
2777 4678 3075 4733 maledictis
3100 4677 3184 4731 vel
3208 4675 3473 4731 conviciis
3510 4686 3641 4727 con-

2077 4767 2389 4833 tristamur,
2417 4768 2511 4822 sed
2554 4783 2741 4822 sumus
2771 4782 2868 4837 pro
2897 4768 3062 4820 nimia
3095 4765 3294 4819 mentis
3334 4763 3639 4817 constantia

2074 4871 2137 4908 ac
2189 4857 2449 4924 patientia
2496 4857 2642 4912 velut
2683 4873 2843 4912 sensu
2880 4854 3086 4909 doloris
3129 4862 3379 4906 carentes
3405 4890 3419 4915 ,
3452 4861 3503 4904 et
3545 4866 3641 4919 per

2074 4948 2295 5000 multam
2324 4948 2781 5001 mansuetudinem
2806 4986 2819 5009 ,
2855 4955 2911 4998 ut
2940 4944 3171 4998 audeam
3205 4942 3278 4996 ita
3328 4941 3636 5005 nominare,

2074 5041 2219 5094 velut
2263 5041 2562 5094 imitatores
2606 5037 2868 5092 eﬂicimur
2898 5035 3295 5104 quodammodo
3335 5031 3464 5086 Dei:
3501 5032 3640 5085 Deus

2073 5136 2219 5188 enim
2270 5132 2609 5187 maledicitur
2666 5135 2733 5185 ab
2778 5129 3084 5193 luereticis,
3116 5128 3523 5196 blasphematur
3572 5124 3640 5176 ab

2073 5225 2157 5279 his
2186 5226 2275 5293 qui
2315 5222 2705 5291 providentiam
2736 5221 2853 5288 ejus
2885 5230 3121 5287 negant,
3166 5218 3414 5285 culpatur
3452 5213 3520 5267 ab
3554 5213 3639 5302 his

2071 5312 2167 5384 qui
2200 5318 2481 5367 thesauros
2515 5313 2796 5382 sapientia:
2827 5312 2941 5379 ejus
2971 5313 3251 5379 ignorant:
3275 5317 3330 5361 et
3360 5307 3446 5361 dic
3482 5305 3637 5372 mihi,

2072 5404 2311 5472 nunquid
2346 5411 2500 5472 potes
2531 5404 2632 5457 boc
2662 5402 2901 5472 cogitare
2921 5441 2933 5463 ,
2960 5399 3102 5469 quod
3136 5414 3232 5468 pro
3267 5400 3350 5451 bis
3381 5396 3637 5451 omnibus

2070 5492 2283 5559 injuriis
2337 5490 2517 5546 doleat
2581 5492 2798 5561 quidem
2850 5491 3033 5557 Deus,
3078 5490 3172 5543 sed
3222 5490 3459 5558 patiatur
3497 5486 3635 5539 sicut

2605 5675 2651 5707 "’
2680 5670 2809 5730 ibid.
2848 5676 2928 5730 lia.
3008 5674 3051 5706 ³⁵
3084 5674 3235 5728 “om.
3274 5688 3369 5736 xu,
3402 5672 3489 5727 l9.
