4120 6212
508 260 524 312 l
535 260 637 312 3’15

1899 247 1986 300 EX
2024 245 2320 302 URlGENE

3607 251 3630 302 1
3646 250 3774 303 596

505 374 637 428 nos?
680 374 762 427 An
816 380 1070 440 tanquam
1117 370 1295 422 divina
1356 378 1545 422 natura
1579 385 1672 439 per
1726 369 2071 438 impassibili—
2101 373 2142 427 Α
2175 369 2363 421 dolens
2391 370 2555 422 corde
2588 367 2998 422 concalescente
3035 365 3207 420 fervet
3250 367 3389 420 intra
3419 381 3478 420 se
3514 382 3578 421 ac
3616 384 3764 436 per-

509 475 694 527 tatem,
725 462 885 533 693
932 475 1104 528 neque
1133 473 1326 513 sensus
1360 460 1561 513 doloris
1614 461 1880 514 ullatenus
1940 459 2072 512 reci-

509 555 612 619 pit,
646 565 817 618 neque
837 550 958 603 ullis
989 560 1080 604 aut
1105 550 1340 617 injuriis,
1368 559 1460 602 aut
1489 550 1749 604 conviciis
1777 550 2069 604 excitatur?

507 641 651 695 Talis
694 654 822 709 ergo
854 640 981 704 erit,
1010 641 1118 694 imo
1159 641 1459 695 imitabitur
1485 642 1644 694 talem
1673 643 1851 695 omnis
1885 641 2067 709 perfe-

503 744 624 784 ctus
653 739 707 787 et
729 731 932 799 justus,
978 730 1156 798 qualis
1182 740 1300 784 erat
1332 731 1418 784 ille
1444 731 1531 799 qui
1564 731 1812 785 dicebat:
1841 732 2069 786 Maledi—

499 825 669 874 cimur
695 831 742 874 et
770 821 1144 888 benedicimus.
1173 823 1590 888 persecutione»:
1618 825 1854 888 patimur
1877 835 1926 877 et
1953 841 2068 877 sus-

498 913 745 974 tinemus,
792 911 1132 980 blasphemati
1176 911 1538 974 deprecamur.
1584 912 1682 977 Qui
1726 923 1902 965 autem
1935 929 2067 966 non-

502 1003 630 1055 dum
681 1011 765 1054 est
809 999 1105 1069 perfectus,
1135 1000 1346 1066 prolicit
1396 1010 1596 1067 tamen,
1629 1018 1749 1057 cum
1794 1004 2062 1057 riialedici-

502 1101 592 1145 tur
629 1092 958 1146 obmutescit
989 1101 1042 1146 et
1084 1092 1398 1145 liumiliatnr
1433 1101 1484 1146 et
1532 1092 1651 1147 silet
1679 1109 1706 1146 a
1740 1094 1910 1147 bonis.
1960 1094 2066 1148 Sed

501 1186 604 1237 iste
651 1184 741 1251 qui
799 1182 1106 1249 hujusmodi
1163 1191 1247 1235 est
1300 1182 1443 1237 dolet
1485 1191 1540 1236 et
1588 1183 1764 1237 dicit:
1809 1183 1878 1238 Et
1917 1184 2069 1237 dolor

500 1289 642 1325 meus
675 1281 959 1325 renovatus
990 1282 1088 1325 est.
1118 1272 1374 1328 Describe
1407 1273 1535 1326 inihi
1573 1273 1768 1328 vulnus
1803 1274 1942 1342 quod
1975 1289 2068 1328 cu-

510 1370 683 1425 ratur,
708 1371 759 1412 ct
789 1376 973 1414 curam
1006 1361 1120 1426 ejus
1154 1362 1528 1429 proficientem
1557 1374 1608 1418 et
1628 1363 1740 1428 jam
1766 1365 2066 1432 proximam

505 1451 751 1504 cicatrici
783 1459 935 1503 :tum
963 1452 1155 1505 deinde
1188 1453 1237 1506 in
1269 1452 1385 1521 ipso
1407 1454 1628 1509 vulnere
1649 1458 1790 1523 quod
1815 1457 1925 1524 jam
1956 1470 2068 1511 cm-

503 1549 654 1609 perat
685 1543 952 1598 obducere
977 1543 1313 1608 cicatricem,
1351 1545 1566 1598 intuere
1589 1545 1729 1599 aliud
1759 1545 1955 1600 vulnus
1987 1549 2068 1599 in.

502 1633 633 1704 ﬂigi,
675 1642 728 1688 et
757 1646 854 1701 per
877 1631 979 1685 hoc
1005 1631 1200 1686 vulnus
1238 1648 1454 1695 recens,
1499 1635 1625 1688 illud
1659 1635 1949 1704 pristinum
1978 1650 2061 1690 re-

504 1739 726 1776 novare.
763 1722 894 1776 Tale
949 1723 1112 1776 etiam
1159 1724 1344 1777 evenit
1388 1725 1516 1779 huic
1557 1726 1649 1794 qui
1697 1727 1929 1791 prolicit,
1969 1727 2064 1780 sed

502 1815 740 1868 nondum
768 1810 1042 1880 perlectus
1071 1820 1175 1873 est,
1208 1827 1306 1865 nec
1336 1810 1443 1880 jam
1474 1815 1541 1865 ad
1569 1829 1832 1869 summam
1881 1815 2071 1882 perdu-

501 1913 624 1957 ctus
668 1911 755 1956 est
801 1902 1110 1957 sanitatem.
1163 1901 1218 1955 Si
1267 1916 1396 1971 ergo
1425 1903 1549 1957 dum
1592 1904 1767 1956 adhuc
1795 1907 1844 1956 in
1882 1913 2070 1959 tenero

501 2005 585 2048 est
633 1991 793 2056 cutis,
835 1993 1096 2045 accedant
1141 1991 1188 2044 ei
1234 1991 1648 2047 maledictorum
1698 2002 1752 2047 et
1790 1995 2068 2048 convicio-

506 2098 627 2136 rum
660 2081 1223 2144 vulnera,renovatnr
1270 2081 1446 2145 dolor,
1495 2091 1547 2134 et
1591 2093 1848 2150 parantur
1900 2098 2068 2151 angu-

501 2175 640 2235 stiae,
670 2181 725 2228 et
768 2183 895 2225 tunc
938 2171 1130 2225 merito
1169 2172 1343 2225 dicit:
1375 2171 1510 2224 Dum
1546 2174 1782 2226 constitit
1828 2186 2069 2242 peccator

501 2265 774 2319 adversum
809 2280 909 2328 me,
943 2264 1175 2316 obmutui
1213 2273 1258 2316 et
1297 2264 1608 2317 humiliatus
1640 2282 1776 2330 sum,
1810 2275 1858 2319 et
1888 2265 2065 2320 siluia

502 2355 667 2418 bonis,
692 2365 740 2408 et
789 2355 941 2406 dolor
979 2370 1123 2407 meus
1148 2364 1424 2408 renovatus
1460 2363 1557 2408 est.
1599 2353 1729 2408 Vide
1765 2371 1893 2427 ergo
1927 2372 2064 2426 quo-

505 2445 662 2499 modo
695 2445 742 2498 is
768 2443 859 2512 qui
895 2447 948 2497 ln
981 2446 1281 2498 certamine
1323 2445 1530 2514 positus
1560 2455 1662 2510 est,
1690 2447 1779 2515 qui
1809 2461 1868 2503 se
1898 2448 2066 2502 refre-

503 2550 634 2588 nare
679 2537 830 2602 cupit
868 2534 935 2587 ab
981 2535 1262 2587 iracundia
1311 2535 1390 2588 vel
1449 2535 1648 2597 furore,
1683 2547 1736 2588 et
1779 2538 1902 2590 dum
1952 2539 2064 2606 ipse

508 2624 621 2676 lucc
661 2623 800 2692 apud
847 2638 904 2678 se
944 2625 1260 2688 meditatur,
1293 2634 1348 2677 et
1392 2626 1625 2679 irritatio
1670 2627 1717 2680 ei
1755 2629 2065 2696 supervenit

503 2713 826 2780 peccatoris,
879 2731 996 2784 qua:
1028 2729 1149 2768 eum
1193 2714 1479 2769 conturbet
1519 2717 1735 2784 quidem
1768 2727 1820 2770 et
1851 2717 2060 2788 fatiget,

504 2820 610 2857 non
656 2814 830 2859 tamen
867 2807 1068 2870 vincat,
1100 2807 1192 2861 sed
1245 2808 1494 2876 quamvis
1531 2818 1855 2876 provocetur
1899 2819 1953 2863 et
1982 2811 2064 2865 in-

503 2893 808 2949 flatnmetur
851 2896 916 2949 ad
991 2898 1446 2964 rcspomlendum,
1505 2901 1818 2954 remordeus
1883 2909 2060 2955 tamen

2175 460 2442 524 turbatur,
2480 459 2572 511 sed
2607 473 2708 511 non
2747 474 2813 510 eo
2843 471 3036 524 usque,
3075 465 3131 508 nt
3173 467 3228 510 et
3263 472 3573 510 sermonem
3607 474 3757 524 pro-

2172 545 2311 599 ferat
2344 548 2503 598 corde
2539 548 2777 606 turbato,
2815 561 3002 597 verum
3053 544 3388 600 concalescit
3427 547 3660 614 quidem
3697 549 3756 598 in

2170 637 2529 692 interioribus
2577 639 2691 691 suis
2731 637 2805 690 rei
2839 637 3156 703 indignitate
3190 648 3490 705 permotus,
3524 637 3620 692 sed
3657 653 3758 693 ca-

2170 727 2299 782 loris
2330 729 2410 781 sui
2448 728 2694 781 flammas
2723 743 2818 795 per
2853 727 3132 782 silentium
3163 728 3438 796 decoquit.

2243 817 2294 871 7.
2339 819 2626 876 Videamus
2647 822 2808 875 etiam
2850 819 3011 874 alium
3053 833 3356 873 sermonem
3377 817 3535 886 justi,
3572 833 3754 885 quem

2169 918 2220 961 et
2249 923 2460 961 summa
2502 909 2679 963 studio
2719 910 2975 964 debemus
3001 907 3269 961 aeululari.
3309 906 3375 958 Et
3419 922 3470 958 tn
3512 907 3757 958 medita-

2169 1001 2309 1052 tione
2334 1016 2447 1051 mea
2474 1000 2773 1052 exardescet
2801 1000 2960 1068 ignis.
2987 998 3176 1078 Egego
3213 997 3444 1050 meditor
3475 994 3586 1062 (69)
3616 995 3749 1049 elo-

2167 1091 2292 1156 quia
2328 1087 2644 1151 Domini,ct
2676 1087 2989 1157 frequenter
3045 1089 3097 1140 in
3154 1085 3286 1155 ipsis
3338 1100 3422 1137 me
3471 1099 3745 1147 exerceo,

2169 1178 2259 1233 sed
2293 1179 2476 1232 nescio
2507 1179 2550 1232 si
2588 1179 2711 1233 talis
2745 1194 2888 1240 sum,
2915 1185 2974 1247 ut
3026 1177 3078 1229 in
3133 1175 3487 1229 meditatione
3517 1189 3632 1227 mea
3665 1190 3746 1229 ex

2169 1284 2492 1339 unoquoque
2527 1283 2773 1322 sermone
2822 1267 2914 1322 Dei
2960 1267 3099 1336 ignis
3130 1266 3414 1337 procedat,
3446 1276 3502 1319 et
3539 1281 3752 1318 accen-

2169 1363 2260 1416 dat
2307 1377 2402 1415 cor
2456 1374 2653 1425 meum,
2705 1369 2759 1413 et
2799 1357 3094 1412 inflammet
3145 1357 3382 1409 animam
3413 1355 3479 1408 ad
3515 1369 3580 1409 ea
3613 1370 3749 1423 qua

2169 1454 2402 1507 meditor
2438 1451 2798 1506 observanda.
2832 1451 2896 1504 Et
2924 1463 3025 1517 ego
3052 1463 3194 1502 nunc
3226 1448 3422 1513 loquor
3450 1459 3741 1499 sermones

2168 1543 2286 1605 Dei,
2318 1543 2410 1595 sed
2442 1551 2684 1610 optarem
2739 1549 2797 1594 ut
2845 1537 3019 1610 primo
3050 1539 3102 1590 in
3133 1549 3254 1591 meo
3285 1533 3466 1595 cordc,
3491 1531 3744 1586 secundo

2169 1648 2378 1704 quoque
2419 1635 2471 1687 iu
2498 1634 2803 1686 auditorum
2835 1629 3102 1686 mentibus
3128 1627 3546 1682 exardescerent
3584 1647 3599 1679 :
3635 1625 3745 1679 sic-

2170 1734 2226 1778 ut
2259 1733 2415 1779 erant
2462 1724 2535 1778 illi
2583 1737 2860 1778 sermones
2898 1735 3036 1791 quos
3094 1719 3418 1790 loquebatur
3443 1717 3624 1782 Iesus,
3668 1719 3740 1772 de

2169 1817 2368 1887 quibus
2421 1815 2674 1870 dicebant
2728 1815 2805 1869 illi
2851 1814 2940 1882 qui
2979 1812 3259 1866 audierant
3281 1811 3325 1842 "
3353 1827 3365 1863 :
3393 1809 3580 1864 Nonne
3645 1825 3744 1863 cor

2172 1919 2409 1963 nostrum
2456 1917 2568 1960 erat
2609 1907 2800 1960 ardens
2843 1907 2897 1960 in
2937 1905 3082 1958 nobis
3121 1920 3237 1956 cum
3279 1903 3333 1955 in
3379 1903 3457 1956 via
3503 1903 3740 1966 aperiret

2169 2001 2317 2054 nobis
2359 1998 2700 2067 Scripturas?
2731 1997 2946 2054 Utinam
2999 2005 3053 2050 et
3103 1993 3246 2048 nunc
3287 1993 3738 2062 adaperientibus

2169 2090 2324 2144 nobis
2356 2090 2667 2157 Scripturas
2693 2088 2906 2142 divinas
2929 2085 3330 2141 concalesceret
3365 2097 3458 2138 cor
3486 2089 3735 2134 nostrum

2169 2181 2305 2232 intra
2361 2193 2479 2240 nos,
2529 2187 2584 2231 et
2633 2177 2684 2230 in
2739 2175 3088 2246 meditatione
3131 2181 3314 2226 nostra
3341 2170 3738 2227 accenderetur

2168 2272 2331 2340 ignis,
2385 2280 2437 2324 et
2483 2269 2887 2324 concitarentur
2943 2267 2994 2319 in
3037 2280 3172 2336 opus
3203 2279 3388 2319 corum
3419 2277 3540 2332 quin
3571 2261 3734 2313 audi—

2167 2378 2288 2417 mus
2331 2373 2384 2416 et
2434 2361 2684 2431 legimus.
2718 2360 2877 2413 Tales
2924 2359 3154 2425 denique
3191 2365 3349 2410 erant
3393 2363 3448 2410 et
3481 2352 3736 2406 Jercmize

2167 2469 2463 2514 sermones,
2502 2453 2795 2508 secundum
2828 2451 2970 2518 quod
3006 2450 3267 2517 scriptum
3310 2455 3413 2506 est,
3441 2460 3564 2498 cum
3597 2443 3735 2498 dicit

2169 2548 2234 2600 ad
2268 2563 2388 2600 eum
2441 2545 2693 2600 Dominus
2709 2543 2750 2574 ³⁷
2783 2558 2795 2592 ι
2831 2541 2964 2596 Ecce
3017 2543 3136 2596 dedi
3186 2555 3447 2594 sermones
3478 2552 3617 2588 meos
3648 2551 3735 2587 re-

2165 2648 2393 2690 trorsum
2424 2637 2478 2690 in
2506 2653 2562 2691 os
2595 2647 2741 2691 tuum
2775 2638 2966 2705 ignem.
2995 2631 3173 2698 Quare
3196 2628 3412 2701 ignem?
3437 2627 3571 2692 Quia
3605 2640 3729 2679 ser-

2165 2741 2355 2781 mones
2393 2743 2528 2794 quos
2563 2727 2885 2796 loquebatur
2933 2720 3306 2779 accendebant
3340 2718 3633 2784 auditores,
3667 2725 3727 2770 et

2167 2819 2298 2873 nihil
2333 2818 2571 2886 tepidum
2629 2819 2682 2871 in
2725 2817 2802 2871 eis
2835 2829 3012 2884 neque
3043 2813 3294 2882 frigidum
3324 2809 3671 2879 permanebat
3707 2826 3723 2862 :

2164 2911 2256 2966 sed
2283 2909 2420 2964 sicut
2447 2909 2586 2978 ignis
2612 2909 2885 2963 consumit
2906 2920 2970 2961 ac
3010 2902 3272 2958 interimit
3301 2915 3508 2955 omnem
3542 2909 3723 2952 mate-

503 2980 740 3037 dolorem
777 3000 932 3039 suum
975 2985 1228 3039 cohibeat
1255 2996 1306 3039 et
1334 2989 1613 3057 reprimat,
1645 2989 1732 3044 hic
1755 2991 1923 3045 dicit:
1952 2991 2060 3045 Do-
2090 3013 2130 3070 ε
2168 2997 2321 3062 riam,
2361 3012 2458 3051 nec
2489 2996 2821 3050 itumundum
2857 2994 3055 3062 aliquid
3083 2993 3136 3045 in
3175 3006 3230 3045 se
3264 2990 3470 3058 recipit,
3496 2996 3586 3042 aut
3609 2984 3728 3056 pol-

501 3075 585 3126 lor
621 3091 764 3128 meus
804 3086 1080 3128 renovatus
1125 3086 1222 3128 est.
1274 3078 1378 3132 Pro
1416 3092 1480 3133 eo
1513 3082 1653 3149 quod
1707 3081 1917 3138 scilicet
1947 3084 2060 3153 jam

502 3166 873 3234 proﬁciebam,
905 3177 960 3223 et
999 3169 1110 3239 jam
1158 3184 1242 3224 me
1290 3172 1355 3226 ad
1403 3177 1696 3228 sanitatem
1748 3176 2062 3243 pervenisse

501 3254 811 3320 credebam,
844 3263 1127 3324 antequam
1154 3261 1532 3324 exacerbarer,
1557 3272 1608 3316 et
1627 3272 1912 3332 antequam
1930 3281 2060 3318 cou-

504 3343 658 3396 viciis
706 3343 1034 3410 lacesserer;
1099 3349 1190 3402 sed
1252 3352 1409 3405 modo
1470 3355 1802 3408 rescinditur
1862 3356 2059 3412 vulnus

503 3448 678 3486 meum
708 3472 723 3498 ,
769 3444 822 3488 et
870 3434 1142 3491 maledicti
1191 3442 1537 3496 mucronibus
1585 3455 1898 3512 renovatur,
1933 3445 2057 3500 dum

505 3521 714 3590 injuria:
743 3523 896 3576 dolor
926 3527 1240 3593 patientiam
1276 3533 1496 3598 rumpit.

573 3612 626 3663 6.
669 3609 724 3663 ln
771 3618 1228 3683 consequentibus
1277 3620 1454 3676 adhuc
1485 3623 1713 3692 amplius
1755 3626 2060 3692 passionem

503 3700 764 3754 describit
812 3701 930 3770 ejus
981 3706 1069 3775 qui
1121 3707 1364 3776 proficit,
1427 3727 1547 3765 cum
1593 3717 1756 3769 dicit:
1787 3715 2060 3770 Concaluit

500 3807 588 3842 cor
614 3807 783 3844 nteant
816 3793 954 3848 intra
986 3813 1086 3849 me.
1117 3798 1249 3852 Cum
1281 3801 1426 3855 cnim
1460 3804 1612 3856 audit
1648 3807 1770 3873 quis
1798 3806 1908 3877 (68)
1942 3824 2054 3861 ma-

500 3880 824 3951 leloquentis
872 3895 926 3938 et
974 3887 1308 3943 detrahentis
1347 3905 1554 3957 vocem,
1584 3907 1687 3946 non
1731 3906 1908 3962 potest
1936 3897 2056 3952 sine

499 3973 860 4039 dolore,sicut
886 3980 973 4032 ille
998 3981 1085 4048 qui
1114 3981 1383 4048 perfectus
1413 3993 1517 4050 est,
1549 3985 1638 4054 qui
1662 3985 1772 4052 jam
1804 3988 2056 4042 diuturna

498 4070 803 4120 constantia
852 4069 1240 4123 beatitudinem
1284 4075 1517 4125 nieruit:
1550 4074 1644 4127 sed
1679 4076 1780 4129 iste
1823 4077 1966 4129 dolet
2003 4089 2057 4132 et

568 4206 612 4237 “
635 4205 766 4258 Luc.
796 4221 944 4269 xstv,
975 4206 1064 4258 3t.
1142 4206 1185 4237 ³³³
1213 4207 1412 4262 Jerem.
1443 4224 1496 4276 ν,
1526 4210 1613 4264 Η.

566 4339 845 4414 (ϐὃχϐῃηι
876 4359 1012 4396 enim
1038 4345 1188 4414 audit
1223 4346 1362 4414 quis,
1386 4357 1492 4401 etc.
1524 4346 1724 4402 Catena
1757 4350 2008 4408 Corderii
2035 4372 2049 4408 :

509 4412 601 4495 Ἐἰς
635 4411 937 4495 Ξῶγῆλὸγωγ
955 4411 1389 4495 ἱοῦἢσυστᾶνῖῆ
1403 4418 1742 4495 κατξναντίφξ
1773 4438 1871 4490 μου
1889 4423 2058 4495 ἁμαρ-

493 4479 696 4560 ςωλοῦη
721 4479 1022 4560 sospitas/01]
1057 4483 1458 4560 διᾳπυρωθεῖσᾳ
1501 4489 1555 4560 ὴλ
1580 4479 1783 4560 nepeta.
1819 4479 1940 4560 pou:
1966 4479 2058 4546 κᾶὶ

495 4548 769 4636 δ’τοιςύτῃ
795 4548 1090 4636 Θέρμανᾲις
1122 4548 1270 4636 ἐνιεὸς
1308 4572 1406 4623 μου
1439 4548 1742 4636 ἐφιύξάχρη..
1768 4548 2056 4636 ’σεεελξίαν

495 4618 605 4683 ἕξιν
640 4618 944 4682 ἀναλαϐὼν,
979 4622 1036 4673 οὐ
1071 4618 1755 4688 κινεῖταίπαντέλῶίὺτὶὺ
1809 4631 1914 4681 τῶν
1943 4632 2051 4684 λοι-

492 4689 825 4772 δορουμένοιξν
861 4690 1398 4772 αὑτῴίιςΑλγεῖμὲν,
1425 4695 1516 4772 καῖ
1551 4695 1645 4772 τὴν
1681 4698 1900 4766 καρδίαν
1940 4700 2049 4771 ἔχει

489 4758 931 4840 capas-consitum
968 4758 1081 4840 ἀλλ’
1113 4758 1384 4840 οὑχῷστε
1433 4763 1525 4816 καὶ
1568 4758 1926 4840 τέαραπξμψαι
1967 4758 2048 4840 ίξῷ

493 4828 940 4900 στόματιλόγον.
989 4830 1074 4884 Es:
1124 4828 1285 4885 verbis
1332 4836 1618 4900 peccatoris
1651 4828 1934 4890 adversum
1969 4828 2049 4892 me

491 4899 821 4971 consistentis
870 4902 1130 4971 concaluit
1183 4903 1296 4970 igne
1325 4899 1596 4956 accensum
1640 4920 1729 4956 cor
1771 4921 1962 4971 meum,
1997 4919 2044 4961 et

492 4967 789 5047 istiusmodi
817 4970 1102 5047 cale/netia
1144 4967 1282 5047 intra
1335 4989 1414 5024 me
1453 4982 1656 5025 servata
1707 4973 1828 5041 fuit.
1869 4967 2047 5047 Isqui

492 5036 774 5112 perfectum
803 5039 1041 5112 [lubitum
1087 5042 1304 5112 accepit,
1338 5057 1440 5093 non
1476 5036 1714 5095 movetur
1743 5047 1952 5098 omnino
1969 5036 2044 5100 ἀὑ

491 5104 554 5180 iis
587 5104 674 5167 qui
715 5106 815 5180 ipsi
850 5108 1185 5180 maledicunt.
1207 5104 1363 5163 'Dolet
1393 5112 1598 5178 quidem
1635 5120 1684 5165 et
1723 5129 1813 5166 cor
1841 5115 2048 5180 pertiti.

492 5171 667 5223 batnm
723 5173 912 5238 habet;
967 5193 1070 5229 non
1130 5179 1205 5232 ita
1261 5171 1454 5244 tamen,
1509 5190 1562 5233 ut
1617 5198 1681 5236 ex
1713 5199 1800 5236 ore
1838 5171 2046 5237 uerbum

491 5251 709 5294 emittat.

563 5310 671 5377 (69)
711 5310 772 5362 Et
825 5329 916 5379 ego
972 5315 1214 5378 meditor,
1253 5328 1359 5370 etc.
1411 5318 1608 5372 Catena
1667 5320 1935 5372 Barbari:
1970 5318 2040 5372 Ει

493 5382 769 5457 meditans,
799 5380 994 5457 inquit,
1027 5387 1203 5438 divina
1244 5389 1449 5453 eloquia
1483 5388 1752 5451 ardebatn,
1785 5391 2035 5457 quemad-

492 5449 702 5518 modum
732 5460 778 5501 et
809 5450 1062 5518 Cleon/tas
1093 5456 1267 5509 dicens
1294 5472 1312 5508 :
1339 5449 1522 5511 Nonne
1563 5473 1658 5516 cor
1685 5449 1924 5512 uestrum
1949 5475 2038 5511 ar-

494 5516 624 5565 dens
664 5527 780 5590 erat
837 5520 887 5572 in
913 5516 1112 5590 nobis,
1146 5528 1267 5575 dum
1304 5526 1617 5589 loqueretur
1654 5527 1805 5579 nobis
1833 5528 1886 5580 in
1926 5527 2031 5590 via,

488 5590 542 5634 et
567 5586 798 5649 aperiret
838 5589 992 5643 nobis
1019 5589 1325 5656 Scripturas
1343 5586 1714 5663 illujusmodi
1748 5595 1891 5664 {uere
1918 5586 2030 5649 rer;

2168 3085 2377 3151 lutum;
2414 3085 2488 3138 ita
2529 3093 2580 3138 et
2615 3085 2665 3138 bi
2699 3097 2926 3151 quorum
2977 3095 3073 3138 cor
3102 3079 3266 3134 divini
3291 3077 3439 3131 verbi
3472 3075 3608 3148 ignis
3637 3089 3730 3127 ac-

2168 3175 2434 3238 cenderit,
2470 3190 2571 3227 non
2603 3174 2874 3245 patientur
2909 3171 3047 3224 ultra
3076 3168 3446 3222 materialibus
3474 3176 3529 3219 et
3565 3181 3725 3218 mun-

2166 3265 2320 3319 danis
2339 3264 2592 3320 sordibus
2615 3263 2800 3333 pollui,
2841 3261 2974 3315 nihil
3001 3262 3051 3314 in
3082 3274 3140 3314 se
3170 3258 3407 3324 tepidum
3437 3257 3722 3327 recipient,

2163 3365 2219 3412 et
2249 3355 2389 3424 quod
2430 3355 2604 3408 cvomi
2643 3354 2862 3423 dignum
2904 3352 2994 3418 sit,
3024 3364 3123 3404 nec
3169 3349 3443 3415 patientur
3479 3344 3724 3415 multipli-

2167 3452 2283 3496 cata
2322 3442 2374 3495 in
2429 3458 2486 3497 se
2529 3443 2815 3510 iniquitate
2852 3440 3206 3508 refrigescere
3233 3435 3597 3490 charitatem:
3630 3433 3720 3486 sed

2164 3543 2323 3587 erunt
2351 3547 2560 3602 semper
2591 3532 2865 3599 lampades
2899 3545 3085 3583 eorum
3119 3542 3378 3591 accensae,
3408 3534 3464 3580 et
3491 3523 3722 3579 lucerna:

2163 3625 2436 3687 ardentes,
2463 3633 2518 3676 et
2551 3623 2650 3693 ipsi
2683 3622 2855 3690 parati
2883 3631 3138 3690 tanquam
3171 3618 3311 3675 servi
3335 3625 3716 3686 exspectantes

2175 3715 2448 3768 dominum
2479 3731 2634 3769 suum
2665 3714 2730 3766 de
2759 3712 2959 3780 nuptiis
2988 3713 3323 3765 redeuutem.
3349 3709 3455 3762 Aut
3485 3722 3589 3761 non
3621 3707 3719 3760 iste

2165 3815 2279 3858 erat
2323 3805 2465 3874 ignis
2503 3805 2592 3858 ille
2622 3805 2688 3858 de
2720 3820 2826 3874 quo
2880 3801 3134 3856 Salvator
3174 3808 3358 3853 noster
3395 3798 3610 3852 dicebat
3635 3798 3713 3850 "z

2165 3896 2344 3966 Ignem
2368 3897 2481 3949 ιερηί
2507 3897 2708 3949 mittere
2733 3898 2785 3946 in
2809 3905 3023 3958 terram,
3055 3902 3100 3947 et
3122 3893 3247 3962 quid
3275 3889 3387 3943 volo
3415 3890 3516 3944 nisi
3549 3900 3602 3941 ut
3626 3905 3717 3940 ar-

2163 3988 2326 4040 deat?
2352 3989 2455 4041 Iste
2488 3987 2672 4056 procul
2709 3986 2870 4038 dubio
2898 3986 3038 4054 ignis
3077 3984 3269 4050 estqui
3313 3983 3479 4054 frigus
3509 3981 3714 4049 peccati

2164 4079 2332 4150 fugat,
2357 4089 2409 4132 et
2435 4080 2668 4133 calorem
2700 4078 2921 4146 spiritus
2951 4084 3186 4130 revocat.
3213 4074 3324 4129 Hoc
3353 4073 3599 4132 nimirum
3631 4082 3715 4125 est

1687 4211 1735 4244 ⁸⁸
1769 4211 1899 4268 Luc.
1928 4231 2026 4283 xu,
2052 4219 2140 4274 49.

2163 4358 2225 4412 ba
2266 4355 2526 4409 Jeremite.
2562 4353 2712 4406 Unde
2758 4355 3012 4418 scriptum
3060 4361 3132 4404 est
3184 4350 3345 4404 Deum
3380 4348 3705 4418 illidixisse:

2164 4427 2304 4478 Ecce
2331 4425 2446 4475 dedi
2476 4426 2633 4475 verba
2669 4437 2782 4474 mea
2820 4417 2871 4474 in
2908 4436 2968 4474 os
3010 4430 3158 4472 luum
3193 4423 3392 4488 ignem.
3427 4417 3709 4485 Hujusnto-

2163 4497 2218 4546 di
2241 4503 2384 4545 erant
2415 4492 2608 4559 lingua:
2633 4505 2790 4556 super
2824 4490 3086 4556 apostolos
3118 4487 3456 4559 Evangeliutn
3499 4502 3709 4538 annun-

2157 4566 2382 4619 tiaturos
2406 4557 2685 4617 insidentes
2715 4575 2729 4612 :
2755 4575 2873 4611 nam
2905 4559 3027 4614 vim
3051 4567 3169 4610 sunt
3194 4557 3298 4610 illis
3325 4571 3434 4610 esse
3462 4567 3705 4621 tanquam

2159 4634 2313 4700 ignis.
2346 4641 2399 4681 ut
2431 4629 2638 4700 illorum
2663 4638 2987 4700 sermo_csset
3031 4629 3367 4700 adurens,__et
3398 4626 3706 4700 nttditornm

2158 4693 2359 4751 a'nimas
2408 4699 2773 4764 inﬂammaret.
2821 4695 3024 4749 Catena
3077 4696 3317 4748 Corderii
3354 4711 3367 4745 :
3398 4695 3504 4764 Καὶ
3539 4693 3706 4764 κμελεῃ-

2153 4769 2261 4820 τῶν
2291 4768 2369 4830 δὲ,
2402 4760 2552 4832 (priet,
2596 4765 2665 4817 τὰ
2693 4765 2812 4817 θεῖα
2842 4764 3011 4832 λόγια,
3069 4763 3348 4832 ὲκαιόμην,
3381 4763 3458 4826 ὠς
3503 4763 3552 4817 οἱ
3581 4760 3706 4832 περὶ

2154 4786 2261 4820 των
2291 4785 2369 4830 οε,
2402 4785 2552 4886 φῐὶσι,
2596 4785 2665 4817 τα
2693 4785 2812 4817 usta
2842 4785 3011 4832 Λογια,
3069 4785 3354 4842 εκει.τ,εη.ι.ηνἰ
3381 4785 3458 4826 ως
3503 4785 3552 4817 οι
3581 4785 3701 4832 περι

2154 4837 2430 4893 Κλαιόπαν
2480 4836 2706 4902 ιέγοντες
2727 4851 2740 4864 ⁶
2761 4834 2907 4900 Οὐχὶ
2935 4835 2972 4900 ἡ
2999 4833 3209 4902 καρδίῃ
3232 4835 3400 4901 ἡμων
3427 4831 3701 4902 temonem

2152 4903 2228 4974 ἦν
2261 4906 2330 4958 ἐν
2357 4905 2497 4972 ἡμῖν
2514 4900 2541 4969 ς’
2563 4905 2631 4962 Ἢ
2661 4904 3008 4974 ἐθεγρμαίνετο
3035 4904 3102 4974 τῇ
3138 4900 3300 4974 λύπῃ,
3338 4903 3553 4974 καὶ-οὐκ
3580 4900 3700 4974 ita;

2153 4970 2251 5037 Isi,
2281 4970 2416 5026 κατᾶ
2444 4974 2504 5026 τό
2523 4990 2534 5000 ·
2578 4970 2915 5042 ⁸οργ1ζὲόθε,
2955 4973 3048 5024 καὶ
3079 4970 3178 5039 ξιιὴ
3226 4970 3599 5039 ἁμαρτάνετε.

2157 5047 2252 5115 μὲν
2305 5045 2412 5114 γὰρ
2459 5045 2534 5115 μὴ
2588 5038 2778 5115 πᾲϐεἵν
2968 5042 3153 5115 ὀργῇς,
3212 5038 3474 5115 nodosos
3511 5043 3543 5110 ἢ
3579 5038 3702 5115 κᾳῡ⁹

2155 5108 2332 5243 Frag;
2363 5108 2422 5166 ’ἐὺ
2447 5108 2505 5165 δὲ
2525 5108 2894 5191 ’ἐπιλθγισμῴ
2915 5108 3024 5173 troia
3054 5108 3226 5191 ἁγίοις
3255 5108 3419 5166 ἐστὶν
3461 5108 3696 5178 ὲφὶκτόν.

2179 5195 2223 5236 .t
2262 5185 2460 5243 divina,
2502 5184 2695 5243 inquit.
2725 5183 2927 5243 eloquia
2982 5186 3237 5232 meditans
3275 5179 3695 5243 exordescebam,

2179 5179 2223 5236 ἳι
2262 5185 2460 5245 divina,
2502 5179 2950 5251 inquinata—quia
2982 5179 3237 5251 meditans
3275 5179 3695 5244 exordescebam,

2154 5264 2206 5304 ut
2259 5255 2471 5318 quando
2527 5251 2777 5317 Cleon/tas
2818 5248 3064 5318 dicebat:
3092 5248 3277 5301 Nonne
3328 5264 3423 5302 cor
3458 5259 3695 5306 nostrum

2151 5317 2346 5374 ardens
2373 5331 2486 5374 erat
2535 5323 2585 5373 in
2619 5322 2804 5374 nobis?
2838 5317 2926 5372 Vel
2952 5318 3336 5370 concalescebat
3381 5334 3619 5375 nigrore,
3647 5327 3694 5368 et

2150 5407 2251 5443 non
2285 5390 2612 5459 loquebatur,
2653 5390 2809 5456 juxta
2841 5389 2970 5459 illud
3001 5403 3019 5439 :
3045 5388 3365 5459 irascimini,
3417 5398 3474 5443 et
3534 5387 3695 5459 nolite

2145 5456 2394 5524 peccare.
2437 5458 2576 5511 Nam
2605 5472 2657 5512 ut
2693 5461 2824 5512 nihil
2856 5461 2918 5511 ab
2949 5457 3027 5508 ira
3050 5458 3342 5524 patiantur,
3371 5474 3530 5524 supra
3564 5456 3691 5508 uires

2141 5539 2348 5580 nostras
2379 5539 2491 5582 est:
2530 5530 2944 5583 consideratione
2973 5537 3145 5578 autem
3193 5527 3337 5580 illam
3376 5526 3692 5595 supprimere

2135 5598 2376 5664 possibile
2397 5607 2468 5652 est
2493 5599 2706 5652 sanctis.
