4120 6212
384 286 520 339 Ιε99

1771 277 1859 332 EX
1892 275 2190 333 ORIGENE

3489 274 3625 329 i/sllO

380 399 633 469 majorem
665 401 766 455 sibi
801 400 987 454 talium
1022 398 1229 453 dierum
1271 411 1552 451 numerum
1584 400 1932 468 computahit.
1970 404 2015 457 Α
2045 399 2217 466 ipsum
2269 400 2409 465 quod
2464 396 2617 461 dixit,
2664 396 2787 464 quia
2836 398 3133 451 substantia
3185 412 3300 449 mea
3364 404 3617 465 tanquam

380 492 548 559 Digne
588 508 717 561 ergo
764 492 1013 545 conscius
1045 489 1147 543 sibi
1181 488 1440 557 propheta
1474 490 1541 543 de
1573 487 1939 555 hujuscemodi

377 580 775 634 illuminatione
802 580 927 633 dicit
952 597 964 631 :
994 577 1193 631 Notum
1231 577 1316 643 fac
1339 579 1487 640 mihi,
1515 575 1754 642 Domine,
1784 578 1940 643 ﬁnem

378 686 571 733 meum,
622 680 670 722 et
728 685 1001 721 numerum
1062 668 1267 721 dierum
1320 684 1551 723 meorum
1603 669 1719 737 quis
1757 680 1853 734 est,
1886 678 1938 720 ut

376 762 534 814 sciant
560 760 688 829 quid
714 760 849 812 desit
876 760 1027 811 mihi.

446 850 499 904 9.
540 850 601 903 Et
655 849 1009 903 addit:Ecce
1067 858 1257 902 veteres
1320 850 1543 914 posuisti
1600 853 1711 905 dies
1774 868 1936 905 meos.

376 940 430 991 In
488 940 677 994 Graeco
730 940 1002 1000 scribitur,
1064 940 1404 1004 παλαιστάς,
1460 942 1607 1009 quod
1671 943 1941 1012 significat

378 1046 689 1085 mensuram
724 1040 956 1098 quatuor
990 1030 1302 1097 digitorum.
1368 1031 1560 1085 Volens
1616 1047 1748 1101 ergo
1777 1034 1939 1104 695

375 1126 568 1176 dot-ere
621 1136 717 1174 nos
776 1121 863 1189 qui
922 1121 1031 1189 jam
1068 1122 1117 1175 in
1174 1122 1275 1174 hac
1322 1124 1432 1176 vita
1471 1123 1659 1176 breves
1707 1134 1759 1178 et
1814 1142 1941 1195 per-

375 1229 577 1282 paucos
603 1213 847 1267 ducimus
877 1214 1008 1277 dies,
1040 1215 1178 1268 dixit
1206 1217 1347 1270 hunc
1382 1218 1709 1272 versiculum
1741 1221 1806 1274 de
1832 1236 1939 1289 quo

375 1322 538 1374 supra
565 1306 821 1359 diximus.
872 1304 948 1359 Ex
995 1323 1103 1374 quo
1133 1307 1459 1377 intelligitur
1502 1308 1627 1377 quia
1667 1312 1837 1378 possit
1884 1321 1941 1365 et

376 1397 515 1451 alius
541 1397 745 1461 dicere,
779 1397 900 1465 quia
920 1396 1042 1449 Dies
1071 1411 1219 1450 meos
1243 1398 1472 1465 posuisti
1499 1414 1661 1452 unum
1691 1400 1935 1470 digitum,

376 1485 521 1539 velut
574 1499 914 1554 consequens
964 1487 1030 1538 de
1063 1487 1320 1555 temporis
1359 1488 1658 1553 brevitate,
1701 1500 1756 1544 et
1803 1491 1939 1545 alius

374 1576 514 1627 duos
541 1575 736 1642 digitos
761 1572 839 1626 vel
872 1582 1002 1630 tres.
1036 1575 1230 1640 Quaero
1262 1588 1440 1631 autem
1472 1579 1517 1633 si
1549 1589 1726 1648 potest
1748 1581 1940 1649 aliquis

376 1664 651 1716 hominum
694 1664 876 1717 dicere
909 1666 1034 1732 quia
1064 1666 1188 1719 Dies
1216 1668 1318 1721 mei
1368 1672 1551 1723 decem
1602 1672 1750 1738 digiti
1790 1681 1936 1738 sunt,

2045 487 2265 539 nihilum
2308 495 2427 538 ante
2456 495 2506 537 te
2535 494 2639 547 est,
2670 485 2877 538 addidit
2920 495 2979 540 et
3023 487 3156 539 dicit
3192 502 3207 541 :
3250 484 3618 539 Verumtamen

2045 578 2286 629 uniuersa
2312 576 2521 629 vanitas
2555 577 2721 629 omnis
2748 576 2902 629 homo
2944 577 3134 630 vivens.
3162 575 3447 642 Quomodo
3478 579 3619 630 acci-

2044 669 2127 737 pis
2158 668 2370 722 uiuens?
2404 667 2670 735 siquidem
2703 681 2884 722 veram
2915 668 3079 722 vitam
3115 669 3413 723 vanitatem
3462 680 3616 737 puta-

2044 773 2184 821 mus,
2230 765 2287 811 ut
2328 758 2455 826 quid
2512 757 2865 811 laboramus?
2914 756 3020 812 Sed
3064 759 3188 813 vide
3240 773 3310 813 ne
3345 759 3485 814 forte
3513 761 3616 815 hoc

2042 853 2186 920 quod
2231 852 2383 918 dicit,
2428 854 2606 905 omnis
2654 852 2883 917 vivens,
2934 853 3001 905 de
3051 853 3153 907 hac
3199 854 3450 921 praesenti
3502 854 3612 907 vita

2043 944 2419 1013 accipiendum
2457 944 2550 1009 sit,
2579 943 2717 998 sicut
2746 944 3008 1013 scriptum
3036 953 3149 1007 est,
3198 954 3255 998 et
3284 945 3611 998 testimoniis

2043 1033 2535 1104 coutprobabimus.
2574 1034 2766 1088 Omnia
2796 1034 2940 1088 enim
2956 1050 3097 1103 quas
3127 1035 3178 1087 in
3210 1035 3311 1088 hac
3343 1034 3453 1086 vita
3484 1047 3609 1087 sunt

2043 1125 2182 1193 apud
2212 1123 2480 1187 homines,
2533 1139 2667 1175 vana
2717 1133 2859 1186 sunt,
2908 1124 3119 1178 etiamsi
3166 1123 3376 1194 Moyses
3421 1124 3472 1177 in
3511 1124 3610 1178 hac

2040 1216 2147 1267 vita
2180 1215 2269 1276 sit,
2299 1224 2349 1266 et
2378 1215 2491 1280 ipse
2516 1215 2661 1267 enim
2693 1229 2756 1267 ex
2780 1223 2933 1283 parte
2959 1215 3255 1282 cognoscit,
3283 1224 3338 1267 et
3363 1229 3426 1267 ex
3457 1224 3610 1283 parte

2042 1306 2344 1373 prophetat,
2376 1314 2430 1359 et
2457 1318 2551 1372 per
2574 1304 2854 1373 speculum
2890 1314 2945 1358 et
2990 1305 3045 1358 in
3100 1307 3389 1373 mnigmate
3436 1306 3604 1370 videt,

2040 1406 2094 1450 et
2129 1397 2372 1450 umbram
2399 1394 2521 1458 scit,
2566 1408 2629 1448 ac
2666 1393 2863 1464 ﬁguras
2915 1395 3164 1458 docetur,
3216 1402 3267 1448 et
3315 1395 3599 1448 veritatem

2041 1487 2275 1540 nondum
2304 1485 2465 1549 videt,
2489 1494 2545 1538 et
2575 1484 2695 1538 ideo
2734 1494 2815 1538 est
2849 1484 3065 1554 quidem
3100 1485 3306 1549 vivens,
3333 1486 3427 1538 sed
3458 1484 3605 1537 vani-

2043 1584 2123 1629 tas
2145 1585 2226 1628 est
2257 1575 2362 1628 vita
2395 1576 2533 1642 ejus.
2563 1572 2629 1627 Et
2674 1573 2756 1627 vis
2802 1574 2987 1627 videre
3040 1574 3167 1642 quia
3219 1575 3432 1628 vanitas
3475 1573 3603 1629 est?

2041 1665 2170 1720 Cum
2216 1666 2417 1718 uenerit
2466 1664 2606 1731 quod
2636 1663 2923 1732 perfectum
2960 1673 3058 1728 est,
3111 1665 3448 1719 destruentur
3501 1666 3601 1718 ista

374 1763 468 1806 aut
499 1753 710 1821 viginti,
767 1730 1045 1807 autetiam
1078 1756 1333 1824 amplius.
1367 1757 1433 1811 Et
1466 1758 1595 1828 quia
1641 1730 1758 1815 loca
1801 1730 1935 1816 dini;
1970 1730 2011 1790 Β
2040 1772 2153 1825 quis
2174 1770 2240 1809 ea:
2269 1765 2417 1823 parte
2436 1764 2558 1809 sunt
2592 1754 2655 1807 ".
2693 1730 2865 1808 Omne
2901 1761 3080 1808 autem
3116 1755 3259 1824 quod
3300 1755 3604 1809 destruitur

373 1846 492 1899 cilia
530 1846 878 1910 incurrimus,
909 1847 1065 1900 velim
1096 1849 1374 1917 requirere
1402 1851 1577 1906 sicubi
1607 1852 1661 1906 in
1692 1854 1937 1923 Scriptu-

373 1940 449 1992 ris
504 1939 613 1992 tale
644 1939 847 2007 aliquid
880 1939 1204 2006 invenimus,
1255 1957 1319 1995 ex
1368 1958 1476 2011 quo
1523 1946 1693 2013 possit
1736 1946 1932 2015 aperiri

372 2030 583 2099 planius
618 2029 667 2083 id
691 2032 832 2099 quod
856 2031 1069 2085 videtur
1097 2032 1407 2087 obscurum.
1439 2033 1493 2087 ln
1525 2034 1657 2089 Isaia
1677 2036 1933 2105 scriptum

374 2121 630 2175 recordor
657 2121 702 2153 ⁸⁵
737 2137 752 2175 :
784 2120 913 2186 Quis
934 2127 1143 2176 melilus
1173 2132 1276 2186 est,
1314 2126 1513 2193 inquit,
1537 2141 1697 2179 manu
1719 2143 1933 2196 aquam,

370 2222 418 2264 et
446 2214 627 2265 caelum
648 2212 843 2280 palmo,
867 2224 913 2267 et
943 2230 1145 2268 omnem
1169 2225 1361 2268 terram
1385 2217 1582 2285 pugillo
1599 2218 1625 2270 7
1645 2216 1719 2270 Ex
1742 2218 1935 2286 quibus

370 2302 678 2356 consideret
721 2303 965 2373 quisquis
1018 2304 1109 2358 ille
1139 2314 1222 2358 cst
1274 2306 1591 2373 prudentior
1626 2306 1930 2359 auditorum

369 2407 465 2458 per
484 2394 689 2463 singula
723 2394 839 2449 loca
871 2393 1204 2450 diderentias
1236 2411 1632 2461 mensurarum,
1666 2398 1936 2467 quomodo

368 2496 558 2535 eorum
589 2484 806 2552 quidem
831 2485 923 2552 qui
955 2484 1154 2539 coelum
1196 2496 1472 2540 merentur
1502 2488 1781 2556 appellari,
1808 2504 1935 2557 pars

369 2573 491 2624 vita:
521 2588 641 2640 qua:
682 2573 921 2627 caelestis
963 2583 1065 2638 est,
1099 2579 1277 2643 palmo
1327 2576 1418 2630 Dei
1476 2577 1651 2630 metiri
1708 2577 1931 2641 dicitur,

367 2662 672 2729 quicunque
719 2663 806 2717 ille
852 2672 936 2717 est
972 2665 1062 2718 Dei
1097 2665 1301 2733 palmus
1335 2684 1349 2720 :
1382 2676 1652 2721 eteorum
1698 2684 1930 2738 quorum

369 2750 475 2802 vita
511 2750 686 2804 adhuc
728 2759 941 2805 terrena
988 2762 1107 2814 est,
1168 2754 1368 2822 pugillo
1411 2755 1501 2809 Dei
1549 2758 1656 2810 vita
1686 2760 1928 2814 metitur.

368 2839 473 2893 Sed
518 2840 702 2910 pugilli
752 2841 919 2895 divini
968 2842 1325 2898 dill'erentiam
1369 2862 1512 2900 nunc
1548 2849 1843 2916 requirere,
1879 2857 1934 2905 et

367 2943 610 2987 nostrum
645 2949 947 2989 sermonem
993 2945 1049 2989 et
1101 2936 1342 2991 auditum
1389 2947 1629 2992 vestrum
1680 2938 1930 2996 fortassis

366 3025 613 3080 excedat.
651 3022 1033 3078 Verumtamen
1058 3025 1196 3080 sicut
1239 3025 1310 3078 ibi
1351 3041 1511 3080 manu
1544 3043 1738 3097 aquam
1766 3032 1928 3085 meti-

366 3124 455 3169 tus
477 3123 580 3177 est,
622 3115 799 3183 palmo
828 3114 1045 3180 caelum,
1072 3126 1127 3170 et
1148 3130 1362 3171 omnem
1393 3127 1593 3173 terram
1627 3120 1848 3190 pugillo,
1874 3135 1928 3177 ct

369 3207 626 3275 appendit
658 3216 867 3261 montes
893 3207 945 3259 in
981 3215 1210 3273 statera,
1250 3217 1303 3263 et
1341 3208 1509 3263 colles
1547 3210 1599 3263 in
1638 3210 1808 3281 jugo;
1854 3214 1927 3267 ita

368 3299 530 3352 etiam
566 3300 652 3353 hic
691 3300 988 3355 secundum
1021 3302 1264 3355 eamdem
1300 3303 1748 3369 consequentiam
1780 3319 1929 3359 men-

369 3403 494 3441 sura
541 3390 643 3442 ista
695 3398 753 3443 et
802 3389 1147 3460 intelligenda
1194 3400 1296 3457 est,
1332 3392 1588 3460 quoniam
1641 3393 1771 3447 nihil
1822 3394 1928 3447 Deo

354 3479 484 3532 sine
514 3495 764 3535 mensura
791 3490 895 3544 est,
927 3482 1061 3537 nihil
1093 3483 1211 3537 sine
1244 3484 1500 3551 pondere,
1529 3484 1623 3538 sed
1664 3485 1843 3537 omnia
1876 3485 1926 3538 ei

352 3569 423 3621 'in
466 3584 692 3623 numero
727 3579 980 3624 constant
1020 3580 1073 3625 et
1110 3587 1381 3626 mensura.
1432 3573 1507 3627 Ita
1546 3588 1764 3643 quoque
1801 3590 1927 3643 pro-

368 3660 544 3724 pheta:
576 3658 683 3710 vita
715 3668 767 3710 et
796 3671 1074 3714 numerata
1107 3672 1161 3715 et
1200 3662 1442 3717 dimetita
1485 3662 1595 3717 Deo
1627 3675 1709 3718 εει
1730 3703 1747 3729 ,
1796 3668 1925 3718 dum

366 3748 716 3815 providentiae
744 3749 860 3814 ejus
885 3753 1180 3807 rationibus
1210 3754 1435 3821 regitur.

438 3841 525 3894 10.
566 3842 722 3896 Addit
752 3842 913 3896 etiam
952 3844 1001 3896 iu
1035 3847 1383 3913 sequentibus
1407 3855 1461 3900 et
1485 3846 1646 3901 dicit:
1674 3846 1926 3902 Substan-

365 3932 440 3984 tia
470 3949 581 3987 mea
610 3945 859 4005 tanquam
891 3936 1114 3990 nihilum
1142 3945 1265 3989 ante
1292 3945 1341 3989 te
1362 3947 1459 3991 est.
1491 3936 1603 3992 Nisi
1630 3940 1927 3993 addidisset

363 4034 491 4076 ante
527 4035 598 4088 te,
632 4027 783 4081 valde
817 4028 1201 4091 contristabar,
1227 4041 1324 4096 pro
1362 4041 1428 4081 eo
1462 4029 1605 4097 quod
1634 4030 1923 4084 humanam

363 4114 721 4171 substantiam
768 4118 900 4171 nihil
948 4132 1070 4171 esse
1119 4120 1369 4173 dixisset.
1417 4119 1570 4174 Nunc
1623 4136 1750 4176 vero
1799 4123 1923 4191 quia

363 4204 499 4258 dixit
535 4216 659 4261 ante
688 4216 761 4271 te,
790 4207 938 4261 velut
976 4208 1187 4263 diceret
1217 4208 1285 4261 ad
1314 4211 1773 4277 comparationem
1804 4214 1925 4281 quie

362 4298 484 4350 dem
523 4296 605 4349 vel
639 4298 952 4365 angelorum
995 4297 1079 4352 vel
1131 4297 1465 4365 reliquarum
1521 4307 1918 4367 creaturarum,

2034 1852 2246 1905 vanitas
2269 1863 2373 1906 est.
2396 1850 2463 1905 Et
2485 1850 2529 1905 si
2566 1850 2832 1920 quidquid
2858 1865 2924 1905 ex
2968 1860 3123 1920 parte
3158 1862 3244 1905 est
3277 1852 3598 1916 destruitur,

2035 1941 2078 1994 si
2101 1941 2374 2010 prophetae
2407 1955 2472 1994 ex
2504 1949 2657 2008 parte
2683 1950 3037 2006 cognoscunt,
3083 1950 3229 1995 recte
3256 1944 3419 1997 etiam
3453 1943 3599 2011 ipso-

2038 2047 2153 2084 rum
2208 2032 2315 2084 vita
2367 2031 2581 2086 vanitas
2632 2030 2974 2099 appellatur;
3018 2032 3376 2086 destruuntur
3415 2042 3596 2088 autent

2032 2106 2306 2182 interiora.
2340 2137 2463 2177 cum
2500 2123 2746 2176 venerint
2777 2136 2840 2176 ea
2902 2136 3021 2190 qua:
3081 2122 3311 2177 meliora
3360 2133 3485 2178 sunt
3539 2135 3597 2178 et

2032 2215 2295 2283 perfecta,
2321 2223 2376 2268 et
2404 2229 2498 2281 per
2524 2214 2628 2269 hoc
2654 2228 2789 2267 vana
2817 2227 2937 2268 esse
2969 2224 3292 2280 arguuntur,
3321 2229 3420 2284 per
3450 2218 3593 2283 quod

2033 2312 2285 2373 tanquam
2326 2318 2390 2358 ex
2421 2312 2578 2371 parte
2613 2312 2669 2357 et
2696 2302 3007 2371 imperfecta
3053 2305 3427 2360 destruantur.
3461 2302 3595 2358 Uni-

2031 2411 2181 2449 uersa
2222 2409 2352 2464 ergo
2394 2396 2616 2459 uanitas,
2645 2395 2812 2447 omnis
2856 2394 3009 2447 homo
3032 2397 3223 2450 vivens.
3254 2395 3387 2461 Quia
3412 2402 3591 2449 autem

2033 2484 2098 2535 de
2126 2482 2228 2536 hac
2263 2482 2371 2535 vita
2419 2482 2723 2550 accipiatur
2769 2481 2871 2536 ista
2911 2483 3199 2546 sententia,
3232 2483 3356 2536 audi
3407 2482 3591 2537 Eccle-

2030 2574 2250 2627 siastem
2276 2580 2663 2641 protestantem
2685 2580 2741 2625 et
2770 2573 3032 2627 dicentem
3053 2574 3127 2624 ηε
3153 2571 3383 2625 Laudaui
3413 2589 3591 2627 omnes

2027 2661 2117 2729 qui
2148 2662 2337 2714 mortui
2368 2671 2488 2714 sunt
2535 2678 2692 2724 super
2711 2677 2887 2714 omnes
2930 2664 3019 2730 qui
3056 2663 3250 2725 uiuunt,
3300 2663 3594 2732 quicunque

2028 2751 2132 2819 ipsi
2163 2751 2344 2804 vivunt
2394 2768 2556 2819 usque
2588 2752 2763 2816 modo,
2802 2761 2849 2804 et
2892 2751 3056 2805 bonus
3088 2768 3240 2819 super
3285 2753 3410 2805 istos
3460 2753 3592 2806 duos

2028 2843 2116 2911 qui
2149 2842 2381 2895 nondum
2424 2854 2577 2896 natus
2617 2850 2713 2895 est.
2764 2840 2972 2895 Laudat
3008 2855 3139 2911 ergo
3173 2852 3413 2897 mortuos
3445 2842 3591 2913 plus-

2029 2945 2189 2999 quam
2216 2930 2390 2995 vivos,
2423 2932 2550 2998 quia
2577 2931 2653 2984 illi
2679 2931 2781 2985 hoc
2806 2929 2996 2983 saltem
3032 2931 3167 2985 lucri
3194 2933 3415 2997 habent,
3446 2932 3588 3000 quod

2030 3020 2099 3077 de
2129 3021 2360 3076 vinculis
2398 3022 2557 3089 hujus
2598 3026 2841 3094 corporis
2880 3026 3096 3081 liberati
3135 3033 3281 3088 sunt,
3327 3038 3424 3077 nec
3453 3023 3592 3077 ultra

2031 3126 2193 3166 carne
2222 3127 2286 3166 ac
2325 3111 2551 3181 pellibus
2582 3114 2752 3167 induti
2785 3122 2931 3180 sunt,
2964 3128 3061 3168 nec
3089 3113 3304 3168 ossibus
3325 3126 3387 3164 ac
3412 3111 3592 3165 nervis

2028 3202 2214 3257 inserti
2247 3212 2392 3269 sunt,
2422 3217 2520 3256 nec
2546 3203 2683 3257 ultra
2717 3204 3002 3271 subjacent
3042 3202 3353 3258 necessitati
3399 3218 3588 3271 corpo-

2030 3294 2125 3347 ris.
2177 3292 2234 3345 Si
2286 3307 2416 3362 ergo
2452 3291 2760 3347 intellexisti
2797 3294 2954 3363 quale
2990 3294 3061 3347 sit
3091 3295 3278 3347 vivere
3327 3296 3380 3347 itt
3427 3308 3590 3346 carne

2028 3383 2237 3437 etiamsi
2282 3382 2490 3452 Moyses
2518 3384 2589 3436 sit
2631 3384 2773 3452 quis,
2805 3384 2885 3436 vel
2919 3385 3168 3452 quisquis
3204 3385 3292 3438 ille
3321 3394 3405 3439 est
3429 3425 3443 3449 ,
3475 3400 3589 3437 mo-

2027 3471 2160 3527 lesta
2201 3474 2249 3527 ei
2306 3481 2388 3528 est
2431 3474 2530 3527 ista
2578 3474 2709 3529 vita.
2773 3472 2887 3529 Non
2949 3475 3093 3529 enim
3155 3490 3186 3529 a
3246 3477 3591 3543 corruptione

2031 3565 2339 3631 resolvitur,
2378 3579 2495 3633 qua:
2553 3565 2767 3619 mortali
2822 3581 3053 3635 corpore
3110 3576 3431 3635 terrenoque
3477 3568 3588 3619 cir-

2027 3655 2333 3709 cumdatur.
2397 3655 2530 3709 Vide
2578 3670 2708 3725 ergo
2763 3655 2888 3723 quia
2944 3659 3192 3711 universa
3250 3660 3461 3710 vanitas
3505 3666 3589 3711 est

2026 3744 2202 3797 omnis
2257 3745 2419 3797 homo
2466 3744 2671 3809 vivens,
2724 3753 3130 3800 contemnamus
3187 3762 3379 3800 vanam
3432 3747 3585 3799 istam

2024 3834 2214 3895 vitam,
2251 3841 2305 3885 et
2331 3831 2648 3887 festinemus
2692 3834 2759 3887 ad
2804 3845 3047 3888 sanctam
3088 3836 3251 3889 vitam
3283 3844 3335 3889 et
3378 3836 3587 3889 beatam

2024 3938 2089 3978 ac
2121 3938 2326 3984 veram.
2363 3934 2416 3978 et
2464 3924 2514 3978 in
2558 3925 2701 3978 illam
2748 3927 2931 3979 animo
2981 3935 3036 3980 et
3086 3936 3264 3981 mente
3310 3929 3586 3980 tendamus

2024 4017 2168 4070 omni
2201 4015 2440 4069 vanitate
2468 4015 2732 4071 discussa.
2764 4015 2875 4070 Nec
2901 4016 3146 4071 dicamus
3186 4017 3389 4070 dulcem
3424 4017 3579 4070 istam

2024 4106 2220 4170 lucem,
2259 4120 2365 4176 qua
2396 4121 2539 4159 nunc
2568 4106 2790 4159 utimur.
2825 4107 2937 4160 lloc
2970 4107 3113 4161 enim
3146 4106 3221 4160 illi
3258 4106 3463 4172 dicunt,
3490 4108 3580 4176 qui

2021 4196 2363 4252 dulcedinem
2406 4211 2549 4251 vera:
2598 4196 2736 4252 lucis
2798 4198 3067 4266 ignorant,
3108 4199 3201 4253 sed
3232 4212 3301 4252 ne
3346 4200 3583 4268 auspicia

2021 4290 2238 4358 quidem
2296 4289 2407 4344 veri
2472 4288 2691 4342 luminis
2752 4288 2857 4342 ulla
2919 4298 3225 4353 senserunt,
3263 4305 3363 4345 nec
3407 4291 3585 4344 sciunt

361 4399 467 4436 non
499 4392 581 4437 est
609 4386 842 4454 abjecta.
873 4401 975 4441 nec
1006 4387 1226 4442 minima
1263 4387 1563 4442 substantia
1598 4403 1734 4444 mea.
1763 4390 1919 4445 Deui-
1948 4392 1997 4451 υ
2024 4378 2326 4445 θηεειίεαιιι
2360 4379 2524 4432 Vitam
2571 4378 2891 4447 'Pel‘andam
2922 4394 3040 4434 8858
3089 4380 3305 4444 anima?»
3352 4394 3471 4433 Cum
3517 4394 3582 4432 ει

358 4486 463 4539 que
498 4480 551 4524 et
574 4472 619 4525 si
648 4472 786 4527 bene
803 4475 1092 4543 egerimus,
1130 4472 1463 4531 et‘mandata
1493 4477 1705 4532 Domini
1735 4496 1921 4535 serva-

359 4562 637 4628 verimus,
687 4565 754 4619 ad
807 4566 1140 4621 consortium
1213 4569 1507 4623 invitamur
1564 4572 1917 4640 angelicum:

360 4650 550 4717 Erunt,
580 4652 753 4722 inquit
793 4654 857 4719 “,
888 4656 1018 4708 sicut
1052 4657 1223 4725 angeli
1252 4658 1350 4709 Dei
1380 4658 1433 4709 in
1471 4658 1612 4711 caelo.
1645 4658 1727 4714 Ad
1772 4677 1923 4717 com-

361 4745 688 4815 parationem
718 4745 814 4799 Dei
841 4761 969 4801 vero
994 4747 1155 4800 etiam
1199 4747 1241 4802 si
1287 4747 1477 4801 Petrus
1506 4749 1628 4811 sim,
1665 4751 1925 4808 adversus

358 4850 519 4904 quem
546 4844 714 4904 portae
742 4834 898 4890 inferi
928 4851 1038 4889 non
1069 4835 1458 4905 praevalebunt,
1485 4838 1780 4892 substantia
1805 4854 1923 4894 mea

360 4938 486 4981 ante
533 4942 657 4980 eum
700 4928 833 4981 nihil
877 4937 980 4981 est.
1009 4928 1079 4982 Et
1110 4928 1239 4982 satis
1271 4929 1488 4998 proprio
1538 4931 1797 4985 vocabulo
1824 4947 1925 4986 na-

362 5025 497 5070 tura:
528 5030 659 5069 usus
687 5024 787 5069 est.
818 5016 962 5069 Nihil
1008 5016 1153 5070 enim
1198 5026 1282 5071 est
1309 5033 1467 5072 omne
1488 5058 1502 5082 ,
1533 5020 1778 5087 quamvis
1809 5037 1927 5075 ma-

360 5122 525 5177 gnum
560 5106 647 5170 sit,
677 5107 935 5176 quidquid
963 5123 1029 5161 ex
1053 5108 1221 5162 nihilo
1251 5118 1353 5171 est,
1384 5110 1529 5164 solus
1559 5110 1703 5165 enim
1730 5122 1813 5166 est
1840 5112 1928 5167 ille

359 5196 452 5263 qui
492 5204 596 5260 est,
627 5204 682 5250 et
710 5196 802 5265 qui
833 5212 1047 5267 semper
1071 5207 1174 5252 est.
1205 5199 1397 5254 Nostra
1427 5211 1605 5255 autem
1630 5204 1928 5257 substantia

365 5295 618 5354 tanquam
656 5288 792 5340 nihil
819 5297 904 5342 est
932 5298 1058 5344 ante
1092 5304 1217 5343 eum
1256 5307 1267 5340 ε
1297 5291 1493 5361 quippe
1523 5292 1647 5360 quia
1675 5294 1742 5349 ab
1770 5310 1835 5348 eo
1863 5311 1930 5349 ex

363 5376 533 5429 nihilo
555 5387 833 5447 procreata
862 5389 963 5434 est.

438 5467 524 5518 il.
581 5470 641 5521 ιιι
694 5471 1045 5537 sequentibus
1104 5485 1233 5525 vero
1295 5471 1438 5525 velut
1485 5474 1778 5542 explanans
1830 5476 1931 5529 hoc

443 5628 487 5661 "
521 5631 620 5685 lsa.
656 5650 739 5698 XL,
774 5634 855 5686 12.
948 5635 990 5666 ⁵⁸
1023 5635 1204 5690 Matth.
1242 5654 1369 5703 XX",
1400 5641 1487 5693 50.

1578 5644 1617 5671 ⁸⁷
1650 5643 1667 5694 l
1698 5644 1819 5697 Cor.
1856 5660 1972 5709 ant,
1999 5656 2082 5709 to,

2025 4471 2264 4524 vanitate
2304 4472 2427 4524 vitae
2468 4470 2627 4539 hujus
2683 4473 2977 4528 evaserint.
3030 4472 3179 4527 Unde
3230 4482 3285 4527 et
3336 4487 3434 4526 nos
3491 4471 3581 4539 qui

2026 4563 2141 4617 haec
2171 4562 2462 4624 credimus,
2498 4562 2610 4631 jam
2658 4574 2837 4618 mente
2867 4573 2921 4618 et
2948 4564 3053 4618 ﬁde
3081 4566 3472 4619 transferamur
3516 4564 3581 4616 ad

2021 4655 2241 4721 caelum,
2290 4664 2344 4709 et
2396 4654 2450 4708 in
2508 4655 2669 4709 terris
2722 4656 3067 4711 ambulantes
3113 4656 3581 4711 conversationem

2022 4747 2315 4801 habeamus
2346 4746 2397 4800 in
2425 4746 2602 4811 caelis,
2628 4756 2685 4800 ut
2714 4747 2786 4800 ibi
2815 4747 2885 4801 sit
2910 4748 3193 4801 thesaurus
3230 4756 3415 4799 uoster
3437 4786 3453 4809 ,
3490 4744 3579 4798 ubi

2012 4849 2092 4893 est
2117 4848 2172 4892 et
2192 4853 2287 4892 cor
2318 4847 2561 4893 nostrum
2581 4877 2598 4902 ,
2633 4846 2688 4891 et
2725 4846 2786 4890 ut
2819 4851 3041 4905 regnum
3070 4836 3288 4892 cteleste
3326 4833 3583 4904 consequi

2015 4944 2339 4993 mereamur,
2362 4945 2456 4996 per
2476 4927 2657 4983 Jesum
2686 4926 2960 4983 Christum
2990 4927 3274 4981 Dominum
3310 4935 3577 4988 nostrum,

2014 5023 2101 5078 cui
2138 5031 2220 5077 est
2254 5022 2427 5092 gloria
2463 5030 2518 5076 et
2560 5032 2800 5093 potestas
2850 5030 2906 5074 et
2954 5020 3243 5091 imperium
3284 5018 3339 5072 in
3383 5017 3578 5074 saecula

2020 5114 2359 5171 saeculorum.
2388 5114 2582 5170 Amen.

2612 5224 2887 5281 HOMILIA
2923 5224 2963 5279 ll

2016 5317 2097 5371 De
2148 5321 2326 5372 eodem
2375 5319 2595 5383 psalmo,
2635 5320 2700 5371 ab
2750 5318 2842 5370 illa
2872 5326 3017 5385 parte
3044 5332 3061 5369 :
3093 5334 3110 5367 t
3136 5313 3495 5367 Verumtamen
3522 5311 3576 5362 in

2383 5390 2608 5457 imagine
2654 5389 2937 5456 pertransit
2988 5387 3159 5439 homo.
3206 5402 3226 5436 ι

2085 5478 2398 5547 Quanquam
2472 5480 2525 5530 in
2596 5480 2820 5549 imagine
2878 5478 3103 5532 ambulet
3164 5476 3337 5529 homo.
3400 5471 3576 5537 Imago

2158 5654 2200 5685 ’⁸³
2242 5654 2415 5710 Et'clc.
2457 5672 2526 5719 tv,
2570 5655 2622 5709 ‘2.
