3896 6700
129 222 316 277 {SOI

912 221 1223 279 SELECTA
1254 222 1320 277 1N
1350 221 1688 278 PSALMOS.
1732 252 1801 261 —
1839 221 2069 277 llOMlL.
2110 223 2126 276 Ι
2158 223 2222 277 IN
2254 222 2447 278 PSAL.
2490 221 2772 280 XXXVIII.

3374 218 3506 274 Ηυξ)

137 341 568 396 necessario
609 338 838 408 alicujus
877 350 964 394 est
991 340 1187 408 imago.
1250 338 1385 393 Nam
1440 348 1494 393 et
1546 340 1823 408 Scriptura
1854 346 1901 400 Α
1934 350 2131 406 torum,
2164 356 2324 409 quam
2351 341 2416 395 ad
2452 342 2681 395 nihilum
2715 341 2924 411 rediget
2974 342 3116 397 Deus
3176 342 3227 397 in
3279 343 3503 399 civitate

137 442 396 485 sancta
435 448 587 488 cum
622 432 915 501 imaginem
966 434 1234 498 nominat,
1286 431 1557 487 interdum
1608 433 1822 500 quidem

146 522 407 578 deﬁnit
464 536 535 581 ct
582 525 713 579 dicit
744 523 912 594 696
962 523 1122 590 cujus
1176 524 1249 578 sit
1298 524 1498 593 imago,
1555 525 1823 579 interdum

151 624 401 667 autem
486 616 703 684 absque
756 615 862 668 ulla
921 613 1244 669 deﬁnitione
1299 616 1451 683 ponit
1510 616 1823 686 imaginem.

158 706 486 777 Denique
521 711 588 764 de
617 708 904 763 Salvatore
935 723 1063 763 cum
1095 708 1225 763 dicit
1263 710 1352 779 qui
1380 718 1456 763 est
1496 710 1691 779 imago,
1719 726 1825 764 non

164 797 364 850 siluit
406 800 591 868 cujus
612 799 792 868 imago
822 807 987 860 esset,
1026 800 1121 853 sed
1156 799 1366 853 addidit
1392 800 1577 855 dicens
1603 799 1649 831 δ’
1679 818 1693 854 :
1720 799 1827 865 Qui

168 896 265 937 est
311 886 536 954 imago
571 886 665 940 Dei
710 887 991 941 invisibilis
1016 887 1394 955 primogenitae
1420 887 1589 940 omnis
1619 898 1828 941 creatu-

174 992 298 1031 ναι.
349 977 433 1030 Ει
474 994 693 1033 rursum
729 994 855 1032 eunt
886 978 1042 1031 docet
1074 993 1171 1031 nos
1202 979 1267 1031 de
1315 978 1547 1032 diversis
1573 978 1830 1047 imagini-

177 1064 339 1131 bus,
382 1076 454 1121 et
479 1068 611 1137 quia
657 1068 853 1137 singuli
882 1066 1085 1135 quique
1111 1068 1350 1135 aliquam
1383 1068 1671 1135 imaginem
1700 1084 1828 1138 por-

182 1166 360 1224 tent,
411 1160 562 1213 dicit
588 1161 634 1191 ⁸ο
667 1176 682 1213 :
719 1159 867 1213 Sicut
908 1160 1231 1228 portavimus
1293 1159 1571 1227 imaginem
1612 1163 1833 1228 terreni,

182 1250 279 1300 ita
346 1260 644 1316 portemus
688 1250 969 1319 imaginem
1024 1248 1266 1303 ctelestis.
1308 1251 1441 1305 Cum
1503 1250 1837 1319 adjectione,

193 1339 298 1392 vel
334 1341 587 1405 terreni,
620 1340 701 1395 vel
737 1340 977 1394 caelestis
1013 1341 1300 1408 imaginem
1342 1344 1661 1399 nominavit.
1691 1342 1829 1396 Alibi

194 1442 424 1485 autem
488 1432 694 1499 absque
724 1432 830 1484 ulla
878 1431 1198 1487 deﬁnitione
1247 1432 1400 1496 dicit,
1451 1434 1589 1487 sicut
1630 1443 1685 1487 et
1732 1436 1833 1486 hoc

201 1520 352 1576 loco
378 1523 473 1574 ait.
496 1538 511 1575 :
538 1522 852 1591 Quanquam
890 1525 945 1577 in
981 1526 1212 1593 imagine
1237 1524 1469 1577 ambulet
1508 1527 1684 1578 homo.
1724 1524 1830 1579 Sed

205 1615 271 1665 in
308 1610 576 1681 imagine
604 1613 801 1681 cujus?
829 1613 940 1677 Dei,
971 1629 1036 1667 au
1070 1615 1308 1684 imagine
1333 1616 1558 1680 terreni,
1592 1631 1659 1669 an
1695 1618 1827 1669 ima-

207 1703 363 1773 giue
390 1702 686 1757 cuslestis?
714 1704 998 1770 Quomodo
1018 1707 1191 1761 sciam
1218 1707 1271 1761 in
1301 1706 1401 1763 hoc
1426 1708 1552 1776 quid
1578 1717 1660 1760 est
1684 1709 1825 1777 quod
1861 1686 1901 1741 Β

210 1793 453 1846 docere
476 1807 574 1847 nos
601 1794 712 1848 vult
749 1794 1033 1866 Scriptura
1064 1797 1273 1863 divina,
1319 1814 1440 1868 quae
1482 1800 1686 1868 absque
1717 1799 1823 1853 ulla

214 1880 557 1949 adjectione
585 1884 659 1938 ait
691 1899 707 1937 :
733 1883 1046 1956 Quanquam
1075 1890 1128 1943 in
1159 1890 1386 1959 imagine
1414 1890 1622 1959 (nescio
1648 1892 1823 1963 cujuS)

216 1972 484 2025 ambulet
521 1974 717 2026 homo?
749 1973 882 2029 Etsi
911 1976 1128 2043 quidem
1158 1977 1409 2046 dejustis
1440 1979 1570 2034 solis
1595 1979 1825 2046 diceret,

54 2002 59 2035 Ξ

58 2098 65 2131 l

224 2150 495 2204 ambulet
521 2153 701 2208 homo.
732 2154 839 2207 A‘ut
868 2156 912 2209 si
934 2156 1002 2211 de
1027 2160 1408 2225 peccatoribus
1441 2170 1649 2214 tantum
1676 2162 1827 2217 dice-

226 2248 349 2303 ret,
427 2241 653 2296 dixisset
710 2253 879 2309 certe,
935 2249 994 2301 In
1062 2248 1297 2318 imagine
1342 2252 1541 2305 terreni
1587 2252 1827 2307 ambulet

56 2380 63 2409 Ι
227 2329 437 2382 homo.
496 2332 695 2386 Verum
745 2334 997 2403 quoniam
1057 2340 1384 2407 generaliter
1440 2341 1511 2395 de
1558 2344 1828 2399 universis

56 2468 63 2499 κ
229 2421 579 2475 mortalibus
633 2424 1037 2492 pronuntiatur,
1087 2443 1316 2496 quorum
1381 2432 1472 2485 alii
1537 2432 1827 2501 imaginem

224 2512 494 2569 cmicstis
531 2525 768 2583 portant,
802 2519 1115 2587 quicunque
1154 2523 1447 2575 secumlum
1504 2526 1675 2595 legem
1732 2527 1826 2582 Dei

219 2603 467 2670 vivunt,
494 2605 583 2659 alii
615 2611 815 2661 terreni
862 2610 1150 2681 imaginem
1180 2624 1420 2681 portant,
1462 2619 1551 2685 qui
1589 2619 1826 2672 carnali-

219 2701 311 2746 ter
343 2694 590 2753 wivunt;
622 2707 907 2765 propterea
938 2702 1247 2755 necessario
1279 2704 1497 2756 reticuit
1538 2705 1825 2772 specialem

226 2786 513 2856 imaginis
563 2787 1018 2858 designationem,
1064 2801 1119 2845 et
1166 2795 1475 2861 generalem
1506 2797 1826 2851 sententiam

231 2878 303 2932 de
330 2877 603 2932 omnibus
632 2878 940 2935 hominibus
988 2882 1238 2949 protulit,
1289 2885 1413 2953 quia
1460 2887 1638 2940 omnis
1666 2888 1830 2941 homo

236 2967 296 3020 in
348 2967 595 3037 imagine
646 2970 905 3024 ambulet.
960 2970 1132 3025 Tuum
1178 2984 1261 3027 est
1297 2974 1405 3042 jam
1456 2976 1724 3033 discutere
1774 2989 1828 3033 et

244 3060 551 3127 inquirere
592 3075 657 3113 ex
709 3062 1131 3132 uniuscujusque
1176 3065 1284 3118 iide
1338 3077 1394 3119 et
1420 3069 1716 3135 operibus,
1774 3081 1829 3125 et

249 3148 680 3201 conversatione
712 3160 766 3202 et
798 3152 1011 3205 actibus
1033 3190 1047 3215 ,
1073 3167 1141 3205 ex
1174 3154 1599 3222 cogitationibus
1626 3171 1680 3212 et
1711 3174 1830 3214 ver-

250 3238 364 3298 bis,
397 3247 454 3291 et
490 3237 843 3293 considerare
875 3253 1051 3294 utrum
1090 3243 1142 3294 in
1176 3244 1413 3311 imagine
1445 3245 1689 3301 caelestis
1718 3261 1838 3301 am—

253 3328 428 3395 bulet,
462 3343 529 3381 an
563 3330 614 3381 in
644 3329 877 3400 imagine
911 3334 1132 3386 terreni.
1175 3332 1231 3387 Si
1265 3336 1573 3389 misericors
1608 3353 1667 3393 es
1694 3339 1835 3392 sicut

255 3419 424 3474 Pater
453 3430 573 3473 tuus
605 3420 849 3475 caelestis
874 3422 1183 3478 misericors
1207 3435 1312 3490 est,
1349 3429 1466 3479 sine
1498 3429 1663 3482 dubio
1696 3430 1747 3482 in
1782 3438 1833 3482 te

258 3511 439 3564 Patris
467 3512 706 3566 caelestis
732 3513 908 3582 imago
938 3525 1039 3567 est.
1066 3515 1121 3568 Si
1152 3532 1257 3570 non
1297 3516 1471 3570 solum
1507 3518 1700 3572 amicis
1727 3520 1836 3574 tuis

259 3603 553 3667 benefacis,
585 3605 677 3657 sed
716 3604 878 3657 etiam
914 3605 1148 3660 inimicis
1194 3608 1375 3661 reddis
1408 3611 1547 3661 bona
1581 3626 1679 3679 pro
1714 3625 1834 3662 mae

246 3693 351 3760 lis,
381 3694 520 3747 sicut
553 3692 712 3748 Pater
739 3695 975 3749 cmlestis
1003 3696 1161 3749 solem
1190 3713 1341 3750 suum
1369 3700 1498 3752 oriri
1523 3699 1649 3768 facit
1679 3717 1838 3769 super

266 3784 425 3837 bonos
460 3795 509 3837 et
552 3785 720 3837 malos
746 3823 762 3847 ,
799 3794 844 3837 et
890 3784 1021 3851 pluit
1048 3800 1204 3852 super
1224 3787 1402 3854 justas
1430 3796 1477 3840 et
1507 3786 1734 3854 injustas
1765 3786 1834 3852 ⁹¹,

267 3876 445 3945 imago
477 3878 530 3931 in
568 3888 619 3930 te
648 3878 885 3931 cmlestis
913 3886 1013 3931 est.
1059 3875 1125 3931 Et
1167 3877 1217 3931 si
1266 3879 1319 3932 in
1358 3879 1612 3933 omnibus
1654 3879 1834 3947 perfe—

268 3979 386 4025 ctus
442 3984 521 4034 es,
584 3970 725 4023 sicut
777 3968 934 4023 Pater
976 3979 1099 4023 tuus
1149 3971 1392 4026 celestis
1422 3972 1695 4041 perfectus
1733 3980 1833 4036 est,

267 4060 444 4132 imago
474 4061 528 4115 in
560 4072 612 4117 te
639 4060 878 4116 ctelcstis
920 4070 1024 4115 est.
1076 4061 1144 4115 Et
1174 4077 1387 4116 rursum
1419 4064 1465 4117 si
1495 4080 1599 4118 non
1624 4079 1683 4118 es
1716 4063 1836 4118 imi-

273 4162 408 4207 talor
441 4152 639 4206 Christi
664 4169 766 4207 nec
802 4152 1028 4218 apostoli
1078 4153 1253 4217 Pauli,
1283 4153 1376 4222 qui
1408 4153 1542 4208 dicit
1568 4155 1612 4186 "
1646 4170 1661 4210 :
1699 4153 1835 4208 Imi-

276 4254 461 4297 tutores
485 4245 584 4297 mei
605 4255 790 4310 estote,
824 4247 957 4299 sicut
984 4262 1077 4315 ego
1108 4247 1325 4313 Christi,
1363 4249 1459 4302 sed
1497 4246 1741 4301 imitator
1778 4262 1838 4301 es

56 2192 61 2223 Ι

58 2284 65 2319 Β

219 2060 361 2114 siue
391 2061 561 2116 dubio
587 2063 831 2128 dixisset,
858 2064 1179 2136 Quanquam
1212 2069 1263 2119 iu
1310 2071 1543 2140 imagine
1585 2072 1828 2127 cmlestis
1856 2106 1863 2115 -

1855 3021 1898 3079 C

1926 447 2059 493 sua;
2093 434 2143 486 id
2179 444 2282 499 est,
2319 435 2363 488 si
2394 436 2516 502 quis
2536 434 2732 488 exierit
2761 434 2828 488 de
2864 434 2965 487 hoc
3002 435 3222 500 mundo,
3244 445 3300 489 et
3320 435 3503 490 tulerit

1926 538 2111 577 secum
2149 524 2437 593 imaginem
2471 525 2689 590 terreni,
2722 533 2941 593 propter
2963 523 3333 591 hujuscemodi
3370 528 3503 579 ima-

1926 616 2107 684 ginem
2147 616 2199 669 in
2233 616 2456 669 civitate
2489 616 2576 669 illa
2597 616 2690 671 Dei
2715 616 2781 671 ad
2819 616 3044 670 nihilum
3078 617 3372 686 redigetur,
3406 633 3505 671 nec

1927 714 2293 775 consequetur
2319 716 2530 775 partem
2561 707 2702 761 inter
2730 708 2878 762 cives
2911 707 3151 761 caelestis
3187 707 3333 761 illius
3366 708 3505 761 civi-

1928 799 2079 864 tatis,
2107 797 2199 865 qui
2231 798 2472 853 caelestis
2495 798 2751 867 imaginis
2801 814 2906 852 non
2956 806 3202 867 reportat
3250 798 3503 867 insignia.

1997 888 2055 943 2.
2099 888 2208 943 Sed
2235 898 2290 942 et
2321 887 2465 940 aliud
2492 896 2899 942 sacramentum
2940 887 3071 941 mihi
3101 888 3315 941 videtur
3338 889 3507 941 conti-

1929 991 2063 1032 nere
2112 978 2213 1032 iste
2264 976 2587 1040 versiculus,
2643 978 2785 1046 quod
2845 976 3005 1044 hujus
3045 977 3262 1045 quidem
3316 976 3503 1030 mundi

1929 1069 2038 1122 vita
2070 1078 2123 1121 et
2143 1070 2488 1123 conversatio
2515 1067 2834 1138 imaginaria
2860 1066 3103 1137 quedam
3132 1070 3204 1121 sit
3225 1076 3279 1122 et
3306 1067 3504 1135 imago.

1929 1157 2109 1215 futura
2138 1173 2318 1215 autem
2348 1177 2453 1214 non
2487 1162 2552 1213 sit
2595 1161 2941 1229 imaginaria,
2993 1159 3087 1214 sed
3120 1174 3275 1224 vera;
3319 1170 3374 1213 et
3406 1160 3507 1213 hoc

1930 1263 2011 1307 est
2036 1253 2179 1319 quod
2209 1252 2429 1316 dicitur,
2462 1254 2587 1320 quia
2617 1254 2906 1322 imaginem
2937 1251 3099 1305 habet
3136 1251 3508 1319 unusquisque

1930 1343 2170 1407 virtutis,
2202 1357 2308 1396 non
2345 1353 2522 1397 tamen
2559 1344 2781 1413 proprie
2806 1351 2861 1396 et
2892 1343 3105 1396 sincere
3138 1342 3270 1394 vivit
3306 1341 3361 1394 in
3393 1341 3507 1410 ipsa

1931 1434 2157 1486 virtute.
2214 1430 2344 1487 Tale
2401 1444 2578 1486 autem
2614 1433 2755 1501 quod
2800 1432 3079 1487 dicimus:
3116 1430 3393 1501 Sapientia
3449 1440 3506 1484 et

1930 1526 2155 1579 scientia
2182 1540 2305 1593 pars
2331 1533 2415 1578 est
2449 1540 2643 1592 magna
2683 1527 2984 1588 virtutum;
3035 1524 3129 1578 sed
3170 1522 3224 1576 in
3254 1522 3507 1591 prtescnti

1930 1619 2043 1669 vita
2073 1617 2117 1670 si
2156 1616 2279 1683 quis
2312 1624 2464 1684 putat
2492 1630 2553 1670 se
2582 1618 2937 1684 cognovisse,
2979 1616 3215 1669 nomium
3256 1616 3511 1684 cognovit

1924 1709 2065 1762 sicut
2091 1716 2304 1777 oportet
2344 1708 2484 1762 scire
2510 1748 2526 1773 ,
2574 1712 2665 1777 qui
2714 1707 2858 1761 enim
2898 1707 3197 1775 cognoscit,
3243 1707 3297 1759 in
3337 1706 3507 1774 amig-

1925 1812 2069 1855 mate
2094 1800 2392 1868 cognoscit.
2447 1800 2583 1867 Ergo
2622 1800 2672 1852 in
2704 1800 2944 1868 imagine
2967 1801 3213 1853 scientia:
3255 1797 3504 1851 ambula-

1926 1907 2046 1945 mus
2082 1900 2136 1944 et
2175 1905 2279 1943 non
2329 1891 2380 1944 in
2439 1891 2551 1959 ipsa
2584 1890 2852 1953 scientia,
2902 1904 2997 1957 per
3040 1904 3201 1957 quam
3255 1888 3395 1941 facie
3439 1888 3505 1940 ad

1928 1980 2121 2034 faciem
2170 1981 2546 2048 cognoscitur.
2608 1980 2683 2034 Ita
2747 1980 3100 2035 nihilominus
3165 1988 3222 2033 et
3284 1978 3338 2032 in
3393 1977 3505 2045 ipsa

1925 2070 2204 2140 sapientia:
2231 2070 2505 2140 imagine,
2550 2078 2605 2125 et
2651 2070 2891 2125 nondum
2953 2069 3005 2122 in
3069 2067 3184 2137 ipsa
3242 2068 3506 2136 sapientia

1928 2162 2288 2223 ambulamus.
2343 2166 2470 2231 quia
2523 2162 2762 2217 nondum
2809 2159 3044 2216 revelata
3088 2159 3227 2213 facie
3282 2158 3505 2227 gloriam

1928 2254 2141 2309 Domini
2194 2254 2564 2323 speculamur.
2611 2254 2811 2308 Eadem
2860 2252 3035 2307 audeo
3064 2251 3363 2321 dejuStitia
3413 2251 3506 2305 Dri

1927 2348 2132 2409 dicere,
2186 2346 2329 2414 quod
2376 2347 2428 2398 in
2485 2345 2719 2415 imagine
2764 2343 2988 2412 justitiae
3042 2342 3403 2405 ambulamus,
3455 2350 3511 2394 et

1931 2439 2167 2493 n0udum
2206 2439 2258 2492 in
2293 2436 2381 2491 illa
2413 2435 2632 2504 justitia
2688 2450 2809 2505 qua:
2858 2443 2942 2489 est
2995 2433 3135 2487 facie
3193 2433 3260 2487 ad
3315 2432 3508 2487 faciem

1930 2530 2250 2584 incedimus.
2300 2529 2485 2597 Neque
2536 2530 2679 2581 enim
2750 2542 2948 2595 capere
3005 2526 3205 2596 poterit
3269 2528 3507 2579 humana

1931 2630 2129 2673 natura
2158 2618 2387 2687 pellibus
2412 2630 2466 2672 et
2499 2632 2665 2672 carne
2696 2618 2892 2670 vestita
2914 2656 2929 2681 ,
2973 2617 3186 2670 ossibus
3224 2625 3280 2669 et
3332 2616 3512 2670 nervis

1932 2713 2156 2774 inserta,
2187 2714 2382 2764 nudam
2426 2710 2597 2778 ipSatn
2625 2708 2856 2778 justitiae
2899 2707 3280 2775 sinceramque
3313 2706 3509 2760 verita-

1934 2812 2037 2858 tem
2072 2802 2213 2857 ferre
2243 2810 2296 2856 et
2320 2802 2557 2857 tolerare
2590 2804 2890 2855 secundum
2920 2810 3129 2853 naturae
3173 2812 3285 2850 sua:
3314 2807 3508 2866 poten-

1931 2894 2059 2947 tiam
2123 2909 2187 2948 ac
2245 2895 2521 2947 virtutem.
2583 2892 2638 2947 Si
2679 2892 2896 2960 quidem
2962 2892 3077 2971 ipse
3132 2888 3376 2943 Christus
3428 2898 3512 2941 est

1932 2992 2123 3037 natura
2169 2984 2429 3036 virtutum
2466 2999 2479 3033 :
2514 2982 2629 3048 ipse
2660 2980 2803 3033 enim
2827 2976 3040 3044 justitia
3063 3017 3079 3042 ,
3127 2994 3247 3046 qua:
3274 2980 3511 3032 humano

1931 3074 2120 3145 generi
2151 3089 2254 3126 non
2285 3074 2338 3125 in
2364 3071 2753 3140 plenitudinem
2784 3069 3089 3136 splendoris
3116 3071 3356 3131 advenit,
3382 3072 3508 3138 quia

1931 3162 2089 3219 Jesus
2134 3164 2384 3217 Christus
2420 3162 2657 3228 seipsum
2712 3159 3013 3213 exinanivit
3051 3155 3225 3211 forma
3280 3160 3409 3222 Dei,
3450 3167 3511 3211 ut

1931 3256 2160 3310 formam
2191 3252 2333 3308 servi
2361 3253 2654 3319 acciperet.
2706 3248 2770 3302 Et
2810 3248 2855 3301 si
2887 3247 3105 3315 quidem
3150 3248 3217 3302 de
3260 3247 3391 3302 solis
3416 3246 3511 3301 Ju-

1934 3345 2064 3399 daeis
2087 3359 2267 3398 sermo
2294 3343 2589 3411 Seripturae
2622 3342 2964 3412 loqueretur,
2997 3340 3224 3395 dixisset
3250 3340 3507 3405 forsitan,

1934 3436 2324 3505 Quanquamin
2359 3436 2547 3488 umbra
2596 3434 2837 3490 ambulet
2892 3434 3054 3488 homo
3090 3450 3102 3486 :
3135 3433 3228 3488 sed
3269 3433 3417 3501 quia,
3453 3440 3511 3484 nt

1936 3525 2194 3591 arbitror,
2234 3527 2299 3579 de
2352 3523 2670 3579 melioribus
2721 3539 2901 3578 sermo
2936 3522 2994 3576 (it
3032 3537 3195 3592 quam
3232 3531 3387 3575 erant
3435 3520 3510 3575 illi

1936 3617 2026 3685 qui
2069 3617 2367 3671 secundum
2420 3617 2668 3669 umbram
2722 3614 2857 3685 legis
2904 3615 3178 3678 vivebant,
3226 3624 3509 3682 propterea

1937 3708 2195 3776 scriptum
2226 3715 2333 3769 est,
2366 3704 2683 3775 Quanquam
2712 3706 2765 3758 in
2796 3705 3024 3773 imagine
3058 3703 3284 3757 ambulet
3333 3703 3507 3756 homo.

1938 3797 2091 3863 Quod
2127 3796 2326 3850 clarius
2374 3797 2440 3849 ad
2474 3795 2804 3850 intellectum
2845 3796 3027 3849 veniet
3072 3810 3138 3849 ex
3164 3794 3509 3849 sermonibus

1939 3888 2164 3957 aposwli
2192 3886 2366 3952 Pauli,
2392 3890 2484 3955 qui
2513 3896 2622 3940 tres
2647 3888 2913 3955 quasdam
2933 3886 3139 3954 species
3164 3884 3509 3955 proprietatis

1937 3977 2186 4046 designat
2232 3977 2284 4030 in
2335 3975 2485 4045 lege,
2546 3975 2790 4028 umbram
2827 3976 3013 4029 dicens
3045 3983 3100 4028 et
3137 3974 3424 4042 imaginem
3457 3980 3511 4027 et

1939 4068 2247 4130 veritatem,
2284 4066 2359 4118 ait
2385 4079 2619 4132 namque
2649 4062 2696 4094 “
2731 4082 2744 4117 :
2777 4062 3027 4117 Umbram
3047 4065 3183 4116 enim
3212 4061 3404 4114 habens
3427 4062 3511 4113 (ex

1940 4157 2192 4209 bonorum
2235 4153 2562 4221 futurorum,
2616 4168 2720 4206 non
2770 4153 2936 4221 ipsam
2985 4152 3267 4221 imaginem
3316 4166 3510 4215 rerum,

1938 4264 2029 4317 per
2048 4245 2281 4315 singulos
2321 4261 2486 4297 annos
2514 4244 2697 4297 iisdem
2741 4243 2866 4312 ipsis
2901 4244 3084 4297 hostiis
3120 4259 3251 4310 quas
3286 4241 3513 4309 offerunt

277 4351 490 4404 operum
530 4336 731 4389 diaboli
784 4337 875 4404 qui
919 4336 1187 4391 homicida
1217 4337 1318 4390 fuit
1359 4338 1426 4392 ab
1475 4338 1629 4392 initio
1661 4356 1675 4391 :
1704 4348 1757 4391 et
1792 4337 1837 4391 si
1870 4348 1913 4404 ι)
1945 4338 2316 4401 indesinenter,
2342 4351 2610 4405 nunquam
2646 4344 2814 4399 potest
2850 4334 3152 4387 accedentes
3188 4334 3360 4400 facere
3397 4348 3458 4397 pr

279 4438 483 4481 terrena
531 4427 735 4495 sapias,
776 4437 826 4479 et
871 4435 1086 4480 terrena
1133 4428 1393 4496 loquaris,
1449 4438 1504 4482 et
1550 4428 1833 4483 thesaurus

280 4531 396 4572 tuus
426 4528 482 4572 et
522 4533 615 4571 cor
666 4527 816 4569 tuum
854 4519 906 4570 in
953 4526 1096 4571 terra
1131 4520 1221 4585 sit,
1287 4520 1485 4573 terreni
1546 4520 1833 4588 imaginem

282 4619 474 4678 portas.
512 4609 709 4663 Verum
747 4608 877 4677 quia
906 4607 960 4660 in
1010 4608 1094 4660 his
1121 4608 1253 4664 locis
1287 4611 1491 4665 inventi
1527 4627 1750 4676 sumus,
1779 4611 1831 4664 in

282 4699 463 4768 quibus
510 4700 576 4753 de
629 4699 864 4767 imagine
895 4713 1077 4753 sermo
1102 4712 1401 4756 commotus
1428 4712 1509 4757 est
1540 4742 1555 4767 ,
1586 4717 1835 4757 necessa-

283 4794 408 4846 rium
438 4794 652 4846 videtur
681 4794 842 4846 etiam
888 4790 1077 4860 psalmi
1108 4789 1253 4845 illius
1286 4792 1610 4848 versiculum
1640 4793 1691 4847 itt
1725 4809 1837 4848 nte-

283 4884 418 4936 dium
447 4886 773 4951 producere,
822 4884 877 4936 in
913 4899 1023 4953 quo
1070 4884 1137 4938 de
1172 4887 1546 4953 peccatoribus
1578 4888 1838 4954 scripturn

286 4986 359 5029 est
386 4976 428 5006 ⁸³
452 4990 468 5028 :
496 4975 739 5040 Domine,
770 4978 822 5029 in
841 4977 1054 5031 civitate
1076 4988 1167 5030 tua
1202 4979 1476 5046 imaginem
1504 4979 1735 5045 ipsorum
1772 4979 1840 5030 ad

288 5066 495 5119 nihilum
520 5068 740 5137 rediges.
776 5068 998 5121 Constat
1021 5083 1150 5139 ergo
1180 5069 1306 5138 quia
1335 5077 1679 5137 peccatorum
1709 5071 1842 5122 ima-

288 5157 453 5227 ginem
488 5159 539 5212 in
571 5159 789 5231 civitate
842 5175 938 5213 sua
996 5159 1138 5213 Deus
1187 5163 1253 5215 ad
1305 5161 1537 5214 nihilum
1596 5160 1837 5229 redigit;

291 5248 535 5313 iustorum
591 5262 774 5306 autem
835 5253 1125 5323 imaginem
1174 5255 1290 5308 sine
1348 5254 1511 5308 dubio
1564 5263 1743 5309 tuetur
1787 5262 1842 5307 ct

290 5352 473 5397 servat.
510 5342 634 5398 Haec
667 5354 747 5399 est
774 5359 904 5414 ergo
938 5348 1115 5415 imago
1145 5347 1383 5410 terreni,
1418 5347 1467 5400 id
1518 5356 1599 5400 est
1649 5360 1841 5415 pecca-

354 5550 392 5581 “
425 5547 629 5600 Coloss.
677 5562 712 5605 I,
748 5546 831 5599 15.

297 5634 344 5683 ι,
384 5624 423 5672 l.

909 5548 955 5580 ⁸ο
988 5548 1001 5600 Ι
1033 5549 1157 5601 (ἴον.
1205 5563 1293 5611 .\v,
1336 5548 1421 5602 49.

499 5619 586 5671 "l
624 5618 793 5670 l'aral.
833 5634 980 5683 xxix,
1027 5620 1107 5671 lii.

1498 5547 1539 5577 ιι
1582 5547 1771 5603 Matth.
1815 5563 1866 5616 ν,
1910 5551 1997 5605 ta.

1941 4431 2123 4499 fectos.
2145 4429 2285 4500 Ergo
2311 4427 2395 4482 lex
2425 4429 2671 4481 umbram
2697 4426 2861 4480 habet
2890 4424 3193 4479 futurorum
3226 4426 3364 4477 honc

1942 4537 2048 4576 non
2080 4521 2251 4588 ipsam
2286 4518 2582 4588 imaginem
2630 4532 2832 4583 rerum,
2882 4515 3169 4571 ostendens
3202 4513 3280 4567 εἱ·-

1943 4612 2105 4666 aliaat
2132 4626 2253 4666 esse
2283 4609 2574 4679 imaginem
2627 4623 2805 4662 rerum
2859 4622 3020 4675 quam
3069 4605 3189 4658 illac

1943 4704 2135 4757 umbra
2166 4700 2505 4771 designatur.
2565 4699 2632 4753 Et
2689 4700 2733 4752 si
2797 4698 2921 4766 quis
2983 4703 3100 4763 μου

1942 4793 2344 4850 observantiam
2382 4792 2528 4846 illam
2556 4790 2771 4844 Judaici
2802 4788 3005 4843 cultusr

1946 4887 2091 4955 plum
2121 4885 2251 4939 illud
2280 4900 2383 4938 non
2420 4882 2679 4936 habuisse
2712 4880 2937 4949 imaginr

1947 4954 2098 5033 bram
2172 4977 2348 5030 videat
2388 4989 2605 5042 quoque
2636 4971 2811 5026 altare
2848 4988 2852 4992 λ

1944 5078 1999 5122 et
2040 5068 2219 5122 hircos
2270 5076 2323 5121 et
2364 5066 2566 5119 vitulos
2603 5064 2695 5133 qui
2726 5078 2751 5114 ρ

1949 5161 2193 5215 umbram
2257 5173 2376 5212 esse
2433 5157 2520 5211 illa
2579 5171 2660 5210 on‘

1946 5253 2209 5319 scripturn
2242 5259 2325 5304 est
2350 5249 2397 5279 "
2432 5265 2444 5299 :
2477 5246 2599 5302 Um"

1946 5358 2160 5399 terram.
2201 5342 2256 5397 Si
2299 5345 2420 5412 quis
2458 5358 2493 5391 ν’

2077 5548 2121 5578 s:
2161 5548 2174 5601 ι
2215 5548 2289 5600 (λε.
