4120 6212
449 310 471 361 ε
492 308 586 362 ωδ

1831 296 1922 351 EX
1957 295 2256 352 ORIGENE

3568 302 3705 358 ΗΜ

450 425 567 487 bra,
597 422 781 475 vestiat
826 421 891 474 ad
939 419 1227 487 imaginem
1281 432 1459 471 rerum
1506 427 1561 473 et
1609 416 1792 472 videat
1824 416 2025 470 adven-
2053 420 2100 475 Α
2129 415 2278 484 ipsos
2322 414 2555 484 probare
2610 416 2662 471 iu
2716 416 2806 470 illo
2856 431 3021 487 opere
3075 426 3130 470 et
3178 417 3230 469 in
3289 418 3379 471 illo
3428 433 3708 487 sermone,

454 527 563 567 tum
615 512 777 582 697
823 511 1025 565 Christi
1071 511 1123 564 in
1162 525 1333 564 carne
1373 510 1570 567 factum
1597 550 1613 575 ,
1658 512 1842 565 videat
1902 527 2031 567 eum

452 604 782 671 potuil‘rcem,
802 601 1121 655 offerentem
1134 603 1352 670 quidem
1375 612 1431 656 et
1460 618 1605 657 nime
1629 601 1772 657 Patri
1798 604 2027 668 hostias,

452 704 505 744 et
536 691 883 761 postmodum
912 690 1217 745 oblaturum
1250 706 1264 745 :
1301 701 1361 745 et
1402 691 1668 761 intelligat
1705 692 1821 746 ἤτω
1846 694 2033 746 omnia

454 782 714 848 inuigines
764 796 883 834 esse
926 781 1251 850 spiritalium
1295 798 1515 845 rerum,
1552 793 1606 835 et
1654 783 2034 849 corporalibus

452 872 644 926 ofﬁciis
660 871 905 926 cselestis
918 872 1185 938 designari
1199 910 1208 922 .
1222 872 1405 941 imago
1417 886 1545 942 ergo
1563 871 1759 927 dicitur
1772 872 1873 926 hoc
1889 874 2033 942 quod

453 964 711 1032 recipitur
726 963 790 1017 ad
816 979 1069 1032 praesens,
1087 973 1141 1019 et
1161 966 1356 1019 intueri
1375 974 1553 1033 potest
1571 966 1806 1019 humana
1818 975 2026 1020 natura.

457 1055 513 1106 Si
547 1065 698 1123 potes
730 1065 913 1111 mente
941 1065 994 1108 et
1021 1056 1203 1111 animo
1224 1065 1516 1123 penetrare
1550 1056 1739 1120 caelos,
1777 1065 1836 1110 et
1879 1058 2031 1125 sequi

455 1142 637 1198 Jesum
673 1145 765 1212 qui
799 1144 1101 1212 penetravit
1125 1143 1317 1210 culos,
1348 1154 1403 1199 et
1425 1144 1638 1199 assistit
1670 1161 1817 1199 nunc
1861 1145 2030 1200 vultui

460 1235 555 1287 Dei
576 1249 673 1302 pro
692 1235 862 1295 nobis,
883 1236 955 1288 ibi
981 1237 1223 1291 invenies
1241 1236 1328 1289 illa
1358 1238 1495 1291 bona
1524 1253 1759 1306 quorum
1784 1239 2032 1293 umbram

458 1325 644 1381 habuit
673 1325 779 1390 lex,
802 1339 853 1378 et
886 1326 1175 1396 imaginem
1208 1327 1459 1382 Christus
1486 1330 1721 1384 ostendit
1756 1329 1810 1382 in
1843 1344 2031 1393 carne,

455 1429 574 1482 qua
606 1427 911 1484 praegnirata
950 1427 1081 1470 sunt
1121 1418 1318 1482 beatis,
1356 1434 1475 1487 quae
1514 1434 1613 1472 nec
1643 1420 1838 1476 oculus
1881 1421 2030 1485 vidit,

458 1522 556 1560 nec
599 1507 751 1560 auris
796 1506 1035 1571 audivit,
1081 1523 1183 1561 nec
1227 1508 1279 1561 iu
1331 1525 1431 1563 eor
1473 1511 1711 1566 hominis
1762 1512 2031 1566 ascendit.

457 1600 593 1664 Qum
618 1614 747 1655 cum
770 1600 973 1654 videris
1002 1601 1275 1669 intelliges
1302 1603 1427 1672 quia
1460 1604 1550 1671 qui
1589 1604 1641 1657 in
1685 1605 1817 1674 ipsis
1841 1604 2032 1657 ambu~

459 1692 556 1755 lat,
584 1700 640 1747 et
675 1692 725 1744 in
762 1692 981 1745 illorum
1013 1693 1285 1751 desiderio
1320 1706 1376 1749 et
1413 1696 1709 1765 cupiditate
1740 1696 2030 1765 perdurat,

458 1782 564 1835 iste
593 1796 700 1834 non
728 1782 780 1838 in
814 1784 1068 1852 imagine,
1101 1784 1193 1838 sed
1243 1785 1296 1838 in
1333 1786 1449 1855 ipsa
1478 1786 1589 1853 iam
1620 1788 1861 1841 ambulat
1887 1788 2030 1842 veri-

461 1880 592 1925 tate.
628 1870 1003 1927 Verumtamen
1044 1875 1103 1927 in
1138 1877 1367 1945 imagine
1393 1878 1628 1933 ambulat
1654 1880 1829 1937 homo.
1856 1879 2032 1949 Rupe-

461 1975 641 2019 tamus
666 1977 797 2033 ergo
831 1982 1139 2024 sermonem
1172 1969 1322 2023 illum
1352 1986 1518 2039 quem
1551 1972 1691 2025 dixit
1714 1973 2033 2041 Apostolus,

460 2056 513 2109 in
543 2071 654 2125 quo
679 2059 963 2124 generales
999 2064 1136 2115 tinos
1193 2062 1459 2132 imagines
1495 2063 1827 2133 designavit.
1872 2081 2034 2119 unam

457 2149 677 2215 quidem
712 2160 1007 2213 terrenam,
1045 2155 1204 2208 aliam
1243 2168 1374 2206 vero
1398 2153 1699 2219 colestem,
1732 2164 1784 2210 et
1813 2171 2035 2226 coiupa«

459 2256 642 2297 remus
666 2242 739 2296 ad
769 2245 891 2307 hoc,
912 2244 1228 2316 Quanquam
1252 2247 1307 2299 in
1334 2246 1562 2315 imagine
1588 2244 1820 2299 ambulat
1845 2246 1998 2300 homo
2014 2264 2033 2311 ,-

455 2342 509 2387 ct
561 2333 668 2388 hoe
722 2336 866 2403 quod
925 2338 1257 2405 generaliter
1309 2339 1517 2391 dictum
1549 2346 1667 2400 est,
1725 2337 1778 2392 in
1838 2337 2036 2392 multas

457 2427 669 2493 species
691 2428 1013 2489 dividamus,
1049 2437 1107 2480 ut
1136 2443 1265 2483 eum
1291 2428 1554 2483 dividitur
1583 2442 1770 2483 sermo
1800 2441 1897 2495 per
1920 2426 2037 2481 sin»

456 2518 576 2581 gula
634 2528 799 2585 atque
852 2518 1175 2584 discutitur,
1216 2520 1479 2573 clarescat
1517 2520 1663 2587 quod
1711 2518 2037 2572 intrinsecus

458 2606 609 2661 latet.
641 2607 752 2661 lloe
788 2621 866 2662 est
890 2619 1070 2667 autem
1110 2612 1252 2678 quod
1277 2612 1510 2665 dicimus
1543 2610 1770 2665 :Omnis
1798 2617 2038 2678 potestas

459 2697 699 2761 inimica,
737 2708 1155 2767 ctunaqumque
1186 2700 1358 2752 virtus
1396 2700 1576 2752 divina
1618 2714 1741 2767 qua:
1776 2698 2035 2753 auxilium

456 2797 679 2855 praestat
713 2788 798 2842 his
820 2791 910 2856 qui
946 2789 1175 2842 salutem
1210 2791 1470 2859 consequi
1502 2791 1773 2858 cupiunt:
1811 2788 2037 2858 singula

460 2882 648 2932 harum
668 2880 932 2947 imagines
950 2882 1212 2949 quasdam
1230 2881 1544 2949 exprimunt
1567 2880 1618 2934 iu
1646 2880 1825 2933 anime
1848 2895 2035 2935 eorum

458 2971 548 3038 qui
585 2986 643 3025 se
676 2973 743 3026 ad
776 2972 1181 3040 receptaculum
1221 2987 1409 3026 earum
1443 2972 1679 3026 diversis
1726 2973 1922 3027 studiis
1945 2987 2040 3027 ex-

458 3062 666 3117 hibent.
692 3062 855 3117 Verbi
886 3063 1084 3132 gratia,
1117 3064 1259 3117 sicut
1292 3064 1541 3132 superius
1563 3063 1822 3130 diximus,
1846 3081 2039 3122 omnes
2066 3079 2107 3141 ς

456 3155 677 3223 quidem
722 3154 1000 3218 homines,
1042 3162 1139 3209 aut
1181 3155 1443 3217 ccclesiis,
1479 3164 1571 3209 aut
1605 3158 1805 3210 terreni
1842 3158 2032 3226 imagiv

458 3262 581 3300 nem
606 3256 910 3314 portamus,
945 3248 1037 3300 sed
1067 3256 1122 3301 et
1156 3247 1207 3300 in
1242 3247 1328 3301 his
1354 3246 1484 3316 ipsis
1514 3248 1683 3302 multa
1721 3248 2029 3304 diversitas.

457 3337 657 3402 litputa
702 3337 880 3391 omnis
932 3347 1197 3405 peccator
1243 3346 1423 3406 portat
1459 3338 1749 3408 imaginem
1809 3340 2033 3402 terreni,

455 3431 555 3482 sed
589 3444 699 3482 non
727 3428 904 3481 cuiuis
940 3428 1191 3483 similiter
1227 3447 1240 3484 :
1277 3443 1382 3482 non
1417 3444 1571 3498 atque
1599 3429 1886 3499 imaginem
1923 3440 2033 3485 ter-

460 3522 575 3573 reni
612 3529 794 3589 portat
851 3520 1125 3575 homicida
1174 3530 1229 3573 et
1288 3521 1543 3584 mendax,
1584 3530 1679 3575 aut
1724 3521 1939 3575 adulter
1976 3530 2033 3578 et

460 3612 843 3673 conviciosns,
909 3621 1003 3667 aut
1065 3628 1357 3681 puerorum
1421 3622 1717 3681 corruptor
1776 3623 1829 3669 et
1896 3613 2022 3678 l‘ur,

458 3704 708 3774 quamvis
767 3718 956 3758 omnes
1017 3704 1106 3758 isti
1167 3704 1369 3759 terreni
1430 3705 1725 3773 imaginem
1780 3714 2034 3774 portent,

464 3797 559 3851 sed
595 3796 758 3850 multa
791 3805 875 3850 est
907 3797 1050 3850 inter
1083 3796 1231 3867 ipsos
1255 3795 1561 3851 diﬂerentia
1591 3811 1690 3864 pro
1718 3796 2035 3851 diversitate

459 3889 686 3955 peccati.
738 3886 1051 3940 Secundum
1087 3886 1183 3938 has
1211 3899 1343 3955 ergo
1388 3886 1734 3939 diversitates
1782 3884 2035 3953 imaginis

459 3979 683 4044 terreni,
739 3976 1108 4045 contemplare
1153 3978 1318 4031 etiam
1356 3976 1727 4033 diversitatem
1779 3974 2034 4043 imaginis

458 4068 719 4131 cmlcstis,
763 4077 817 4122 et
860 4067 1073 4120 intuere
1113 4066 1339 4119 Paulum
1391 4076 1694 4133 portantem
1743 4068 2032 4136 imaginem

457 4160 714 4225 cmlestis,
743 4168 796 4210 et
824 4157 1190 4211 Timotheum.
1221 4157 1283 4210 Et
1313 4157 1479 4224 quid?
1513 4166 1768 4223 putamus
1794 4159 1923 4226 quia
1951 4159 2029 4213 si-

459 4248 660 4301 militer
689 4258 745 4298 ut
775 4247 825 4298 in
867 4245 1052 4307 Paulo,
1084 4245 1159 4297 ita
1199 4253 1254 4297 et
1295 4245 1346 4296 iu
1386 4243 1671 4299 Timotheo
1704 4254 1821 4299 erat
1852 4247 2031 4317 imago

455 4338 731 4391 caelestis?
760 4336 903 4390 Nihil
948 4336 1211 4406 amplius,
1257 4335 1387 4389 nihil
1433 4336 1747 4404 praeclarius
1788 4337 2026 4393 habebat

2132 518 2315 561 utrum
2343 507 2604 570 calet-uis,
2642 524 2710 562 an
2750 518 2964 563 terrena
3004 509 3183 578 imago
3225 511 3481 563 inanima
3520 524 3711 567 nostra

2132 598 2462 666 depingitur.
2511 598 2616 653 Sed
2658 609 2712 652 et
2745 599 2875 653 illud
2921 599 3215 658 adtnonere
3242 614 3339 653 vos
3375 601 3571 656 inutile
3598 620 3713 658 non

2131 691 2418 752 videbitur,
2455 692 2603 759 quod
2634 690 2792 745 multi
2819 692 2870 746 in
2902 691 3006 746 hoc
3034 694 3231 748 mutulo
3262 706 3484 763 propter
3513 696 3713 765 imagi-

2132 796 2237 838 nes
2264 782 2529 839 tulerunt
2566 797 2775 852 regum,
2800 782 2910 837 imo
2940 785 3121 852 potius
3148 794 3502 854 tyrannorum
3527 790 3711 856 peris.

2134 882 2284 936 runt,
2316 888 2412 941 pro
2437 874 2541 928 hoc
2560 874 2934 927 tantummodo
2957 875 3099 943 quod
3128 877 3422 944 tyrannica;
3448 879 3587 944 apud
3612 894 3710 935 eos

2136 963 2401 1032 imagines
2423 965 2773 1033 deprehensae
2794 974 2943 1030 sunt,
2975 975 3028 1019 et
3069 967 3169 1022 hoc
3190 968 3364 1021 solum
3393 969 3477 1024 eis
3495 969 3709 1025 sullecit

2136 1054 2202 1108 ad
2233 1055 2460 1110 crimen.
2496 1055 2883 1111 Perserutetur
2906 1071 3039 1125 ergo
3067 1073 3210 1111 nunc
3234 1073 3296 1112 se
3333 1062 3708 1131 nnttmttisqus

2135 1156 2401 1213 vestrum,
2427 1157 2482 1201 et
2506 1148 2693 1202 cordis
2716 1148 2797 1202 sui
2829 1162 3029 1201 arcana
3064 1158 3367 1210 recenseat.
3388 1163 3455 1204 ac
3479 1150 3708 1220 diligen-

2138 1248 2220 1290 ter
2254 1237 2495 1307 isquirat
2523 1252 2665 1308 quas
2699 1238 2772 1292 ibi
2821 1238 3085 1307 imagines
3123 1248 3300 1304 gerat.
3348 1238 3413 1294 Si
3461 1240 3714 1297 inventus

2140 1328 2307 1383 fueris
2362 1328 2565 1383 habere
2615 1329 2684 1383 ibi
2751 1328 2952 1382 formas
3038 1328 3235 1383 diaboli
3300 1339 3358 1384 et
3409 1330 3708 1400 imaginem

2138 1420 2375 1485 Satanas,
2407 1422 2550 1489 quod
2584 1421 2681 1475 tibi
2716 1422 2821 1474 erit
2852 1422 2976 1475 vitae
3006 1422 3297 1490 reiugium,
3323 1421 3449 1491 quis
3484 1423 3712 1477 misere-

2138 1513 2286 1567 hitur
2310 1512 2409 1575 tui,
2432 1526 2554 1566 cum
2592 1511 2659 1567 de
2704 1511 2901 1565 intimo
2925 1512 3168 1565 conclavi
3197 1512 3383 1566 cordis
3416 1512 3492 1565 tui
3524 1523 3710 1582 tyran-

2137 1602 2256 1656 nica
2297 1602 2473 1671 imago
2504 1602 2852 1672 proferetur?
2885 1602 2980 1659 Sin
3014 1613 3192 1657 autem
3236 1603 3318 1658 vis
3346 1612 3409 1661 ut
3438 1618 3536 1671 per
3579 1619 3707 1673 spe-

2137 1693 2249 1749 cies
2276 1695 2370 1750 tibi
2408 1695 2717 1764 huiusmodi
2770 1696 3034 1764 imagines
3083 1695 3380 1764 designem,
3413 1696 3560 1750 audi.
3602 1695 3709 1759 Ira,

2138 1786 2316 1857 imago
2376 1788 2663 1857 tyrannica
2716 1796 2823 1854 est,
2875 1787 3125 1851 avaritia,
3178 1787 3373 1852 dolus,
3428 1787 3712 1855 superbia,

2136 1885 2335 1940 tumor,
2372 1878 2557 1948 gloria
2615 1878 2927 1941 saculares,
2982 1880 3215 1939 invidias,
3266 1880 3581 1946 ebrietates,
3618 1896 3714 1934 ce-

2138 1971 2519 2034 tuessatioues,
2552 1979 2607 2024 et
2635 1970 2719 2024 his
2741 1971 2961 2024 similia.
2987 1970 3135 2035 Quas
3157 1970 3200 2023 si
3231 1986 3335 2024 non
3371 1971 3535 2025 citius
3566 1970 3717 2039 abic-

2136 2060 2277 2114 ceris
2306 2060 2373 2115 de
2401 2060 2564 2115 domo
2596 2069 2713 2122 tua,
2744 2060 2786 2114 si
2815 2076 2919 2113 non
2944 2060 3250 2113 detraxeris
3285 2070 3339 2114 et
3377 2061 3651 2114 abrsseris
3685 2076 3713 2114 ι

2094 2184 2107 2193 ψ
2138 2151 2385 2205 sensibus
2423 2151 2527 2206 tuis
2548 2165 2765 2205 omnem
2795 2152 2978 2207 locum
3008 2150 3254 2218 pessimae
3283 2151 3443 2219 hujus
3468 2152 3715 2219 picturas,

2138 2252 2192 2296 et
2226 2258 2387 2297 omne
2427 2242 2742 2313 ﬁgmentum
2793 2243 3047 2301 venenati
3108 2242 3309 2297 coloris
3361 2243 3714 2305 absterseris,

2138 2333 2267 2402 ipsa;
2306 2342 2358 2388 te
2397 2334 2657 2402 imagines
2699 2334 2876 2402 perire
2923 2333 3145 2387 facient.
3193 2331 3320 2386 Hmc
3353 2335 3419 2388 de
3456 2344 3526 2387 eo
3571 2333 3718 2402 quod

2139 2426 2403 2495 scriptum
2431 2436 2514 2482 est
2546 2442 2559 2477 :
2598 2425 2664 2479 In
2692 2427 2920 2495 imagine
2950 2425 3185 2478 ambulat
3217 2426 3390 2480 homo.

2213 2564 2268 2621 5.
2302 2564 2563 2634 Sequitur
2594 2580 2609 2616 :
2644 2563 2988 2617 Thesaurisat
3019 2573 3066 2616 et
3092 2564 3295 2632 ignorat
3324 2566 3405 2617 cui
3430 2572 3718 2633 congregat

2140 2674 2222 2709 ea.
2245 2656 2545 2725 Oportebat
2570 2657 2717 2711 enim
2755 2655 2955 2725 requiri
2985 2671 3106 2725 quae
3137 2667 3261 2710 sunt
3296 2671 3417 2724 qua:
3444 2654 3716 2713 thesauri-

2141 2758 2338 2801 zaulur
2368 2757 2423 2802 et
2458 2748 2781 2817 ignorantur
2812 2748 2902 2801 cui
2931 2758 3354 2819 congregemur,
3372 2757 3426 2801 et
3450 2764 3566 2817 qum
3588 2758 3719 2803 sunt

2140 2850 2261 2904 quae
2278 2851 2678 2907 congregantur
2703 2848 2756 2894 et
2790 2855 2895 2895 non
2922 2840 3240 2909 ignorantur
3261 2838 3351 2895 cui
3374 2848 3712 2907 permanent.

2142 2930 2434 2997 Sequitur:
2474 2930 2539 2983 Et
2576 2947 2714 2987 nunc
2758 2947 2877 2999 qua:
2908 2941 2985 2984 est
3018 2931 3334 2994 exspectatio
3364 2929 3514 2985 mea?
3545 2945 3716 2985 nonne

2144 3021 2450 3076 Dominus?
2499 3020 2652 3079 Sicut
2685 3024 2949 3091 sapientia
2999 3032 3180 3079 nostra
3215 3022 3468 3077 Christus
3510 3028 3612 3082 est,
3658 3028 3716 3077 et

2137 3112 2346 3183 justitia
2371 3113 2626 3168 Christus
2650 3122 2753 3179 est,
2771 3115 3071 3171 secundum
3092 3115 3239 3182 quod
3260 3114 3522 3180 scriptum
3544 3110 3711 3170 est":

2143 3202 2248 3271 Qui
2282 3204 2456 3272 [actus
2497 3216 2572 3258 est
2612 3206 2871 3268 sapientia
2908 3206 3055 3265 nobis
3084 3221 3116 3257 a
3160 3204 3297 3267 Deo,
3337 3214 3383 3257 et
3413 3203 3622 3274 justttia
3668 3212 3719 3263 et

2141 3296 2497 3360 sanctificatio
2523 3306 2571 3349 et
2608 3298 2926 3360 redemptio;
2954 3298 3025 3352 ita
3066 3305 3117 3351 et
3146 3297 3503 3364 exspectatio,
3541 3294 3593 3349 id
3634 3306 3718 3355 est

2143 3386 2407 3454 patientia
2453 3396 2639 3441 nostra
2685 3386 2937 3440 Christus
2983 3395 3086 3440 est.
3118 3383 3410 3452 Propterea
3446 3399 3549 3439 non
3601 3382 3716 3455 glo-

2142 3478 2311 3531 rietur
2342 3478 2561 3546 sapiens
2594 3479 2648 3532 in
2683 3478 2973 3546 sapientia,
3007 3491 3105 3533 nec
3134 3476 3292 3530 fortis
3319 3476 3372 3529 in
3398 3474 3718 3530 fortitudine

2139 3580 2256 3631 sua,
2282 3567 2407 3635 quia
2442 3568 2620 3622 omnia
2651 3568 2915 3627 habemus
2945 3566 2999 3621 itt
3052 3565 3293 3622 Christo.
3321 3567 3389 3621 Et
3420 3582 3561 3623 nunc
3586 3582 3717 3637 ergo

2138 3672 2259 3726 qua:
2309 3666 2390 3713 est
2417 3660 2771 3730 exspectatio,
2814 3658 2863 3714 id
2921 3670 3004 3718 est
3047 3660 3315 3728 patientia
3352 3658 3506 3714 mea?
3543 3657 3719 3712 Domi-

2140 3764 2259 3808 nus.
2302 3746 2368 3805 Et
2401 3752 2698 3810 substantia
2731 3768 2843 3811 mea
2879 3768 2910 3805 a
2945 3760 2994 3808 te
3019 3764 3116 3811 est.
3157 3750 3212 3804 Si
3248 3750 3422 3812 habeo
3466 3750 3717 3807 substan-

2142 3842 2273 3897 tiam
2305 3842 2621 3901 divitiarum
2658 3842 3009 3911 spiritalium,
3057 3858 3086 3897 a
3140 3844 3249 3900 Deo
3285 3854 3388 3898 est.
3425 3842 3717 3913 lusu/ﬂavit

2138 3933 2282 3990 enim
2319 3934 2458 3989 Deus
2483 3936 2535 3988 in
2554 3936 2747 4003 facient
2774 3937 3011 3996 hominis
3035 3936 3277 4005 spiritu»:
3301 3936 3441 4003 vita,
3469 3945 3517 3989 et
3540 3936 3714 4002 [actus

2137 4031 2214 4080 est
2231 4022 2381 4079 homo
2410 4026 2464 4081 in
2504 4027 2739 4083 animum
2772 4027 2935 4081 vivam
2958 4025 3025 4083 ⁸⁸.

2207 4157 2262 4212 4.
2295 4157 2377 4210 Ab
2400 4158 2639 4213 omnibus
2672 4155 3036 4226 iniquitatibus
3066 4156 3193 4209 meis
3220 4155 3354 4221 eripe
3380 4170 3481 4208 me.
3511 4152 3713 4209 Nuces-

2138 4249 2282 4302 sario
2330 4247 2539 4301 addidit
2588 4248 2653 4303 ab
2707 4245 2974 4309 omnibus,
3007 4260 3105 4313 pro
3156 4244 3371 4299 scilicet
3419 4242 3565 4296 nulla
3612 4257 3714 4296 nos

2140 4348 2319 4393 teneat
2346 4350 2397 4393 et
2427 4340 2764 4407 constringat
2802 4338 3079 4407 iniquitas.
3111 4336 3219 4393 Sed
3244 4336 3521 4405 quomodo
3572 4334 3715 4388 Deus

459 4428 636 4493 imago
664 4424 813 4478 Pauli
852 4435 1047 4495 prtcter
1072 4425 1365 4493 imaginem
1400 4424 1706 4481 Timothei?
1736 4426 1845 4497 Ege
1874 4429 2023 4484 arbi-
2058 4411 2109 4477 Ι)
2142 4429 2211 4482 ab
2247 4428 2631 4499 iniquitatibus
2666 4427 2885 4497 eripiat,
2928 4427 3359 4481 consideremus.
3426 4425 3485 4479 Si
3538 4424 3713 4493 peni-

458 4530 572 4571 tror
587 4518 709 4587 quia
729 4517 1024 4571 secundum
1043 4517 1141 4571 hoc
1157 4518 1301 4587 quod
1323 4521 1659 4587 praecedebat
1679 4522 1800 4575 vitai
1817 4522 2030 4585 merito,

456 4611 604 4665 verbi
640 4609 901 4679 potentia,
927 4609 1373 4680 magnanimitate
1413 4613 1674 4681 propositi
1710 4613 1905 4667 Paulus
1937 4614 2031 4668 Ti-

456 4706 757 4767 motheum,
791 4706 863 4757 ita
901 4713 954 4756 et
984 4703 1034 4756 in
1073 4704 1163 4756 illo
1202 4703 1371 4770 major
1399 4720 1462 4758 ac
1488 4704 1822 4773 splendidior
1868 4706 2032 4760 reful-

453 4795 614 4864 gebat
639 4795 817 4865 imago
849 4793 1108 4858 cmlcstis,
1138 4794 1355 4863 qualem
1388 4794 1442 4846 in
1491 4794 1581 4846 illo
1616 4792 1850 4848 faciebat
1890 4796 2025 4849 ima-

454 4887 632 4955 ginem
660 4884 935 4950 Christus,
972 4901 1092 4940 cum
1134 4887 1185 4939 in
1211 4901 1276 4938 eo
1301 4885 1614 4954 loqueretur
1646 4902 1660 4938 :
1695 4895 1748 4937 et
1782 4886 1940 4938 aliam
1970 4897 2025 4942 et

454 4978 636 5049 longe,
676 4986 729 5029 ut
764 4993 863 5047 ego
908 4978 1166 5038 arbitror,
1227 4976 1541 5031 inferiorem
1593 4976 1645 5029 in
1676 4975 1765 5030 illo
1795 4976 2025 5033 faciebat

453 5069 751 5139 imaginem
774 5072 864 5137 qui
899 5071 1114 5124 dicebat
1139 5071 1187 5103 ⁸⁸
1214 5087 1229 5124 :
1264 5067 1333 5135 Et
1357 5070 1492 5122 dixit
1513 5070 1729 5138 angelus
1745 5071 2027 5140 quiloque-

453 5160 613 5212 batur
651 5159 706 5212 in
738 5176 833 5224 me,
861 5169 916 5214 et
937 5162 1014 5214 sic
1046 5177 1141 5230 per
1178 5161 1385 5227 singula
1430 5162 1591 5214 etiam
1625 5162 1766 5229 apud
1796 5167 2023 5231 teipsum

456 5253 761 5320 requirens,
793 5254 1168 5308 diversitatem
1201 5255 1442 5311 invenies
1489 5256 1742 5322 imaginis
1777 5254 1893 5308 sive
1918 5264 2026 5308 ter-

454 5356 598 5395 rente
624 5342 674 5395 iu
701 5343 1092 5409 peccatoribus,
1116 5346 1230 5399 sive
1264 5344 1502 5399 cmicstis
1532 5344 1583 5395 in
1611 5345 1829 5398 sanctis.
1850 5342 2023 5399 Omne

449 5446 581 5500 ergo
614 5434 759 5502 quod
796 5436 974 5505 agitur
1010 5451 1038 5490 a
1083 5437 1239 5492 nobis
1280 5452 1378 5503 per
1435 5435 1672 5504 singulas
1724 5436 1885 5489 horas
1933 5434 2020 5489 vel

454 5534 749 5588 momenta,
775 5527 1062 5595 imaginem
1090 5528 1329 5596 aliquant
1357 5527 1626 5581 deformat
1657 5542 1671 5578 :
1701 5537 1756 5581 et
1778 5527 1899 5581 ideo
1926 5542 2019 5595 per

446 5614 660 5682 singula
690 5620 920 5671 scrutari
953 5619 1212 5673 debemus
1238 5632 1393 5675 actus
1428 5629 1663 5682 nostros.
1690 5628 1747 5681 et
1786 5628 2021 5673 nosmet-

525 5711 569 5740 ⁸⁶
596 5711 764 5766 Ζίιινιι.
799 5726 836 5775 l,
880 5714 964 5767 Η.
1038 5717 1079 5747 ⁵⁷
1114 5714 1131 5767 Ι
1166 5720 1289 5769 (ξος.
1317 5734 1353 5781 1,
1385 5716 1472 5771 50.
1550 5716 1596 5747 ⁸⁸
1624 5716 1758 5772 Gen.
1790 5730 1846 5779 Il,
1883 5716 1933 5768 7.

2141 4530 2318 4575 tentes
2352 4534 2455 4590 pro
2487 4521 2647 4575 malis
2674 4521 2842 4590 gestis
2865 4532 3248 4576 convertamur
3269 4521 3337 4573 ad
3374 4519 3565 4583 Deum,
3590 4533 3714 4574 sus-

2140 4612 2345 4681 cipiens
2391 4627 2419 4665 a
2465 4613 2617 4667 nobis
2646 4612 2791 4668 Deus
2827 4613 3236 4667 conversionem
3271 4621 3534 4674 tiostram,
3560 4610 3715 4664 abso-

2138 4702 2397 4756 lutionem
2435 4702 2786 4771 iniquitatum
2823 4705 2988 4758 donat
3042 4703 3340 4758 secundum
3399 4714 3707 4755 mensuram

2135 4794 2528 4848 conversionis.
2557 4794 2653 4848 Cui
2684 4794 2828 4849 enim
2862 4794 2983 4863 plus
3010 4794 3325 4856 remittitur,
3352 4792 3469 4862 plus
3495 4793 3668 4859 diligit
3692 4809 3707 4845 :

2133 4894 2183 4938 et
2215 4897 2498 4955 propterea
2529 4887 2730 4940 dicitur
2750 4887 2796 4923 "
2821 4886 2944 4955 quia
2967 4886 3176 4941 mulieri
3200 4886 3276 4941 illi
3299 4886 3466 4939 multa
3488 4886 3707 4939 remissa

2132 4985 2275 5039 sunt,
2311 4977 2435 5046 quia
2468 4977 2649 5031 dilexit
2683 4978 2927 5033 multum.
2971 4977 3077 5031 Pro
3104 4992 3355 5032 mensura
3379 4992 3509 5047 ergo
3532 4976 3708 5044 pruni-

2136 5071 2342 5136 tetitim,
2383 5071 2722 5125 remissionis
2755 5070 3029 5139 quantitas
3071 5071 3427 5125 moderatur:
3467 5086 3534 5124 ne
3581 5084 3706 5123 nos-

2134 5164 2395 5233 metipsos
2442 5163 2787 5225 sedneamus,
2829 5172 3084 5233 putantes
3116 5161 3283 5217 nullis
3313 5162 3429 5216 hac
3479 5159 3705 5230 regulis,

2133 5255 2293 5309 nullis
2314 5255 2617 5324 dispensari
2640 5254 2885 5321 iudieiis.
2908 5253 3076 5324 693
3101 5253 3241 5307 Poto
3266 5254 3416 5308 enim
3447 5254 3593 5321 quod
3611 5253 3703 5320 qui

2129 5361 2317 5401 clunes
2337 5348 2577 5414 justitias
2596 5347 2917 5416 impleverit,
2953 5347 3043 5399 ille
3068 5362 3257 5402 mones
3288 5347 3474 5401 abluat
3502 5346 3705 5419 iniqui-

2131 5448 2291 5506 tates,
2317 5439 2410 5508 qui
2437 5455 2569 5494 vero
2599 5454 2822 5507 paucas,
2853 5438 2937 5493 vel
2967 5449 3173 5505 partem
3210 5439 3448 5508 aliquam
3472 5436 3701 5504 iustitia:

2126 5538 2383 5597 operatus
2415 5538 2517 5592 est,
2548 5538 2751 5597 partem
2786 5528 3019 5597 aliquam
3055 5528 3397 5596 iuiquitatum
3430 5527 3695 5583 resolvat:

2129 5620 2218 5688 qui
2244 5636 2371 5676 vero
2405 5621 2702 5690 perlectam
2746 5636 2843 5691 pro
2873 5620 3123 5676 omnibus
3154 5620 3312 5676 malis
3343 5630 3397 5676 et
3438 5620 3699 5690 integrant

2012 5718 2054 5747 ⁸⁵
2085 5716 2211 5775 Luc.
2250 5734 2342 5786 vn,
2372 5717 2458 5771 47.
