3896 6700
509 313 526 363 l
542 310 638 365 $07

1920 302 2009 358 EX
2052 300 2355 359 ORIGENE
3620 302 3711 349 uis

504 427 1306 496 militcr,tameusimiliternon
1325 424 2089 496 pmnitentprodelictis,quia
2124 431 2165 487 Α
2198 438 2358 477 omne
2388 420 2646 490 quidquid
2684 429 2767 474 est
2803 418 3088 473 crassioris
3133 418 3368 471 materia
3390 433 3495 484 quo
3528 418 3717 470 cim-

502 524 554 576 i‘n
574 522 849 574 laboribus
872 521 1137 573 hominum
1166 536 1265 573 non
1288 529 1432 579 sunt,
1456 527 1503 570 et
1523 534 1639 570 cum
1653 517 1951 570 hominibus
1986 535 2087 571 non

503 611 930 681 ﬂagellabuntur,
949 621 1219 677 propterea
1235 610 1395 663 tenuit
1415 626 1500 662 eos
1518 610 1760 677 superbia
1781 610 1846 663 “.
1864 609 1940 661 Tu
1960 624 2089 679 ergo

501 707 546 757 si
585 704 848 757 cruciaris
893 715 947 756 et
988 703 1239 771 allligeris
1283 703 1334 755 iu
1385 704 1549 756 corde
1571 701 1786 762 tuo.dic
1812 701 1876 754 ad
1910 701 2089 754 Domi-

504 796 703 850 num“:
729 794 781 847 ,41
789 795 899 847 ulta
919 795 1125 863 quidem
1158 794 1368 862 flagella
1386 802 1737 860 peccatorum,
1764 798 1851 847 sed
1872 810 2088 862 speran-

500 897 573 939 tes
595 888 649 940 in
670 886 895 939 Domino
919 886 1277 939 misericordia
1307 884 1673 937 circumdabit.
1739 884 2090 940 Ostendimus

503 978 667 1044 igitur
691 977 982 1045 dupliciter
1022 976 1327 1029 hominibus
1362 975 1564 1045 flagella
1598 976 1886 1045 praeparari
1924 990 1935 1025 :
1971 975 2085 1029 sive

501 1064 835 1123 sensibiliter
866 1068 1240 1124 extrinsecus,
1299 1081 1421 1119 cum
1475 1068 1559 1121 vel
1595 1067 1966 1137 languoribus,
2001 1067 2086 1120 vel

501 1159 741 1224 damnis,
781 1159 863 1212 vel
896 1158 1129 1211 diversis
1168 1155 1519 1211 amictionutn
1568 1159 1857 1227 generibus
1902 1158 2084 1229 ﬂagel-

502 1252 678 1307 lamur
716 1268 730 1303 :
766 1252 879 1305 sive
926 1251 1089 1304 etiam
1148 1265 1272 1304 cum
1325 1265 1391 1303 ex
1446 1250 1831 1305 recordatione
1895 1251 2081 1305 delicti

504 1343 845 1413 pernrgentis
916 1341 1265 1396 conscientiae
1326 1341 1558 1395 stimulis
1622 1341 1962 1396 terebramur
2030 1343 2081 1395 in

502 1434 686 1487 corde.
736 1431 817 1486 Ad
865 1440 1157 1501 utrumque
1192 1445 1323 1501 ergo
1355 1432 1609 1487 convenit
1635 1432 1741 1485 dici
1781 1445 1797 1483 :
1836 1433 2027 1486 Amove
2051 1449 2085 1486 a

504 1540 580 1577 me
634 1524 822 1593 plagas
870 1532 1014 1578 tuas.
1068 1523 1177 1579 Sed
1264 1522 1495 1577 fortasse
1542 1521 1739 1591 aliquis
1784 1522 1935 1587 dicit,
1955 1523 2086 1577 Esto

502 1615 630 1685 quia
662 1631 759 1685 pro
786 1616 871 1669 his
901 1614 1235 1669 cruciatibus
1270 1615 1361 1683 qui
1401 1616 1743 1668 extrinsecus
1775 1614 2086 1670 inferuntur

501 1712 789 1769 Commoda
835 1708 1213 1779 hujuscemodi
1259 1708 1511 1761 videatur
1562 1708 1762 1773 oratio,
1805 1725 1925 1778 qtue
1968 1724 2089 1764 ces-

501 1818 622 1857 sare
660 1802 929 1872 supplicat
969 1803 1265 1865 cruciatus,
1293 1802 1537 1870 nunquid
1574 1813 1629 1857 et
1670 1803 1850 1858 cordis
1890 1806 2086 1859 stimu-

502 1894 607 1947 lum
642 1910 705 1947 ac
744 1893 938 1947 mentis
969 1904 1269 1961 respectum
1308 1894 1578 1947 videbitur
1610 1895 1858 1949 inhibere
1886 1896 1910 1949 ?
1934 1894 2088 1950 Men-

501 1998 625 2036 sura
656 1983 707 2035 in
745 1983 1000 2037 omnibus
1035 1984 1321 2050 quaeritur,
1348 1984 1519 2037 multo
1552 1984 1723 2054 magis
1759 1987 1813 2039 in
1861 1984 2089 2056 ﬂagellis

502 2086 754 2127 mensura
806 2073 1183 2141 percommoda
1238 2082 1351 2129 est.
1400 2074 1445 2128 si
1492 2076 1635 2129 enim
1682 2076 1881 2129 fuerint
1944 2076 2085 2130 ultra

503 2178 836 2226 mvnsuram,
870 2164 1138 2216 nocebunt
1163 2164 1255 2217 tibi
1282 2166 1445 2219 etiam
1478 2167 1589 2233 ipsa
1616 2182 1735 2235 quae
1765 2174 1901 2222 bona
1936 2177 2083 2223 sunt.

500 2251 567 2308 Et
598 2254 725 2323 quid
751 2254 816 2308 de
860 2252 1089 2322 ﬂagellis
1121 2256 1340 2309 dicam?
1368 2256 1491 2317 Μει.
1523 2259 1701 2328 inquit
1724 2258 1981 2313 Salomon
2016 2259 2083 2323 ⁸⁸,

501 2344 774 2399 inuetiiens
803 2346 1067 2398 manduca
1094 2357 1352 2412 quantum
1378 2348 1589 2415 sufﬁcit,
1614 2365 1675 2401 ne
1699 2349 1834 2415 forte
1858 2350 2084 2402 satiatus

500 2450 727 2491 acinus.
757 2433 909 2503 Quod
944 2435 991 2491 si
1015 2436 1068 2489 in
1099 2436 1256 2491 melle
1283 2452 1536 2491 mensura
1578 2440 1725 2492 utilis
1753 2456 1855 2505 est,
1881 2450 2085 2510 quanto

504 2528 705 2581 rectius
739 2527 1047 2595 requiretur
1068 2538 1122 2582 et
1144 2528 1454 2584 servabitur
1486 2530 1535 2581 iu
1558 2528 1783 2598 ﬂagellis
1810 2531 1832 2583 ἲ
1858 2531 2087 2599 Propter

503 2618 647 2686 quod
672 2625 725 2670 et
747 2617 1042 2685 Apostolus
1073 2632 1267 2673 verens
1316 2619 1479 2672 nimia
1507 2618 1710 2687 flagella
1757 2620 1937 2675 cordis
1966 2620 2085 2688 ejus

502 2708 591 2777 qui
616 2707 921 2777 deliquerat
963 2719 1018 2764 et
1046 2709 1271 2764 nimium
1303 2712 1641 2775 tristahatur,
1677 2712 1935 2767 dicebat"
1960 2730 1973 2766 :
2001 2710 2086 2767 Ne

502 2800 638 2868 forte
664 2800 867 2867 maiore
908 2801 1125 2854 tristitia
1153 2802 1497 2855 absorbeatur
1526 2804 1617 2871 qui
1650 2803 1961 2870 huiusmodi
1981 2816 2082 2859 est.

570 2892 625 2949 8.
671 2892 737 2946 In
787 2892 1225 2962 increpationibus
1270 2910 1365 2961 pro
1414 2894 1692 2963 iniquitate
1734 2897 1961 2949 erudisti
1990 2898 2086 2949 Ito-

503 2987 717 3050 minem,
742 2996 787 3039 ct
836 2986 1095 3039 tabescere
1136 2985 1312 3054 fecisti
1360 2988 1495 3039 sicut
1551 3003 1800 3040 araneam
1848 2990 2083 3041 animam

2193 516 2352 569 datur
2380 514 2584 576 anima,
2610 523 2667 565 ut
2690 521 2949 566 extenuet
2974 522 3029 564 et
3059 512 3241 563 elimet
3278 509 3622 576 prudentiam
3650 526 3719 560 ex

2191 609 2297 673 nis,
2328 617 2385 662 et
2429 608 2503 659 ita
2540 605 2757 659 demum
2793 604 3029 658 animam
3068 604 3133 656 ad
3163 602 3408 657 subtilem
3437 618 3721 656 res-luce

2192 701 2406 755 lestium
2442 709 2495 753 et
2548 697 2895 753 invisibilium
2936 706 3160 751 revocet
3217 695 3581 749 intellectum-
3620 693 3719 749 τά.

2193 793 2439 862 quaedam
2490 790 2799 844 invenimus
2847 791 2946 844 sub
3004 797 3354 842 sacramento
3394 802 3501 840 non
3552 788 3715 839 nisi;

2191 886 2334 960 apud
2370 881 2706 937 Ezechielem
2730 882 3046 949 prophetam
3071 879 3342 948 designari
3368 878 3432 939 τ’.
3468 894 3599 933 cum
3626 880 3663 929 is
3686 879 3722 921 is

2194 980 2394 1036 betem.
2424 976 2508 1031 vel
2537 974 2821 1035 cacabum,
2855 987 3052 1026 carnes
3082 970 3300 1024 immitti
3329 970 3599 1023 dicuntur
3618 980 3724 1021 ett:

2190 1069 2370 1138 coqui,
2408 1076 2463 1123 et
2509 1066 2711 1121 dicitur
2743 1067 2867 1137 quia
2902 1074 3069 1119 cnctae
3107 1072 3237 1117 sunt
3283 1071 3344 1116 et
3390 1061 3705 1115 detabuern

2189 1162 2273 1215 vel
2299 1162 2534 1214 decocta:
2568 1170 2696 1214 sunt
2724 1171 2916 1212 carnes
2953 1169 3008 1209 et
3055 1164 3350 1210 excoctum
3381 1165 3466 1208 est
3488 1153 3603 1219 ius.
3634 1153 3725 1205 Sa-

2190 1266 2279 1321 pta
2308 1264 2436 1309 sunt
2467 1255 2582 1308 haec
2616 1253 2808 1307 iisdem
2844 1251 2979 1321 ipsis
3010 1252 3385 1313 sermonibus,
3407 1264 3513 1319 pro
3549 1265 3617 1303 eo
3642 1268 3717 1315 sui

2191 1346 2394 1399 lebetes
2429 1344 2510 1397 vel
2541 1342 2727 1397 cacahi
2760 1358 2858 1397 nos
2894 1342 3193 1410 suseipieut
3224 1340 3471 1395 ﬂammis
3516 1357 3719 1395 sum

2191 1437 2244 1490 in
2280 1450 2417 1504 quos
2462 1436 2769 1502 injiciemur
2810 1448 2907 1487 nos
2952 1432 3042 1501 qui
3095 1433 3310 1486 animas
3354 1433 3727 1486 nostrai-cr

2190 1527 2459 1590 navimus,
2477 1524 2558 1578 vel
2589 1522 3030 1586 incrassavimus,
3056 1521 3100 1574 si
3129 1536 3235 1574 non
3259 1521 3426 1590 prius
3454 1524 3589 1575 dum
3615 1525 3657 1573 ia
3676 1526 3727 1573 In:

2190 1615 2393 1669 mundo
2426 1628 2637 1676 sumus,
2671 1612 3080 1682 pervenerimus
3129 1626 3229 1679 per
3281 1613 3669 1680 paenitentiam
3704 1632 3727 1661 L
3800 1654 3801 1689 ἰ

2192 1706 2473 1760 taliescaut
2510 1720 2703 1759 carnes
2733 1713 2949 1767 nostri»,
2974 1714 3029 1757 et
3065 1704 3389 1757 crassitudo
3442 1706 3641 1757 snitu:
3678 1720 3725 1753 is
3800 1696 3801 1709 ‘

2190 1805 2317 1850 strue
2345 1796 2409 1849 ad
2436 1795 2793 1850 subtilitatem
2819 1794 3119 1849 deducatur
3149 1810 3402 1849 araneae.
3443 1794 3503 1849 Si
3543 1797 3659 1849 hinc
3680 1804 3727 1846 δὲ
3800 1838 3801 1849 χ

2190 1888 2294 1941 huc
2329 1899 2524 1939 carnes
2564 1884 2829 1939 fuerimus
2864 1886 3094 1953 egressi,
3135 1886 3435 1940 mittemur
3465 1888 3521 1941 in
3554 1887 3663 1940 illas
3688 1905 3729 1938 ο

2189 1978 2353 2031 cabos
2377 1978 2468 2048 qui
2502 1978 2908 2032 succenduntur
2931 1978 3108 2045 lignis,
3134 1979 3217 2033 vel
3254 1979 3435 2042 faeno,
3461 1981 3545 2033 vel
3570 1982 3727 2045 stips:

2189 2070 2239 2123 id
2272 2079 2357 2124 est
2392 2070 2649 2138 operibus
2696 2071 2897 2125 nostris
2938 2086 3058 2139 qua:
3102 2077 3633 2141 superposuerimus
3661 2076 3731 2123 (τι
3784 2132 3791 2139 _

2187 2160 2447 2215 damento
2482 2162 2711 2216 Christi.
2749 2162 2880 2216 Tale
2930 2174 3013 2217 est
3066 2162 3220 2227 illud,
3272 2175 3331 2218 ut
3379 2168 3614 2234 opinor,
3644 2183 3727 2234 ςτςις

2187 2254 2449 2309 Jeretnias
2478 2256 2609 2310 dicit
2630 2257 2671 2287 ⁷⁸
2708 2273 2721 2308 :
2763 2255 2904 2319 Vidi,
2938 2258 3131 2327 inquit,
3156 2258 3381 2312 lebetem
3424 2260 3509 2311 vel
3537 2266 3729 2311 “casu

2187 2345 2479 2410 ardentem,
2503 2356 2549 2398 et
2574 2346 2735 2414 facies
2760 2347 2873 2414 ejus
2904 2364 2934 2399 α
2963 2347 3095 2409 facie
3128 2349 3434 2417 aquilonis.
3464 2348 3557 2402 Vd
3591 2353 3727 2401 item

2186 2452 2308 2490 cum
2337 2436 2542 2505 virgam
2578 2436 2708 2491 vidit
2738 2453 2986 2492 nuceam.
3013 2439 3390 2507 Requiramus
3425 2456 3560 2509 ergo
3591 2446 3646 2492 de
3666 2444 3725 2490 si

2186 2527 2481 2589 sententia,
2526 2530 2668 2596 quod
2719 2536 3005 2597 propterea
3039 2529 3201 2582 simul
3253 2530 3479 2597 virgam
3529 2534 3727 2583 esteat.

2186 2628 2244 2671 et
2274 2619 2541 2673 cacabum
2584 2619 2705 2687 igne
2735 2635 3087 2684 succensum,
3121 2628 3177 2672 ut
3205 2621 3253 2675 si
3278 2623 3513 2688 quidem
3547 2622 3727 2687 dixiss-

2189 2723 2291 2763 nas
2328 2709 2567 2778 accipias
2609 2724 2706 2779 per
2744 2710 2951 2778 virgam
2985 2720 3041 2765 et
3065 2711 3406 2779 emenderis,
3437 2715 3626 2767 cacabo
3656 2728 3725 2764 ea

2189 2798 2435 2869 indigeas
2477 2814 2777 2865 succenso;
2814 2801 2857 2854 si
2906 2816 3036 2856 vero
3077 2816 3374 2872 permanes
3408 2805 3719 2873 indiscipfmr

2190 2900 2275 2946 tus
2314 2902 2371 2946 et
2403 2892 2552 2962 virga
2588 2909 2695 2948 non
2720 2894 3054 2960 emendatis,
3082 2896 3134 2947 id
3161 2905 3244 2949 est
3281 2897 3459 2950 verbo
3484 2895 3724 2961 correptis-

2188 2984 2271 3037 nis
2320 2984 2406 3038 vel
2447 2986 2758 3040 confutatus
2793 2986 2873 3039 vel
2922 2989 3223 3056 pmuitens,
3258 2999 3317 3042 et
3362 2989 3455 3041 tali
3481 2990 3595 3054 virga
3620 3000 3721 3037 cer.
3800 2970 3801 2977 “

502 3075 637 3144 ejus.
677 3076 867 3129 Anima
906 3089 1025 3143 qua:
1049 3084 1235 3144 peccat
1257 3072 1366 3147 (71)
1394 3075 1630 3130 crassior
1659 3075 1906 3131 efﬁcitur.
1933 3076 2084 3135 Talis

2194 3085 2378 3143 rcptus
2408 3077 2618 3145 qualem
2658 3078 2788 3132 dicit
2814 3077 3011 3132 Paulus
3031 3080 3079 3109 "
3107 3098 3119 3131 :
3155 3080 3304 3143 Quid
3340 3082 3501 3140 vultis,
3528 3080 3569 3128 is
3595 3078 3717 3144 urge

504 3180 737 3235 namque
770 3174 854 3220 est
881 3174 1073 3220 natura
1120 3166 1349 3237 peccati,
1385 3176 1608 3236 propter
1648 3167 1790 3237 quod
1822 3171 2086 3240 scriptum

503 3269 591 3313 est
612 3259 657 3290 ‘°
681 3277 694 3312 :
717 3258 1085 3312 Incrassatum
1107 3271 1292 3313 estcor
1320 3258 1498 3325 populi
1521 3258 1701 3325 hujus.
1731 3259 1881 3314 Sicut
1902 3272 2087 3316 autem

503 3356 787 3413 peccatum
831 3347 1233 3402 incrassescere
1271 3347 1423 3413 facit,
1468 3349 1542 3401 ita
1572 3353 1889 3405 econtrario
1914 3353 2088 3408 virtus

504 3437 754 3493 subtilem
790 3439 1026 3493 animam
1058 3442 1250 3505 reddit,
1272 3452 1328 3495 et
1358 3451 1413 3496 ut
1446 3452 1797 3510 cxtorqueam
1830 3444 2090 3512 quodam-

436 3600 439 3603 Α
507 3532 665 3585 modo
702 3531 951 3585 vocabuli
983 3532 1301 3595 novitatem,
1333 3548 1496 3587 omne
1521 3536 1664 3591 ouod
1704 3536 1757 3588 in
1795 3551 1859 3591 ea
1890 3551 2088 3607 corpo-

506 3635 658 3675 reum
696 3629 812 3686 est,
871 3621 1131 3691 abstergit
1177 3631 1231 3675 et
1278 3624 1495 3687 perimit
1523 3634 1575 3678 et
1614 3628 1803 3690 purius
1854 3644 1973 3683 eam
2009 3630 2089 3683 in-

504 3727 824 3781 corpoream
878 3713 1076 3767 reddit.
1136 3713 1289 3778 Quod
1343 3726 1523 3771 autem
1562 3729 1893 3784 crassescat,
1952 3730 2089 3775 etut

506 3806 581 3857 ita
618 3805 794 3858 dicant
821 3820 1020 3861 carnea
1057 3804 1323 3861 eﬂiciatur
1364 3810 1545 3863 anima
1592 3814 1911 3881 peccatoris,
1946 3814 2085 3866 indi-

505 3905 664 3950 catur
690 3912 757 3951 ex
792 3914 856 3953 eo
889 3900 1028 3967 quod
1074 3901 1335 3969 scriptum
1371 3911 1456 3955 est
1482 3902 1527 3934 ⁸⁸
1565 3919 1576 3954 :
1612 3902 1733 3956 Non
1764 3905 2084 3971 permanebit

505 3990 717 4051 spiritus
749 4008 889 4044 meus
914 3992 968 4044 in
998 3991 1295 4047 hominibus
1327 3995 1462 4057 istis,
1485 3998 1608 4064 quia
1638 4012 1763 4049 caro
1786 4006 1929 4053 sunt.
1957 3998 2089 4052 Car-

509 4096 631 4135 nem
667 4082 784 4137 sine
816 4084 979 4137 dubio
1028 4087 1270 4139 nominat
1311 4085 1522 4140 animas
1552 4089 1850 4143 crassiores
1874 4098 1928 4142 et.
1958 4103 2087 4155 pec-

507 4173 757 4228 catrices.
803 4174 858 4227 Si
899 4188 1029 4245 ergo
1082 4176 1673 4242 iucrassescatanima,
1723 4188 1779 4230 ut
1823 4176 2090 4233 eﬂieiatur

508 4280 660 4328 caro,
691 4264 817 4333 quid
847 4264 1073 4319 remedii
1111 4265 1249 4321 Deus
1283 4278 1571 4335 prmparet,
1602 4271 1758 4321 docet
1787 4284 1799 4320 :
1830 4268 1896 4322 In
1920 4270 2088 4324 incre-

507 4357 833 4423 pationibus,
881 4360 1074 4428 inquit,
1108 4377 1204 4429 pro
1242 4362 1524 4429 iniquitate
1552 4364 1773 4417 erudisti
1803 4367 2084 4430 hominem,

2192 3166 2392 3218 veniam
2419 3166 2715 3232 advos,aut
2737 3169 2790 3221 in
2819 3169 3076 3223 charitate
3098 3172 3322 3237 spiritus
3345 3182 3397 3224 et
3426 3170 3723 3223 mansuetde
3802 3166 3803 3231 ἔ

2191 3258 2269 3310 nis
2296 3258 2321 3310 ?
2351 3257 2407 3312 Si
2443 3271 2573 3328 ergo
2606 3260 2697 3312 tali
2734 3260 2882 3330 virga
2913 3277 3017 3315 non
3045 3263 3383 3327 emendaris,
3438 3266 3489 3316 in
3520 3268 3719 3317 caesus!
3802 3254 3803 3263 “

2193 3347 2447 3413 mitteris,
2484 3358 2537 3401 et
2587 3349 2822 3405 cacabus
2864 3352 3245 3406 succendetur.
3296 3353 3589 3423 Propterea
3634 3369 3719 3420 trgi

2193 3438 2325 3492 vidit
2355 3437 2619 3493 Jetemias
2646 3440 2809 3494 simul
2850 3450 3173 3510 utrumque,
3200 3451 3252 3496 et
3291 3444 3507 3511 virgam
3535 3455 3582 3499 et
3615 3459 3723 3497 em-

2191 3534 2317 3587 bum
2362 3548 2702 3594 succensum,
2740 3543 2798 3587 ut
2846 3543 3151 3589 metuentes
3193 3546 3520 3609 utrumque,
3547 3538 3724 3590 alteras

2191 3623 2473 3678 videamus
2516 3639 2581 3678 ex
2614 3623 2807 3678 altero.
2830 3622 2955 3678 lltcc
2978 3636 3203 3696 propter
3221 3626 3323 3680 hoc
3342 3629 3492 3696 quod
3517 3628 3725 3694 scriptas:

2190 3726 2272 3771 est
2311 3734 2325 3769 :
2361 3714 2642 3770 Tabescere
2678 3716 2851 3784 fecisti
2894 3718 3025 3769 sicut
3065 3734 3318 3771 araneam
3370 3721 3602 3772 anim
3632 3722 3722 3786 ejus.

2265 3808 2318 3862 9.
2364 3806 2421 3861 Si
2445 3823 2576 3876 ergo
2605 3823 2914 3863 sermonem
2948 3809 3013 3861 ad
3050 3819 3300 3861 naturam
3334 3812 3590 3864 animalis
3616 3812 3725 3861 istius

2193 3908 2596 3968 retorquemus,
2634 3913 2700 3952 ex
2748 3900 2834 3952 illa
2868 3909 3021 3969 parte
3047 3915 3152 3969 qua
3187 3916 3324 3969 opus
3352 3903 3724 3956 Subtilissimea

2189 4002 2242 4045 et
2271 3992 2416 4060 quod
2448 3990 2534 4044 vix
2585 3990 2782 4046 oculus
2816 3994 3281 4060 comprehendere
3323 4005 3509 4062 potest
3540 3998 3727 4060 expiem.

2190 4094 2313 4152 apta
2354 4083 2622 4138 videbitur
2651 4084 2927 4152 expositio
2964 4086 3065 4138 ista
3106 4102 3271 4154 quam
3299 4088 3561 4155 superius
3585 4088 3727 4153 expia-

2193 4177 2466 4230 navimus.
2502 4174 2557 4230 Si
2603 4192 2732 4231 vero
2781 4177 2904 4245 quis
2953 4178 3018 4230 ad
3070 4178 3197 4232 illud
3249 4179 3363 4249 (72)
3401 4180 3599 4233 referat
3628 4184 3729 4248 qusi

2193 4270 2360 4325 Isaias
2383 4270 2436 4324 in
2472 4270 2612 4324 libro
2636 4285 2735 4325 suo
2763 4270 2977 4333 scribit,
3003 4270 3165 4340 700
3193 4273 3315 4340 quia
3352 4274 3520 4326 telam
3565 4288 3727 4325 arani:

2192 4375 2466 4419 texuerunt
2510 4364 2578 4429 ⁷³,
2608 4364 2767 4419 aliter
2811 4368 3191 4436 accipiendum
3234 4375 3316 4419 est
3359 4383 3373 4418 :
3426 4367 3562 4433 quia
3591 4365 3731 4417 omni:

508 4458 555 4499 et
582 4450 843 4503 tabescere
874 4451 1045 4517 fecisti
1094 4453 1226 4505 sicut
1272 4470 1525 4508 araneam
1556 4457 1787 4509 animam
1818 4459 1953 4527 ejus.
1996 4458 2085 4513 Est
2121 4445 2161 4499 ἶ)
2191 4474 2310 4529 quae
2360 4460 2492 4513 texit
2533 4468 2585 4515 et
2638 4460 2749 4529 agit
2786 4469 3077 4529 peccator,
3122 4468 3232 4512 tam
3288 4459 3427 4513 nihil
3463 4461 3608 4513 scias
3651 4471 3737 4510 esse

508 4554 638 4608 ergo
696 4556 832 4607 opus
887 4542 978 4595 Dei
1040 4553 1095 4597 ut
1151 4546 1429 4601 tabescere
1478 4549 1640 4603 iaciat
1695 4561 1747 4602 et
1802 4564 2086 4607 consumat

578 4655 625 4725 ‘f
669 4657 809 4712 Psal.
842 4671 1011 4718 Lxxtt.
1038 4658 1148 4713 Set
1172 4659 1225 4713 6.
1329 4660 1371 4691 "
1397 4659 1539 4714 Psal.
1578 4678 1729 4725 xxxi,
1767 4662 1849 4715 lt).

504 4728 553 4761 υ
585 4724 722 4783 Gen.
749 4744 824 4793 γι,
857 4730 909 4783 5.
986 4730 1031 4760 ⁷ο
1066 4729 1260 4784 Ezech.
1298 4746 1374 4784 XI.
1450 4731 1493 4761 τί
1516 4724 1725 4785 Jerem.
1750 4747 1785 4794 ι,
1820 4733 1901 4785 15.

585 4821 698 4890 (7|)
736 4822 925 4874 Anima
949 4838 1064 4889 qua'
1092 4833 1290 4889 peccat,
1318 4830 1425 4877 etc.
1456 4821 1662 4876 Catena
1696 4822 1944 4879 Corderii
1973 4844 1986 4878 τ
2020 4827 2085 4880 'll

506 4891 895 4976 ἁιξαρεάνονσα
915 4892 971 4943 δὲ
997 4892 1143 4976 ψυχῇ
1162 4892 1526 4976 πρχύνετᾳρὴ
1548 4893 1603 4973 δὲ
1620 4894 1797 4976 ἀρετὴ
1812 4896 2084 4976 tegam,

510 4963 605 5037 x31
628 4963 738 5037 πιξν
753 4964 828 5037 Arb
852 4964 1162 5037 ςῳματικὸν
1195 4963 1505 5037 ὲξᾳφανίξει
1533 4963 1632 5033 τῆς
1660 4963 1853 5035 ψυχῆς.
1888 4968 2087 5037 Ἔργον

509 5028 601 5085 ὧν
620 5032 714 5085 τοῦ
745 5032 878 5083 Θεοῦ
907 5028 1189 5086 λεπτύνειν
1214 5028 1399 5096 uiride.
1440 5028 1626 5087 Anima
1647 5028 1863 5103 peccans
1888 5028 2085 5091 incrus-

510 5113 698 5177 satur;
738 5104 895 5153 uirtus
923 5120 1036 5155 vero
1059 5106 1301 5177 subtilem
1329 5105 1496 5177 reddit
1528 5116 1574 5158 et
1619 5106 1789 5177 abolet
1831 5108 2085 5177 quidquid

512 5173 565 5223 itt
594 5174 774 5224 anima
805 5182 877 5242 est
905 5188 1229 5239 corporeum.
1266 5173 1409 5241 Opus
1436 5176 1594 5242 igitur
1620 5175 1714 5228 Dei
1759 5173 1851 5229 est
1872 5173 2080 5232 animas

514 5250 809 5314 attenuare.
844 5241 1048 5314 Catena
1085 5242 1305 5297 llarhari
1341 5261 1354 5298 :
1396 5241 1625 5299 Peccans
1674 5248 1850 5300 anima
1895 5248 2082 5314 impin-

512 5321 723 5378 guatur.
755 5310 1073 5381 llujusmodi
1110 5314 1247 5365 enim
1293 5322 1370 5366 est
1406 5316 1603 5381 peccati
1633 5326 1822 5367 natura
1872 5334 1891 5372 :
1946 5310 2083 5371 unde

514 5384 763 5446 scriptum
792 5397 810 5435 :
844 5379 1236 5452 Itnpiuguatum
1268 5392 1349 5437 est
1384 5379 1477 5437 cor
1503 5386 1679 5453 populi
1700 5385 1879 5452 hujus.
1908 5385 2080 5439 Virtus

515 5462 915 5524 ceroea:_tenttat,
944 5463 988 5503 et
1014 5455 1265 5522 quidquid
1312 5456 1365 5505 in
1413 5454 1590 5507 anima
1626 5466 1701 5508 est
1752 5472 2079 5524 corporeum,

516 5520 568 5567 in
593 5522 810 5593 nihilum
839 5524 1045 5593 redigit,
1068 5532 1115 5575 et
1150 5520 1339 5589 puram
1376 5540 1489 5576 eam
1538 5536 1689 5593 atque
1725 5520 2081 5593 incorporeum

517 5590 807 5642 constituit.
846 5590 1215 5664 Impingttatur
1245 5596 1380 5647 enim
1408 5590 1614 5664 ,Aicaro'
1638 5590 1879 5664 efﬁcitur'
1906 5599 2085 5648 anima

516 5664 819 5739 peccatoris,
854 5662 1166 5739 qttodeceo
1202 5674 1337 5739 patet
1367 5681 1382 5716 :
1421 5662 1534 5739 _Nou
1586 5662 1924 5732 permanebit
1971 5666 2079 5739 spi-_

521 5735 656 5781 ritus
682 5742 837 5783 meus
864 5732 915 5783 in
942 5732 1251 5788 hominibus
1278 5734 1395 5788 istis
1420 5736 1471 5789 iu
1503 5744 1790 5802 :eteruum,
1826 5752 1890 5791 eo
1939 5732 2081 5805 quod

1959 4663 2003 4694 “
2040 4664 2199 4719 Prov.
2240 4681 2365 4727 xxv,
2418 4664 2502 4717 16.

1976 4736 2018 4765 ⁷²
2048 4734 2065 4786 l
2100 4736 2222 4792 Cur.
2260 4750 2332 4800 tv,
2360 4736 2449 4787 2|.

2194 4570 2355 4620 quam
2410 4562 2538 4607 sunt
2591 4552 2679 4606 illa
2733 4567 2852 4621 qua:
2892 4555 3026 4608 texit
3076 4568 3297 4617 aranea,
3336 4553 3469 4607 licet
3511 4552 3651 4605 varia
3682 4552 3736 4600 vi.

2618 4664 2659 4694 ⁸⁷
2688 4661 2731 4715 ll
2779 4661 2903 4718 Cor.
2949 4679 3007 4728 ιι,
3043 4664 3095 4717 7.
3205 4662 3254 4694 ⁸⁸
3306 4662 3507 4717 Matth.
3542 4681 3653 4729 sui,
3686 4665 3737 4715 ts.

2528 4735 2573 4766 ⁷³
2596 4731 2699 4787 lsa.
2726 4749 2836 4796 ιιι,
2866 4733 2918 4786 5.

2193 4843 2319 4882 caro
2347 4836 2490 4883 sunt.
2528 4826 2669 4893 Opus
2690 4841 2809 4895 ergo
2840 4825 2935 4878 Dei
2961 4836 3034 4878 est
3072 4826 3280 4880 anintas
3328 4838 3563 4882 mutare.
3620 4829 3737 4893 Qus!

2194 4899 2409 4968 mystice
2434 4900 2487 4950 in
2517 4896 2795 4968 Ezechiele
2830 4896 3222 4963 manifestatur,
3256 4898 3470 4968 quando
3519 4901 3574 4949 in
3618 4902 3740 4949 letum

2195 4967 2380 5021 carnes
2409 4967 2760 5035 projiciuntur
2786 4977 2833 5018 et
2872 4967 3177 5035 loquuntur,
3212 4978 3257 5019 et
3290 4967 3491 5017 dicitur
3538 4984 3559 5019 :
3601 4969 3741 5021 Coei:

2197 5055 2261 5090 ac
2304 5036 2609 5106 liquefactae
2655 5046 2786 5090 sunt
2822 5051 3017 5089 carnes
3065 5046 3118 5088 et
3157 5038 3246 5105 jus
3288 5035 3642 5103 liquefactum
3665 5052 3739 5089 est.

2198 5107 2247 5160 11
2254 5123 2327 5160 tec
2357 5123 2476 5160 vero
2498 5108 2755 5169 indicnnt,
2773 5107 2911 5172 quod
2935 5106 3121 5158 lebetes
3146 5111 3347 5158 accensi
3380 5124 3475 5157 nos
3494 5111 3741 5175 accipient.

2192 5189 2243 5229 ut
2272 5188 2521 5246 quatquot
2556 5177 2763 5228 animus
2797 5192 2955 5229 carne
2985 5176 3237 5229 obductas
3271 5178 3551 5243 habemus,
3584 5182 3633 5231 in
3665 5178 3742 5227 illa

2188 5249 2402 5315 projecti
2434 5260 2778 5300 macerentur.

2262 5319 2376 5386 (72)
2412 5316 2476 5386 Si
2499 5332 2616 5369 vero
2642 5317 2759 5383 quis
2790 5315 2857 5366 ad
2899 5316 3059 5378 illud,
3092 5328 3200 5370 etc.
3228 5315 3430 5370 Catena
3481 5316 3739 5372 Corderii;

2200 5385 2581 5449 ’Δπεικὰζεται
2613 5385 2843 5457 ἀράχνῃ,
2870 5388 2969 5457 ὅσα
3024 5386 3346 5457 ἁμαρτωλὸς
3400 5386 3636 5453 ὑφαίνει,
3680 5388 3743 5437 5:":

2190 5458 2251 5531 rb
2286 5457 2586 5531 €501}??th
2614 5456 2727 5531 ad];
2759 5456 2951 5531 λξπτᾲ,
2975 5456 3077 5531 κᾷν
3100 5457 3319 5531 ποικίλα.
3350 5458 3612 5531 τυγχάνῃ,
3634 5464 3743 5511 κατὰ

2192 5528 2252 5597 rb
2284 5531 2341 5580 ἐν
2392 5527 2586 5597 Ἠσαῖᾳ
2609 5530 2623 5545 ⁸
2668 5526 2856 5597 Ἰστὸν
2907 5527 3178 5594 ἀράχνης
3210 5526 3740 5597 ὺφαίγωνσι.“’Φηπὲιι

2190 5593 2280 5649 οὖν
2306 5598 2540 5665 ἐλέγχων
2563 5593 2663 5649 ’τὸν
2693 5593 3077 5667 παιδευόμενὸν
3096 5614 3109 5626 ⁸
3138 5593 3535 5667 Τὰςὴμάστιγας
3552 5593 3687 5667 sui:
3704 5616 3741 5650 ες

2194 5669 2284 5739 καὶ
2314 5668 2409 5739 τὴν
2443 5670 2601 5739 χεῖρά
2648 5685 2760 5729 σου,
2800 5668 2892 5739 καὶ
2948 5666 3045 5737 τὴν
3082 5667 3271 5739 τοῦτον
3301 5666 3741 5739 ψυχὴνμέξέτῄξλ,

2193 5736 2593 5811 λεπτυνομὲνὴν
2628 5740 2710 5791 ἐπ’
2748 5737 2983 5807 ὠφελείᾳ
3006 5736 3081 5808 ⁷τῇ
3119 5738 3344 5810 ἑαυτῆς.
3379 5736 3508 5790 KaO'
3540 5736 3599 5791 ὃν
3655 5741 3741 5806 γὰρ
