1948 3350
73 113 163 141 1409

562 110 714 137 SELECTA
731 110 764 137 IN
783 108 949 137 PSALMOS.
968 127 1001 131 —
1019 110 1116 137 PSAL.
1135 110 1254 137 XXXIX.

1651 113 1718 142 Ηἶῦ

71 174 213 199 cleantur
227 175 254 198 et
280 169 440 204 composita,
454 167 516 195 licet
534 169 669 203 exquisita
686 170 802 204 quadam
824 175 882 196 orte
898 172 918 199 Α
936 169 1005 202 apud
1018 174 1053 200 te.
1074 169 1159 196 incola
1177 174 1265 196 tamen
1281 175 1339 195 sunt
1362 173 1388 195 rt
1404 169 1561 204 peregrinus
1578 170 1647 204 apud
1669 175 1694 196 Ic
1711 178 1718 198 ι

71 218 212 252 digesta.
235 216 337 250 Quanta
359 219 503 241 texuerunt
519 214 556 241 illi
575 215 672 241 divites
687 215 733 249 qni
753 220 815 242 ante
835 223 883 242 nos

73 263 216 294 fuerunt,
229 261 274 295 qui
292 261 399 288 divitias
415 261 497 288 variis
515 260 618 287 artibus
637 265 663 287 et
683 261 786 288 callidis
808 261 882 287 adin-

73 307 269 335 ventionibns
282 307 492 342 congregabant,
504 308 549 342 qui
569 307 753 342 magistratus,
772 308 817 341 qui
834 307 884 334 ho-

75 352 251 386 storesﬁlui
265 351 422 378 consulatus
432 352 539 379 diversa
551 352 701 380 ambitione
714 353 882 387 quaerebant,

79 397 134 424 isti
148 404 249 424 ontnes
267 396 333 424 telas
346 404 452 424 aranete
465 401 621 424 texuerunt.
642 396 706 424 Tam
718 397 789 423 enim
805 405 883 430 vana,

80 448 146 469 tam
165 441 260 469 frivola
275 449 355 476 quam
370 447 412 469 est
434 449 540 469 aranea:
562 442 691 474 textrina,
705 442 813 469 luerunt
825 449 884 469 ont-

81 487 134 513 nia
148 494 214 521 qua:
229 487 369 521 gerebant,
386 490 413 513 et
425 490 566 520 propterea
582 486 722 513 labefacta:
736 491 798 512 suttt
812 487 882 513 sicut

82 538 204 558 araneas
226 532 323 558 animat
349 538 453 558 eorum.
475 531 657 558 Verumtamen
678 532 779 558 vanitas
799 532 883 558 cumis

83 576 185 603 Immo.
202 575 261 603 Jam
275 576 327 603 hoc
343 576 369 603 in
384 576 569 610 superioribus
584 576 800 610 explanavimus.

127 620 176 647 10.
197 619 302 647 Exaudi
321 621 466 647 orationem
481 628 577 651 meam.
593 620 671 652 Deus,
683 625 706 646 et
718 621 884 654 Idepreeatio-

84 673 153 692 nem
171 674 268 697 meant.
288 666 395 692 auribus
412 667 513 700 percipe
532 666 663 700 lacrymas
684 674 761 693 meas.
774 665 881 699 Oportet

86 710 196 737 iterum
213 716 239 737 et
254 718 315 737 cttm
329 710 457 745 lacrymis
465 710 562 738 oil'erre
575 711 725 737 orationem
737 710 799 742 Deo,
813 715 837 738 cl
851 719 882 737 ex

87 755 202 783 intintis
213 755 458 790 penetrabilibusin
473 763 579 789 precem
591 755 694 782 Domini
708 756 882 786 commoveri.

87 805 122 827 ut
141 808 223 827 mens
243 800 356 827 credens
373 800 406 827 de
418 800 521 834 judicio
539 799 641 832 futuro,
665 800 881 827 recordationem

934 215 996 248 quia
1015 220 1041 242 et
1061 223 1153 242 otttnes
1166 220 1256 248 patres
1272 214 1322 240 mei
1350 214 1444 241 incola:
1467 214 1576 241 fuerunt
1598 219 1625 242 et
1642 222 1719 249 perem

934 260 1003 294 grini
1022 261 1090 294 apud
1108 265 1153 287 te:
1170 265 1197 287 et
1218 261 1355 288 Abraham
1369 267 1528 294 peregrinus
1541 265 1583 288 est
1597 261 1666 294 apud
1682 266 1717 290 te.

934 305 996 339 quia
1015 312 1067 331 non
1083 310 1143 332 erat
1165 312 1281 340 semper,
1299 306 1345 332 sed
1362 310 1426 332 tunc
1440 312 1499 332 esse
1513 306 1595 340 coepit
1612 306 1718 340 quando

936 355 962 377 tu
982 350 1101 382 voluisti,
1118 355 1144 377 et
1158 351 1231 377 Isaac
1246 355 1272 378 et
1285 350 1368 378 Jncob
1388 358 1415 378 ct
1428 358 1521 377 omttes
1534 350 1610 384 justi.

970 395 1012 422 12.
1026 394 1136 421 Remitte
1148 395 1211 421 ntihi
1226 400 1253 421 ut
1263 395 1403 429 refrigercr
1415 395 1565 429 priusquam
1576 396 1679 427 abeam.
1693 399 1718 423 et

934 440 1045 473 amplius
1063 447 1113 466 non
1129 448 1184 472 ero,
1202 440 1327 474 quoniatn
1347 440 1433 467 incola
1448 447 1524 467 sum:
1541 441 1627 468 donec
1648 441 1717 474 apud

934 490 960 512 te
975 493 1045 516 sum,
1061 485 1152 511 tattdiu
1168 492 1242 517 sum;
1259 485 1281 512 si
1297 490 1387 512 autem
1401 492 1415 511 a
1439 490 1465 511 te
1486 485 1590 515 exiero,
1614 484 1717 519 perdidi

933 530 1014 557 etiam
1033 530 1084 557 ltoc
1104 530 1192 563 ipsum
1219 530 1289 565 quod
1308 537 1378 562 sum,
1394 534 1421 556 ct
1445 537 1495 556 ero
1519 535 1645 565 tanquam
1672 531 1717 564 qui

933 583 986 602 non
1000 583 1070 602 sum.
1081 575 1201 609 Denique
1214 580 1354 610 propterea
1369 576 1401 602 de
1410 575 1597 609 peccatoribus
1611 576 1716 602 dicit":

935 620 967 647 Et
982 626 1057 647 erunt
1075 624 1199 654 tanquam
1223 622 1268 654 qui
1295 629 1345 647 non
1371 625 1440 647 sunt.
1461 620 1493 646 Et
1514 621 1577 647 alibi
1594 621 1617 636 "
1637 630 1643 648 ε
1665 621 1718 653 Qui

934 667 1031 692 vacat-it
1042 674 1071 692 ea
1085 673 1143 697 qua:
1167 673 1217 692 non
1238 671 1309 694 sunt.
1331 665 1443 691 Remitte
1456 666 1521 692 mihi
1536 671 1563 692 ul
1581 666 1719 700 refrigerer

933 711 1085 745 priusquam
1103 711 1204 741 abeam,
1228 715 1251 737 et
1276 710 1388 744 amplius
1412 719 1463 737 non
1491 719 1545 738 ero.
1572 712 1716 738 Sciendum

935 761 1024 783 tamen
1041 761 1083 783 est
1097 756 1168 790 quod
1182 756 1207 783 in
1225 756 1301 783 nobis
1313 760 1364 788 est,
1382 757 1438 783 sive
1455 761 1481 782 ut
1499 757 1584 783 simus
1612 758 1669 784 sive
1689 761 1719 784 ut

936 810 987 829 non
1005 802 1099 829 sitntts.
1114 803 1202 829 Donec
1217 803 1298 829 etiam
1311 803 1482 830 atlhacremus
1498 803 1552 830 Deo
1565 807 1592 830 et
1605 804 1719 830 inhaere-

88 845 258 872 dclictorum
275 852 382 872 suorunt
405 852 457 872 n0tt
473 845 575 879 absque
598 845 725 879 lacrymis
738 849 765 870 et
783 844 882 871 lamett-
900 847 921 876 Β
937 855 996 874 mus
1009 847 1032 874 ei
1049 847 1095 881 qtti
1119 855 1182 874 vere
1202 852 1254 879 est,
1268 847 1350 875 etiam
1366 855 1415 875 nos
1429 856 1532 875 sumus.
1555 848 1603 875 Sin
1626 854 1717 876 autem

90 890 201 917 tatione
210 894 360 917 recenseat.
370 889 437 923 Quis
448 890 582 918 resolutus
592 890 618 917 in
628 890 761 924 lacrymas
770 889 836 916 dicit
849 890 881 916 ad

89 933 241 961 Dominum
263 933 286 947 ⁷³
305 941 311 958 ;
330 932 440 966 Eﬂ‘undo
462 933 489 958 in
512 938 647 966 conspectu
670 937 714 959 tuo
737 933 881 959 orationem

91 979 204 1006 meam?
226 978 337 1004 Auribus
354 986 414 1013 ergo
435 978 537 1012 percipe
559 978 689 1012 lacrymas
708 987 796 1011 meas,
812 983 834 1005 et
850 987 881 1005 ne

90 1025 185 1056 sileas,
203 1024 298 1059 inquit,
314 1032 331 1050 a
347 1032 396 1055 me,
411 1024 436 1050 id
450 1029 501 1055 est,
515 1032 558 1051 tne
571 1028 665 1051 orante
680 1031 713 1051 ne
728 1025 815 1052 sileas.
829 1025 882 1052 Sed

92 1071 181 1105 quid?
195 1071 289 1097 Adhuc
307 1070 433 1104 loquente
446 1077 488 1096 me
500 1070 552 1099 dic.
572 1069 641 1096 Ecce
655 1069 762 1096 adsunt.

130 1112 176 1140 Η.
198 1112 266 1145 Quia
285 1112 371 1140 incola
390 1121 436 1148 ego
452 1122 509 1141 sum
531 1115 602 1149 apud
618 1120 661 1148 te,
683 1120 707 1142 et
730 1123 881 1150 peregrinus

89 1157 162 1184 sicut
179 1166 268 1185 omnes
278 1164 364 1191 patres
377 1161 437 1186 met“.
450 1159 517 1192 Quia
532 1160 689 1195 peregrinus
700 1168 771 1193 sum,
784 1168 881 1187 neces-

88 1203 168 1229 sario
184 1204 265 1230 etiam
279 1209 306 1231 et
326 1204 413 1231 ittcola
430 1212 501 1237 sutn,
517 1213 568 1233 non
588 1207 660 1233 enim
675 1214 733 1233 sum
755 1206 827 1233 sicut
843 1211 881 1234 tu.

88 1248 134 1275 'l‘u
148 1249 222 1275 enim
235 1255 352 1276 aeternus
365 1256 394 1276 es
408 1250 490 1284 solus,
501 1255 528 1278 et
541 1259 590 1279 nos
604 1257 733 1286 quantum
746 1251 883 1279 invenitur

89 1293 232 1321 habemus
248 1294 364 1322 initium.
382 1294 437 1330 Ego
452 1300 540 1323 autem
558 1297 580 1324 si
596 1297 694 1331 dignus
706 1298 810 1325 elllciar
821 1305 883 1326 esse

370 1396 515 1423 ΨΛΛΜΟΣ
535 1396 596 1423 ΔΘ¹.

136 1440 275 1475 Ἆνήγαγέ
286 1449 324 1475 με
337 1441 372 1467 ἐκ
395 1442 510 1469 λάκκου
524 1443 736 1477 ταλαιπωρίας,
761 1452 787 1470 κ.
805 1452 830 1470 τ.
853 1443 877 1471 ἐ.

90 1486 203 1518 Λάκκος
218 1486 404 1523 ταλαιπωρίας
417 1487 471 1522 (75)
486 1488 567 1515 κακία
583 1489 630 1515 καὶ
644 1489 773 1522 ἀγνωσία.
791 1498 800 1514 ι
824 1489 878 1516 Καὶ

99 1532 215 1567 ἔστησεν
227 1533 272 1559 ἐπὶ
285 1533 387 1568 πέτραν
406 1534 468 1565 τοὺς
490 1534 574 1564 πόδας
595 1542 655 1568 μου.
672 1544 681 1560 s
708 1534 798 1569 Πέτρα
820 1534 877 1560 ἐστὶ

96 1575 188 1607 πίστις
202 1577 343 1611 Χριστοῦ.‹
357 1577 409 1602 Καὶ
419 1577 565 1603 κατεὺθυνε
580 1579 614 1603 τὰ
627 1577 781 1612 διαδήματα
792 1586 842 1612 μου
851 1586 874 1603 ⁸»

95 1620 140 1646 διὰ
151 1620 200 1654 τῆς
216 1621 368 1655 πρακτικῆς
385 1621 431 1646 καὶ
453 1621 506 1649 τῶν
519 1621 652 1656 ἀληθινῶν
675 1622 824 1656 δογμάτων.

133 1664 186 1690 Καὶ
203 1664 345 1691 ἐνέϐαλεν
355 1666 399 1697 είς
421 1665 457 1691 τὸ
469 1666 565 1700 στόμα
581 1675 639 1700 μου
659 1663 741 1700 ᾆσμα
763 1667 878 1699 καινὸν,

98 1716 125 1734 κ.
140 1716 164 1734 τ.
174 1709 196 1735 ὲ.
208 1709 285 1735 Μετὰ
293 1709 342 1744 τὴν
354 1709 488 1736 ἀπάθειαν
503 1710 557 1745 (74)
571 1711 669 1746 ᾄδομεν
685 1710 759 1748 ᾆσμα
775 1712 878 1744 καινὸν,

97 1754 330 1787 ἀνακαινισθέντος
345 1756 390 1782 τοῦ
405 1756 479 1783 οίκου
493 1756 583 1791 ἡμῶν.

134 1800 247 1825 Θυσίαν
260 1800 308 1826 καὶ
325 1800 499 1834 προσφορὰν
511 1801 566 1827 οὐκ
582 1801 750 1835 ἠθέλησας,
764 1810 790 1828 κ.
805 1810 830 1828 τ.
854 1802 877 1828 ὲ.

98 1843 213 1874 Τούτους
228 1844 290 1875 τοὺς
300 1844 421 1878 στοίχους
435 1844 490 1879 (75)
509 1845 541 1870 ὲκ
557 1844 701 1879 προσὼπηυ
722 1844 769 1871 τοῦ
787 1845 878 1879 Σωτῆ-

101 1895 144 1922 ρος
159 1888 282 1923 εἰρῆσθαι
299 1889 314 1924 ἡ
329 1889 396 1924 πρὸς
416 1888 556 1924 Ἐὸραίους
569 1890 651 1924 φησὶν
666 1888 819 1924 Ἐπιστολὴ,
832 1890 878 1916 καὶ

99 1931 201 1959 δίδωσιν
218 1933 343 1969 ἀφορμὴν
359 1933 418 1960 ὅλον
429 1934 474 1960 τὸν
490 1933 596 1968 ψαλμὸν
619 1934 657 1966 ὡς
678 1935 710 1961 ἐκ
732 1934 876 1970 προσώπου

100 1986 177 2003 αυτου
189 1986 231 2003 νοε
235 1986 268 2004 ιν.

139 2022 339 2057 Ὀλοκαύτωμα
354 2022 483 2056 καὶπερὶ
506 2022 650 2057 ἁμαρτίας
671 2024 727 2050 οὐκ
749 2023 875 2057 ᾔτησας,

101 2074 126 2093 κ.
143 2075 166 2093 τ.
184 2069 206 2094 ἐ.
224 2068 449 2103 ὀλοκαυτώματα
475 2068 590 2102 αἰσθητὰ
614 2068 645 2094 οὐ
664 2067 740 2103 ζητεῖ
769 2069 785 2094 ὁ
811 2067 876 2099 Θεὸς

101 2111 182 2146 (76)’«
192 2112 277 2139 Θυσία
288 2112 342 2147 γὰρ
361 2112 400 2146 τῷ
418 2110 478 2146 Θεῷ
493 2110 600 2146 πνεῦμα
613 2110 851 2146 συντετριμμένον.
861 2119 869 2135 ι

139 2153 185 2179 Ἐν
205 2154 342 2187 κεφαλίδι
371 2155 493 2187 ,βιϐλίου
515 2155 674 2189 γέγραπται
697 2156 763 2188 περὶ
789 2155 872 2189 ἐμοῦ,

101 2207 127 2224 κ.
140 2207 164 2224 τ.
181 2199 206 2225 ἑ.
228 2199 364 2233 Κεφαλίδα
382 2200 483 2234 βιϐλίου
497 2201 552 2235 (77)
577 2202 666 2227 πᾶσαν
684 2200 733 2236 τὴν
760 2201 873 2236 νομικὴν

100 2243 167 2277 λέγει
182 2244 307 2279 Γραφήν·
325 2246 410 2272 πᾶσαι
421 2246 475 2281 γὰρ
494 2247 533 2278 είς
549 2246 578 2273 ἓν
595 2246 801 2281 κεφαλαιοῦνται
824 2246 872 2282 τὴν

101 2291 244 2327 πρόρρησιν
259 2292 309 2326 τὴν
320 2293 382 2327 περὶ
400 2292 527 2327 Χριστοῦ.

135 2336 185 2362 Τοῦ
206 2335 327 2370 ποιῆσαι
350 2337 383 2363 τὸ
407 2336 520 2370 θέλημά
545 2344 612 2369 σου,
632 2346 659 2364 κ.
675 2346 700 2364 τ.
720 2339 742 2365 ὲ.
762 2338 873 2373 Θέλημα

100 2380 166 2414 λέγει
184 2381 239 2416 (-78)
251 2381 298 2408 τοῦ
323 2382 427 2417 Πατρὸς
441 2382 501 2408 καθ’
515 2382 529 2408 ὃ
543 2379 593 2417 ᾖρε
613 2383 662 2418 τὴν
674 2383 811 2418 ἁμαρτίαν
824 2383 871 2409 τοῦ

101 2427 204 2462 κόσμου.
223 2436 233 2452 ‹
250 2427 286 2453 Οὐ
303 2427 357 2462 γὰρ
369 2425 459 2463 ἦλθον,
486 2428 561 2462 φησὶ,
586 2428 696 2463 ποιῆσαι
719 2429 750 2455 τὸ
763 2429 870 2464 θέλημα

935 893 1145 920 abscesserimus
1157 893 1191 919 ah
1202 901 1234 920 co
1243 898 1270 920 et
1281 901 1332 920 non
1346 892 1538 921 adhmserimus
1551 893 1604 921 Deo
1614 898 1716 927 nostro,

935 938 1000 965 vitio
1024 938 1050 965 in
1073 939 1238 965 contrarium
1268 939 1426 967 decidimus.
1445 939 1502 967 Non
1519 947 1584 974 ergo
1602 947 1649 974 per
1667 940 1717 967 hoc

935 983 1122 1010 substantialis
1151 984 1248 1010 anima:
1266 984 1425 1019 designatur
1442 984 1578 1016 interitus,
1591 985 1637 1012 sed
1664 992 1716 1011 non

934 1036 994 1057 esse
1019 1029 1118 1056 dicitur
1137 1037 1198 1056 cum
1222 1029 1248 1056 in
1264 1037 1296 1057 eo
1313 1038 1364 1057 non
1388 1036 1528 1064 permanet
1542 1030 1588 1065 qui
1613 1038 1676 1057 vere
1690 1034 1718 1056 et

934 1081 1040 1108 semper
1056 1079 1108 1105 est,
1121 1082 1153 1102 ex
1175 1082 1228 1109 quo
1241 1075 1297 1110 ipse
1312 1082 1364 1104 est.
1377 1076 1522 1110 Propterea
1539 1083 1603 1110 ergo
1616 1080 1643 1103 et
1658 1083 1717 1103 ser-

935 1127 978 1146 mo
988 1127 1038 1146 nos
1049 1120 1221 1155 propheticus
1233 1120 1392 1147 adhortatur
1409 1121 1502 1147 dicens
1516 1121 1537 1136 "
1557 1127 1563 1145 :
1584 1120 1644 1146 Post
1663 1119 1716 1146 Da-

934 1165 1031 1191 minum
1048 1164 1131 1192 Deum
1147 1171 1265 1192 nostrum
1286 1167 1391 1197 ibimus,
1409 1170 1433 1193 et
1448 1166 1498 1200 ipsi
1513 1166 1716 1193 all/timebimus.

935 1210 986 1237 Scd
1006 1215 1032 1237 et
1046 1218 1095 1238 nos
1111 1211 1159 1245 ipsi
1175 1211 1298 1239 dicamus
1312 1221 1319 1240 :
1335 1212 1449 1239 Adhaesit
1466 1212 1554 1238 anima
1580 1219 1638 1238 mea
1659 1215 1716 1244 post

935 1259 968 1286 te,
989 1255 1015 1281 in
1041 1255 1150 1282 Christo
1164 1255 1226 1283 Jesu
1250 1257 1362 1284 Domino
1382 1262 1490 1289 nostro,
1509 1256 1551 1283 cui
1566 1260 1608 1283 est
1629 1256 1716 1283 honor

935 1303 963 1325 et
983 1299 1069 1333 gloria
1087 1299 1113 1326 in
1131 1300 1228 1327 saecula
1246 1301 1416 1328 saeculorum.
1433 1302 1526 1328 Amen.

1177 1398 1336 1426 PSALMUS
1355 1397 1475 1425 XXXIX.

967 1443 1049 1470 Vens.
1064 1443 1090 1470 3.
1114 1442 1213 1469 Eduxit
1234 1451 1273 1469 me
1287 1443 1319 1469 de
1338 1442 1396 1469 lacu
1415 1443 1538 1475 miserias,
1556 1447 1609 1469 etc.
1628 1442 1715 1470 Lucus

931 1487 1048 1514 miseriae
1064 1490 1106 1513 est
1119 1487 1222 1514 malitia
1235 1494 1262 1514 et
1272 1488 1436 1521 ignorantia.
1454 1496 1463 1512 ι
1481 1486 1514 1513 Et
1525 1487 1621 1514 statuit
1636 1494 1716 1520 super

930 1538 1033 1566 petram
1051 1532 1131 1566 pedes
1148 1539 1231 1558 meos.
1251 1541 1260 1558 ι
1290 1532 1367 1559 Petra
1385 1537 1426 1558 est
1442 1531 1508 1558 ﬁdes
1526 1531 1637 1559 Christi.
1656 1540 1666 1556 ι
1683 1531 1716 1559 Et

929 1575 1030 1601 direxit
1048 1581 1158 1609 gressus
1180 1582 1264 1607 meos,
1282 1584 1292 1601 ι
1315 1575 1421 1602 actibus
1436 1579 1462 1602 et
1484 1575 1555 1602 veris
1571 1576 1713 1610 dogmatis.

968 1663 1050 1689 Vsus.
1068 1662 1095 1688 4.
1106 1661 1139 1688 Et
1156 1662 1264 1688 immisit
1280 1662 1307 1688 in
1321 1670 1349 1688 os
1362 1670 1445 1688 meum
1462 1663 1590 1689 canticum
1610 1670 1713 1694 norum,

929 1712 981 1734 etc.
1007 1707 1154 1741 Postquam
1177 1707 1210 1733 ab
1226 1707 1300 1734 omni
1318 1706 1414 1734 aﬂectu
1431 1707 1509 1734 liberi
1530 1707 1594 1734 facti
1610 1715 1713 1740 sumus,

929 1752 1053 1779 canimus
1067 1752 1201 1778 canticum
1222 1759 1334 1783 novum,
1355 1756 1483 1778 renovata
1508 1751 1587 1778 domo
1609 1756 1711 1778 nostra.

964 1797 1044 1824 Vens.
1064 1797 1090 1823 7.
1112 1795 1276 1830 Sacriﬁcium
1298 1801 1322 1822 et
1344 1796 1500 1823 oblationem
1517 1796 1637 1829 noluisti,
1659 1801 1711 1824 etc.

929 1843 1015 1869 Hosce
1035 1841 1186 1868 versiculos
1205 1849 1236 1869 ex
1258 1849 1373 1876 persona
1389 1841 1539 1869 Salvatoris
1554 1842 1640 1869 dictos
1651 1849 1713 1869 esse

931 1886 1013 1913 tradit
1033 1885 1153 1920 Epistola
1171 1887 1204 1912 ad
1228 1885 1365 1918 Hebrazos,
1380 1891 1408 1912 et
1424 1885 1525 1920 praebet
1542 1886 1711 1913 occasionem

928 1936 1013 1958 totutn
1037 1931 1108 1957 hunc
1129 1931 1261 1965 psalmum
1281 1939 1313 1959 es
1334 1932 1455 1966 ejusdem
1479 1938 1593 1965 persona
1613 1931 1711 1959 intelli-

927 1976 1016 2012 get-di.

963 2021 1153 2049 llolacattstum
1169 2026 1194 2048 et
1217 2029 1264 2056 pro
1291 2027 1395 2056 peccato
1411 2029 1463 2048 non
1489 2021 1639 2055 postulasti,
1654 2027 1709 2049 etc.

926 2066 1090 2094 Holoceusta
1112 2066 1251 2094 sensibilia
1265 2075 1317 2094 non
1338 2067 1456 2101 postulat
1477 2067 1568 2099 Deus;
1588 2075 1597 2092 ι
1621 2067 1710 2094 Sacri-

925 2112 1015 2139 ﬁcium
1033 2112 1106 2140 enim
1120 2113 1174 2139 Deo
1189 2112 1301 2147 spiritus
1316 2112 1521 2140 contribulalus.
1538 2121 1548 2138 ι

959 2157 1040 2184 Vsus.
1056 2157 1083 2184 8.
1105 2156 1139 2184 In
1155 2158 1241 2191 capite
1255 2157 1315 2184 libri
1339 2158 1467 2192 scriptum
1478 2161 1516 2184 est
1535 2157 1568 2184 de
1582 2165 1633 2189 nte,
1651 2162 1707 2184 etc.

924 2202 1012 2238 Caput
1025 2204 1087 2230 libri
1101 2208 1180 2231 vocat
1192 2211 1300 2231 omnem
1319 2203 1489 2238 Scripturam
1505 2203 1628 2238 legalem.
1641 2202 1707 2230 0m-

924 2257 973 2276 ncs
986 2249 1057 2277 enitn
1077 2249 1226 2284 Scriptura!
1251 2250 1328 2285 quasi
1355 2250 1381 2276 in
1407 2249 1597 2283 compendium
1621 2250 1706 2284 quod.

924 2294 986 2321 dam
1002 2295 1127 2328 redigunt.
1142 2295 1344 2329 praedictionem
1356 2295 1388 2321 de
1401 2294 1520 2321 Christo.

960 2339 1037 2374 701
1061 2339 1141 2366 Vens.
1156 2339 1183 2367 9.
1201 2339 1235 2366 Ut
1252 2339 1363 2373 [acerem
1377 2338 1533 2365 voluntatem
1548 2342 1629 2368 tuam,
1649 2341 1702 2364 etc.

925 2383 1097 2411 Voluntutetn
1115 2383 1203 2411 Patris
1225 2383 1364 2416 intelligit,
1381 2383 1526 2410 secundum
1546 2389 1625 2415 quant
1643 2382 1702 2408 tulit

923 2433 1062 2463 peccatum
1079 2429 1182 2456 mundi.
1200 2437 1209 2454 ι
1226 2428 1283 2454 Non
1299 2429 1370 2454 enim
1382 2427 1455 2459 veni,
1467 2427 1555 2461 inquit
1568 2425 1601 2458 ",
1613 2425 1703 2452 facere

132 2483 153 2499 ⁷³
168 2483 237 2510 Psul.
254 2491 324 2516 cht,
336 2485 362 2511 5.
401 2485 423 2500 ⁷³
442 2485 510 2512 Abd.
528 2485 571 2512 16.
610 2486 633 2502 ⁷⁶
648 2486 725 2513 Rom.
743 2494 780 2518 tv,
795 2487 837 2514 17.
875 2489 876 2493 “

938 2487 979 2515 tal.
999 2488 1102 2520 tht,9.
1140 2487 1163 2503 "
1177 2486 1252 2514 Joan.
1272 2493 1298 2519 ν,
1310 2486 1355 2514 50.

101 2537 193 2572 ἐτρύφα
207 2538 311 2573 χρόνον,
323 2538 362 2575 είς
377 2539 512 2575 ἁμαρτίας
524 2539 674 2572 ὲξώλισθεν.
697 2540 866 2568 Assimilatur

100 2580 193 2598 aranea:
203 2577 308 2609 propter
328 2573 495 2607 fragilitatem
507 2576 633 2609 quidquid
649 2581 768 2608 peccator
791 2577 865 2606 (erit,

100 2608 252 2646 quantumuis
265 2613 349 2646 tenue,
364 2610 526 2642 quantumuis
541 2610 640 2646 varium
650 2610 768 2642 exsistat,
789 2610 865 2646 juxta

100 2641 159 2667 illud
173 2641 250 2678 Isaia:
264 2648 271 2667 :
288 2641 484 2678 Telas'arancm
499 2648 604 2669 texunt.
622 2641 764 2678 Increpans
785 2641 866 2678 igilur

100 2683 149 2711 eum
165 2676 206 2709 qui
219 2676 337 2711 docebat,
355 2677 391 2702 ait
406 2686 414 2703 :
432 2676 530 2711 Plagus
543 2683 566 2703 et
587 2676 778 2704 manum‘tuam
794 2676 862 2704 intu»

101 2709 156 2740 luti,
170 2710 334 2747 ettabescere
356 2713 440 2747 fecisti
460 2709 574 2738 animum
604 2712 671 2747 ejus,
695 2721 772 2747 quant
798 2717 866 2739 atte-

102 2746 219 2782 nuastirab
231 2746 369 2782 utilitatem
383 2746 438 2780 ejus
456 2747 598 2782 proprium.
615 2745 685 2773 Nam
698 2745 802 2782 uitanda
819 2748 864 2774 dc-

101 2778 158 2805 ltciis
175 2781 318 2813 fruebatur,
335 2781 360 2806 in
375 2778 508 2810 peccatum
520 2781 686 2816 impittyebut.

966 2542 1009 2575 75)
1019 2542 1136 2575 Λάκκος
1144 2541 1406 2575 ταλαιπωρίας-,θιὼ
1413 2540 1502 2568 Codex
1510 2539 1700 2568 Coislinianus.

965 2575 1008 2611 τι)
1024 2578 1103 2603 Μετὰ
1117 2577 1174 2611 τὴν
1184 2575 1344 2608 ἀπάθειαν,
1360 2581 1412 2603 etc.
1425 2577 1506 2602 Idem.

952 2609 1008 2647 (75)
1022 2609 1151 2644 Γούτουξ
1160 2611 1230 2643 τοὺς
1240 2611 1392 2645 στοίχους,
1399 2611 1560 2647 βιειίὶιι-ιειιξ
1568 2609 1699 2647 Corderii.

953 2645 1008 2681 (76)
1027 2646 1268 2679 Ὀλοκαυτώμιιτα
1285 2645 1412 2679 αἰσθητὰ
1429 2646 1465 2672 οὺ
1482 2645 1560 2678 ζητεῖ
1573 2646 1589 2671 ό
1617 2645 1699 2676 (sedc,

919 2686 972 2708 etc.
985 2681 1074 2707 Codex
1088 2681 1277 2709 Coisliuianus.
1298 2707 1304 2710 ,

953 2715 1008 2750 (77)
1024 2715 1176 2750 κεφαλίδα
1184 2715 1317 2746 βιϐλίου,
1340 2720 1394 2741 etc.
1408 2714 1509 2742 Catena
1525 2714 1661 2741 (Zorderii.

953 2715 996 2750 (77
1024 2715 1176 2748 Κεφαλίδα
1184 2715 1317 2746 βιϐλίου,
1340 2720 1394 2741 ctc.
1408 2715 1442 2741 Ca

951 2715 1008 2784 (78;
1021 2749 1139 2783 Θέλημα
1156 2749 1247 2784 λέγει,
1264 2755 1317 2777 etc.
1332 2750 1442 2777 Eadem.

13 3111 1509 3272 ’τ’-
