4120 6212
383 230 511 286 ιιλιι

1774 208 1865 263 Εἶ
1903 205 2201 264 ORIGENE

3481 196 3622 249 me

380 342 706 395 voluntatem
755 349 950 396 meam,
988 330 1087 387 sed
1128 330 1458 385 voluntatem
1505 326 1624 397 ejus
1663 324 1754 393 qui
1796 324 1971 383 misit,

2078 323 2100 374 δ
2142 320 2292 391 ἐμὸν,
2334 318 2470 372 ἀλλὰ
2504 317 2564 369 τὸ
2597 316 2805 385 θέλημα
2849 312 2942 366 τοῦ
2988 311 3297 382 πέμψαντός
3331 330 3418 381 με.
3463 330 3483 363 ι
3518 313 3628 365 Καὶ

381 447 486 484 tne.
527 449 545 481 ι
584 428 647 482 Et
679 442 799 480 cum
833 424 1037 491 positus
1069 420 1139 475 sit
1167 434 1263 489 pro
1289 427 1514 485 peccato
1546 416 1946 475 universorum,

383 518 539 588 quasi
585 518 697 585 jam
739 513 882 567 facta
915 509 1253 573 remissione,
1294 519 1398 558 non
1431 502 1691 572 opusjam
1724 510 1807 554 est
1836 512 1951 551 am-

382 605 519 673 plius
556 600 731 656 hostia
764 614 860 668 pro
893 608 1135 664 peccato.

453 691 618 744 Vsus.
654 687 743 741 10.
771 685 1092 739 Anuuntiavi
1114 680 1378 759 iustitiam
1407 681 1457 733 in
1479 676 1715 731 Ecclesia
1738 690 1949 743 magna,

397 791 503 836 etc.
544 782 733 849 Magna
790 777 1034 833 Eetrlesia
1082 786 1164 829 est
1197 788 1316 842 quae
1357 771 1568 840 magnis
1609 777 1663 821 et
1699 766 1953 835 perfectis

389 875 525 928 viris
546 880 778 935 constat,
814 872 865 925 in
897 885 1002 937 qua
1027 865 1366 921 annuntiavit
1388 862 1649 930 iustitiam
1677 872 1772 926 per
1797 856 1953 909 fidem

385 963 535 1018 Jesu.
565 962 1026 1032 Cognovitautem
1066 958 1205 1009 hanc
1249 956 1419 1023 ipsius
1455 965 1596 1012 esse,
1637 959 1822 1016 utpote
1856 946 1948 1014 qui

397 1052 645 1122 probarit
732 1064 874 1113 eam,
905 1056 957 1099 et
989 1045 1307 1097 familiarem
1350 1038 1454 1094 sibi
1503 1038 1733 1099 fecerit,
1793 1042 1955 1101 atque

397 1144 764 1196 indesinenter
800 1137 942 1189 illam
975 1134 1368 1188 annuntiarim.
1401 1129 1544 1182 Dixit
1572 1138 1751 1178 autem
1774 1139 1785 1173 :
1811 1142 1826 1175 t
1852 1122 1958 1176 La-

393 1234 479 1286 bia
510 1246 626 1284 mea
653 1244 755 1281 non
781 1227 1096 1294 prohibebo.
1120 1242 1137 1274 ι
1166 1222 1349 1289 Neque
1370 1216 1511 1270 enim
1536 1214 1621 1267 illa
1651 1212 1952 1282 prohibuit:

390 1325 483 1377 sed
522 1334 734 1375 rursum
766 1318 1007 1385 loquitur
1046 1329 1143 1381 per
1168 1309 1527 1378 evangelistas
1554 1315 1607 1358 et
1630 1318 1723 1357 eos
1746 1304 1834 1370 qui
1863 1317 1958 1371 pro

392 1425 631 1480 tempore
673 1416 801 1462 sunt
834 1408 1110 1467 doctores,
1148 1416 1285 1471 quos
1311 1399 1474 1451 etiam
1520 1395 1713 1463 aliquis
1750 1392 1957 1447 Christi

392 1505 529 1558 labia
556 1517 751 1557 vocare
781 1498 975 1569 possit.
998 1496 1168 1550 Porro
1199 1494 1264 1546 de
1284 1488 1489 1557 justitia
1521 1486 1660 1552 ejus,
1702 1492 1957 1553 tanquam

392 1611 511 1663 qua:
563 1592 908 1662 przestautior
946 1588 1017 1641 sit
1072 1584 1272 1654 legali,
1329 1578 1642 1633 allirmando
1689 1577 1826 1630 dixit
1856 1576 1901 1605 ⁷⁸
1941 1590 1955 1625 :

2055 413 2226 474 τεθεὶς
2256 411 2392 479 ὑπὲρ
2418 409 2515 477 τῆς
2545 409 2798 460 ἁπάντων
2829 405 3119 474 ἁμαρτίας,
3151 403 3227 465 ὡς
3258 403 3344 466 ἂν,
3382 404 3629 470 ἀφέσεως

2055 502 2370 572 γενομένης,
2404 500 2600 571 μηκέτι
2634 497 2791 568 χρεία
2920 494 3019 563 τῆς
3077 494 3205 564 περὶ
3235 494 3511 563 ἁμαρτίας
3538 494 3632 547 θυ-

2060 595 2200 656 σίας.

2128 681 2624 753 Εὑηγγελισάμην
2653 678 3045 744 δικαιοσύνην
3070 676 3141 729 ἐν
3182 678 3511 745 Ἐκκλησία
3526 694 3633 746 με·

2061 774 2240 845 γάλῃ,
2271 793 2319 827 κ.
2347 793 2399 827 τ.
2432 776 2478 826 ὲ.
2511 770 2738 838 Μεγάλη
2767 768 3056 839 Ἐκκλησία
3086 767 3195 837 (79)
3224 769 3257 835 ὴ
3290 770 3355 819 ὲκ
3383 767 3632 837 μεγάλων

2064 868 2156 919 καὶ
2186 865 2403 919 τελείων
2447 860 2928 932 συμπληρουμένη,
2970 861 3029 910 ὲν
3061 854 3094 932 ᾖ
3129 858 3509 927 εὐηγγελίζετο
3555 858 3634 909 δι-

2064 953 2353 1023 καιοσύνην
2382 951 2478 1021 τὴν
2509 950 2597 1002 διὰ
2628 950 2860 1011 πίστεως
2911 946 3104 1016 Ἰησοῦ.
3138 947 3316 1012 Ἔγνω
3340 946 3396 998 δὲ
3431 946 3633 1017 ταύτην

2064 1044 2249 1107 αὑτοῦ,
2286 1043 2358 1105 ὡς
2391 1040 2787 1110 ἀποδεξάμενος
2834 1038 2926 1091 καὶ
2968 1035 3332 1106 οἰκειούμενος
3376 1037 3451 1099 ὡς
3487 1037 3635 1089 ἀδια-

2068 1134 2275 1195 στάτως
2304 1132 2362 1184 δὲ
2396 1129 2770 1197 ἀπαγγέλλων.
2808 1128 2950 1195 Ἔφη
2982 1126 3056 1178 δέ’
3095 1143 3113 1176 ι
3150 1126 3233 1177 Τὰ
3268 1126 3416 1195 χείλη
3448 1144 3548 1195 μου
3572 1128 3637 1179 οὐ

2070 1223 2142 1293 μὴ
2166 1221 2411 1274 κωλύσω.
2449 1238 2466 1270 ι
2506 1218 2639 1271 Οὐδὲ
2670 1216 2777 1287 γὰρ
2797 1215 3091 1269 κεκώλυκε·
3119 1214 3271 1268 λαλεῖ
3299 1215 3357 1266 δὲ
3382 1214 3541 1286 δεῦρο
3570 1216 3636 1267 δι’

2067 1310 2464 1379 εὐαγγελιστῶν
2490 1308 2583 1361 καὶ
2610 1308 2715 1360 τῶν
2741 1307 2878 1359 κατὰ
2908 1306 3131 1376 καιροὺς
3159 1304 3512 1368 διδασκάλων,
3541 1306 3639 1367 οὓς

2070 1402 2133 1454 ἄν
2159 1418 2241 1463 τις
2280 1401 2372 1453 καὶ
2410 1396 2645 1469 Χριστοῦ
2678 1395 2824 1465 χείλη
2864 1394 3131 1447 καλέσειε.
3164 1394 3300 1464 Περὶ
3326 1394 3383 1446 δὲ
3409 1395 3505 1463 τῆς
3555 1394 3637 1446 δι-

2068 1492 2358 1560 καιοσύνης
2388 1489 2571 1553 αὑτοῦ,
2614 1488 2689 1549 ὼς
2725 1484 3028 1557 κρείττονος
3059 1484 3222 1553 οὔσης
3249 1484 3348 1553 τῆς
3385 1485 3634 1553 νομικῆς,

2070 1580 2393 1652 παρεγγυῶν
2422 1580 2622 1647 ἔλεγεν*
2663 1595 2683 1629 ι
2727 1575 2852 1629 Ἐὰν
2894 1576 2966 1645 μὴ
3009 1574 3341 1647 περισσεύσῃ
3366 1577 3399 1643 ἡ
3432 1574 3637 1627 δικαίου

396 1700 415 1734 r
448 1682 558 1735 Nisi
585 1676 942 1734 abundaverit
967 1674 1178 1743 justitia
1213 1678 1388 1724 vestra
1414 1667 1700 1738 plusquam
1738 1665 1956 1720 Scriba-

2078 1673 2199 1741 τύνη
2251 1671 2405 1741 ὑμῶν
2436 1670 2594 1723 πλέον
2644 1668 2754 1720 τῶν
2792 1666 3163 1737 γραμματέων
3201 1665 3433 1719 καὶτῶν
3474 1668 3639 1736 Φαρι-

394 1790 513 1827 rum
540 1782 595 1826 et
627 1770 1050 1824 Pharisaeorum.
1092 1783 1111 1817 ι

466 1864 630 1917 Vsus.
666 1863 749 1915 15.
799 1855 1313 1927 Comprehenderunt
1361 1866 1439 1903 me
1470 1846 1773 1917 iniquitates
1810 1860 1961 1909 meae,

395 1964 444 2007 et
493 1969 595 2005 non
641 1949 789 2017 potui
844 1957 897 1999 ut
950 1945 1213 2005 viderem,
1254 1948 1358 1994 etc.
1414 1936 1669 1991 Memoria
1720 1943 1965 1988 veterum

399 2049 643 2117 lapsuum
689 2043 825 2099 solet
866 2043 1153 2094 obscurare
1190 2035 1341 2090 nobis
1374 2042 1631 2087 mentem.
1665 2045 1683 2079 ι
1717 2026 1966 2096 Multipli-

398 2151 532 2194 catze
562 2148 688 2194 sunt
716 2149 879 2203 super
902 2131 1121 2201 capillos
1158 2127 1353 2197 capitis
1377 2123 1503 2178 mei.
1534 2139 1552 2172 ι
1586 2119 1698 2174 lloc
1714 2125 1821 2181 est,
1847 2132 1967 2186 quae

400 2233 603 2285 circum
644 2242 741 2281 nos
774 2232 901 2279 sunt
933 2219 1268 2276 insensibilia
1301 2216 1463 2278 mala,
1506 2211 1966 2278 multiplicantur;

400 2324 598 2393 quibus
632 2313 1037 2383 multiplicatis,
1075 2320 1225 2365 recto
1275 2321 1436 2361 sensu
1493 2301 1769 2363 destituti,
1806 2297 1968 2352 corde

401 2412 722 2465 defecimus.
760 2402 886 2458 Haec
914 2412 1092 2456 autem
1132 2400 1318 2452 dicens
1356 2402 1509 2463 rogat
1538 2407 1635 2461 per
1663 2389 1969 2443 misericor-

404 2503 549 2556 tliam
588 2495 924 2560 conservari,
959 2493 1201 2561 priorum
1227 2487 1488 2541 malorum
1519 2481 1851 2537 mentionem
1884 2478 1968 2530 fa-

404 2595 574 2654 ciens,
606 2605 672 2642 ne
716 2589 768 2641 in
800 2602 862 2639 ea
893 2598 1105 2637 rursum
1156 2578 1379 2632 incidat.
1412 2572 1737 2628 Recordatio
1783 2578 1966 2623 autem

406 2682 521 2747 ejus
550 2693 668 2746 quae
717 2679 770 2729 in
820 2674 1011 2726 melius
1046 2672 1189 2723 facta
1233 2675 1338 2731 est,
1396 2662 1732 2724 mutationis,
1785 2669 1970 2727 gratos

406 2771 567 2827 cilicii
587 2783 649 2820 ac
680 2766 920 2819 devotos.

486 2861 648 2912 Vsus.
676 2854 764 2909 15.
811 2851 1218 2918 Confundantur
1251 2854 1298 2898 et
1328 2848 1666 2895 revereantur
1688 2836 1843 2890 simul
1879 2838 1969 2905 qui

413 2957 654 3021 qua‘runt
689 2947 922 2999 animum
952 2955 1140 2999 meam,
1175 2946 1229 2989 ut
1254 2933 1498 3001 auferant
1531 2945 1648 2983 eam
1678 2968 1692 2993 ,
1717 2935 1825 2981 etc.
1851 2927 1969 2980 Non

410 3016 705 3092 secundum
735 3029 1087 3086 substantiam
1113 3023 1384 3086 auferunt,
1417 3022 1508 3075 sed
1532 3033 1627 3090 per
1652 3016 1909 3072 malitiam
1942 3032 1971 3068 a

412 3128 612 3182 virtute
633 3134 688 3179 et
722 3119 946 3177 scientia
984 3131 1100 3171 eam
1129 3114 1404 3167 auferunt.

488 3320 649 3375 Vsus.
679 3317 767 3373 16.
805 3313 916 3384 Ego
940 3321 1114 3366 autem
1140 3309 1408 3364 mendicus
1435 3323 1576 3371 sum,
1603 3315 1711 3361 etc.
1744 3306 1878 3360 Cum
1910 3306 1979 3358 ad

414 3415 675 3470 honorum
718 3404 1176 3475 comparationem
1221 3400 1468 3454 infirmus
1510 3405 1693 3459 esset,
1765 3397 1970 3451 mendi-

414 3521 536 3559 cum
578 3511 634 3555 et
679 3512 963 3568 pauperem
992 3508 1051 3550 se
1079 3493 1386 3555 confitetur,
1419 3500 1472 3543 et
1514 3488 1624 3544 Deo
1660 3488 1745 3543 sui
1792 3503 1976 3543 curam

416 3595 724 3654 committit,
764 3589 1052 3659 projieiens
1083 3583 1502 3641 sollicitudinem
1532 3594 1682 3637 suam
1710 3581 1765 3639 in
1798 3579 1978 3637 Domi-

420 3700 548 3742 num
574 3694 827 3752 tanquam
857 3679 910 3735 in
939 3676 1292 3749 provisorem.

968 3856 1286 3914 PSALMUS
1325 3854 1443 3909 XL.

493 3955 655 4010 Vens.
687 3953 741 4007 2.
771 3951 964 4005 Beatus
992 3950 1080 4016 qui
1105 3948 1345 4014 intelligit
1372 3961 1526 4011 super
1549 3960 1764 4013 egenum
1788 3955 1834 3999 et
1859 3962 1991 4013 pau-

422 4064 617 4119 perem,
656 4056 760 4100 etc.
790 4042 927 4109 Quid
949 4051 1053 4102 est,
1083 4059 1103 4094 ι
1131 4039 1230 4108 qui
1250 4036 1541 4105 intelligit?
1572 4055 1591 4087 ι
1639 4034 1739 4102 Qui
1768 4038 1986 4106 cogitat.

423 4141 563 4208 Quid
609 4150 688 4193 est
718 4155 736 4189 ι
775 4133 1014 4205 pauper?
1045 4151 1064 4184 ι
1098 4130 1202 4196 Qui
1228 4128 1580 4184 atllictionom
1610 4141 1762 4183 suam
1813 4128 1991 4195 porci-

425 4234 525 4300 pit.
560 4230 690 4283 Nam
714 4230 803 4295 qui
832 4224 1175 4279 atllictionem
1200 4234 1351 4274 suam
1382 4216 1656 4285 intelligit,
1683 4217 1906 4272 omnino
1929 4228 1983 4271 et

2078 1763 2265 1816 σαίων.
2298 1781 2316 1815 ι

2133 1851 2473 1906 Κατέλαϐόν
2494 1867 2570 1919 με
2608 1849 2843 1917 ἀνομίαι
2871 1865 3011 1915 μου,
3044 1848 3142 1901 καὶ
3183 1848 3295 1901 οὐκ
3323 1847 3641 1915 ἠδυνήθην

2067 1942 2172 1995 τοῦ
2188 1942 2464 2005 βλέπειν,
2496 1957 2549 1993 κ.
2592 1956 2641 1991 τ.
2685 1939 2731 1990 ὲ.
2789 1937 2855 1989 Ἠ
2896 1938 3082 2008 μνήμη
3111 1935 3220 1989 τῶν
3251 1936 3493 1989 παλαιῶν
3526 1936 3639 2005 (80)

2068 2033 2419 2101 πταισμάτων
2468 2031 2707 2097 πέφυκεν
2757 2028 3062 2079 ἐπισκοτεῖν
3109 2029 3239 2096 ἡμῖν
3290 2029 3355 2095 τῇ
3409 2026 3640 2096 διανοίᾳ.

2074 2141 2093 2174 ι
2136 2121 2575 2190 Ἐπληθύνθησαν
2599 2120 2738 2187 ὑπὲρ
2754 2118 2853 2180 τὰς
2873 2117 3066 2187 τρίχας
3083 2116 3183 2185 τῆς
3205 2116 3448 2184 κεφαλῆς
3468 2132 3592 2186 μου.
3616 2134 3634 2166 ι

2070 2213 2346 2275 Τουτέστι,
2368 2211 2435 2263 τὰ
2463 2211 2592 2281 περὶ
2621 2211 2766 2279 ἡμᾶς
2787 2207 3086 2276 ἀναίσθητα
3118 2205 3445 2276 πληθύνεται
3471 2206 3638 2269 κακὰ,

2069 2299 2149 2361 ὧν
2173 2302 2378 2356 πολλῶν
2404 2302 2804 2372 γεγενημένων,
2837 2299 3183 2366 στερούμενοι
3207 2296 3299 2348 τοῦ
3333 2294 3507 2367 ὀρθῶς
3528 2295 3645 2347 δια-

2070 2396 2302 2450 νοεῖσθαι
2322 2394 2429 2449 ἀπὸ
2454 2395 2553 2464 τῆς
2576 2393 2800 2463 καρδίας
2832 2388 3220 2458 ἐγκατελείφθη
3230 2406 3347 2457 μεν.
3389 2385 3643 2439 ’ἱκετεύει

2069 2487 2125 2539 δὲ
2148 2488 2177 2540 6
2210 2487 2381 2554 λέγων
2418 2486 2552 2554 ἐλέῳ
2595 2481 2951 2552 φυλαχθῆναι,
2978 2479 3085 2532 τῶν
3124 2476 3405 2548 προτέρων
3438 2492 3646 2545 μεμνηο

2075 2580 2231 2649 μένος
2259 2578 2441 2632 κακῶν
2470 2578 2605 2647 πρὸς
2619 2575 2679 2628 τὸ
2709 2573 2781 2643 μὴ
2801 2570 2954 2634 αὖθις
2974 2574 3286 2642 περιπεσεῖν
3311 2571 3419 2630 τοῖς
3440 2568 3645 2628 αὐτοῖς.

2071 2672 2228 2741 Καὶή
2263 2671 2564 2741 ἀνάμνησις
2593 2669 2649 2720 δὲ
2685 2668 2784 2736 τῆς
2811 2667 2902 2718 ἐπὶ
2930 2664 2997 2716 τὰ
3025 2662 3304 2734 κρείττονα
3341 2657 3643 2728 μεταϐολῆς

2072 2760 2422 2830 εὐχαρίστους
2448 2757 2733 2829 ἐργάζεται
2758 2756 2851 2808 καὶ
2881 2752 3287 2825 προσεκτικούς.

2140 2848 2739 2916 Καταισχυννθείησαν
2787 2845 2883 2897 καί
2932 2842 3374 2912 ἐντραπείησαν
3422 2837 3541 2905 ἅμα
3588 2838 3645 2890 οἱ

2074 2937 2385 3007 ζητοῦντες
2421 2939 2533 3005 τὴν
2585 2936 2795 3005 ψυχήν
2837 2953 2977 3005 μου,
3028 2932 3132 2985 τοῦ
3162 2929 3367 2999 ἐξᾶραι
3431 2928 3646 2995 αὐτὴν,

2084 3044 2209 3081 κ.τ.
2242 3027 2285 3077 ὲ.
2340 3026 2413 3077 Ού
2442 3025 2561 3077 κατ’
2613 3024 2797 3076 οὐσίαν
2848 3023 2959 3093 (81)
3007 3022 3333 3090 ἐξαίρουσιν,
3388 3017 3521 3070 ἀλλὰ
3560 3016 3652 3069 διὰ

2082 3118 2182 3186 τῆς
2210 3117 2405 3179 κακίας
2436 3116 2541 3170 ἀπὸ
2575 3117 2670 3186 τῆς
2710 3116 2905 3186 ἀρετῆς
2944 3114 3037 3167 καὶ
3070 3112 3170 3181 τῆς
3204 3110 3454 3179 γνώσεως
3481 3108 3651 3177 αὐτὴν

2084 3208 2410 3280 ἐξαίρουσιν.

2169 3300 2309 3369 Ἐγὼ
2331 3300 2397 3353 δὲ
2417 3299 2648 3367 πτωχός
2680 3299 2813 3367 εἰμι,
2844 3314 2899 3352 κ.
2932 3313 2982 3348 τ.
3019 3296 3063 3347 ὲ.
3099 3292 3241 3363 Πρὸς
3266 3292 3362 3363 τὴν
3384 3290 3491 3343 τῶν
3518 3290 3652 3357 ἀγα-

2086 3392 2193 3446 θῶν
2219 3390 2329 3461 (82)
2364 3390 2555 3460 κτῆσιν
2584 3388 2843 3451 ἀσθενῶν,
2878 3385 3089 3455 πτωχὸν
3120 3385 3213 3437 καὶ
3238 3383 3443 3451 πένητα
3463 3379 3652 3435 ἑαυτὸν

2084 3481 2352 3551 ὁμολογεῖ,
2382 3479 2473 3532 καὶ
2502 3478 2577 3547 τῷ
2604 3476 2720 3547 Θεῷ
2756 3477 2853 3547 τὴν
2882 3476 3010 3545 περὶ
3047 3474 3211 3527 αὐτοῦ
3242 3471 3496 3544 φροντίδα
3525 3472 3654 3524 ἁναο

2086 3573 2317 3644 τίθησιν,
2356 3570 2692 3643 ὲπιρρίπτων
2733 3567 2829 3640 τὴν
2874 3566 3142 3637 μέριμναν
3187 3564 3278 3619 ἐπὶ
3306 3562 3528 3634 Κύριον,
3576 3560 3652 3623 ὡς

2086 3668 2178 3720 ἐπὶ
2209 3666 2336 3736 κηδε
2344 3665 2499 3734 μόνα.

2674 3841 2965 3895 ΨΑΑΜΟΣ
2988 3840 3075 3892 Μ’.

2157 3940 2454 4008 Μακάριος
2497 3940 2529 3989 ὀ
2578 3933 2804 3988 συνιὼν
2848 3930 2945 3983 ἐπὶ
2999 3925 3236 3994 πτωχὸν
3266 3924 3364 3978 καὶ
3405 3923 3655 3990 πένητα,

2086 4053 2138 4089 κ.
2167 4052 2217 4086 τ.
2248 4034 2293 4084 ὲ.
2328 4030 2392 4084 Τί
2417 4031 2561 4082 ἐστιν
2594 4044 2613 4078 ι
2646 4027 2674 4077 6
2704 4020 2895 4077 συνιών
2930 4020 3074 4089 (83);
3120 4037 3136 4070 ι
3176 4018 3235 4069 ὐ
3262 4015 3416 4070 νοῶν.
3446 4014 3509 4068 Τί
3538 4016 3653 4065 ἐστι

2092 4143 2111 4176 ι
2152 4124 2352 4191 πένης;
2396 4139 2413 4169 ι
2458 4119 2515 4171 Ὀ
2547 4117 2643 4187 τὴν
2677 4113 2852 4182 θλίψιν
2895 4108 3057 4163 αὑτοῦ
3093 4107 3541 4177 καταλαμϐάνων.
3598 4103 3655 4154 ’0

2086 4214 2194 4285 γὰρ
2230 4210 2413 4283 μαθὼν
2439 4206 2601 4264 αὑτοῦ
2634 4206 2730 4276 τὴν
2754 4202 2929 4271 θλίψιν
2966 4200 3180 4260 πάντως
3212 4198 3303 4251 καὶ
3333 4195 3530 4260 εὐθέως
3558 4193 3655 4247 αύ-

427 4286 607 4377 statim
655 4286 826 4388 ips-ius
868 4312 1232 4369 miserebitur.
1281 4310 1466 4365 Potest
1512 4308 1558 4365 is
1588 4308 1682 4377 qui
1736 4307 1971 4379 intelligil

2087 4309 2177 4360 τὸν
2223 4306 2453 4375 ἐλεήσει.
2486 4300 2717 4355 Δύναται
2765 4299 2793 4349 6
2847 4294 3045 4357 συνιεὶς
3082 4289 3294 4360 πτωχὸν
3324 4288 3506 4355 λόγου,
3564 4286 3658 4338 καὶ

428 4427 657 4482 egenum
686 4408 930 4467 rationis,
964 4415 1019 4459 et
1038 4403 1196 4473 702
1225 4400 1502 4470 sapientiae
1533 4414 1597 4454 ac
1626 4399 1772 4463 boni,
1800 4400 1990 4455 beatus

429 4509 561 4571 dici,
587 4508 711 4563 dum
734 4504 884 4572 juvat
907 4503 1081 4565 illum,
1108 4500 1220 4555 sive
1246 4496 1607 4554 communiter
1630 4507 1880 4563 egenum,
1908 4490 1990 4544 vel

432 4613 555 4652 cum
580 4597 668 4666 qui
708 4597 896 4648 beatus
923 4590 1270 4661 praedicatur.
1303 4604 1323 4638 ι
1365 4585 1420 4639 ln
1454 4585 1541 4639 die
1571 4584 1711 4639 mala
1740 4581 1991 4637 liberabit

433 4705 557 4745 eum
584 4685 876 4748 Dominus;
915 4702 933 4735 ι
964 4680 1118 4751 quasi
1157 4694 1264 4733 una
1301 4678 1416 4731 dies
1457 4675 1593 4729 mala
1631 4675 1700 4729 sit
1731 4681 1841 4726 tota
1887 4686 1992 4725 ste-

435 4781 541 4834 culi
579 4776 881 4848 praesentis,
912 4773 994 4827 vel
1024 4768 1243 4838 iudicii.
1274 4768 1369 4821 Est
1406 4765 1549 4820 enim
1597 4763 1713 4817 hmo
1760 4761 1994 4816 tenebras

435 4868 810 4940 peccatoribus
833 4875 886 4921 et
916 4881 1021 4922 non
1058 4865 1171 4927 lux,
1199 4864 1349 4930 juxta
1378 4856 1718 4927 prophetam.
1762 4852 1827 4907 Et
1854 4851 1995 4919 Apo-

435 4960 606 5014 stolus
632 4959 709 5012 ait
734 4959 779 4989 ⁸⁸
809 4973 822 5009 :
862 4977 878 5008 ι
917 4956 1183 5023 Quoniam
1228 4953 1345 5009 dies
1376 4948 1500 5006 mali
1547 4956 1696 5002 sunt.
1734 4964 1753 4997 ι
1789 4944 1856 5001 Et
1891 4944 1992 4998 ite-

438 5069 553 5107 Illm
581 5054 622 5084 ⁸¹
655 5068 668 5104 :
706 5068 726 5101 ι
760 5050 830 5105 Ut
857 5051 1090 5118 eriperet
1123 5060 1219 5099 nos
1264 5045 1329 5098 de
1370 5040 1620 5113 praesenti
1673 5036 1866 5091 srcculo
1900 5049 1993 5088 ne-

436 5160 617 5214 quam.
651 5161 669 5193 ι
713 5142 967 5196 Ilortatur
993 5140 1156 5208 igitur
1179 5147 1237 5190 ut
1268 5135 1484 5205 benigni
1527 5133 1695 5188 simus
1721 5144 1845 5199 erga
1868 5139 1993 5196 ege-

507 5287 551 5317 τν
585 5282 770 5337 Matth.
803 5278 970 5344 v.20.
1048 5276 1093 5308 ιο
1126 5269 1525 5345 Ephes.v,16.
1599 5263 1997 5327 ⁸¹ϐει1³ι.1,ι.

508 5418 625 5487 (79)
645 5413 885 5487 Μεγάλῃ
926 5410 1267 5487 Ἐκκλησία.
1299 5419 1404 5487 etc.
1429 5402 1633 5487 Catena
1661 5396 1928 5487 ἥρωσι-ᾖς

741 5468 947 5553 binim
970 5482 1085 5537 τῶν
1111 5468 1401 5553 ἑταλάιῶγ.
1434 5486 1551 5553 εις..
1576 5470 1779 5523 Partim
1830 5468 1997 5520 codex

440 5539 823 5612 fiuisli'niaut'ts,
852 5539 1051 5617 partim
1101 5562 1288 5603 catena
1311 5539 1572 5617 got-deri).

510 5606 622 5699 (Si)
652 5624 733 5674 Οὐ
755 5606 877 5674 arcte"
905 5622 1142 5686 οὐσίαν,
1174 5628 1280 5673 ctc.
1305 5615 1479 5671 Codex"
1512 5606 1897 5669 Cotsliuiantts.

2093 4399 2302 4467 σοφίας,
2334 4396 2427 4448 καὶ
2459 4392 2552 4448 τοῦ
2587 4388 2749 4445 καλοῦ
2787 4384 3202 4457 μακαρίζεσθαι,
3232 4379 3455 4449 ὠφελῶν
3476 4377 3657 4439 αὐτὸν,

2093 4491 2208 4560 ἦτοι
2234 4488 2324 4540 τὸν
2359 4483 2548 4547 κοινῶς
2573 4481 2803 4549 πτωχὸν,
2828 4478 2860 4548 ἦ
2890 4477 2978 4528 τὸν
3016 4472 3467 4544 μακαριζόμενον.
3507 4488 3525 4518 ι
3572 4468 3661 4519 Ἑν

2094 4580 2277 4651 ἡμέρᾳ
2301 4578 2509 4647 πονηρᾷ
2528 4574 2745 4645 ῥύσεται
2781 4571 2940 4624 αὑτὸν
2960 4568 2987 4621 ὁ
3011 4565 3231 4635 Κύριος⁹
3257 4582 3275 4615 ι
3313 4563 3433 4631 ἦτοι
3460 4560 3533 4623 ὡς
3565 4559 3663 4628 μιᾷ

2308 4666 2442 4739 οὔσῃ
2470 4665 2680 4734 πονηρᾷ
2710 4661 2807 4733 ὅλῃ
2836 4663 2902 4730 τῇ
2944 4656 3036 4712 τοῦ
3060 4654 3349 4717 ἐνεστῶτος
3372 4652 3582 4713 αἰῶνος,
3628 4648 3661 4717 ἦ

2096 4740 2194 4831 τῆς
2213 4740 2475 4831 κρίσεως.
2498 4754 2652 4811 Ἔστι
2673 4753 2777 4828 γὰρ
2800 4751 2937 4820 αὕτη
2967 4747 3151 4811 σκότος
3167 4748 3279 4808 τοῖς
3298 4740 3661 4813 ἁμαρτωλοῖς,

2099 4830 2190 4907 καὶ
2220 4830 2280 4904 ού
2310 4848 2423 4918 φῶς
2464 4845 2605 4902 κατὰ
2642 4843 2732 4899 τὸν
2776 4841 3080 4917 προφήτην,
3124 4837 3235 4889 Καὶ
3274 4837 3302 4887 6
3348 4830 3668 4894 Ἀπὸστολός

2100 4958 2279 5012 φησιν’
2324 4958 2341 4990 ι
2390 4940 2510 4991 ’Ὁτι
2538 4937 2593 4989 al
2621 4935 2826 5006 ἡμέραι
2864 4927 3095 4998 πονηραί
3133 4927 3259 4978 εἰσι’
3307 4942 3324 4973 ι
3361 4922 3455 4974 καί
3481 4918 3660 4974 πάλινι

2104 5054 2121 5085 ι
2165 5036 2349 5094 Ὅπως
2376 5029 2620 5099 ἐξέληται
2649 5027 2793 5095 ἡμᾶς
2819 5026 2883 5076 ὲκ
2912 5020 3002 5074 τοῦ
3029 5018 3221 5078 αἰῶνος
3252 5013 3343 5066 τοῦ
3379 5010 3667 5071 ἐνεστῶτος

2099 5124 2353 5196 πονηροῦ.
2389 5142 2405 5173 ι
2461 5119 2722 5190 Παραινεῖ
2748 5110 2839 5167 οὖν
2899 5107 3308 5181 φιλανθρώπους
3359 5098 3497 5155 εἶναι
3533 5098 3669 5167 πρὸς

2135 5391 2288 5475 “(82)
2318 5388 2473 5457 Πρὸς
2502 5386 2619 5454 τὴν
2646 5386 2765 5437 τῶν
2792 5376 3050 5448 ἀγαθῶν,
3073 5384 3181 5429 etc.
3236 5370 3435 5425 Catena
3467 5362 3669 5418 Corde-

2105 5478 2191 5515 ΓΙΙ.

2176 5552 2287 5623 (83)
2315 5550 2376 5605 Τί
2411 5548 2579 5602 ἐστιν
2605 5550 2637 5602 ό
2664 5540 2909 5606 συνιών,
2937 5549 3043 5595 etc.
3064 5534 3267 5591 Catena
3300 5524 3561 5584 Corderii.
