  <div class='ocr_page' id='page_1' title='image "/cluster/home/n/w/nwhite01/storage/ocr_20150623/12/hvd.32044052796216/713.png"; bbox 0 0 4120 6212; ppageno 0'>
   <div class='ocr_carea' id='block_1_1' title="bbox 465 216 3708 284">
    <p class='ocr_par' dir='ltr' id='par_1_1' title="bbox 465 216 3708 284">
     <span class='ocr_line' id='line_1_1' title="bbox 465 216 3708 284; baseline 0.003 -15"><span class='ocrx_word' id='word_1_1' title='bbox 465 216 602 270; x_wconf 68' lang='lat' dir='ltr'><strong>HIS</strong></span> <span class='ocrx_word' id='word_1_2' title='bbox 1886 224 1974 278; x_wconf 82' lang='lat' dir='ltr'><strong>EX</strong></span> <span class='ocrx_word' id='word_1_3' title='bbox 2011 224 2309 279; x_wconf 80' lang='lat' dir='ltr'><strong>URIGENE</strong></span> <span class='ocrx_word' id='word_1_4' title='bbox 3574 233 3708 284; x_wconf 74' lang='lat' dir='ltr'><strong>Mlti</strong></span> 
     </span>
    </p>
   </div>
   <div class='ocr_carea' id='block_1_2' title="bbox 462 333 2011 417">
    <p class='ocr_par' dir='ltr' id='par_1_2' title="bbox 462 333 2011 407">
     <span class='ocr_line' id='line_1_2' title="bbox 462 333 2011 407; baseline 0.007 -23"><span class='ocrx_word' id='word_1_5' title='bbox 462 333 640 397; x_wconf 83' lang='lat' dir='ltr'><strong>holus,</strong></span> <span class='ocrx_word' id='word_1_6' title='bbox 676 333 766 403; x_wconf 87' lang='lat' dir='ltr'><strong>qui</strong></span> <span class='ocrx_word' id='word_1_7' title='bbox 816 346 1045 391; x_wconf 86' lang='lat' dir='ltr'><strong>mortem</strong></span> <span class='ocrx_word' id='word_1_8' title='bbox 1096 354 1189 407; x_wconf 88' lang='lat' dir='ltr'><strong>per</strong></span> <span class='ocrx_word' id='word_1_9' title='bbox 1219 348 1497 407; x_wconf 67' lang='lat' dir='ltr'><strong>peccatum</strong></span> <span class='ocrx_word' id='word_1_10' title='bbox 1533 340 1731 394; x_wconf 91' lang='lat' dir='ltr'><strong>intulit.</strong></span> <span class='ocrx_word' id='word_1_11' title='bbox 1768 340 1861 395; x_wconf 76' lang='lat' dir='ltr'><strong>Vel</strong></span> <span class='ocrx_word' id='word_1_12' title='bbox 1888 340 2011 395; x_wconf 67' lang='lat' dir='ltr'><strong>forte</strong></span> 
     </span>
    </p>
   </div>
   <div class='ocr_carea' id='block_1_3' title="bbox 2112 333 3719 417">
    <p class='ocr_par' dir='ltr' id='par_1_3' title="bbox 2131 339 3719 417">
     <span class='ocr_line' id='line_1_3' title="bbox 2131 339 3719 417; baseline 0.007 -24"><span class='ocrx_word' id='word_1_13' title='bbox 2131 339 2335 407; x_wconf 85' lang='grc' dir='ltr'><strong>γαγών.</strong></span> <span class='ocrx_word' id='word_1_14' title='bbox 2373 341 2442 393; x_wconf 85' lang='grc' dir='ltr'><em>Ἢ</em></span> <span class='ocrx_word' id='word_1_15' title='bbox 2483 342 2619 412; x_wconf 87' lang='grc' dir='ltr'><strong>τάχα</strong></span> <span class='ocrx_word' id='word_1_16' title='bbox 2667 342 2758 395; x_wconf 74' lang='grc' dir='ltr'><strong>καὶ</strong></span> <span class='ocrx_word' id='word_1_17' title='bbox 2808 344 3091 408; x_wconf 76' lang='grc' dir='ltr'><strong>Ἰουδαίους</strong></span> <span class='ocrx_word' id='word_1_18' title='bbox 3129 347 3443 401; x_wconf 75' lang='grc' dir='ltr'><strong>αἰνίττεται.</strong></span> <span class='ocrx_word' id='word_1_19' title='bbox 3483 350 3593 403; x_wconf 77' lang='grc' dir='ltr'><strong>Καὶ</strong></span> <span class='ocrx_word' id='word_1_20' title='bbox 3629 355 3719 417; x_wconf 7' lang='grc' dir='ltr'><strong>τὸ.)</strong></span> 
     </span>
    </p>
   </div>
   <div class='ocr_carea' id='block_1_4' title="bbox 462 424 2011 510">
    <p class='ocr_par' dir='ltr' id='par_1_4' title="bbox 462 424 2011 502">
     <span class='ocr_line' id='line_1_4' title="bbox 462 424 2011 502; baseline 0.008 -27"><span class='ocrx_word' id='word_1_21' title='bbox 462 424 623 477; x_wconf 80' lang='lat' dir='ltr'><strong>etiam</strong></span> <span class='ocrx_word' id='word_1_22' title='bbox 653 424 867 480; x_wconf 59' lang='lat' dir='ltr'><strong>Iudaeos</strong></span> <span class='ocrx_word' id='word_1_23' title='bbox 914 427 1109 482; x_wconf 91' lang='lat' dir='ltr'><strong>innuit.</strong></span> <span class='ocrx_word' id='word_1_24' title='bbox 1144 430 1275 484; x_wconf 93' lang='lat' dir='ltr'><strong>Illud</strong></span> <span class='ocrx_word' id='word_1_25' title='bbox 1307 441 1511 496; x_wconf 90' lang='lat' dir='ltr'><strong>autem,</strong></span> <span class='ocrx_word' id='word_1_26' title='bbox 1545 452 1561 483; x_wconf 81' lang='grc' dir='ltr'><strong>ι</strong></span> <span class='ocrx_word' id='word_1_27' title='bbox 1602 443 1821 502; x_wconf 83' lang='lat' dir='ltr'><strong>propter</strong></span> <span class='ocrx_word' id='word_1_28' title='bbox 1866 435 2011 487; x_wconf 89' lang='lat' dir='ltr'><strong>inno-</strong></span> 
     </span>
    </p>
   </div>
   <div class='ocr_carea' id='block_1_5' title="bbox 2112 424 3704 510">
    <p class='ocr_par' dir='ltr' id='par_1_5' title="bbox 2141 432 3704 510">
     <span class='ocr_line' id='line_1_5' title="bbox 2141 432 3704 510; baseline 0.007 -29"><span class='ocrx_word' id='word_1_29' title='bbox 2141 449 2158 481; x_wconf 85' lang='grc' dir='ltr'><strong>ι</strong></span> <span class='ocrx_word' id='word_1_30' title='bbox 2201 435 2333 504; x_wconf 78' lang='grc' dir='ltr'><strong>ἐμοῦ</strong></span> <span class='ocrx_word' id='word_1_31' title='bbox 2384 435 2440 487; x_wconf 81' lang='grc' dir='ltr'><strong>δὲ</strong></span> <span class='ocrx_word' id='word_1_32' title='bbox 2472 432 2560 483; x_wconf 81' lang='grc' dir='ltr'><strong>διὰ</strong></span> <span class='ocrx_word' id='word_1_33' title='bbox 2581 433 2679 502; x_wconf 84' lang='grc' dir='ltr'><strong>τὴν</strong></span> <span class='ocrx_word' id='word_1_34' title='bbox 2708 434 2964 496; x_wconf 83' lang='grc' dir='ltr'><strong>ἀκακίαν,</strong></span> <span class='ocrx_word' id='word_1_35' title='bbox 3002 454 3018 484; x_wconf 74' lang='grc' dir='ltr'><strong>ι</strong></span> <span class='ocrx_word' id='word_1_36' title='bbox 3042 437 3158 506; x_wconf 69' lang='grc' dir='ltr'><strong>ἤτοι</strong></span> <span class='ocrx_word' id='word_1_37' title='bbox 3180 437 3461 506; x_wconf 77' lang='grc' dir='ltr'><strong>ἀμίαντον,</strong></span> <span class='ocrx_word' id='word_1_38' title='bbox 3498 440 3704 510; x_wconf 68' lang='grc' dir='ltr'><strong>ἀνθρωε</strong></span> 
     </span>
    </p>
   </div>
   <div class='ocr_carea' id='block_1_6' title="bbox 462 515 2011 601">
    <p class='ocr_par' dir='ltr' id='par_1_6' title="bbox 462 515 2011 591">
     <span class='ocr_line' id='line_1_6' title="bbox 462 515 2011 591; baseline 0.006 -23"><span class='ocrx_word' id='word_1_39' title='bbox 462 515 718 578; x_wconf 81' lang='lat' dir='ltr'><strong>centiam,</strong></span> <span class='ocrx_word' id='word_1_40' title='bbox 754 535 772 566; x_wconf 72' lang='grc' dir='ltr'><strong>ι</strong></span> <span class='ocrx_word' id='word_1_41' title='bbox 806 532 902 571; x_wconf 90' lang='lat' dir='ltr'><strong>seu</strong></span> <span class='ocrx_word' id='word_1_42' title='bbox 948 519 1309 591; x_wconf 80' lang='lat' dir='ltr'><strong>integritatem</strong></span> <span class='ocrx_word' id='word_1_43' title='bbox 1330 564 1343 587; x_wconf 96' lang='lat'><strong>,</strong></span> <span class='ocrx_word' id='word_1_44' title='bbox 1375 524 1611 576; x_wconf 87' lang='lat' dir='ltr'><strong>humano</strong></span> <span class='ocrx_word' id='word_1_45' title='bbox 1640 541 1791 578; x_wconf 89' lang='lat' dir='ltr'><strong>more</strong></span> <span class='ocrx_word' id='word_1_46' title='bbox 1822 524 2011 579; x_wconf 68' lang='lat' dir='ltr'><strong>dictun‘</strong></span> 
     </span>
    </p>
   </div>
   <div class='ocr_carea' id='block_1_7' title="bbox 2112 515 3703 601">
    <p class='ocr_par' dir='ltr' id='par_1_7' title="bbox 2136 524 3703 601">
     <span class='ocr_line' id='line_1_7' title="bbox 2136 524 3703 601; baseline 0.005 -25"><span class='ocrx_word' id='word_1_47' title='bbox 2136 526 2430 595; x_wconf 85' lang='grc' dir='ltr'><strong>πινὼτερον</strong></span> <span class='ocrx_word' id='word_1_48' title='bbox 2474 524 2705 596; x_wconf 75' lang='grc' dir='ltr'><strong>εἴρηται.</strong></span> <span class='ocrx_word' id='word_1_49' title='bbox 2770 525 3204 598; x_wconf 79' lang='grc' dir='ltr'><strong>Ἐϐεόαιώθημεν</strong></span> <span class='ocrx_word' id='word_1_50' title='bbox 3249 528 3305 581; x_wconf 82' lang='grc' dir='ltr'><strong>δὲ</strong></span> <span class='ocrx_word' id='word_1_51' title='bbox 3366 530 3424 581; x_wconf 85' lang='grc' dir='ltr'><strong>ὲν</strong></span> <span class='ocrx_word' id='word_1_52' title='bbox 3466 531 3703 601; x_wconf 73' lang='grc' dir='ltr'><strong>Χριστῷ,</strong></span> 
     </span>
    </p>
   </div>
   <div class='ocr_carea' id='block_1_8' title="bbox 461 605 2011 687">
    <p class='ocr_par' dir='ltr' id='par_1_8' title="bbox 461 605 2011 685">
     <span class='ocr_line' id='line_1_8' title="bbox 461 605 2011 685; baseline 0.007 -30"><span class='ocrx_word' id='word_1_53' title='bbox 461 614 560 656; x_wconf 79' lang='lat' dir='ltr'><strong>est.</strong></span> <span class='ocrx_word' id='word_1_54' title='bbox 614 605 779 658; x_wconf 89' lang='lat' dir='ltr'><strong>Porro</strong></span> <span class='ocrx_word' id='word_1_55' title='bbox 828 610 1129 663; x_wconf 79' lang='lat' dir='ltr'><strong>continuati</strong></span> <span class='ocrx_word' id='word_1_56' title='bbox 1177 629 1365 671; x_wconf 87' lang='lat' dir='ltr'><strong>sumus</strong></span> <span class='ocrx_word' id='word_1_57' title='bbox 1412 615 1463 666; x_wconf 91' lang='lat' dir='ltr'><strong>in</strong></span> <span class='ocrx_word' id='word_1_58' title='bbox 1508 614 1743 680; x_wconf 82' lang='lat' dir='ltr'><strong>Christo,</strong></span> <span class='ocrx_word' id='word_1_59' title='bbox 1781 617 1939 685; x_wconf 87' lang='lat' dir='ltr'><strong>idque</strong></span> <span class='ocrx_word' id='word_1_60' title='bbox 1972 616 2011 667; x_wconf 81' lang='lat' dir='ltr'><strong>ir</strong></span> 
     </span>
    </p>
   </div>
   <div class='ocr_carea' id='block_1_9' title="bbox 2112 605 3713 687">
    <p class='ocr_par' dir='ltr' id='par_1_9' title="bbox 2138 615 3713 687">
     <span class='ocr_line' id='line_1_9' title="bbox 2138 615 3713 687; baseline 0.002 -17"><span class='ocrx_word' id='word_1_61' title='bbox 2138 618 2231 670; x_wconf 79' lang='grc' dir='ltr'><strong>καὶ</strong></span> <span class='ocrx_word' id='word_1_62' title='bbox 2275 617 2429 669; x_wconf 89' lang='grc' dir='ltr'><strong>τοῦτο</strong></span> <span class='ocrx_word' id='word_1_63' title='bbox 2487 616 2714 669; x_wconf 78' lang='grc' dir='ltr'><strong>ἐνώπιον</strong></span> <span class='ocrx_word' id='word_1_64' title='bbox 2765 615 2859 667; x_wconf 90' lang='grc' dir='ltr'><strong>τοῦ</strong></span> <span class='ocrx_word' id='word_1_65' title='bbox 2908 616 3118 686; x_wconf 86' lang='grc' dir='ltr'><strong>Πατρὸς</strong></span> <span class='ocrx_word' id='word_1_66' title='bbox 3150 617 3439 687; x_wconf 82' lang='grc' dir='ltr'><strong>γενόμενον</strong></span> <span class='ocrx_word' id='word_1_67' title='bbox 3489 621 3568 684; x_wconf 84' lang='grc' dir='ltr'><strong>εἰς</strong></span> <span class='ocrx_word' id='word_1_68' title='bbox 3619 620 3713 674; x_wconf 85' lang='grc' dir='ltr'><strong>τὸν</strong></span> 
     </span>
    </p>
   </div>
   <div class='ocr_carea' id='block_1_10' title="bbox 458 698 2327 765">
    <p class='ocr_par' dir='ltr' id='par_1_10' title="bbox 458 698 2327 765">
     <span class='ocr_line' id='line_1_10' title="bbox 458 698 2327 765; baseline 0.011 -20"><span class='ocrx_word' id='word_1_69' title='bbox 458 704 753 762; x_wconf 83' lang='lat' dir='ltr'><strong>conspectu</strong></span> <span class='ocrx_word' id='word_1_70' title='bbox 785 698 958 752; x_wconf 81' lang='lat' dir='ltr'><strong>Patris</strong></span> <span class='ocrx_word' id='word_1_71' title='bbox 986 701 1185 754; x_wconf 78' lang='lat' dir='ltr'><strong>factum</strong></span> <span class='ocrx_word' id='word_1_72' title='bbox 1212 713 1294 755; x_wconf 85' lang='lat' dir='ltr'><strong>est</strong></span> <span class='ocrx_word' id='word_1_73' title='bbox 1321 703 1375 756; x_wconf 90' lang='lat' dir='ltr'><strong>iu</strong></span> <span class='ocrx_word' id='word_1_74' title='bbox 1407 714 1690 758; x_wconf 60' lang='lat' dir='ltr'><strong>internum.</strong></span> <span class='ocrx_word' id='word_1_75' title='bbox 2138 712 2327 765; x_wconf 74' lang='grc' dir='ltr'><strong>αἰῶνα.</strong></span> 
     </span>
    </p>
   </div>
   <div class='ocr_carea' id='block_1_11' title="bbox 994 910 2011 971">
    <p class='ocr_par' dir='ltr' id='par_1_11' title="bbox 994 915 1487 971">
     <span class='ocr_line' id='line_1_11' title="bbox 994 915 1487 971; baseline 0 -2"><span class='ocrx_word' id='word_1_76' title='bbox 994 915 1313 971; x_wconf 80' lang='lat' dir='ltr'><strong>PSALMUS</strong></span> <span class='ocrx_word' id='word_1_77' title='bbox 1356 915 1487 969; x_wconf 81' lang='lat' dir='ltr'><strong>XLI.</strong></span> 
     </span>
    </p>
   </div>
   <div class='ocr_carea' id='block_1_12' title="bbox 2112 910 3144 971">
    <p class='ocr_par' dir='ltr' id='par_1_12' title="bbox 2689 910 3144 965">
     <span class='ocr_line' id='line_1_12' title="bbox 2689 910 3144 965; baseline 0.009 -4"><span class='ocrx_word' id='word_1_78' title='bbox 2689 910 2979 963; x_wconf 81' lang='grc' dir='ltr'><strong>ΨΑΛΜΟΣ</strong></span> <span class='ocrx_word' id='word_1_79' title='bbox 3005 910 3144 965; x_wconf 81' lang='lat' dir='ltr'><strong>MA&#39;.</strong></span> 
     </span>
    </p>
   </div>
   <div class='ocr_carea' id='block_1_13' title="bbox 539 1000 2011 1075">
    <p class='ocr_par' dir='ltr' id='par_1_13' title="bbox 539 1001 2011 1074">
     <span class='ocr_line' id='line_1_13' title="bbox 539 1001 2011 1074; baseline 0.004 -16"><span class='ocrx_word' id='word_1_80' title='bbox 539 1001 695 1060; x_wconf 71' lang='lat' dir='ltr'><strong>Vsus.</strong></span> <span class='ocrx_word' id='word_1_81' title='bbox 722 1007 773 1061; x_wconf 78' lang='lat'><strong>3.</strong></span> <span class='ocrx_word' id='word_1_82' title='bbox 797 1005 970 1061; x_wconf 80' lang='lat' dir='ltr'><strong>Silivit</strong></span> <span class='ocrx_word' id='word_1_83' title='bbox 990 1008 1165 1060; x_wconf 79' lang='lat' dir='ltr'><strong>animo</strong></span> <span class='ocrx_word' id='word_1_84' title='bbox 1183 1024 1299 1059; x_wconf 81' lang='lat' dir='ltr'><strong>mea</strong></span> <span class='ocrx_word' id='word_1_85' title='bbox 1320 1009 1386 1059; x_wconf 90' lang='lat' dir='ltr'><strong>ad</strong></span> <span class='ocrx_word' id='word_1_86' title='bbox 1414 1010 1597 1074; x_wconf 86' lang='lat' dir='ltr'><strong>Deum,</strong></span> <span class='ocrx_word' id='word_1_87' title='bbox 1624 1019 1728 1062; x_wconf 87' lang='lat' dir='ltr'><strong>etc.</strong></span> <span class='ocrx_word' id='word_1_88' title='bbox 1754 1010 1834 1063; x_wconf 80' lang='lat' dir='ltr'><strong>Ad</strong></span> <span class='ocrx_word' id='word_1_89' title='bbox 1860 1008 2011 1064; x_wconf 81' lang='lat' dir='ltr'><strong>Deun</strong></span> 
     </span>
    </p>
   </div>
   <div class='ocr_carea' id='block_1_14' title="bbox 2112 1000 3697 1075">
    <p class='ocr_par' dir='ltr' id='par_1_14' title="bbox 2217 1000 3697 1075">
     <span class='ocr_line' id='line_1_14' title="bbox 2217 1000 3697 1075; baseline -0.001 -18"><span class='ocrx_word' id='word_1_90' title='bbox 2217 1005 2535 1072; x_wconf 70' lang='grc' dir='ltr'><strong>Ἐδίψησεν</strong></span> <span class='ocrx_word' id='word_1_91' title='bbox 2556 1003 2593 1069; x_wconf 72' lang='grc' dir='ltr'>τ)</span> <span class='ocrx_word' id='word_1_92' title='bbox 2622 1000 2791 1069; x_wconf 71' lang='grc' dir='ltr'><strong>ψυχή</strong></span> <span class='ocrx_word' id='word_1_93' title='bbox 2818 1019 2937 1068; x_wconf 82' lang='grc' dir='ltr'><strong>μου</strong></span> <span class='ocrx_word' id='word_1_94' title='bbox 2961 1002 3111 1068; x_wconf 77' lang='grc' dir='ltr'><strong>πρὸς</strong></span> <span class='ocrx_word' id='word_1_95' title='bbox 3134 1000 3300 1067; x_wconf 77' lang='grc' dir='ltr'><strong>Θεὸν,</strong></span> <span class='ocrx_word' id='word_1_96' title='bbox 3334 1020 3387 1054; x_wconf 88' lang='grc' dir='ltr'><strong>κ.</strong></span> <span class='ocrx_word' id='word_1_97' title='bbox 3415 1019 3464 1056; x_wconf 92' lang='grc' dir='ltr'><strong>τ.</strong></span> <span class='ocrx_word' id='word_1_98' title='bbox 3492 1004 3539 1056; x_wconf 77' lang='grc' dir='ltr'><strong>ἑ.</strong></span> <span class='ocrx_word' id='word_1_99' title='bbox 3560 1004 3697 1075; x_wconf 77' lang='grc' dir='ltr'><strong>Πρὸς</strong></span> 
     </span>
    </p>
   </div>
   <div class='ocr_carea' id='block_1_15' title="bbox 460 1090 2011 1166">
    <p class='ocr_par' dir='ltr' id='par_1_15' title="bbox 460 1094 2011 1166">
     <span class='ocr_line' id='line_1_15' title="bbox 460 1094 2011 1166; baseline 0.003 -20"><span class='ocrx_word' id='word_1_100' title='bbox 460 1094 653 1148; x_wconf 86' lang='lat' dir='ltr'><strong>sitiunt</strong></span> <span class='ocrx_word' id='word_1_101' title='bbox 698 1096 747 1148; x_wconf 78' lang='lat' dir='ltr'><strong>lii</strong></span> <span class='ocrx_word' id='word_1_102' title='bbox 790 1098 881 1165; x_wconf 89' lang='lat' dir='ltr'><strong>qui</strong></span> <span class='ocrx_word' id='word_1_103' title='bbox 932 1097 983 1149; x_wconf 93' lang='lat' dir='ltr'><strong>in</strong></span> <span class='ocrx_word' id='word_1_104' title='bbox 1037 1096 1332 1165; x_wconf 78' lang='lat' dir='ltr'><strong>Evangelio</strong></span> <span class='ocrx_word' id='word_1_105' title='bbox 1392 1106 1614 1166; x_wconf 91' lang='lat' dir='ltr'><strong>propter</strong></span> <span class='ocrx_word' id='word_1_106' title='bbox 1666 1098 1811 1152; x_wconf 87' lang='lat' dir='ltr'><strong>sitim</strong></span> <span class='ocrx_word' id='word_1_107' title='bbox 1873 1114 2011 1152; x_wconf 85' lang='lat' dir='ltr'><strong>suan</strong></span> 
     </span>
    </p>
   </div>
   <div class='ocr_carea' id='block_1_16' title="bbox 2112 1090 3697 1166">
    <p class='ocr_par' dir='ltr' id='par_1_16' title="bbox 2131 1090 3697 1165">
     <span class='ocr_line' id='line_1_16' title="bbox 2131 1090 3697 1165; baseline -0.003 -15"><span class='ocrx_word' id='word_1_108' title='bbox 2131 1097 2221 1150; x_wconf 90' lang='grc' dir='ltr'><strong>τὸν</strong></span> <span class='ocrx_word' id='word_1_109' title='bbox 2250 1096 2381 1148; x_wconf 84' lang='grc' dir='ltr'>Θεὸν</span> <span class='ocrx_word' id='word_1_110' title='bbox 2411 1094 2519 1164; x_wconf 88' lang='grc'><strong>(89)</strong></span> <span class='ocrx_word' id='word_1_111' title='bbox 2547 1092 2771 1161; x_wconf 70' lang='grc' dir='ltr'><strong>διψῶσιν</strong></span> <span class='ocrx_word' id='word_1_112' title='bbox 2810 1091 2857 1142; x_wconf 74' lang='lat' dir='ltr'><strong>oi</strong></span> <span class='ocrx_word' id='word_1_113' title='bbox 2896 1093 2955 1142; x_wconf 83' lang='grc' dir='ltr'><strong>ὲν</strong></span> <span class='ocrx_word' id='word_1_114' title='bbox 3006 1090 3084 1161; x_wconf 84' lang='grc' dir='ltr'><strong>τῷ</strong></span> <span class='ocrx_word' id='word_1_115' title='bbox 3134 1092 3445 1163; x_wconf 83' lang='grc' dir='ltr'><strong>Εὐαγγελίῳ</strong></span> <span class='ocrx_word' id='word_1_116' title='bbox 3478 1094 3570 1146; x_wconf 76' lang='grc' dir='ltr'><strong>ἐπὶ</strong></span> <span class='ocrx_word' id='word_1_117' title='bbox 3628 1094 3697 1165; x_wconf 67' lang='grc' dir='ltr'><strong>τῷ</strong></span> 
     </span>
    </p>
   </div>
   <div class='ocr_carea' id='block_1_17' title="bbox 464 1179 2011 1261">
    <p class='ocr_par' dir='ltr' id='par_1_17' title="bbox 464 1184 2011 1254">
     <span class='ocr_line' id='line_1_17' title="bbox 464 1184 2011 1254; baseline 0.003 -17"><span class='ocrx_word' id='word_1_118' title='bbox 464 1185 605 1238; x_wconf 84' lang='lat' dir='ltr'><strong>beati</strong></span> <span class='ocrx_word' id='word_1_119' title='bbox 639 1186 1022 1254; x_wconf 64' lang='lat' dir='ltr'><strong>praedicantur.</strong></span> <span class='ocrx_word' id='word_1_120' title='bbox 1067 1184 1185 1239; x_wconf 87' lang='lat' dir='ltr'><strong>Non</strong></span> <span class='ocrx_word' id='word_1_121' title='bbox 1245 1187 1401 1251; x_wconf 81' lang='lat' dir='ltr'><strong>dixit,</strong></span> <span class='ocrx_word' id='word_1_122' title='bbox 1450 1187 1635 1241; x_wconf 89' lang='lat' dir='ltr'><strong>Sitivit</strong></span> <span class='ocrx_word' id='word_1_123' title='bbox 1683 1188 1865 1253; x_wconf 89' lang='lat' dir='ltr'><strong>anima</strong></span> <span class='ocrx_word' id='word_1_124' title='bbox 1908 1203 2011 1243; x_wconf 75' lang='lat' dir='ltr'><strong>me:</strong></span> 
     </span>
    </p>
   </div>
   <div class='ocr_carea' id='block_1_18' title="bbox 2112 1179 3696 1261">
    <p class='ocr_par' dir='ltr' id='par_1_18' title="bbox 2130 1179 3696 1261">
     <span class='ocr_line' id='line_1_18' title="bbox 2130 1179 3696 1261; baseline -0.004 -18"><span class='ocrx_word' id='word_1_125' title='bbox 2130 1190 2289 1261; x_wconf 79' lang='grc' dir='ltr'><strong>διψᾷν</strong></span> <span class='ocrx_word' id='word_1_126' title='bbox 2322 1187 2765 1260; x_wconf 76' lang='grc' dir='ltr'><strong>μακαριζόμενοι.</strong></span> <span class='ocrx_word' id='word_1_127' title='bbox 2803 1184 2913 1237; x_wconf 85' lang='grc' dir='ltr'><strong>Ούκ</strong></span> <span class='ocrx_word' id='word_1_128' title='bbox 2952 1179 3122 1237; x_wconf 75' lang='grc' dir='ltr'><strong>εἶπενο</strong></span> <span class='ocrx_word' id='word_1_129' title='bbox 3170 1184 3451 1254; x_wconf 65' lang='grc' dir='ltr'><strong>Ἐδίιέιησεν</strong></span> <span class='ocrx_word' id='word_1_130' title='bbox 3488 1190 3519 1256; x_wconf 89' lang='grc' dir='ltr'><strong>ή</strong></span> <span class='ocrx_word' id='word_1_131' title='bbox 3556 1187 3696 1257; x_wconf 79' lang='grc' dir='ltr'><strong>ψυχή</strong></span> 
     </span>
    </p>
   </div>
   <div class='ocr_carea' id='block_1_19' title="bbox 464 1272 2011 1349">
    <p class='ocr_par' dir='ltr' id='par_1_19' title="bbox 464 1276 2011 1341">
     <span class='ocr_line' id='line_1_19' title="bbox 464 1276 2011 1341; baseline 0.003 -13"><span class='ocrx_word' id='word_1_132' title='bbox 464 1277 665 1338; x_wconf 86' lang='lat' dir='ltr'><strong>Deum;</strong></span> <span class='ocrx_word' id='word_1_133' title='bbox 729 1291 831 1329; x_wconf 93' lang='lat' dir='ltr'><strong>non</strong></span> <span class='ocrx_word' id='word_1_134' title='bbox 887 1276 1031 1329; x_wconf 74' lang='lat' dir='ltr'><strong>cutim</strong></span> <span class='ocrx_word' id='word_1_135' title='bbox 1080 1277 1247 1330; x_wconf 88' lang='lat' dir='ltr'><strong>Deum</strong></span> <span class='ocrx_word' id='word_1_136' title='bbox 1304 1276 1437 1330; x_wconf 84' lang='lat' dir='ltr'><strong>bibit</strong></span> <span class='ocrx_word' id='word_1_137' title='bbox 1498 1277 1716 1341; x_wconf 87' lang='lat' dir='ltr'><strong>anima;</strong></span> <span class='ocrx_word' id='word_1_138' title='bbox 1770 1280 1862 1332; x_wconf 88' lang='lat' dir='ltr'><strong>sed</strong></span> <span class='ocrx_word' id='word_1_139' title='bbox 1899 1297 1918 1330; x_wconf 79' lang='grc' dir='ltr'><strong>ι</strong></span> <span class='ocrx_word' id='word_1_140' title='bbox 1956 1282 2011 1333; x_wconf 80' lang='lat' dir='ltr'><strong>ad</strong></span> 
     </span>
    </p>
   </div>
   <div class='ocr_carea' id='block_1_20' title="bbox 2112 1272 3695 1349">
    <p class='ocr_par' dir='ltr' id='par_1_20' title="bbox 2135 1272 3695 1349">
     <span class='ocr_line' id='line_1_20' title="bbox 2135 1272 3695 1349; baseline -0.006 -17"><span class='ocrx_word' id='word_1_141' title='bbox 2135 1297 2237 1349; x_wconf 87' lang='grc' dir='ltr'><strong>μου</strong></span> <span class='ocrx_word' id='word_1_142' title='bbox 2253 1280 2342 1331; x_wconf 88' lang='grc' dir='ltr'><strong>τὸν</strong></span> <span class='ocrx_word' id='word_1_143' title='bbox 2370 1277 2523 1340; x_wconf 85' lang='grc' dir='ltr'><strong>Θεὸν,</strong></span> <span class='ocrx_word' id='word_1_144' title='bbox 2553 1276 2611 1327; x_wconf 78' lang='grc' dir='ltr'><strong>οὑ</strong></span> <span class='ocrx_word' id='word_1_145' title='bbox 2639 1273 2748 1345; x_wconf 83' lang='grc' dir='ltr'><strong>γὰρ</strong></span> <span class='ocrx_word' id='word_1_146' title='bbox 2776 1272 2907 1325; x_wconf 92' lang='grc' dir='ltr'><strong>Θεὸν</strong></span> <span class='ocrx_word' id='word_1_147' title='bbox 2932 1273 3074 1325; x_wconf 84' lang='grc' dir='ltr'><strong>πίνει</strong></span> <span class='ocrx_word' id='word_1_148' title='bbox 3102 1275 3135 1342; x_wconf 84' lang='grc' dir='ltr'>ἡ</span> <span class='ocrx_word' id='word_1_149' title='bbox 3170 1273 3333 1344; x_wconf 72' lang='grc' dir='ltr'><strong>ψυχὴ,</strong></span> <span class='ocrx_word' id='word_1_150' title='bbox 3365 1278 3501 1330; x_wconf 83' lang='grc' dir='ltr'><strong>ἀλλά</strong></span> <span class='ocrx_word' id='word_1_151' title='bbox 3519 1297 3536 1327; x_wconf 75' lang='grc' dir='ltr'><strong>ι</strong></span> <span class='ocrx_word' id='word_1_152' title='bbox 3566 1276 3695 1346; x_wconf 82' lang='grc' dir='ltr'><strong>πρὸς</strong></span> 
     </span>
    </p>
   </div>
   <div class='ocr_carea' id='block_1_21' title="bbox 463 1364 2011 1437">
    <p class='ocr_par' dir='ltr' id='par_1_21' title="bbox 463 1365 2011 1437">
     <span class='ocr_line' id='line_1_21' title="bbox 463 1365 2011 1437; baseline 0.004 -20"><span class='ocrx_word' id='word_1_153' title='bbox 463 1366 664 1430; x_wconf 88' lang='lat' dir='ltr'><strong>Deum;</strong></span> <span class='ocrx_word' id='word_1_154' title='bbox 697 1384 715 1416; x_wconf 74' lang='grc' dir='ltr'><strong>ι</strong></span> <span class='ocrx_word' id='word_1_155' title='bbox 748 1379 968 1420; x_wconf 87' lang='lat' dir='ltr'><strong>sanctus</strong></span> <span class='ocrx_word' id='word_1_156' title='bbox 1002 1365 1147 1420; x_wconf 89' lang='lat' dir='ltr'><strong>enim</strong></span> <span class='ocrx_word' id='word_1_157' title='bbox 1194 1366 1311 1420; x_wconf 88' lang='lat' dir='ltr'><strong>sitit</strong></span> <span class='ocrx_word' id='word_1_158' title='bbox 1352 1381 1415 1421; x_wconf 88' lang='lat' dir='ltr'><strong>ea</strong></span> <span class='ocrx_word' id='word_1_159' title='bbox 1448 1382 1571 1437; x_wconf 64' lang='lat' dir='ltr'><strong>quae</strong></span> <span class='ocrx_word' id='word_1_160' title='bbox 1599 1368 1665 1420; x_wconf 89' lang='lat' dir='ltr'><strong>ad</strong></span> <span class='ocrx_word' id='word_1_161' title='bbox 1688 1370 2011 1437; x_wconf 89' lang='lat' dir='ltr'><strong>Deum,spe-</strong></span> 
     </span>
    </p>
   </div>
   <div class='ocr_carea' id='block_1_22' title="bbox 2112 1364 3696 1437">
    <p class='ocr_par' dir='ltr' id='par_1_22' title="bbox 2123 1364 3696 1437">
     <span class='ocr_line' id='line_1_22' title="bbox 2123 1364 3696 1437; baseline 0 -16"><span class='ocrx_word' id='word_1_162' title='bbox 2123 1368 2383 1423; x_wconf 79' lang='grc' dir='ltr'><strong>τὸνθεόν.</strong></span> <span class='ocrx_word' id='word_1_163' title='bbox 2410 1385 2427 1417; x_wconf 73' lang='grc' dir='ltr'><strong>ι</strong></span> <span class='ocrx_word' id='word_1_164' title='bbox 2447 1366 2527 1419; x_wconf 89' lang='grc' dir='ltr'><strong>Τά</strong></span> <span class='ocrx_word' id='word_1_165' title='bbox 2547 1369 2656 1435; x_wconf 84' lang='grc' dir='ltr'><strong>γὰρ</strong></span> <span class='ocrx_word' id='word_1_166' title='bbox 2676 1364 2810 1435; x_wconf 82' lang='grc' dir='ltr'><strong>πρὸς</strong></span> <span class='ocrx_word' id='word_1_167' title='bbox 2841 1364 2973 1418; x_wconf 85' lang='grc' dir='ltr'><strong>Θεὸν</strong></span> <span class='ocrx_word' id='word_1_168' title='bbox 3007 1368 3035 1418; x_wconf 85' lang='grc' dir='ltr'><strong>ὀ</strong></span> <span class='ocrx_word' id='word_1_169' title='bbox 3068 1366 3220 1432; x_wconf 81' lang='grc' dir='ltr'><strong>ἆγιος</strong></span> <span class='ocrx_word' id='word_1_170' title='bbox 3255 1364 3405 1432; x_wconf 66' lang='grc' dir='ltr'><strong>διψά,</strong></span> <span class='ocrx_word' id='word_1_171' title='bbox 3437 1366 3626 1437; x_wconf 74' lang='grc' dir='ltr'><strong>ὥσπερ</strong></span> <span class='ocrx_word' id='word_1_172' title='bbox 3672 1369 3696 1421; x_wconf 69' lang='grc' dir='ltr'><strong><em>ὁ</em></strong></span> 
     </span>
    </p>
   </div>
   <div class='ocr_carea' id='block_1_23' title="bbox 458 1454 2011 1529">
    <p class='ocr_par' dir='ltr' id='par_1_23' title="bbox 458 1458 2011 1529">
     <span class='ocr_line' id='line_1_23' title="bbox 458 1458 2011 1529; baseline 0.003 -23"><span class='ocrx_word' id='word_1_173' title='bbox 458 1467 639 1521; x_wconf 67' lang='lat' dir='ltr'><strong>utaut;</strong></span> <span class='ocrx_word' id='word_1_174' title='bbox 668 1458 805 1512; x_wconf 88' lang='lat' dir='ltr'><strong>sicut</strong></span> <span class='ocrx_word' id='word_1_175' title='bbox 830 1466 1082 1527; x_wconf 82' lang='lat' dir='ltr'><strong>peccator</strong></span> <span class='ocrx_word' id='word_1_176' title='bbox 1121 1473 1225 1513; x_wconf 92' lang='lat' dir='ltr'><strong>non</strong></span> <span class='ocrx_word' id='word_1_177' title='bbox 1259 1475 1320 1514; x_wconf 89' lang='lat' dir='ltr'><strong>ea</strong></span> <span class='ocrx_word' id='word_1_178' title='bbox 1351 1474 1469 1529; x_wconf 66' lang='lat' dir='ltr'><strong>quae</strong></span> <span class='ocrx_word' id='word_1_179' title='bbox 1489 1460 1554 1513; x_wconf 88' lang='lat' dir='ltr'><strong>ad</strong></span> <span class='ocrx_word' id='word_1_180' title='bbox 1586 1459 1753 1513; x_wconf 90' lang='lat' dir='ltr'><strong>Deum</strong></span> <span class='ocrx_word' id='word_1_181' title='bbox 1785 1460 1877 1513; x_wconf 86' lang='lat' dir='ltr'><strong>sed</strong></span> <span class='ocrx_word' id='word_1_182' title='bbox 1904 1474 2011 1528; x_wconf 68' lang='lat' dir='ltr'><strong>qua</strong></span> 
     </span>
    </p>
   </div>
   <div class='ocr_carea' id='block_1_24' title="bbox 2112 1454 3697 1529">
    <p class='ocr_par' dir='ltr' id='par_1_24' title="bbox 2125 1454 3697 1527">
     <span class='ocr_line' id='line_1_24' title="bbox 2125 1454 3697 1527; baseline 0.001 -18"><span class='ocrx_word' id='word_1_183' title='bbox 2125 1456 2445 1527; x_wconf 84' lang='grc' dir='ltr'><strong>ἁμαρτωλὸς</strong></span> <span class='ocrx_word' id='word_1_184' title='bbox 2470 1455 2539 1508; x_wconf 81' lang='grc' dir='ltr'><strong>τὰ</strong></span> <span class='ocrx_word' id='word_1_185' title='bbox 2569 1455 2642 1526; x_wconf 83' lang='grc' dir='ltr'><strong>μή</strong></span> <span class='ocrx_word' id='word_1_186' title='bbox 2665 1455 2800 1525; x_wconf 83' lang='grc' dir='ltr'><strong>πρὸς</strong></span> <span class='ocrx_word' id='word_1_187' title='bbox 2832 1455 2983 1517; x_wconf 83' lang='grc' dir='ltr'><strong>Θεὸν,</strong></span> <span class='ocrx_word' id='word_1_188' title='bbox 3013 1454 3146 1507; x_wconf 83' lang='grc' dir='ltr'><strong>ἀλλὰ</strong></span> <span class='ocrx_word' id='word_1_189' title='bbox 3170 1456 3235 1507; x_wconf 83' lang='grc' dir='ltr'><strong>τά</strong></span> <span class='ocrx_word' id='word_1_190' title='bbox 3261 1456 3397 1525; x_wconf 87' lang='grc' dir='ltr'><strong>πρὸς</strong></span> <span class='ocrx_word' id='word_1_191' title='bbox 3429 1458 3697 1526; x_wconf 73' lang='grc' dir='ltr'><strong>κοσμικὴν</strong></span> 
     </span>
    </p>
   </div>
   <div class='ocr_carea' id='block_1_25' title="bbox 458 1548 2019 1619">
    <p class='ocr_par' dir='ltr' id='par_1_25' title="bbox 458 1548 2019 1619">
     <span class='ocr_line' id='line_1_25' title="bbox 458 1548 2019 1619; baseline 0.004 -19"><span class='ocrx_word' id='word_1_192' title='bbox 458 1548 523 1601; x_wconf 80' lang='lat' dir='ltr'><strong>ad</strong></span> <span class='ocrx_word' id='word_1_193' title='bbox 569 1551 894 1605; x_wconf 86' lang='lat' dir='ltr'><strong>mundanam</strong></span> <span class='ocrx_word' id='word_1_194' title='bbox 936 1552 1134 1614; x_wconf 88' lang='lat' dir='ltr'><strong>vitam,</strong></span> <span class='ocrx_word' id='word_1_195' title='bbox 1172 1552 1253 1605; x_wconf 88' lang='lat' dir='ltr'><strong>vel</strong></span> <span class='ocrx_word' id='word_1_196' title='bbox 1290 1551 1355 1605; x_wconf 90' lang='lat' dir='ltr'><strong>ad</strong></span> <span class='ocrx_word' id='word_1_197' title='bbox 1408 1549 1678 1605; x_wconf 86' lang='lat' dir='ltr'><strong>diabolum</strong></span> <span class='ocrx_word' id='word_1_198' title='bbox 1726 1550 2019 1619; x_wconf 83' lang='lat' dir='ltr'><strong>pertinent.</strong></span> 
     </span>
    </p>
   </div>
   <div class='ocr_carea' id='block_1_26' title="bbox 456 1640 2017 1705">
    <p class='ocr_par' dir='ltr' id='par_1_26' title="bbox 456 1640 2017 1705">
     <span class='ocr_line' id='line_1_26' title="bbox 456 1640 2017 1705; baseline 0 -14"><span class='ocrx_word' id='word_1_199' title='bbox 456 1642 595 1705; x_wconf 81' lang='lat' dir='ltr'><strong>Quin</strong></span> <span class='ocrx_word' id='word_1_200' title='bbox 628 1650 683 1694; x_wconf 91' lang='lat' dir='ltr'><strong>et</strong></span> <span class='ocrx_word' id='word_1_201' title='bbox 708 1640 956 1695; x_wconf 83' lang='lat' dir='ltr'><strong>Salvator</strong></span> <span class='ocrx_word' id='word_1_202' title='bbox 993 1642 1231 1695; x_wconf 89' lang='lat' dir='ltr'><strong>substitit</strong></span> <span class='ocrx_word' id='word_1_203' title='bbox 1254 1650 1309 1694; x_wconf 92' lang='lat' dir='ltr'><strong>et</strong></span> <span class='ocrx_word' id='word_1_204' title='bbox 1350 1640 1667 1694; x_wconf 79' lang='lat' dir='ltr'><strong>exclamavit</strong></span> <span class='ocrx_word' id='word_1_205' title='bbox 1706 1642 1892 1694; x_wconf 87' lang='lat' dir='ltr'><strong>dicens</strong></span> <span class='ocrx_word' id='word_1_206' title='bbox 1920 1641 1967 1672; x_wconf 84' lang='grc'><strong>⁸⁸</strong></span> <span class='ocrx_word' id='word_1_207' title='bbox 2005 1657 2017 1691; x_wconf 86' lang='lat'><strong>:</strong></span> 
     </span>
    </p>
   </div>
   <div class='ocr_carea' id='block_1_27' title="bbox 2126 1546 3691 1619">
    <p class='ocr_par' dir='ltr' id='par_1_27' title="bbox 2126 1546 3691 1619">
     <span class='ocr_line' id='line_1_27' title="bbox 2126 1546 3691 1619; baseline -0.002 -19"><span class='ocrx_word' id='word_1_208' title='bbox 2126 1548 2290 1619; x_wconf 80' lang='grc' dir='ltr'><strong>ζωὴν,</strong></span> <span class='ocrx_word' id='word_1_209' title='bbox 2322 1548 2353 1619; x_wconf 77' lang='grc' dir='ltr'>ἢ</span> <span class='ocrx_word' id='word_1_210' title='bbox 2385 1548 2453 1600; x_wconf 81' lang='grc' dir='ltr'><strong>τὰ</strong></span> <span class='ocrx_word' id='word_1_211' title='bbox 2474 1548 2609 1619; x_wconf 85' lang='grc' dir='ltr'><strong>πρὸς</strong></span> <span class='ocrx_word' id='word_1_212' title='bbox 2639 1546 2902 1600; x_wconf 82' lang='grc' dir='ltr'><strong>διάϐολον.</strong></span> <span class='ocrx_word' id='word_1_213' title='bbox 2938 1547 3049 1599; x_wconf 67' lang='grc' dir='ltr'><strong>Καὶ</strong></span> <span class='ocrx_word' id='word_1_214' title='bbox 3077 1548 3106 1598; x_wconf 86' lang='grc' dir='ltr'><strong>ὁ</strong></span> <span class='ocrx_word' id='word_1_215' title='bbox 3134 1546 3323 1619; x_wconf 85' lang='grc' dir='ltr'><strong>Σωτὴρ</strong></span> <span class='ocrx_word' id='word_1_216' title='bbox 3362 1548 3419 1600; x_wconf 83' lang='grc' dir='ltr'><strong>δὲ</strong></span> <span class='ocrx_word' id='word_1_217' title='bbox 3455 1550 3691 1619; x_wconf 78' lang='grc' dir='ltr'><strong>εἱστήκει</strong></span> 
     </span>
    </p>
   </div>
   <div class='ocr_carea' id='block_1_28' title="bbox 2125 1638 3692 1709">
    <p class='ocr_par' dir='ltr' id='par_1_28' title="bbox 2125 1638 3692 1709">
     <span class='ocr_line' id='line_1_28' title="bbox 2125 1638 3692 1709; baseline -0.001 -18"><span class='ocrx_word' id='word_1_218' title='bbox 2125 1641 2220 1691; x_wconf 77' lang='grc' dir='ltr'><strong>καὶ</strong></span> <span class='ocrx_word' id='word_1_219' title='bbox 2250 1638 2443 1709; x_wconf 74' lang='grc' dir='ltr'><strong>ἔκραςε</strong></span> <span class='ocrx_word' id='word_1_220' title='bbox 2492 1639 2683 1705; x_wconf 88' lang='grc' dir='ltr'><strong>λέγων·</strong></span> <span class='ocrx_word' id='word_1_221' title='bbox 2746 1657 2765 1689; x_wconf 80' lang='grc' dir='ltr'><strong>ι</strong></span> <span class='ocrx_word' id='word_1_222' title='bbox 2806 1638 2928 1691; x_wconf 84' lang='grc' dir='ltr'><strong>Ἐάν</strong></span> <span class='ocrx_word' id='word_1_223' title='bbox 2977 1655 3061 1701; x_wconf 87' lang='grc' dir='ltr'><strong>τις</strong></span> <span class='ocrx_word' id='word_1_224' title='bbox 3100 1638 3248 1708; x_wconf 74' lang='grc' dir='ltr'><strong>διψᾷ,</strong></span> <span class='ocrx_word' id='word_1_225' title='bbox 3284 1639 3527 1709; x_wconf 77' lang='grc' dir='ltr'><strong>ἐρχέσθω</strong></span> <span class='ocrx_word' id='word_1_226' title='bbox 3559 1640 3692 1708; x_wconf 82' lang='grc' dir='ltr'><strong>πρός</strong></span> 
     </span>
    </p>
   </div>
   <div class='ocr_carea' id='block_1_29' title="bbox 460 1728 2011 1799">
    <p class='ocr_par' dir='ltr' id='par_1_29' title="bbox 460 1730 2011 1799">
     <span class='ocr_line' id='line_1_29' title="bbox 460 1730 2011 1799; baseline 0.003 -20"><span class='ocrx_word' id='word_1_227' title='bbox 460 1751 477 1779; x_wconf 78' lang='grc' dir='ltr'><strong>ι</strong></span> <span class='ocrx_word' id='word_1_228' title='bbox 520 1730 575 1783; x_wconf 89' lang='lat' dir='ltr'><strong>Si</strong></span> <span class='ocrx_word' id='word_1_229' title='bbox 613 1733 733 1799; x_wconf 86' lang='lat' dir='ltr'><strong>quis</strong></span> <span class='ocrx_word' id='word_1_230' title='bbox 768 1732 917 1797; x_wconf 88' lang='lat' dir='ltr'><strong>sitit,</strong></span> <span class='ocrx_word' id='word_1_231' title='bbox 954 1731 1136 1784; x_wconf 85' lang='lat' dir='ltr'><strong>veniat</strong></span> <span class='ocrx_word' id='word_1_232' title='bbox 1169 1734 1234 1785; x_wconf 91' lang='lat' dir='ltr'><strong>ad</strong></span> <span class='ocrx_word' id='word_1_233' title='bbox 1278 1746 1392 1797; x_wconf 90' lang='lat' dir='ltr'><strong>me,</strong></span> <span class='ocrx_word' id='word_1_234' title='bbox 1439 1739 1495 1785; x_wconf 92' lang='lat' dir='ltr'><strong>et</strong></span> <span class='ocrx_word' id='word_1_235' title='bbox 1541 1731 1708 1785; x_wconf 89' lang='lat' dir='ltr'><strong>bibat.</strong></span> <span class='ocrx_word' id='word_1_236' title='bbox 1742 1750 1761 1783; x_wconf 73' lang='grc' dir='ltr'><strong>ι</strong></span> <span class='ocrx_word' id='word_1_237' title='bbox 1800 1732 1863 1784; x_wconf 80' lang='lat' dir='ltr'><strong>Et</strong></span> <span class='ocrx_word' id='word_1_238' title='bbox 1894 1732 2011 1799; x_wconf 87' lang='lat' dir='ltr'><strong>quia</strong></span> 
     </span>
    </p>
   </div>
   <div class='ocr_carea' id='block_1_30' title="bbox 2112 1728 3693 1799">
    <p class='ocr_par' dir='ltr' id='par_1_30' title="bbox 2126 1728 3693 1798">
     <span class='ocr_line' id='line_1_30' title="bbox 2126 1728 3693 1798; baseline 0.001 -18"><span class='ocrx_word' id='word_1_239' title='bbox 2126 1746 2214 1798; x_wconf 90' lang='grc' dir='ltr'><strong>με,</strong></span> <span class='ocrx_word' id='word_1_240' title='bbox 2234 1729 2327 1782; x_wconf 76' lang='grc' dir='ltr'><strong>καὶ</strong></span> <span class='ocrx_word' id='word_1_241' title='bbox 2361 1728 2580 1784; x_wconf 82' lang='grc' dir='ltr'><strong>πινέτω.</strong></span> <span class='ocrx_word' id='word_1_242' title='bbox 2623 1747 2641 1780; x_wconf 71' lang='grc' dir='ltr'><strong>ι</strong></span> <span class='ocrx_word' id='word_1_243' title='bbox 2674 1728 2782 1781; x_wconf 75' lang='grc' dir='ltr'><strong>Καὶ</strong></span> <span class='ocrx_word' id='word_1_244' title='bbox 2815 1728 2896 1779; x_wconf 84' lang='grc' dir='ltr'><strong>ὅτι</strong></span> <span class='ocrx_word' id='word_1_245' title='bbox 2932 1728 3078 1797; x_wconf 84' lang='grc' dir='ltr'><strong>μόνοι</strong></span> <span class='ocrx_word' id='word_1_246' title='bbox 3106 1729 3155 1779; x_wconf 79' lang='grc' dir='ltr'><strong>οἱ</strong></span> <span class='ocrx_word' id='word_1_247' title='bbox 3185 1728 3327 1796; x_wconf 82' lang='grc' dir='ltr'><strong>ἆγιοι</strong></span> <span class='ocrx_word' id='word_1_248' title='bbox 3367 1728 3693 1798; x_wconf 80' lang='grc' dir='ltr'><strong>ὸφθήσονται</strong></span> 
     </span>
    </p>
   </div>
   <div class='ocr_carea' id='block_1_31' title="bbox 455 1821 2018 1893">
    <p class='ocr_par' dir='ltr' id='par_1_31' title="bbox 455 1821 2018 1893">
     <span class='ocr_line' id='line_1_31' title="bbox 455 1821 2018 1893; baseline 0.001 -20"><span class='ocrx_word' id='word_1_249' title='bbox 455 1821 552 1875; x_wconf 88' lang='lat' dir='ltr'><strong>soli</strong></span> <span class='ocrx_word' id='word_1_250' title='bbox 580 1823 752 1876; x_wconf 85' lang='lat' dir='ltr'><strong>sancti</strong></span> <span class='ocrx_word' id='word_1_251' title='bbox 779 1824 1115 1893; x_wconf 88' lang='lat' dir='ltr'><strong>apparebunt</strong></span> <span class='ocrx_word' id='word_1_252' title='bbox 1139 1833 1265 1877; x_wconf 87' lang='lat' dir='ltr'><strong>ante</strong></span> <span class='ocrx_word' id='word_1_253' title='bbox 1298 1824 1489 1877; x_wconf 75' lang='lat' dir='ltr'><strong>faciem</strong></span> <span class='ocrx_word' id='word_1_254' title='bbox 1521 1822 1644 1885; x_wconf 85' lang='lat' dir='ltr'><strong>Dei.</strong></span> <span class='ocrx_word' id='word_1_255' title='bbox 1675 1823 1767 1890; x_wconf 90' lang='lat' dir='ltr'><strong>qui</strong></span> <span class='ocrx_word' id='word_1_256' title='bbox 1810 1822 1955 1875; x_wconf 88' lang='lat' dir='ltr'><strong>illam</strong></span> <span class='ocrx_word' id='word_1_257' title='bbox 1990 1838 2018 1875; x_wconf 89' lang='lat' dir='ltr'><strong>a</strong></span> 
     </span>
    </p>
   </div>
   <div class='ocr_carea' id='block_1_32' title="bbox 455 1915 2018 1991">
    <p class='ocr_par' dir='ltr' id='par_1_32' title="bbox 455 1915 2018 1991">
     <span class='ocr_line' id='line_1_32' title="bbox 455 1915 2018 1991; baseline -0.001 -24"><span class='ocrx_word' id='word_1_258' title='bbox 455 1915 830 1991; x_wconf 82' lang='lat' dir='ltr'><strong>peccatoribus</strong></span> <span class='ocrx_word' id='word_1_259' title='bbox 872 1915 1087 1969; x_wconf 87' lang='lat' dir='ltr'><strong>avertit.</strong></span> <span class='ocrx_word' id='word_1_260' title='bbox 1132 1915 1225 1969; x_wconf 84' lang='lat' dir='ltr'><strong>Vel</strong></span> <span class='ocrx_word' id='word_1_261' title='bbox 1254 1931 1374 1970; x_wconf 88' lang='lat' dir='ltr'><strong>cmn</strong></span> <span class='ocrx_word' id='word_1_262' title='bbox 1401 1916 1541 1969; x_wconf 83' lang='lat' dir='ltr'><strong>Deus</strong></span> <span class='ocrx_word' id='word_1_263' title='bbox 1574 1915 2018 1983; x_wconf 88' lang='lat' dir='ltr'><strong>providentialem</strong></span> 
     </span>
    </p>
   </div>
   <div class='ocr_carea' id='block_1_33' title="bbox 454 2005 2020 2076">
    <p class='ocr_par' dir='ltr' id='par_1_33' title="bbox 454 2005 2020 2076">
     <span class='ocr_line' id='line_1_33' title="bbox 454 2005 2020 2076; baseline 0.003 -19"><span class='ocrx_word' id='word_1_264' title='bbox 454 2020 606 2057; x_wconf 86' lang='lat' dir='ltr'><strong>suam</strong></span> <span class='ocrx_word' id='word_1_265' title='bbox 637 2005 889 2059; x_wconf 86' lang='lat' dir='ltr'><strong>virtutem</strong></span> <span class='ocrx_word' id='word_1_266' title='bbox 931 2021 960 2058; x_wconf 86' lang='lat' dir='ltr'><strong>a</strong></span> <span class='ocrx_word' id='word_1_267' title='bbox 1002 2007 1202 2076; x_wconf 90' lang='lat' dir='ltr'><strong>populo</strong></span> <span class='ocrx_word' id='word_1_268' title='bbox 1229 2008 1532 2069; x_wconf 84' lang='lat' dir='ltr'><strong>avertisset,</strong></span> <span class='ocrx_word' id='word_1_269' title='bbox 1564 2006 1725 2059; x_wconf 89' lang='lat' dir='ltr'><strong>vitam</strong></span> <span class='ocrx_word' id='word_1_270' title='bbox 1759 2007 1896 2060; x_wconf 88' lang='lat' dir='ltr'><strong>hanc</strong></span> <span class='ocrx_word' id='word_1_271' title='bbox 1929 2008 2020 2061; x_wconf 84' lang='lat' dir='ltr'><strong>de-</strong></span> 
     </span>
    </p>
   </div>
   <div class='ocr_carea' id='block_1_34' title="bbox 452 2095 2017 2164">
    <p class='ocr_par' dir='ltr' id='par_1_34' title="bbox 452 2095 2017 2164">
     <span class='ocr_line' id='line_1_34' title="bbox 452 2095 2017 2164; baseline 0.003 -18"><span class='ocrx_word' id='word_1_272' title='bbox 452 2095 777 2164; x_wconf 88' lang='lat' dir='ltr'><strong>plorabant;</strong></span> <span class='ocrx_word' id='word_1_273' title='bbox 808 2096 917 2151; x_wconf 88' lang='lat' dir='ltr'><strong>Deo</strong></span> <span class='ocrx_word' id='word_1_274' title='bbox 953 2107 1131 2152; x_wconf 90' lang='lat' dir='ltr'><strong>autem</strong></span> <span class='ocrx_word' id='word_1_275' title='bbox 1179 2097 1428 2151; x_wconf 89' lang='lat' dir='ltr'><strong>volebant</strong></span> <span class='ocrx_word' id='word_1_276' title='bbox 1459 2098 1702 2150; x_wconf 87' lang='lat' dir='ltr'><strong>obviare.</strong></span> <span class='ocrx_word' id='word_1_277' title='bbox 1752 2096 2017 2150; x_wconf 70' lang='lat' dir='ltr'><strong>Caeterum</strong></span> 
     </span>
    </p>
   </div>
   <div class='ocr_carea' id='block_1_35' title="bbox 453 2187 2015 2257">
    <p class='ocr_par' dir='ltr' id='par_1_35' title="bbox 453 2187 2015 2257">
     <span class='ocr_line' id='line_1_35' title="bbox 453 2187 2015 2257; baseline 0 -19"><span class='ocrx_word' id='word_1_278' title='bbox 453 2188 553 2241; x_wconf 89' lang='lat' dir='ltr'><strong>hoc</strong></span> <span class='ocrx_word' id='word_1_279' title='bbox 571 2187 842 2251; x_wconf 85' lang='lat' dir='ltr'><strong>dicebant,</strong></span> <span class='ocrx_word' id='word_1_280' title='bbox 871 2204 992 2241; x_wconf 90' lang='lat' dir='ltr'><strong>cum</strong></span> <span class='ocrx_word' id='word_1_281' title='bbox 1037 2189 1104 2241; x_wconf 89' lang='lat' dir='ltr'><strong>ab</strong></span> <span class='ocrx_word' id='word_1_282' title='bbox 1145 2189 1292 2242; x_wconf 89' lang='lat' dir='ltr'><strong>omni</strong></span> <span class='ocrx_word' id='word_1_283' title='bbox 1325 2188 1530 2241; x_wconf 83' lang='lat' dir='ltr'><strong>macula</strong></span> <span class='ocrx_word' id='word_1_284' title='bbox 1576 2187 1777 2257; x_wconf 78' lang='lat' dir='ltr'><strong>expiati</strong></span> <span class='ocrx_word' id='word_1_285' title='bbox 1828 2196 2015 2251; x_wconf 89' lang='lat' dir='ltr'><strong>erant;</strong></span> 
     </span>
    </p>
   </div>
   <div class='ocr_carea' id='block_1_36' title="bbox 449 2277 2019 2348">
    <p class='ocr_par' dir='ltr' id='par_1_36' title="bbox 449 2277 2019 2348">
     <span class='ocr_line' id='line_1_36' title="bbox 449 2277 2019 2348; baseline 0 -19"><span class='ocrx_word' id='word_1_286' title='bbox 449 2280 538 2345; x_wconf 85' lang='lat' dir='ltr'><strong>qui</strong></span> <span class='ocrx_word' id='word_1_287' title='bbox 575 2280 719 2333; x_wconf 86' lang='lat' dir='ltr'><strong>enim</strong></span> <span class='ocrx_word' id='word_1_288' title='bbox 751 2290 1144 2348; x_wconf 86' lang='lat' dir='ltr'><strong>conspurcatus</strong></span> <span class='ocrx_word' id='word_1_289' title='bbox 1173 2288 1275 2345; x_wconf 89' lang='lat' dir='ltr'><strong>est,</strong></span> <span class='ocrx_word' id='word_1_290' title='bbox 1314 2280 1358 2333; x_wconf 87' lang='lat' dir='ltr'><strong>is</strong></span> <span class='ocrx_word' id='word_1_291' title='bbox 1384 2279 1519 2333; x_wconf 86' lang='lat' dir='ltr'><strong>dicit</strong></span> <span class='ocrx_word' id='word_1_292' title='bbox 1544 2280 1590 2313; x_wconf 80' lang='grc'><strong>⁸⁸</strong></span> <span class='ocrx_word' id='word_1_293' title='bbox 1621 2296 1634 2331; x_wconf 90' lang='lat'><strong>:</strong></span> <span class='ocrx_word' id='word_1_294' title='bbox 1670 2296 1688 2329; x_wconf 88' lang='grc' dir='ltr'><strong>ι</strong></span> <span class='ocrx_word' id='word_1_295' title='bbox 1716 2279 1916 2332; x_wconf 83' lang='lat' dir='ltr'><strong>Averte</strong></span> <span class='ocrx_word' id='word_1_296' title='bbox 1941 2277 2019 2331; x_wconf 79' lang='lat' dir='ltr'><strong>fa-</strong></span> 
     </span>
    </p>
   </div>
   <div class='ocr_carea' id='block_1_37' title="bbox 448 2369 1341 2440">
    <p class='ocr_par' dir='ltr' id='par_1_37' title="bbox 448 2369 1341 2440">
     <span class='ocr_line' id='line_1_37' title="bbox 448 2369 1341 2440; baseline 0.002 -19"><span class='ocrx_word' id='word_1_297' title='bbox 448 2369 588 2423; x_wconf 78' lang='lat' dir='ltr'><strong>ciem</strong></span> <span class='ocrx_word' id='word_1_298' title='bbox 625 2382 767 2423; x_wconf 89' lang='lat' dir='ltr'><strong>tuam</strong></span> <span class='ocrx_word' id='word_1_299' title='bbox 796 2386 825 2423; x_wconf 90' lang='lat' dir='ltr'><strong>a</strong></span> <span class='ocrx_word' id='word_1_300' title='bbox 860 2372 1097 2440; x_wconf 86' lang='lat' dir='ltr'><strong>peccatis</strong></span> <span class='ocrx_word' id='word_1_301' title='bbox 1127 2371 1281 2425; x_wconf 83' lang='lat' dir='ltr'><strong>meis.</strong></span> <span class='ocrx_word' id='word_1_302' title='bbox 1323 2390 1341 2423; x_wconf 74' lang='grc' dir='ltr'><strong>ι</strong></span> 
     </span>
    </p>
   </div>
   <div class='ocr_carea' id='block_1_38' title="bbox 520 2462 2013 2532">
    <p class='ocr_par' dir='ltr' id='par_1_38' title="bbox 520 2462 2013 2532">
     <span class='ocr_line' id='line_1_38' title="bbox 520 2462 2013 2532; baseline -0.001 -17"><span class='ocrx_word' id='word_1_303' title='bbox 520 2463 793 2532; x_wconf 75' lang='lat' dir='ltr'><strong>Ejusdem.</strong></span> <span class='ocrx_word' id='word_1_304' title='bbox 846 2464 902 2518; x_wconf 88' lang='lat' dir='ltr'><strong>Si</strong></span> <span class='ocrx_word' id='word_1_305' title='bbox 948 2463 1140 2517; x_wconf 83' lang='lat' dir='ltr'><strong>faciem</strong></span> <span class='ocrx_word' id='word_1_306' title='bbox 1188 2462 1280 2517; x_wconf 88' lang='lat' dir='ltr'><strong>Dei</strong></span> <span class='ocrx_word' id='word_1_307' title='bbox 1327 2462 1499 2532; x_wconf 83' lang='lat' dir='ltr'><strong>angeli</strong></span> <span class='ocrx_word' id='word_1_308' title='bbox 1548 2463 1732 2516; x_wconf 89' lang='lat' dir='ltr'><strong>vident</strong></span> <span class='ocrx_word' id='word_1_309' title='bbox 1780 2476 2013 2531; x_wconf 84' lang='lat' dir='ltr'><strong>semper,</strong></span> 
     </span>
    </p>
   </div>
   <div class='ocr_carea' id='block_1_39' title="bbox 450 2550 2017 2622">
    <p class='ocr_par' dir='ltr' id='par_1_39' title="bbox 450 2550 2017 2622">
     <span class='ocr_line' id='line_1_39' title="bbox 450 2550 2017 2622; baseline -0.003 -15"><span class='ocrx_word' id='word_1_310' title='bbox 450 2554 673 2621; x_wconf 80' lang='lat' dir='ltr'><strong>angelus</strong></span> <span class='ocrx_word' id='word_1_311' title='bbox 700 2555 888 2622; x_wconf 88' lang='lat' dir='ltr'><strong>utique</strong></span> <span class='ocrx_word' id='word_1_312' title='bbox 918 2553 1254 2622; x_wconf 88' lang='lat' dir='ltr'><strong>concupiscit</strong></span> <span class='ocrx_word' id='word_1_313' title='bbox 1287 2552 1403 2606; x_wconf 82' lang='lat' dir='ltr'><strong>ﬁeri</strong></span> <span class='ocrx_word' id='word_1_314' title='bbox 1434 2552 1598 2606; x_wconf 85' lang='lat' dir='ltr'><strong>David</strong></span> <span class='ocrx_word' id='word_1_315' title='bbox 1626 2560 1681 2606; x_wconf 93' lang='lat' dir='ltr'><strong>et</strong></span> <span class='ocrx_word' id='word_1_316' title='bbox 1717 2552 1897 2606; x_wconf 89' lang='lat' dir='ltr'><strong>videre</strong></span> <span class='ocrx_word' id='word_1_317' title='bbox 1934 2550 2017 2603; x_wconf 75' lang='lat' dir='ltr'><strong>fa-</strong></span> 
     </span>
    </p>
   </div>
   <div class='ocr_carea' id='block_1_40' title="bbox 448 2643 731 2697">
    <p class='ocr_par' dir='ltr' id='par_1_40' title="bbox 448 2643 731 2697">
     <span class='ocr_line' id='line_1_40' title="bbox 448 2643 731 2697; baseline 0.007 -2"><span class='ocrx_word' id='word_1_318' title='bbox 448 2644 585 2696; x_wconf 87' lang='lat' dir='ltr'><strong>ciem</strong></span> <span class='ocrx_word' id='word_1_319' title='bbox 614 2643 731 2697; x_wconf 89' lang='lat' dir='ltr'><strong>Dei.</strong></span> 
     </span>
    </p>
   </div>
   <div class='ocr_carea' id='block_1_41' title="bbox 522 2820 2013 2890">
    <p class='ocr_par' dir='ltr' id='par_1_41' title="bbox 522 2820 2013 2890">
     <span class='ocr_line' id='line_1_41' title="bbox 522 2820 2013 2890; baseline -0.001 -16"><span class='ocrx_word' id='word_1_320' title='bbox 522 2821 689 2875; x_wconf 68' lang='lat' dir='ltr'><strong>Vsas.</strong></span> <span class='ocrx_word' id='word_1_321' title='bbox 731 2820 784 2875; x_wconf 71' lang='grc'><strong>4.</strong></span> <span class='ocrx_word' id='word_1_322' title='bbox 822 2820 1058 2874; x_wconf 82' lang='lat' dir='ltr'><strong>Fuerunt</strong></span> <span class='ocrx_word' id='word_1_323' title='bbox 1098 2821 1227 2875; x_wconf 74' lang='lat' dir='ltr'><strong>mihi</strong></span> <span class='ocrx_word' id='word_1_324' title='bbox 1276 2820 1522 2890; x_wconf 69' lang='lat' dir='ltr'><strong>lacryma&#39;</strong></span> <span class='ocrx_word' id='word_1_325' title='bbox 1552 2836 1701 2884; x_wconf 77' lang='lat' dir='ltr'><strong>mew,</strong></span> <span class='ocrx_word' id='word_1_326' title='bbox 1733 2828 1840 2875; x_wconf 91' lang='lat' dir='ltr'><strong>etc.</strong></span> <span class='ocrx_word' id='word_1_327' title='bbox 1867 2820 2013 2886; x_wconf 83' lang='lat' dir='ltr'><strong>Quo-</strong></span> 
     </span>
    </p>
   </div>
   <div class='ocr_carea' id='block_1_42' title="bbox 448 2909 2013 2982">
    <p class='ocr_par' dir='ltr' id='par_1_42' title="bbox 448 2909 2013 2982">
     <span class='ocr_line' id='line_1_42' title="bbox 448 2909 2013 2982; baseline 0 -16"><span class='ocrx_word' id='word_1_328' title='bbox 448 2928 567 2966; x_wconf 87' lang='lat' dir='ltr'><strong>rum</strong></span> <span class='ocrx_word' id='word_1_329' title='bbox 621 2912 873 2982; x_wconf 72' lang='lat' dir='ltr'><strong>lacrymae</strong></span> <span class='ocrx_word' id='word_1_330' title='bbox 921 2926 1086 2981; x_wconf 81' lang='lat' dir='ltr'><strong>panes</strong></span> <span class='ocrx_word' id='word_1_331' title='bbox 1130 2922 1281 2977; x_wconf 88' lang='lat' dir='ltr'><strong>sunt,</strong></span> <span class='ocrx_word' id='word_1_332' title='bbox 1336 2912 1479 2965; x_wconf 87' lang='lat' dir='ltr'><strong>beati</strong></span> <span class='ocrx_word' id='word_1_333' title='bbox 1511 2912 1602 2979; x_wconf 81' lang='lat' dir='ltr'><strong>qui</strong></span> <span class='ocrx_word' id='word_1_334' title='bbox 1657 2909 1789 2966; x_wconf 82' lang='lat' dir='ltr'><strong>ﬂent</strong></span> <span class='ocrx_word' id='word_1_335' title='bbox 1832 2914 2013 2966; x_wconf 84' lang='lat' dir='ltr'><strong>modo.</strong></span> 
     </span>
    </p>
   </div>
   <div class='ocr_carea' id='block_1_43' title="bbox 447 3002 2012 3071">
    <p class='ocr_par' dir='ltr' id='par_1_43' title="bbox 447 3002 2012 3071">
     <span class='ocr_line' id='line_1_43' title="bbox 447 3002 2012 3071; baseline -0.001 -14"><span class='ocrx_word' id='word_1_336' title='bbox 447 3002 679 3057; x_wconf 75' lang='lat' dir='ltr'><strong>Perfecti</strong></span> <span class='ocrx_word' id='word_1_337' title='bbox 709 3002 809 3056; x_wconf 89' lang='lat' dir='ltr'><strong>viri</strong></span> <span class='ocrx_word' id='word_1_338' title='bbox 840 3012 925 3058; x_wconf 89' lang='lat' dir='ltr'><strong>est</strong></span> <span class='ocrx_word' id='word_1_339' title='bbox 953 3004 1052 3058; x_wconf 88' lang='lat' dir='ltr'><strong>hoc</strong></span> <span class='ocrx_word' id='word_1_340' title='bbox 1080 3016 1235 3071; x_wconf 83' lang='lat' dir='ltr'><strong>posse</strong></span> <span class='ocrx_word' id='word_1_341' title='bbox 1256 3002 1434 3056; x_wconf 88' lang='lat' dir='ltr'><strong>dicere</strong></span> <span class='ocrx_word' id='word_1_342' title='bbox 1458 3017 1473 3054; x_wconf 91' lang='lat'><strong>:</strong></span> <span class='ocrx_word' id='word_1_343' title='bbox 1499 3002 1756 3070; x_wconf 89' lang='lat' dir='ltr'><strong>quoniam</strong></span> <span class='ocrx_word' id='word_1_344' title='bbox 1783 3002 1873 3071; x_wconf 91' lang='lat' dir='ltr'><strong>qui</strong></span> <span class='ocrx_word' id='word_1_345' title='bbox 1908 3003 2012 3056; x_wconf 85' lang='lat' dir='ltr'><strong>im-</strong></span> 
     </span>
    </p>
   </div>
   <div class='ocr_carea' id='block_1_44' title="bbox 446 3093 2016 3165">
    <p class='ocr_par' dir='ltr' id='par_1_44' title="bbox 446 3093 2016 3165">
     <span class='ocr_line' id='line_1_44' title="bbox 446 3093 2016 3165; baseline -0.002 -16"><span class='ocrx_word' id='word_1_346' title='bbox 446 3094 722 3165; x_wconf 75' lang='lat' dir='ltr'><strong>perfectus</strong></span> <span class='ocrx_word' id='word_1_347' title='bbox 764 3102 869 3157; x_wconf 85' lang='lat' dir='ltr'><strong>est,</strong></span> <span class='ocrx_word' id='word_1_348' title='bbox 916 3096 961 3148; x_wconf 87' lang='lat' dir='ltr'><strong>is</strong></span> <span class='ocrx_word' id='word_1_349' title='bbox 1002 3093 1073 3147; x_wconf 90' lang='lat' dir='ltr'><strong>ob</strong></span> <span class='ocrx_word' id='word_1_350' title='bbox 1121 3101 1375 3146; x_wconf 72' lang='lat' dir='ltr'><strong>externas</strong></span> <span class='ocrx_word' id='word_1_351' title='bbox 1418 3106 1505 3146; x_wconf 88' lang='lat' dir='ltr'><strong>res</strong></span> <span class='ocrx_word' id='word_1_352' title='bbox 1546 3093 1925 3159; x_wconf 90' lang='lat' dir='ltr'><strong>conturbatur,</strong></span> <span class='ocrx_word' id='word_1_353' title='bbox 1962 3103 2016 3148; x_wconf 90' lang='lat' dir='ltr'><strong>et</strong></span> 
     </span>
    </p>
   </div>
   <div class='ocr_carea' id='block_1_45' title="bbox 445 3182 2014 3250">
    <p class='ocr_par' dir='ltr' id='par_1_45' title="bbox 445 3182 2014 3250">
     <span class='ocr_line' id='line_1_45' title="bbox 445 3182 2014 3250; baseline 0.001 -13"><span class='ocrx_word' id='word_1_354' title='bbox 445 3186 681 3238; x_wconf 85' lang='lat' dir='ltr'><strong>animam</strong></span> <span class='ocrx_word' id='word_1_355' title='bbox 716 3195 874 3238; x_wconf 86' lang='lat' dir='ltr'><strong>extra</strong></span> <span class='ocrx_word' id='word_1_356' title='bbox 902 3197 963 3237; x_wconf 89' lang='lat' dir='ltr'><strong>se</strong></span> <span class='ocrx_word' id='word_1_357' title='bbox 985 3182 1166 3246; x_wconf 83' lang='lat' dir='ltr'><strong>habet,</strong></span> <span class='ocrx_word' id='word_1_358' title='bbox 1198 3182 1457 3237; x_wconf 86' lang='lat' dir='ltr'><strong>deformis</strong></span> <span class='ocrx_word' id='word_1_359' title='bbox 1482 3190 1538 3236; x_wconf 91' lang='lat' dir='ltr'><strong>et</strong></span> <span class='ocrx_word' id='word_1_360' title='bbox 1563 3183 1922 3250; x_wconf 84' lang='lat' dir='ltr'><strong>reprehensus</strong></span> <span class='ocrx_word' id='word_1_361' title='bbox 1945 3184 2014 3238; x_wconf 92' lang='lat' dir='ltr'><strong>ab</strong></span> 
     </span>
    </p>
   </div>
   <div class='ocr_carea' id='block_1_46' title="bbox 448 3271 2013 3343">
    <p class='ocr_par' dir='ltr' id='par_1_46' title="bbox 448 3271 2013 3343">
     <span class='ocr_line' id='line_1_46' title="bbox 448 3271 2013 3343; baseline -0.003 -12"><span class='ocrx_word' id='word_1_362' title='bbox 448 3277 725 3341; x_wconf 84' lang='lat' dir='ltr'><strong>omnibus,</strong></span> <span class='ocrx_word' id='word_1_363' title='bbox 762 3276 886 3329; x_wconf 90' lang='lat' dir='ltr'><strong>dum</strong></span> <span class='ocrx_word' id='word_1_364' title='bbox 912 3273 1095 3328; x_wconf 88' lang='lat' dir='ltr'><strong>verbis</strong></span> <span class='ocrx_word' id='word_1_365' title='bbox 1126 3272 1361 3325; x_wconf 87' lang='lat' dir='ltr'><strong>animam</strong></span> <span class='ocrx_word' id='word_1_366' title='bbox 1393 3271 1648 3327; x_wconf 87' lang='lat' dir='ltr'><strong>denudat.</strong></span> <span class='ocrx_word' id='word_1_367' title='bbox 1685 3273 1735 3327; x_wconf 85' lang='lat' dir='ltr'><strong>is</strong></span> <span class='ocrx_word' id='word_1_368' title='bbox 1757 3287 1886 3328; x_wconf 82' lang='lat' dir='ltr'><strong>vero</strong></span> <span class='ocrx_word' id='word_1_369' title='bbox 1922 3274 2013 3343; x_wconf 90' lang='lat' dir='ltr'><strong>qui</strong></span> 
     </span>
    </p>
   </div>
   <div class='ocr_carea' id='block_1_47' title="bbox 449 3362 2015 3430">
    <p class='ocr_par' dir='ltr' id='par_1_47' title="bbox 449 3362 2015 3430">
     <span class='ocr_line' id='line_1_47' title="bbox 449 3362 2015 3430; baseline -0.001 -11"><span class='ocrx_word' id='word_1_370' title='bbox 449 3373 670 3420; x_wconf 76' lang='lat' dir='ltr'><strong>sanctus</strong></span> <span class='ocrx_word' id='word_1_371' title='bbox 700 3374 806 3430; x_wconf 89' lang='lat' dir='ltr'><strong>est,</strong></span> <span class='ocrx_word' id='word_1_372' title='bbox 838 3380 868 3417; x_wconf 88' lang='lat' dir='ltr'><strong>a</strong></span> <span class='ocrx_word' id='word_1_373' title='bbox 889 3364 1049 3419; x_wconf 88' lang='lat' dir='ltr'><strong>rebus</strong></span> <span class='ocrx_word' id='word_1_374' title='bbox 1065 3362 1431 3418; x_wconf 78' lang='lat' dir='ltr'><strong>exterioribus</strong></span> <span class='ocrx_word' id='word_1_375' title='bbox 1451 3362 1689 3416; x_wconf 88' lang='lat' dir='ltr'><strong>animum</strong></span> <span class='ocrx_word' id='word_1_376' title='bbox 1720 3379 1873 3418; x_wconf 87' lang='lat' dir='ltr'><strong>suum</strong></span> <span class='ocrx_word' id='word_1_377' title='bbox 1904 3365 2015 3418; x_wconf 87' lang='lat' dir='ltr'><strong>col-</strong></span> 
     </span>
    </p>
   </div>
   <div class='ocr_carea' id='block_1_48' title="bbox 453 3453 2013 3525">
    <p class='ocr_par' dir='ltr' id='par_1_48' title="bbox 453 3453 2013 3525">
     <span class='ocr_line' id='line_1_48' title="bbox 453 3453 2013 3525; baseline 0.003 -18"><span class='ocrx_word' id='word_1_378' title='bbox 453 3457 591 3525; x_wconf 74' lang='lat' dir='ltr'><strong>ligit.</strong></span> <span class='ocrx_word' id='word_1_379' title='bbox 623 3455 727 3521; x_wconf 80' lang='lat' dir='ltr'><strong>Qui</strong></span> <span class='ocrx_word' id='word_1_380' title='bbox 762 3466 944 3509; x_wconf 87' lang='lat' dir='ltr'><strong>autem</strong></span> <span class='ocrx_word' id='word_1_381' title='bbox 993 3469 1058 3508; x_wconf 83' lang='lat' dir='ltr'><strong>ex</strong></span> <span class='ocrx_word' id='word_1_382' title='bbox 1101 3453 1297 3508; x_wconf 77' lang='lat' dir='ltr'><strong>aﬂ&#39;ectu</strong></span> <span class='ocrx_word' id='word_1_383' title='bbox 1339 3453 1700 3524; x_wconf 88' lang='lat' dir='ltr'><strong>lacrymatur,</strong></span> <span class='ocrx_word' id='word_1_384' title='bbox 1743 3453 2013 3525; x_wconf 86' lang='lat' dir='ltr'><strong>lacrymas</strong></span> 
     </span>
    </p>
   </div>
   <div class='ocr_carea' id='block_1_49' title="bbox 443 3546 2013 3616">
    <p class='ocr_par' dir='ltr' id='par_1_49' title="bbox 443 3546 2013 3616">
     <span class='ocr_line' id='line_1_49' title="bbox 443 3546 2013 3616; baseline 0 -15"><span class='ocrx_word' id='word_1_385' title='bbox 443 3563 574 3602; x_wconf 85' lang='lat' dir='ltr'><strong>suas</strong></span> <span class='ocrx_word' id='word_1_386' title='bbox 609 3550 782 3601; x_wconf 76' lang='lat' dir='ltr'><strong>instar</strong></span> <span class='ocrx_word' id='word_1_387' title='bbox 804 3548 962 3616; x_wconf 88' lang='lat' dir='ltr'><strong>panis</strong></span> <span class='ocrx_word' id='word_1_388' title='bbox 998 3546 1376 3612; x_wconf 87' lang='lat' dir='ltr'><strong>manducabit;</strong></span> <span class='ocrx_word' id='word_1_389' title='bbox 1410 3561 1514 3600; x_wconf 93' lang='lat' dir='ltr'><strong>non</strong></span> <span class='ocrx_word' id='word_1_390' title='bbox 1544 3546 1718 3600; x_wconf 84' lang='lat' dir='ltr'><strong>solum</strong></span> <span class='ocrx_word' id='word_1_391' title='bbox 1750 3547 1802 3600; x_wconf 92' lang='lat' dir='ltr'><strong>in</strong></span> <span class='ocrx_word' id='word_1_392' title='bbox 1855 3548 2013 3602; x_wconf 91' lang='lat' dir='ltr'><strong>rebus</strong></span> 
     </span>
    </p>
   </div>
   <div class='ocr_carea' id='block_1_50' title="bbox 446 3636 2008 3706">
    <p class='ocr_par' dir='ltr' id='par_1_50' title="bbox 446 3636 2008 3706">
     <span class='ocr_line' id='line_1_50' title="bbox 446 3636 2008 3706; baseline 0.002 -16"><span class='ocrx_word' id='word_1_393' title='bbox 446 3638 740 3706; x_wconf 72' lang='lat' dir='ltr'><strong>prosperis,</strong></span> <span class='ocrx_word' id='word_1_394' title='bbox 787 3651 921 3705; x_wconf 89' lang='lat' dir='ltr'><strong>quas</strong></span> <span class='ocrx_word' id='word_1_395' title='bbox 956 3637 1097 3691; x_wconf 90' lang='lat' dir='ltr'><strong>diem</strong></span> <span class='ocrx_word' id='word_1_396' title='bbox 1148 3645 1328 3701; x_wconf 88' lang='lat' dir='ltr'><strong>vocat,</strong></span> <span class='ocrx_word' id='word_1_397' title='bbox 1386 3636 1484 3691; x_wconf 88' lang='lat' dir='ltr'><strong>sed</strong></span> <span class='ocrx_word' id='word_1_398' title='bbox 1527 3637 1692 3691; x_wconf 83' lang='lat' dir='ltr'><strong>etiam</strong></span> <span class='ocrx_word' id='word_1_399' title='bbox 1744 3638 2008 3703; x_wconf 86' lang='lat' dir='ltr'><strong>adversis,</strong></span> 
     </span>
    </p>
   </div>
   <div class='ocr_carea' id='block_1_51' title="bbox 443 3729 1111 3796">
    <p class='ocr_par' dir='ltr' id='par_1_51' title="bbox 443 3729 1111 3796">
     <span class='ocr_line' id='line_1_51' title="bbox 443 3729 1111 3796; baseline 0.003 -17"><span class='ocrx_word' id='word_1_400' title='bbox 443 3744 577 3796; x_wconf 80' lang='lat' dir='ltr'><strong>quas</strong></span> <span class='ocrx_word' id='word_1_401' title='bbox 602 3738 813 3782; x_wconf 85' lang='lat' dir='ltr'><strong>noctem</strong></span> <span class='ocrx_word' id='word_1_402' title='bbox 848 3729 1111 3782; x_wconf 88' lang='lat' dir='ltr'><strong>nominat.</strong></span> 
     </span>
    </p>
   </div>
   <div class='ocr_carea' id='block_1_52' title="bbox 515 3817 2011 3889">
    <p class='ocr_par' dir='ltr' id='par_1_52' title="bbox 515 3817 2011 3889">
     <span class='ocr_line' id='line_1_52' title="bbox 515 3817 2011 3889; baseline 0.002 -18"><span class='ocrx_word' id='word_1_403' title='bbox 515 3818 676 3889; x_wconf 65' lang='lat' dir='ltr'><strong>7M</strong></span> <span class='ocrx_word' id='word_1_404' title='bbox 717 3819 986 3888; x_wconf 73' lang='lat' dir='ltr'><strong>Ejusdem.</strong></span> <span class='ocrx_word' id='word_1_405' title='bbox 1020 3817 1163 3873; x_wconf 87' lang='lat' dir='ltr'><strong>Nihil</strong></span> <span class='ocrx_word' id='word_1_406' title='bbox 1194 3819 1413 3887; x_wconf 89' lang='lat' dir='ltr'><strong>perinde</strong></span> <span class='ocrx_word' id='word_1_407' title='bbox 1455 3818 1626 3873; x_wconf 89' lang='lat' dir='ltr'><strong>nutrit</strong></span> <span class='ocrx_word' id='word_1_408' title='bbox 1655 3834 1719 3874; x_wconf 87' lang='lat' dir='ltr'><strong>ac</strong></span> <span class='ocrx_word' id='word_1_409' title='bbox 1763 3818 2011 3889; x_wconf 84' lang='lat' dir='ltr'><strong>planctus</strong></span> 
     </span>
    </p>
   </div>
   <div class='ocr_carea' id='block_1_53' title="bbox 443 3911 2011 3982">
    <p class='ocr_par' dir='ltr' id='par_1_53' title="bbox 443 3911 2011 3982">
     <span class='ocr_line' id='line_1_53' title="bbox 443 3911 2011 3982; baseline 0.002 -18"><span class='ocrx_word' id='word_1_410' title='bbox 443 3911 535 3965; x_wconf 74' lang='lat' dir='ltr'><strong>ille</strong></span> <span class='ocrx_word' id='word_1_411' title='bbox 563 3913 657 3980; x_wconf 89' lang='lat' dir='ltr'><strong>qui</strong></span> <span class='ocrx_word' id='word_1_412' title='bbox 692 3914 863 3966; x_wconf 88' lang='lat' dir='ltr'><strong>nutrit</strong></span> <span class='ocrx_word' id='word_1_413' title='bbox 893 3911 1155 3966; x_wconf 87' lang='lat' dir='ltr'><strong>animam.</strong></span> <span class='ocrx_word' id='word_1_414' title='bbox 1190 3911 1340 3966; x_wconf 81' lang='lat' dir='ltr'><strong>Beati</strong></span> <span class='ocrx_word' id='word_1_415' title='bbox 1366 3912 1455 3981; x_wconf 91' lang='lat' dir='ltr'><strong>qui</strong></span> <span class='ocrx_word' id='word_1_416' title='bbox 1502 3911 1633 3965; x_wconf 83' lang='lat' dir='ltr'><strong>ﬂent</strong></span> <span class='ocrx_word' id='word_1_417' title='bbox 1659 3912 1839 3976; x_wconf 92' lang='lat' dir='ltr'><strong>modo,</strong></span> <span class='ocrx_word' id='word_1_418' title='bbox 1875 3928 2011 3982; x_wconf 87' lang='lat' dir='ltr'><strong>quo-</strong></span> 
     </span>
    </p>
   </div>
   <div class='ocr_carea' id='block_1_54' title="bbox 442 4001 883 4055">
    <p class='ocr_par' dir='ltr' id='par_1_54' title="bbox 442 4001 883 4055">
     <span class='ocr_line' id='line_1_54' title="bbox 442 4001 883 4055; baseline 0 0"><span class='ocrx_word' id='word_1_419' title='bbox 442 4001 585 4055; x_wconf 76' lang='lat' dir='ltr'><strong>niam</strong></span> <span class='ocrx_word' id='word_1_420' title='bbox 613 4001 883 4055; x_wconf 87' lang='lat' dir='ltr'><strong>ridebunt.</strong></span> 
     </span>
    </p>
   </div>
   <div class='ocr_carea' id='block_1_55' title="bbox 516 4088 2010 4160">
    <p class='ocr_par' dir='ltr' id='par_1_55' title="bbox 516 4088 2010 4160">
     <span class='ocr_line' id='line_1_55' title="bbox 516 4088 2010 4160; baseline -0.003 -14"><span class='ocrx_word' id='word_1_421' title='bbox 516 4093 652 4146; x_wconf 84' lang='lat' dir='ltr'><strong>Dum</strong></span> <span class='ocrx_word' id='word_1_422' title='bbox 678 4093 875 4145; x_wconf 84' lang='lat' dir='ltr'><strong>dicitur</strong></span> <span class='ocrx_word' id='word_1_423' title='bbox 916 4092 1042 4144; x_wconf 84' lang='lat' dir='ltr'><strong>mihi</strong></span> <span class='ocrx_word' id='word_1_424' title='bbox 1079 4091 1312 4160; x_wconf 79' lang='lat' dir='ltr'><strong>quotidie</strong></span> <span class='ocrx_word' id='word_1_425' title='bbox 1338 4104 1357 4141; x_wconf 83' lang='lat'><strong>.&#39;</strong></span> <span class='ocrx_word' id='word_1_426' title='bbox 1388 4088 1490 4143; x_wconf 78' lang='lat' dir='ltr'><strong>Ubi</strong></span> <span class='ocrx_word' id='word_1_427' title='bbox 1539 4099 1612 4143; x_wconf 72' lang='lat' dir='ltr'><strong>est</strong></span> <span class='ocrx_word' id='word_1_428' title='bbox 1657 4088 1794 4141; x_wconf 79' lang='lat' dir='ltr'><strong>Deus</strong></span> <span class='ocrx_word' id='word_1_429' title='bbox 1833 4100 1953 4142; x_wconf 73' lang='lat' dir='ltr'><strong>tuus</strong></span> <span class='ocrx_word' id='word_1_430' title='bbox 1983 4090 2010 4142; x_wconf 74' lang='grc'><em>2</em></span> 
     </span>
    </p>
   </div>
   <div class='ocr_carea' id='block_1_56' title="bbox 439 4182 2007 4252">
    <p class='ocr_par' dir='ltr' id='par_1_56' title="bbox 439 4182 2007 4252">
     <span class='ocr_line' id='line_1_56' title="bbox 439 4182 2007 4252; baseline -0.001 -14"><span class='ocrx_word' id='word_1_431' title='bbox 439 4195 548 4238; x_wconf 89' lang='lat' dir='ltr'><strong>etc.</strong></span> <span class='ocrx_word' id='word_1_432' title='bbox 596 4184 773 4249; x_wconf 89' lang='lat' dir='ltr'><strong>Deus,</strong></span> <span class='ocrx_word' id='word_1_433' title='bbox 809 4193 1078 4252; x_wconf 87' lang='lat' dir='ltr'><strong>quatenus</strong></span> <span class='ocrx_word' id='word_1_434' title='bbox 1123 4182 1302 4250; x_wconf 77' lang='lat' dir='ltr'><strong>opifex</strong></span> <span class='ocrx_word' id='word_1_435' title='bbox 1326 4221 1342 4245; x_wconf 94' lang='lat'><strong>,</strong></span> <span class='ocrx_word' id='word_1_436' title='bbox 1382 4190 1465 4235; x_wconf 82' lang='lat' dir='ltr'><strong>est</strong></span> <span class='ocrx_word' id='word_1_437' title='bbox 1496 4182 1547 4235; x_wconf 91' lang='lat' dir='ltr'><strong>in</strong></span> <span class='ocrx_word' id='word_1_438' title='bbox 1599 4183 1850 4237; x_wconf 88' lang='lat' dir='ltr'><strong>omnibus</strong></span> <span class='ocrx_word' id='word_1_439' title='bbox 1888 4198 2007 4252; x_wconf 64' lang='lat' dir='ltr'><strong>qua:</strong></span> 
     </span>
    </p>
   </div>
   <div class='ocr_carea' id='block_1_57' title="bbox 439 4273 2008 4343">
    <p class='ocr_par' dir='ltr' id='par_1_57' title="bbox 439 4273 2008 4343">
     <span class='ocr_line' id='line_1_57' title="bbox 439 4273 2008 4343; baseline 0 -14"><span class='ocrx_word' id='word_1_440' title='bbox 439 4276 584 4329; x_wconf 69' lang='lat' dir='ltr'><strong>facta</strong></span> <span class='ocrx_word' id='word_1_441' title='bbox 614 4286 772 4338; x_wconf 87' lang='lat' dir='ltr'><strong>sunt;</strong></span> <span class='ocrx_word' id='word_1_442' title='bbox 806 4284 1073 4343; x_wconf 89' lang='lat' dir='ltr'><strong>quatenus</strong></span> <span class='ocrx_word' id='word_1_443' title='bbox 1111 4274 1283 4326; x_wconf 91' lang='lat' dir='ltr'><strong>virtus</strong></span> <span class='ocrx_word' id='word_1_444' title='bbox 1307 4283 1360 4326; x_wconf 90' lang='lat' dir='ltr'><strong>et</strong></span> <span class='ocrx_word' id='word_1_445' title='bbox 1388 4273 1649 4342; x_wconf 84' lang='lat' dir='ltr'><strong>sapientia</strong></span> <span class='ocrx_word' id='word_1_446' title='bbox 1683 4312 1699 4337; x_wconf 86' lang='lat'><strong>,</strong></span> <span class='ocrx_word' id='word_1_447' title='bbox 1743 4274 1795 4326; x_wconf 91' lang='lat' dir='ltr'><strong>in</strong></span> <span class='ocrx_word' id='word_1_448' title='bbox 1833 4275 2008 4329; x_wconf 85' lang='lat' dir='ltr'><strong>omni-</strong></span> 
     </span>
    </p>
   </div>
   <div class='ocr_carea' id='block_1_58' title="bbox 2120 1817 3676 1892">
    <p class='ocr_par' dir='ltr' id='par_1_58' title="bbox 2120 1817 3676 1892">
     <span class='ocr_line' id='line_1_58' title="bbox 2120 1817 3676 1892; baseline 0.001 -20"><span class='ocrx_word' id='word_1_449' title='bbox 2120 1820 2198 1889; x_wconf 80' lang='grc' dir='ltr'><strong>τῷ</strong></span> <span class='ocrx_word' id='word_1_450' title='bbox 2220 1818 2493 1889; x_wconf 85' lang='grc' dir='ltr'><strong>προσώπῳ</strong></span> <span class='ocrx_word' id='word_1_451' title='bbox 2514 1818 2606 1871; x_wconf 91' lang='grc' dir='ltr'><strong>τοῦ</strong></span> <span class='ocrx_word' id='word_1_452' title='bbox 2623 1817 2778 1881; x_wconf 89' lang='grc' dir='ltr'><strong>Θεοῦ,</strong></span> <span class='ocrx_word' id='word_1_453' title='bbox 2808 1819 3205 1888; x_wconf 78' lang='grc' dir='ltr'><strong>ἀποτρέποντος</strong></span> <span class='ocrx_word' id='word_1_454' title='bbox 3224 1819 3354 1872; x_wconf 74' lang='grc' dir='ltr'><strong>αὐτὸ</strong></span> <span class='ocrx_word' id='word_1_455' title='bbox 3382 1820 3491 1872; x_wconf 85' lang='grc' dir='ltr'><strong>ἀπὸ</strong></span> <span class='ocrx_word' id='word_1_456' title='bbox 3525 1821 3676 1892; x_wconf 84' lang='grc' dir='ltr'><strong>ἁμαρ</strong></span> 
     </span>
    </p>
   </div>
   <div class='ocr_carea' id='block_1_59' title="bbox 2119 1910 3691 1983">
    <p class='ocr_par' dir='ltr' id='par_1_59' title="bbox 2119 1910 3691 1983">
     <span class='ocr_line' id='line_1_59' title="bbox 2119 1910 3691 1983; baseline 0.001 -20"><span class='ocrx_word' id='word_1_457' title='bbox 2119 1910 2323 1964; x_wconf 86' lang='grc' dir='ltr'><strong>τωλῶν.</strong></span> <span class='ocrx_word' id='word_1_458' title='bbox 2346 1910 2411 1963; x_wconf 83' lang='lat' dir='ltr'><strong>&quot;H</strong></span> <span class='ocrx_word' id='word_1_459' title='bbox 2441 1913 2515 1973; x_wconf 83' lang='grc' dir='ltr'><strong>ὡς</strong></span> <span class='ocrx_word' id='word_1_460' title='bbox 2532 1910 2968 1981; x_wconf 77' lang='grc' dir='ltr'><strong>ἀποστρέψαντος</strong></span> <span class='ocrx_word' id='word_1_461' title='bbox 2997 1911 3088 1963; x_wconf 89' lang='grc' dir='ltr'><strong>τοῦ</strong></span> <span class='ocrx_word' id='word_1_462' title='bbox 3105 1911 3239 1964; x_wconf 89' lang='grc' dir='ltr'><strong>Θεοῦ</strong></span> <span class='ocrx_word' id='word_1_463' title='bbox 3267 1912 3364 1982; x_wconf 81' lang='grc' dir='ltr'><strong>τὴν</strong></span> <span class='ocrx_word' id='word_1_464' title='bbox 3395 1914 3691 1983; x_wconf 66' lang='grc' dir='ltr'><strong>ὲποπτικὴν</strong></span> 
     </span>
    </p>
   </div>
   <div class='ocr_carea' id='block_1_60' title="bbox 2119 2001 3691 2074">
    <p class='ocr_par' dir='ltr' id='par_1_60' title="bbox 2119 2001 3691 2074">
     <span class='ocr_line' id='line_1_60' title="bbox 2119 2001 3691 2074; baseline 0.002 -20"><span class='ocrx_word' id='word_1_465' title='bbox 2119 2001 2284 2055; x_wconf 78' lang='grc' dir='ltr'><strong>αὐτοῦ</strong></span> <span class='ocrx_word' id='word_1_466' title='bbox 2298 2001 2522 2072; x_wconf 88' lang='grc' dir='ltr'><strong>δύναμιν</strong></span> <span class='ocrx_word' id='word_1_467' title='bbox 2550 2002 2656 2054; x_wconf 88' lang='grc' dir='ltr'><strong>ἀπὸ</strong></span> <span class='ocrx_word' id='word_1_468' title='bbox 2685 2001 2779 2054; x_wconf 89' lang='grc' dir='ltr'><strong>τοῦ</strong></span> <span class='ocrx_word' id='word_1_469' title='bbox 2803 2002 2955 2065; x_wconf 89' lang='grc' dir='ltr'><strong>λαοῦ,</strong></span> <span class='ocrx_word' id='word_1_470' title='bbox 2982 2002 3319 2074; x_wconf 83' lang='grc' dir='ltr'><strong>ἀπεθρήνουν</strong></span> <span class='ocrx_word' id='word_1_471' title='bbox 3335 2002 3432 2074; x_wconf 83' lang='grc' dir='ltr'><strong>τὴν</strong></span> <span class='ocrx_word' id='word_1_472' title='bbox 3463 2005 3691 2058; x_wconf 78' lang='grc' dir='ltr'><strong>ἐνταῦθα</strong></span> 
     </span>
    </p>
   </div>
   <div class='ocr_carea' id='block_1_61' title="bbox 2119 2092 3691 2165">
    <p class='ocr_par' dir='ltr' id='par_1_61' title="bbox 2119 2092 3691 2165">
     <span class='ocr_line' id='line_1_61' title="bbox 2119 2092 3691 2165; baseline 0.002 -20"><span class='ocrx_word' id='word_1_473' title='bbox 2119 2094 2284 2163; x_wconf 76' lang='grc' dir='ltr'><strong>ζωήν·</strong></span> <span class='ocrx_word' id='word_1_474' title='bbox 2319 2094 2455 2165; x_wconf 89' lang='grc' dir='ltr'><strong>πρὸς</strong></span> <span class='ocrx_word' id='word_1_475' title='bbox 2483 2093 2642 2145; x_wconf 85' lang='grc' dir='ltr'><strong>αὑτὸν</strong></span> <span class='ocrx_word' id='word_1_476' title='bbox 2673 2092 2729 2146; x_wconf 81' lang='grc' dir='ltr'><strong>δὲ</strong></span> <span class='ocrx_word' id='word_1_477' title='bbox 2765 2095 3035 2163; x_wconf 84' lang='grc' dir='ltr'><strong>καταντᾷν</strong></span> <span class='ocrx_word' id='word_1_478' title='bbox 3067 2093 3356 2163; x_wconf 73' lang='grc' dir='ltr'><strong>ἠϐούλοντο</strong></span> <span class='ocrx_word' id='word_1_479' title='bbox 3388 2094 3475 2146; x_wconf 88' lang='grc' dir='ltr'><strong>τὸν</strong></span> <span class='ocrx_word' id='word_1_480' title='bbox 3539 2096 3691 2149; x_wconf 87' lang='grc' dir='ltr'><strong>Θεόν.</strong></span> 
     </span>
    </p>
   </div>
   <div class='ocr_carea' id='block_1_62' title="bbox 2120 2182 3690 2257">
    <p class='ocr_par' dir='ltr' id='par_1_62' title="bbox 2120 2182 3690 2257">
     <span class='ocr_line' id='line_1_62' title="bbox 2120 2182 3690 2257; baseline 0.003 -24"><span class='ocrx_word' id='word_1_481' title='bbox 2120 2182 2290 2235; x_wconf 88' lang='grc' dir='ltr'><strong>Τοῦτο</strong></span> <span class='ocrx_word' id='word_1_482' title='bbox 2330 2183 2386 2234; x_wconf 81' lang='grc' dir='ltr'><strong>δὲ</strong></span> <span class='ocrx_word' id='word_1_483' title='bbox 2414 2182 2595 2250; x_wconf 77' lang='grc' dir='ltr'><strong>ἔλεγον</strong></span> <span class='ocrx_word' id='word_1_484' title='bbox 2619 2183 2815 2245; x_wconf 82' lang='grc' dir='ltr'><strong>παντὸς</strong></span> <span class='ocrx_word' id='word_1_485' title='bbox 2850 2182 3040 2253; x_wconf 82' lang='grc' dir='ltr'><strong>μώμου</strong></span> <span class='ocrx_word' id='word_1_486' title='bbox 3074 2184 3494 2253; x_wconf 86' lang='grc' dir='ltr'><strong>κεκαθαρμένοι·</strong></span> <span class='ocrx_word' id='word_1_487' title='bbox 3531 2188 3558 2238; x_wconf 89' lang='grc' dir='ltr'>ὁ</span> <span class='ocrx_word' id='word_1_488' title='bbox 3582 2185 3690 2257; x_wconf 88' lang='grc' dir='ltr'><strong>γάρ</strong></span> 
     </span>
    </p>
   </div>
   <div class='ocr_carea' id='block_1_63' title="bbox 2118 2275 3690 2348">
    <p class='ocr_par' dir='ltr' id='par_1_63' title="bbox 2118 2275 3690 2348">
     <span class='ocr_line' id='line_1_63' title="bbox 2118 2275 3690 2348; baseline 0.002 -22"><span class='ocrx_word' id='word_1_489' title='bbox 2118 2275 2504 2345; x_wconf 82' lang='grc' dir='ltr'><strong>ἑσπιλωμένος,</strong></span> <span class='ocrx_word' id='word_1_490' title='bbox 2529 2294 2546 2326; x_wconf 88' lang='grc' dir='ltr'><strong>ι</strong></span> <span class='ocrx_word' id='word_1_491' title='bbox 2590 2275 2975 2345; x_wconf 76' lang='grc' dir='ltr'><strong>Ἀπόστρεψον,</strong></span> <span class='ocrx_word' id='word_1_492' title='bbox 3007 2277 3159 2346; x_wconf 75' lang='grc' dir='ltr'><strong>φησὶ,</strong></span> <span class='ocrx_word' id='word_1_493' title='bbox 3187 2277 3248 2329; x_wconf 91' lang='grc' dir='ltr'><strong>τὸ</strong></span> <span class='ocrx_word' id='word_1_494' title='bbox 3279 2278 3565 2348; x_wconf 84' lang='grc' dir='ltr'><strong>πρόσωπόν</strong></span> <span class='ocrx_word' id='word_1_495' title='bbox 3598 2296 3690 2330; x_wconf 87' lang='grc' dir='ltr'><strong>σου</strong></span> 
     </span>
    </p>
   </div>
   <div class='ocr_carea' id='block_1_64' title="bbox 2118 2365 2936 2436">
    <p class='ocr_par' dir='ltr' id='par_1_64' title="bbox 2118 2365 2936 2436">
     <span class='ocr_line' id='line_1_64' title="bbox 2118 2365 2936 2436; baseline 0 -18"><span class='ocrx_word' id='word_1_496' title='bbox 2118 2367 2226 2418; x_wconf 79' lang='grc' dir='ltr'><strong>ἀπὸ</strong></span> <span class='ocrx_word' id='word_1_497' title='bbox 2254 2365 2359 2417; x_wconf 84' lang='grc' dir='ltr'><strong>τῶν</strong></span> <span class='ocrx_word' id='word_1_498' title='bbox 2392 2367 2675 2436; x_wconf 83' lang='grc' dir='ltr'><strong>ἁμαρτιῶν</strong></span> <span class='ocrx_word' id='word_1_499' title='bbox 2716 2382 2837 2436; x_wconf 89' lang='grc' dir='ltr'><strong>μου.</strong></span> <span class='ocrx_word' id='word_1_500' title='bbox 2868 2387 2885 2418; x_wconf 76' lang='grc' dir='ltr'><strong>ι</strong></span> <span class='ocrx_word' id='word_1_501' title='bbox 2923 2399 2936 2413; x_wconf 78' lang='grc' dir='ltr'><strong>ι</strong></span> 
     </span>
    </p>
   </div>
   <div class='ocr_carea' id='block_1_65' title="bbox 2194 2457 3690 2529">
    <p class='ocr_par' dir='ltr' id='par_1_65' title="bbox 2194 2457 3690 2529">
     <span class='ocr_line' id='line_1_65' title="bbox 2194 2457 3690 2529; baseline 0.001 -18"><span class='ocrx_word' id='word_1_502' title='bbox 2194 2457 2303 2511; x_wconf 67' lang='lat' dir='ltr'><strong>T05</strong></span> <span class='ocrx_word' id='word_1_503' title='bbox 2360 2457 2565 2510; x_wconf 81' lang='grc' dir='ltr'><strong>αὐτοῦ.</strong></span> <span class='ocrx_word' id='word_1_504' title='bbox 2613 2457 2675 2510; x_wconf 76' lang='lat' dir='ltr'><strong>Et</strong></span> <span class='ocrx_word' id='word_1_505' title='bbox 2734 2457 2795 2509; x_wconf 88' lang='grc' dir='ltr'><strong>τὸ</strong></span> <span class='ocrx_word' id='word_1_506' title='bbox 2849 2457 3136 2528; x_wconf 86' lang='grc' dir='ltr'><strong>πρόσωπον</strong></span> <span class='ocrx_word' id='word_1_507' title='bbox 3180 2457 3286 2529; x_wconf 87' lang='grc'>(90)</span> <span class='ocrx_word' id='word_1_508' title='bbox 3320 2458 3408 2510; x_wconf 87' lang='grc' dir='ltr'><strong>τοῦ</strong></span> <span class='ocrx_word' id='word_1_509' title='bbox 3463 2457 3596 2511; x_wconf 86' lang='grc' dir='ltr'><strong>Θεοῦ</strong></span> <span class='ocrx_word' id='word_1_510' title='bbox 3640 2460 3690 2512; x_wconf 71' lang='grc' dir='ltr'><strong>οι</strong></span> 
     </span>
    </p>
   </div>
   <div class='ocr_carea' id='block_1_66' title="bbox 2116 2548 3687 2620">
    <p class='ocr_par' dir='ltr' id='par_1_66' title="bbox 2116 2548 3687 2620">
     <span class='ocr_line' id='line_1_66' title="bbox 2116 2548 3687 2620; baseline -0.001 -18"><span class='ocrx_word' id='word_1_511' title='bbox 2116 2548 2335 2617; x_wconf 77' lang='grc' dir='ltr'><strong>ἄγγελοι</strong></span> <span class='ocrx_word' id='word_1_512' title='bbox 2378 2549 2632 2619; x_wconf 83' lang='grc' dir='ltr'><strong>βλέπουσι</strong></span> <span class='ocrx_word' id='word_1_513' title='bbox 2686 2548 2773 2602; x_wconf 81' lang='grc' dir='ltr'><strong>διὰ</strong></span> <span class='ocrx_word' id='word_1_514' title='bbox 2806 2551 3020 2613; x_wconf 86' lang='grc' dir='ltr'><strong>παντὸς,</strong></span> <span class='ocrx_word' id='word_1_515' title='bbox 3061 2550 3283 2617; x_wconf 77' lang='grc' dir='ltr'><strong>ἄγγελος</strong></span> <span class='ocrx_word' id='word_1_516' title='bbox 3336 2551 3442 2620; x_wconf 82' lang='grc' dir='ltr'><strong>ἄρα</strong></span> <span class='ocrx_word' id='word_1_517' title='bbox 3495 2549 3687 2602; x_wconf 80' lang='grc' dir='ltr'><strong>ἐπιθυ-</strong></span> 
     </span>
    </p>
   </div>
   <div class='ocr_carea' id='block_1_67' title="bbox 2118 2640 3688 2714">
    <p class='ocr_par' dir='ltr' id='par_1_67' title="bbox 2118 2640 3688 2714">
     <span class='ocr_line' id='line_1_67' title="bbox 2118 2640 3688 2714; baseline -0.001 -18"><span class='ocrx_word' id='word_1_518' title='bbox 2118 2647 2211 2714; x_wconf 77' lang='grc' dir='ltr'><strong>μεῖ</strong></span> <span class='ocrx_word' id='word_1_519' title='bbox 2242 2643 2492 2712; x_wconf 83' lang='grc' dir='ltr'><strong>γενέσθαι</strong></span> <span class='ocrx_word' id='word_1_520' title='bbox 2535 2644 2564 2695; x_wconf 85' lang='grc' dir='ltr'><strong>ὁ</strong></span> <span class='ocrx_word' id='word_1_521' title='bbox 2610 2642 2771 2695; x_wconf 76' lang='grc' dir='ltr'><strong>Δαυῒδ</strong></span> <span class='ocrx_word' id='word_1_522' title='bbox 2814 2643 2909 2695; x_wconf 75' lang='grc' dir='ltr'><strong>καὶ</strong></span> <span class='ocrx_word' id='word_1_523' title='bbox 2939 2642 3154 2713; x_wconf 81' lang='grc' dir='ltr'><strong>βλέπειν</strong></span> <span class='ocrx_word' id='word_1_524' title='bbox 3185 2642 3241 2694; x_wconf 88' lang='grc' dir='ltr'><strong>τὸ</strong></span> <span class='ocrx_word' id='word_1_525' title='bbox 3275 2641 3559 2711; x_wconf 84' lang='grc' dir='ltr'><strong>πρόσωπον</strong></span> <span class='ocrx_word' id='word_1_526' title='bbox 3590 2640 3688 2695; x_wconf 74' lang='grc' dir='ltr'><strong>τσῦ</strong></span> 
     </span>
    </p>
   </div>
   <div class='ocr_carea' id='block_1_68' title="bbox 2115 2734 2269 2790">
    <p class='ocr_par' dir='ltr' id='par_1_68' title="bbox 2115 2734 2269 2790">
     <span class='ocr_line' id='line_1_68' title="bbox 2115 2734 2269 2790; baseline 0.026 -4"><span class='ocrx_word' id='word_1_527' title='bbox 2115 2734 2269 2790; x_wconf 88' lang='grc' dir='ltr'><strong>Θεοῦ.</strong></span> 
     </span>
    </p>
   </div>
   <div class='ocr_carea' id='block_1_69' title="bbox 2198 2822 3687 2896">
    <p class='ocr_par' dir='ltr' id='par_1_69' title="bbox 2198 2822 3687 2896">
     <span class='ocr_line' id='line_1_69' title="bbox 2198 2822 3687 2896; baseline 0.003 -19"><span class='ocrx_word' id='word_1_528' title='bbox 2198 2827 2477 2896; x_wconf 70' lang='grc' dir='ltr'><strong>Ἐγενήθη</strong></span> <span class='ocrx_word' id='word_1_529' title='bbox 2514 2828 2587 2881; x_wconf 83' lang='grc' dir='ltr'><strong>τὰ</strong></span> <span class='ocrx_word' id='word_1_530' title='bbox 2627 2827 2858 2895; x_wconf 79' lang='grc' dir='ltr'><strong>δάκρυά</strong></span> <span class='ocrx_word' id='word_1_531' title='bbox 2881 2845 2999 2896; x_wconf 80' lang='grc' dir='ltr'><strong>μου</strong></span> <span class='ocrx_word' id='word_1_532' title='bbox 3039 2828 3187 2895; x_wconf 78' lang='grc' dir='ltr'><strong>ἐμοὶ,</strong></span> <span class='ocrx_word' id='word_1_533' title='bbox 3225 2845 3276 2880; x_wconf 85' lang='grc' dir='ltr'><strong>κ.</strong></span> <span class='ocrx_word' id='word_1_534' title='bbox 3304 2846 3354 2881; x_wconf 90' lang='grc' dir='ltr'><strong>τ.</strong></span> <span class='ocrx_word' id='word_1_535' title='bbox 3387 2830 3433 2881; x_wconf 80' lang='grc' dir='ltr'><strong>ὲ.</strong></span> <span class='ocrx_word' id='word_1_536' title='bbox 3479 2822 3578 2881; x_wconf 80' lang='grc' dir='ltr'><strong>Ὧν</strong></span> <span class='ocrx_word' id='word_1_537' title='bbox 3623 2828 3687 2881; x_wconf 73' lang='grc' dir='ltr'><strong>τὸ</strong></span> 
     </span>
    </p>
   </div>
   <div class='ocr_carea' id='block_1_70' title="bbox 2112 2918 3684 2990">
    <p class='ocr_par' dir='ltr' id='par_1_70' title="bbox 2112 2918 3684 2990">
     <span class='ocr_line' id='line_1_70' title="bbox 2112 2918 3684 2990; baseline -0.001 -18"><span class='ocrx_word' id='word_1_538' title='bbox 2112 2918 2324 2990; x_wconf 81' lang='grc' dir='ltr'><strong>δάκρυα</strong></span> <span class='ocrx_word' id='word_1_539' title='bbox 2365 2919 2474 2987; x_wconf 77' lang='lat' dir='ltr'><strong>(9i)</strong></span> <span class='ocrx_word' id='word_1_540' title='bbox 2507 2919 2688 2988; x_wconf 78' lang='grc' dir='ltr'><strong>ἄρτος,</strong></span> <span class='ocrx_word' id='word_1_541' title='bbox 2726 2920 2982 2990; x_wconf 86' lang='grc' dir='ltr'><strong>μακάριοι</strong></span> <span class='ocrx_word' id='word_1_542' title='bbox 3034 2921 3083 2972; x_wconf 84' lang='grc' dir='ltr'><strong>οἱ</strong></span> <span class='ocrx_word' id='word_1_543' title='bbox 3124 2919 3401 2983; x_wconf 81' lang='grc' dir='ltr'><strong>κλαίοντες</strong></span> <span class='ocrx_word' id='word_1_544' title='bbox 3440 2919 3553 2973; x_wconf 91' lang='grc' dir='ltr'><strong>νῦν.</strong></span> <span class='ocrx_word' id='word_1_545' title='bbox 3582 2920 3684 2971; x_wconf 84' lang='grc' dir='ltr'><strong>Τε-</strong></span> 
     </span>
    </p>
   </div>
   <div class='ocr_carea' id='block_1_71' title="bbox 2114 3010 3683 3080">
    <p class='ocr_par' dir='ltr' id='par_1_71' title="bbox 2114 3010 3683 3080">
     <span class='ocr_line' id='line_1_71' title="bbox 2114 3010 3683 3080; baseline -0.001 -17"><span class='ocrx_word' id='word_1_546' title='bbox 2114 3011 2258 3063; x_wconf 81' lang='grc' dir='ltr'><strong>λείου</strong></span> <span class='ocrx_word' id='word_1_547' title='bbox 2310 3011 2425 3063; x_wconf 77' lang='grc' dir='ltr'><strong>ὲστὶ</strong></span> <span class='ocrx_word' id='word_1_548' title='bbox 2453 3010 2513 3062; x_wconf 92' lang='grc' dir='ltr'><strong>τὸ</strong></span> <span class='ocrx_word' id='word_1_549' title='bbox 2556 3011 2813 3065; x_wconf 86' lang='grc' dir='ltr'><strong>δύνασθαι</strong></span> <span class='ocrx_word' id='word_1_550' title='bbox 2843 3011 3002 3065; x_wconf 90' lang='grc' dir='ltr'><strong>τοῦτο</strong></span> <span class='ocrx_word' id='word_1_551' title='bbox 3046 3011 3241 3080; x_wconf 84' lang='grc' dir='ltr'><strong>λέγειν·</strong></span> <span class='ocrx_word' id='word_1_552' title='bbox 3276 3013 3398 3064; x_wconf 69' lang='grc' dir='ltr'><strong>ιῐίιιτε)⁵</strong></span> <span class='ocrx_word' id='word_1_553' title='bbox 3433 3014 3461 3065; x_wconf 84' lang='grc' dir='ltr'><strong>ὁ</strong></span> <span class='ocrx_word' id='word_1_554' title='bbox 3491 3010 3683 3080; x_wconf 78' lang='grc' dir='ltr'><strong>ἀτελὴς</strong></span> 
     </span>
    </p>
   </div>
   <div class='ocr_carea' id='block_1_72' title="bbox 2116 3101 3684 3174">
    <p class='ocr_par' dir='ltr' id='par_1_72' title="bbox 2116 3101 3684 3174">
     <span class='ocr_line' id='line_1_72' title="bbox 2116 3101 3684 3174; baseline -0.001 -20"><span class='ocrx_word' id='word_1_555' title='bbox 2116 3102 2443 3174; x_wconf 84' lang='grc' dir='ltr'><strong>ταράσσεται</strong></span> <span class='ocrx_word' id='word_1_556' title='bbox 2474 3103 2580 3155; x_wconf 84' lang='grc' dir='ltr'><strong>ὑπὸ</strong></span> <span class='ocrx_word' id='word_1_557' title='bbox 2605 3102 2713 3154; x_wconf 85' lang='grc' dir='ltr'><strong>τῶν</strong></span> <span class='ocrx_word' id='word_1_558' title='bbox 2746 3101 2962 3166; x_wconf 75' lang='grc' dir='ltr'><strong>ἔξωθεν,</strong></span> <span class='ocrx_word' id='word_1_559' title='bbox 2991 3104 3082 3155; x_wconf 75' lang='grc' dir='ltr'><strong>καὶ</strong></span> <span class='ocrx_word' id='word_1_560' title='bbox 3110 3101 3214 3167; x_wconf 71' lang='grc' dir='ltr'><strong>ἔξω</strong></span> <span class='ocrx_word' id='word_1_561' title='bbox 3244 3104 3343 3174; x_wconf 81' lang='grc' dir='ltr'><strong>τὴν</strong></span> <span class='ocrx_word' id='word_1_562' title='bbox 3365 3103 3550 3157; x_wconf 78' lang='grc' dir='ltr'><strong>ἑαυτοῦ</strong></span> <span class='ocrx_word' id='word_1_563' title='bbox 3581 3103 3684 3172; x_wconf 77' lang='grc' dir='ltr'><strong>ψυ-</strong></span> 
     </span>
    </p>
   </div>
   <div class='ocr_carea' id='block_1_73' title="bbox 2116 3193 3685 3267">
    <p class='ocr_par' dir='ltr' id='par_1_73' title="bbox 2116 3193 3685 3267">
     <span class='ocr_line' id='line_1_73' title="bbox 2116 3193 3685 3267; baseline -0.005 -21"><span class='ocrx_word' id='word_1_564' title='bbox 2116 3194 2214 3265; x_wconf 84' lang='grc' dir='ltr'><strong>χὴν</strong></span> <span class='ocrx_word' id='word_1_565' title='bbox 2254 3193 2384 3264; x_wconf 76' lang='grc' dir='ltr'><strong>ἔχει,</strong></span> <span class='ocrx_word' id='word_1_566' title='bbox 2416 3195 2679 3265; x_wconf 85' lang='grc' dir='ltr'><strong>ἀσχήμων</strong></span> <span class='ocrx_word' id='word_1_567' title='bbox 2708 3196 2801 3248; x_wconf 75' lang='grc' dir='ltr'><strong>καὶ</strong></span> <span class='ocrx_word' id='word_1_568' title='bbox 2834 3196 3185 3266; x_wconf 82' lang='grc' dir='ltr'><strong>ἐλεγχόμενος</strong></span> <span class='ocrx_word' id='word_1_569' title='bbox 3220 3196 3371 3267; x_wconf 77' lang='grc' dir='ltr'><strong>παρὰ</strong></span> <span class='ocrx_word' id='word_1_570' title='bbox 3402 3199 3554 3258; x_wconf 64' lang='grc' dir='ltr'><strong>πᾶσι,</strong></span> <span class='ocrx_word' id='word_1_571' title='bbox 3595 3195 3685 3248; x_wconf 78' lang='grc' dir='ltr'><strong>διὰ</strong></span> 
     </span>
    </p>
   </div>
   <div class='ocr_carea' id='block_1_74' title="bbox 2114 3285 3681 3358">
    <p class='ocr_par' dir='ltr' id='par_1_74' title="bbox 2114 3285 3681 3358">
     <span class='ocr_line' id='line_1_74' title="bbox 2114 3285 3681 3358; baseline 0.002 -20"><span class='ocrx_word' id='word_1_572' title='bbox 2114 3286 2221 3338; x_wconf 83' lang='grc' dir='ltr'><strong>τῶν</strong></span> <span class='ocrx_word' id='word_1_573' title='bbox 2243 3285 2416 3353; x_wconf 88' lang='grc' dir='ltr'><strong>λόγων</strong></span> <span class='ocrx_word' id='word_1_574' title='bbox 2445 3286 2771 3356; x_wconf 84' lang='grc' dir='ltr'><strong>ἀπογυμνῶν</strong></span> <span class='ocrx_word' id='word_1_575' title='bbox 2799 3287 2897 3357; x_wconf 82' lang='grc' dir='ltr'><strong>τὴν</strong></span> <span class='ocrx_word' id='word_1_576' title='bbox 2919 3288 3119 3358; x_wconf 79' lang='grc' dir='ltr'><strong>ψυχήν.</strong></span> <span class='ocrx_word' id='word_1_577' title='bbox 3170 3288 3227 3340; x_wconf 89' lang='lat'><strong>&#39;0</strong></span> <span class='ocrx_word' id='word_1_578' title='bbox 3256 3288 3312 3341; x_wconf 81' lang='grc' dir='ltr'><strong>δὲ</strong></span> <span class='ocrx_word' id='word_1_579' title='bbox 3346 3288 3499 3356; x_wconf 74' lang='grc' dir='ltr'><strong>ἅγιος</strong></span> <span class='ocrx_word' id='word_1_580' title='bbox 3532 3288 3681 3341; x_wconf 84' lang='grc' dir='ltr'><strong>συνά-</strong></span> 
     </span>
    </p>
   </div>
   <div class='ocr_carea' id='block_1_75' title="bbox 2114 3375 3683 3449">
    <p class='ocr_par' dir='ltr' id='par_1_75' title="bbox 2114 3375 3683 3449">
     <span class='ocr_line' id='line_1_75' title="bbox 2114 3375 3683 3449; baseline 0.001 -21"><span class='ocrx_word' id='word_1_581' title='bbox 2114 3393 2199 3444; x_wconf 91' lang='grc' dir='ltr'><strong>γει</strong></span> <span class='ocrx_word' id='word_1_582' title='bbox 2222 3376 2329 3428; x_wconf 85' lang='grc' dir='ltr'><strong>ἀπὸ</strong></span> <span class='ocrx_word' id='word_1_583' title='bbox 2343 3375 2450 3429; x_wconf 85' lang='grc' dir='ltr'><strong>τῶν</strong></span> <span class='ocrx_word' id='word_1_584' title='bbox 2477 3377 2610 3447; x_wconf 89' lang='grc' dir='ltr'><strong>πρὸς</strong></span> <span class='ocrx_word' id='word_1_585' title='bbox 2638 3376 2707 3429; x_wconf 85' lang='grc' dir='ltr'><strong>τά</strong></span> <span class='ocrx_word' id='word_1_586' title='bbox 2726 3377 2830 3443; x_wconf 74' lang='grc' dir='ltr'><strong>ἔξω</strong></span> <span class='ocrx_word' id='word_1_587' title='bbox 2852 3377 2947 3448; x_wconf 80' lang='grc' dir='ltr'><strong>τὴν</strong></span> <span class='ocrx_word' id='word_1_588' title='bbox 2969 3378 3145 3449; x_wconf 73' lang='grc' dir='ltr'><strong>ψυχὴν</strong></span> <span class='ocrx_word' id='word_1_589' title='bbox 3167 3379 3381 3432; x_wconf 78' lang='grc' dir='ltr'><strong>ἑαυτοῦ.</strong></span> <span class='ocrx_word' id='word_1_590' title='bbox 3422 3380 3480 3431; x_wconf 86' lang='grc' dir='ltr'>Ὀ</span> <span class='ocrx_word' id='word_1_591' title='bbox 3500 3379 3553 3431; x_wconf 84' lang='grc' dir='ltr'><strong>δὲ</strong></span> <span class='ocrx_word' id='word_1_592' title='bbox 3576 3378 3683 3430; x_wconf 73' lang='grc' dir='ltr'><strong>ἀπὸ</strong></span> 
     </span>
    </p>
   </div>
   <div class='ocr_carea' id='block_1_76' title="bbox 2112 3465 3682 3539">
    <p class='ocr_par' dir='ltr' id='par_1_76' title="bbox 2112 3465 3682 3539">
     <span class='ocr_line' id='line_1_76' title="bbox 2112 3465 3682 3539; baseline 0.002 -21"><span class='ocrx_word' id='word_1_593' title='bbox 2112 3465 2403 3528; x_wconf 80' lang='grc' dir='ltr'><strong>διαθέσεως</strong></span> <span class='ocrx_word' id='word_1_594' title='bbox 2442 3467 2691 3536; x_wconf 80' lang='grc' dir='ltr'><strong>δακρύων</strong></span> <span class='ocrx_word' id='word_1_595' title='bbox 2730 3467 2800 3520; x_wconf 80' lang='grc' dir='ltr'><strong>τὰ</strong></span> <span class='ocrx_word' id='word_1_596' title='bbox 2845 3468 3057 3539; x_wconf 88' lang='grc' dir='ltr'><strong>δάκρυα</strong></span> <span class='ocrx_word' id='word_1_597' title='bbox 3105 3468 3267 3521; x_wconf 83' lang='grc' dir='ltr'><strong>αὐτοῦ</strong></span> <span class='ocrx_word' id='word_1_598' title='bbox 3310 3470 3476 3539; x_wconf 79' lang='grc' dir='ltr'><strong>ἄρτου</strong></span> <span class='ocrx_word' id='word_1_599' title='bbox 3528 3468 3682 3537; x_wconf 78' lang='grc' dir='ltr'><strong>δίκην</strong></span> 
     </span>
    </p>
   </div>
   <div class='ocr_carea' id='block_1_77' title="bbox 2112 3556 3682 3629">
    <p class='ocr_par' dir='ltr' id='par_1_77' title="bbox 2112 3556 3682 3629">
     <span class='ocr_line' id='line_1_77' title="bbox 2112 3556 3682 3629; baseline 0.004 -23"><span class='ocrx_word' id='word_1_600' title='bbox 2112 3556 2467 3625; x_wconf 84' lang='grc' dir='ltr'><strong>τραφήσεται·</strong></span> <span class='ocrx_word' id='word_1_601' title='bbox 2496 3556 2594 3608; x_wconf 84' lang='grc' dir='ltr'><strong>οὐκ</strong></span> <span class='ocrx_word' id='word_1_602' title='bbox 2635 3558 2693 3609; x_wconf 81' lang='grc' dir='ltr'><strong>ὲν</strong></span> <span class='ocrx_word' id='word_1_603' title='bbox 2736 3559 2847 3619; x_wconf 87' lang='grc' dir='ltr'><strong>τοῖς</strong></span> <span class='ocrx_word' id='word_1_604' title='bbox 2884 3558 3150 3621; x_wconf 86' lang='grc' dir='ltr'><strong>ἀνετικοῖς</strong></span> <span class='ocrx_word' id='word_1_605' title='bbox 3180 3559 3359 3628; x_wconf 90' lang='grc' dir='ltr'><strong>μόνον,</strong></span> <span class='ocrx_word' id='word_1_606' title='bbox 3405 3559 3440 3612; x_wconf 75' lang='grc' dir='ltr'><strong>ἃ.</strong></span> <span class='ocrx_word' id='word_1_607' title='bbox 3471 3558 3682 3629; x_wconf 79' lang='grc' dir='ltr'><strong>ἡμέραν</strong></span> 
     </span>
    </p>
   </div>
   <div class='ocr_carea' id='block_1_78' title="bbox 2112 3630 3682 3720">
    <p class='ocr_par' dir='ltr' id='par_1_78' title="bbox 2112 3630 3682 3720">
     <span class='ocr_line' id='line_1_78' title="bbox 2112 3630 3682 3720; baseline 0.004 -24"><span class='ocrx_word' id='word_1_608' title='bbox 2112 3645 2282 3707; x_wconf 86' lang='grc' dir='ltr'><strong>καλεῖ,</strong></span> <span class='ocrx_word' id='word_1_609' title='bbox 2313 3643 2448 3698; x_wconf 83' lang='grc' dir='ltr'><strong>ἀλλὰ</strong></span> <span class='ocrx_word' id='word_1_610' title='bbox 2494 3648 2587 3699; x_wconf 75' lang='grc' dir='ltr'><strong>καὶ</strong></span> <span class='ocrx_word' id='word_1_611' title='bbox 2630 3649 2687 3699; x_wconf 81' lang='grc' dir='ltr'><strong>ὲν</strong></span> <span class='ocrx_word' id='word_1_612' title='bbox 2709 3650 2821 3710; x_wconf 79' lang='grc' dir='ltr'><strong>τοῖς</strong></span> <span class='ocrx_word' id='word_1_613' title='bbox 2847 3630 3267 3720; x_wconf 69' lang='grc' dir='ltr'><strong>περιστατικοῖς,</strong></span> <span class='ocrx_word' id='word_1_614' title='bbox 3301 3649 3337 3703; x_wconf 76' lang='grc' dir='ltr'><strong>ἀ</strong></span> <span class='ocrx_word' id='word_1_615' title='bbox 3365 3650 3531 3703; x_wconf 81' lang='grc' dir='ltr'><strong>νύκτα</strong></span> <span class='ocrx_word' id='word_1_616' title='bbox 3561 3652 3682 3703; x_wconf 78' lang='grc' dir='ltr'><strong>ὀνο-</strong></span> 
     </span>
    </p>
   </div>
   <div class='ocr_carea' id='block_1_79' title="bbox 2114 3738 2294 3807">
    <p class='ocr_par' dir='ltr' id='par_1_79' title="bbox 2114 3738 2294 3807">
     <span class='ocr_line' id='line_1_79' title="bbox 2114 3738 2294 3807; baseline 0 -16"><span class='ocrx_word' id='word_1_617' title='bbox 2114 3738 2294 3807; x_wconf 76' lang='grc' dir='ltr'><strong>μάζει.</strong></span> 
     </span>
    </p>
   </div>
   <div class='ocr_carea' id='block_1_80' title="bbox 2187 3830 3679 3906">
    <p class='ocr_par' dir='ltr' id='par_1_80' title="bbox 2187 3830 3679 3906">
     <span class='ocr_line' id='line_1_80' title="bbox 2187 3830 3679 3906; baseline 0.003 -22"><span class='ocrx_word' id='word_1_618' title='bbox 2187 3830 2296 3884; x_wconf 85' lang='grc' dir='ltr'><strong>Τοῦ</strong></span> <span class='ocrx_word' id='word_1_619' title='bbox 2324 3832 2528 3885; x_wconf 82' lang='grc' dir='ltr'><strong>αὐτοῦ.</strong></span> <span class='ocrx_word' id='word_1_620' title='bbox 2570 3832 2989 3903; x_wconf 83' lang='grc' dir='ltr'><strong>Τροφιμώτατός</strong></span> <span class='ocrx_word' id='word_1_621' title='bbox 3029 3836 3145 3887; x_wconf 77' lang='grc' dir='ltr'><strong>ἐστι</strong></span> <span class='ocrx_word' id='word_1_622' title='bbox 3179 3834 3288 3904; x_wconf 68' lang='grc'>(92)</span> <span class='ocrx_word' id='word_1_623' title='bbox 3332 3835 3607 3906; x_wconf 79' lang='grc' dir='ltr'><strong>κλαυθμὸς</strong></span> <span class='ocrx_word' id='word_1_624' title='bbox 3650 3838 3679 3888; x_wconf 84' lang='grc' dir='ltr'><strong>ό</strong></span> 
     </span>
    </p>
   </div>
   <div class='ocr_carea' id='block_1_81' title="bbox 2108 3923 3678 3996">
    <p class='ocr_par' dir='ltr' id='par_1_81' title="bbox 2108 3923 3678 3996">
     <span class='ocr_line' id='line_1_81' title="bbox 2108 3923 3678 3996; baseline 0.005 -22"><span class='ocrx_word' id='word_1_625' title='bbox 2108 3923 2321 3993; x_wconf 82' lang='grc' dir='ltr'><strong>τρέφων</strong></span> <span class='ocrx_word' id='word_1_626' title='bbox 2353 3924 2448 3995; x_wconf 82' lang='grc' dir='ltr'><strong>τὴν</strong></span> <span class='ocrx_word' id='word_1_627' title='bbox 2479 3924 2673 3996; x_wconf 77' lang='grc' dir='ltr'><strong>ψυχήν.</strong></span> <span class='ocrx_word' id='word_1_628' title='bbox 2706 3926 2984 3995; x_wconf 84' lang='grc' dir='ltr'><strong>Μακάριοι</strong></span> <span class='ocrx_word' id='word_1_629' title='bbox 3028 3928 3077 3979; x_wconf 86' lang='grc' dir='ltr'><strong>οἱ</strong></span> <span class='ocrx_word' id='word_1_630' title='bbox 3127 3928 3403 3992; x_wconf 86' lang='grc' dir='ltr'><strong>κλαίοντες</strong></span> <span class='ocrx_word' id='word_1_631' title='bbox 3434 3929 3547 3994; x_wconf 89' lang='grc' dir='ltr'><strong>νῦν,</strong></span> <span class='ocrx_word' id='word_1_632' title='bbox 3594 3929 3678 3983; x_wconf 79' lang='grc' dir='ltr'><strong>ὃτι</strong></span> 
     </span>
    </p>
   </div>
   <div class='ocr_carea' id='block_1_82' title="bbox 2109 4011 2444 4079">
    <p class='ocr_par' dir='ltr' id='par_1_82' title="bbox 2109 4011 2444 4079">
     <span class='ocr_line' id='line_1_82' title="bbox 2109 4011 2444 4079; baseline 0.009 -15"><span class='ocrx_word' id='word_1_633' title='bbox 2109 4011 2444 4079; x_wconf 85' lang='grc' dir='ltr'><strong>γελάσονται.</strong></span> 
     </span>
    </p>
   </div>
   <div class='ocr_carea' id='block_1_83' title="bbox 2190 4104 3672 4181">
    <p class='ocr_par' dir='ltr' id='par_1_83' title="bbox 2190 4104 3672 4181">
     <span class='ocr_line' id='line_1_83' title="bbox 2190 4104 3672 4181; baseline 0.008 -25"><span class='ocrx_word' id='word_1_634' title='bbox 2190 4106 2284 4157; x_wconf 78' lang='grc' dir='ltr'><strong>Ἐν</strong></span> <span class='ocrx_word' id='word_1_635' title='bbox 2335 4104 2416 4169; x_wconf 81' lang='grc' dir='ltr'><strong>τῷ</strong></span> <span class='ocrx_word' id='word_1_636' title='bbox 2465 4106 2748 4173; x_wconf 73' lang='grc' dir='ltr'><strong>λέγεσθαί</strong></span> <span class='ocrx_word' id='word_1_637' title='bbox 2788 4126 2889 4176; x_wconf 80' lang='grc' dir='ltr'><strong>μοι</strong></span> <span class='ocrx_word' id='word_1_638' title='bbox 2945 4112 3075 4163; x_wconf 76' lang='grc' dir='ltr'><strong>καθ’</strong></span> <span class='ocrx_word' id='word_1_639' title='bbox 3111 4112 3376 4179; x_wconf 77' lang='grc' dir='ltr'><strong>ἑκάστην</strong></span> <span class='ocrx_word' id='word_1_640' title='bbox 3426 4113 3672 4181; x_wconf 55' lang='grc' dir='ltr'><strong>ἡμέραν</strong></span> 
     </span>
    </p>
   </div>
   <div class='ocr_carea' id='block_1_84' title="bbox 2108 4197 3673 4276">
    <p class='ocr_par' dir='ltr' id='par_1_84' title="bbox 2108 4197 3673 4276">
     <span class='ocr_line' id='line_1_84' title="bbox 2108 4197 3673 4276; baseline 0.008 -29"><span class='ocrx_word' id='word_1_641' title='bbox 2108 4197 2230 4249; x_wconf 87' lang='grc' dir='ltr'><strong>Ποῦ</strong></span> <span class='ocrx_word' id='word_1_642' title='bbox 2260 4197 2431 4251; x_wconf 78' lang='grc' dir='ltr'><strong>ἔστιν</strong></span> <span class='ocrx_word' id='word_1_643' title='bbox 2462 4201 2495 4250; x_wconf 83' lang='grc' dir='ltr'><em>ὀ</em></span> <span class='ocrx_word' id='word_1_644' title='bbox 2528 4198 2670 4262; x_wconf 85' lang='grc' dir='ltr'><strong>Θεός</strong></span> <span class='ocrx_word' id='word_1_645' title='bbox 2702 4213 2839 4269; x_wconf 84' lang='grc' dir='ltr'><strong>σου;</strong></span> <span class='ocrx_word' id='word_1_646' title='bbox 2873 4216 2925 4252; x_wconf 88' lang='grc' dir='ltr'><strong>κ.</strong></span> <span class='ocrx_word' id='word_1_647' title='bbox 2979 4219 3028 4256; x_wconf 89' lang='grc' dir='ltr'><strong>τ.</strong></span> <span class='ocrx_word' id='word_1_648' title='bbox 3072 4204 3116 4253; x_wconf 81' lang='grc' dir='ltr'><strong>ὲ.</strong></span> <span class='ocrx_word' id='word_1_649' title='bbox 3173 4205 3231 4256; x_wconf 91' lang='lat' dir='ltr'><strong>&#39;O</strong></span> <span class='ocrx_word' id='word_1_650' title='bbox 3264 4203 3396 4267; x_wconf 84' lang='grc' dir='ltr'><strong>Θεὸς</strong></span> <span class='ocrx_word' id='word_1_651' title='bbox 3438 4205 3534 4274; x_wconf 86' lang='grc' dir='ltr'><strong>μὲν</strong></span> <span class='ocrx_word' id='word_1_652' title='bbox 3564 4205 3673 4276; x_wconf 83' lang='grc'>(95)</span> 
     </span>
    </p>
   </div>
   <div class='ocr_carea' id='block_1_85' title="bbox 2106 4287 3673 4364">
    <p class='ocr_par' dir='ltr' id='par_1_85' title="bbox 2106 4287 3673 4364">
     <span class='ocr_line' id='line_1_85' title="bbox 2106 4287 3673 4364; baseline 0.007 -25"><span class='ocrx_word' id='word_1_653' title='bbox 2106 4287 2180 4350; x_wconf 85' lang='grc' dir='ltr'><strong>ὡς</strong></span> <span class='ocrx_word' id='word_1_654' title='bbox 2218 4289 2541 4361; x_wconf 77' lang='grc' dir='ltr'><strong>δημιουργός</strong></span> <span class='ocrx_word' id='word_1_655' title='bbox 2576 4290 2723 4344; x_wconf 79' lang='grc' dir='ltr'><strong>ἐστιν</strong></span> <span class='ocrx_word' id='word_1_656' title='bbox 2766 4294 2823 4345; x_wconf 83' lang='grc' dir='ltr'><strong>ὲν</strong></span> <span class='ocrx_word' id='word_1_657' title='bbox 2856 4295 2989 4346; x_wconf 82' lang='grc' dir='ltr'><strong>πᾶσι</strong></span> <span class='ocrx_word' id='word_1_658' title='bbox 3020 4298 3132 4359; x_wconf 85' lang='grc' dir='ltr'><strong>τοῖς</strong></span> <span class='ocrx_word' id='word_1_659' title='bbox 3166 4297 3463 4364; x_wconf 84' lang='grc' dir='ltr'><strong>γεγονόσιν·</strong></span> <span class='ocrx_word' id='word_1_660' title='bbox 3498 4297 3573 4359; x_wconf 83' lang='grc' dir='ltr'><strong>ὡς</strong></span> <span class='ocrx_word' id='word_1_661' title='bbox 3616 4297 3673 4349; x_wconf 85' lang='grc' dir='ltr'><strong>δὲ</strong></span> 
     </span>
    </p>
   </div>
   <div class='ocr_carea' id='block_1_86' title="bbox 442 4364 2011 4458">
    <p class='ocr_par' dir='ltr' id='par_1_86' title="bbox 442 4364 2004 4435">
     <span class='ocr_line' id='line_1_86' title="bbox 442 4364 2004 4435; baseline -0.002 -14"><span class='ocrx_word' id='word_1_662' title='bbox 442 4368 546 4421; x_wconf 86' lang='lat' dir='ltr'><strong>bus</strong></span> <span class='ocrx_word' id='word_1_663' title='bbox 577 4366 783 4419; x_wconf 86' lang='lat' dir='ltr'><strong>sanctis</strong></span> <span class='ocrx_word' id='word_1_664' title='bbox 827 4364 1206 4435; x_wconf 88' lang='lat' dir='ltr'><strong>potestatibus.</strong></span> <span class='ocrx_word' id='word_1_665' title='bbox 1252 4364 1307 4419; x_wconf 86' lang='lat' dir='ltr'><strong>Si</strong></span> <span class='ocrx_word' id='word_1_666' title='bbox 1346 4379 1474 4418; x_wconf 87' lang='lat' dir='ltr'><strong>vero</strong></span> <span class='ocrx_word' id='word_1_667' title='bbox 1506 4365 1669 4418; x_wconf 89' lang='lat' dir='ltr'><strong>etiam</strong></span> <span class='ocrx_word' id='word_1_668' title='bbox 1710 4367 2004 4420; x_wconf 86' lang='lat' dir='ltr'><strong>secundum</strong></span> 
     </span>
    </p>
   </div>
   <div class='ocr_carea' id='block_1_87' title="bbox 2112 4364 3670 4458">
    <p class='ocr_par' dir='ltr' id='par_1_87' title="bbox 2112 4380 3670 4458">
     <span class='ocr_line' id='line_1_87' title="bbox 2112 4380 3670 4458; baseline 0.005 -27"><span class='ocrx_word' id='word_1_669' title='bbox 2112 4380 2275 4451; x_wconf 83' lang='grc' dir='ltr'><strong>ἀρετὴ</strong></span> <span class='ocrx_word' id='word_1_670' title='bbox 2309 4382 2400 4433; x_wconf 73' lang='grc' dir='ltr'><strong>καὶ</strong></span> <span class='ocrx_word' id='word_1_671' title='bbox 2443 4383 2602 4451; x_wconf 74' lang='grc' dir='ltr'><strong>σοφία</strong></span> <span class='ocrx_word' id='word_1_672' title='bbox 2653 4385 2710 4436; x_wconf 83' lang='grc' dir='ltr'><strong>ὲν</strong></span> <span class='ocrx_word' id='word_1_673' title='bbox 2752 4387 2952 4447; x_wconf 82' lang='grc' dir='ltr'><strong>πάσαις</strong></span> <span class='ocrx_word' id='word_1_674' title='bbox 2989 4388 3108 4448; x_wconf 85' lang='grc' dir='ltr'><strong>ταῖς</strong></span> <span class='ocrx_word' id='word_1_675' title='bbox 3141 4387 3319 4455; x_wconf 82' lang='grc' dir='ltr'><strong>ἁγίαις</strong></span> <span class='ocrx_word' id='word_1_676' title='bbox 3358 4389 3670 4458; x_wconf 60' lang='grc' dir='ltr'><strong>δυνάμεσιν</strong></span> 
     </span>
    </p>
   </div>
   <div class='ocr_carea' id='block_1_88' title="bbox 459 4454 2004 4526">
    <p class='ocr_par' dir='ltr' id='par_1_88' title="bbox 459 4454 2004 4526">
     <span class='ocr_line' id='line_1_88' title="bbox 459 4454 2004 4526; baseline 0.001 -18"><span class='ocrx_word' id='word_1_677' title='bbox 459 4465 777 4526; x_wconf 84' lang='lat' dir='ltr'><strong>potestatem</strong></span> <span class='ocrx_word' id='word_1_678' title='bbox 815 4456 1110 4525; x_wconf 88' lang='lat' dir='ltr'><strong>accipiatur</strong></span> <span class='ocrx_word' id='word_1_679' title='bbox 1137 4456 1310 4511; x_wconf 88' lang='lat' dir='ltr'><strong>virtus</strong></span> <span class='ocrx_word' id='word_1_680' title='bbox 1339 4465 1392 4511; x_wconf 93' lang='lat' dir='ltr'><strong>et</strong></span> <span class='ocrx_word' id='word_1_681' title='bbox 1420 4454 1709 4525; x_wconf 88' lang='lat' dir='ltr'><strong>sapientia,</strong></span> <span class='ocrx_word' id='word_1_682' title='bbox 1732 4466 1815 4510; x_wconf 80' lang='lat' dir='ltr'><strong>est</strong></span> <span class='ocrx_word' id='word_1_683' title='bbox 1842 4459 2004 4511; x_wconf 87' lang='lat' dir='ltr'><strong>etiam</strong></span> 
     </span>
    </p>
   </div>
   <div class='ocr_carea' id='block_1_89' title="bbox 448 4546 2007 4614">
    <p class='ocr_par' dir='ltr' id='par_1_89' title="bbox 448 4546 2007 4614">
     <span class='ocr_line' id='line_1_89' title="bbox 448 4546 2007 4614; baseline 0.003 -17"><span class='ocrx_word' id='word_1_684' title='bbox 448 4547 500 4599; x_wconf 94' lang='lat' dir='ltr'><strong>in</strong></span> <span class='ocrx_word' id='word_1_685' title='bbox 536 4546 864 4600; x_wconf 81' lang='lat' dir='ltr'><strong>adversariis</strong></span> <span class='ocrx_word' id='word_1_686' title='bbox 909 4548 1302 4614; x_wconf 85' lang='lat' dir='ltr'><strong>potestatibus;</strong></span> <span class='ocrx_word' id='word_1_687' title='bbox 1345 4547 1388 4601; x_wconf 88' lang='lat' dir='ltr'><strong>si</strong></span> <span class='ocrx_word' id='word_1_688' title='bbox 1430 4562 1561 4601; x_wconf 89' lang='lat' dir='ltr'><strong>vero</strong></span> <span class='ocrx_word' id='word_1_689' title='bbox 1596 4548 1866 4601; x_wconf 86' lang='lat' dir='ltr'><strong>interdum</strong></span> <span class='ocrx_word' id='word_1_690' title='bbox 1899 4548 2007 4602; x_wconf 88' lang='lat' dir='ltr'><strong>vir-</strong></span> 
     </span>
    </p>
   </div>
   <div class='ocr_carea' id='block_1_90' title="bbox 450 4637 2005 4700">
    <p class='ocr_par' dir='ltr' id='par_1_90' title="bbox 450 4637 2005 4700">
     <span class='ocr_line' id='line_1_90' title="bbox 450 4637 2005 4700; baseline 0.001 -9"><span class='ocrx_word' id='word_1_691' title='bbox 450 4647 587 4699; x_wconf 85' lang='lat' dir='ltr'><strong>tute,</strong></span> <span class='ocrx_word' id='word_1_692' title='bbox 614 4637 885 4691; x_wconf 87' lang='lat' dir='ltr'><strong>interdum</strong></span> <span class='ocrx_word' id='word_1_693' title='bbox 922 4646 1101 4691; x_wconf 88' lang='lat' dir='ltr'><strong>autem</strong></span> <span class='ocrx_word' id='word_1_694' title='bbox 1138 4637 1398 4700; x_wconf 84' lang='lat' dir='ltr'><strong>eﬂlcacia,</strong></span> <span class='ocrx_word' id='word_1_695' title='bbox 1429 4637 1589 4692; x_wconf 89' lang='lat' dir='ltr'><strong>etiam</strong></span> <span class='ocrx_word' id='word_1_696' title='bbox 1618 4637 1670 4691; x_wconf 93' lang='lat' dir='ltr'><strong>in</strong></span> <span class='ocrx_word' id='word_1_697' title='bbox 1699 4639 2005 4692; x_wconf 89' lang='lat' dir='ltr'><strong>hominibus</strong></span> 
     </span>
    </p>
   </div>
   <div class='ocr_carea' id='block_1_91' title="bbox 437 4726 2003 4799">
    <p class='ocr_par' dir='ltr' id='par_1_91' title="bbox 437 4726 2003 4799">
     <span class='ocr_line' id='line_1_91' title="bbox 437 4726 2003 4799; baseline 0.001 -17"><span class='ocrx_word' id='word_1_698' title='bbox 437 4738 521 4782; x_wconf 88' lang='lat' dir='ltr'><strong>est</strong></span> <span class='ocrx_word' id='word_1_699' title='bbox 558 4730 736 4782; x_wconf 88' lang='lat' dir='ltr'><strong>Deus:</strong></span> <span class='ocrx_word' id='word_1_700' title='bbox 769 4726 1081 4799; x_wconf 77' lang='lat' dir='ltr'><strong>angelorum</strong></span> <span class='ocrx_word' id='word_1_701' title='bbox 1123 4738 1206 4781; x_wconf 90' lang='lat' dir='ltr'><strong>est</strong></span> <span class='ocrx_word' id='word_1_702' title='bbox 1254 4727 1398 4782; x_wconf 89' lang='lat' dir='ltr'><strong>enim</strong></span> <span class='ocrx_word' id='word_1_703' title='bbox 1448 4741 1664 4796; x_wconf 87' lang='lat' dir='ltr'><strong>semper</strong></span> <span class='ocrx_word' id='word_1_704' title='bbox 1707 4728 2003 4783; x_wconf 89' lang='lat' dir='ltr'><strong>secundum</strong></span> 
     </span>
    </p>
   </div>
   <div class='ocr_carea' id='block_1_92' title="bbox 440 4817 2002 4890">
    <p class='ocr_par' dir='ltr' id='par_1_92' title="bbox 440 4817 2002 4890">
     <span class='ocr_line' id='line_1_92' title="bbox 440 4817 2002 4890; baseline 0.001 -20"><span class='ocrx_word' id='word_1_705' title='bbox 440 4819 605 4871; x_wconf 88' lang='lat' dir='ltr'><strong>Deum</strong></span> <span class='ocrx_word' id='word_1_706' title='bbox 636 4822 884 4890; x_wconf 83' lang='lat' dir='ltr'><strong>operari;</strong></span> <span class='ocrx_word' id='word_1_707' title='bbox 921 4820 1247 4881; x_wconf 75' lang='lat' dir='ltr'><strong>daemonum,</strong></span> <span class='ocrx_word' id='word_1_708' title='bbox 1278 4832 1579 4886; x_wconf 87' lang='lat' dir='ltr'><strong>nunquam;</strong></span> <span class='ocrx_word' id='word_1_709' title='bbox 1617 4817 1891 4871; x_wconf 88' lang='lat' dir='ltr'><strong>hominum</strong></span> <span class='ocrx_word' id='word_1_710' title='bbox 1916 4818 2002 4871; x_wconf 88' lang='lat' dir='ltr'><strong>iu-</strong></span> 
     </span>
    </p>
   </div>
   <div class='ocr_carea' id='block_1_93' title="bbox 441 4908 2000 4979">
    <p class='ocr_par' dir='ltr' id='par_1_93' title="bbox 441 4908 2000 4979">
     <span class='ocr_line' id='line_1_93' title="bbox 441 4908 2000 4979; baseline 0 -17"><span class='ocrx_word' id='word_1_711' title='bbox 441 4913 649 4965; x_wconf 84' lang='lat' dir='ltr'><strong>tenlum</strong></span> <span class='ocrx_word' id='word_1_712' title='bbox 672 4924 838 4977; x_wconf 87' lang='lat' dir='ltr'><strong>recte,</strong></span> <span class='ocrx_word' id='word_1_713' title='bbox 868 4913 1137 4966; x_wconf 89' lang='lat' dir='ltr'><strong>interdum</strong></span> <span class='ocrx_word' id='word_1_714' title='bbox 1169 4927 1272 4966; x_wconf 90' lang='lat' dir='ltr'><strong>non</strong></span> <span class='ocrx_word' id='word_1_715' title='bbox 1300 4919 1445 4963; x_wconf 88' lang='lat' dir='ltr'><strong>recte</strong></span> <span class='ocrx_word' id='word_1_716' title='bbox 1477 4909 1714 4979; x_wconf 84' lang='lat' dir='ltr'><strong>operari.</strong></span> <span class='ocrx_word' id='word_1_717' title='bbox 1762 4908 2000 4963; x_wconf 89' lang='lat' dir='ltr'><strong>Dicenti-</strong></span> 
     </span>
    </p>
   </div>
   <div class='ocr_carea' id='block_1_94' title="bbox 437 5000 2000 5070">
    <p class='ocr_par' dir='ltr' id='par_1_94' title="bbox 437 5000 2000 5070">
     <span class='ocr_line' id='line_1_94' title="bbox 437 5000 2000 5070; baseline -0.001 -14"><span class='ocrx_word' id='word_1_718' title='bbox 437 5005 539 5056; x_wconf 87' lang='lat' dir='ltr'><strong>bus</strong></span> <span class='ocrx_word' id='word_1_719' title='bbox 581 5015 820 5070; x_wconf 59' lang='lat' dir='ltr'><strong>autenm</strong></span> <span class='ocrx_word' id='word_1_720' title='bbox 843 5003 940 5059; x_wconf 92' lang='lat' dir='ltr'><strong>Ubi</strong></span> <span class='ocrx_word' id='word_1_721' title='bbox 979 5013 1066 5056; x_wconf 91' lang='lat' dir='ltr'><strong>est</strong></span> <span class='ocrx_word' id='word_1_722' title='bbox 1108 5002 1292 5057; x_wconf 80' lang='lat' dir='ltr'><strong>Deus?</strong></span> <span class='ocrx_word' id='word_1_723' title='bbox 1323 5019 1342 5053; x_wconf 73' lang='grc' dir='ltr'><strong>ι</strong></span> <span class='ocrx_word' id='word_1_724' title='bbox 1370 5000 1572 5069; x_wconf 90' lang='lat' dir='ltr'><strong>optime</strong></span> <span class='ocrx_word' id='word_1_725' title='bbox 1616 5001 1738 5069; x_wconf 89' lang='lat' dir='ltr'><strong>quis</strong></span> <span class='ocrx_word' id='word_1_726' title='bbox 1772 5014 2000 5070; x_wconf 77' lang='lat' dir='ltr'><strong>respon-</strong></span> 
     </span>
    </p>
   </div>
   <div class='ocr_carea' id='block_1_95' title="bbox 438 5093 1799 5165">
    <p class='ocr_par' dir='ltr' id='par_1_95' title="bbox 438 5093 1799 5165">
     <span class='ocr_line' id='line_1_95' title="bbox 438 5093 1799 5165; baseline -0.003 -17"><span class='ocrx_word' id='word_1_727' title='bbox 438 5097 577 5148; x_wconf 83' lang='lat' dir='ltr'><strong>derit</strong></span> <span class='ocrx_word' id='word_1_728' title='bbox 609 5098 877 5164; x_wconf 79' lang='lat' dir='ltr'><strong>:Ubique,</strong></span> <span class='ocrx_word' id='word_1_729' title='bbox 904 5105 1264 5165; x_wconf 73' lang='lat' dir='ltr'><strong>prmterquam</strong></span> <span class='ocrx_word' id='word_1_730' title='bbox 1294 5094 1345 5148; x_wconf 93' lang='lat' dir='ltr'><strong>in</strong></span> <span class='ocrx_word' id='word_1_731' title='bbox 1390 5104 1569 5147; x_wconf 89' lang='lat' dir='ltr'><strong>vestra</strong></span> <span class='ocrx_word' id='word_1_732' title='bbox 1602 5093 1799 5145; x_wconf 90' lang='lat' dir='ltr'><strong>anima.</strong></span> 
     </span>
    </p>
   </div>
   <div class='ocr_carea' id='block_1_96' title="bbox 496 5181 1993 5255">
    <p class='ocr_par' dir='ltr' id='par_1_96' title="bbox 496 5181 1993 5255">
     <span class='ocr_line' id='line_1_96' title="bbox 496 5181 1993 5255; baseline -0.004 -14"><span class='ocrx_word' id='word_1_733' title='bbox 496 5187 655 5241; x_wconf 77' lang='lat' dir='ltr'><strong>Vms.</strong></span> <span class='ocrx_word' id='word_1_734' title='bbox 674 5186 726 5241; x_wconf 79' lang='lat'><strong>5.</strong></span> <span class='ocrx_word' id='word_1_735' title='bbox 753 5186 1014 5251; x_wconf 83' lang='lat' dir='ltr'><strong>Quoniam</strong></span> <span class='ocrx_word' id='word_1_736' title='bbox 1032 5185 1263 5239; x_wconf 74' lang='lat' dir='ltr'><strong>transibo</strong></span> <span class='ocrx_word' id='word_1_737' title='bbox 1280 5186 1515 5255; x_wconf 66' lang='lat' dir='ltr'><strong>infacum</strong></span> <span class='ocrx_word' id='word_1_738' title='bbox 1529 5181 1873 5249; x_wconf 85' lang='lat' dir='ltr'><strong>tabernaculi,</strong></span> <span class='ocrx_word' id='word_1_739' title='bbox 1887 5192 1993 5238; x_wconf 89' lang='lat' dir='ltr'><strong>etc.</strong></span> 
     </span>
    </p>
   </div>
   <div class='ocr_carea' id='block_1_97' title="bbox 463 5319 1431 5388">
    <p class='ocr_par' dir='ltr' id='par_1_97' title="bbox 463 5319 1431 5388">
     <span class='ocr_line' id='line_1_97' title="bbox 463 5319 1431 5388; baseline 0.003 -15"><span class='ocrx_word' id='word_1_740' title='bbox 463 5319 512 5353; x_wconf 83' lang='lat'><strong>&quot;</strong></span> <span class='ocrx_word' id='word_1_741' title='bbox 542 5319 697 5373; x_wconf 81' lang='lat' dir='ltr'><strong>Joan.</strong></span> <span class='ocrx_word' id='word_1_742' title='bbox 727 5336 819 5381; x_wconf 83' lang='lat' dir='ltr'><strong>vn.</strong></span> <span class='ocrx_word' id='word_1_743' title='bbox 853 5322 938 5374; x_wconf 81' lang='grc'><strong>57.</strong></span> <span class='ocrx_word' id='word_1_744' title='bbox 1016 5322 1061 5352; x_wconf 81' lang='grc'><strong>⁸⁸</strong></span> <span class='ocrx_word' id='word_1_745' title='bbox 1086 5320 1229 5377; x_wconf 85' lang='lat' dir='ltr'><strong>Psal.</strong></span> <span class='ocrx_word' id='word_1_746' title='bbox 1264 5341 1314 5388; x_wconf 83' lang='grc' dir='ltr'><strong>ι,</strong></span> <span class='ocrx_word' id='word_1_747' title='bbox 1348 5323 1431 5377; x_wconf 80' lang='grc' dir='ltr'><strong>Η.</strong></span> 
     </span>
    </p>
   </div>
   <div class='ocr_carea' id='block_1_98' title="bbox 502 5439 1789 5507">
    <p class='ocr_par' dir='ltr' id='par_1_98' title="bbox 502 5439 1789 5507">
     <span class='ocr_line' id='line_1_98' title="bbox 502 5439 1789 5507; baseline 0.003 -16"><span class='ocrx_word' id='word_1_748' title='bbox 502 5439 615 5507; x_wconf 84' lang='grc'>(89)</span> <span class='ocrx_word' id='word_1_749' title='bbox 644 5442 797 5507; x_wconf 77' lang='grc' dir='ltr'><strong>Πρὸς</strong></span> <span class='ocrx_word' id='word_1_750' title='bbox 818 5441 924 5493; x_wconf 73' lang='grc' dir='ltr'><strong>τὸν</strong></span> <span class='ocrx_word' id='word_1_751' title='bbox 958 5443 1123 5504; x_wconf 76' lang='grc' dir='ltr'><strong>Θεόν,</strong></span> <span class='ocrx_word' id='word_1_752' title='bbox 1148 5453 1256 5498; x_wconf 86' lang='lat' dir='ltr'><strong>etc.</strong></span> <span class='ocrx_word' id='word_1_753' title='bbox 1287 5443 1489 5498; x_wconf 73' lang='lat' dir='ltr'><strong>Catena</strong></span> <span class='ocrx_word' id='word_1_754' title='bbox 1518 5441 1789 5498; x_wconf 86' lang='lat' dir='ltr'><strong>Corderii.</strong></span> 
     </span>
    </p>
   </div>
   <div class='ocr_carea' id='block_1_99' title="bbox 499 5512 1781 5578">
    <p class='ocr_par' dir='ltr' id='par_1_99' title="bbox 499 5512 1781 5578">
     <span class='ocr_line' id='line_1_99' title="bbox 499 5512 1781 5578; baseline 0.007 -18"><span class='ocrx_word' id='word_1_755' title='bbox 499 5512 614 5577; x_wconf 78' lang='lat'><strong>(90)</strong></span> <span class='ocrx_word' id='word_1_756' title='bbox 640 5512 705 5578; x_wconf 65' lang='grc' dir='ltr'><strong>ξι</strong></span> <span class='ocrx_word' id='word_1_757' title='bbox 738 5513 799 5563; x_wconf 77' lang='grc' dir='ltr'><strong>τὸ</strong></span> <span class='ocrx_word' id='word_1_758' title='bbox 836 5514 1176 5578; x_wconf 67' lang='grc' dir='ltr'><strong>πρόσωπον,</strong></span> <span class='ocrx_word' id='word_1_759' title='bbox 1198 5525 1302 5567; x_wconf 88' lang='lat' dir='ltr'><strong>etc.</strong></span> <span class='ocrx_word' id='word_1_760' title='bbox 1334 5515 1553 5569; x_wconf 66' lang='lat' dir='ltr'><strong>Srlteda:</strong></span> <span class='ocrx_word' id='word_1_761' title='bbox 1576 5512 1781 5569; x_wconf 84' lang='lat' dir='ltr'><strong>Grabii.</strong></span> 
     </span>
    </p>
   </div>
   <div class='ocr_carea' id='block_1_100' title="bbox 498 5572 1772 5650">
    <p class='ocr_par' dir='ltr' id='par_1_100' title="bbox 498 5572 1772 5650">
     <span class='ocr_line' id='line_1_100' title="bbox 498 5572 1772 5650; baseline -0.011 -3"><span class='ocrx_word' id='word_1_762' title='bbox 498 5572 613 5647; x_wconf 64' lang='grc' dir='ltr'><strong>(ω)</strong></span> <span class='ocrx_word' id='word_1_763' title='bbox 647 5572 753 5629; x_wconf 75' lang='grc' dir='ltr'><strong>Ὧν</strong></span> <span class='ocrx_word' id='word_1_764' title='bbox 788 5582 856 5636; x_wconf 78' lang='grc' dir='ltr'><strong>τὰ</strong></span> <span class='ocrx_word' id='word_1_765' title='bbox 875 5572 1126 5650; x_wconf 61' lang='grc' dir='ltr'><strong>δάκρυα,</strong></span> <span class='ocrx_word' id='word_1_766' title='bbox 1156 5572 1257 5639; x_wconf 76' lang='lat' dir='ltr'><strong>etc.</strong></span> <span class='ocrx_word' id='word_1_767' title='bbox 1287 5586 1484 5639; x_wconf 67' lang='lat' dir='ltr'><strong>Catena</strong></span> <span class='ocrx_word' id='word_1_768' title='bbox 1512 5582 1772 5637; x_wconf 84' lang='lat' dir='ltr'><strong>Cut‘dcrii.</strong></span> 
     </span>
    </p>
   </div>
   <div class='ocr_carea' id='block_1_101' title="bbox 2109 4469 3676 4547">
    <p class='ocr_par' dir='ltr' id='par_1_101' title="bbox 2109 4469 3676 4547">
     <span class='ocr_line' id='line_1_101' title="bbox 2109 4469 3676 4547; baseline 0.008 -28"><span class='ocrx_word' id='word_1_769' title='bbox 2109 4469 2156 4519; x_wconf 85' lang='grc' dir='ltr'><strong>εἰ</strong></span> <span class='ocrx_word' id='word_1_770' title='bbox 2181 4470 2238 4521; x_wconf 81' lang='grc' dir='ltr'><strong>δὲ</strong></span> <span class='ocrx_word' id='word_1_771' title='bbox 2266 4472 2357 4523; x_wconf 75' lang='grc' dir='ltr'><strong>καὶ</strong></span> <span class='ocrx_word' id='word_1_772' title='bbox 2385 4471 2521 4523; x_wconf 85' lang='grc' dir='ltr'><strong>κατὰ</strong></span> <span class='ocrx_word' id='word_1_773' title='bbox 2541 4472 2766 4543; x_wconf 84' lang='grc' dir='ltr'><strong>δύναμιν</strong></span> <span class='ocrx_word' id='word_1_774' title='bbox 2793 4474 3118 4544; x_wconf 74' lang='grc' dir='ltr'><strong>λαμϐάνοιτο</strong></span> <span class='ocrx_word' id='word_1_775' title='bbox 3144 4480 3173 4547; x_wconf 89' lang='grc' dir='ltr'><strong>ή</strong></span> <span class='ocrx_word' id='word_1_776' title='bbox 3210 4478 3375 4547; x_wconf 84' lang='grc' dir='ltr'><strong>ἀρετὴ</strong></span> <span class='ocrx_word' id='word_1_777' title='bbox 3405 4481 3498 4531; x_wconf 75' lang='grc' dir='ltr'><strong>καὶ</strong></span> <span class='ocrx_word' id='word_1_778' title='bbox 3524 4481 3555 4547; x_wconf 83' lang='grc' dir='ltr'><strong>ή</strong></span> <span class='ocrx_word' id='word_1_779' title='bbox 3593 4495 3676 4531; x_wconf 84' lang='grc' dir='ltr'><strong>σο-</strong></span> 
     </span>
    </p>
   </div>
   <div class='ocr_carea' id='block_1_102' title="bbox 2104 4559 3673 4641">
    <p class='ocr_par' dir='ltr' id='par_1_102' title="bbox 2104 4559 3673 4641">
     <span class='ocr_line' id='line_1_102' title="bbox 2104 4559 3673 4641; baseline 0.008 -30"><span class='ocrx_word' id='word_1_780' title='bbox 2104 4559 2221 4629; x_wconf 82' lang='grc' dir='ltr'><strong>φία,</strong></span> <span class='ocrx_word' id='word_1_781' title='bbox 2262 4562 2351 4613; x_wconf 80' lang='grc' dir='ltr'><strong>καὶ</strong></span> <span class='ocrx_word' id='word_1_782' title='bbox 2387 4564 2444 4615; x_wconf 80' lang='grc' dir='ltr'><strong>ὲν</strong></span> <span class='ocrx_word' id='word_1_783' title='bbox 2484 4567 2603 4627; x_wconf 85' lang='grc' dir='ltr'><strong>ταῖς</strong></span> <span class='ocrx_word' id='word_1_784' title='bbox 2637 4567 3035 4637; x_wconf 86' lang='grc' dir='ltr'><strong>ἀντικειμέναις</strong></span> <span class='ocrx_word' id='word_1_785' title='bbox 3075 4569 3385 4637; x_wconf 76' lang='grc' dir='ltr'><strong>δυνάμεσινο</strong></span> <span class='ocrx_word' id='word_1_786' title='bbox 3430 4570 3555 4622; x_wconf 82' lang='grc' dir='ltr'><strong>είδὲ</strong></span> <span class='ocrx_word' id='word_1_787' title='bbox 3596 4570 3673 4641; x_wconf 76' lang='grc' dir='ltr'><strong>πή</strong></span> 
     </span>
    </p>
   </div>
   <div class='ocr_carea' id='block_1_103' title="bbox 2106 4651 3675 4732">
    <p class='ocr_par' dir='ltr' id='par_1_103' title="bbox 2106 4651 3675 4732">
     <span class='ocr_line' id='line_1_103' title="bbox 2106 4651 3675 4732; baseline 0.009 -31"><span class='ocrx_word' id='word_1_788' title='bbox 2106 4651 2204 4719; x_wconf 82' lang='grc' dir='ltr'><strong>μὲν</strong></span> <span class='ocrx_word' id='word_1_789' title='bbox 2232 4652 2475 4722; x_wconf 87' lang='grc' dir='ltr'><strong>δυνάμει,</strong></span> <span class='ocrx_word' id='word_1_790' title='bbox 2500 4655 2574 4725; x_wconf 81' lang='grc' dir='ltr'><strong>πὴ</strong></span> <span class='ocrx_word' id='word_1_791' title='bbox 2606 4656 2662 4708; x_wconf 81' lang='grc' dir='ltr'><strong>δὲ</strong></span> <span class='ocrx_word' id='word_1_792' title='bbox 2685 4659 2951 4729; x_wconf 73' lang='grc' dir='ltr'><strong>ἐνεργείᾳ,</strong></span> <span class='ocrx_word' id='word_1_793' title='bbox 2982 4662 3073 4713; x_wconf 79' lang='grc' dir='ltr'><strong>καὶ</strong></span> <span class='ocrx_word' id='word_1_794' title='bbox 3100 4663 3156 4713; x_wconf 81' lang='grc' dir='ltr'><strong>ὲν</strong></span> <span class='ocrx_word' id='word_1_795' title='bbox 3190 4661 3497 4732; x_wconf 81' lang='grc' dir='ltr'><strong>ἀνθρώποις</strong></span> <span class='ocrx_word' id='word_1_796' title='bbox 3525 4664 3675 4715; x_wconf 71' lang='grc' dir='ltr'><strong>ἐστὶν</strong></span> 
     </span>
    </p>
   </div>
   <div class='ocr_carea' id='block_1_104' title="bbox 2101 4740 3668 4820">
    <p class='ocr_par' dir='ltr' id='par_1_104' title="bbox 2101 4740 3668 4820">
     <span class='ocr_line' id='line_1_104' title="bbox 2101 4740 3668 4820; baseline 0.01 -29"><span class='ocrx_word' id='word_1_797' title='bbox 2101 4740 2129 4790; x_wconf 81' lang='grc' dir='ltr'><strong>ὁ</strong></span> <span class='ocrx_word' id='word_1_798' title='bbox 2162 4740 2313 4805; x_wconf 79' lang='grc' dir='ltr'><strong>Θεός’</strong></span> <span class='ocrx_word' id='word_1_799' title='bbox 2335 4743 2395 4795; x_wconf 88' lang='grc' dir='ltr'><strong>τὸ</strong></span> <span class='ocrx_word' id='word_1_800' title='bbox 2427 4743 2535 4815; x_wconf 86' lang='grc' dir='ltr'><strong>γὰρ</strong></span> <span class='ocrx_word' id='word_1_801' title='bbox 2562 4745 2646 4797; x_wconf 74' lang='grc' dir='ltr'><strong>ἀεὶ</strong></span> <span class='ocrx_word' id='word_1_802' title='bbox 2677 4748 2917 4817; x_wconf 80' lang='grc' dir='ltr'><strong>ἐνεργεῖν</strong></span> <span class='ocrx_word' id='word_1_803' title='bbox 2940 4751 3075 4805; x_wconf 86' lang='grc' dir='ltr'><strong>κατά</strong></span> <span class='ocrx_word' id='word_1_804' title='bbox 3102 4750 3231 4805; x_wconf 82' lang='grc' dir='ltr'><strong>Θεὸν</strong></span> <span class='ocrx_word' id='word_1_805' title='bbox 3264 4754 3507 4820; x_wconf 86' lang='grc' dir='ltr'><strong>ἀγγέλων</strong></span> <span class='ocrx_word' id='word_1_806' title='bbox 3531 4755 3668 4806; x_wconf 81' lang='grc' dir='ltr'><strong>ὲστί·</strong></span> 
     </span>
    </p>
   </div>
   <div class='ocr_carea' id='block_1_105' title="bbox 2100 4827 3671 4912">
    <p class='ocr_par' dir='ltr' id='par_1_105' title="bbox 2100 4827 3671 4912">
     <span class='ocr_line' id='line_1_105' title="bbox 2100 4827 3671 4912; baseline 0.011 -33"><span class='ocrx_word' id='word_1_807' title='bbox 2100 4827 2160 4880; x_wconf 88' lang='grc' dir='ltr'><strong>τὸ</strong></span> <span class='ocrx_word' id='word_1_808' title='bbox 2185 4828 2241 4881; x_wconf 86' lang='grc' dir='ltr'><strong>δὲ</strong></span> <span class='ocrx_word' id='word_1_809' title='bbox 2275 4831 2539 4900; x_wconf 80' lang='grc' dir='ltr'><strong>μηδέποτε</strong></span> <span class='ocrx_word' id='word_1_810' title='bbox 2562 4835 2847 4906; x_wconf 74' lang='grc' dir='ltr'><strong>δαιμόνων⁸</strong></span> <span class='ocrx_word' id='word_1_811' title='bbox 2875 4841 2936 4892; x_wconf 78' lang='grc' dir='ltr'><strong>τὸ</strong></span> <span class='ocrx_word' id='word_1_812' title='bbox 2959 4845 3013 4897; x_wconf 68' lang='grc' dir='ltr'><strong>δξ</strong></span> <span class='ocrx_word' id='word_1_813' title='bbox 3041 4842 3168 4894; x_wconf 78' lang='grc' dir='ltr'><strong>ποτὲ</strong></span> <span class='ocrx_word' id='word_1_814' title='bbox 3198 4842 3295 4912; x_wconf 83' lang='grc' dir='ltr'><strong>μὲν</strong></span> <span class='ocrx_word' id='word_1_815' title='bbox 3316 4843 3512 4906; x_wconf 82' lang='grc' dir='ltr'><strong>καλῶς,</strong></span> <span class='ocrx_word' id='word_1_816' title='bbox 3540 4845 3671 4897; x_wconf 74' lang='grc' dir='ltr'><strong>ποτὲ</strong></span> 
     </span>
    </p>
   </div>
   <div class='ocr_carea' id='block_1_106' title="bbox 2096 4916 3671 5000">
    <p class='ocr_par' dir='ltr' id='par_1_106' title="bbox 2096 4916 3671 5000">
     <span class='ocr_line' id='line_1_106' title="bbox 2096 4916 3671 5000; baseline 0.013 -33"><span class='ocrx_word' id='word_1_817' title='bbox 2096 4916 2151 4968; x_wconf 85' lang='grc' dir='ltr'><strong>δὲ</strong></span> <span class='ocrx_word' id='word_1_818' title='bbox 2181 4919 2279 4970; x_wconf 84' lang='grc' dir='ltr'><strong>οὐκ</strong></span> <span class='ocrx_word' id='word_1_819' title='bbox 2309 4920 2501 4990; x_wconf 82' lang='grc' dir='ltr'><strong>ὀρθῶς,</strong></span> <span class='ocrx_word' id='word_1_820' title='bbox 2537 4925 2834 4996; x_wconf 85' lang='grc' dir='ltr'><strong>ἀνθρώπων</strong></span> <span class='ocrx_word' id='word_1_821' title='bbox 2922 4931 3053 4984; x_wconf 86' lang='grc' dir='ltr'><strong>στίν,</strong></span> <span class='ocrx_word' id='word_1_822' title='bbox 3103 4932 3351 5000; x_wconf 84' lang='grc' dir='ltr'><strong>Εύλόγως</strong></span> <span class='ocrx_word' id='word_1_823' title='bbox 3390 4934 3448 4986; x_wconf 82' lang='grc' dir='ltr'><strong>δέ</strong></span> <span class='ocrx_word' id='word_1_824' title='bbox 3476 4951 3561 4996; x_wconf 90' lang='grc' dir='ltr'><strong>τις</strong></span> <span class='ocrx_word' id='word_1_825' title='bbox 3601 4934 3671 4987; x_wconf 81' lang='grc' dir='ltr'><strong>ἂν</strong></span> 
     </span>
    </p>
   </div>
   <div class='ocr_carea' id='block_1_107' title="bbox 2096 5006 3668 5093">
    <p class='ocr_par' dir='ltr' id='par_1_107' title="bbox 2096 5006 3668 5093">
     <span class='ocr_line' id='line_1_107' title="bbox 2096 5006 3668 5093; baseline 0.011 -35"><span class='ocrx_word' id='word_1_826' title='bbox 2096 5006 2447 5079; x_wconf 85' lang='grc' dir='ltr'><strong>ἀποκρίναιτο</strong></span> <span class='ocrx_word' id='word_1_827' title='bbox 2473 5014 2553 5071; x_wconf 83' lang='grc' dir='ltr'><strong>τὸ,</strong></span> <span class='ocrx_word' id='word_1_828' title='bbox 2600 5035 2618 5067; x_wconf 83' lang='grc' dir='ltr'><strong>ι</strong></span> <span class='ocrx_word' id='word_1_829' title='bbox 2655 5017 2765 5069; x_wconf 89' lang='grc' dir='ltr'><strong>Ποῦ</strong></span> <span class='ocrx_word' id='word_1_830' title='bbox 2791 5019 2938 5073; x_wconf 79' lang='grc' dir='ltr'><strong>ἐστιν</strong></span> <span class='ocrx_word' id='word_1_831' title='bbox 2961 5022 2989 5072; x_wconf 82' lang='grc' dir='ltr'>ὁ</span> <span class='ocrx_word' id='word_1_832' title='bbox 3018 5020 3178 5085; x_wconf 87' lang='grc' dir='ltr'><strong>Θεός;</strong></span> <span class='ocrx_word' id='word_1_833' title='bbox 3210 5037 3228 5070; x_wconf 75' lang='grc' dir='ltr'><strong>ι</strong></span> <span class='ocrx_word' id='word_1_834' title='bbox 3255 5020 3357 5089; x_wconf 86' lang='grc' dir='ltr'><strong>δτι,</strong></span> <span class='ocrx_word' id='word_1_835' title='bbox 3384 5023 3668 5093; x_wconf 85' lang='grc' dir='ltr'><strong>Πανταχοῦ</strong></span> 
     </span>
    </p>
   </div>
   <div class='ocr_carea' id='block_1_108' title="bbox 2105 5097 2868 5178">
    <p class='ocr_par' dir='ltr' id='par_1_108' title="bbox 2105 5097 2868 5178">
     <span class='ocr_line' id='line_1_108' title="bbox 2105 5097 2868 5178; baseline 0.017 -30"><span class='ocrx_word' id='word_1_836' title='bbox 2105 5097 2242 5168; x_wconf 77' lang='grc' dir='ltr'><strong>πλὴν</strong></span> <span class='ocrx_word' id='word_1_837' title='bbox 2264 5101 2359 5171; x_wconf 87' lang='grc' dir='ltr'><strong>τῆς</strong></span> <span class='ocrx_word' id='word_1_838' title='bbox 2382 5104 2649 5177; x_wconf 81' lang='grc' dir='ltr'><strong>ὑμετέρας</strong></span> <span class='ocrx_word' id='word_1_839' title='bbox 2675 5107 2868 5178; x_wconf 79' lang='grc' dir='ltr'><strong>ψυχῆς.</strong></span> 
     </span>
    </p>
   </div>
   <div class='ocr_carea' id='block_1_109' title="bbox 2176 5190 3666 5271">
    <p class='ocr_par' dir='ltr' id='par_1_109' title="bbox 2176 5190 3666 5271">
     <span class='ocr_line' id='line_1_109' title="bbox 2176 5190 3666 5271; baseline 0.012 -32"><span class='ocrx_word' id='word_1_840' title='bbox 2176 5190 2293 5242; x_wconf 84' lang='grc' dir='ltr'><strong>Ὅτι</strong></span> <span class='ocrx_word' id='word_1_841' title='bbox 2322 5192 2698 5264; x_wconf 78' lang='grc' dir='ltr'><strong>διελεύσομαι</strong></span> <span class='ocrx_word' id='word_1_842' title='bbox 2736 5198 2806 5250; x_wconf 80' lang='grc' dir='ltr'><strong>ἐν</strong></span> <span class='ocrx_word' id='word_1_843' title='bbox 2857 5201 3015 5264; x_wconf 83' lang='grc' dir='ltr'><strong>τόπῳ</strong></span> <span class='ocrx_word' id='word_1_844' title='bbox 3048 5201 3304 5271; x_wconf 78' lang='grc' dir='ltr'><strong>σκηνῆς,</strong></span> <span class='ocrx_word' id='word_1_845' title='bbox 3330 5221 3384 5257; x_wconf 89' lang='grc' dir='ltr'><strong>κ.</strong></span> <span class='ocrx_word' id='word_1_846' title='bbox 3421 5221 3471 5257; x_wconf 88' lang='grc' dir='ltr'><strong>τ.</strong></span> <span class='ocrx_word' id='word_1_847' title='bbox 3507 5206 3555 5258; x_wconf 78' lang='grc' dir='ltr'><strong>ὲ.</strong></span> <span class='ocrx_word' id='word_1_848' title='bbox 3598 5204 3666 5257; x_wconf 84' lang='grc' dir='ltr'><strong>ἰι</strong></span> 
     </span>
    </p>
   </div>
   <div class='ocr_carea' id='block_1_110' title="bbox 2179 5444 3533 5516">
    <p class='ocr_par' dir='ltr' id='par_1_110' title="bbox 2179 5444 3533 5516">
     <span class='ocr_line' id='line_1_110' title="bbox 2179 5444 3533 5516; baseline 0.002 -18"><span class='ocrx_word' id='word_1_849' title='bbox 2179 5445 2291 5516; x_wconf 76' lang='lat'><strong>(92)</strong></span> <span class='ocrx_word' id='word_1_850' title='bbox 2329 5444 2762 5516; x_wconf 69' lang='grc' dir='ltr'><strong>Τροφιμὼτατός</strong></span> <span class='ocrx_word' id='word_1_851' title='bbox 2778 5445 2930 5512; x_wconf 85' lang='grc' dir='ltr'><strong>ἐστι,</strong></span> <span class='ocrx_word' id='word_1_852' title='bbox 2953 5456 3060 5501; x_wconf 87' lang='lat' dir='ltr'><strong>etc.</strong></span> <span class='ocrx_word' id='word_1_853' title='bbox 3090 5445 3312 5504; x_wconf 65' lang='lat' dir='ltr'><strong>Scltedte</strong></span> <span class='ocrx_word' id='word_1_854' title='bbox 3329 5446 3533 5504; x_wconf 83' lang='lat' dir='ltr'><strong>Grabii.</strong></span> 
     </span>
    </p>
   </div>
   <div class='ocr_carea' id='block_1_111' title="bbox 2166 5515 3101 5587">
    <p class='ocr_par' dir='ltr' id='par_1_111' title="bbox 2166 5515 3101 5587">
     <span class='ocr_line' id='line_1_111' title="bbox 2166 5515 3101 5587; baseline 0.004 -18"><span class='ocrx_word' id='word_1_855' title='bbox 2166 5515 2278 5585; x_wconf 76' lang='lat'><strong>(93)</strong></span> <span class='ocrx_word' id='word_1_856' title='bbox 2322 5516 2375 5567; x_wconf 89' lang='grc' dir='ltr'><strong><em>Ὁ</em></strong></span> <span class='ocrx_word' id='word_1_857' title='bbox 2403 5516 2544 5582; x_wconf 80' lang='grc' dir='ltr'><strong>Θεὸς</strong></span> <span class='ocrx_word' id='word_1_858' title='bbox 2561 5515 2698 5587; x_wconf 81' lang='grc' dir='ltr'><strong>μέν,</strong></span> <span class='ocrx_word' id='word_1_859' title='bbox 2732 5527 2836 5572; x_wconf 86' lang='lat' dir='ltr'><strong>etc.</strong></span> <span class='ocrx_word' id='word_1_860' title='bbox 2879 5517 3101 5574; x_wconf 83' lang='lat' dir='ltr'><strong>Eadem.</strong></span> 
     </span>
    </p>
   </div>
  </div>
