1948 3350
13 87 111 117 ΙΗΤ
543 85 698 114 SE[.ECTA
718 85 751 113 IN
770 82 938 112 PSALMOS.
960 99 993 103 —-
1008 83 1103 112 PSAL.
1126 83 1193 111 XLI.
1615 83 1684 112 ιιιδ

11 147 84 181 μὲν
103 146 181 172 κατὰ
204 146 307 173 Μωσέα
331 145 387 180 (95)
409 145 437 171 ὲν
458 144 554 179 Ἐξόδῳ
579 144 665 179 σκηνὴ
689 143 783 174 τύπος,
805 139 844 168 οῖ·-

899 140 1031 168 Existimo
1063 141 1265 168 tabernaculum
1298 139 1395 175 Moysis
1426 140 1451 166 in
1481 139 1574 167 Exodo
1604 140 1685 174 hujus

13 201 99 226 μαι,
127 192 230 227 ταύτης
247 190 290 226 ἦν·
313 192 327 217 ὁ
346 191 417 217 κατὰ
434 190 595 224 Σολομῶντα
609 190 672 221 ναὸς
687 189 771 221 τύπος
792 189 839 215 τοῦ

905 193 984 220 ypnm
1012 186 1112 218 fuisse;
1141 186 1269 220 templum
1292 193 1357 212 vero
1384 185 1540 212 Salomonis
1571 185 1684 220 ﬁguram

10 238 173 273 ἀληθινοῦ
188 238 263 264 οἴκου
277 237 324 264 τοῦ
338 237 416 263 θεοῦ.
434 238 505 268 "Ott,
521 237 614 272 φησὶν,
630 236 670 262 ἐτι
683 235 839 272 προκόπτω,

14 285 79 312 καὶ
102 284 187 311 οὔπω
198 283 299 315 τέλειός
317 283 385 318 εἰμι.
401 282 539 317 Σύμϐολον
556 281 584 307 δὲ
595 282 643 316 τῆς
662 281 802 317 προκοπῆς
824 282 840 315 ὴ

15 330 147 364 σκηνὴ,
160 327 325 363 θαυμαστῶς
337 327 415 363 φέρει
424 326 470 353 ἐπὶ
481 327 526 352 τὸν
533 323 606 352 οἶκον
616 326 696 352 αὐτοῦ
707 325 753 352 τοῦ
762 325 840 356 Θεοῦ,

13 375 172 402 τουτέστι
195 374 244 409 τὴν
268 373 435 408 τελειότητα,
458 372 519 399 καθ’
542 373 575 407 ἦν
599 372 668 398 οἰκεῖ
684 372 733 407 μὲν
750 371 841 398 ἕνθαὸ

13 421 119 452 Θεὸς.
146 420 178 446 0!
192 419 219 446 δὲ
232 418 425 455 πνευματικῶς
438 418 612 454 ἑορτάζοντες
633 417 744 452 ἣχοῦσιν
755 417 839 450 ἀγαλ-

13 465 175 501 λιώμενοι
188 466 234 492 καὶ
253 465 502 500 ἐξομολογούμενοι.
518 464 552 490 Ἢ
567 463 646 489 τοῦτό
659 471 735 498 φησι·
754 463 842 498 Παρε-

19 510 191 546 μυοοὺμην
215 510 260 536 ἐπὶ
276 509 414 541 τοιαύταις
436 508 554 544 ἐμαυτὸν
572 508 688 539 ἐλπίσιν,
706 517 715 533 ι
730 508 790 534 Ἴνα
804 507 840 539 τί,

894 231 978 259 fuisse
989 239 1060 258 verat
1072 233 1167 259 dmnus
1176 232 1233 259 Dei.
1246 231 1393 264 Quoniam,
1407 231 1504 265 inqttit,
1520 231 1608 258 adhuc,
1620 239 1684 266 pro-

894 279 965 309 ﬁcio,
979 283 1006 305 et
1019 278 1136 304 nondum
1146 278 1284 312 perlectus
1298 285 1367 305 sum.
1379 277 1444 304 Cum
1456 282 1546 304 autem
1557 277 1682 304 taberna-

893 323 982 350 culum
992 323 1220 358 essetsymbolum
1230 323 1380 358 profectus,
1389 322 1587 350 admirabiliter
1599 324 1683 350 tendit

896 369 929 395 ad
953 370 1063 397 domum
1091 369 1149 401 Dei,
1167 370 1192 396 id
1215 373 1256 396 est
1272 369 1485 404 perfectionem,
1503 369 1529 396 in
1547 377 1597 403 qua
1616 370 1686 397 Deus

895 414 1003 441 habitat
1024 422 1055 441 ac
1078 421 1275 442 commoratur.
1298 416 1383 443 Porro
1405 416 1451 450 qui
1471 415 1629 450 spiritaliter
1644 417 1685 442 l'e-

898 467 971 487 stum
991 461 1142 493 celebrant,
1156 460 1340 489 vociferantur
1362 461 1533 490 exsultantes
1555 467 1582 489 et
1599 462 1686 489 conﬂ-

896 511 992 533 tcntes.
1013 507 1060 534 Vel
1075 508 1126 535 hoc
1138 508 1195 534 ait:
1212 505 1401 542 Memetipsnm
1413 507 1565 538 istiusmodi
1586 508 1687 543 spebus

895 552 1066 584 consolabar,
1081 553 1174 579 dicens
1188 561 1194 579 :
1207 562 1216 578 ι
1229 553 1319 586 Quare
1335 553 1419 580 tristis
1431 560 1470 586 es,
1482 553 1572 579 anima
1587 554 1663 581 mea?
1675 564 1684 580 ο

896 597 1056 632 Exspeclavi
1066 598 1137 625 enim
1150 603 1177 624 ut
1188 605 1230 625 me
1247 598 1366 633 excipiat
1377 599 1471 626 beatus
1484 599 1557 632 linis,
1571 595 1688 627 admira-

896 642 950 670 bile
979 643 1184 670 tabernaculum
1203 643 1261 677 Dei,
1277 648 1304 671 et
1324 644 1437 671 interior
1451 645 1547 672 domus
1560 645 1630 680 ejus.
1660 647 1686 674 in

896 696 978 723 quam
997 689 1084 716 sancti
1100 688 1134 716 ab
1149 689 1279 724 angelicis
1292 690 1437 717 rirtutibus
1451 690 1549 718 elevati
1565 691 1688 719 introdu-

901 738 1008 760 centur.
1028 733 1105 767 Quod
1123 735 1145 762 si
1162 742 1227 762 vero
1245 744 1254 760 ι
1270 735 1397 770 gaudium
1424 736 1460 763 sit
1486 736 1512 763 in
1527 737 1595 764 cmlo
1607 745 1688 772 super

897 787 952 806 tino
960 785 1103 814 peccatore
1115 781 1303 814 paenitentiam
1316 785 1414 814 agente
1424 782 1457 816 Il7;
1468 791 1477 807 ι
1494 790 1544 809 cur
1561 790 1614 810 non
1632 791 1688 810 me-

896 824 958 858 rito,
972 825 1035 851 dum
1049 829 1109 859 post
1128 825 1228 852 luctam
1244 826 1335 853 anima
1355 826 1381 853 in
1396 831 1488 853 sancta
1506 827 1549 853 illa
1566 828 1687 855 ccelestia

894 868 1084 903 introdttcitur,
1095 878 1145 898 vox
1157 870 1203 897 liat
1216 871 1377 899 exsultantis
1391 876 1417 899 et
1428 872 1525 899 festum
1541 873 1686 900 celebrau-

896 915 930 942 tis
945 914 1137 947 multitudinis,
1149 920 1259 951 propter
1274 917 1390 945 salutem
1404 917 1463 951 ejus
1481 918 1527 952 qui
1549 919 1687 946 salvator!

895 960 947 987 Pro
962 961 1003 988 lllS
1019 961 1110 995 igitur,
1121 967 1150 988 ut
1166 962 1239 989 veris
1254 962 1344 995 bouis,
1362 963 1465 997 gratias
1481 964 1547 997 agit.
1565 973 1574 990 ι
1596 965 1687 998 Quare

897 1004 981 1031 tristis
994 1005 1043 1031 es?
1054 1015 1063 1031 ι
1076 1012 1131 1033 etc.
1142 1005 1187 1033 Sic
1196 1007 1279 1041 igitur
1288 1007 1470 1042 nosmetipsos
1483 1008 1575 1036 tristes
1586 1014 1612 1036 et
1622 1017 1688 1037 con-

896 1051 1020 1078 turbatos
1033 1051 1214 1085 increpemtts.
1232 1051 1364 1085 Quoniam
1377 1052 1447 1080 Deus
1456 1058 1548 1081 noster
1565 1060 1605 1082 est
1619 1056 1688 1082 salu-

896 1099 954 1123 tare
970 1096 1058 1123 vultus
1073 1097 1169 1130 nostri,
1187 1098 1297 1132 quando
1314 1106 1324 1124 ι
1345 1098 1464 1125 revelata
1488 1098 1557 1127 faeie
1571 1100 1686 1135 gloriam

896 1140 1002 1168 Domini
1012 1142 1196 1176 speculantes,
1210 1143 1237 1170 in
1251 1144 1373 1171 eamdem
1391 1145 1536 1180 imaginem
1555 1148 1686 1176 transfor-

897 1193 1003 1213 mamur
1018 1187 1050 1213 ⁸⁸.
1069 1196 1078 1213 ι

932 1231 1015 1259 Vens.
1032 1233 1058 1259 7.
1077 1232 1221 1267 Propterea
1232 1243 1332 1263 memor
1345 1243 1390 1263 ero
1402 1237 1442 1263 tui
1461 1237 1493 1264 de
1507 1242 1578 1264 terra
1589 1238 1689 1266 larda-

897 1277 937 1304 m':
951 1282 974 1304 et
990 1277 1156 1305 IIermoniim
1181 1287 1196 1306 a
1213 1284 1300 1307 mante
1326 1281 1447 1314 modico,
1470 1287 1522 1309 etc.
1541 1283 1688 1318 Iordanis,

897 1321 1063 1356 descensus;
1081 1324 1262 1358 llermoniim,
1284 1326 1439 1353 anathema.
1465 1327 1531 1355 Dum
1549 1329 1574 1355 in
1589 1338 1690 1357 memo-

897 1367 965 1394 riam
990 1373 1102 1396 revocat
1122 1369 1283 1397 miraculum
1310 1371 1382 1405 qnod
1405 1372 1455 1399 sub
1472 1372 1536 1400 Jesu
1557 1373 1629 1401 Nave
1647 1374 1689 1402 l'a-

898 1418 972 1441 etum
987 1415 1068 1442 estin
1085 1413 1212 1449 Iordane,
1231 1417 1342 1451 quando
1361 1417 1447 1445 divisa
1463 1423 1505 1446 est
1518 1427 1589 1454 aqua
1602 1421 1690 1449 donec

861 1482 882 1511 ϐ
900 1459 1011 1487 ﬂuvium
1030 1461 1184 1488 transiisset
1205 1462 1331 1496 populus,
1350 1467 1378 1489 et
1396 1463 1460 1490 illud
1477 1466 1548 1499 quod
1571 1466 1605 1492 ad
1627 1474 1688 1501 pro-

899 1506 1002 1532 ximum
1019 1510 1139 1533 montem
1159 1506 1285 1541 contigit,
1302 1506 1413 1534 videtur
1428 1509 1541 1536 tristitia
1554 1515 1582 1537 et
1595 1511 1689 1539 dolore

18 556 147 590 λέγων,
166 556 314 592 περίλυπος
331 554 366 587 εἴ,
380 557 396 591 ἡ
408 555 481 590 ψυχὴ
499 563 566 590 μου;
582 565 590 579 ι
603 554 778 590 Προσεδόκων
788 553 842 588 γὰρ

18 603 69 634 ὡς
103 602 261 635 διαδέξεταί
278 611 311 638 με
328 603 358 629 τὺ
385 603 520 637 μακάριον
541 601 627 633 τέλος,
656 601 673 635 ὴ
698 601 842 636 θαυμαστὴ

20 649 134 684 σκηνὴ
155 649 200 675 τοῦ
217 649 296 681 θεοῦ,
314 649 362 676 καὶ
379 650 392 675 ὁ
409 648 542 675 ἐνδοτάτω
558 645 632 678 οἷκος
646 646 740 678 αὑτοῦ,
756 648 795 678 εἰς
814 647 843 673 ὂν

19 693 51 718 οἱ
71 692 159 726 ἆγιοι
171 692 223 719 ὑπὸ
233 693 386 727 ἁγγελικῶν
403 693 544 727 δυνάμεων
557 691 696 726 αἰρόμενοι
713 691 844 726 εἰσαχθήο

21 746 150 764 σονται.
162 738 232 764 Εἱδέ
251 748 259 763 ι
276 738 347 773 χαρὰ
363 738 466 772 γίνεται
487 738 515 764 ἐν
528 739 585 769 τοῖς
599 737 725 772 οὐρανοῖς
744 737 790 763 ἐπὶ
802 737 844 763 ἐνὶ

21 782 202 817 ἁμαρτωλῷ
225 782 410 817 μετανοοῦντι,
432 791 441 807 ι
463 782 521 813 πῶς
540 782 590 808 οὐκ
613 781 736 813 εἰκότως,
754 781 844 816 ψυχῆς
858 805 882 835 Β

97 826 103 835 1
149 834 152 835 ν
250 825 256 832 ⁸
319 827 324 833 ι
377 826 382 835 1
406 826 417 835 σι
506 826 511 835 1
530 827 536 835 1
622 826 628 833 Ι
666 834 669 835 ν
698 827 717 835 ,u
729 834 735 835 κ
758 834 783 835 ,,,
817 826 824 835 Ι

24 826 112 860 μετὰ
134 825 290 860 γυμνασῑαν
303 827 342 858 εἰς
355 826 389 852 τὰ
404 826 469 860 am
484 826 518 852 τὰ
528 826 678 861 ἐπουράνια
694 826 841 861 εἰσαγομέ-

23 879 97 905 νης,
121 870 216 905 φωνὴν
233 870 355 905 εὔφημον
367 870 491 904 γίνεσθαι
508 870 627 906 πλήθους
644 871 843 906 πανηγυριζόν-

22 925 90 942 των
108 917 161 942 ἐπὶ
175 918 208 951 τῇ
222 916 268 942 τοῦ
285 916 439 951 σωζομένου
456 916 592 952 erumpit};
615 916 658 948 Ὠς
671 916 713 943 ἐπ’
732 916 843 952 ἀληθέσι

25 963 59 989 δέ
70 962 189 995 τούτοις
202 963 365 999 εὐχαριστεῖ.
386 972 395 988 ι
413 963 470 989 Ἵνα
489 963 514 989 τι
532 963 698 998 περίλυποςς
718 972 726 988 ι
744 962 793 990 καὶ
809 963 843 989 τὰ

27 1007 118 1042 ἑξῆς.
134 1008 323 1043 Λυπουμένοις
341 1005 387 1034 οὖν
400 1008 504 1040 ἑαυτοῖς
525 1008 611 1040 οὕτως
632 1007 844 1043 ἐπιπλήττωμεν

29 1053 88 1080 καὶ
116 1054 392 1090 συνταρασσιιμένοις.
412 1055 476 1080 Ὅτε
497 1054 630 1089 σωτήριον
647 1055 661 1080 ὁ
681 1053 747 1085 Θεὸς
766 1053 844 1088 ἡμῶν

28 1097 85 1124 τοῦ
104 1098 258 1133 προσώπου
269 1098 346 1134 ἡμῶν
362 1100 445 1130 ἐστιν,
465 1108 474 1124 ι
494 1099 747 1134 ἀνακεκαλυμμένῳ
762 1107 845 1134 προσ-

31 1144 111 1179 ώπῳ
134 1144 185 1179 τὴν
201 1144 281 1178 δόξαν
293 1144 397 1179 Κυρίου
422 1145 677 1180 κατοπτριζόμενοι,
694 1145 743 1181 τὴν
759 1145 845 1181 αὐτὴν

29 1190 137 1216 εἰκόνα
159 1190 418 1226 μεταμορςούμεθα.
441 1199 450 1216 ι

67 1236 127 1263 Διὰ
144 1236 238 1263 τοῦτο
253 1238 467 1272 μνησθήσομαι
482 1245 539 1264 σου
551 1238 585 1264 ὲκ
602 1237 659 1271 γῆς
687 1237 844 1271 Ἰορδάνου,

26 1281 82 1308 καὶ
99 1281 281 1315 Ἐρμωνιεὶμ
296 1282 353 1308 ἀπὸ
364 1281 576 1317 ὅροινςμικροῦ,
589 1291 615 1309 κ.
626 1291 651 1308 τ.
661 1282 683 1309 ὲ.
700 1281 845 1317 Ἰορδάνης,

24 1326 152 1354 κατάϐα.
161 1335 202 1358 σις
218 1327 284 1362 (95)·
300 1327 480 1363 Ἑρμωνιεὶμ,
494 1327 723 1363 ἀναθεματισμός.
738 1327 847 1355 Ἔοικεν

28 1373 195 1408 ἀσχάλλειν
211 1373 258 1399 καὶ
279 1373 423 1399 ὀδυνᾶσθαι
445 1374 510 1408 παρ’
522 1373 621 1408 ἐαυτῷ,
637 1372 846 1409 ἀναμιμνησκόο

33 1426 125 1454 μενος
140 1417 193 1443 τοῦ
205 1417 250 1442 ἐπὶ
259 1416 306 1443 τοῦ
328 1417 414 1452 Ἰησοῦ
427 1417 473 1443 τοῦ
491 1417 571 1452 Ναυῆ
588 1417 729 1451 γεγονότος
744 1417 847 1453 θαύμα-

7 1470 10 1484 ί
33 1473 84 1496 τος
110 1465 142 1490 ἐν
169 1462 210 1498 τῷ
232 1462 362 1498 Ἰορδάνῃ,
383 1463 427 1489 ὅτε
452 1462 565 1498 διῃρέθη
582 1463 612 1489 τὸ
630 1462 702 1499 ὕδωρ
718 1463 797 1499 ἄχρις
816 1461 846 1492 οὗ

7 1516 9 1531 ῐ
35 1510 135 1546 διῆλθε
167 1509 214 1536 τὺν
234 1509 354 1544 ποταμδν
369 1509 383 1534 ὁ
397 1508 472 1540 λαός·
488 1509 536 1535 καὶ
555 1508 601 1534 τοῦ
621 1508 693 1535 κατᾶ
711 1509 741 1534 τδ
759 1518 845 1545 παρα-

7 1554 11 1579 ὶ
37 1556 176 1590 κείμενον
191 1553 358 1588 βραχύτατον
375 1552 448 1588 ὅρος,
462 1553 504 1578 ὃτι
521 1551 558 1587 μὴ
570 1552 619 1587 τῆς
638 1552 723 1587 αὐτῆς
742 1552 789 1579 καὶ
800 1551 844 1581 οὖ-

8 1623 9 1627 .
38 1609 90 1632 τος
117 1599 251 1633 τυγχάνει
275 1598 401 1633 προνοίας
428 1598 523 1630 ὁποίας
544 1599 681 1630 κάκεῖνος.
712 1599 788 1634 Τάχα
815 1600 844 1627 δὲ

10 1650 13 1671 1
42 1647 93 1674 καὶ
113 1644 244 1679 ὴθοποιία
258 1644 298 1676 τίς
311 1645 368 1670 ἐστι
381 1644 430 1679 τῆς
445 1643 534 1679 ψυχῆς
551 1644 618 1679 πρὸς
629 1643 710 1671 αὑτὸν
725 1644 845 1680 διαλεγο-

9 1703 14 1719 :
45 1692 147 1728 μένης.

11 1749 15 1764 τ
88 1736 219 1771 Ἡμέρας
238 1735 399 1762 ἐντελεῖται
425 1736 533 1770 Κύριος
550 1736 580 1762 τὸ
596 1736 694 1769 ἕλεος,
717 1737 765 1764 καὶ
790 1746 843 1764 νυ-

44 1784 120 1816 κτὸς
137 1782 280 1816 δηλώσει,
295 1791 322 1809 κ.
337 1791 362 1809 τ.
379 1783 402 1808 ὲ.
426 1782 562 1817 Ῥαψάκου
583 1782 636 1818 (96)
653 1783 717 1810 ποτέ
734 1783 843 1819 ’πολιορ-

13 1851 16 1857 .
47 1830 165 1860 κοῦντος
181 1828 230 1862 τὴν
250 1828 437 1864 Ἰερουσαλὴμ,
455 1829 501 1855 καὶ
524 1828 569 1854 τὸν
593 1828 647 1855 τῶν
667 1829 735 1855 ὅλων
751 1829 788 1861 ὡς
806 1829 843 1865 μὴ

45 1874 201 1910 δυνάμενον
227 1873 326 1905 αὐτοὺς
352 1873 437 1900 σῶσαι
457 1873 680 1908 βλασφημοῦντος
700 1874 776 1907 Θεὸν,
795 1875 845 1910 μιᾷ.

13 1927 16 1940 ῖ
47 1921 143 1957 πληγῇ
171 1920 199 1946 ἐν
214 1920 291 1946 νυκτὶ
314 1923 372 1956 ρπε¹
389 1920 507 1955 χιλιάδες
526 1920 698 1956 ἀνῃρέθησαν
713 1920 768 1947 τῶν
796 1921 844 1948 σὺν

16 1983 17 1987 η
49 1965 128 2000 αὐτῷ
144 1964 229 1991 ὅντων
250 1964 411 1999 Ἀσσυρίων.
427 1964 480 1990 Τοῦ
497 1964 564 1991 Θεοῦ
581 1965 668 1991 τοίνυν
680 1966 713 2000 τῇ
731 1965 783 2000 πρὸ
797 1974 843 1992 νυ-

49 2011 116 2042 κτὸς
134 2009 226 2045 ἡμέρα
240 2009 278 2044 τῷ
300 2009 408 2045 Ἐζεκίᾳ
423 2010 631 2045 προειρηκότος·
646 2020 655 2035 ι
668 2010 844 2045 ’Υπερασπιῶ

17 2076 20 2080 ,
51 2056 102 2091 τῆς
117 2054 222 2086 πόλεως
238 2054 339 2089 ταύτης
354 2054 387 2080 δι’
404 2054 454 2089 ἐμὲ
470 2055 516 2081 καὶ
537 2055 581 2081 διὰ
603 2055 683 2081 Δαυτδ
701 2055 746 2082 τὸν
763 2055 844 2082 παῖδά

17 2126 19 2130 ν
54 2108 121 2136 μου·
142 2109 151 2125 ι
163 2099 207 2126 διὰ
222 2099 252 2125 τὸ
269 2100 297 2125 ἐν
311 2099 402 2136 ἡμέρα
421 2100 470 2135 μὲν
486 2100 611 2134 γενέσθαι
625 2100 675 2136 τὴν
688 2101 843 2136 ὑπόσχεσιν,

56 2147 85 2173 ἐν
102 2145 181 2172 νυκτὶ
194 2144 222 2170 δὲ
236 2144 267 2171 τὸ
281 2144 372 2180 ἔργον,
394 2147 460 2182 φησὶ
478 2146 519 2179 τὸ,
534 2157 542 2172 ι
560 2146 682 2182 Ἡμέρας
700 2147 844 2174 ἐντελεῖται
861 2157 883 2186 υ

54 2193 169 2229 Κύριος,
186 2201 195 2218 ι
224 2192 271 2218 καὶ
289 2192 323 2218 τὰ
343 2192 415 2228 ἑξῆς.
439 2193 475 2219 Τὸ
488 2193 526 2224 δὲ,
550 2202 558 2218 ι
576 2193 717 2229 Προσευχὴ
733 2193 772 2228 τῷ
786 2193 845 2228 Θεῷ

21 2258 22 2261 η
56 2238 107 2272 τῆς
121 2237 193 2271 ζωῆς
209 2245 276 2272 μου,
291 2247 300 2262 ι
325 2237 366 2263 ὅτι
386 2237 472 2269 οὕτως
495 2238 570 2264 οὐδὲν
589 2239 744 2274 εὑρίσκεται
765 2240 846 2275 μέσον

56 2282 103 2309 τοῦ
118 2291 147 2309 τε
160 2282 206 2308 σοῦ
222 2283 431 2318 προστάγματος
446 2283 492 2310 καὶ
508 2284 557 2319 τῆς
573 2285 642 2320 ἐμῆς
654 2285 845 2318 ἀπολαύσεως⁸

58 2328 115 2356 ἀλλ’
134 2327 226 2360 εὐθὺς,
242 2330 334 2364 φησὶν,
350 2330 505 2365 εὑρίσκεται
519 2331 547 2356 ἐν
561 2330 621 2365 ἐμοὶ
636 2331 795 2367 εὐχαριστία
808 2332 847 2367 τῷ

57 2374 117 2409 Θεῴ
136 2374 351 2411 ἀναπεμπομένη
370 2375 409 2410 τῷ
424 2374 472 2410 τὴν
492 2375 564 2410 ζωήν
589 2384 635 2410 μοι
658 2377 845 2413 χαρισαμένῳ.

60 2420 113 2446 Καὶ
127 2419 233 2451 νυκτὸς,
249 2421 325 2456 φησὶ,
343 2421 389 2447 καὶ
403 2421 509 2457 ἡμέρας
524 2421 600 2457 παρὰ
615 2422 661 2448 σοῦ
677 2424 847 2459 χορηγούμε-

59 2473 102 2492 νον
116 2464 159 2491 τὸν
179 2465 256 2492 ἔλεον
269 2466 458 2502 ἐπισταμένως
472 2467 526 2503 ᾄδω
543 2468 590 2494 καὶ
601 2468 687 2502 ὑμνῶ.

97 2510 151 2538 Τοῦ
175 2511 281 2538 αὐτοῦ.
304 2512 344 2538 Τὰ
369 2512 419 2547 μέν
447 2512 540 2546 ἀγαθὰ
560 2512 616 2548 (97)
639 2512 685 2539 τοῦ
706 2512 849 2547 μέλλοντος

63 2557 156 2588 αἰῶνος
170 2553 239 2583 εἶναι
259 2557 392 2589 διδάσκει,
410 2556 504 2584 τοῦτον
527 2567 536 2583 ι
548 2557 655 2592 ἡμέραν
667 2567 676 2583 ›
694 2557 793 2589 καλῶν,
809 2559 849 2590 εὶς

95 2624 116 2640 ’ν
130 2623 194 2651 Luc.
207 2631 242 2651 xv
268 2624 294 2652 7.

101 2683 160 2719 (9t)
181 2682 212 2719 Ἠ
225 2681 284 2719 μὲν
295 2682 371 2709 κατὰ
400 2681 519 2719 Mutata,
541 2686 594 2709 etc.
616 2682 732 2719 catena
755 2682 892 2719 Corderii.

103 2716 157 2752 (95)
180 2716 326 2751 Ἰορδάνης
350 2717 535 2750 κατάϐασις,
560 2721 614 2743 etc.
644 2716 758 2744 Sclteda:
790 2716 895 2745 Grabii.

106 2753 155 2787 [96)
176 2752 338 2786 Ῥιιψὰιιου,
350 2758 402 2779 etc.
421 2752 537 2779 Emdem.

114 2765 155 2787 δυ)
184 2765 338 2786 ruyulwv,
350 2765 402 2779 cuz.
421 2765 537 2779 unum".

103 2765 156 2824 {97)
175 2787 210 2816 Τὰ
220 2788 279 2822 μὲν
292 2786 399 2822 ἀγαθά,
416 2791 468 2814 etc.
492 2787 595 2814 Catena
612 2785 747 2815 Corderii.

219 2835 356 2866 ΡΑτιιοι..
373 2834 431 2866 Gn.
451 2833 521 2865 ΧΙΙ.

898 1550 977 1584 allici,
998 1552 1070 1586 quod
1090 1551 1141 1586 ipsi
1157 1558 1209 1578 non
1230 1552 1325 1579 eadem
1342 1560 1401 1587 quae
1421 1553 1459 1581 illi
1476 1555 1575 1589 populo
1594 1557 1688 1585 obtin-

898 1601 943 1631 gat
967 1597 1148 1630 providentia.
1169 1597 1306 1625 Fortassis
1328 1600 1411 1628 etiam
1431 1601 1555 1636 quatdant
1583 1610 1688 1631 morunt

898 1641 1102 1677 ali‘ectuumque
1120 1645 1261 1678 expressio
1275 1650 1316 1673 est
1335 1646 1433 1674 anima:
1451 1654 1513 1674 cum
1535 1647 1594 1683 ipso
1606 1649 1690 1678 collo-

898 1688 1014 1723 qnentis.

934 1734 1013 1768 705
1022 1733 1102 1762 Vens.
1113 1735 1139 1763 8.
1150 1736 1182 1763 In
1200 1737 1243 1765 die
1258 1737 1392 1764 mandabit
1403 1737 1531 1767 Dominus
1540 1741 1689 1769 misericor-

897 1779 982 1812 diam,
992 1784 1016 1806 et
1026 1785 1099 1807 nocte
1111 1781 1301 1816 munifeslabil,
1311 1787 1364 1810 etc.
1374 1782 1496 1812 Rabsace
1503 1785 1567 1813 olim
1577 1786 1689 1815 Jerusa-

898 1824 950 1852 lem
965 1826 1115 1859 obsidente.
1132 1833 1158 1855 et
1173 1828 1362 1856 universorum
1375 1829 1459 1857 Deum
1470 1832 1548 1866 quasi
1565 1833 1625 1861 illos
1638 1834 1690 1861 sals

897 1877 962 1898 vare
975 1878 1027 1898 non
1036 1875 1127 1906 posset
1142 1872 1357 1907 blaspliemante,
1374 1875 1510 1910 unaplaga
1519 1880 1598 1903 noctu
1608 1877 1690 1904 inter-

895 1917 986 1946 ierunt
1003 1920 1112 1944 eentum
1142 1919 1280 1953 octoginta
1292 1919 1411 1955 quinque
1424 1921 1506 1948 millia
1517 1923 1688 1957 Assyriorum

897 1962 943 1994 qui
954 1969 1016 1988 cum
1026 1962 1083 1996 ipso
1098 1963 1258 1990 erant.Cnm
1276 1965 1359 1999 igitur
1369 1966 1412 1993 die
1426 1973 1486 2000 qua:
1497 1972 1602 1994 noctem
1620 1968 1690 1996 lianc

897 2007 1045 2041 praecessit,
1056 2007 1124 2035 Dens
1142 2007 1263 2035 Ezechiae
1279 2010 1449 2044 prardixisset
1467 2011 1490 2027 "
1508 2021 1534 2038 ει
1548 2012 1688 2048 Protegam

898 2051 993 2079 urbem
1010 2052 1080 2081 lianc
1102 2059 1214 2088 propter
1227 2062 1284 2087 me,
1298 2060 1324 2082 et
1343 2061 1454 2090 propter
1476 2056 1559 2085 David
1580 2066 1689 2085 servum

898 2105 1004 2131 meum,
1024 2108 1033 2125 ι
1048 2100 1109 2134 quia
1129 2100 1155 2126 in
1167 2100 1210 2127 die
1223 2101 1366 2134 promissio
1391 2100 1461 2128 facta
1485 2107 1537 2135 est,
1556 2107 1584 2130 et
1608 2108 1689 2131 noctu

897 2145 1053 2179 adimpleta,
1069 2145 1126 2171 ait:
1150 2153 1159 2170 ι
1179 2143 1207 2171 ln
1222 2145 1265 2173 die
1289 2146 1428 2174 mandabit
1450 2146 1591 2181 Dominus,
1609 2157 1619 2175 ι
1635 2154 1689 2177 etc.

899 2190 945 2217 Ait
957 2196 1046 2218 autem
1061 2198 1068 2216 :
1084 2199 1093 2216 ι
1110 2190 1204 2218 Oratio
1222 2191 1278 2219 Deo
1295 2192 1355 2219 vita:
1373 2200 1448 2226 mere,
1470 2201 1480 2219 ›
1494 2194 1622 2228 quoniam
1639 2195 1691 2223 hoc

901 2236 980 2263 modo
996 2236 1062 2264 nihil
1076 2237 1193 2264 medium
1207 2237 1342 2264 invenitur
1357 2239 1427 2266 inter
1440 2244 1605 2274 praeceptum
1616 2246 1690 2267 tuum

901 2285 928 2308 et
951 2288 1039 2308 meam
1069 2282 1304 2316 tranquillitatem,
1318 2283 1365 2310 sed
1383 2285 1486 2316 statim,
1502 2284 1599 2318 inquit,
1613 2285 1689 2311 inve-

902 2326 975 2354 nitur
987 2327 1013 2354 in
1034 2335 1077 2355 me
1102 2328 1251 2362 gratiarum
1271 2329 1342 2356 actio
1357 2329 1412 2356 Deo
1432 2330 1495 2356 vita:
1509 2336 1584 2357 nteaa.
1601 2329 1634 2356 Et
1646 2329 1690 2357 die

902 2379 934 2400 ac
946 2377 1037 2406 nocte,
1047 2373 1145 2408 inquit,
1158 2381 1315 2402 concessam
1329 2382 1344 2400 a
1359 2378 1386 2402 te
1400 2374 1612 2402 misericordiam
1623 2374 1691 2402 scite

902 2426 971 2447 cauo
986 2424 1014 2447 et
1031 2419 1151 2448 celebro.

938 2511 1076 2547 Ejusdem.
1093 2512 1165 2540 Bona
1186 2512 1269 2539 l'uturi
1292 2511 1382 2540 επιξυΙί
1401 2518 1462 2540 esse
1479 2512 1569 2545 docet,
1581 2512 1644 2540 dum
1659 2512 1691 2540 il-

903 2557 947 2586 Iud
965 2567 976 2585 ι
998 2559 1068 2587 diem
1088 2568 1098 2585 I
1121 2563 1211 2593 vocat,
1228 2559 1255 2587 in
1275 2565 1340 2594 quo,
1357 2558 1455 2594 inquit.
1477 2558 1549 2587 Deus
1565 2559 1691 2595 promisit

334 2623 356 2639 ³⁸
369 2623 378 2650 l
393 2623 457 2652 Cor.
474 2631 516 2655 ιιι,
532 2622 573 2650 l8.
611 2623 633 2638 ⁸⁸
655 2623 685 2649 ιν
704 2622 769 2657 Reg.
783 2630 839 2656 xu,
855 2623 899 2652 δι.

1501 2830 1538 2861 1ιὸ

71 3072 1940 3350 ηπ·-
