4120 6212
560 161 707 214 *1410

1974 162 2063 213 EX
2101 163 2406 216 UlliGLiVb

3663 179 3789 233 H9."

569 277 998 332 misericordiam
1039 290 1194 330 suam
1228 276 1295 328 ad
1341 275 1608 342 laetitiam,
1648 276 1902 344 quoniam
1933 293 2038 332 nox
2075 293 2104 332 e

2230 277 2288 329 ὃν
2314 277 2667 349 ἐπήγγελται,
2696 281 2880 352 φησὶν,
2902 285 2932 336 ό
2955 282 3086 348 Θεὸς
3111 288 3199 338 τὸν
3232 285 3380 339 ἔλεον
3411 287 3580 341 αὐτοῦ
3612 291 3684 354 εἰς
3708 296 3790 347 εὐ-

569 371 801 423 ιοιιοιηοιιι
831 379 956 420 sunt
998 366 1413 422 communicatio
1447 380 1568 420 cum
1614 367 1723 422 Deo
1762 381 1859 434 per
1883 369 2131 436 hymnos,

556 473 621 517 et
651 461 925 514 contentio
961 475 1054 527 per
1084 472 1288 528 pret-es.

643 552 801 606 Vsus.
844 551 930 604 10.
967 551 1149 603 Dicam
1189 549 1298 602 Beo
1323 565 1340 603 :
1367 546 1647 618 Susceplor
1677 564 1820 603 meus
1847 565 1921 602 es.
1956 549 2132 614 Quare

558 645 754 696 oblitus
797 660 850 696 es
887 642 1036 695 mei?
1072 641 1138 694 It't
1189 658 1354 710 quare
1389 644 1737 695 conuiuatus
1777 643 1959 698 incedo
2003 642 2130 694 dum

559 733 735 802 afﬂigit
761 748 838 783 me
863 732 1103 782 inimicus
1129 733 1154 785 ἒ)
1179 741 1285 784 οιο.
1305 730 1420 784 Νοη
1445 733 1574 799 petit
1597 742 1650 784 ut
1679 731 1747 784 ab
1771 730 2002 784 inimicis
2023 744 2126 783 non

560 823 848 891 a-ﬂligatur,
867 823 961 874 sed
997 835 1062 873 ne
1109 820 1397 875 tribulatns
1440 823 1808 875 contristetur.
1845 819 1956 874 Hoc
1983 820 2126 875 enim

557 914 808 982 congruit
854 912 1092 973 athletae,
1129 912 1220 978 qui
1260 912 1424 965 etiam
1469 912 1520 965 in
1549 912 1706 966 rebus
1747 910 1990 965 adversis
2021 910 2124 965 sibi

555 1011 871 1080 t-utnplaeet.
907 1011 960 1062 lu
1005 1009 1246 1076 sequenti
1281 1019 1459 1062 autem
1510 1007 1717 1076 psalmo
1760 1022 1884 1062 cum
1917 1021 2124 1076 praepo-

556 1108 634 1156 uLt
659 1099 1032 1166 llllltl,(Qll:ll'e
1069 1114 1156 1154 me
1185 1099 1423 1169 repnlisti
1447 1099 1470 1151 ?
1495 1119 1512 1150 ι
1546 1098 1631 1151 his
1665 1098 1912 1151 verbiszt
1945 1096 2123 1164 Quare

557 1194 731 1246 tristis
773 1191 1007 1244 incedo?
1040 1208 1061 1243 ι
1115 1191 1326 1242 videtur
1354 1189 1617 1250 indicare,
1650 1186 1792 1240 illius
1835 1185 1924 1254 qui
1953 1200 1982 1238 ο
2014 1184 2122 1238 Deo

554 1282 820 1350 repulsam
848 1296 1044 1348 passus
1067 1290 1169 1343 est,
1204 1277 1480 1348 proprium
1511 1291 1630 1330 esse
1665 1291 1766 1328 non
1803 1274 1872 1328 ab
1904 1273 2122 1327 inimico

555 1373 822 1436 tribulari,
851 1375 942 1425 sed
971 1373 1021 1424 in
1061 1369 1351 1424 aﬂlictioue
1382 1367 1714 1422 contristari.
1758 1365 2050 1424 Caeterum,
2073 1363 2118 1417 si

549 1465 801 1518 Christus
841 1464 893 1517 in
938 1462 1182 1530 sequenti
1217 1461 1423 1528 psalmo
1448 1460 1546 1513 ista
1576 1457 1730 1521 dixit,
1762 1457 1943 1526 utique
1968 1455 2118 1508 simi-

551 1557 616 1608 lia
654 1556 704 1608 iu
728 1555 918 1624 spiritu
949 1554 1089 1608 dixit
1123 1553 1176 1606 in
1209 1552 1322 1604 hanc
1350 1553 1513 1603 verba
1547 1567 1562 1602 :
1601 1567 1618 1600 ι
1652 1548 1730 1603 Tu
1757 1563 1884 1600 vero
1919 1546 2120 1614 repuli-

2233 367 2531 439 φροσύνην,
2558 370 2639 422 ὅτι
2666 370 2760 435 νὺξ
2788 373 2880 425 καὶ
2911 373 3100 438 σκότος
3135 376 3170 444 ἡ
3204 377 3272 428 δι’
3300 377 3484 447 ὕμνων
3514 379 3644 451 πρὸς
3674 383 3790 439 Θεὸν

2233 458 2435 527 ὁμιλία,
2466 461 2558 512 καὶ
2581 462 2615 532 ἡ
2638 461 2702 513 δι’
2733 462 2904 531 εὐχῶν
2936 464 3218 529 ἀπότασις.

2305 549 2443 616 Ἑρὼ
2472 549 2550 615 τῷ
2583 551 2732 616 Θεῷ·
2771 553 3163 622 Ἀντιλήπτωρ
3185 574 3306 624 μου
3349 552 3438 623 ετ,
3478 558 3576 612 διὰ
3603 563 3660 614 τί
3685 581 3790 630 μου

2229 639 2524 694 ἐπελάθου
2541 659 2559 706 ;
2593 644 2654 696 Τί
2681 644 2781 696 ἵνα
2808 645 3247 712 σκυθρωπάζων
3279 651 3602 719 πορεύομαι
3625 653 3691 706 ἐν
3721 655 3791 719 τῷ

2228 728 2524 784 ἐκθλίϐειν
2560 733 2667 784 τὸν
2699 733 2918 800 ἐχθρόν
2947 750 3094 801 μου;
3136 753 3188 789 κ.
3221 753 3271 791 τ.
3312 739 3357 790 ἐ.
3394 740 3466 791 Οὐ
3500 740 3562 792 τὸ
3593 741 3665 812 μὴ
3691 742 3783 794 θλί-

2230 817 2692 888 6εσθαι(98)ἀξιοῖ
2708 820 2810 872 ὑπὸ
2829 820 3189 893 ἐχθροῦ,ἀλλά
3220 823 3530 896 θλιϐόμενος
3568 828 3642 898 μὴ
3673 846 3784 882 σκυ-

2228 907 2556 978 θρωπάζειν.
2584 911 2752 963 Τοῦτο
2779 913 2888 983 γὰρ
2919 913 3123 984 ἀθλητῇ
3151 915 3596 990 εὐαρεστουμένῳ
3627 921 3713 972 κα)⁸
3734 922 3786 972 ἐν

2224 1003 2338 1064 τοῖς
2385 1005 2786 1072 περιστατικοῖς
2824 1003 3071 1074 ἁρμόζει.
3111 1006 3198 1057 Ἐν
3235 1006 3291 1058 δὲ
3331 1007 3406 1078 τῷ
3445 1009 3571 1080 ἐξῆς
3601 1011 3784 1082 ψαλμῷ

2226 1089 2548 1158 προτάσσων
2563 1090 2643 1152 τὸ,
2673 1111 2690 1141 ι
2705 1092 2820 1144 ’Ίνα
2845 1092 2896 1144 τί
2921 1091 3125 1146 ἀπώσω
3148 1110 3216 1163 με
3239 1111 3252 1159 ;
3274 1114 3292 1146 ι
3313 1094 3575 1154 τοῦ,ι”1να
3591 1100 3644 1152 τί
3667 1117 3782 1152 σκυ-

2224 1177 2523 1250 θρωπάζων
2556 1181 2887 1252 πορεύομαι;
2916 1202 2933 1232 ι
2988 1183 3160 1236 ἔοικεν
3193 1185 3496 1255 ἐμφαίνειν,
3533 1189 3614 1242 ὅτι
3645 1191 3784 1243 ἀπω-

2224 1268 2439 1333 σθέντος
2471 1270 2576 1323 ἀπὸ
2616 1271 2750 1324 Θεοῦ
2786 1270 2914 1324 ἴδιον
2946 1273 3007 1325 οὐ
3043 1272 3104 1325 τὸ
3135 1274 3225 1326 ὑπ’
3257 1275 3449 1347 ἐχθροῦ
3495 1277 3784 1343 θλίϐεσθαι,

2221 1360 2355 1414 ἀλλά
2387 1362 2449 1415 τὸ
2479 1361 2893 1434 σκυθρωπάζειν
2921 1367 2978 1418 ἐν
3006 1365 3083 1434 τῷ
3116 1365 3408 1421 θλίϐεσθαι.
3448 1370 3508 1422 Εἰ
3543 1371 3781 1441 μέντοιγε

2217 1451 2448 1522 Χριστὸς
2483 1452 2631 1521 λέγοι
2672 1453 2734 1506 τὸ
2769 1455 2825 1508 ἐν
2873 1454 2951 1526 τῷ
3003 1456 3130 1527 ἑξῆς
3179 1457 3411 1531 ψαλμῷ,
3441 1461 3598 1531 ὅμοια
3646 1464 3783 1533 αὐτῷ

2219 1541 2364 1612 λέγει
2398 1543 2454 1596 ἐν
2485 1543 2750 1614 πνεύματι
2779 1545 2952 1610 οὕτως
2974 1565 2988 1578 ·
3023 1568 3040 1599 ι
3066 1550 3137 1601 Σὺ
3173 1549 3228 1602 δὲ
3268 1549 3472 1604 ἀπώσω
3513 1554 3602 1606 καὶ
3639 1553 3781 1619 ἐξου-

547 1648 639 1709 sti,
672 1656 726 1700 et
759 1605 1102 1712 rdespexisti,
1143 1642 1400 1698 distulisti
1433 1641 1706 1694 Christum
1760 1649 1930 1693 tuum.
1981 1657 2000 1690 ›
2047 1635 2106 1690 ΕΙ

2219 1605 2474 1696 δένίυσας,
2511 1605 2771 1686 ἀνεέάλου
2812 1635 2902 1687 τὸν
2929 1605 3163 1708 Χριστόν
3196 1655 3309 1695 σου.
3340 1659 3358 1690 ι
3396 1605 3774 1715 uatem}...

551 1739 720 1791 tristis
749 1736 945 1790 incedit
984 1735 1166 1789 dicens
1194 1751 1208 1789 :
1232 1753 1248 1784 ι
1284 1733 1480 1787 Tristis
1507 1741 1589 1785 est
1617 1731 1792 1783 anima
1819 1744 1988 1782 mea.»
2019 1725 2112 1780 Vel

543 1826 961 1898 snlnlnbitanter
1005 1823 1254 1876 Christus
1282 1815 1436 1882 dicit.
1475 1820 1628 1888 quasi
1666 1819 1936 1887 quidpiam
1965 1815 2110 1884 ejus-

543 1916 686 1968 modi
719 1915 863 1967 dieat
900 1929 912 1963 :
958 1912 1096 1978 Quid
1128 1912 1346 1980 dignum
1387 1925 1564 1979 Opera:
1613 1909 1824 1977 agitur,
1857 1923 1979 1960 cum
2015 1919 2113 1974 ego

543 2005 813 2074 repulsam
866 2019 1059 2072 passus
1100 2018 1196 2072 pro
1235 2002 1413 2056 Salute
1463 2001 1762 2064 hominum,
1793 2015 1820 2051 a
1847 2006 1898 2052 te
1943 1997 2110 2051 tristis

547 2092 754 2156 incedo,
785 2091 1050 2162 amigeute
1074 2105 1156 2144 tne
1186 2089 1400 2144 inimico
1445 2089 1468 2141 ?

615 2183 774 2237 Vens.
803 2184 889 2238 ll.
924 2181 1060 2235 Dum
1088 2182 1266 2234 dicunt
1295 2179 1420 2232 mihi
1446 2194 1539 2246 per
1565 2176 1799 2246 singulos
1831 2175 1939 2227 dies
1970 2189 1987 2228 :
2011 2170 2109 2226 Ubi

540 2287 611 2330 cst
652 2275 787 2328 Deus
829 2284 948 2326 tuus
974 2274 996 2326 ?
1022 2273 1178 2327 Forte
1218 2285 1462 2324 sanctum
1517 2268 1731 2322 tristitia
1765 2265 1928 2318 allicit
1978 2264 2106 2318 illud

543 2383 561 2416 ι
602 2367 690 2420 ubi
737 2385 756 2416 ι
791 2366 856 2418 de
906 2367 1014 2418 Deo
1066 2365 1267 2417 dictum
1301 2378 1313 2414 :
1348 2360 1488 2429 quod
1529 2361 1703 2413 locum
1749 2358 1971 2412 indicat.
2001 2355 2106 2409 Ex-

540 2466 724 2509 trema:
753 2466 931 2508 autem
967 2453 1195 2509 inscitia:
1219 2464 1300 2508 est
1335 2453 1499 2507 Deum
1529 2451 1726 2505 inloco
1759 2463 1878 2502 esse
1907 2445 2101 2502 existi-

537 2561 703 2598 mare.
730 2545 862 2600 Nam
897 2548 1132 2615 pendere
1160 2544 1403 2601 subsistit
1427 2543 1607 2605 locus;
1637 2540 1891 2612 ponderis
1922 2547 2100 2609 autem

533 2649 724 2704 expers
750 2644 831 2690 est
866 2636 1027 2690 Deus.

950 2818 1112 2888 703
1159 2814 1477 2870 rsamws
1514 2812 1676 2868 XLII.

601 2913 761 2966 Υι-ξιιε.
782 2913 831 2966 l.
852 2911 1044 2966 Judica
1071 2925 1173 2972 me,
1197 2907 1414 2971 Deus,et
1437 2906 1673 2960 discerne
1693 2921 1906 2960 causam
1931 2921 2095 2960 meum

525 3007 587 3058 de
633 3011 780 3073 gente
831 3017 931 3053 non
983 3007 1188 3055 sancta.
1215 3007 1320 3050 etc.
1355 2992 1605 3050 Christus
1648 2995 1813 3049 etiam
1858 2994 2092 3064 judicari

522 3094 760 3165 postulat
787 3111 815 3146 a
849 3093 976 3155 Deo,
1009 3093 1075 3142 ad
1103 3103 1262 3157 quem
1301 3098 1430 3155 puto
1460 3085 1665 3140 dictum
1699 3085 1828 3141 illud
1856 3103 1870 3140 :
1903 3103 1922 3136 ι
1961 3085 2090 3141 Viu-

521 3201 614 3240 ces
659 3200 779 3238 cum
809 3183 1094 3252 judicaris.
1131 3201 1148 3232 ι
1188 3177 1236 3232 Is
1270 3179 1358 3247 qui
1391 3176 1493 3230 sibi
1534 3177 1670 3231 bene
1698 3175 1949 3231 conscius
1985 3185 2086 3241 est,

519 3285 572 3330 et
599 3285 781 3330 certus
810 3291 868 3328 se
906 3271 1154 3340 iniuriam
1194 3283 1408 3340 passum
1442 3269 1731 3322 vindictam
1763 3267 1981 3320 minime
2008 3265 2087 3320 in-

519 3367 724 3426 tulisse,
765 3365 856 3418 sed
897 3365 1109 3417 dedisse
1149 3361 1323 3416 locum
1356 3359 1469 3423 irae,
1501 3360 1614 3415 hme
1641 3360 1821 3413 dicere
1847 3358 2042 3428 poterit
2071 3374 2084 3411 :

523 3469 541 3501 ι
579 3451 650 3504 De
671 3459 828 3519 gente
861 3464 964 3501 non
996 3460 1207 3510 saneta,
1245 3465 1264 3498 ι
1295 3460 1399 3502 etc.
1432 3448 1584 3513 Quod
1623 3447 1667 3502 si
1700 3446 1949 3501 Salvator
1987 3447 2087 3501 hoc

517 3543 668 3605 dicit,
703 3556 836 3610 gens
872 3556 974 3594 non
1015 3551 1200 3594 sancta
1231 3551 1356 3595 sunt
1400 3537 1608 3606 Judaei;
1643 3540 1686 3594 si
1721 3555 1849 3594 vero
1895 3541 1976 3593 vir
1997 3540 2085 3609 ju-

514 3647 651 3696 stus.
676 3638 740 3689 de
763 3637 1086 3689 adversariis
1112 3635 1467 3704 potestatibus
1495 3635 1546 3687 id
1577 3636 1728 3690 dicit.
1749 3634 1969 3690 Liberat
1989 3649 2084 3688 au-

512 3734 620 3778 tem
658 3726 794 3779 Deus
819 3739 847 3777 a
880 3724 992 3780 viro
1037 3725 1220 3792 iniquo
1262 3733 1316 3778 et
1349 3724 1556 3787 doloso,
1585 3724 1797 3794 quando
1830 3723 1950 3794 quis
1975 3739 2078 3777 non

2223 1723 2406 1787 πάζων
2437 1723 2724 1795 πορεύεται
2763 1725 2969 1794 λέγων·
3008 1747 3027 1779 ι
3060 1729 3361 1798 Περίλυπός
3399 1731 3544 1785 ἐστιν
3573 1735 3607 1804 ή
3648 1735 3782 1805 ψυχή

2222 1832 2343 1885 μου.
2385 1836 2401 1865 ι
2450 1816 2519 1867 Ἦ
2568 1815 2988 1890 ἐπαπορητικῶς
3017 1821 3247 1891 Χριστὸς
3275 1821 3443 1890 λέγει,
3490 1826 3660 1878 οἱονεὶ
3687 1844 3782 1878 τοι-

2217 1903 2369 1956 οῦτον
2429 1903 2737 1974 ἐμφαίνων·
2775 1906 2839 1958 Τί
2879 1905 3098 1961 ἀνύεται
3129 1908 3277 1974 ἀξιον
3306 1909 3400 1962 τοῦ
3421 1950 3436 1973 ,
3466 1911 3785 1967 ἀπωσθέντα

2220 2010 2286 2063 με
2312 1992 2449 2066 ὑπὲρ
2482 1995 2751 2065 σωτηρίας
2778 1995 3108 2068 ἀνθρώπων,
3160 1997 3268 2050 ἀπὸ
3315 1998 3410 2051 σοῦ
3460 2000 3783 2074 σκυθρωπά-

2212 2084 2370 2149 ξοντα
2398 2085 2739 2156 πορεύεσθαι,
2777 2086 3112 2151 ἐκθλίΰοντος
3142 2087 3369 2159 ὲχθροῦ;

2265 2173 2367 2226 Ἐν
2392 2172 2472 2238 τῷ
2497 2173 2696 2242 λέγειν
2718 2177 2939 2241 αὐτούς
2963 2193 3065 2244 μοι
3093 2177 3221 2231 καθ’
3246 2177 3513 2247 ἑκάστην
3534 2181 3779 2251 ἡμέραν·

2209 2262 2335 2317 Ποῦ
2365 2263 2536 2318 ἔστιν
2568 2268 2600 2319 ό
2630 2267 2774 2332 Θεός
2805 2282 3030 2330 σο·υ;κ.
3050 2285 3101 2321 τ.
3135 2269 3180 2322 ἐ.
3200 2268 3352 2339 Τάχα
3372 2269 3461 2322 τὸν
3490 2271 3646 2339 ἅγιον
3675 2273 3781 2343 (99)

2208 2353 2366 2408 λυπεῖ
2415 2357 2511 2420 τὸ,
2555 2375 2574 2406 ι
2602 2357 2732 2421 ποῦ,
2761 2376 2778 2407 ι
2817 2359 2909 2410 ἐπὶ
2948 2357 3081 2411 Θεοῦ
3123 2358 3441 2430 λεγόμενον,
3475 2363 3614 2434 ὅπερ
3666 2365 3784 2417 ἐστί

2206 2446 2371 2499 τόπου
2407 2448 2755 2517 σημαντικόν.
2812 2449 2924 2518 Τῆς
2977 2450 3212 2523 ἐσχάτης
3262 2454 3318 2506 δὲ
3353 2455 3573 2522 ἀγνοίας
3609 2458 3672 2510 τὸ
3720 2461 3782 2511 ἐν

2206 2536 2355 2607 τόπῳ
2383 2536 2618 2607 νομίζειν
2646 2534 2785 2592 εἶναι
2831 2540 2919 2593 τὸν
2951 2541 3102 2594 Θεόν·
3136 2543 3280 2613 ὄγκῳ
3311 2544 3416 2616 γὰρ
3445 2547 3785 2617 συνυφίστα-

2209 2641 2298 2678 ται
2322 2626 2504 2690 τόπος·
2531 2627 2694 2697 δγκου
2719 2629 2774 2683 δέ
2811 2630 2872 2684 τὸ
2896 2630 3048 2686 Θεῖον
3080 2632 3374 2705 ἐλεύθερον.

2768 2814 2909 2868 ΨΑΛ
2916 2817 3056 2869 MOE
3090 2818 3224 2873 MB'.

2265 2899 2484 2971 Κρῖνόν
2508 2919 2606 2972 με,
2638 2905 2671 2957 ό
2702 2904 2864 2972 Θεὸς,
2889 2908 2986 2961 καὶ
3023 2908 3280 2963 δίκασον
3306 2911 3421 2980 τὴν
3445 2910 3624 2982 δίκην
3651 2934 3780 2984 μου

2193 2989 2262 3054 ἐξ
2296 2991 2510 3058 ἔθνους
2562 2993 2674 3062 οὐχ
2716 2997 2926 3060 ὁσίου,
2958 3014 3013 3054 κ.
3047 3016 3097 3052 τ.
3129 3001 3174 3052 ἐ.
3207 3002 3318 3054 Καὶ
3359 3004 3387 3056 ὁ
3428 3004 3664 3075 Χριστὸς
3699 3008 3783 3074 (1)

2193 3080 2441 3153 κριθῆναι
2488 3082 2627 3148 ἀξιοῖ
2654 3085 2760 3137 ἀπὸ
2802 3084 2972 3138 Θεοῦ·
3030 3089 3168 3160 πρὸς
3217 3091 3277 3142 ὃν
3307 3087 3455 3162 οἶμαι
3490 3094 3571 3156 τὸ,
3612 3115 3631 3147 ι
3675 3097 3783 3148 Νι-

2193 3172 2379 3242 κήσεις
2411 3173 2468 3226 ἐν
2515 3173 2592 3244 τῷ
2639 3175 2922 3246 κρίνεσθαί
2956 3194 3035 3232 σε.
3066 3198 3083 3228 ι
3127 3178 3184 3232 Ὀ
3213 3181 3298 3250 ἐφ’
3334 3183 3509 3254 ἐαυτῷ
3553 3185 3785 3258 θαῤῥῶν

2191 3262 2284 3315 καὶ
2314 3263 2677 3333 πεπεισμένος
2705 3265 3033 3336 ἠδικημένος
3088 3269 3359 3339 μηδέποτε
3407 3273 3599 3326 ἐαυτὸν
3633 3278 3784 3329 ἐκδι-

2190 3354 2440 3424 κηκὲναι,
2476 3355 2612 3408 ἀλλά
2647 3357 2810 3410 τόπον
2837 3361 2904 3428 τῇ
2932 3358 3070 3430 ὀργῇ
3105 3361 3421 3425 δεδωκέναι,
3442 3365 3617 3419 ταῦτα
3639 3370 3782 3438 ἐρεῖ·

2193 3462 2212 3496 ι
2254 3442 2344 3508 Ἐξ
2375 3444 2561 3508 ἔθνους
2594 3447 2688 3516 οὐχ
2713 3447 2881 3511 ὁσίου,
2924 3468 2942 3500 ι
2981 3451 3075 3502 καὶ
3102 3452 3167 3504 τὰ
3195 3453 3342 3523 ἑξῆς.
3370 3456 3432 3506 Ei
3464 3457 3562 3526 μὲν
3594 3459 3626 3510 ό
3660 3460 3783 3510 Σω-

2185 3537 2288 3608 τὴρ
2324 3538 2491 3607 λέγει,
2518 3539 2666 3604 ἔθνος
2694 3542 2792 3611 οὐχ
2821 3543 2965 3597 ὅσιον
3020 3543 3280 3598 Ἰουδαῖοι·
3312 3549 3359 3600 εί
3389 3548 3443 3600 δὲ
3471 3551 3498 3601 ὁ
3530 3550 3782 3615 δίκαιος.

2185 3628 2313 3699 περὶ
2340 3629 2726 3700 ἀντικειμένων
2756 3631 2901 3700 λέγει
2922 3633 3223 3703 δυνάμεων.
3262 3635 3475 3692 Ῥύεται
3499 3639 3556 3691 δὲ
3579 3644 3610 3694 ὁ
3640 3644 3784 3707 Θεὸς

2184 3719 2290 3773 ἀπὸ
2319 3721 2510 3791 ἀνδρὸς
2552 3721 2734 3774 ἀδίκου
2771 3724 2864 3776 καὶ
2897 3723 3090 3788 δολίου,
3127 3727 3214 3779 ὅτε
3246 3728 3308 3780 οὐ
3346 3727 3652 3797 βλάπτεταί
3691 3752 3785 3797 τις

2183 3809 2273 3862 ὑπ’
2309 3809 2506 3862 αὐτῶν.
2538 3809 2630 3872 Τὸ,
2677 3827 2694 3861 ι
2739 3811 2869 3863 Ἀπὸ
2908 3812 3193 3884 ἀνθρώπου
3232 3814 3417 3867 ἀδίκου
3459 3818 3554 3869 καὶ
3586 3819 3783 3872 δολίου

423 3887 427 3890 ’
506 3918 640 3956 erue
665 3917 772 3962 me.
806 3923 823 3954 ι
869 3905 1066 3958 dicitur
1112 3904 1178 3957 de
1215 3903 1454 3971 quolibet
1493 3903 1829 3959 adulterante
1856 3904 2075 3959 verbum

2208 3899 2340 3953 .iisoti
2374 3917 2462 3970 με,
2491 3917 2508 3949 ι
2546 3901 2674 3970 περὶ
2737 3901 2966 3955 ἑκάστου
3018 3903 3294 3968 δολοῦντος
3335 3903 3426 3957 τὸν
3457 3907 3623 3974 λόγον
3675 3909 3782 3962 τοῦ

508 3992 625 4057 Dei,
651 4005 703 4047 et
729 3995 845 4048 viro
875 3993 1056 4063 iniquo
1087 3995 1177 4063 qui
1213 3995 1370 4048 ﬁdem
1401 3995 1637 4060 simulat.
1927 4027 1932 4034 ι

2208 3991 2335 4055 ὶεοῦ,
2377 3993 2468 4044 καὶ
2508 3991 2689 4045 ἀδίκου
2723 3994 3182 4064 προσποιουμένου
3211 3995 3278 4048 τὰ
3305 3996 3402 4066 τῆς
3436 3995 3712 4062 πίστεως.

579 4082 736 4136 Vsus.
778 4084 831 4136 '5.
877 4081 1068 4136 Emitte
1113 4085 1274 4136 lucem
1321 4094 1465 4136 tuam
1497 4096 1542 4138 et
1571 4087 1837 4139 veritatem
1883 4097 2069 4140 tuam:

2261 4083 2725 4147 Ἐξαπόστειλον
2774 4085 2838 4136 τὸ
2881 4084 3006 4153 φῶς
3035 4100 3151 4139 σου
3183 4087 3280 4139 καὶ
3321 4085 3437 4154 τὴν
3462 4087 3790 4156 ἀλήθειάν

503 4172 615 4234 ipsa
643 4189 721 4226 me
741 4173 1068 4226 deduxerunt
1093 4183 1138 4225 et
1159 4174 1492 4227 adduxerunt
1511 4180 1563 4227 in
1586 4188 1806 4229 montem
1835 4189 2071 4231 sanctum

2208 4190 2312 4227 Ὀυ’
2349 4173 2500 4228 αὐτὰ
2529 4191 2605 4243 με
2643 4173 2968 4243 ὠδήγησαν
2994 4176 3088 4229 καὶ
3117 4176 3345 4247 ἤγαγον
3382 4195 3458 4249 με
3488 4181 3582 4245 εις
3621 4181 3784 4248 ὄρος

505 4269 651 4311 tuum
696 4273 744 4315 et
794 4262 848 4314 in
885 4261 1222 4315 tabernacula
1271 4273 1382 4327 tua,
1445 4274 1550 4318 etc.
1586 4284 1602 4315 t
1643 4262 1752 4337 Ego
1806 4283 1923 4320 sum
1975 4267 2061 4323 lux

2212 4268 2341 4336 γιόν
2383 4280 2532 4331 σου,
2584 4266 2680 4319 καὶ
2727 4267 2817 4332 είς
2838 4267 2910 4322 τὰ
2945 4269 3306 4340 σκηνώματὰ
3342 4286 3478 4336 σου,
3521 4287 3581 4327 κ.
3617 4290 3678 4327 τ.
3725 4275 3782 4330 ἐ.

503 4350 708 4412 mundi,
749 4369 767 4400 ›
802 4351 974 4418 inquit
997 4351 1246 4406 Salvmor
1281 4351 1348 4407 °°.
1381 4352 1445 4407 Et
1468 4369 1703 4419 rursum,
1747 4373 1764 4406 ι
1808 4357 1914 4427 Ego
1944 4373 2062 4412 sum

2231 4353 2370 4423 Ἐγώ
2408 4357 2520 4426 εἰμι
2549 4355 2608 4408 τὸ
2643 4356 2758 4425 φῶς
2786 4356 2861 4426 (2)
2882 4355 2976 4409 τοῦ
3002 4356 3262 4428 κόσμου,»
3286 4359 3450 4428 φησὶν
3475 4360 3504 4411 ὁ
3527 4361 3707 4432 Σωτή
3721 4377 3782 4432 ρ·

499 4439 718 4493 veritas.
747 4459 766 4492 ι
787 4439 898 4493 lloc
921 4439 1038 4494 loco
1062 4441 1410 4513 Septuaginta
1439 4443 1758 4515 interpretes
1785 4457 2062 4502 mutarunt

2209 4447 2265 4500 αἱ
2337 4447 2718 4517 πάλινοιῈγώ
2763 4450 2876 4518 εἰμι
2920 4450 2951 4519 ἡ
3004 4448 3248 4518 ἀλήθεια.
3278 4468 3296 4501 ι
3341 4451 3614 4505 Ἐνταῦθα
3674 4455 3787 4508 τὸν

500 4540 710 4602 tempus
739 4543 793 4588 et
831 4541 1090 4602 tanquam
1122 4534 1260 4588 facta
1287 4533 1542 4590 dixerunt
1567 4538 1765 4592 futura.
1799 4533 1899 4592 Alii
1932 4555 2060 4595 vero

2208 4538 2356 4608 ρόνον
2396 4537 2686 4607 ὲνήλλαξαν
2719 4541 2767 4590 οἱ
2809 4538 3208 4610 Ἑϐδομήκοντα
3229 4579 3244 4603 ,
3278 4542 3370 4594 καὶ
3411 4541 3488 4606 ὡς
3514 4559 3786 4615 γεγενη-

496 4626 736 4694 εψοτιίυι
759 4625 1007 4680 dixerunt
1035 4641 1078 4678 ε(
1102 4625 1294 4681 Emitte
1317 4627 1486 4682 lucem
1517 4639 1662 4682 tuam
1693 4641 1747 4684 et
1780 4633 2057 4687 veritatem

2208 4627 2305 4681 ,éva
2339 4629 2595 4700 εἰρήκασι
2633 4630 2700 4684 τά
2733 4629 2983 4700 ἐσόμενα.
3019 4633 3079 4684 Oi
3120 4631 3176 4684 δὲ
3210 4633 3360 4686 ἄλλοι
3408 4635 3789 4710 σαφέστερον

496 4726 796 4786 manuque:
820 4731 917 4772 nos
937 4718 1273 4774 adducentet
1302 4717 1570 4774 deducent
1597 4721 1645 4774 in
1675 4734 1908 4778 montem
1937 4739 2059 4778 san-

2208 4719 2480 4788 ζρήκασιν·
2519 4739 2537 4770 ι
2574 4719 2915 4774 Ἀπόστειλον
2960 4721 3022 4774 τὸ
3065 4722 3180 4792 φῶς
3225 4741 3318 4778 σου
3355 4726 3450 4779 καὶ
3481 4727 3584 4798 τὴν
3621 4732 3780 4798 ἀλή-

512 3815 721 3868 Ιωιιίιιιι·
752 3815 819 3868 ab
845 3816 944 3868 eis.
971 3815 1099 3868 Illud
1123 3855 1136 3878 ,
1177 3832 1194 3864 ι
1214 3816 1294 3869 Ah
1324 3814 1539 3869 homine
1583 3815 1770 3884 iniquo
1799 3824 1850 3868 et
1892 3812 2079 3869 doloso

493 4817 634 4861 ctum
651 4818 798 4863 tuum
815 4821 870 4864 et
893 4809 944 4863 in
965 4811 1308 4865 tabernacula
1331 4821 1469 4865 tua.»
1491 4809 1856 4868 Taberuacula
1877 4826 2055 4870 autem

2208 4807 2314 4860 ειάν
2351 4825 2465 4870 σου,
2493 4809 2650 4864 ἀτινα
2687 4812 2942 4884 ὁδηγήσει
2974 4814 3066 4865 καὶ
3104 4812 3220 4879 ἀξει
3242 4818 3392 4887 ἡμᾶς
3417 4819 3497 4880 εἰς
3525 4819 3591 4872 τὸ
3624 4823 3785 4893 ὅρος

421 4934 423 4938 .
494 4896 746 4974 templum
773 4900 1004 4961 vocavit,
1037 4910 1272 4954 montem
1313 4916 1442 4955 vero
1468 4902 1596 4956 dicit
1626 4901 1776 4970 Sion,
1804 4907 1867 4957 ad
1896 4922 2052 4974 quem

2208 4912 2219 4950 >
2251 4897 2404 4966 ἅγιόν
2434 4917 2526 4952 σου
2548 4902 2640 4954 καὶ
2665 4905 2744 4966 εἰς
2766 4903 2834 4956 τὰ
2864 4906 3198 4978 σκηνώματά
3219 4924 3332 4962 σου.
3349 4927 3366 4958 ι
3396 4908 3783 4982 Σκηνώματα

488 4986 743 5039 accedere
781 4987 1013 5055 postulat
1064 4989 1256 5042 divina:
1323 5005 1542 5059 compos
1591 4990 1804 5048 lautitiae.
1855 4991 2050 5046 Lucem

2208 5009 2214 5042 :
2247 4991 2337 5046 τὸν
2366 4995 2492 5046 ναὸν
2518 4995 2957 5066 προσηγόρευσεν
2975 5015 2987 5025 ·
3030 4998 3156 5070 ὅρος
3177 4997 3232 5051 δὲ
3254 4997 3402 5068 λέγει
3440 4999 3537 5072 τὴν
3573 5002 3778 5073 Σιὼν,

484 5086 538 5130 et
588 5077 1121 5145 veritatem,justum
1146 5089 1196 5133 ct
1217 5079 1506 5134 salutarem
1564 5083 1852 5137 adventum
1899 5083 2049 5146 dicit,

2209 5103 2236 5150 ς
2277 5086 2304 5138 ὃ
2352 5087 2662 5140 ἐπανελθεῖν
2715 5089 2856 5153 ἀξιοῖ
2897 5089 3044 5156 θείας
3079 5091 3253 5161 τυχὼν
3280 5092 3380 5163 τῆς
3419 5091 3774 5163 εὐμενείας.

553 5231 600 5263 ⁸⁸
625 5229 780 5286 Joan.
805 5246 924 5298 vut,
960 5233 1048 5292 12.
1125 5237 1168 5269 ⁹¹
1212 5237 1341 5292 ibid.
1375 5255 1484 5304 xxv,
1517 5239 1568 5296 6.

553 5387 668 5457 (98)
706 5391 787 5459 Οὐ
825 5388 887 5442 τὸ
919 5391 1005 5459 μὴ
1035 5393 1360 5459 θλίϐεσθαι,
1395 5405 1500 5450 etc.
1534 5395 1754 5449 Eadem.

549 5459 659 5539 (9?)
693 5458 860 5539 ‘7‘.qu
888 5458 999 5512 τὸν
1023 5462 1209 5532 ἅγιον,
1237 5475 1343 5518 etc.
1380 5464 1606 5521 Schcdte
1635 5465 1842 5529 Grabii,
1871 5477 1921 5523 et
1949 5482 2042 5523 co—

478 5527 577 5579 dex
613 5527 992 5584 Coislinianus.

2224 5403 2243 5469 (
2255 5403 2300 5471 ι)
2316 5404 2422 5455 Και
2447 5405 2480 5456 ό
2495 5405 2767 5471 Χριστός,
2794 5412 2900 5458 etc.
2921 5403 3390 5471 CatenaCorderii
3404 5413 3454 5458 et
3474 5402 3772 5464 Barbari.

2227 5470 2300 5542 (2)
2349 5470 2494 5540 Ἐγώ
2531 5470 2644 5541 εἰμι
2680 5474 2747 5528 τὸ
2777 5473 2923 5543 φῶς,
2977 5481 3083 5530 etc.
3117 5470 3343 5530 Schedu:
3397 5473 3617 5537 Gt'abii,
3698 5489 3777 5534 et

2151 5540 2353 5595 Catena
2389 5541 2634 5597 Barbati.
