4120 6212
554 183 691 236 “2.5

1961 195 2052 250 EX
2089 196 2387 254 ORIGENE

3668 224 3810 281 1421

550 309 756 368 tinens.
795 308 1046 376 Aeoli-ns,
1102 311 1478 376 Acraronitas,
1527 313 1771 376 Gazmos,
1807 323 1860 366 et
1903 315 2072 368 Ascalt

2176 319 2396 381 \tioug,
2447 321 2860 392 Ἀκαρωνίτας..
2895 323 3176 390 Γαζαίους,
3235 328 3327 380 καὶ
3390 331 3806 402 Ἀσκαλωνίτας,

547 400 711 452 nitas.

617 493 889 563 Ejusdem.
936 495 1083 548 Tunc
1109 497 1386 566 impletum
1414 509 1494 553 est
1532 501 1662 554 illud
1699 502 1780 562 9':
1819 522 1834 552 ι
1875 485 2119 556 Introd"?

2297 502 2406 554 Τοῦ
2437 504 2641 557 αὐτοῦ.
2669 506 2798 556 Τότε
2832 506 3181 576 πεπλήρωται
3215 511 3400 578 (9)16'
3444 534 3460 562 ι
3486 515 3808 586 Είσαγαγὼν

541 603 668 639 rens
697 586 877 654 planta
914 600 1007 638 eos
1036 588 1086 639 in
1118 600 1295 655 monte
1325 591 1660 645 haereditatis
1695 602 1814 645 tum.
1865 612 1881 643 ι
1919 593 2072 648 Genu

2217 595 2626 663 καταφύτευσον
2686 598 2884 660 αὐτοὺς
2923 600 3002 661 εἰς
3045 599 3169 667 ὅρος
3227 602 3591 674 κληρονομίας
3643 625 3758 663 σου.
3787 631 3804 662 ι

538 688 718 732 autem
750 678 954 731 vitiosae
999 681 1460 748 externtiuantur,
1495 694 1780 752 antequam
1831 700 1928 739 nos
1959 685 2113 752 plau-

538 779 732 822 temur.
769 768 939 822 Porro
977 787 1170 824 manus
1214 783 1266 825 et
1311 773 1534 827 dextera
1567 755 1986 839 exterminavit,
2020 777 2111 829 sed

533 874 709 929 neque
757 876 984 926 manus,
1016 879 1191 930 neque
1234 864 1454 916 dextera
1497 864 1785 932 plantavit.
1822 865 1933 920 Non
1965 867 2107 920 enim

533 967 682 1020 pars,
727 952 821 1006 sed
859 961 1004 1006 totus
1053 953 1336 1021 plantavit.
1365 953 1428 1006 Et
1454 955 1702 1019 salvavit,
1744 972 1848 1010 non
1893 974 2105 1021 manus,

529 1042 622 1097 sed
648 1044 891 1097 dextera.
921 1043 1105 1110 Ejecto
1137 1043 1558 1112 lsracle,gentcs
1587 1046 1885 1116 Scripturis
1907 1049 2106 1105 divinis

527 1135 743 1190 insertae
774 1145 917 1189 sunt.
945 1135 1169 1187 Nomina
1206 1139 1590 1204 autent.posita
1636 1149 1762 1192 sunt
1791 1140 1880 1194 uni
1926 1141 2106 1206 subje-

523 1239 612 1282 cto
635 1231 872 1292 diversa.
907 1230 1418 1288 ,NamSalvatorcm
1453 1242 1614 1286 vocat
1656 1249 1895 1300 manum,
1917 1234 2104 1289 dexte—

524 1337 661 1384 ram,
692 1320 969 1374 brachium
997 1331 1052 1374 et
1085 1319 1554 1380 'rlluutin‘ationem.
1585 1324 1775 1379 Vultus
1803 1335 1981 1384 autem
2011 1326 2102 1378 Pa-

524 1410 620 1465 tris
650 1421 732 1464 est
763 1422 1014 1480 lanquatn
1050 1411 1216 1480 ligura
1260 1411 1575 1467 substantia:
1610 1414 1748 1482 ejus.
1777 1415 2100 1470 lllutniuatio

518 1515 666 1565 vero,
707 1516 825 1571 qua:
865 1517 930 1555 ex
975 1502 1086 1569 ipso
1126 1503 1399 1556 emittitur
1428 1504 1481 1556 in
1526 1517 1758 1560 mentem
1787 1523 1973 1561 eorum
2003 1510 2095 1576 qui

517 1593 570 1644 in
600 1593 1029 1662 redemptionem
1067 1595 1244 1648 vocati
1286 1603 1432 1657 sunt,
1471 1605 1552 1649 est
1601 1596 1957 1666 intelligentia
2004 1615 2097 1668 per

2210 685 2386 755 ,Ἕθνη
2414 687 2470 740 δὲ
2502 688 2698 750 κακίας
2731 687 3136 760 ὲξολοθρεύεται
3171 692 3298 762 πρὶν
3330 697 3808 768 καταφυτευθῆναι

2213 775 2378 843 ἡμᾶς.
2413 777 2548 846 Χεὶρ
2578 777 2632 829 δὲ
2659 776 3021 848 ὲξωλόθρευσε
3045 781 3138 834 καὶ
3170 783 3202 851 ἡ
3232 781 3401 846 δεξιά·
3427 787 3801 854 κατεφύτευσε

2211 865 2265 918 δὲ
2298 867 2419 920 οὔτε
2458 871 2596 939 χεὶρ,
2635 869 2757 922 οὔτε
2807 871 2988 938 δεξιάο
3033 875 3093 926 οὐ
3137 875 3245 945 γὰρ
3277 877 3441 948 μέρος
3467 915 3483 939 ς
3535 880 3651 934 ἀλλ’
3681 883 3802 948 ὅλος

2212 960 2601 1027 κατεφύτευσε.
2635 963 2742 1014 Καὶ
2768 962 2972 1016 ἔσωσεν
3012 966 3072 1016 οὐ
3114 967 3268 1037 χεὶρ,
3299 969 3435 1022 ἀλλὰ
3467 969 3635 1038 δεξιά.
3675 975 3798 1029 Ἐκ·-

2209 1049 2372 1121 6ε6λη
2383 1053 2545 1131 μένου
2568 1053 2660 1105 τοῦ
2692 1055 2927 1124 Ἰσραὴλ,
2946 1058 2993 1108 οἱ
3021 1055 3129 1108 ἀπὸ
3158 1057 3267 1111 τῶν
3292 1059 3461 1113 ἐθνῶν
3483 1066 3602 1126 ταῖς
3624 1064 3796 1130 θείαις

2208 1139 2449 1209 Γραφαὶξ
2482 1142 2934 1212 ἐνεφυτεύθησαν.
2977 1143 3246 1214 Ὀνόματα
3283 1147 3340 1199 δὲ
3382 1147 3620 1204 τέθειται
3670 1154 3792 1205 καθ’

2204 1231 2322 1293 ἐνὸς
2353 1231 2717 1302 ὑπο-κειμένου
2751 1220 3018 1305 διάφορα.
3081 1236 3184 1288 Τὸν
3233 1238 3340 1308 γὰρ
3383 1240 3611 1312 Σωτῆρα
3659 1261 3793 1314 φησι

2204 1327 2380 1394 χεῖρα,
2417 1325 2622 1389 δεξιὰν.
2657 1326 2918 1396 βραχίονα
2951 1327 3046 1379 καὶ
3079 1329 3376 1397 φωτισμόν.
3413 1331 3708 1402 Πρόσωπον
3731 1337 3789 1389 δὲ

2203 1415 2436 1484 Πατρὸς,
2478 1415 2553 1478 ὡς
2581 1415 2866 1487 χαρακτὴρ
2909 1405 3259 1481 ὑποστάσεως
3287 1420 3474 1474 αὑτοῦ.
3503 1424 3788 1494 Φωτισμός

2201 1522 2264 1573 γε
2299 1505 2405 1576 μὴν
2435 1505 2493 1570 ἐξ
2527 1506 2692 1559 αὐτοῦ
2724 1509 3074 1578 πεμπόμενος
3105 1512 3185 1573 είς
3217 1512 3343 1566 νοῦν
3372 1514 3483 1566 τῶν
3512 1518 3780 1588 καλουμέ-

2199 1613 2305 1648 νων
2331 1597 2412 1657 εἰς
2441 1594 2841 1665 ἀπολύτρωσιν,
2875 1597 2908 1665 ἡ
2939 1595 3028 1648 διὰ
3059 1596 3152 1649 τοῦ
3189 1599 3500 1669 πνεύματος
3546 1603 3778 1665 σύνεσις,
3843 1598 3855 1602 ’

513 1685 783 1753 Spiritum,
811 1701 930 1754 (pne
974 1687 1040 1738 ad
1083 1685 1249 1739 Deum
1301 1687 1521 1740 adducit
1573 1687 1924 1741 illmninatos.
1946 1689 2072 1742 Man

2197 1685 2314 1755 Θεῷ
2357 1687 2708 1757 προσάγουσα
2746 1687 2872 1749 τοὺς
2925 1687 3347 1765 φωτιζομέν-ους.
3394 1692 3458 1742 Ui
3505 1694 3695 1762 πραεῖς
3721 1694 3776 1746 δὲ

512 1777 650 1828 sueti
680 1784 858 1829 autem
906 1778 1226 1833 hmreditant
1255 1790 1476 1841 terram,
1521 1795 1626 1834 non
1663 1781 1973 1850 pugnando,
1997 1797 2092 1836 uc-

510 1885 616 1938 que
641 1871 821 1938 gladio
848 1871 988 1922 illam
1022 1872 1317 1938 possident.
1401 1872 1407 1878 ’

579 1961 742 2031 708
781 1961 939 2015 Vens.
973 1963 1027 2015 Α.
1071 1964 1179 2015 Nec
1226 1963 1364 2015 enim
1408 1963 1461 2015 in
1488 1965 1667 2034 gladio
1706 1980 1801 2017 suo
1841 1965 2086 2032 possede—

503 2061 625 2102 runt
657 2062 870 2112 terram,
903 2063 1004 2105 etc.
1049 2051 1103 2105 ln
1151 2052 1305 2105 nobis
1342 2063 1424 2106 est
1470 2070 1573 2107 una
1611 2069 1729 2108 cum
1761 2055 1850 2107 Dei
1888 2056 2087 2110 virtute

503 2143 640 2197 bene
668 2157 733 2196 ac
756 2143 980 2199 honeste
1007 2159 1170 2212 agerc
1196 2161 1212 2210 ;
1255 2145 1447 2215 dignos
1479 2154 1659 2200 autem
1701 2146 1888 2200 haberi
1920 2146 2083 2216 spiri-

503 2234 591 2287 tali
624 2235 851 2289 scientia
885 2251 988 2289 non
1013 2245 1094 2290 est
1129 2236 1180 2288 in
1209 2237 1386 2292 nobis.

572 2325 734 2380 Vens.
775 2327 829 2380 5.
875 2326 952 2379 Tu
981 2344 1033 2380 es
1069 2327 1176 2395 ipse
1205 2343 1295 2381 rex
1335 2344 1479 2381 meus
1507 2340 1554 2383 et
1603 2330 1737 2384 Deus
1783 2347 1950 2397 meus,
1987 2333 2078 2399 qui

499 2417 718 2470 vitandas
743 2418 939 2470 salutes
981 2418 1168 2480 Jacob.
1215 2428 1323 2472 etc.
1366 2418 1488 2472 llaec
1523 2420 1586 2474 iis
1629 2422 1718 2489 qui
1756 2421 1822 2475 de
1878 2421 2077 2491 populo

496 2518 644 2573 sunt,
683 2510 1030 2572 convenient,
1050 2524 1258 2564 necnon
1291 2511 1592 2579 prophetis,
1624 2515 1712 2581 qui
1748 2512 1990 2566 fatentur
2018 2529 2075 2569 se

497 2616 602 2652 non
639 2600 835 2654 salvari
870 2603 1088 2669 propria
1118 2602 1335 2654 virtute.
1361 2603 1528 2656 Jacob
1551 2613 1634 2656 est
1665 2605 1710 2657 is
1739 2619 1766 2656 a
1800 2619 1904 2672 quo
1934 2605 2070 2658 mala

493 2691 925 2761 supplantantur.
979 2693 1229 2761 l’razcipit
1268 2691 1660 2748 Deusisanctis
1707 2695 1989 2764 spiritibus
2020 2698 2070 2752 in

491 2783 853 2837 ministerium
881 2779 1059 2836 missis
1079 2792 1299 2852 prepter
1331 2798 1425 2837 eos
1455 2784 1545 2851 qui
1576 2785 1944 2839 luereditatem
1975 2801 2070 2840 ca-

491 2876 638 2945 pient
661 2873 875 2930 salutis.
903 2872 1080 2928 Multa:
1119 2886 1298 2930 autem
1325 2884 1453 2929 sunt
1487 2873 1714 2942 salutes,
1747 2877 1819 2930 uti
1851 2887 1903 2931 et
1925 2879 2064 2932 vitm.

557 3058 720 3113 Vens.
750 3059 802 3113 6.
825 3057 888 3111 In
917 3067 966 3113 te
995 3059 1234 3112 inimicos
1261 3069 1463 3113 nostros
1487 3059 1852 3114 ventilabimus
1875 3077 2061 3128 cornu,

484 3163 530 3206 et
566 3153 621 3206 in
649 3154 856 3205 nomine
882 3161 970 3204 tuo
997 3165 1297 3218 sperat-mus
1328 3149 1651 3219 insurgentes
1681 3152 1734 3205 in
1767 3153 2059 3218 nobis,etc.

483 3243 667 3298 Sancti
723 3239 876 3312 quasi
935 3255 1105 3296 cornu
1153 3241 1348 3294 armati
1389 3250 1517 3297 sunt
1551 3241 1686 3305 Deo,
1723 3243 1817 3312 qui
1852 3253 1934 3298 est
1964 3259 2059 3300 eo-

483 3352 601 3390 rum
633 3325 826 3391 cornu.
857 3335 964 3390 Sed
990 3347 1044 3390 et
1087 3354 1105 3386 ι
1140 3349 1311 3390 cornu
1367 3334 1560 3389 salutis
1598 3335 1781 3389 erexit
1814 3337 1990 3399 nobis,
2032 3356 2052 3388 ι

481 3430 652 3499 inquit
702 3430 1000 3484 Zacharias
1030 3430 1097 3487 ⁸⁸.
1144 3430 1208 3484 Ει
1257 3426 1595 3486 solummodo
1647 3428 2060 3496 pronuntiantes

479 3530 672 3579 nomen
704 3533 853 3577 tuum
877 3563 894 3582 .
932 3523 1122 3590 fortes,
1159 3523 1354 3592 inquit,
1385 3520 1591 3577 erimus
1640 3520 1706 3574 ad
1741 3534 1836 3575 eos
1880 3519 1934 3574 in
1976 3520 2058 3573 ni-

477 3619 645 3672 hilum
682 3619 1026 3687 redigendos.

542 3709 795 3778 Ejusdem
839 3708 1019 3763 Cornu
1054 3706 1248 3760 anima:
1274 3716 1355 3758 est
1387 3718 1519 3773 pura
1562 3717 1740 3768 mens,
1774 3711 1827 3756 et
1851 3704 2054 3758 actrice

471 3803 687 3870 quidem
716 3801 913 3854 virtute
942 3801 1127 3853 hostes
1158 3798 1414 3863 ventilat,
1457 3795 1686 3851 scientia
1713 3810 1840 3851 vero
1872 3798 2048 3850 insur-

469 3907 660 3964 gentes
711 3896 761 3948 iu
807 3911 865 3950 se
912 3904 968 3949 et
1011 3893 1354 3948 adversarios
1404 3890 1631 3961 spiritali
1678 3891 2050 3961 speculatione

467 3988 674 4055 tlejitr'tl.
710 4013 713 4015 ·
1167 4015 1170 4019 -
1346 4020 1351 4024 -

543 4083 706 4136 Vens.
738 4080 792 4134 9.
824 4078 890 4132 In
920 4077 1028 4131 Deo
1062 4076 1400 4130 laudabimur
1436 4082 1547 4127 tota
1573 4074 1677 4139 die,
1711 4083 1820 4129 etc.
1848 4074 2049 4129 Beatus

467 4173 518 4224 in
558 4171 666 4224 Deo
702 4169 954 4223 laudatur
990 4176 1096 4220 tota
1124 4166 1243 4231 die,
1285 4181 1384 4234 per
1423 4179 1574 4219 suam
1612 4164 1823 4218 scilicet
1851 4166 2044 4228 vitam.

463 4275 581 4330 qua:
616 4271 669 4316 et
713 4259 1060 4314 affectionum
1093 4255 1266 4310 turbis
1309 4265 1482 4319 caret,
1514 4264 1570 4310 et
1601 4255 1906 4324 cognitione
1951 4257 2042 4311 Dei

2195 1776 2588 1848 κληρονομοῦσι
2614 1778 2738 1848 γῆν,
2773 1778 2833 1831 οὐ
2870 1780 3186 1850 μαχόμενοι,
3214 1781 3332 1835 οὐδὲ
3363 1784 3606 1856 ῥομφαίᾳ
3643 1785 3774 1854 κλη-

2194 1866 2423 1937 ρονομοῦ
2432 1885 2502 1919 σι.

2264 1961 2346 2012 Οὐ
2376 1960 2484 2029 γὰρ
2519 1961 2589 2013 ἐν
2626 1958 2701 2028 τῇ
2742 1962 3009 2030 ῥομφαίᾳ
3045 1962 3244 2014 αὐτῶν
3273 1962 3775 2033 ἐκλτιρονόμησαν

2187 2047 2323 2118 γῆν,
2352 2068 2406 2103 κ.
2439 2069 2489 2104 τ.
2524 2052 2570 2103 ἐ.
2620 2052 2735 2120 Ἐφ’
2760 2053 2892 2121 ἡμῖν
2925 2052 3025 2122 μέν
3058 2053 3172 2104 ἐστι
3200 2053 3309 2122 (10)
3336 2053 3398 2105 τὸ
3429 2055 3770 2125 κατορθῶσαι

2185 2139 2282 2211 τὴν
2310 2141 2509 2211 ἀρετὴν
2545 2142 2642 2194 σὺν
2669 2145 2734 2213 τῇ
2765 2141 2994 2212 δυνάμει
3017 2142 3112 2195 τοῦ
3145 2143 3302 2196 Θεοῦ·
3329 2144 3389 2196 τὺ
3412 2145 3469 2197 δὲ
3503 2147 3768 2213 καταξιω-

2185 2233 2344 2303 θῆναι
2377 2232 2629 2300 γνὼσεως
2671 2233 3042 2304 πνευματικῆς
3067 2234 3168 2286 οὐκ
3199 2233 3346 2286 ἔστιν
3371 2235 3458 2304 ἐφ’
3488 2238 3642 2306 ἡμῖν.

2253 2323 2336 2376 Σὺ
2370 2320 2428 2377 εἷ
2459 2324 2642 2390 αὐτὸς
2671 2328 2702 2377 o'
2725 2324 3025 2391 ,ϐασιλεὺς
3047 2343 3166 2394 μου
3197 2327 3296 2379 καὶ
3323 2330 3356 2380 ό
3389 2329 3532 2393 Θεός
3557 2311 3700 2396 μου,
3731 2332 3764 2383 ό

2178 2413 2609 2481 ἐντελλόμενος
2637 2413 2742 2479 τὰς
2771 2414 3067 2481 σωτηρίας
3092 2415 3306 2478 Ἰακὼϐ,
3339 2434 3391 2469 κ.
3421 2435 3469 2469 τ.
3501 2420 3546 2470 ἐ.
3577 2419 3762 2470 Ταῦτα

2177 2503 2234 2555 δὲ
2268 2506 2379 2566 τοῖς
2428 2505 2485 2556 ἐν
2513 2503 2590 2573 τῷ
2619 2502 2730 2572 λαῷ
2772 2504 2817 2573 (1
2836 2504 2880 2573 'l)
2909 2505 3140 2575 ἁρμόσει
3170 2506 3262 2558 καὶ
3293 2509 3401 2568 τοῖς
3428 2509 3754 2577 προφήταις,

2180 2593 2256 2663 μὴ
2285 2595 2460 2664 οἰκεία
2512 2594 2779 2658 σώζεσθαι
2817 2595 3142 2666 ὁμολογοῦσι
3165 2597 3404 2666 δυνάμει.
3449 2597 3643 2650 Ἰακὼϐ
3671 2600 3754 2662 δὲ,

2177 2686 2264 2754 ὑφ’
2299 2682 2359 2758 οὗ
2409 2685 2785 2759 πτερνίζονται
2837 2687 2902 2741 τὰ
2954 2689 3151 2758 φαῦλα.
3198 2688 3528 2743 Ἐντέλλεται
3555 2692 3584 2743 ὁ
3622 2690 3758 2764 Eleo;

2172 2783 2286 2843 τοῖς
2315 2782 2491 2850 ἁγίοις
2522 2783 2794 2852 πνεύμασι
2826 2786 2937 2846 τοῖς
2979 2785 3059 2846 είς
3111 2783 3380 2838 διακονίαν
3413 2785 3756 2854 ἀπεσταλμέ-

2171 2890 2282 2936 νοις
2308 2872 2395 2926 διὰ
2422 2874 2549 2936 τοὺς
2582 2874 2873 2944 μέλλοντας
2900 2875 3252 2946 κληρονομεῖν
3286 2879 3574 2948 σωτηρίαν.
3614 2877 3747 2931 Πολ-

2095 3001 2138 3058 c
2171 2967 2263 3021 λαὶ
2293 2969 2350 3022 δὲ
2382 2969 2668 3040 σωτηρίαι,
2695 2968 2769 3032 ὡς
2790 2966 2942 3032 ζωαί.

2255 3060 2351 3112 Ἑν
2381 3061 2480 3113 σοὶ
2508 3059 2649 3125 τοὺς
2674 3059 2935 3128 ’ἐχθροὺς
2980 3059 3149 3128 ἡμῶν
3187 3059 3571 3129 κερατιοῦμεν
3593 3098 3608 3122 ,
3645 3060 3746 3112 καὶ

2162 3152 2232 3205 ἐν
2251 3150 2332 3217 τῷ
2361 3151 2606 3220 ὀνόματί
2628 3165 2744 3204 σου
2765 3149 3249 3218 ἐξουδενώονομεν
3266 3150 3407 3216 τοὺς
3425 3151 3714 3203 ἑπανιστα
3731 3181 3748 3191 -

2157 3242 2385 3312 μένους
2422 3243 2604 3311 ἡμῖν,
2640 3259 2692 3295 κ.
2725 3258 2774 3294 τ.
2814 3241 2858 3295 ὲ.
2908 3242 3321 3312 Κεκερὰτηνται
3362 3244 3411 3294 οἱ
3451 3241 3594 3310 ἅγιοι
3632 3241 3747 3310 (12)

2161 3334 2238 3405 τῷ
2266 3334 2418 3404 Θεῷ,
2443 3334 2502 3398 ὃς
2552 3334 2720 3405 κέρας
2773 3333 2922 3387 ἐστὶν
2971 3333 3169 3387 αὐτῶν.
3209 3333 3371 3386 Ἀλλὰ
3395 3333 3488 3387 καὶ
3529 3353 3547 3384 ι
3576 3335 3744 3402 κέρας

2162 3423 2434 3495 σωτηρίας
2465 3424 2684 3494 ἤγειρεν
2715 3423 2865 3493 ἡμῖν,
2898 3441 2916 3473 ι
2952 3423 3086 3492 φησὶ
3109 3423 3401 3494 Ζαχαρί;;ς.
3435 3423 3544 3476 Καὶ
3584 3423 3744 3494 μόνον

2159 3516 2405 3584 λέγοντες
2434 3516 2494 3568 τὸ
2523 3515 2692 3585 ὄνομά
2740 3533 2854 3581 σου,
2891 3515 3212 3586 ἰσχύσομεν,
3267 3514 3436 3586 φησὶ,
3494 3514 3631 3585 πρὸς
3675 3522 3750 3574 τὸ

2158 3607 2534 3674 ἐξουδενῶσαι.

2234 3701 2343 3755 Τοῦ
2376 3698 2585 3753 αὐτοῦ.
2621 3698 2804 3770 Κέρας
2831 3698 3008 3770 ψυχῆς
3037 3697 3161 3763 νοῦς
3201 3697 3439 3769 καθαρὸς
3478 3699 3610 3770 (15),
3639 3698 3740 3752 καὶ

2154 3791 2240 3845 διὰ
2274 3792 2369 3862 μὲν
2400 3790 2499 3860 τῆς
2535 3791 2845 3862 πρακτικῆς
2877 3790 3004 3853 τοὺς
3033 3790 3260 3862 ἐχθροὺς
3292 3789 3589 3861 κερατίζει,
3645 3791 3736 3844 διὰ

2151 3883 2207 3936 δὲ
2237 3883 2336 3953 τῆς
2364 3881 2616 3951 γνώσεως
2644 3882 2771 3944 τοὺς
2803 3881 3270 3952 ἐπανισταμένους
3309 3881 3455 3952 αὐτῷ
3488 3882 3582 3935 καὶ
3637 3883 3736 3935 ἁν-

2151 3974 2495 4045 τικειμένους
2524 3975 2590 4044 τῇ
2624 3975 2967 4042 πνευματικῇ
3007 3971 3208 4043 θεωρίᾳ
3235 3971 3518 4038 ὲξουθενεῖ.
3639 4015 3646 4022 .

2236 4067 2336 4120 Ἐν
2367 4065 2446 4132 τῷ
2477 4064 2597 4130 Θεῷ
2627 4063 3140 4132 ἐπαινεθησόμεθα
3167 4062 3318 4130 ὅλην
3337 4062 3452 4131 τὴν
3478 4063 3732 4132 ἡμέραν,

2150 4176 2202 4212 κ.
2237 4175 2286 4212 τ.
2319 4159 2367 4211 ὲ.
2415 4157 2473 4210 '0
2511 4156 2610 4228 μὲν
2644 4156 2908 4227 μακάριος
2953 4157 3254 4230 ἐπαινεῖται
3302 4155 3411 4226 (14)
3454 4154 3584 4226 ὅλην
3629 4155 3733 4226 τὴν

2148 4251 2364 4322 ἡμέραν
2393 4251 2450 4305 ὲν
2483 4249 2563 4320 τῷ
2592 4249 2731 4321 Θεῷ,
2771 4248 2872 4318 τὴν
2900 4245 3095 4301 ἑαυτοῦ
3129 4246 3372 4317 δηλονότι
3403 4246 3570 4317 ζωὴν,
3603 4248 3731 4317 ῆτις

465 4351 845 4420 locupletatur.
874 4350 975 4416 Qui
1027 4362 1156 4402 vero
1200 4347 1450 4400 laudatur
1488 4346 1561 4400 ob
1609 4353 1781 4398 artem
1811 4345 2041 4400 mediam

2176 4342 2476 4413 ravéot'qxav
2509 4342 2616 4394 ἀπὸ
2651 4339 2914 4404 ἀπαθείας
2952 4339 3047 4392 καὶ
3085 4339 3338 4405 γνώσεως
3381 4338 3536 4392 Θεοῦ·
3582 4338 3612 4390 ὁ
3665 4339 3732 4392 δὲ

461 4455 719 4511 tanquam
744 4442 796 4495 iu
829 4458 892 4494 ea
930 4449 1211 4510 priustaus,
1247 4440 1328 4496 vel
1355 4439 1496 4508 quod
1528 4438 1581 4493 in
1611 4437 1880 4494 haereticis
1913 4453 2038 4507 pro-

462 4536 630 4600 ﬁciat,
651 4535 740 4588 aut
763 4535 815 4587 in
839 4535 958 4588 aliis
981 4532 1132 4586 falsis
1161 4532 1424 4586 doctrinis
1454 4528 1828 4595 mendacibus,
1861 4530 1907 4585 is
1930 4545 2034 4584 non

459 4641 718 4701 tanquam
761 4629 952 4683 beatus
993 4625 1267 4693 laudatur,
1313 4635 1369 4680 et
1401 4623 1634 4681 fortasse
1669 4623 1715 4679 si
1757 4622 2032 4689 laudatur,

457 4739 562 4778 non
592 4731 702 4777 tota
734 4722 819 4776 die
848 4721 1118 4775 laudatur.

529 4812 689 4868 Vens.
726 4813 814 4868 11.
844 4812 1088 4867 Averlisti
1121 4827 1212 4865 nos
1245 4819 1555 4870 retrorsum,
1601 4815 1706 4860 etc.
1739 4802 1878 4858 Ante
1917 4805 2036 4872 qui-

451 4905 574 4958 dem
599 4904 856 4969 virtutes,
887 4914 1032 4958 retro
1067 4917 1196 4957 vero
1232 4901 1359 4954 vitia
1400 4913 1520 4954 esse
1553 4897 1827 4952 dicuntur.
1855 4896 2035 4963 Quare

450 4998 702 5067 iubemur
745 4996 1158 5050 fornicationem
1190 4996 1412 5063 fugere,
1444 4987 1867 5062 hospitalitatem
1904 5003 2031 5042 vero

449 5088 726 5158 amplecti.

516 5181 567 5215 ⁸⁸
610 5180 779 5235 Exod.
817 5194 913 5245 x-v,
965 5179 1052 5232 Π.
1124 5179 1172 5210 ⁸⁸
1198 5178 1330 5232 Luc.
1370 5193 1408 5240 ι,
1437 5176 1530 5232 69.

518 5274 595 5342 (9)
636 5275 774 5327 Τότε
805 5271 1212 5341 πεπλήρωται,
1245 5282 1354 5328 etc.
1384 5271 1593 5342 catena
1625 5268 1895 5342 gortlerii.

518 5339 632 5414 (l0)
675 5344 802 5414 Ἐφ’
825 5339 1095 5413 ἠμῖνιὶέν
1115 5343 1268 5414 ἐστι,
1291 5354 1398 5414 etc.
1420 5341 1605 5396 Codex
1631 5339 2026 5403 Coislinianus,

446 5413 661 5471 schedia
690 5413 876 5467 Grabii
908 5423 962 5466 et
985 5415 1189 5468 Catena
1216 5413 1462 5466 Barbari.

516 5485 562 5554 (Ι
581 5485 628 5552 l)
668 5483 860 5537 Ταῦτα
884 5482 966 5554 δὲ
984 5483 1108 5548 τοῖς
1131 5483 1218 5535 ἐν
1247 5480 1328 5554 τῷ
1352 5480 1498 5554 λαῷ,
1530 5479 1870 5554 etcLCatena
1895 5476 2027 5532 Cor-

446 5548 734 5614 meamea
769 5553 1023 5607 nonnulla
1062 5553 1179 5606 istis
1209 5552 1386 5606 allinia
1427 5553 1590 5606 habet
1626 5548 1915 5604 Ettsebius.

519 5623 632 5694 (l2)
664 5622 1098 5692 Κεκεράτηνται
1131 5625 1183 5676 οἱ
1213 5622 1384 5692 ἅγιοι,
1406 5631 1511 5678 etc.
1533 5622 1732 5676 Catena
1751 5616 2024 5676 Corderii.

2143 4433 2532 4504 ἐπαινούμενος
2577 4432 2670 4485 ἐπὶ
2703 4431 2844 4503 μέσῃ
2879 4432 3063 4502 τέχνῃ,
3098 4430 3174 4492 ὡς
3201 4429 3478 4502 κατορθῶν
3509 4429 3678 4500 αὐτὴν
3709 4470 3732 4494 ,

2143 4527 2174 4598 ἢ
2208 4527 2300 4580 ἐπὶ
2333 4529 2398 4598 τῇ
2435 4528 2493 4580 ὲν
2535 4527 2834 4596 αἱρετικοίς
2861 4526 3112 4595 προκοπῇ
3130 4563 3144 4588 ,
3170 4523 3204 4595 ἢ
3227 4522 3392 4593 ἄλλης
3420 4522 3563 4585 τινὸς
3585 4521 3729 4592 ψευ-

2139 4619 2383 4688 δολογίας
2437 4618 2650 4686 λόγοις,
2691 4605 2789 4686 οὐχ
2831 4615 2907 4678 ὼς
2943 4614 3212 4685 μακάριος
3262 4613 3681 4686 ἐπαινεθήσεται
3709 4655 3731 4679 ,

2139 4712 2281 4783 τάχα
2316 4710 2374 4764 δὲ
2401 4710 2520 4763 οὐδὲ
2542 4709 2672 4779 ὅλην
2701 4708 2802 4779 τὴν
2823 4707 3057 4779 ἡμέραν.

2219 4803 2623 4870 Ἄπέστρεψας
2665 4796 2821 4868 ἡμᾶς
2855 4800 2942 4863 εὶς
2967 4799 3039 4851 τὰ
3063 4795 3278 4864 ὀπίσω,
3309 4812 3364 4849 κ.
3399 4813 3450 4849 τ.
3491 4797 3538 4848 ὲ.
3573 4795 3726 4865 Ἔμ-

2138 4895 2372 4966 προσθεν
2395 4893 2551 4964 ἡμῶν
2582 4889 2692 4962 (15)
2713 4889 2962 4958 λέγονται
2996 4883 3135 4943 εἶναι
3169 4889 3225 4941 αἱ
3260 4887 3474 4958 ἀρεταὶ,
3495 4885 3730 4942 ὄπισθεν

2135 4986 2192 5039 δὲ
2226 4986 2282 5039 αἱ
2326 4984 2547 5038 κακίαι·
2598 4981 2678 5035 διὸ
2722 4977 3179 5052 προστασσόμεθα
3222 4977 3585 5055 φεύγεινιμὲν
3615 4975 3731 5047 τὴν

2136 5077 2414 5151 πορνείαν,
2449 5076 2547 5147 τὴν
2573 5075 2629 5128 δὲ
2661 5072 2961 5143 φιλοξενίαν
2997 5069 3229 5125 διώκειν.
3544 5063 3547 5065 ’

2199 5265 2310 5335 (l5)
2337 5263 2537 5330 ,Κέρας
2563 5259 2780 5335 ψυχῆς
2817 5259 2966 5325 νοῦς
3011 5258 3304 5335 καθαρός,
3336 5265 3440 5335 etc.
3476 5251 3722 5335 .Scheda:

2127 5324 2340 5395 Grabi'i,
2360 5324 2531 5388 cullei
2561 5324 2924 5385 Coisli'niauus
2945 5324 3000 5382 et
3029 5329 3234 5382 Catena
3268 5324 3510 5381 Barbari.

2198 5393 2404 5481 (l_4_)_"0
2451 5402 2570 5481 μὲν
2608 5399 2914 5481 μηξάλεζιος·
2949 5395 3298 5462 ἐπαινεῖται,
3326 5405 3434 5452 etc.
3481 5393 3726 5449 Schmitz:

2125 5467 2337 5539 Grabi'i,
2369 5484 2421 5528 et
2452 5467 2655 5528 Catena
2694 5467 2939 5524 Barbari.

2195 5546 2306 5616 (15)
2325 5531 2336 5539 ’
2353 5545 2728 5616 "grammar
2751 5539 2939 5616 ἡμῶν,
2964 5547 3070 5616 etc.
3097 5535 3281 5616 Codex
3313 5531 3720 5608 Coislinianus,

2125 5607 2336 5672 sched'ae
2360 5607 2547 5669 Grab'i‘i
2576 5623 2630 5669 et
2659 5607 2866 5698 Catena
2905 5607 3150 5666 Barbari.
