  <div class='ocr_page' id='page_1' title='image "/cluster/home/n/w/nwhite01/storage/ocr_20150623/12/hvd.32044052796216/719.png"; bbox 0 0 4120 6212; ppageno 0'>
   <div class='ocr_carea' id='block_1_1' title="bbox 523 287 657 343">
    <p class='ocr_par' dir='ltr' id='par_1_1' title="bbox 523 287 657 343">
     <span class='ocr_line' id='line_1_1' title="bbox 523 287 657 343; baseline 0.015 -2"><span class='ocrx_word' id='word_1_1' title='bbox 523 287 657 343; x_wconf 71' lang='grc'><strong>1127</strong></span> 
     </span>
    </p>
   </div>
   <div class='ocr_carea' id='block_1_2' title="bbox 1930 286 2364 339">
    <p class='ocr_par' dir='ltr' id='par_1_2' title="bbox 1930 286 2364 339">
     <span class='ocr_line' id='line_1_2' title="bbox 1930 286 2364 339; baseline 0.002 -2"><span class='ocrx_word' id='word_1_2' title='bbox 1930 286 2021 338; x_wconf 67' lang='grc' dir='ltr'><strong>ΒΧ</strong></span> <span class='ocrx_word' id='word_1_3' title='bbox 2060 286 2364 339; x_wconf 66' lang='grc' dir='ltr'>υιιιιιεαιι</span> 
     </span>
    </p>
   </div>
   <div class='ocr_carea' id='block_1_3' title="bbox 3635 278 3774 351">
    <p class='ocr_par' dir='ltr' id='par_1_3' title="bbox 3635 278 3774 351">
     <span class='ocr_line' id='line_1_3' title="bbox 3635 278 3774 351; baseline -0.029 0"><span class='ocrx_word' id='word_1_4' title='bbox 3635 278 3774 351; x_wconf 69' lang='lat' dir='ltr'><strong>tias</strong></span> 
     </span>
    </p>
   </div>
   <div class='ocr_carea' id='block_1_4' title="bbox 593 397 2093 474">
    <p class='ocr_par' dir='ltr' id='par_1_4' title="bbox 593 397 2090 469">
     <span class='ocr_line' id='line_1_4' title="bbox 593 397 2090 469; baseline 0.001 -18"><span class='ocrx_word' id='word_1_5' title='bbox 593 399 866 469; x_wconf 74' lang='lat' dir='ltr'><strong>Ejusdem.</strong></span> <span class='ocrx_word' id='word_1_6' title='bbox 904 397 1055 454; x_wconf 74' lang='lat' dir='ltr'><strong>Mens</strong></span> <span class='ocrx_word' id='word_1_7' title='bbox 1076 398 1387 469; x_wconf 87' lang='lat' dir='ltr'><strong>cooperitur</strong></span> <span class='ocrx_word' id='word_1_8' title='bbox 1414 397 1602 453; x_wconf 90' lang='lat' dir='ltr'><strong>umbra</strong></span> <span class='ocrx_word' id='word_1_9' title='bbox 1631 398 1848 464; x_wconf 88' lang='lat' dir='ltr'><strong>mortis,</strong></span> <span class='ocrx_word' id='word_1_10' title='bbox 1876 400 2090 467; x_wconf 83' lang='lat' dir='ltr'><strong>quando</strong></span> 
     </span>
    </p>
   </div>
   <div class='ocr_carea' id='block_1_5' title="bbox 2194 397 3772 474">
    <p class='ocr_par' dir='ltr' id='par_1_5' title="bbox 2271 398 3772 474">
     <span class='ocr_line' id='line_1_5' title="bbox 2271 398 3772 474; baseline -0.001 -21"><span class='ocrx_word' id='word_1_11' title='bbox 2271 399 2382 453; x_wconf 86' lang='grc' dir='ltr'><strong>Τοῦ</strong></span> <span class='ocrx_word' id='word_1_12' title='bbox 2407 399 2612 455; x_wconf 81' lang='grc' dir='ltr'><strong>αὐτοῦ.</strong></span> <span class='ocrx_word' id='word_1_13' title='bbox 2651 399 2709 451; x_wconf 89' lang='lat' dir='ltr'><strong>&#39;O</strong></span> <span class='ocrx_word' id='word_1_14' title='bbox 2742 398 2862 464; x_wconf 78' lang='grc' dir='ltr'>νοῦς</span> <span class='ocrx_word' id='word_1_15' title='bbox 2893 399 3320 454; x_wconf 75' lang='grc' dir='ltr'>ἐπικαλύπτεται</span> <span class='ocrx_word' id='word_1_16' title='bbox 3353 398 3465 470; x_wconf 67' lang='grc'>(24)</span> <span class='ocrx_word' id='word_1_17' title='bbox 3493 405 3620 474; x_wconf 82' lang='grc' dir='ltr'><strong>σκιᾷ</strong></span> <span class='ocrx_word' id='word_1_18' title='bbox 3671 406 3772 460; x_wconf 84' lang='grc' dir='ltr'><strong>θα..</strong></span> 
     </span>
    </p>
   </div>
   <div class='ocr_carea' id='block_1_6' title="bbox 522 489 2091 560">
    <p class='ocr_par' dir='ltr' id='par_1_6' title="bbox 522 489 2091 560">
     <span class='ocr_line' id='line_1_6' title="bbox 522 489 2091 560; baseline 0 -15"><span class='ocrx_word' id='word_1_19' title='bbox 522 509 627 546; x_wconf 84' lang='lat' dir='ltr'><strong>non</strong></span> <span class='ocrx_word' id='word_1_20' title='bbox 658 492 825 545; x_wconf 84' lang='lat' dir='ltr'><strong>videt.</strong></span> <span class='ocrx_word' id='word_1_21' title='bbox 858 491 953 545; x_wconf 69' lang='lat' dir='ltr'><strong>Vel</strong></span> <span class='ocrx_word' id='word_1_22' title='bbox 983 506 1183 560; x_wconf 88' lang='lat' dir='ltr'><strong>corpus</strong></span> <span class='ocrx_word' id='word_1_23' title='bbox 1207 489 1529 546; x_wconf 87' lang='lat' dir='ltr'><strong>humilitatis</strong></span> <span class='ocrx_word' id='word_1_24' title='bbox 1554 499 1637 547; x_wconf 88' lang='lat' dir='ltr'><strong>est</strong></span> <span class='ocrx_word' id='word_1_25' title='bbox 1659 491 1847 545; x_wconf 87' lang='lat' dir='ltr'><strong>umbra</strong></span> <span class='ocrx_word' id='word_1_26' title='bbox 1879 492 2091 557; x_wconf 89' lang='lat' dir='ltr'><strong>mortis,</strong></span> 
     </span>
    </p>
   </div>
   <div class='ocr_carea' id='block_1_7' title="bbox 521 581 1320 650">
    <p class='ocr_par' dir='ltr' id='par_1_7' title="bbox 521 581 1320 650">
     <span class='ocr_line' id='line_1_7' title="bbox 521 581 1320 650; baseline -0.003 -13"><span class='ocrx_word' id='word_1_27' title='bbox 521 586 621 637; x_wconf 86' lang='lat' dir='ltr'><strong>sub</strong></span> <span class='ocrx_word' id='word_1_28' title='bbox 648 582 802 650; x_wconf 84' lang='lat' dir='ltr'><strong>cujus</strong></span> <span class='ocrx_word' id='word_1_29' title='bbox 830 583 1018 634; x_wconf 89' lang='lat' dir='ltr'><strong>umbra</strong></span> <span class='ocrx_word' id='word_1_30' title='bbox 1055 581 1320 635; x_wconf 87' lang='lat' dir='ltr'><strong>nascitur.</strong></span> 
     </span>
    </p>
   </div>
   <div class='ocr_carea' id='block_1_8' title="bbox 594 669 2092 739">
    <p class='ocr_par' dir='ltr' id='par_1_8' title="bbox 594 669 2092 739">
     <span class='ocr_line' id='line_1_8' title="bbox 594 669 2092 739; baseline -0.001 -13"><span class='ocrx_word' id='word_1_31' title='bbox 594 671 754 726; x_wconf 73' lang='lat' dir='ltr'><strong>Vens.</strong></span> <span class='ocrx_word' id='word_1_32' title='bbox 808 670 899 723; x_wconf 90' lang='lat'><strong>2|.</strong></span> <span class='ocrx_word' id='word_1_33' title='bbox 956 669 1017 725; x_wconf 84' lang='lat' dir='ltr'><strong>Si</strong></span> <span class='ocrx_word' id='word_1_34' title='bbox 1072 671 1421 739; x_wconf 76' lang='lat' dir='ltr'><strong>cxpandimus</strong></span> <span class='ocrx_word' id='word_1_35' title='bbox 1504 687 1696 724; x_wconf 83' lang='lat' dir='ltr'><strong>manus</strong></span> <span class='ocrx_word' id='word_1_36' title='bbox 1755 679 1964 725; x_wconf 79' lang='lat' dir='ltr'><strong>nostras</strong></span> <span class='ocrx_word' id='word_1_37' title='bbox 2024 672 2092 724; x_wconf 86' lang='lat' dir='ltr'><strong>ad</strong></span> 
     </span>
    </p>
   </div>
   <div class='ocr_carea' id='block_1_9' title="bbox 525 758 2096 829">
    <p class='ocr_par' dir='ltr' id='par_1_9' title="bbox 525 758 2096 829">
     <span class='ocr_line' id='line_1_9' title="bbox 525 758 2096 829; baseline -0.001 -15"><span class='ocrx_word' id='word_1_38' title='bbox 525 762 692 815; x_wconf 87' lang='lat' dir='ltr'><strong>Deum</strong></span> <span class='ocrx_word' id='word_1_39' title='bbox 732 762 985 827; x_wconf 82' lang='lat' dir='ltr'><strong>alienum,</strong></span> <span class='ocrx_word' id='word_1_40' title='bbox 1019 769 1127 814; x_wconf 85' lang='lat' dir='ltr'><strong>etc.</strong></span> <span class='ocrx_word' id='word_1_41' title='bbox 1164 760 1221 815; x_wconf 84' lang='lat' dir='ltr'><strong>Si</strong></span> <span class='ocrx_word' id='word_1_42' title='bbox 1254 760 1377 829; x_wconf 87' lang='lat' dir='ltr'><strong>quis</strong></span> <span class='ocrx_word' id='word_1_43' title='bbox 1412 774 1523 813; x_wconf 92' lang='lat' dir='ltr'><strong>non</strong></span> <span class='ocrx_word' id='word_1_44' title='bbox 1572 768 1655 814; x_wconf 88' lang='lat' dir='ltr'><strong>est</strong></span> <span class='ocrx_word' id='word_1_45' title='bbox 1702 758 1931 813; x_wconf 86' lang='lat' dir='ltr'><strong>scientia</strong></span> <span class='ocrx_word' id='word_1_46' title='bbox 1972 760 2096 813; x_wconf 90' lang='lat' dir='ltr'><strong>sub-</strong></span> 
     </span>
    </p>
   </div>
   <div class='ocr_carea' id='block_1_10' title="bbox 522 852 2093 922">
    <p class='ocr_par' dir='ltr' id='par_1_10' title="bbox 522 852 2093 922">
     <span class='ocr_line' id='line_1_10' title="bbox 522 852 2093 922; baseline -0.001 -16"><span class='ocrx_word' id='word_1_47' title='bbox 522 854 812 920; x_wconf 78' lang='lat' dir='ltr'><strong>stantialis,</strong></span> <span class='ocrx_word' id='word_1_48' title='bbox 844 853 927 908; x_wconf 89' lang='lat' dir='ltr'><strong>vel</strong></span> <span class='ocrx_word' id='word_1_49' title='bbox 964 854 1104 908; x_wconf 90' lang='lat' dir='ltr'><strong>hanc</strong></span> <span class='ocrx_word' id='word_1_50' title='bbox 1144 869 1251 909; x_wconf 91' lang='lat' dir='ltr'><strong>non</strong></span> <span class='ocrx_word' id='word_1_51' title='bbox 1297 852 1460 907; x_wconf 87' lang='lat' dir='ltr'><strong>habet</strong></span> <span class='ocrx_word' id='word_1_52' title='bbox 1508 852 1563 907; x_wconf 91' lang='lat' dir='ltr'><strong>in</strong></span> <span class='ocrx_word' id='word_1_53' title='bbox 1607 852 1805 922; x_wconf 88' lang='lat' dir='ltr'><strong>seipso,</strong></span> <span class='ocrx_word' id='word_1_54' title='bbox 1837 853 1977 907; x_wconf 86' lang='lat' dir='ltr'><strong>Deus</strong></span> <span class='ocrx_word' id='word_1_55' title='bbox 2011 860 2093 906; x_wconf 84' lang='lat' dir='ltr'><strong>est</strong></span> 
     </span>
    </p>
   </div>
   <div class='ocr_carea' id='block_1_11' title="bbox 522 948 748 1002">
    <p class='ocr_par' dir='ltr' id='par_1_11' title="bbox 522 948 748 1002">
     <span class='ocr_line' id='line_1_11' title="bbox 522 948 748 1002; baseline 0 -2"><span class='ocrx_word' id='word_1_56' title='bbox 522 948 748 1002; x_wconf 82' lang='lat' dir='ltr'><strong>alienus.</strong></span> 
     </span>
    </p>
   </div>
   <div class='ocr_carea' id='block_1_12' title="bbox 592 1035 2092 1106">
    <p class='ocr_par' dir='ltr' id='par_1_12' title="bbox 592 1035 2092 1106">
     <span class='ocr_line' id='line_1_12' title="bbox 592 1035 2092 1106; baseline -0.004 -13"><span class='ocrx_word' id='word_1_57' title='bbox 592 1040 757 1093; x_wconf 73' lang='lat' dir='ltr'><strong>Vens.</strong></span> <span class='ocrx_word' id='word_1_58' title='bbox 793 1038 883 1093; x_wconf 89' lang='lat'><strong>22.</strong></span> <span class='ocrx_word' id='word_1_59' title='bbox 922 1037 1187 1102; x_wconf 80' lang='lat' dir='ltr'><strong>Quoniam</strong></span> <span class='ocrx_word' id='word_1_60' title='bbox 1233 1046 1443 1106; x_wconf 81' lang='lat' dir='ltr'><strong>propter</strong></span> <span class='ocrx_word' id='word_1_61' title='bbox 1478 1045 1526 1090; x_wconf 80' lang='lat' dir='ltr'><strong>te</strong></span> <span class='ocrx_word' id='word_1_62' title='bbox 1560 1035 1944 1103; x_wconf 81' lang='lat' dir='ltr'><strong>mortiﬁcamur</strong></span> <span class='ocrx_word' id='word_1_63' title='bbox 1980 1042 2092 1088; x_wconf 82' lang='lat' dir='ltr'><strong>tota</strong></span> 
     </span>
    </p>
   </div>
   <div class='ocr_carea' id='block_1_13' title="bbox 521 1126 2092 1195">
    <p class='ocr_par' dir='ltr' id='par_1_13' title="bbox 521 1126 2092 1195">
     <span class='ocr_line' id='line_1_13' title="bbox 521 1126 2092 1195; baseline -0.003 -12"><span class='ocrx_word' id='word_1_64' title='bbox 521 1131 627 1195; x_wconf 83' lang='lat' dir='ltr'><strong>die,</strong></span> <span class='ocrx_word' id='word_1_65' title='bbox 655 1131 906 1185; x_wconf 78' lang='lat' dir='ltr'><strong>wstimati</strong></span> <span class='ocrx_word' id='word_1_66' title='bbox 938 1145 1119 1182; x_wconf 86' lang='lat' dir='ltr'><strong>sumus</strong></span> <span class='ocrx_word' id='word_1_67' title='bbox 1156 1128 1292 1182; x_wconf 80' lang='lat' dir='ltr'><strong>sicut</strong></span> <span class='ocrx_word' id='word_1_68' title='bbox 1318 1145 1435 1182; x_wconf 80' lang='lat' dir='ltr'><strong>oves</strong></span> <span class='ocrx_word' id='word_1_69' title='bbox 1464 1128 1766 1193; x_wconf 84' lang='lat' dir='ltr'><strong>occisionis,</strong></span> <span class='ocrx_word' id='word_1_70' title='bbox 1801 1137 1910 1181; x_wconf 90' lang='lat' dir='ltr'><strong>etc.</strong></span> <span class='ocrx_word' id='word_1_71' title='bbox 1951 1126 2092 1181; x_wconf 82' lang='lat' dir='ltr'><strong>Pau-</strong></span> 
     </span>
    </p>
   </div>
   <div class='ocr_carea' id='block_1_14' title="bbox 523 1218 2090 1288">
    <p class='ocr_par' dir='ltr' id='par_1_14' title="bbox 523 1218 2090 1288">
     <span class='ocr_line' id='line_1_14' title="bbox 523 1218 2090 1288; baseline -0.004 -13"><span class='ocrx_word' id='word_1_72' title='bbox 523 1225 606 1277; x_wconf 86' lang='lat' dir='ltr'><strong>lus</strong></span> <span class='ocrx_word' id='word_1_73' title='bbox 641 1223 715 1276; x_wconf 92' lang='lat' dir='ltr'><strong>ait</strong></span> <span class='ocrx_word' id='word_1_74' title='bbox 747 1222 791 1254; x_wconf 74' lang='grc'><strong>’⁸</strong></span> <span class='ocrx_word' id='word_1_75' title='bbox 829 1240 843 1275; x_wconf 91' lang='lat'><strong>:</strong></span> <span class='ocrx_word' id='word_1_76' title='bbox 887 1240 905 1272; x_wconf 82' lang='grc' dir='ltr'><strong>ι</strong></span> <span class='ocrx_word' id='word_1_77' title='bbox 932 1220 1183 1286; x_wconf 84' lang='lat' dir='ltr'><strong>Quotidie</strong></span> <span class='ocrx_word' id='word_1_78' title='bbox 1209 1220 1414 1273; x_wconf 86' lang='lat' dir='ltr'><strong>morior</strong></span> <span class='ocrx_word' id='word_1_79' title='bbox 1444 1234 1540 1288; x_wconf 89' lang='lat' dir='ltr'><strong>per</strong></span> <span class='ocrx_word' id='word_1_80' title='bbox 1571 1227 1807 1273; x_wconf 81' lang='lat' dir='ltr'><strong>vestram</strong></span> <span class='ocrx_word' id='word_1_81' title='bbox 1836 1218 2090 1287; x_wconf 77' lang='lat' dir='ltr'><strong>gloriam,</strong></span> 
     </span>
    </p>
   </div>
   <div class='ocr_carea' id='block_1_15' title="bbox 523 1309 2089 1387">
    <p class='ocr_par' dir='ltr' id='par_1_15' title="bbox 523 1309 2089 1387">
     <span class='ocr_line' id='line_1_15' title="bbox 523 1309 2089 1387; baseline -0.004 -15"><span class='ocrx_word' id='word_1_82' title='bbox 523 1317 684 1387; x_wconf 81' lang='lat'><strong>710</strong></span> <span class='ocrx_word' id='word_1_83' title='bbox 727 1331 886 1384; x_wconf 85' lang='lat' dir='ltr'><strong>quam</strong></span> <span class='ocrx_word' id='word_1_84' title='bbox 924 1312 1098 1368; x_wconf 85' lang='lat' dir='ltr'><strong>habeo</strong></span> <span class='ocrx_word' id='word_1_85' title='bbox 1142 1313 1196 1365; x_wconf 92' lang='lat' dir='ltr'><strong>in</strong></span> <span class='ocrx_word' id='word_1_86' title='bbox 1244 1312 1463 1366; x_wconf 82' lang='lat' dir='ltr'><strong>Christo</strong></span> <span class='ocrx_word' id='word_1_87' title='bbox 1507 1309 1658 1366; x_wconf 85' lang='lat' dir='ltr'><strong>Jesu.</strong></span> <span class='ocrx_word' id='word_1_88' title='bbox 1696 1331 1715 1364; x_wconf 71' lang='grc' dir='ltr'><strong>ι</strong></span> <span class='ocrx_word' id='word_1_89' title='bbox 1762 1311 1872 1367; x_wconf 89' lang='lat' dir='ltr'><strong>Cur</strong></span> <span class='ocrx_word' id='word_1_90' title='bbox 1910 1322 2089 1367; x_wconf 91' lang='lat' dir='ltr'><strong>autem</strong></span> 
     </span>
    </p>
   </div>
   <div class='ocr_carea' id='block_1_16' title="bbox 522 1404 2091 1477">
    <p class='ocr_par' dir='ltr' id='par_1_16' title="bbox 522 1404 2091 1477">
     <span class='ocr_line' id='line_1_16' title="bbox 522 1404 2091 1477; baseline -0.003 -16"><span class='ocrx_word' id='word_1_91' title='bbox 522 1412 622 1473; x_wconf 81' lang='lat' dir='ltr'><strong>ait,</strong></span> <span class='ocrx_word' id='word_1_92' title='bbox 654 1428 671 1459; x_wconf 80' lang='grc' dir='ltr'><strong>ι</strong></span> <span class='ocrx_word' id='word_1_93' title='bbox 705 1419 923 1477; x_wconf 79' lang='lat' dir='ltr'><strong>propter</strong></span> <span class='ocrx_word' id='word_1_94' title='bbox 952 1405 1044 1460; x_wconf 86' lang='lat' dir='ltr'><strong>te?</strong></span> <span class='ocrx_word' id='word_1_95' title='bbox 1078 1424 1096 1457; x_wconf 74' lang='grc' dir='ltr'><strong>ι</strong></span> <span class='ocrx_word' id='word_1_96' title='bbox 1133 1404 1398 1470; x_wconf 85' lang='lat' dir='ltr'><strong>Quoniam</strong></span> <span class='ocrx_word' id='word_1_97' title='bbox 1426 1404 1479 1458; x_wconf 92' lang='lat' dir='ltr'><strong>in</strong></span> <span class='ocrx_word' id='word_1_98' title='bbox 1508 1404 1664 1458; x_wconf 92' lang='lat' dir='ltr'><strong>nobis</strong></span> <span class='ocrx_word' id='word_1_99' title='bbox 1685 1413 1803 1457; x_wconf 88' lang='lat' dir='ltr'><strong>erat</strong></span> <span class='ocrx_word' id='word_1_100' title='bbox 1836 1404 2091 1458; x_wconf 79' lang='lat' dir='ltr'><strong>deserere</strong></span> 
     </span>
    </p>
   </div>
   <div class='ocr_carea' id='block_1_17' title="bbox 519 1491 2091 1567">
    <p class='ocr_par' dir='ltr' id='par_1_17' title="bbox 519 1491 2091 1567">
     <span class='ocr_line' id='line_1_17' title="bbox 519 1491 2091 1567; baseline -0.006 -13"><span class='ocrx_word' id='word_1_101' title='bbox 519 1510 574 1554; x_wconf 81' lang='lat' dir='ltr'><strong>et</strong></span> <span class='ocrx_word' id='word_1_102' title='bbox 602 1499 909 1567; x_wconf 83' lang='lat' dir='ltr'><strong>relinquere</strong></span> <span class='ocrx_word' id='word_1_103' title='bbox 952 1495 1127 1564; x_wconf 86' lang='lat' dir='ltr'><strong>patria</strong></span> <span class='ocrx_word' id='word_1_104' title='bbox 1180 1493 1451 1558; x_wconf 87' lang='lat' dir='ltr'><strong>instituta,</strong></span> <span class='ocrx_word' id='word_1_105' title='bbox 1503 1502 1558 1547; x_wconf 92' lang='lat' dir='ltr'><strong>et</strong></span> <span class='ocrx_word' id='word_1_106' title='bbox 1605 1508 1726 1547; x_wconf 89' lang='lat' dir='ltr'><strong>esse</strong></span> <span class='ocrx_word' id='word_1_107' title='bbox 1760 1491 1959 1557; x_wconf 89' lang='lat' dir='ltr'><strong>securi,</strong></span> <span class='ocrx_word' id='word_1_108' title='bbox 1996 1492 2091 1545; x_wconf 82' lang='lat' dir='ltr'><strong>sed</strong></span> 
     </span>
    </p>
   </div>
   <div class='ocr_carea' id='block_1_18' title="bbox 523 1582 2092 1653">
    <p class='ocr_par' dir='ltr' id='par_1_18' title="bbox 523 1582 2092 1653">
     <span class='ocr_line' id='line_1_18' title="bbox 523 1582 2092 1653; baseline -0.005 -10"><span class='ocrx_word' id='word_1_109' title='bbox 523 1589 809 1643; x_wconf 79' lang='lat' dir='ltr'><strong>maluimus</strong></span> <span class='ocrx_word' id='word_1_110' title='bbox 848 1585 985 1641; x_wconf 79' lang='lat' dir='ltr'><strong>allici</strong></span> <span class='ocrx_word' id='word_1_111' title='bbox 1014 1585 1176 1639; x_wconf 90' lang='lat' dir='ltr'><strong>malis</strong></span> <span class='ocrx_word' id='word_1_112' title='bbox 1211 1592 1267 1639; x_wconf 90' lang='lat' dir='ltr'><strong>et</strong></span> <span class='ocrx_word' id='word_1_113' title='bbox 1307 1592 1589 1653; x_wconf 81' lang='lat' dir='ltr'><strong>paternam</strong></span> <span class='ocrx_word' id='word_1_114' title='bbox 1633 1582 1947 1653; x_wconf 82' lang='lat' dir='ltr'><strong>religionem</strong></span> <span class='ocrx_word' id='word_1_115' title='bbox 1976 1596 2092 1636; x_wconf 89' lang='lat' dir='ltr'><strong>ser-</strong></span> 
     </span>
    </p>
   </div>
   <div class='ocr_carea' id='block_1_19' title="bbox 523 1675 2085 1747">
    <p class='ocr_par' dir='ltr' id='par_1_19' title="bbox 523 1675 2085 1747">
     <span class='ocr_line' id='line_1_19' title="bbox 523 1675 2085 1747; baseline -0.004 -15"><span class='ocrx_word' id='word_1_116' title='bbox 523 1696 673 1742; x_wconf 85' lang='lat' dir='ltr'><strong>vare,</strong></span> <span class='ocrx_word' id='word_1_117' title='bbox 698 1695 859 1747; x_wconf 85' lang='lat' dir='ltr'><strong>quam</strong></span> <span class='ocrx_word' id='word_1_118' title='bbox 888 1693 1018 1747; x_wconf 88' lang='lat' dir='ltr'><strong>pace</strong></span> <span class='ocrx_word' id='word_1_119' title='bbox 1040 1676 1146 1730; x_wconf 86' lang='lat' dir='ltr'><strong>l&#39;rui</strong></span> <span class='ocrx_word' id='word_1_120' title='bbox 1168 1685 1223 1731; x_wconf 91' lang='lat' dir='ltr'><strong>et</strong></span> <span class='ocrx_word' id='word_1_121' title='bbox 1254 1692 1282 1729; x_wconf 91' lang='lat' dir='ltr'><strong>a</strong></span> <span class='ocrx_word' id='word_1_122' title='bbox 1310 1675 1501 1745; x_wconf 85' lang='lat' dir='ltr'><strong>patriis</strong></span> <span class='ocrx_word' id='word_1_123' title='bbox 1524 1675 1794 1730; x_wconf 87' lang='lat' dir='ltr'><strong>institutis</strong></span> <span class='ocrx_word' id='word_1_124' title='bbox 1811 1675 2085 1728; x_wconf 83' lang='lat' dir='ltr'><strong>excidere.</strong></span> 
     </span>
    </p>
   </div>
   <div class='ocr_carea' id='block_1_20' title="bbox 2195 490 3777 562">
    <p class='ocr_par' dir='ltr' id='par_1_20' title="bbox 2195 490 3777 562">
     <span class='ocr_line' id='line_1_20' title="bbox 2195 490 3777 562; baseline 0.002 -17"><span class='ocrx_word' id='word_1_125' title='bbox 2195 492 2376 556; x_wconf 86' lang='grc' dir='ltr'>νάτου,</span> <span class='ocrx_word' id='word_1_126' title='bbox 2408 494 2496 545; x_wconf 82' lang='grc' dir='ltr'>ὅτε</span> <span class='ocrx_word' id='word_1_127' title='bbox 2518 492 2576 544; x_wconf 85' lang='grc' dir='ltr'><strong>οὑ</strong></span> <span class='ocrx_word' id='word_1_128' title='bbox 2610 490 2811 561; x_wconf 79' lang='grc' dir='ltr'><strong>βλέπει.</strong></span> <span class='ocrx_word' id='word_1_129' title='bbox 2842 491 2909 544; x_wconf 76' lang='lat' dir='ltr'><strong>“ll</strong></span> <span class='ocrx_word' id='word_1_130' title='bbox 2941 491 3003 544; x_wconf 80' lang='grc' dir='ltr'><strong>τὸ</strong></span> <span class='ocrx_word' id='word_1_131' title='bbox 3046 492 3204 562; x_wconf 86' lang='grc' dir='ltr'>σῶμα</span> <span class='ocrx_word' id='word_1_132' title='bbox 3245 491 3345 562; x_wconf 82' lang='grc' dir='ltr'>τῆς</span> <span class='ocrx_word' id='word_1_133' title='bbox 3395 492 3777 560; x_wconf 76' lang='grc' dir='ltr'><strong>ταπεινώσεως</strong></span> 
     </span>
    </p>
   </div>
   <div class='ocr_carea' id='block_1_21' title="bbox 2196 576 3390 653">
    <p class='ocr_par' dir='ltr' id='par_1_21' title="bbox 2196 576 3390 653">
     <span class='ocr_line' id='line_1_21' title="bbox 2196 576 3390 653; baseline -0.001 -18"><span class='ocrx_word' id='word_1_134' title='bbox 2196 584 2325 637; x_wconf 87' lang='grc' dir='ltr'>σκιά</span> <span class='ocrx_word' id='word_1_135' title='bbox 2346 585 2459 635; x_wconf 81' lang='grc' dir='ltr'>ἐστι</span> <span class='ocrx_word' id='word_1_136' title='bbox 2485 582 2737 647; x_wconf 78' lang='grc' dir='ltr'>θανάτου,</span> <span class='ocrx_word' id='word_1_137' title='bbox 2771 576 2832 636; x_wconf 76' lang='grc' dir='ltr'>οὗ</span> <span class='ocrx_word' id='word_1_138' title='bbox 2862 583 2928 653; x_wconf 82' lang='grc' dir='ltr'>τῇ</span> <span class='ocrx_word' id='word_1_139' title='bbox 2958 583 3084 651; x_wconf 82' lang='grc' dir='ltr'>σκιᾷ</span> <span class='ocrx_word' id='word_1_140' title='bbox 3116 582 3390 649; x_wconf 76' lang='grc' dir='ltr'><strong>γεννᾶται.</strong></span> 
     </span>
    </p>
   </div>
   <div class='ocr_carea' id='block_1_22' title="bbox 2263 670 3775 741">
    <p class='ocr_par' dir='ltr' id='par_1_22' title="bbox 2263 670 3775 741">
     <span class='ocr_line' id='line_1_22' title="bbox 2263 670 3775 741; baseline 0 -12"><span class='ocrx_word' id='word_1_141' title='bbox 2263 676 2333 729; x_wconf 86' lang='lat' dir='ltr'><strong>El</strong></span> <span class='ocrx_word' id='word_1_142' title='bbox 2355 672 2787 741; x_wconf 76' lang='grc' dir='ltr'>διεπετάσαμεν</span> <span class='ocrx_word' id='word_1_143' title='bbox 2815 672 3017 741; x_wconf 81' lang='grc' dir='ltr'>χεῖρας</span> <span class='ocrx_word' id='word_1_144' title='bbox 3047 670 3215 740; x_wconf 75' lang='grc' dir='ltr'>ἡμῶν</span> <span class='ocrx_word' id='word_1_145' title='bbox 3243 672 3394 741; x_wconf 80' lang='grc' dir='ltr'>πρὸς</span> <span class='ocrx_word' id='word_1_146' title='bbox 3420 674 3569 727; x_wconf 76' lang='grc' dir='ltr'>Θεὸν</span> <span class='ocrx_word' id='word_1_147' title='bbox 3586 674 3775 729; x_wconf 74' lang='grc' dir='ltr'><strong>ἀλλό-</strong></span> 
     </span>
    </p>
   </div>
   <div class='ocr_carea' id='block_1_23' title="bbox 2193 762 3777 833">
    <p class='ocr_par' dir='ltr' id='par_1_23' title="bbox 2193 762 3777 833">
     <span class='ocr_line' id='line_1_23' title="bbox 2193 762 3777 833; baseline 0 -17"><span class='ocrx_word' id='word_1_148' title='bbox 2193 781 2376 832; x_wconf 79' lang='grc' dir='ltr'>τριον,</span> <span class='ocrx_word' id='word_1_149' title='bbox 2399 781 2450 816; x_wconf 85' lang='grc' dir='ltr'>κ.</span> <span class='ocrx_word' id='word_1_150' title='bbox 2482 781 2532 817; x_wconf 92' lang='grc' dir='ltr'>τ.</span> <span class='ocrx_word' id='word_1_151' title='bbox 2565 764 2612 816; x_wconf 82' lang='grc' dir='ltr'><strong>ὲ.</strong></span> <span class='ocrx_word' id='word_1_152' title='bbox 2651 764 2717 816; x_wconf 68' lang='lat' dir='ltr'><strong>Et</strong></span> <span class='ocrx_word' id='word_1_153' title='bbox 2763 780 2845 826; x_wconf 88' lang='grc' dir='ltr'><strong>τις</strong></span> <span class='ocrx_word' id='word_1_154' title='bbox 2892 763 2993 815; x_wconf 83' lang='grc' dir='ltr'><strong>οὑκ</strong></span> <span class='ocrx_word' id='word_1_155' title='bbox 3033 762 3149 815; x_wconf 75' lang='grc' dir='ltr'>ἐστι</span> <span class='ocrx_word' id='word_1_156' title='bbox 3183 762 3296 833; x_wconf 81' lang='grc'>(25)</span> <span class='ocrx_word' id='word_1_157' title='bbox 3353 762 3552 830; x_wconf 84' lang='grc' dir='ltr'>γνῶσις</span> <span class='ocrx_word' id='word_1_158' title='bbox 3585 764 3777 816; x_wconf 60' lang='lat' dir='ltr'><strong>obsiti)-</strong></span> 
     </span>
    </p>
   </div>
   <div class='ocr_carea' id='block_1_24' title="bbox 2192 850 3777 924">
    <p class='ocr_par' dir='ltr' id='par_1_24' title="bbox 2192 850 3777 924">
     <span class='ocr_line' id='line_1_24' title="bbox 2192 850 3777 924; baseline 0 -18"><span class='ocrx_word' id='word_1_159' title='bbox 2192 853 2309 924; x_wconf 85' lang='grc' dir='ltr'>δης,</span> <span class='ocrx_word' id='word_1_160' title='bbox 2344 854 2377 924; x_wconf 83' lang='grc' dir='ltr'>ἦ</span> <span class='ocrx_word' id='word_1_161' title='bbox 2415 852 2615 923; x_wconf 83' lang='grc' dir='ltr'>ταύτην</span> <span class='ocrx_word' id='word_1_162' title='bbox 2647 851 2745 923; x_wconf 83' lang='grc' dir='ltr'>τὴν</span> <span class='ocrx_word' id='word_1_163' title='bbox 2782 853 2983 922; x_wconf 84' lang='grc' dir='ltr'>γνῶσιν</span> <span class='ocrx_word' id='word_1_164' title='bbox 3011 851 3110 905; x_wconf 90' lang='grc' dir='ltr'><strong>οὑκ</strong></span> <span class='ocrx_word' id='word_1_165' title='bbox 3146 850 3257 921; x_wconf 74' lang='grc' dir='ltr'>ἔχει</span> <span class='ocrx_word' id='word_1_166' title='bbox 3304 852 3361 906; x_wconf 81' lang='grc' dir='ltr'>ἐν</span> <span class='ocrx_word' id='word_1_167' title='bbox 3402 852 3611 924; x_wconf 80' lang='grc' dir='ltr'>ἐαυτῷ,</span> <span class='ocrx_word' id='word_1_168' title='bbox 3639 854 3777 918; x_wconf 84' lang='grc' dir='ltr'>Θεός</span> 
     </span>
    </p>
   </div>
   <div class='ocr_carea' id='block_1_25' title="bbox 2193 946 3807 1017">
    <p class='ocr_par' dir='ltr' id='par_1_25' title="bbox 2193 946 3807 1017">
     <span class='ocr_line' id='line_1_25' title="bbox 2193 946 3807 1017; baseline -0.005 -17"><span class='ocrx_word' id='word_1_169' title='bbox 2193 949 2340 1000; x_wconf 77' lang='grc' dir='ltr'>ἐστιν</span> <span class='ocrx_word' id='word_1_170' title='bbox 2371 946 2667 1017; x_wconf 80' lang='grc' dir='ltr'>ἀλλότριος.</span> <span class='ocrx_word' id='word_1_171' title='bbox 3800 987 3807 992; x_wconf 90' lang='grc'>.</span> 
     </span>
    </p>
   </div>
   <div class='ocr_carea' id='block_1_26' title="bbox 2266 1034 3769 1109">
    <p class='ocr_par' dir='ltr' id='par_1_26' title="bbox 2266 1034 3769 1109">
     <span class='ocr_line' id='line_1_26' title="bbox 2266 1034 3769 1109; baseline -0.003 -17"><span class='ocrx_word' id='word_1_172' title='bbox 2266 1041 2385 1093; x_wconf 87' lang='grc' dir='ltr'>Ὅτι</span> <span class='ocrx_word' id='word_1_173' title='bbox 2414 1039 2591 1093; x_wconf 78' lang='grc' dir='ltr'>ἐνεκά</span> <span class='ocrx_word' id='word_1_174' title='bbox 2619 1054 2735 1093; x_wconf 85' lang='grc' dir='ltr'><strong>σου</strong></span> <span class='ocrx_word' id='word_1_175' title='bbox 2759 1040 3167 1109; x_wconf 74' lang='grc' dir='ltr'><strong>θανατούμεθα</strong></span> <span class='ocrx_word' id='word_1_176' title='bbox 3196 1036 3350 1106; x_wconf 76' lang='grc' dir='ltr'><strong>ὅλην</strong></span> <span class='ocrx_word' id='word_1_177' title='bbox 3382 1034 3495 1105; x_wconf 80' lang='grc' dir='ltr'><strong>τὴν</strong></span> <span class='ocrx_word' id='word_1_178' title='bbox 3520 1037 3769 1105; x_wconf 76' lang='grc' dir='ltr'>ἡμέραν,</span> 
     </span>
    </p>
   </div>
   <div class='ocr_carea' id='block_1_27' title="bbox 2190 1128 3769 1201">
    <p class='ocr_par' dir='ltr' id='par_1_27' title="bbox 2190 1128 3769 1201">
     <span class='ocr_line' id='line_1_27' title="bbox 2190 1128 3769 1201; baseline -0.001 -17"><span class='ocrx_word' id='word_1_179' title='bbox 2190 1130 2589 1201; x_wconf 74' lang='grc' dir='ltr'><strong>ἐλογίσθημεν</strong></span> <span class='ocrx_word' id='word_1_180' title='bbox 2639 1131 2720 1197; x_wconf 88' lang='grc' dir='ltr'>ὡς</span> <span class='ocrx_word' id='word_1_181' title='bbox 2768 1132 3031 1199; x_wconf 79' lang='grc' dir='ltr'>πρόϐατα</span> <span class='ocrx_word' id='word_1_182' title='bbox 3072 1128 3350 1201; x_wconf 62' lang='grc' dir='ltr'>σφαγῆς,</span> <span class='ocrx_word' id='word_1_183' title='bbox 3397 1147 3451 1181; x_wconf 90' lang='grc' dir='ltr'>κ.</span> <span class='ocrx_word' id='word_1_184' title='bbox 3497 1146 3546 1183; x_wconf 91' lang='grc' dir='ltr'>τ.</span> <span class='ocrx_word' id='word_1_185' title='bbox 3594 1131 3642 1183; x_wconf 82' lang='grc' dir='ltr'><strong>ὲ.</strong></span> <span class='ocrx_word' id='word_1_186' title='bbox 3712 1129 3769 1182; x_wconf 89' lang='lat'><strong>&#39;0</strong></span> 
     </span>
    </p>
   </div>
   <div class='ocr_carea' id='block_1_28' title="bbox 2192 1219 3773 1293">
    <p class='ocr_par' dir='ltr' id='par_1_28' title="bbox 2192 1219 3773 1293">
     <span class='ocr_line' id='line_1_28' title="bbox 2192 1219 3773 1293; baseline -0.001 -19"><span class='ocrx_word' id='word_1_187' title='bbox 2192 1221 2404 1285; x_wconf 82' lang='grc' dir='ltr'>Παὺλός</span> <span class='ocrx_word' id='word_1_188' title='bbox 2448 1238 2580 1291; x_wconf 88' lang='grc' dir='ltr'>φησι</span> <span class='ocrx_word' id='word_1_189' title='bbox 2624 1220 2765 1292; x_wconf 85' lang='grc'>(26)·</span> <span class='ocrx_word' id='word_1_190' title='bbox 2820 1240 2837 1273; x_wconf 85' lang='grc' dir='ltr'><strong>ι</strong></span> <span class='ocrx_word' id='word_1_191' title='bbox 2903 1221 3042 1275; x_wconf 79' lang='grc' dir='ltr'>Καθ’</span> <span class='ocrx_word' id='word_1_192' title='bbox 3074 1221 3287 1293; x_wconf 79' lang='grc' dir='ltr'><strong>ἡμέραν</strong></span> <span class='ocrx_word' id='word_1_193' title='bbox 3321 1219 3668 1289; x_wconf 71' lang='grc' dir='ltr'><strong>ἀποθνήσκω,</strong></span> <span class='ocrx_word' id='word_1_194' title='bbox 3702 1219 3773 1288; x_wconf 75' lang='grc' dir='ltr'>νὴ</span> 
     </span>
    </p>
   </div>
   <div class='ocr_carea' id='block_1_29' title="bbox 2190 1312 3763 1386">
    <p class='ocr_par' dir='ltr' id='par_1_29' title="bbox 2190 1312 3763 1386">
     <span class='ocr_line' id='line_1_29' title="bbox 2190 1312 3763 1386; baseline 0 -19"><span class='ocrx_word' id='word_1_195' title='bbox 2190 1314 2287 1386; x_wconf 84' lang='grc' dir='ltr'>τὴν</span> <span class='ocrx_word' id='word_1_196' title='bbox 2314 1314 2583 1386; x_wconf 79' lang='grc' dir='ltr'><strong>ὑμετέραν</strong></span> <span class='ocrx_word' id='word_1_197' title='bbox 2604 1313 2894 1385; x_wconf 83' lang='grc' dir='ltr'><strong>καύχησιν,</strong></span> <span class='ocrx_word' id='word_1_198' title='bbox 2927 1315 2993 1386; x_wconf 75' lang='grc' dir='ltr'>ἢν</span> <span class='ocrx_word' id='word_1_199' title='bbox 3022 1315 3128 1386; x_wconf 75' lang='grc' dir='ltr'>ἔχω</span> <span class='ocrx_word' id='word_1_200' title='bbox 3148 1316 3205 1368; x_wconf 85' lang='grc' dir='ltr'>ὲν</span> <span class='ocrx_word' id='word_1_201' title='bbox 3239 1314 3457 1385; x_wconf 79' lang='grc' dir='ltr'>Χριστῷ</span> <span class='ocrx_word' id='word_1_202' title='bbox 3504 1312 3698 1385; x_wconf 81' lang='grc' dir='ltr'>Ἰησοῦ.</span> <span class='ocrx_word' id='word_1_203' title='bbox 3742 1333 3763 1367; x_wconf 75' lang='grc' dir='ltr'><strong>ι</strong></span> 
     </span>
    </p>
   </div>
   <div class='ocr_carea' id='block_1_30' title="bbox 2190 1403 3772 1477">
    <p class='ocr_par' dir='ltr' id='par_1_30' title="bbox 2190 1403 3772 1477">
     <span class='ocr_line' id='line_1_30' title="bbox 2190 1403 3772 1477; baseline -0.001 -19"><span class='ocrx_word' id='word_1_204' title='bbox 2190 1404 2290 1459; x_wconf 90' lang='grc' dir='ltr'>Διά</span> <span class='ocrx_word' id='word_1_205' title='bbox 2311 1405 2364 1457; x_wconf 86' lang='grc' dir='ltr'><strong>τί</strong></span> <span class='ocrx_word' id='word_1_206' title='bbox 2395 1405 2450 1458; x_wconf 78' lang='grc' dir='ltr'>δέ</span> <span class='ocrx_word' id='word_1_207' title='bbox 2468 1423 2652 1477; x_wconf 86' lang='grc' dir='ltr'>φησιν,</span> <span class='ocrx_word' id='word_1_208' title='bbox 2696 1423 2714 1456; x_wconf 83' lang='grc' dir='ltr'><strong>ι</strong></span> <span class='ocrx_word' id='word_1_209' title='bbox 2744 1406 2909 1459; x_wconf 71' lang='grc' dir='ltr'>ἕνεκα</span> <span class='ocrx_word' id='word_1_210' title='bbox 2942 1405 3032 1461; x_wconf 77' lang='grc' dir='ltr'>σοῦ</span> <span class='ocrx_word' id='word_1_211' title='bbox 3059 1423 3073 1471; x_wconf 91' lang='grc'>;</span> <span class='ocrx_word' id='word_1_212' title='bbox 3117 1425 3135 1458; x_wconf 78' lang='grc' dir='ltr'><strong>ι</strong></span> <span class='ocrx_word' id='word_1_213' title='bbox 3180 1407 3304 1458; x_wconf 74' lang='grc' dir='ltr'>Ὀτι</span> <span class='ocrx_word' id='word_1_214' title='bbox 3339 1403 3465 1474; x_wconf 78' lang='grc' dir='ltr'><strong>ὲξῆν</strong></span> <span class='ocrx_word' id='word_1_215' title='bbox 3493 1406 3626 1475; x_wconf 82' lang='grc' dir='ltr'>ἡμῖν</span> <span class='ocrx_word' id='word_1_216' title='bbox 3671 1423 3772 1475; x_wconf 82' lang='grc' dir='ltr'>με-</span> 
     </span>
    </p>
   </div>
   <div class='ocr_carea' id='block_1_31' title="bbox 2190 1494 3770 1569">
    <p class='ocr_par' dir='ltr' id='par_1_31' title="bbox 2190 1494 3770 1569">
     <span class='ocr_line' id='line_1_31' title="bbox 2190 1494 3770 1569; baseline 0 -20"><span class='ocrx_word' id='word_1_217' title='bbox 2190 1494 2524 1560; x_wconf 80' lang='grc' dir='ltr'>τατάξασθαι</span> <span class='ocrx_word' id='word_1_218' title='bbox 2546 1497 2638 1550; x_wconf 78' lang='grc' dir='ltr'><strong>καὶ</strong></span> <span class='ocrx_word' id='word_1_219' title='bbox 2671 1498 2887 1566; x_wconf 89' lang='grc' dir='ltr'>ἀφεῖναι</span> <span class='ocrx_word' id='word_1_220' title='bbox 2912 1497 3011 1568; x_wconf 77' lang='grc' dir='ltr'>τὴν</span> <span class='ocrx_word' id='word_1_221' title='bbox 3042 1497 3299 1569; x_wconf 77' lang='grc' dir='ltr'><strong>πατρῴαν</strong></span> <span class='ocrx_word' id='word_1_222' title='bbox 3334 1497 3607 1551; x_wconf 77' lang='grc' dir='ltr'>πολιτείαν</span> <span class='ocrx_word' id='word_1_223' title='bbox 3628 1537 3643 1561; x_wconf 89' lang='grc'><strong>,</strong></span> <span class='ocrx_word' id='word_1_224' title='bbox 3671 1498 3770 1551; x_wconf 73' lang='grc' dir='ltr'>καὶ</span> 
     </span>
    </p>
   </div>
   <div class='ocr_carea' id='block_1_32' title="bbox 2190 1584 3767 1659">
    <p class='ocr_par' dir='ltr' id='par_1_32' title="bbox 2190 1584 3767 1659">
     <span class='ocr_line' id='line_1_32' title="bbox 2190 1584 3767 1659; baseline 0 -19"><span class='ocrx_word' id='word_1_225' title='bbox 2190 1584 2327 1642; x_wconf 82' lang='grc' dir='ltr'>εἶναι</span> <span class='ocrx_word' id='word_1_226' title='bbox 2354 1590 2411 1642; x_wconf 82' lang='grc' dir='ltr'><strong>ἐν</strong></span> <span class='ocrx_word' id='word_1_227' title='bbox 2454 1588 2753 1658; x_wconf 76' lang='grc' dir='ltr'>ἀσφαλείᾳο</span> <span class='ocrx_word' id='word_1_228' title='bbox 2784 1587 2899 1641; x_wconf 77' lang='grc' dir='ltr'>ἀλλ’</span> <span class='ocrx_word' id='word_1_229' title='bbox 2953 1587 3255 1658; x_wconf 76' lang='grc' dir='ltr'>αἱρούμεθα</span> <span class='ocrx_word' id='word_1_230' title='bbox 3307 1590 3534 1659; x_wconf 79' lang='grc' dir='ltr'>πάσχειν</span> <span class='ocrx_word' id='word_1_231' title='bbox 3581 1588 3767 1652; x_wconf 77' lang='grc' dir='ltr'>κακῶς</span> 
     </span>
    </p>
   </div>
   <div class='ocr_carea' id='block_1_33' title="bbox 2194 1677 3765 1751">
    <p class='ocr_par' dir='ltr' id='par_1_33' title="bbox 2194 1677 3765 1751">
     <span class='ocr_line' id='line_1_33' title="bbox 2194 1677 3765 1751; baseline -0.001 -18"><span class='ocrx_word' id='word_1_232' title='bbox 2194 1680 2395 1751; x_wconf 82' lang='grc' dir='ltr'>μᾶλλον</span> <span class='ocrx_word' id='word_1_233' title='bbox 2420 1680 2510 1732; x_wconf 67' lang='grc' dir='ltr'>καὶ</span> <span class='ocrx_word' id='word_1_234' title='bbox 2542 1679 2611 1732; x_wconf 78' lang='grc' dir='ltr'>τὰ</span> <span class='ocrx_word' id='word_1_235' title='bbox 2644 1677 2873 1750; x_wconf 80' lang='grc' dir='ltr'>πατρῷα</span> <span class='ocrx_word' id='word_1_236' title='bbox 2911 1679 3219 1748; x_wconf 77' lang='grc' dir='ltr'><strong>φυλάττειν,</strong></span> <span class='ocrx_word' id='word_1_237' title='bbox 3268 1680 3300 1750; x_wconf 80' lang='grc' dir='ltr'><strong>ἢ</strong></span> <span class='ocrx_word' id='word_1_238' title='bbox 3350 1682 3570 1751; x_wconf 77' lang='grc' dir='ltr'><strong>εἰρήνης</strong></span> <span class='ocrx_word' id='word_1_239' title='bbox 3628 1682 3765 1733; x_wconf 83' lang='grc' dir='ltr'>ἀπο-</span> 
     </span>
    </p>
   </div>
   <div class='ocr_carea' id='block_1_34' title="bbox 522 1749 2093 1842">
    <p class='ocr_par' dir='ltr' id='par_1_34' title="bbox 522 1766 2087 1842">
     <span class='ocr_line' id='line_1_34' title="bbox 522 1766 2087 1842; baseline 0 -21"><span class='ocrx_word' id='word_1_240' title='bbox 522 1773 712 1842; x_wconf 82' lang='lat' dir='ltr'><strong>Operae</strong></span> <span class='ocrx_word' id='word_1_241' title='bbox 755 1772 985 1841; x_wconf 85' lang='lat' dir='ltr'><strong>pretium</strong></span> <span class='ocrx_word' id='word_1_242' title='bbox 1026 1777 1111 1823; x_wconf 87' lang='lat' dir='ltr'><strong>est</strong></span> <span class='ocrx_word' id='word_1_243' title='bbox 1156 1766 1418 1821; x_wconf 89' lang='lat' dir='ltr'><strong>admirari</strong></span> <span class='ocrx_word' id='word_1_244' title='bbox 1469 1766 1558 1820; x_wconf 91' lang='lat' dir='ltr'><strong>Dei</strong></span> <span class='ocrx_word' id='word_1_245' title='bbox 1617 1767 1896 1830; x_wconf 76' lang='lat' dir='ltr'><strong>virtutem,</strong></span> <span class='ocrx_word' id='word_1_246' title='bbox 1949 1781 2087 1835; x_wconf 87' lang='lat' dir='ltr'><strong>quo-</strong></span> 
     </span>
    </p>
   </div>
   <div class='ocr_carea' id='block_1_35' title="bbox 2194 1749 3770 1842">
    <p class='ocr_par' dir='ltr' id='par_1_35' title="bbox 2194 1770 3770 1841">
     <span class='ocr_line' id='line_1_35' title="bbox 2194 1770 3770 1841; baseline -0.001 -17"><span class='ocrx_word' id='word_1_247' title='bbox 2194 1771 2374 1826; x_wconf 83' lang='grc' dir='ltr'>λαὺειν</span> <span class='ocrx_word' id='word_1_248' title='bbox 2395 1774 2490 1825; x_wconf 67' lang='grc' dir='ltr'>καὶ</span> <span class='ocrx_word' id='word_1_249' title='bbox 2517 1772 2626 1825; x_wconf 82' lang='grc' dir='ltr'><strong>τῶν</strong></span> <span class='ocrx_word' id='word_1_250' title='bbox 2661 1770 2927 1841; x_wconf 79' lang='grc' dir='ltr'><strong>πατρῴων</strong></span> <span class='ocrx_word' id='word_1_251' title='bbox 2962 1774 3235 1826; x_wconf 71' lang='grc' dir='ltr'>ἐκπεσεῖν.</span> <span class='ocrx_word' id='word_1_252' title='bbox 3258 1771 3440 1835; x_wconf 80' lang='grc' dir='ltr'>Ἀξιον</span> <span class='ocrx_word' id='word_1_253' title='bbox 3492 1770 3770 1840; x_wconf 77' lang='grc' dir='ltr'>ἐκπλαγῆ-</span> 
     </span>
    </p>
   </div>
   <div class='ocr_carea' id='block_1_36' title="bbox 525 1858 2090 1930">
    <p class='ocr_par' dir='ltr' id='par_1_36' title="bbox 525 1858 2090 1930">
     <span class='ocr_line' id='line_1_36' title="bbox 525 1858 2090 1930; baseline -0.003 -13"><span class='ocrx_word' id='word_1_254' title='bbox 525 1867 665 1918; x_wconf 87' lang='lat' dir='ltr'><strong>niam</strong></span> <span class='ocrx_word' id='word_1_255' title='bbox 693 1864 764 1917; x_wconf 89' lang='lat' dir='ltr'><strong>ita</strong></span> <span class='ocrx_word' id='word_1_256' title='bbox 795 1870 1138 1930; x_wconf 88' lang='lat' dir='ltr'><strong>comparatos</strong></span> <span class='ocrx_word' id='word_1_257' title='bbox 1168 1859 1415 1914; x_wconf 89' lang='lat' dir='ltr'><strong>homines</strong></span> <span class='ocrx_word' id='word_1_258' title='bbox 1446 1858 1588 1912; x_wconf 89' lang='lat' dir='ltr'><strong>sicut</strong></span> <span class='ocrx_word' id='word_1_259' title='bbox 1625 1872 1756 1912; x_wconf 86' lang='lat' dir='ltr'><strong>oves</strong></span> <span class='ocrx_word' id='word_1_260' title='bbox 1800 1858 2090 1912; x_wconf 84' lang='lat' dir='ltr'><strong>occisionis</strong></span> 
     </span>
    </p>
   </div>
   <div class='ocr_carea' id='block_1_37' title="bbox 522 1938 2090 2019">
    <p class='ocr_par' dir='ltr' id='par_1_37' title="bbox 522 1938 2090 2019">
     <span class='ocr_line' id='line_1_37' title="bbox 522 1938 2090 2019; baseline -0.002 -14"><span class='ocrx_word' id='word_1_261' title='bbox 522 1938 776 2016; x_wconf 76' lang='lat' dir='ltr'><strong>servavit,</strong></span> <span class='ocrx_word' id='word_1_262' title='bbox 829 1958 882 2004; x_wconf 93' lang='lat' dir='ltr'><strong>et</strong></span> <span class='ocrx_word' id='word_1_263' title='bbox 928 1948 1171 2019; x_wconf 83' lang='lat' dir='ltr'><strong>quotidie</strong></span> <span class='ocrx_word' id='word_1_264' title='bbox 1213 1949 1508 2004; x_wconf 86' lang='lat' dir='ltr'><strong>morientes</strong></span> <span class='ocrx_word' id='word_1_265' title='bbox 1561 1963 1674 2003; x_wconf 92' lang='lat' dir='ltr'><strong>non</strong></span> <span class='ocrx_word' id='word_1_266' title='bbox 1733 1949 1981 2019; x_wconf 87' lang='lat' dir='ltr'><strong>permisit</strong></span> <span class='ocrx_word' id='word_1_267' title='bbox 2036 1948 2090 2002; x_wconf 90' lang='lat' dir='ltr'><strong>in</strong></span> 
     </span>
    </p>
   </div>
   <div class='ocr_carea' id='block_1_38' title="bbox 523 2040 1033 2096">
    <p class='ocr_par' dir='ltr' id='par_1_38' title="bbox 523 2040 1033 2096">
     <span class='ocr_line' id='line_1_38' title="bbox 523 2040 1033 2096; baseline -0.008 -1"><span class='ocrx_word' id='word_1_268' title='bbox 523 2052 751 2096; x_wconf 86' lang='lat' dir='ltr'><strong>mortem</strong></span> <span class='ocrx_word' id='word_1_269' title='bbox 779 2040 1033 2095; x_wconf 87' lang='lat' dir='ltr'><strong>incidere.</strong></span> 
     </span>
    </p>
   </div>
   <div class='ocr_carea' id='block_1_39' title="bbox 590 2127 2093 2201">
    <p class='ocr_par' dir='ltr' id='par_1_39' title="bbox 590 2127 2093 2201">
     <span class='ocr_line' id='line_1_39' title="bbox 590 2127 2093 2201; baseline -0.004 -14"><span class='ocrx_word' id='word_1_270' title='bbox 590 2131 755 2187; x_wconf 75' lang='lat' dir='ltr'><strong>Vens.</strong></span> <span class='ocrx_word' id='word_1_271' title='bbox 807 2132 900 2186; x_wconf 78' lang='grc'><strong>25.</strong></span> <span class='ocrx_word' id='word_1_272' title='bbox 952 2130 1215 2201; x_wconf 68' lang='lat' dir='ltr'><strong>Exsurge,</strong></span> <span class='ocrx_word' id='word_1_273' title='bbox 1269 2146 1431 2201; x_wconf 82' lang='lat' dir='ltr'><strong>quare</strong></span> <span class='ocrx_word' id='word_1_274' title='bbox 1477 2130 1766 2196; x_wconf 81' lang='lat' dir='ltr'><strong>obdormis,</strong></span> <span class='ocrx_word' id='word_1_275' title='bbox 1822 2127 2093 2182; x_wconf 80' lang='lat' dir='ltr'><strong>Domine?</strong></span> 
     </span>
    </p>
   </div>
   <div class='ocr_carea' id='block_1_40' title="bbox 524 2222 2089 2294">
    <p class='ocr_par' dir='ltr' id='par_1_40' title="bbox 524 2222 2089 2294">
     <span class='ocr_line' id='line_1_40' title="bbox 524 2222 2089 2294; baseline -0.001 -16"><span class='ocrx_word' id='word_1_276' title='bbox 524 2226 785 2280; x_wconf 78' lang='lat' dir='ltr'><strong>Dormivit</strong></span> <span class='ocrx_word' id='word_1_277' title='bbox 808 2225 1098 2294; x_wconf 86' lang='lat' dir='ltr'><strong>aliquando</strong></span> <span class='ocrx_word' id='word_1_278' title='bbox 1123 2222 1282 2279; x_wconf 77' lang='lat' dir='ltr'><strong>Jesus</strong></span> <span class='ocrx_word' id='word_1_279' title='bbox 1310 2225 1363 2278; x_wconf 92' lang='lat' dir='ltr'><strong>in</strong></span> <span class='ocrx_word' id='word_1_280' title='bbox 1397 2224 1645 2279; x_wconf 86' lang='lat' dir='ltr'><strong>navicula</strong></span> <span class='ocrx_word' id='word_1_281' title='bbox 1672 2222 2089 2293; x_wconf 88' lang='lat' dir='ltr'><strong>discipulorum,</strong></span> 
     </span>
    </p>
   </div>
   <div class='ocr_carea' id='block_1_41' title="bbox 520 2314 2093 2384">
    <p class='ocr_par' dir='ltr' id='par_1_41' title="bbox 520 2314 2093 2384">
     <span class='ocr_line' id='line_1_41' title="bbox 520 2314 2093 2384; baseline -0.001 -15"><span class='ocrx_word' id='word_1_282' title='bbox 520 2319 616 2372; x_wconf 74' lang='lat' dir='ltr'><strong>sed</strong></span> <span class='ocrx_word' id='word_1_283' title='bbox 650 2317 1027 2372; x_wconf 88' lang='lat' dir='ltr'><strong>vehementius</strong></span> <span class='ocrx_word' id='word_1_284' title='bbox 1060 2317 1302 2369; x_wconf 90' lang='lat' dir='ltr'><strong>irruente</strong></span> <span class='ocrx_word' id='word_1_285' title='bbox 1333 2324 1503 2371; x_wconf 89' lang='lat' dir='ltr'><strong>vento</strong></span> <span class='ocrx_word' id='word_1_286' title='bbox 1542 2314 1791 2384; x_wconf 88' lang='lat' dir='ltr'><strong>discipuli</strong></span> <span class='ocrx_word' id='word_1_287' title='bbox 1827 2328 1948 2367; x_wconf 87' lang='lat' dir='ltr'><strong>eum</strong></span> <span class='ocrx_word' id='word_1_288' title='bbox 1997 2329 2093 2367; x_wconf 81' lang='lat' dir='ltr'><strong>ex-</strong></span> 
     </span>
    </p>
   </div>
   <div class='ocr_carea' id='block_1_42' title="bbox 521 2404 2092 2475">
    <p class='ocr_par' dir='ltr' id='par_1_42' title="bbox 521 2404 2092 2475">
     <span class='ocr_line' id='line_1_42' title="bbox 521 2404 2092 2475; baseline 0 -16"><span class='ocrx_word' id='word_1_289' title='bbox 521 2410 759 2461; x_wconf 70' lang='lat' dir='ltr'><strong>ritartlttl</strong></span> <span class='ocrx_word' id='word_1_290' title='bbox 800 2420 816 2459; x_wconf 92' lang='lat'><strong>:</strong></span> <span class='ocrx_word' id='word_1_291' title='bbox 864 2407 1062 2475; x_wconf 88' lang='lat' dir='ltr'><strong>quibus</strong></span> <span class='ocrx_word' id='word_1_292' title='bbox 1128 2405 1421 2471; x_wconf 88' lang='lat' dir='ltr'><strong>docemur,</strong></span> <span class='ocrx_word' id='word_1_293' title='bbox 1477 2414 1534 2459; x_wconf 91' lang='lat' dir='ltr'><strong>ut</strong></span> <span class='ocrx_word' id='word_1_294' title='bbox 1589 2416 1781 2460; x_wconf 81' lang='lat' dir='ltr'><strong>exorta</strong></span> <span class='ocrx_word' id='word_1_295' title='bbox 1830 2406 1882 2460; x_wconf 89' lang='lat' dir='ltr'><strong>in</strong></span> <span class='ocrx_word' id='word_1_296' title='bbox 1936 2404 2092 2459; x_wconf 86' lang='lat' dir='ltr'><strong>nobis</strong></span> 
     </span>
    </p>
   </div>
   <div class='ocr_carea' id='block_1_43' title="bbox 523 2496 2091 2566">
    <p class='ocr_par' dir='ltr' id='par_1_43' title="bbox 523 2496 2091 2566">
     <span class='ocr_line' id='line_1_43' title="bbox 523 2496 2091 2566; baseline -0.001 -17"><span class='ocrx_word' id='word_1_297' title='bbox 523 2500 640 2561; x_wconf 72' lang='lat' dir='ltr'><strong>irae,</strong></span> <span class='ocrx_word' id='word_1_298' title='bbox 689 2497 773 2551; x_wconf 88' lang='lat' dir='ltr'><strong>vel</strong></span> <span class='ocrx_word' id='word_1_299' title='bbox 815 2496 1112 2564; x_wconf 69' lang='lat' dir='ltr'><strong>iniustitiae,</strong></span> <span class='ocrx_word' id='word_1_300' title='bbox 1149 2497 1233 2550; x_wconf 86' lang='lat' dir='ltr'><strong>vel</strong></span> <span class='ocrx_word' id='word_1_301' title='bbox 1265 2496 1421 2566; x_wconf 61' lang='lat' dir='ltr'><strong>gula),</strong></span> <span class='ocrx_word' id='word_1_302' title='bbox 1455 2496 1537 2551; x_wconf 89' lang='lat' dir='ltr'><strong>vel</strong></span> <span class='ocrx_word' id='word_1_303' title='bbox 1585 2496 1849 2565; x_wconf 69' lang='lat' dir='ltr'><strong>superbia:</strong></span> <span class='ocrx_word' id='word_1_304' title='bbox 1883 2505 2091 2564; x_wconf 76' lang='lat' dir='ltr'><strong>tempe-</strong></span> 
     </span>
    </p>
   </div>
   <div class='ocr_carea' id='block_1_44' title="bbox 523 2589 2091 2658">
    <p class='ocr_par' dir='ltr' id='par_1_44' title="bbox 523 2589 2091 2658">
     <span class='ocr_line' id='line_1_44' title="bbox 523 2589 2091 2658; baseline 0.001 -16"><span class='ocrx_word' id='word_1_305' title='bbox 523 2604 688 2656; x_wconf 72' lang='lat' dir='ltr'><strong>state,</strong></span> <span class='ocrx_word' id='word_1_306' title='bbox 750 2592 1052 2646; x_wconf 79' lang='lat' dir='ltr'><strong>excitemus</strong></span> <span class='ocrx_word' id='word_1_307' title='bbox 1099 2590 1463 2652; x_wconf 85' lang='lat' dir='ltr'><strong>cbaritatem,</strong></span> <span class='ocrx_word' id='word_1_308' title='bbox 1506 2589 1798 2658; x_wconf 86' lang='lat' dir='ltr'><strong>justitiam,</strong></span> <span class='ocrx_word' id='word_1_309' title='bbox 1863 2590 2091 2643; x_wconf 84' lang='lat' dir='ltr'><strong>castita-</strong></span> 
     </span>
    </p>
   </div>
   <div class='ocr_carea' id='block_1_45' title="bbox 524 2678 2094 2751">
    <p class='ocr_par' dir='ltr' id='par_1_45' title="bbox 524 2678 2094 2751">
     <span class='ocr_line' id='line_1_45' title="bbox 524 2678 2094 2751; baseline -0.001 -15"><span class='ocrx_word' id='word_1_310' title='bbox 524 2695 652 2745; x_wconf 83' lang='lat' dir='ltr'><strong>tem,</strong></span> <span class='ocrx_word' id='word_1_311' title='bbox 701 2681 1138 2751; x_wconf 84' lang='lat' dir='ltr'><strong>temperantiam,</strong></span> <span class='ocrx_word' id='word_1_312' title='bbox 1192 2678 1581 2743; x_wconf 87' lang='lat' dir='ltr'><strong>humilitatem,</strong></span> <span class='ocrx_word' id='word_1_313' title='bbox 1646 2679 1958 2746; x_wconf 85' lang='lat' dir='ltr'><strong>scientiam,</strong></span> <span class='ocrx_word' id='word_1_314' title='bbox 2005 2694 2094 2735; x_wconf 81' lang='lat' dir='ltr'><strong>sa-</strong></span> 
     </span>
    </p>
   </div>
   <div class='ocr_carea' id='block_1_46' title="bbox 524 2772 805 2840">
    <p class='ocr_par' dir='ltr' id='par_1_46' title="bbox 524 2772 805 2840">
     <span class='ocr_line' id='line_1_46' title="bbox 524 2772 805 2840; baseline 0 -16"><span class='ocrx_word' id='word_1_315' title='bbox 524 2772 805 2840; x_wconf 77' lang='lat' dir='ltr'><strong>pietttiam.</strong></span> 
     </span>
    </p>
   </div>
   <div class='ocr_carea' id='block_1_47' title="bbox 594 2860 2090 2932">
    <p class='ocr_par' dir='ltr' id='par_1_47' title="bbox 594 2860 2090 2932">
     <span class='ocr_line' id='line_1_47' title="bbox 594 2860 2090 2932; baseline -0.001 -13"><span class='ocrx_word' id='word_1_316' title='bbox 594 2864 759 2919; x_wconf 75' lang='lat' dir='ltr'><strong>Vens.</strong></span> <span class='ocrx_word' id='word_1_317' title='bbox 799 2862 892 2920; x_wconf 85' lang='grc'><strong>26.</strong></span> <span class='ocrx_word' id='word_1_318' title='bbox 933 2860 1195 2932; x_wconf 72' lang='lat' dir='ltr'><strong>Exsurge,</strong></span> <span class='ocrx_word' id='word_1_319' title='bbox 1228 2862 1467 2928; x_wconf 86' lang='lat' dir='ltr'><strong>Domine,</strong></span> <span class='ocrx_word' id='word_1_320' title='bbox 1498 2862 1692 2931; x_wconf 69' lang='lat' dir='ltr'><strong>adjlva</strong></span> <span class='ocrx_word' id='word_1_321' title='bbox 1744 2879 1882 2928; x_wconf 86' lang='lat' dir='ltr'><strong>nos;</strong></span> <span class='ocrx_word' id='word_1_322' title='bbox 1913 2873 1960 2916; x_wconf 84' lang='lat' dir='ltr'><strong>et</strong></span> <span class='ocrx_word' id='word_1_323' title='bbox 2005 2879 2090 2917; x_wconf 83' lang='lat' dir='ltr'><strong>re-</strong></span> 
     </span>
    </p>
   </div>
   <div class='ocr_carea' id='block_1_48' title="bbox 521 2954 2091 3024">
    <p class='ocr_par' dir='ltr' id='par_1_48' title="bbox 521 2954 2091 3024">
     <span class='ocr_line' id='line_1_48' title="bbox 521 2954 2091 3024; baseline 0.001 -17"><span class='ocrx_word' id='word_1_324' title='bbox 521 2957 659 3008; x_wconf 67' lang='lat' dir='ltr'><strong>dime</strong></span> <span class='ocrx_word' id='word_1_325' title='bbox 690 2971 781 3009; x_wconf 88' lang='lat' dir='ltr'><strong>nos</strong></span> <span class='ocrx_word' id='word_1_326' title='bbox 814 2964 1026 3023; x_wconf 83' lang='lat' dir='ltr'><strong>propter</strong></span> <span class='ocrx_word' id='word_1_327' title='bbox 1070 2970 1257 3008; x_wconf 80' lang='lat' dir='ltr'><strong>nomen</strong></span> <span class='ocrx_word' id='word_1_328' title='bbox 1290 2965 1461 3018; x_wconf 85' lang='lat' dir='ltr'><strong>tuum,</strong></span> <span class='ocrx_word' id='word_1_329' title='bbox 1502 2964 1611 3008; x_wconf 92' lang='lat' dir='ltr'><strong>etc.</strong></span> <span class='ocrx_word' id='word_1_330' title='bbox 1660 2954 1785 3009; x_wconf 67' lang='lat' dir='ltr'><strong>Hate</strong></span> <span class='ocrx_word' id='word_1_331' title='bbox 1824 2955 1930 3008; x_wconf 82' lang='lat' dir='ltr'><strong>dici</strong></span> <span class='ocrx_word' id='word_1_332' title='bbox 1963 2970 2091 3024; x_wconf 87' lang='lat' dir='ltr'><strong>pos-</strong></span> 
     </span>
    </p>
   </div>
   <div class='ocr_carea' id='block_1_49' title="bbox 525 3046 2163 3137">
    <p class='ocr_par' dir='ltr' id='par_1_49' title="bbox 525 3046 2163 3137">
     <span class='ocr_line' id='line_1_49' title="bbox 525 3046 2163 3137; baseline -0.001 -39"><span class='ocrx_word' id='word_1_333' title='bbox 525 3055 647 3099; x_wconf 74' lang='lat' dir='ltr'><strong>sunt</strong></span> <span class='ocrx_word' id='word_1_334' title='bbox 676 3047 743 3100; x_wconf 90' lang='lat' dir='ltr'><strong>ad</strong></span> <span class='ocrx_word' id='word_1_335' title='bbox 771 3046 1105 3100; x_wconf 84' lang='lat' dir='ltr'><strong>Salvatorem</strong></span> <span class='ocrx_word' id='word_1_336' title='bbox 1148 3046 1202 3100; x_wconf 88' lang='lat' dir='ltr'><strong>iu</strong></span> <span class='ocrx_word' id='word_1_337' title='bbox 1242 3048 1406 3101; x_wconf 89' lang='lat' dir='ltr'><strong>corde</strong></span> <span class='ocrx_word' id='word_1_338' title='bbox 1458 3056 1619 3101; x_wconf 78' lang='lat' dir='ltr'><strong>terra:</strong></span> <span class='ocrx_word' id='word_1_339' title='bbox 1660 3056 2088 3102; x_wconf 82' lang='lat' dir='ltr'><strong>commorantem</strong></span> <span class='ocrx_word' id='word_1_340' title='bbox 2119 3077 2163 3137; x_wconf 63' lang='grc' dir='ltr'>Ο</span> 
     </span>
    </p>
   </div>
   <div class='ocr_carea' id='block_1_50' title="bbox 523 3136 2093 3207">
    <p class='ocr_par' dir='ltr' id='par_1_50' title="bbox 523 3136 2093 3207">
     <span class='ocr_line' id='line_1_50' title="bbox 523 3136 2093 3207; baseline -0.001 -17"><span class='ocrx_word' id='word_1_341' title='bbox 523 3148 766 3207; x_wconf 79' lang='lat' dir='ltr'><strong>tempore</strong></span> <span class='ocrx_word' id='word_1_342' title='bbox 792 3136 1058 3205; x_wconf 89' lang='lat' dir='ltr'><strong>passionis</strong></span> <span class='ocrx_word' id='word_1_343' title='bbox 1086 3153 1100 3189; x_wconf 86' lang='lat'><strong>:</strong></span> <span class='ocrx_word' id='word_1_344' title='bbox 1132 3136 1224 3203; x_wconf 91' lang='lat' dir='ltr'><strong>qui</strong></span> <span class='ocrx_word' id='word_1_345' title='bbox 1253 3151 1377 3190; x_wconf 87' lang='lat' dir='ltr'><strong>cum</strong></span> <span class='ocrx_word' id='word_1_346' title='bbox 1409 3137 1645 3189; x_wconf 90' lang='lat' dir='ltr'><strong>animam</strong></span> <span class='ocrx_word' id='word_1_347' title='bbox 1687 3151 1840 3190; x_wconf 87' lang='lat' dir='ltr'><strong>suam</strong></span> <span class='ocrx_word' id='word_1_348' title='bbox 1884 3137 2093 3191; x_wconf 87' lang='lat' dir='ltr'><strong>dederit</strong></span> 
     </span>
    </p>
   </div>
   <div class='ocr_carea' id='block_1_51' title="bbox 526 3228 2090 3301">
    <p class='ocr_par' dir='ltr' id='par_1_51' title="bbox 526 3228 2090 3301">
     <span class='ocr_line' id='line_1_51' title="bbox 526 3228 2090 3301; baseline 0.001 -18"><span class='ocrx_word' id='word_1_349' title='bbox 526 3229 951 3299; x_wconf 86' lang='lat' dir='ltr'><strong>redemptionem</strong></span> <span class='ocrx_word' id='word_1_350' title='bbox 984 3244 1081 3300; x_wconf 76' lang='lat' dir='ltr'><strong>pro</strong></span> <span class='ocrx_word' id='word_1_351' title='bbox 1108 3228 1308 3295; x_wconf 91' lang='lat' dir='ltr'><strong>multis,</strong></span> <span class='ocrx_word' id='word_1_352' title='bbox 1341 3228 1469 3285; x_wconf 82' lang='lat' dir='ltr'><strong>facit</strong></span> <span class='ocrx_word' id='word_1_353' title='bbox 1510 3229 1625 3285; x_wconf 68' lang='lat' dir='ltr'><strong>hare</strong></span> <span class='ocrx_word' id='word_1_354' title='bbox 1661 3244 1760 3299; x_wconf 87' lang='lat' dir='ltr'><strong>pro</strong></span> <span class='ocrx_word' id='word_1_355' title='bbox 1792 3229 1960 3301; x_wconf 78' lang='lat' dir='ltr'><strong>gloria</strong></span> <span class='ocrx_word' id='word_1_356' title='bbox 1994 3246 2090 3284; x_wconf 86' lang='lat' dir='ltr'><strong>no-</strong></span> 
     </span>
    </p>
   </div>
   <div class='ocr_carea' id='block_1_52' title="bbox 526 3337 825 3378">
    <p class='ocr_par' dir='ltr' id='par_1_52' title="bbox 526 3337 825 3378">
     <span class='ocr_line' id='line_1_52' title="bbox 526 3337 825 3378; baseline 0 -3"><span class='ocrx_word' id='word_1_357' title='bbox 526 3338 687 3378; x_wconf 78' lang='lat' dir='ltr'><strong>nutus</strong></span> <span class='ocrx_word' id='word_1_358' title='bbox 718 3337 825 3377; x_wconf 72' lang='lat' dir='ltr'><strong>Slll.</strong></span> 
     </span>
    </p>
   </div>
   <div class='ocr_carea' id='block_1_53' title="bbox 1033 3496 1576 3554">
    <p class='ocr_par' dir='ltr' id='par_1_53' title="bbox 1033 3496 1576 3554">
     <span class='ocr_line' id='line_1_53' title="bbox 1033 3496 1576 3554; baseline -0.004 0"><span class='ocrx_word' id='word_1_359' title='bbox 1033 3496 1352 3554; x_wconf 72' lang='lat' dir='ltr'><strong>PSALMUS</strong></span> <span class='ocrx_word' id='word_1_360' title='bbox 1393 3498 1576 3553; x_wconf 73' lang='lat' dir='ltr'><strong>XLIV.</strong></span> 
     </span>
    </p>
   </div>
   <div class='ocr_carea' id='block_1_54' title="bbox 595 3588 2092 3655">
    <p class='ocr_par' dir='ltr' id='par_1_54' title="bbox 595 3588 2092 3655">
     <span class='ocr_line' id='line_1_54' title="bbox 595 3588 2092 3655; baseline 0 -10"><span class='ocrx_word' id='word_1_361' title='bbox 595 3589 755 3645; x_wconf 73' lang='lat' dir='ltr'><strong>Vens.</strong></span> <span class='ocrx_word' id='word_1_362' title='bbox 776 3588 833 3643; x_wconf 84' lang='lat'><strong>2.</strong></span> <span class='ocrx_word' id='word_1_363' title='bbox 873 3589 1144 3644; x_wconf 81' lang='lat' dir='ltr'><strong>Eructavit</strong></span> <span class='ocrx_word' id='word_1_364' title='bbox 1176 3608 1266 3645; x_wconf 87' lang='lat' dir='ltr'><strong>cor</strong></span> <span class='ocrx_word' id='word_1_365' title='bbox 1290 3608 1462 3645; x_wconf 81' lang='lat' dir='ltr'><strong>nteant</strong></span> <span class='ocrx_word' id='word_1_366' title='bbox 1488 3591 1698 3645; x_wconf 84' lang='lat' dir='ltr'><strong>verbum</strong></span> <span class='ocrx_word' id='word_1_367' title='bbox 1724 3589 1939 3655; x_wconf 85' lang='lat' dir='ltr'><strong>bonum,</strong></span> <span class='ocrx_word' id='word_1_368' title='bbox 1973 3590 2092 3645; x_wconf 86' lang='lat' dir='ltr'><strong>dico</strong></span> 
     </span>
    </p>
   </div>
   <div class='ocr_carea' id='block_1_55' title="bbox 523 3683 2093 3753">
    <p class='ocr_par' dir='ltr' id='par_1_55' title="bbox 523 3683 2093 3753">
     <span class='ocr_line' id='line_1_55' title="bbox 523 3683 2093 3753; baseline 0.003 -20"><span class='ocrx_word' id='word_1_369' title='bbox 523 3697 616 3749; x_wconf 76' lang='lat' dir='ltr'><strong>ego</strong></span> <span class='ocrx_word' id='word_1_370' title='bbox 638 3698 793 3750; x_wconf 80' lang='lat' dir='ltr'><strong>opera</strong></span> <span class='ocrx_word' id='word_1_371' title='bbox 813 3700 927 3737; x_wconf 83' lang='lat' dir='ltr'><strong>mea</strong></span> <span class='ocrx_word' id='word_1_372' title='bbox 956 3685 1083 3752; x_wconf 85' lang='lat' dir='ltr'><strong>regi.</strong></span> <span class='ocrx_word' id='word_1_373' title='bbox 1108 3683 1313 3753; x_wconf 83' lang='lat' dir='ltr'><strong>Lingua</strong></span> <span class='ocrx_word' id='word_1_374' title='bbox 1340 3699 1456 3737; x_wconf 86' lang='lat' dir='ltr'><strong>meo</strong></span> <span class='ocrx_word' id='word_1_375' title='bbox 1479 3684 1714 3737; x_wconf 83' lang='lat' dir='ltr'><strong>calamus</strong></span> <span class='ocrx_word' id='word_1_376' title='bbox 1742 3684 1929 3738; x_wconf 79' lang='lat' dir='ltr'><strong>scriba:</strong></span> <span class='ocrx_word' id='word_1_377' title='bbox 1962 3684 2093 3738; x_wconf 71' lang='lat' dir='ltr'><strong>uelo-</strong></span> 
     </span>
    </p>
   </div>
   <div class='ocr_carea' id='block_1_56' title="bbox 524 3774 2087 3845">
    <p class='ocr_par' dir='ltr' id='par_1_56' title="bbox 524 3774 2087 3845">
     <span class='ocr_line' id='line_1_56' title="bbox 524 3774 2087 3845; baseline 0.001 -20"><span class='ocrx_word' id='word_1_378' title='bbox 524 3774 652 3826; x_wconf 74' lang='lat' dir='ltr'><strong>riter</strong></span> <span class='ocrx_word' id='word_1_379' title='bbox 668 3775 967 3839; x_wconf 74' lang='lat' dir='ltr'><strong>scribentis,</strong></span> <span class='ocrx_word' id='word_1_380' title='bbox 991 3784 1096 3832; x_wconf 78' lang='lat' dir='ltr'><strong>etc.</strong></span> <span class='ocrx_word' id='word_1_381' title='bbox 1129 3792 1147 3825; x_wconf 78' lang='grc' dir='ltr'><strong>ι</strong></span> <span class='ocrx_word' id='word_1_382' title='bbox 1170 3775 1449 3830; x_wconf 82' lang='lat' dir='ltr'><strong>Eructavit</strong></span> <span class='ocrx_word' id='word_1_383' title='bbox 1472 3795 1489 3827; x_wconf 73' lang='grc' dir='ltr'><strong>ι</strong></span> <span class='ocrx_word' id='word_1_384' title='bbox 1513 3777 1691 3844; x_wconf 92' lang='lat' dir='ltr'><strong>posuit</strong></span> <span class='ocrx_word' id='word_1_385' title='bbox 1708 3792 1805 3845; x_wconf 83' lang='lat' dir='ltr'><strong>pro</strong></span> <span class='ocrx_word' id='word_1_386' title='bbox 1829 3793 1847 3826; x_wconf 80' lang='grc' dir='ltr'><strong>ι</strong></span> <span class='ocrx_word' id='word_1_387' title='bbox 1868 3776 2040 3829; x_wconf 80' lang='lat' dir='ltr'><strong>dixit:</strong></span> <span class='ocrx_word' id='word_1_388' title='bbox 2068 3793 2087 3827; x_wconf 75' lang='grc' dir='ltr'><strong>ι</strong></span> 
     </span>
    </p>
   </div>
   <div class='ocr_carea' id='block_1_57' title="bbox 533 3865 2093 3937">
    <p class='ocr_par' dir='ltr' id='par_1_57' title="bbox 533 3865 2093 3937">
     <span class='ocr_line' id='line_1_57' title="bbox 533 3865 2093 3937; baseline 0.001 -20"><span class='ocrx_word' id='word_1_389' title='bbox 533 3881 630 3918; x_wconf 81' lang='lat' dir='ltr'><strong>non</strong></span> <span class='ocrx_word' id='word_1_390' title='bbox 658 3867 799 3934; x_wconf 87' lang='lat' dir='ltr'><strong>quod</strong></span> <span class='ocrx_word' id='word_1_391' title='bbox 830 3866 1001 3920; x_wconf 81' lang='lat' dir='ltr'><strong>illium</strong></span> <span class='ocrx_word' id='word_1_392' title='bbox 1032 3868 1427 3921; x_wconf 88' lang='lat' dir='ltr'><strong>eructationem</strong></span> <span class='ocrx_word' id='word_1_393' title='bbox 1462 3876 1639 3932; x_wconf 87' lang='lat' dir='ltr'><strong>vocet,</strong></span> <span class='ocrx_word' id='word_1_394' title='bbox 1670 3868 1767 3922; x_wconf 87' lang='lat' dir='ltr'><strong>sed</strong></span> <span class='ocrx_word' id='word_1_395' title='bbox 1797 3865 1942 3921; x_wconf 90' lang='lat' dir='ltr'><strong>illam</strong></span> <span class='ocrx_word' id='word_1_396' title='bbox 1974 3882 2093 3937; x_wconf 82' lang='lat' dir='ltr'><strong>quae</strong></span> 
     </span>
    </p>
   </div>
   <div class='ocr_carea' id='block_1_58' title="bbox 526 3958 2095 4029">
    <p class='ocr_par' dir='ltr' id='par_1_58' title="bbox 526 3958 2095 4029">
     <span class='ocr_line' id='line_1_58' title="bbox 526 3958 2095 4029; baseline 0.002 -21"><span class='ocrx_word' id='word_1_397' title='bbox 526 3958 589 4011; x_wconf 78' lang='lat' dir='ltr'><strong>de</strong></span> <span class='ocrx_word' id='word_1_398' title='bbox 626 3958 740 4026; x_wconf 80' lang='lat' dir='ltr'><strong>ipso</strong></span> <span class='ocrx_word' id='word_1_399' title='bbox 779 3958 856 4019; x_wconf 80' lang='lat' dir='ltr'><strong>iit,</strong></span> <span class='ocrx_word' id='word_1_400' title='bbox 889 3959 1312 4012; x_wconf 88' lang='lat' dir='ltr'><strong>enarrationem.</strong></span> <span class='ocrx_word' id='word_1_401' title='bbox 1356 3958 1592 4012; x_wconf 82' lang='lat' dir='ltr'><strong>Persona</strong></span> <span class='ocrx_word' id='word_1_402' title='bbox 1617 3974 1748 4013; x_wconf 88' lang='lat' dir='ltr'><strong>vero</strong></span> <span class='ocrx_word' id='word_1_403' title='bbox 1775 3973 1897 4029; x_wconf 63' lang='lat' dir='ltr'><strong>qua:</strong></span> <span class='ocrx_word' id='word_1_404' title='bbox 1920 3958 2095 4025; x_wconf 85' lang='lat' dir='ltr'><strong>loqui-</strong></span> 
     </span>
    </p>
   </div>
   <div class='ocr_carea' id='block_1_59' title="bbox 527 4048 2095 4116">
    <p class='ocr_par' dir='ltr' id='par_1_59' title="bbox 527 4048 2095 4116">
     <span class='ocr_line' id='line_1_59' title="bbox 527 4048 2095 4116; baseline 0.003 -17"><span class='ocrx_word' id='word_1_405' title='bbox 527 4059 611 4101; x_wconf 88' lang='lat' dir='ltr'><strong>tur</strong></span> <span class='ocrx_word' id='word_1_406' title='bbox 645 4048 815 4116; x_wconf 86' lang='lat' dir='ltr'><strong>possit</strong></span> <span class='ocrx_word' id='word_1_407' title='bbox 842 4064 961 4103; x_wconf 86' lang='lat' dir='ltr'><strong>esse</strong></span> <span class='ocrx_word' id='word_1_408' title='bbox 1002 4049 1209 4101; x_wconf 87' lang='lat' dir='ltr'><strong>David:</strong></span> <span class='ocrx_word' id='word_1_409' title='bbox 1244 4064 1366 4101; x_wconf 87' lang='lat' dir='ltr'><strong>nam</strong></span> <span class='ocrx_word' id='word_1_410' title='bbox 1407 4048 1452 4101; x_wconf 89' lang='lat' dir='ltr'><strong>si</strong></span> <span class='ocrx_word' id='word_1_411' title='bbox 1495 4060 1650 4116; x_wconf 88' lang='lat' dir='ltr'><strong>pater</strong></span> <span class='ocrx_word' id='word_1_412' title='bbox 1702 4049 1813 4103; x_wconf 76' lang='lat' dir='ltr'><strong>[ilio</strong></span> <span class='ocrx_word' id='word_1_413' title='bbox 1852 4050 1954 4105; x_wconf 88' lang='lat' dir='ltr'><strong>hoc</strong></span> <span class='ocrx_word' id='word_1_414' title='bbox 1996 4065 2095 4104; x_wconf 89' lang='lat' dir='ltr'><strong>an-</strong></span> 
     </span>
    </p>
   </div>
   <div class='ocr_carea' id='block_1_60' title="bbox 527 4136 2093 4208">
    <p class='ocr_par' dir='ltr' id='par_1_60' title="bbox 527 4136 2093 4208">
     <span class='ocr_line' id='line_1_60' title="bbox 527 4136 2093 4208; baseline 0.001 -18"><span class='ocrx_word' id='word_1_415' title='bbox 527 4138 821 4201; x_wconf 87' lang='lat' dir='ltr'><strong>nuntiaret,</strong></span> <span class='ocrx_word' id='word_1_416' title='bbox 866 4138 1197 4207; x_wconf 88' lang='lat' dir='ltr'><strong>reperiretur</strong></span> <span class='ocrx_word' id='word_1_417' title='bbox 1242 4137 1386 4192; x_wconf 83' lang='lat' dir='ltr'><strong>ﬁlius</strong></span> <span class='ocrx_word' id='word_1_418' title='bbox 1436 4136 1717 4205; x_wconf 83' lang='lat' dir='ltr'><strong>ignorans,</strong></span> <span class='ocrx_word' id='word_1_419' title='bbox 1751 4146 1805 4192; x_wconf 89' lang='lat' dir='ltr'><strong>et</strong></span> <span class='ocrx_word' id='word_1_420' title='bbox 1839 4138 2093 4208; x_wconf 89' lang='lat' dir='ltr'><strong>operibus</strong></span> 
     </span>
    </p>
   </div>
   <div class='ocr_carea' id='block_1_61' title="bbox 524 4228 811 4295">
    <p class='ocr_par' dir='ltr' id='par_1_61' title="bbox 524 4228 811 4295">
     <span class='ocr_line' id='line_1_61' title="bbox 524 4228 811 4295; baseline 0.01 -17"><span class='ocrx_word' id='word_1_421' title='bbox 524 4228 811 4295; x_wconf 82' lang='lat' dir='ltr'><strong>posterior.</strong></span> 
     </span>
    </p>
   </div>
   <div class='ocr_carea' id='block_1_62' title="bbox 598 4320 2091 4392">
    <p class='ocr_par' dir='ltr' id='par_1_62' title="bbox 598 4320 2091 4392">
     <span class='ocr_line' id='line_1_62' title="bbox 598 4320 2091 4392; baseline 0.003 -20"><span class='ocrx_word' id='word_1_422' title='bbox 598 4320 873 4388; x_wconf 80' lang='lat' dir='ltr'><strong>Ejusdem.</strong></span> <span class='ocrx_word' id='word_1_423' title='bbox 916 4321 1150 4376; x_wconf 81' lang='lat' dir='ltr'><strong>Verbum</strong></span> <span class='ocrx_word' id='word_1_424' title='bbox 1183 4320 1381 4375; x_wconf 89' lang='lat' dir='ltr'><strong>bonum</strong></span> <span class='ocrx_word' id='word_1_425' title='bbox 1404 4331 1508 4387; x_wconf 87' lang='lat' dir='ltr'><strong>est,</strong></span> <span class='ocrx_word' id='word_1_426' title='bbox 1542 4321 1686 4392; x_wconf 91' lang='lat' dir='ltr'><strong>quod</strong></span> <span class='ocrx_word' id='word_1_427' title='bbox 1718 4321 1814 4377; x_wconf 90' lang='lat' dir='ltr'><strong>Dei</strong></span> <span class='ocrx_word' id='word_1_428' title='bbox 1838 4322 2091 4377; x_wconf 83' lang='lat' dir='ltr'><strong>virtutem</strong></span> 
     </span>
    </p>
   </div>
   <div class='ocr_carea' id='block_1_63' title="bbox 525 4412 1253 4481">
    <p class='ocr_par' dir='ltr' id='par_1_63' title="bbox 525 4412 1253 4481">
     <span class='ocr_line' id='line_1_63' title="bbox 525 4412 1253 4481; baseline 0.003 -18"><span class='ocrx_word' id='word_1_429' title='bbox 525 4422 619 4465; x_wconf 84' lang='lat' dir='ltr'><strong>aut</strong></span> <span class='ocrx_word' id='word_1_430' title='bbox 646 4412 929 4465; x_wconf 81' lang='lat' dir='ltr'><strong>scientiam</strong></span> <span class='ocrx_word' id='word_1_431' title='bbox 959 4412 1253 4481; x_wconf 83' lang='lat' dir='ltr'><strong>signiﬁcat.</strong></span> 
     </span>
    </p>
   </div>
   <div class='ocr_carea' id='block_1_64' title="bbox 595 4501 2126 4574">
    <p class='ocr_par' dir='ltr' id='par_1_64' title="bbox 595 4501 2126 4574">
     <span class='ocr_line' id='line_1_64' title="bbox 595 4501 2126 4574; baseline 0.001 -18"><span class='ocrx_word' id='word_1_432' title='bbox 595 4501 871 4574; x_wconf 81' lang='lat' dir='ltr'><strong>Ejusdem.</strong></span> <span class='ocrx_word' id='word_1_433' title='bbox 922 4503 1177 4559; x_wconf 86' lang='lat' dir='ltr'><strong>Calamus</strong></span> <span class='ocrx_word' id='word_1_434' title='bbox 1220 4504 1414 4559; x_wconf 66' lang='lat' dir='ltr'><strong>scribae</strong></span> <span class='ocrx_word' id='word_1_435' title='bbox 1466 4504 1729 4560; x_wconf 82' lang='lat' dir='ltr'><strong>velociter</strong></span> <span class='ocrx_word' id='word_1_436' title='bbox 1778 4505 2126 4568; x_wconf 50' lang='lat' dir='ltr'><strong>scribentisp</strong></span> 
     </span>
    </p>
   </div>
   <div class='ocr_carea' id='block_1_65' title="bbox 526 4592 2088 4667">
    <p class='ocr_par' dir='ltr' id='par_1_65' title="bbox 526 4592 2088 4667">
     <span class='ocr_line' id='line_1_65' title="bbox 526 4592 2088 4667; baseline -0.001 -20"><span class='ocrx_word' id='word_1_437' title='bbox 526 4605 607 4647; x_wconf 91' lang='lat' dir='ltr'><strong>est</strong></span> <span class='ocrx_word' id='word_1_438' title='bbox 635 4593 812 4663; x_wconf 89' lang='lat' dir='ltr'><strong>lingua</strong></span> <span class='ocrx_word' id='word_1_439' title='bbox 846 4592 1134 4661; x_wconf 87' lang='lat' dir='ltr'><strong>cujuslibet</strong></span> <span class='ocrx_word' id='word_1_440' title='bbox 1169 4595 1258 4661; x_wconf 92' lang='lat' dir='ltr'><strong>qui</strong></span> <span class='ocrx_word' id='word_1_441' title='bbox 1292 4595 1425 4649; x_wconf 86' lang='lat' dir='ltr'><strong>dicit</strong></span> <span class='ocrx_word' id='word_1_442' title='bbox 1459 4612 1622 4667; x_wconf 88' lang='lat' dir='ltr'><strong>opera</strong></span> <span class='ocrx_word' id='word_1_443' title='bbox 1651 4611 1747 4649; x_wconf 74' lang='lat' dir='ltr'><strong>sua</strong></span> <span class='ocrx_word' id='word_1_444' title='bbox 1781 4596 1917 4665; x_wconf 86' lang='lat' dir='ltr'><strong>regi.</strong></span> <span class='ocrx_word' id='word_1_445' title='bbox 1957 4594 2088 4647; x_wconf 76' lang='lat' dir='ltr'><strong>Nam</strong></span> 
     </span>
    </p>
   </div>
   <div class='ocr_carea' id='block_1_66' title="bbox 526 4685 2090 4757">
    <p class='ocr_par' dir='ltr' id='par_1_66' title="bbox 526 4685 2090 4757">
     <span class='ocr_line' id='line_1_66' title="bbox 526 4685 2090 4757; baseline 0 -18"><span class='ocrx_word' id='word_1_446' title='bbox 526 4685 661 4739; x_wconf 90' lang='lat' dir='ltr'><strong>bene</strong></span> <span class='ocrx_word' id='word_1_447' title='bbox 690 4685 790 4739; x_wconf 91' lang='lat' dir='ltr'><strong>sibi</strong></span> <span class='ocrx_word' id='word_1_448' title='bbox 817 4685 1070 4739; x_wconf 84' lang='lat' dir='ltr'><strong>conscius</strong></span> <span class='ocrx_word' id='word_1_449' title='bbox 1101 4685 1320 4754; x_wconf 87' lang='lat' dir='ltr'><strong>propria</strong></span> <span class='ocrx_word' id='word_1_450' title='bbox 1366 4699 1514 4743; x_wconf 85' lang='lat' dir='ltr'><strong>recte</strong></span> <span class='ocrx_word' id='word_1_451' title='bbox 1544 4697 1695 4757; x_wconf 85' lang='lat' dir='ltr'><strong>gesta</strong></span> <span class='ocrx_word' id='word_1_452' title='bbox 1738 4686 2046 4755; x_wconf 87' lang='lat' dir='ltr'><strong>promulgat</strong></span> <span class='ocrx_word' id='word_1_453' title='bbox 2074 4700 2090 4748; x_wconf 90' lang='lat'><strong>;</strong></span> 
     </span>
    </p>
   </div>
   <div class='ocr_carea' id='block_1_67' title="bbox 525 4774 2091 4846">
    <p class='ocr_par' dir='ltr' id='par_1_67' title="bbox 525 4774 2091 4846">
     <span class='ocr_line' id='line_1_67' title="bbox 525 4774 2091 4846; baseline -0.001 -16"><span class='ocrx_word' id='word_1_454' title='bbox 525 4778 613 4846; x_wconf 92' lang='lat' dir='ltr'><strong>qui</strong></span> <span class='ocrx_word' id='word_1_455' title='bbox 663 4784 845 4830; x_wconf 89' lang='lat' dir='ltr'><strong>autem</strong></span> <span class='ocrx_word' id='word_1_456' title='bbox 897 4774 1033 4828; x_wconf 86' lang='lat' dir='ltr'><strong>male</strong></span> <span class='ocrx_word' id='word_1_457' title='bbox 1076 4775 1182 4828; x_wconf 89' lang='lat' dir='ltr'><strong>sibi</strong></span> <span class='ocrx_word' id='word_1_458' title='bbox 1225 4778 1477 4831; x_wconf 81' lang='lat' dir='ltr'><strong>conscius</strong></span> <span class='ocrx_word' id='word_1_459' title='bbox 1509 4786 1613 4842; x_wconf 87' lang='lat' dir='ltr'><strong>est,</strong></span> <span class='ocrx_word' id='word_1_460' title='bbox 1648 4777 1693 4831; x_wconf 93' lang='lat' dir='ltr'><strong>is</strong></span> <span class='ocrx_word' id='word_1_461' title='bbox 1724 4776 1867 4829; x_wconf 90' lang='lat' dir='ltr'><strong>lenta</strong></span> <span class='ocrx_word' id='word_1_462' title='bbox 1907 4776 2091 4845; x_wconf 89' lang='lat' dir='ltr'><strong>lingua</strong></span> 
     </span>
    </p>
   </div>
   <div class='ocr_carea' id='block_1_68' title="bbox 528 4868 1142 4940">
    <p class='ocr_par' dir='ltr' id='par_1_68' title="bbox 528 4868 1142 4940">
     <span class='ocr_line' id='line_1_68' title="bbox 528 4868 1142 4940; baseline -0.007 -15"><span class='ocrx_word' id='word_1_463' title='bbox 528 4870 637 4940; x_wconf 79' lang='lat' dir='ltr'><strong>regi</strong></span> <span class='ocrx_word' id='word_1_464' title='bbox 666 4884 829 4937; x_wconf 82' lang='lat' dir='ltr'><strong>opera</strong></span> <span class='ocrx_word' id='word_1_465' title='bbox 862 4884 956 4923; x_wconf 77' lang='lat' dir='ltr'><strong>sua</strong></span> <span class='ocrx_word' id='word_1_466' title='bbox 989 4868 1142 4923; x_wconf 87' lang='lat' dir='ltr'><strong>dicit.</strong></span> 
     </span>
    </p>
   </div>
   <div class='ocr_carea' id='block_1_69' title="bbox 604 4960 2088 5030">
    <p class='ocr_par' dir='ltr' id='par_1_69' title="bbox 604 4960 2088 5030">
     <span class='ocr_line' id='line_1_69' title="bbox 604 4960 2088 5030; baseline -0.001 -16"><span class='ocrx_word' id='word_1_467' title='bbox 604 4961 762 5015; x_wconf 68' lang='lat' dir='ltr'><strong>Vens.</strong></span> <span class='ocrx_word' id='word_1_468' title='bbox 811 4960 865 5015; x_wconf 71' lang='lat'><strong>5.</strong></span> <span class='ocrx_word' id='word_1_469' title='bbox 918 4960 1195 5029; x_wconf 83' lang='lat' dir='ltr'><strong>Speciosus</strong></span> <span class='ocrx_word' id='word_1_470' title='bbox 1252 4961 1424 5030; x_wconf 81' lang='lat' dir='ltr'><strong>[arma</strong></span> <span class='ocrx_word' id='word_1_471' title='bbox 1472 4977 1581 5029; x_wconf 74' lang='lat' dir='ltr'><strong>pro:</strong></span> <span class='ocrx_word' id='word_1_472' title='bbox 1627 4961 1753 5027; x_wconf 77' lang='lat' dir='ltr'><strong>ﬁliis</strong></span> <span class='ocrx_word' id='word_1_473' title='bbox 1795 4962 2088 5024; x_wconf 83' lang='lat' dir='ltr'><strong>hominum,</strong></span> 
     </span>
    </p>
   </div>
   <div class='ocr_carea' id='block_1_70' title="bbox 528 5049 2092 5120">
    <p class='ocr_par' dir='ltr' id='par_1_70' title="bbox 528 5049 2092 5120">
     <span class='ocr_line' id='line_1_70' title="bbox 528 5049 2092 5120; baseline -0.004 -11"><span class='ocrx_word' id='word_1_474' title='bbox 528 5067 633 5109; x_wconf 71' lang='lat' dir='ltr'><strong>etc.</strong></span> <span class='ocrx_word' id='word_1_475' title='bbox 671 5052 749 5106; x_wconf 77' lang='lat' dir='ltr'><strong>Ex</strong></span> <span class='ocrx_word' id='word_1_476' title='bbox 784 5066 1019 5120; x_wconf 84' lang='lat' dir='ltr'><strong>persona</strong></span> <span class='ocrx_word' id='word_1_477' title='bbox 1051 5052 1328 5120; x_wconf 67' lang='lat' dir='ltr'><strong>propheta:</strong></span> <span class='ocrx_word' id='word_1_478' title='bbox 1358 5052 1773 5117; x_wconf 64' lang='lat' dir='ltr'><strong>benedicuntur,</strong></span> <span class='ocrx_word' id='word_1_479' title='bbox 1805 5050 1960 5120; x_wconf 85' lang='lat' dir='ltr'><strong>cujus</strong></span> <span class='ocrx_word' id='word_1_480' title='bbox 1989 5049 2092 5104; x_wconf 82' lang='lat' dir='ltr'><strong>liu-</strong></span> 
     </span>
    </p>
   </div>
   <div class='ocr_carea' id='block_1_71' title="bbox 596 5141 1083 5197">
    <p class='ocr_par' dir='ltr' id='par_1_71' title="bbox 596 5141 1083 5197">
     <span class='ocr_line' id='line_1_71' title="bbox 596 5141 1083 5197; baseline -0.012 1"><span class='ocrx_word' id='word_1_481' title='bbox 596 5145 642 5177; x_wconf 82' lang='grc'><strong>⁹⁸</strong></span> <span class='ocrx_word' id='word_1_482' title='bbox 670 5144 687 5197; x_wconf 95' lang='grc'><strong>1</strong></span> <span class='ocrx_word' id='word_1_483' title='bbox 720 5144 846 5197; x_wconf 86' lang='lat' dir='ltr'><strong>Cor.</strong></span> <span class='ocrx_word' id='word_1_484' title='bbox 877 5157 961 5196; x_wconf 81' lang='lat' dir='ltr'><strong>xv.</strong></span> <span class='ocrx_word' id='word_1_485' title='bbox 994 5141 1083 5195; x_wconf 82' lang='grc'><strong>51.</strong></span> 
     </span>
    </p>
   </div>
   <div class='ocr_carea' id='block_1_72' title="bbox 598 5229 2100 5321">
    <p class='ocr_par' dir='ltr' id='par_1_72' title="bbox 598 5229 2100 5321">
     <span class='ocr_line' id='line_1_72' title="bbox 598 5229 2100 5321; baseline -0.004 -32"><span class='ocrx_word' id='word_1_486' title='bbox 598 5240 709 5321; x_wconf 44' lang='grc'>(24)</span> <span class='ocrx_word' id='word_1_487' title='bbox 751 5236 804 5288; x_wconf 86' lang='lat'><strong>&#39;0</strong></span> <span class='ocrx_word' id='word_1_488' title='bbox 847 5235 993 5301; x_wconf 84' lang='grc' dir='ltr'><strong>νοῦς</strong></span> <span class='ocrx_word' id='word_1_489' title='bbox 1033 5232 1524 5297; x_wconf 75' lang='grc' dir='ltr'>ἐπικαλύπτεται,</span> <span class='ocrx_word' id='word_1_490' title='bbox 1570 5241 1678 5287; x_wconf 89' lang='lat' dir='ltr'><strong>etc.</strong></span> <span class='ocrx_word' id='word_1_491' title='bbox 1725 5230 1927 5285; x_wconf 86' lang='lat' dir='ltr'><strong>Catena</strong></span> <span class='ocrx_word' id='word_1_492' title='bbox 1964 5229 2100 5285; x_wconf 89' lang='lat' dir='ltr'><strong>Cor-</strong></span> 
     </span>
    </p>
   </div>
   <div class='ocr_carea' id='block_1_73' title="bbox 529 5309 684 5363">
    <p class='ocr_par' dir='ltr' id='par_1_73' title="bbox 529 5309 684 5363">
     <span class='ocr_line' id='line_1_73' title="bbox 529 5309 684 5363; baseline 0.006 -2"><span class='ocrx_word' id='word_1_493' title='bbox 529 5309 684 5363; x_wconf 88' lang='lat' dir='ltr'><strong>derii.</strong></span> 
     </span>
    </p>
   </div>
   <div class='ocr_carea' id='block_1_74' title="bbox 598 5369 2097 5451">
    <p class='ocr_par' dir='ltr' id='par_1_74' title="bbox 598 5369 2097 5451">
     <span class='ocr_line' id='line_1_74' title="bbox 598 5369 2097 5451; baseline -0.007 -19"><span class='ocrx_word' id='word_1_494' title='bbox 598 5378 710 5451; x_wconf 83' lang='lat'><strong>(25)</strong></span> <span class='ocrx_word' id='word_1_495' title='bbox 746 5377 821 5431; x_wconf 83' lang='grc' dir='ltr'><strong>Εἵ</strong></span> <span class='ocrx_word' id='word_1_496' title='bbox 844 5394 931 5451; x_wconf 60' lang='grc' dir='ltr'><strong>τις</strong></span> <span class='ocrx_word' id='word_1_497' title='bbox 969 5377 1080 5451; x_wconf 64' lang='grc' dir='ltr'><strong>οὐκ</strong></span> <span class='ocrx_word' id='word_1_498' title='bbox 1132 5373 1265 5428; x_wconf 75' lang='grc' dir='ltr'>ἐστι</span> <span class='ocrx_word' id='word_1_499' title='bbox 1292 5413 1307 5438; x_wconf 90' lang='grc'><strong>,</strong></span> <span class='ocrx_word' id='word_1_500' title='bbox 1358 5381 1467 5426; x_wconf 91' lang='lat' dir='ltr'><strong>etc.</strong></span> <span class='ocrx_word' id='word_1_501' title='bbox 1500 5371 1679 5427; x_wconf 81' lang='lat' dir='ltr'><strong>Codex</strong></span> <span class='ocrx_word' id='word_1_502' title='bbox 1707 5369 2097 5433; x_wconf 88' lang='lat' dir='ltr'><strong>Coislinianus,</strong></span> 
     </span>
    </p>
   </div>
   <div class='ocr_carea' id='block_1_75' title="bbox 527 5447 1104 5502">
    <p class='ocr_par' dir='ltr' id='par_1_75' title="bbox 527 5447 1104 5502">
     <span class='ocr_line' id='line_1_75' title="bbox 527 5447 1104 5502; baseline -0.005 -2"><span class='ocrx_word' id='word_1_503' title='bbox 527 5462 580 5500; x_wconf 84' lang='lat' dir='ltr'><strong>et</strong></span> <span class='ocrx_word' id='word_1_504' title='bbox 612 5447 816 5502; x_wconf 78' lang='lat' dir='ltr'><strong>Calcna</strong></span> <span class='ocrx_word' id='word_1_505' title='bbox 859 5447 1104 5500; x_wconf 84' lang='lat' dir='ltr'><strong>Barbari.</strong></span> 
     </span>
    </p>
   </div>
   <div class='ocr_carea' id='block_1_76' title="bbox 599 5508 2094 5583">
    <p class='ocr_par' dir='ltr' id='par_1_76' title="bbox 599 5508 2094 5583">
     <span class='ocr_line' id='line_1_76' title="bbox 599 5508 2094 5583; baseline -0.005 -14"><span class='ocrx_word' id='word_1_506' title='bbox 599 5518 712 5583; x_wconf 77' lang='lat'><strong>(26)</strong></span> <span class='ocrx_word' id='word_1_507' title='bbox 776 5520 830 5568; x_wconf 87' lang='grc' dir='ltr'>Ὀ</span> <span class='ocrx_word' id='word_1_508' title='bbox 869 5515 1111 5579; x_wconf 61' lang='lat' dir='ltr'><strong>namq</strong></span> <span class='ocrx_word' id='word_1_509' title='bbox 1147 5526 1298 5582; x_wconf 70' lang='grc' dir='ltr'>φησι</span> <span class='ocrx_word' id='word_1_510' title='bbox 1324 5554 1339 5578; x_wconf 93' lang='grc'><strong>,</strong></span> <span class='ocrx_word' id='word_1_511' title='bbox 1388 5522 1495 5567; x_wconf 89' lang='lat' dir='ltr'><strong>etc.</strong></span> <span class='ocrx_word' id='word_1_512' title='bbox 1543 5511 1770 5566; x_wconf 72' lang='lat' dir='ltr'><strong>Scheda:</strong></span> <span class='ocrx_word' id='word_1_513' title='bbox 1814 5508 1999 5565; x_wconf 84' lang='lat' dir='ltr'><strong>Grabii</strong></span> <span class='ocrx_word' id='word_1_514' title='bbox 2040 5520 2094 5562; x_wconf 83' lang='lat' dir='ltr'><strong>et</strong></span> 
     </span>
    </p>
   </div>
   <div class='ocr_carea' id='block_1_77' title="bbox 527 5586 1005 5641">
    <p class='ocr_par' dir='ltr' id='par_1_77' title="bbox 527 5586 1005 5641">
     <span class='ocr_line' id='line_1_77' title="bbox 527 5586 1005 5641; baseline -0.01 0"><span class='ocrx_word' id='word_1_515' title='bbox 527 5588 730 5641; x_wconf 74' lang='lat' dir='ltr'><strong>Catena</strong></span> <span class='ocrx_word' id='word_1_516' title='bbox 761 5586 1005 5638; x_wconf 76' lang='lat' dir='ltr'><strong>Barbari.</strong></span> 
     </span>
    </p>
   </div>
   <div class='ocr_carea' id='block_1_78' title="bbox 598 5648 2093 5777">
    <p class='ocr_par' dir='ltr' id='par_1_78' title="bbox 598 5648 2093 5777">
     <span class='ocr_line' id='line_1_78' title="bbox 598 5648 2093 5777; baseline -0.001 -72"><span class='ocrx_word' id='word_1_517' title='bbox 598 5654 717 5775; x_wconf 48' lang='lat'><strong>(27‘),</strong></span> <span class='ocrx_word' id='word_1_518' title='bbox 749 5653 1060 5777; x_wconf 61' lang='lat' dir='ltr'><strong>‘Elxcifievc‘ié</strong></span> <span class='ocrx_word' id='word_1_519' title='bbox 1089 5669 1252 5719; x_wconf 78' lang='grc' dir='ltr'>ποτε,</span> <span class='ocrx_word' id='word_1_520' title='bbox 1288 5661 1398 5707; x_wconf 85' lang='lat' dir='ltr'><strong>etc.</strong></span> <span class='ocrx_word' id='word_1_521' title='bbox 1449 5653 1677 5707; x_wconf 68' lang='lat' dir='ltr'><strong>Scltcdzt:</strong></span> <span class='ocrx_word' id='word_1_522' title='bbox 1705 5651 1889 5707; x_wconf 76' lang='lat' dir='ltr'><strong>Grabii</strong></span> <span class='ocrx_word' id='word_1_523' title='bbox 1916 5660 1968 5703; x_wconf 82' lang='lat' dir='ltr'><strong>et</strong></span> <span class='ocrx_word' id='word_1_524' title='bbox 1991 5648 2093 5704; x_wconf 74' lang='lat' dir='ltr'><strong>Ca-</strong></span> 
     </span>
     <span class='ocr_line' id='line_1_79' title="bbox 598 5737 925 5777; baseline -0.003 0"><span class='ocrx_word' id='word_1_525' title='bbox 598 5741 651 5777; x_wconf 70' lang='lat' dir='ltr'><strong>ta</strong></span> <span class='ocrx_word' id='word_1_526' title='bbox 720 5737 780 5776; x_wconf 82' lang='lat' dir='ltr'><strong>ar</strong></span> <span class='ocrx_word' id='word_1_527' title='bbox 804 5740 925 5776; x_wconf 67' lang='lat' dir='ltr'><strong>iam.</strong></span> 
     </span>
    </p>
   </div>
   <div class='ocr_carea' id='block_1_79' title="bbox 529 5737 925 5781">
    <p class='ocr_par' dir='ltr' id='par_1_79' title="bbox 529 5737 925 5781">
     <span class='ocr_line' id='line_1_80' title="bbox 529 5737 925 5781; baseline -0.013 0"><span class='ocrx_word' id='word_1_528' title='bbox 529 5740 651 5781; x_wconf 68' lang='grc' dir='ltr'><strong>ιιξιῑὶὶ</strong></span> <span class='ocrx_word' id='word_1_529' title='bbox 678 5737 925 5777; x_wconf 72' lang='lat' dir='ltr'><strong>Isarbart.</strong></span> 
     </span>
    </p>
   </div>
   <div class='ocr_carea' id='block_1_80' title="bbox 2192 1861 3771 1932">
    <p class='ocr_par' dir='ltr' id='par_1_80' title="bbox 2192 1861 3771 1932">
     <span class='ocr_line' id='line_1_81' title="bbox 2192 1861 3771 1932; baseline -0.001 -16"><span class='ocrx_word' id='word_1_530' title='bbox 2192 1881 2279 1917; x_wconf 87' lang='grc' dir='ltr'><strong>ναι</strong></span> <span class='ocrx_word' id='word_1_531' title='bbox 2314 1862 2406 1916; x_wconf 77' lang='grc' dir='ltr'>τοῦ</span> <span class='ocrx_word' id='word_1_532' title='bbox 2432 1862 2565 1915; x_wconf 81' lang='grc' dir='ltr'>Θεοῦ</span> <span class='ocrx_word' id='word_1_533' title='bbox 2602 1861 2700 1932; x_wconf 71' lang='grc' dir='ltr'><strong>τὴν</strong></span> <span class='ocrx_word' id='word_1_534' title='bbox 2727 1862 2900 1931; x_wconf 74' lang='grc' dir='ltr'>ἰσχὺν,</span> <span class='ocrx_word' id='word_1_535' title='bbox 2938 1861 3017 1914; x_wconf 80' lang='grc' dir='ltr'>ὅτι</span> <span class='ocrx_word' id='word_1_536' title='bbox 3050 1863 3177 1924; x_wconf 69' lang='grc' dir='ltr'>τοὺς</span> <span class='ocrx_word' id='word_1_537' title='bbox 3199 1862 3340 1914; x_wconf 83' lang='grc' dir='ltr'>οὑτω</span> <span class='ocrx_word' id='word_1_538' title='bbox 3376 1863 3771 1932; x_wconf 76' lang='grc' dir='ltr'><strong>προκειμένους</strong></span> 
     </span>
    </p>
   </div>
   <div class='ocr_carea' id='block_1_81' title="bbox 2190 1954 3772 2026">
    <p class='ocr_par' dir='ltr' id='par_1_81' title="bbox 2190 1954 3772 2026">
     <span class='ocr_line' id='line_1_82' title="bbox 2190 1954 3772 2026; baseline 0.001 -19"><span class='ocrx_word' id='word_1_539' title='bbox 2190 1955 2266 2019; x_wconf 81' lang='grc' dir='ltr'><strong>ὡς</strong></span> <span class='ocrx_word' id='word_1_540' title='bbox 2284 1955 2530 2025; x_wconf 76' lang='grc' dir='ltr'>πρόϐατα</span> <span class='ocrx_word' id='word_1_541' title='bbox 2559 1956 2772 2025; x_wconf 78' lang='grc' dir='ltr'>σφαγῆς</span> <span class='ocrx_word' id='word_1_542' title='bbox 2799 1956 3109 2026; x_wconf 80' lang='grc' dir='ltr'>διετήρησε,</span> <span class='ocrx_word' id='word_1_543' title='bbox 3141 1954 3233 2007; x_wconf 72' lang='grc' dir='ltr'><strong>καὶ</strong></span> <span class='ocrx_word' id='word_1_544' title='bbox 3261 1954 3379 2007; x_wconf 76' lang='grc' dir='ltr'>καθ’</span> <span class='ocrx_word' id='word_1_545' title='bbox 3399 1954 3611 2024; x_wconf 78' lang='grc' dir='ltr'><strong>ἡμέραν</strong></span> <span class='ocrx_word' id='word_1_546' title='bbox 3634 1957 3772 2008; x_wconf 84' lang='grc' dir='ltr'>ἀπο-</span> 
     </span>
    </p>
   </div>
   <div class='ocr_carea' id='block_1_82' title="bbox 2193 2044 3586 2119">
    <p class='ocr_par' dir='ltr' id='par_1_82' title="bbox 2193 2044 3586 2119">
     <span class='ocr_line' id='line_1_83' title="bbox 2193 2044 3586 2119; baseline -0.003 -19"><span class='ocrx_word' id='word_1_547' title='bbox 2193 2046 2521 2119; x_wconf 82' lang='grc' dir='ltr'>Θνήσκοντας</span> <span class='ocrx_word' id='word_1_548' title='bbox 2559 2048 2658 2101; x_wconf 84' lang='grc' dir='ltr'><strong>οὑκ</strong></span> <span class='ocrx_word' id='word_1_549' title='bbox 2689 2048 2899 2116; x_wconf 80' lang='grc' dir='ltr'>ἀφῆκεν</span> <span class='ocrx_word' id='word_1_550' title='bbox 2931 2047 3192 2117; x_wconf 79' lang='grc' dir='ltr'>ἐμπεσεῖν</span> <span class='ocrx_word' id='word_1_551' title='bbox 3222 2047 3300 2109; x_wconf 81' lang='grc' dir='ltr'>εἰς</span> <span class='ocrx_word' id='word_1_552' title='bbox 3335 2044 3586 2099; x_wconf 81' lang='grc' dir='ltr'>Θάνατον.</span> 
     </span>
    </p>
   </div>
   <div class='ocr_carea' id='block_1_83' title="bbox 2276 2136 3773 2209">
    <p class='ocr_par' dir='ltr' id='par_1_83' title="bbox 2276 2136 3773 2209">
     <span class='ocr_line' id='line_1_84' title="bbox 2276 2136 3773 2209; baseline -0.001 -18"><span class='ocrx_word' id='word_1_553' title='bbox 2276 2139 2657 2209; x_wconf 71' lang='grc' dir='ltr'>Ἐξεγέρθητι,</span> <span class='ocrx_word' id='word_1_554' title='bbox 2683 2140 2783 2193; x_wconf 71' lang='grc' dir='ltr'>ἵνα</span> <span class='ocrx_word' id='word_1_555' title='bbox 2809 2140 2865 2192; x_wconf 81' lang='grc' dir='ltr'><strong>τί</strong></span> <span class='ocrx_word' id='word_1_556' title='bbox 2892 2136 3127 2203; x_wconf 78' lang='grc' dir='ltr'>ὺπνοῒς,</span> <span class='ocrx_word' id='word_1_557' title='bbox 3146 2138 3355 2205; x_wconf 62' lang='lat' dir='ltr'><strong>Rupes;</strong></span> <span class='ocrx_word' id='word_1_558' title='bbox 3388 2154 3443 2190; x_wconf 86' lang='grc' dir='ltr'>κ.</span> <span class='ocrx_word' id='word_1_559' title='bbox 3462 2155 3512 2190; x_wconf 85' lang='grc' dir='ltr'>τ.</span> <span class='ocrx_word' id='word_1_560' title='bbox 3544 2138 3591 2190; x_wconf 81' lang='grc' dir='ltr'><strong>ὲ.</strong></span> <span class='ocrx_word' id='word_1_561' title='bbox 3610 2137 3773 2190; x_wconf 83' lang='grc' dir='ltr'>Ἐκά-</span> 
     </span>
    </p>
   </div>
   <div class='ocr_carea' id='block_1_84' title="bbox 2193 2227 3768 2302">
    <p class='ocr_par' dir='ltr' id='par_1_84' title="bbox 2193 2227 3768 2302">
     <span class='ocr_line' id='line_1_85' title="bbox 2193 2227 3768 2302; baseline -0.002 -19"><span class='ocrx_word' id='word_1_562' title='bbox 2193 2227 2344 2283; x_wconf 79' lang='grc' dir='ltr'>Θευδέ</span> <span class='ocrx_word' id='word_1_563' title='bbox 2370 2248 2498 2283; x_wconf 88' lang='grc' dir='ltr'>ποτε</span> <span class='ocrx_word' id='word_1_564' title='bbox 2532 2230 2643 2300; x_wconf 80' lang='grc' dir='ltr'>(2ῖ)</span> <span class='ocrx_word' id='word_1_565' title='bbox 2674 2232 2729 2285; x_wconf 81' lang='grc' dir='ltr'>ὲν</span> <span class='ocrx_word' id='word_1_566' title='bbox 2754 2231 2832 2302; x_wconf 81' lang='grc' dir='ltr'>τῷ</span> <span class='ocrx_word' id='word_1_567' title='bbox 2861 2230 3028 2300; x_wconf 82' lang='grc' dir='ltr'>πλοίῳ</span> <span class='ocrx_word' id='word_1_568' title='bbox 3059 2229 3166 2283; x_wconf 82' lang='grc' dir='ltr'>τῶν</span> <span class='ocrx_word' id='word_1_569' title='bbox 3197 2227 3768 2300; x_wconf 60' lang='grc' dir='ltr'>μωητῶνὸΧριο-τὸς,</span> 
     </span>
    </p>
   </div>
   <div class='ocr_carea' id='block_1_85' title="bbox 2191 2317 3771 2393">
    <p class='ocr_par' dir='ltr' id='par_1_85' title="bbox 2191 2317 3771 2393">
     <span class='ocr_line' id='line_1_86' title="bbox 2191 2317 3771 2393; baseline -0.004 -17"><span class='ocrx_word' id='word_1_570' title='bbox 2191 2323 2324 2376; x_wconf 85' lang='grc' dir='ltr'><strong>ἀλλά</strong></span> <span class='ocrx_word' id='word_1_571' title='bbox 2353 2323 2641 2391; x_wconf 78' lang='grc' dir='ltr'>γενομένου</span> <span class='ocrx_word' id='word_1_572' title='bbox 2672 2322 2939 2393; x_wconf 83' lang='grc' dir='ltr'>χειμῶνος</span> <span class='ocrx_word' id='word_1_573' title='bbox 2982 2321 3268 2391; x_wconf 84' lang='grc' dir='ltr'>ὲξήγειραν</span> <span class='ocrx_word' id='word_1_574' title='bbox 3310 2318 3471 2372; x_wconf 85' lang='grc' dir='ltr'>αὑτὸν</span> <span class='ocrx_word' id='word_1_575' title='bbox 3498 2320 3545 2371; x_wconf 80' lang='lat' dir='ltr'><strong>oi</strong></span> <span class='ocrx_word' id='word_1_576' title='bbox 3592 2317 3771 2388; x_wconf 77' lang='grc' dir='ltr'>μαθη·</span> 
     </span>
    </p>
   </div>
   <div class='ocr_carea' id='block_1_86' title="bbox 2190 2405 3772 2480">
    <p class='ocr_par' dir='ltr' id='par_1_86' title="bbox 2190 2405 3772 2480">
     <span class='ocr_line' id='line_1_87' title="bbox 2190 2405 3772 2480; baseline -0.004 -16"><span class='ocrx_word' id='word_1_577' title='bbox 2190 2412 2317 2465; x_wconf 85' lang='grc' dir='ltr'>ταί·</span> <span class='ocrx_word' id='word_1_578' title='bbox 2384 2411 2689 2474; x_wconf 79' lang='grc' dir='ltr'>δεικνύντος</span> <span class='ocrx_word' id='word_1_579' title='bbox 2743 2410 2836 2463; x_wconf 80' lang='grc' dir='ltr'>τοῦ</span> <span class='ocrx_word' id='word_1_580' title='bbox 2865 2411 3045 2478; x_wconf 77' lang='grc' dir='ltr'>λόγου,</span> <span class='ocrx_word' id='word_1_581' title='bbox 3082 2408 3346 2480; x_wconf 82' lang='grc' dir='ltr'>χειμῶνος</span> <span class='ocrx_word' id='word_1_582' title='bbox 3389 2405 3663 2475; x_wconf 83' lang='grc' dir='ltr'>λογισμῶν</span> <span class='ocrx_word' id='word_1_583' title='bbox 3706 2407 3772 2458; x_wconf 82' lang='grc' dir='ltr'>ἐν</span> 
     </span>
    </p>
   </div>
   <div class='ocr_carea' id='block_1_87' title="bbox 2191 2494 3772 2573">
    <p class='ocr_par' dir='ltr' id='par_1_87' title="bbox 2191 2494 3772 2573">
     <span class='ocr_line' id='line_1_88' title="bbox 2191 2494 3772 2573; baseline -0.004 -19"><span class='ocrx_word' id='word_1_584' title='bbox 2191 2501 2335 2573; x_wconf 71' lang='grc' dir='ltr'>ψυχῇ</span> <span class='ocrx_word' id='word_1_585' title='bbox 2369 2502 2657 2572; x_wconf 81' lang='grc' dir='ltr'>γενομένου</span> <span class='ocrx_word' id='word_1_586' title='bbox 2687 2501 2857 2572; x_wconf 82' lang='grc' dir='ltr'>ὀργῆς</span> <span class='ocrx_word' id='word_1_587' title='bbox 2891 2500 2923 2571; x_wconf 82' lang='grc' dir='ltr'><strong>ἥ</strong></span> <span class='ocrx_word' id='word_1_588' title='bbox 2953 2501 3186 2563; x_wconf 88' lang='grc' dir='ltr'>ἀδικίας,</span> <span class='ocrx_word' id='word_1_589' title='bbox 3222 2498 3253 2568; x_wconf 79' lang='grc' dir='ltr'>ἤ</span> <span class='ocrx_word' id='word_1_590' title='bbox 3296 2494 3772 2566; x_wconf 80' lang='grc' dir='ltr'>γαστριμαργίας,</span> 
     </span>
    </p>
   </div>
   <div class='ocr_carea' id='block_1_88' title="bbox 2193 2584 3771 2665">
    <p class='ocr_par' dir='ltr' id='par_1_88' title="bbox 2193 2584 3771 2665">
     <span class='ocr_line' id='line_1_89' title="bbox 2193 2584 3771 2665; baseline -0.006 -20"><span class='ocrx_word' id='word_1_591' title='bbox 2193 2593 2227 2663; x_wconf 74' lang='grc' dir='ltr'>ἢ</span> <span class='ocrx_word' id='word_1_592' title='bbox 2290 2594 2695 2665; x_wconf 79' lang='grc' dir='ltr'>ὑπερηφανίας,</span> <span class='ocrx_word' id='word_1_593' title='bbox 2739 2592 3044 2657; x_wconf 65' lang='grc' dir='ltr'>ὲξυτωίζειν</span> <span class='ocrx_word' id='word_1_594' title='bbox 3100 2590 3337 2660; x_wconf 80' lang='grc' dir='ltr'>ἀγάπην,</span> <span class='ocrx_word' id='word_1_595' title='bbox 3392 2584 3771 2654; x_wconf 76' lang='grc' dir='ltr'>δικαιοσύνην,</span> 
     </span>
    </p>
   </div>
   <div class='ocr_carea' id='block_1_89' title="bbox 2194 2677 3766 2757">
    <p class='ocr_par' dir='ltr' id='par_1_89' title="bbox 2194 2677 3766 2757">
     <span class='ocr_line' id='line_1_90' title="bbox 2194 2677 3766 2757; baseline -0.006 -18"><span class='ocrx_word' id='word_1_596' title='bbox 2194 2685 2568 2757; x_wconf 81' lang='grc' dir='ltr'>σωφροσύνην,</span> <span class='ocrx_word' id='word_1_597' title='bbox 2607 2685 2958 2757; x_wconf 73' lang='grc' dir='ltr'>ἐγκράτειαν,</span> <span class='ocrx_word' id='word_1_598' title='bbox 2991 2680 3507 2753; x_wconf 68' lang='grc' dir='ltr'>ταπεινοφροσύνην,</span> <span class='ocrx_word' id='word_1_599' title='bbox 3539 2677 3766 2747; x_wconf 76' lang='grc' dir='ltr'>γνῶσιν,</span> 
     </span>
    </p>
   </div>
   <div class='ocr_carea' id='block_1_90' title="bbox 2194 2776 2406 2848">
    <p class='ocr_par' dir='ltr' id='par_1_90' title="bbox 2194 2776 2406 2848">
     <span class='ocr_line' id='line_1_91' title="bbox 2194 2776 2406 2848; baseline 0.005 -20"><span class='ocrx_word' id='word_1_600' title='bbox 2194 2776 2406 2848; x_wconf 82' lang='grc' dir='ltr'>σοφίαν.</span> 
     </span>
    </p>
   </div>
   <div class='ocr_carea' id='block_1_91' title="bbox 2275 2858 3771 2934">
    <p class='ocr_par' dir='ltr' id='par_1_91' title="bbox 2275 2858 3771 2934">
     <span class='ocr_line' id='line_1_92' title="bbox 2275 2858 3771 2934; baseline -0.004 -15"><span class='ocrx_word' id='word_1_601' title='bbox 2275 2864 2544 2929; x_wconf 82' lang='grc' dir='ltr'>Ἀνάστα,</span> <span class='ocrx_word' id='word_1_602' title='bbox 2572 2866 2769 2934; x_wconf 82' lang='grc' dir='ltr'>Κύριε,</span> <span class='ocrx_word' id='word_1_603' title='bbox 2794 2864 3111 2932; x_wconf 78' lang='grc' dir='ltr'><strong>βοήθησον</strong></span> <span class='ocrx_word' id='word_1_604' title='bbox 3152 2862 3313 2933; x_wconf 71' lang='grc' dir='ltr'>ἡμῖν,</span> <span class='ocrx_word' id='word_1_605' title='bbox 3343 2860 3438 2915; x_wconf 78' lang='grc' dir='ltr'><strong>καὶ</strong></span> <span class='ocrx_word' id='word_1_606' title='bbox 3468 2858 3771 2927; x_wconf 78' lang='grc' dir='ltr'>λύτρωσαι</span> 
     </span>
    </p>
   </div>
   <div class='ocr_carea' id='block_1_92' title="bbox 2194 2950 3777 3027">
    <p class='ocr_par' dir='ltr' id='par_1_92' title="bbox 2194 2950 3777 3027">
     <span class='ocr_line' id='line_1_93' title="bbox 2194 2950 3777 3027; baseline -0.008 -14"><span class='ocrx_word' id='word_1_607' title='bbox 2194 2956 2350 3027; x_wconf 78' lang='grc' dir='ltr'>ἡμᾶς</span> <span class='ocrx_word' id='word_1_608' title='bbox 2376 2957 2582 3011; x_wconf 73' lang='grc' dir='ltr'>ἕνεκεν</span> <span class='ocrx_word' id='word_1_609' title='bbox 2603 2957 2706 3011; x_wconf 81' lang='grc' dir='ltr'><em>τοῦ</em></span> <span class='ocrx_word' id='word_1_610' title='bbox 2738 2956 3027 3027; x_wconf 75' lang='grc' dir='ltr'>ὀνόματός</span> <span class='ocrx_word' id='word_1_611' title='bbox 3059 2970 3196 3018; x_wconf 86' lang='grc' dir='ltr'><strong>σου,</strong></span> <span class='ocrx_word' id='word_1_612' title='bbox 3252 2971 3307 3006; x_wconf 88' lang='grc' dir='ltr'>κ.</span> <span class='ocrx_word' id='word_1_613' title='bbox 3337 2970 3387 3007; x_wconf 84' lang='grc' dir='ltr'>τ.</span> <span class='ocrx_word' id='word_1_614' title='bbox 3445 2951 3491 3005; x_wconf 82' lang='grc' dir='ltr'><strong>ὲ.</strong></span> <span class='ocrx_word' id='word_1_615' title='bbox 3548 2950 3777 3016; x_wconf 77' lang='grc' dir='ltr'>Λέγοιεν</span> 
     </span>
    </p>
   </div>
   <div class='ocr_carea' id='block_1_93' title="bbox 2193 3038 3776 3119">
    <p class='ocr_par' dir='ltr' id='par_1_93' title="bbox 2193 3038 3776 3119">
     <span class='ocr_line' id='line_1_94' title="bbox 2193 3038 3776 3119; baseline -0.004 -18"><span class='ocrx_word' id='word_1_616' title='bbox 2193 3047 2417 3101; x_wconf 76' lang='grc' dir='ltr'>τοιαῦτα</span> <span class='ocrx_word' id='word_1_617' title='bbox 2444 3048 2556 3118; x_wconf 84' lang='grc'>(28)</span> <span class='ocrx_word' id='word_1_618' title='bbox 2592 3048 2728 3119; x_wconf 75' lang='grc' dir='ltr'>πρὸς</span> <span class='ocrx_word' id='word_1_619' title='bbox 2756 3047 2849 3099; x_wconf 78' lang='grc' dir='ltr'><strong>τὸν</strong></span> <span class='ocrx_word' id='word_1_620' title='bbox 2882 3044 3109 3115; x_wconf 79' lang='grc' dir='ltr'>Σωτῆρα</span> <span class='ocrx_word' id='word_1_621' title='bbox 3135 3044 3191 3096; x_wconf 81' lang='grc' dir='ltr'>ὲν</span> <span class='ocrx_word' id='word_1_622' title='bbox 3218 3045 3284 3115; x_wconf 83' lang='grc' dir='ltr'>τῇ</span> <span class='ocrx_word' id='word_1_623' title='bbox 3317 3041 3517 3114; x_wconf 77' lang='grc' dir='ltr'>καρδίᾳ</span> <span class='ocrx_word' id='word_1_624' title='bbox 3547 3041 3641 3111; x_wconf 77' lang='grc' dir='ltr'>τῆς</span> <span class='ocrx_word' id='word_1_625' title='bbox 3667 3038 3776 3107; x_wconf 77' lang='grc' dir='ltr'>γῆς</span> 
     </span>
    </p>
   </div>
   <div class='ocr_carea' id='block_1_94' title="bbox 2198 3131 3776 3212">
    <p class='ocr_par' dir='ltr' id='par_1_94' title="bbox 2198 3131 3776 3212">
     <span class='ocr_line' id='line_1_95' title="bbox 2198 3131 3776 3212; baseline -0.008 -19"><span class='ocrx_word' id='word_1_626' title='bbox 2198 3140 2542 3212; x_wconf 78' lang='grc' dir='ltr'>διατρίϐοντα</span> <span class='ocrx_word' id='word_1_627' title='bbox 2569 3139 2710 3192; x_wconf 79' lang='grc' dir='ltr'>κατὰ</span> <span class='ocrx_word' id='word_1_628' title='bbox 2738 3139 2827 3191; x_wconf 85' lang='grc' dir='ltr'><strong>τὸν</strong></span> <span class='ocrx_word' id='word_1_629' title='bbox 2867 3137 2959 3190; x_wconf 79' lang='grc' dir='ltr'>τοῦ</span> <span class='ocrx_word' id='word_1_630' title='bbox 3006 3137 3213 3198; x_wconf 83' lang='grc' dir='ltr'>πάθους</span> <span class='ocrx_word' id='word_1_631' title='bbox 3263 3135 3487 3205; x_wconf 77' lang='grc' dir='ltr'>καιρόν·</span> <span class='ocrx_word' id='word_1_632' title='bbox 3542 3132 3620 3195; x_wconf 79' lang='grc' dir='ltr'>ὃς,</span> <span class='ocrx_word' id='word_1_633' title='bbox 3673 3131 3776 3202; x_wconf 77' lang='grc' dir='ltr'>τὴν</span> 
     </span>
    </p>
   </div>
   <div class='ocr_carea' id='block_1_95' title="bbox 2198 3220 3777 3300">
    <p class='ocr_par' dir='ltr' id='par_1_95' title="bbox 2198 3220 3777 3300">
     <span class='ocr_line' id='line_1_96' title="bbox 2198 3220 3777 3300; baseline -0.005 -18"><span class='ocrx_word' id='word_1_634' title='bbox 2198 3231 2372 3300; x_wconf 75' lang='grc' dir='ltr'>ψυχὴν</span> <span class='ocrx_word' id='word_1_635' title='bbox 2406 3229 2569 3282; x_wconf 77' lang='grc' dir='ltr'>αὑτοῦ</span> <span class='ocrx_word' id='word_1_636' title='bbox 2604 3227 2798 3298; x_wconf 82' lang='grc' dir='ltr'>λύτρον</span> <span class='ocrx_word' id='word_1_637' title='bbox 2823 3224 2996 3289; x_wconf 75' lang='grc' dir='ltr'>διδοὺς</span> <span class='ocrx_word' id='word_1_638' title='bbox 3030 3225 3150 3278; x_wconf 75' lang='grc' dir='ltr'>ἀντὶ</span> <span class='ocrx_word' id='word_1_639' title='bbox 3171 3223 3403 3289; x_wconf 81' lang='grc' dir='ltr'>πολλῶν,</span> <span class='ocrx_word' id='word_1_640' title='bbox 3433 3223 3577 3277; x_wconf 82' lang='grc' dir='ltr'>ποιεῖ</span> <span class='ocrx_word' id='word_1_641' title='bbox 3600 3220 3777 3274; x_wconf 67' lang='grc' dir='ltr'>ταῦτα</span> 
     </span>
    </p>
   </div>
   <div class='ocr_carea' id='block_1_96' title="bbox 2201 3310 3281 3391">
    <p class='ocr_par' dir='ltr' id='par_1_96' title="bbox 2201 3310 3281 3391">
     <span class='ocr_line' id='line_1_97' title="bbox 2201 3310 3281 3391; baseline -0.002 -19"><span class='ocrx_word' id='word_1_642' title='bbox 2201 3321 2341 3391; x_wconf 79' lang='grc' dir='ltr'>ὑπὲρ</span> <span class='ocrx_word' id='word_1_643' title='bbox 2371 3321 2467 3390; x_wconf 78' lang='grc' dir='ltr'>τῆς</span> <span class='ocrx_word' id='word_1_644' title='bbox 2489 3319 2644 3390; x_wconf 79' lang='grc' dir='ltr'>δόξης</span> <span class='ocrx_word' id='word_1_645' title='bbox 2668 3317 2761 3371; x_wconf 76' lang='grc' dir='ltr'>τοῦ</span> <span class='ocrx_word' id='word_1_646' title='bbox 2794 3310 3053 3388; x_wconf 80' lang='grc' dir='ltr'>ὀνόματος</span> <span class='ocrx_word' id='word_1_647' title='bbox 3095 3314 3281 3370; x_wconf 82' lang='grc' dir='ltr'>αὑτοῦ.</span> 
     </span>
    </p>
   </div>
   <div class='ocr_carea' id='block_1_97' title="bbox 2760 3492 3207 3548">
    <p class='ocr_par' dir='ltr' id='par_1_97' title="bbox 2760 3492 3207 3548">
     <span class='ocr_line' id='line_1_98' title="bbox 2760 3492 3207 3548; baseline -0.007 0"><span class='ocrx_word' id='word_1_648' title='bbox 2760 3492 3053 3548; x_wconf 77' lang='grc' dir='ltr'><strong>ΨΑᾹΜΟΣ</strong></span> <span class='ocrx_word' id='word_1_649' title='bbox 3077 3492 3207 3546; x_wconf 77' lang='lat' dir='ltr'><strong>MA’.</strong></span> 
     </span>
    </p>
   </div>
   <div class='ocr_carea' id='block_1_98' title="bbox 2282 3580 3779 3657">
    <p class='ocr_par' dir='ltr' id='par_1_98' title="bbox 2282 3580 3779 3657">
     <span class='ocr_line' id='line_1_99' title="bbox 2282 3580 3779 3657; baseline -0.009 -12"><span class='ocrx_word' id='word_1_650' title='bbox 2282 3585 2675 3657; x_wconf 74' lang='grc' dir='ltr'>Ἐξηρεύξατο</span> <span class='ocrx_word' id='word_1_651' title='bbox 2704 3588 2742 3655; x_wconf 82' lang='grc' dir='ltr'><em>ἠ</em></span> <span class='ocrx_word' id='word_1_652' title='bbox 2769 3585 2982 3654; x_wconf 79' lang='grc' dir='ltr'>καρδία</span> <span class='ocrx_word' id='word_1_653' title='bbox 3006 3602 3123 3654; x_wconf 85' lang='grc' dir='ltr'><strong>μου</strong></span> <span class='ocrx_word' id='word_1_654' title='bbox 3151 3585 3337 3651; x_wconf 76' lang='grc' dir='ltr'><em>λόγον</em></span> <span class='ocrx_word' id='word_1_655' title='bbox 3370 3580 3596 3650; x_wconf 72' lang='grc' dir='ltr'><strong>ἀγαθὸν</strong></span> <span class='ocrx_word' id='word_1_656' title='bbox 3617 3622 3630 3643; x_wconf 89' lang='grc'><strong>,</strong></span> <span class='ocrx_word' id='word_1_657' title='bbox 3671 3581 3779 3632; x_wconf 76' lang='grc' dir='ltr'><strong>λέ-</strong></span> 
     </span>
    </p>
   </div>
   <div class='ocr_carea' id='block_1_99' title="bbox 2199 3666 3780 3753">
    <p class='ocr_par' dir='ltr' id='par_1_99' title="bbox 2199 3666 3780 3753">
     <span class='ocr_line' id='line_1_100' title="bbox 2199 3666 3780 3753; baseline -0.012 -17"><span class='ocrx_word' id='word_1_658' title='bbox 2199 3701 2279 3753; x_wconf 78' lang='grc' dir='ltr'><strong>γω</strong></span> <span class='ocrx_word' id='word_1_659' title='bbox 2304 3679 2417 3749; x_wconf 76' lang='grc' dir='ltr'><strong>ἐγὼ</strong></span> <span class='ocrx_word' id='word_1_660' title='bbox 2443 3679 2515 3733; x_wconf 84' lang='grc' dir='ltr'>τὰ</span> <span class='ocrx_word' id='word_1_661' title='bbox 2536 3678 2678 3747; x_wconf 78' lang='grc' dir='ltr'>ἔργα</span> <span class='ocrx_word' id='word_1_662' title='bbox 2711 3694 2829 3746; x_wconf 80' lang='grc' dir='ltr'><strong>μου</strong></span> <span class='ocrx_word' id='word_1_663' title='bbox 2852 3674 2930 3740; x_wconf 84' lang='grc' dir='ltr'>τῷ</span> <span class='ocrx_word' id='word_1_664' title='bbox 2958 3672 3222 3738; x_wconf 74' lang='grc' dir='ltr'><strong>βασιλεῖ.</strong></span> <span class='ocrx_word' id='word_1_665' title='bbox 3258 3672 3322 3725; x_wconf 87' lang='grc' dir='ltr'><strong>Ἠ</strong></span> <span class='ocrx_word' id='word_1_666' title='bbox 3365 3666 3615 3739; x_wconf 74' lang='grc' dir='ltr'><strong>γλῶσσὰ</strong></span> <span class='ocrx_word' id='word_1_667' title='bbox 3652 3684 3780 3736; x_wconf 83' lang='grc' dir='ltr'><strong>μου</strong></span> 
     </span>
    </p>
   </div>
   <div class='ocr_carea' id='block_1_100' title="bbox 2199 3759 3779 3841">
    <p class='ocr_par' dir='ltr' id='par_1_100' title="bbox 2199 3759 3779 3841">
     <span class='ocr_line' id='line_1_101' title="bbox 2199 3759 3779 3841; baseline -0.011 -14"><span class='ocrx_word' id='word_1_668' title='bbox 2199 3773 2467 3841; x_wconf 71' lang='grc' dir='ltr'>κάλαμος</span> <span class='ocrx_word' id='word_1_669' title='bbox 2496 3766 2874 3839; x_wconf 78' lang='grc' dir='ltr'>γραμματέως</span> <span class='ocrx_word' id='word_1_670' title='bbox 2899 3764 3239 3834; x_wconf 67' lang='grc' dir='ltr'><strong>ὀξυγράφου</strong></span> <span class='ocrx_word' id='word_1_671' title='bbox 3260 3804 3273 3824; x_wconf 85' lang='grc'><strong>,</strong></span> <span class='ocrx_word' id='word_1_672' title='bbox 3305 3781 3357 3815; x_wconf 92' lang='grc' dir='ltr'>κ.</span> <span class='ocrx_word' id='word_1_673' title='bbox 3387 3779 3437 3815; x_wconf 85' lang='grc' dir='ltr'>τ.</span> <span class='ocrx_word' id='word_1_674' title='bbox 3469 3763 3513 3814; x_wconf 79' lang='grc' dir='ltr'>ὲ.</span> <span class='ocrx_word' id='word_1_675' title='bbox 3573 3760 3646 3811; x_wconf 84' lang='grc' dir='ltr'><strong>Τὸ</strong></span> <span class='ocrx_word' id='word_1_676' title='bbox 3691 3759 3779 3821; x_wconf 73' lang='grc' dir='ltr'><strong>δὲ,</strong></span> 
     </span>
    </p>
   </div>
   <div class='ocr_carea' id='block_1_101' title="bbox 2201 3846 3777 3935">
    <p class='ocr_par' dir='ltr' id='par_1_101' title="bbox 2201 3846 3777 3935">
     <span class='ocr_line' id='line_1_102' title="bbox 2201 3846 3777 3935; baseline -0.011 -17"><span class='ocrx_word' id='word_1_677' title='bbox 2201 3886 2220 3918; x_wconf 72' lang='grc' dir='ltr'><strong>ι</strong></span> <span class='ocrx_word' id='word_1_678' title='bbox 2244 3861 2604 3935; x_wconf 80' lang='grc' dir='ltr'>Ἐξηρεὺξατο</span> <span class='ocrx_word' id='word_1_679' title='bbox 2635 3858 2769 3931; x_wconf 83' lang='grc'>(29),</span> <span class='ocrx_word' id='word_1_680' title='bbox 2800 3878 2818 3911; x_wconf 74' lang='grc' dir='ltr'><strong>ι</strong></span> <span class='ocrx_word' id='word_1_681' title='bbox 2850 3858 2970 3910; x_wconf 75' lang='grc' dir='ltr'>ἀντὶ</span> <span class='ocrx_word' id='word_1_682' title='bbox 2996 3855 3091 3909; x_wconf 79' lang='grc' dir='ltr'>τοῦ</span> <span class='ocrx_word' id='word_1_683' title='bbox 3133 3874 3150 3905; x_wconf 78' lang='grc' dir='ltr'><strong>ι</strong></span> <span class='ocrx_word' id='word_1_684' title='bbox 3191 3854 3489 3923; x_wconf 77' lang='grc' dir='ltr'>ἐφθέγξατο</span> <span class='ocrx_word' id='word_1_685' title='bbox 3527 3871 3545 3903; x_wconf 73' lang='grc' dir='ltr'><strong>ι</strong></span> <span class='ocrx_word' id='word_1_686' title='bbox 3585 3846 3777 3902; x_wconf 76' lang='grc' dir='ltr'>εἶπεν·</span> 
     </span>
    </p>
   </div>
   <div class='ocr_carea' id='block_1_102' title="bbox 2196 3942 3781 4026">
    <p class='ocr_par' dir='ltr' id='par_1_102' title="bbox 2196 3942 3781 4026">
     <span class='ocr_line' id='line_1_103' title="bbox 2196 3942 3781 4026; baseline -0.009 -18"><span class='ocrx_word' id='word_1_687' title='bbox 2196 3956 2294 4026; x_wconf 89' lang='grc' dir='ltr'>οὑχ</span> <span class='ocrx_word' id='word_1_688' title='bbox 2325 3955 2410 4007; x_wconf 83' lang='grc' dir='ltr'><strong>ἵνα</strong></span> <span class='ocrx_word' id='word_1_689' title='bbox 2436 3951 2526 4005; x_wconf 81' lang='grc' dir='ltr'><strong>τὸν</strong></span> <span class='ocrx_word' id='word_1_690' title='bbox 2557 3950 2670 4002; x_wconf 76' lang='grc' dir='ltr'>υἱὸν</span> <span class='ocrx_word' id='word_1_691' title='bbox 2703 3949 2903 4020; x_wconf 83' lang='grc' dir='ltr'>ὲρυγὴν</span> <span class='ocrx_word' id='word_1_692' title='bbox 2931 3946 3081 4018; x_wconf 80' lang='grc' dir='ltr'>εἴπῃ,</span> <span class='ocrx_word' id='word_1_693' title='bbox 3113 3943 3250 3999; x_wconf 83' lang='grc' dir='ltr'><strong>ἀλλά</strong></span> <span class='ocrx_word' id='word_1_694' title='bbox 3288 3944 3385 4014; x_wconf 80' lang='grc' dir='ltr'>τὴν</span> <span class='ocrx_word' id='word_1_695' title='bbox 3428 3943 3553 4013; x_wconf 75' lang='grc' dir='ltr'>περὶ</span> <span class='ocrx_word' id='word_1_696' title='bbox 3604 3942 3781 3994; x_wconf 77' lang='grc' dir='ltr'>αὑτοῦ</span> 
     </span>
    </p>
   </div>
   <div class='ocr_carea' id='block_1_103' title="bbox 2195 4033 3783 4118">
    <p class='ocr_par' dir='ltr' id='par_1_103' title="bbox 2195 4033 3783 4118">
     <span class='ocr_line' id='line_1_104' title="bbox 2195 4033 3783 4118; baseline -0.009 -18"><span class='ocrx_word' id='word_1_697' title='bbox 2195 4048 2465 4118; x_wconf 79' lang='grc' dir='ltr'>διήγησιν.</span> <span class='ocrx_word' id='word_1_698' title='bbox 2502 4042 2574 4095; x_wconf 72' lang='grc' dir='ltr'><strong>Τὸ</strong></span> <span class='ocrx_word' id='word_1_699' title='bbox 2601 4040 2756 4109; x_wconf 79' lang='grc' dir='ltr'>λέγον</span> <span class='ocrx_word' id='word_1_700' title='bbox 2790 4038 2846 4091; x_wconf 83' lang='grc' dir='ltr'>δὲ</span> <span class='ocrx_word' id='word_1_701' title='bbox 2888 4036 3175 4108; x_wconf 84' lang='grc' dir='ltr'>πρόσωπον</span> <span class='ocrx_word' id='word_1_702' title='bbox 3207 4035 3292 4105; x_wconf 76' lang='grc' dir='ltr'>εἴη</span> <span class='ocrx_word' id='word_1_703' title='bbox 3324 4034 3387 4088; x_wconf 84' lang='grc' dir='ltr'><strong>ἂν</strong></span> <span class='ocrx_word' id='word_1_704' title='bbox 3418 4034 3446 4085; x_wconf 82' lang='grc' dir='ltr'>ὁ</span> <span class='ocrx_word' id='word_1_705' title='bbox 3482 4033 3667 4087; x_wconf 79' lang='grc' dir='ltr'>Δανῖδ·</span> <span class='ocrx_word' id='word_1_706' title='bbox 3725 4036 3783 4087; x_wconf 86' lang='grc' dir='ltr'>εἰ</span> 
     </span>
    </p>
   </div>
   <div class='ocr_carea' id='block_1_104' title="bbox 2197 4124 3786 4209">
    <p class='ocr_par' dir='ltr' id='par_1_104' title="bbox 2197 4124 3786 4209">
     <span class='ocr_line' id='line_1_105' title="bbox 2197 4124 3786 4209; baseline -0.011 -18"><span class='ocrx_word' id='word_1_707' title='bbox 2197 4136 2305 4209; x_wconf 88' lang='grc' dir='ltr'><strong>γὰρ</strong></span> <span class='ocrx_word' id='word_1_708' title='bbox 2328 4135 2405 4206; x_wconf 84' lang='grc' dir='ltr'><strong>τῷ</strong></span> <span class='ocrx_word' id='word_1_709' title='bbox 2433 4131 2533 4203; x_wconf 85' lang='grc' dir='ltr'>υἱῷ</span> <span class='ocrx_word' id='word_1_710' title='bbox 2557 4133 2584 4185; x_wconf 90' lang='grc' dir='ltr'>ὁ</span> <span class='ocrx_word' id='word_1_711' title='bbox 2605 4130 2787 4201; x_wconf 85' lang='grc' dir='ltr'>πατὴρ</span> <span class='ocrx_word' id='word_1_712' title='bbox 2804 4126 3154 4198; x_wconf 82' lang='grc' dir='ltr'>ἀπήγγειλεν,</span> <span class='ocrx_word' id='word_1_713' title='bbox 3186 4125 3538 4196; x_wconf 80' lang='grc' dir='ltr'>εὑρεθήσεται</span> <span class='ocrx_word' id='word_1_714' title='bbox 3560 4124 3786 4192; x_wconf 70' lang='grc' dir='ltr'>ἀγνοῶν</span> 
     </span>
    </p>
   </div>
   <div class='ocr_carea' id='block_1_105' title="bbox 2125 4219 3376 4294">
    <p class='ocr_par' dir='ltr' id='par_1_105' title="bbox 2125 4219 3376 4294">
     <span class='ocr_line' id='line_1_106' title="bbox 2125 4219 3376 4294; baseline -0.011 -11"><span class='ocrx_word' id='word_1_715' title='bbox 2125 4231 2172 4290; x_wconf 91' lang='lat' dir='ltr'><strong>D</strong></span> <span class='ocrx_word' id='word_1_716' title='bbox 2199 4231 2228 4282; x_wconf 84' lang='grc' dir='ltr'>ὁ</span> <span class='ocrx_word' id='word_1_717' title='bbox 2261 4229 2395 4292; x_wconf 85' lang='grc' dir='ltr'>υίὸς,</span> <span class='ocrx_word' id='word_1_718' title='bbox 2433 4224 2659 4279; x_wconf 74' lang='grc' dir='ltr'>καὶτῶν</span> <span class='ocrx_word' id='word_1_719' title='bbox 2690 4222 2866 4294; x_wconf 77' lang='grc' dir='ltr'>ἔργων</span> <span class='ocrx_word' id='word_1_720' title='bbox 2900 4219 3376 4290; x_wconf 80' lang='grc' dir='ltr'>μεταγενέστερος.</span> 
     </span>
    </p>
   </div>
   <div class='ocr_carea' id='block_1_106' title="bbox 2274 4305 3785 4380">
    <p class='ocr_par' dir='ltr' id='par_1_106' title="bbox 2274 4305 3785 4380">
     <span class='ocr_line' id='line_1_107' title="bbox 2274 4305 3785 4380; baseline -0.012 -6"><span class='ocrx_word' id='word_1_721' title='bbox 2274 4319 2383 4374; x_wconf 87' lang='grc' dir='ltr'><strong>Τοῦ</strong></span> <span class='ocrx_word' id='word_1_722' title='bbox 2416 4314 2621 4371; x_wconf 81' lang='grc' dir='ltr'>αὑτοῦ.</span> <span class='ocrx_word' id='word_1_723' title='bbox 2652 4313 2819 4380; x_wconf 81' lang='grc' dir='ltr'>Λόγος</span> <span class='ocrx_word' id='word_1_724' title='bbox 2860 4310 3062 4378; x_wconf 83' lang='grc' dir='ltr'>ἀγαθός</span> <span class='ocrx_word' id='word_1_725' title='bbox 3083 4311 3229 4363; x_wconf 76' lang='grc' dir='ltr'>ἐστιν</span> <span class='ocrx_word' id='word_1_726' title='bbox 3255 4307 3365 4379; x_wconf 81' lang='grc'>(50)</span> <span class='ocrx_word' id='word_1_727' title='bbox 3400 4309 3428 4361; x_wconf 86' lang='grc' dir='ltr'>ὁ</span> <span class='ocrx_word' id='word_1_728' title='bbox 3483 4305 3680 4378; x_wconf 81' lang='grc' dir='ltr'>ἀρετὴν</span> <span class='ocrx_word' id='word_1_729' title='bbox 3741 4307 3785 4379; x_wconf 82' lang='grc' dir='ltr'>ἢ</span> 
     </span>
    </p>
   </div>
   <div class='ocr_carea' id='block_1_107' title="bbox 2196 4404 2888 4485">
    <p class='ocr_par' dir='ltr' id='par_1_107' title="bbox 2196 4404 2888 4485">
     <span class='ocr_line' id='line_1_108' title="bbox 2196 4404 2888 4485; baseline -0.017 -16"><span class='ocrx_word' id='word_1_730' title='bbox 2196 4414 2396 4485; x_wconf 82' lang='grc' dir='ltr'>γνῶσιν</span> <span class='ocrx_word' id='word_1_731' title='bbox 2427 4409 2708 4480; x_wconf 83' lang='grc' dir='ltr'>σημαίνων</span> <span class='ocrx_word' id='word_1_732' title='bbox 2733 4404 2888 4459; x_wconf 79' lang='grc' dir='ltr'>Θεοῦ.</span> 
     </span>
    </p>
   </div>
   <div class='ocr_carea' id='block_1_108' title="bbox 2271 4489 3794 4567">
    <p class='ocr_par' dir='ltr' id='par_1_108' title="bbox 2271 4489 3794 4567">
     <span class='ocr_line' id='line_1_109' title="bbox 2271 4489 3794 4567; baseline -0.015 -8"><span class='ocrx_word' id='word_1_733' title='bbox 2271 4503 2383 4560; x_wconf 88' lang='grc' dir='ltr'><strong>Τοῦ</strong></span> <span class='ocrx_word' id='word_1_734' title='bbox 2434 4498 2639 4556; x_wconf 80' lang='grc' dir='ltr'>αὑτοῦ.</span> <span class='ocrx_word' id='word_1_735' title='bbox 2681 4498 2939 4567; x_wconf 82' lang='grc' dir='ltr'>Κάλαμος</span> <span class='ocrx_word' id='word_1_736' title='bbox 2986 4492 3355 4564; x_wconf 78' lang='grc' dir='ltr'>γραμματέως</span> <span class='ocrx_word' id='word_1_737' title='bbox 3382 4491 3492 4561; x_wconf 81' lang='grc'>(51)</span> <span class='ocrx_word' id='word_1_738' title='bbox 3539 4489 3794 4559; x_wconf 76' lang='grc' dir='ltr'>ὀξυγρά-</span> 
     </span>
    </p>
   </div>
   <div class='ocr_carea' id='block_1_109' title="bbox 2200 4580 3792 4665">
    <p class='ocr_par' dir='ltr' id='par_1_109' title="bbox 2200 4580 3792 4665">
     <span class='ocr_line' id='line_1_110' title="bbox 2200 4580 3792 4665; baseline -0.009 -16"><span class='ocrx_word' id='word_1_739' title='bbox 2200 4614 2299 4665; x_wconf 62' lang='lat' dir='ltr'><strong>(pou</strong></span> <span class='ocrx_word' id='word_1_740' title='bbox 2335 4597 2368 4665; x_wconf 77' lang='grc' dir='ltr'>ἡ</span> <span class='ocrx_word' id='word_1_741' title='bbox 2401 4590 2621 4661; x_wconf 80' lang='grc' dir='ltr'>γλῶσσά</span> <span class='ocrx_word' id='word_1_742' title='bbox 2654 4591 2768 4641; x_wconf 77' lang='grc' dir='ltr'>ἐστι</span> <span class='ocrx_word' id='word_1_743' title='bbox 2802 4585 3001 4647; x_wconf 79' lang='grc' dir='ltr'>παντὸς</span> <span class='ocrx_word' id='word_1_744' title='bbox 3039 4584 3286 4651; x_wconf 80' lang='grc' dir='ltr'>λέγοντος</span> <span class='ocrx_word' id='word_1_745' title='bbox 3321 4582 3390 4635; x_wconf 86' lang='grc' dir='ltr'><strong>τά</strong></span> <span class='ocrx_word' id='word_1_746' title='bbox 3429 4581 3564 4652; x_wconf 74' lang='grc' dir='ltr'>ἔργα</span> <span class='ocrx_word' id='word_1_747' title='bbox 3606 4580 3792 4634; x_wconf 68' lang='grc' dir='ltr'>αὑτοῦ</span> 
     </span>
    </p>
   </div>
   <div class='ocr_carea' id='block_1_110' title="bbox 2198 4672 3795 4757">
    <p class='ocr_par' dir='ltr' id='par_1_110' title="bbox 2198 4672 3795 4757">
     <span class='ocr_line' id='line_1_111' title="bbox 2198 4672 3795 4757; baseline -0.011 -16"><span class='ocrx_word' id='word_1_748' title='bbox 2198 4688 2277 4757; x_wconf 81' lang='grc' dir='ltr'><strong>τῷ</strong></span> <span class='ocrx_word' id='word_1_749' title='bbox 2296 4684 2521 4756; x_wconf 83' lang='grc' dir='ltr'>βασιλεῖ.</span> <span class='ocrx_word' id='word_1_750' title='bbox 2547 4678 2930 4748; x_wconf 85' lang='grc' dir='ltr'>Εὑσυνείδητος</span> <span class='ocrx_word' id='word_1_751' title='bbox 2946 4676 3055 4747; x_wconf 90' lang='grc' dir='ltr'><strong>γάρ</strong></span> <span class='ocrx_word' id='word_1_752' title='bbox 3086 4676 3151 4728; x_wconf 81' lang='grc' dir='ltr'>τὰ</span> <span class='ocrx_word' id='word_1_753' title='bbox 3184 4675 3290 4729; x_wconf 82' lang='grc' dir='ltr'>ἴδια</span> <span class='ocrx_word' id='word_1_754' title='bbox 3313 4672 3646 4742; x_wconf 78' lang='grc' dir='ltr'>ἀπαγγέλλει</span> <span class='ocrx_word' id='word_1_755' title='bbox 3682 4673 3795 4725; x_wconf 82' lang='grc' dir='ltr'>ἀν-</span> 
     </span>
    </p>
   </div>
   <div class='ocr_carea' id='block_1_111' title="bbox 2201 4762 3795 4847">
    <p class='ocr_par' dir='ltr' id='par_1_111' title="bbox 2201 4762 3795 4847">
     <span class='ocr_line' id='line_1_112' title="bbox 2201 4762 3795 4847; baseline -0.01 -16"><span class='ocrx_word' id='word_1_756' title='bbox 2201 4774 2601 4847; x_wconf 76' lang='grc' dir='ltr'>δραγαθήματα</span> <span class='ocrx_word' id='word_1_757' title='bbox 2621 4787 2634 4800; x_wconf 85' lang='grc'><strong>·</strong></span> <span class='ocrx_word' id='word_1_758' title='bbox 2671 4773 2699 4823; x_wconf 84' lang='grc' dir='ltr'>ὁ</span> <span class='ocrx_word' id='word_1_759' title='bbox 2722 4770 2778 4822; x_wconf 82' lang='grc' dir='ltr'>δὲ</span> <span class='ocrx_word' id='word_1_760' title='bbox 2803 4767 2871 4820; x_wconf 84' lang='grc' dir='ltr'>τὰ</span> <span class='ocrx_word' id='word_1_761' title='bbox 2902 4765 3119 4819; x_wconf 74' lang='grc' dir='ltr'>ἐναντία</span> <span class='ocrx_word' id='word_1_762' title='bbox 3164 4764 3341 4834; x_wconf 79' lang='grc' dir='ltr'>ἑαυτῷ</span> <span class='ocrx_word' id='word_1_763' title='bbox 3369 4762 3643 4826; x_wconf 83' lang='grc' dir='ltr'>συνειδὼς,</span> <span class='ocrx_word' id='word_1_764' title='bbox 3690 4762 3795 4816; x_wconf 77' lang='grc' dir='ltr'><strong>λέ-</strong></span> 
     </span>
    </p>
   </div>
   <div class='ocr_carea' id='block_1_112' title="bbox 2201 4855 3591 4935">
    <p class='ocr_par' dir='ltr' id='par_1_112' title="bbox 2201 4855 3591 4935">
     <span class='ocr_line' id='line_1_113' title="bbox 2201 4855 3591 4935; baseline -0.009 -16"><span class='ocrx_word' id='word_1_765' title='bbox 2201 4883 2313 4935; x_wconf 90' lang='grc' dir='ltr'><strong>γων</strong></span> <span class='ocrx_word' id='word_1_766' title='bbox 2335 4864 2403 4917; x_wconf 79' lang='grc' dir='ltr'>τὰ</span> <span class='ocrx_word' id='word_1_767' title='bbox 2433 4864 2567 4935; x_wconf 75' lang='grc' dir='ltr'>ἔργα</span> <span class='ocrx_word' id='word_1_768' title='bbox 2594 4858 2757 4913; x_wconf 78' lang='grc' dir='ltr'>αὑτοῦ</span> <span class='ocrx_word' id='word_1_769' title='bbox 2787 4857 2864 4927; x_wconf 84' lang='grc' dir='ltr'><strong>τῷ</strong></span> <span class='ocrx_word' id='word_1_770' title='bbox 2898 4855 3125 4927; x_wconf 85' lang='grc' dir='ltr'>βασιλεῖ,</span> <span class='ocrx_word' id='word_1_771' title='bbox 3158 4856 3591 4926; x_wconf 81' lang='grc' dir='ltr'>βραδύγλωσσος.</span> 
     </span>
    </p>
   </div>
   <div class='ocr_carea' id='block_1_113' title="bbox 2278 4940 3794 5022">
    <p class='ocr_par' dir='ltr' id='par_1_113' title="bbox 2278 4940 3794 5022">
     <span class='ocr_line' id='line_1_114' title="bbox 2278 4940 3794 5022; baseline -0.009 -14"><span class='ocrx_word' id='word_1_772' title='bbox 2278 4953 2503 5022; x_wconf 78' lang='grc' dir='ltr'>Ὠραῖος</span> <span class='ocrx_word' id='word_1_773' title='bbox 2526 4950 2731 5005; x_wconf 70' lang='grc' dir='ltr'>κάλλει</span> <span class='ocrx_word' id='word_1_774' title='bbox 2747 4948 2905 5015; x_wconf 84' lang='grc' dir='ltr'>παρὰ</span> <span class='ocrx_word' id='word_1_775' title='bbox 2924 4946 3065 5011; x_wconf 83' lang='grc' dir='ltr'>τοὺς</span> <span class='ocrx_word' id='word_1_776' title='bbox 3094 4944 3261 5010; x_wconf 74' lang='grc' dir='ltr'><strong>υἱοὺς</strong></span> <span class='ocrx_word' id='word_1_777' title='bbox 3288 4941 3407 4996; x_wconf 82' lang='grc' dir='ltr'><strong>τῶν</strong></span> <span class='ocrx_word' id='word_1_778' title='bbox 3424 4940 3794 5009; x_wconf 69' lang='grc' dir='ltr'>ἀνθρώπων,</span> 
     </span>
    </p>
   </div>
   <div class='ocr_carea' id='block_1_114' title="bbox 2197 5032 3804 5110">
    <p class='ocr_par' dir='ltr' id='par_1_114' title="bbox 2197 5032 3804 5110">
     <span class='ocr_line' id='line_1_115' title="bbox 2197 5032 3804 5110; baseline -0.008 -9"><span class='ocrx_word' id='word_1_779' title='bbox 2197 5066 2252 5101; x_wconf 86' lang='grc' dir='ltr'>κ.</span> <span class='ocrx_word' id='word_1_780' title='bbox 2277 5064 2326 5100; x_wconf 91' lang='grc' dir='ltr'><strong>τ.</strong></span> <span class='ocrx_word' id='word_1_781' title='bbox 2352 5047 2397 5099; x_wconf 83' lang='grc' dir='ltr'><strong>ἑ.</strong></span> <span class='ocrx_word' id='word_1_782' title='bbox 2446 5046 2541 5097; x_wconf 86' lang='grc' dir='ltr'><strong>Ἐκ</strong></span> <span class='ocrx_word' id='word_1_783' title='bbox 2582 5041 2677 5095; x_wconf 78' lang='grc' dir='ltr'>τοῦ</span> <span class='ocrx_word' id='word_1_784' title='bbox 2721 5036 3059 5110; x_wconf 81' lang='grc' dir='ltr'>προφητικοῦ</span> <span class='ocrx_word' id='word_1_785' title='bbox 3114 5033 3403 5108; x_wconf 81' lang='grc' dir='ltr'>προσώπου</span> <span class='ocrx_word' id='word_1_786' title='bbox 3438 5033 3549 5103; x_wconf 79' lang='grc'>(52)</span> <span class='ocrx_word' id='word_1_787' title='bbox 3604 5032 3804 5088; x_wconf 66' lang='grc' dir='ltr'>ταῦτα</span> 
     </span>
    </p>
   </div>
   <div class='ocr_carea' id='block_1_115' title="bbox 2278 5218 3629 5296">
    <p class='ocr_par' dir='ltr' id='par_1_115' title="bbox 2278 5218 3629 5296">
     <span class='ocr_line' id='line_1_116' title="bbox 2278 5218 3629 5296; baseline -0.007 -15"><span class='ocrx_word' id='word_1_788' title='bbox 2278 5228 2393 5296; x_wconf 81' lang='lat'><strong>(28)</strong></span> <span class='ocrx_word' id='word_1_789' title='bbox 2423 5225 2668 5296; x_wconf 75' lang='grc' dir='ltr'>Λέγοιεν</span> <span class='ocrx_word' id='word_1_790' title='bbox 2694 5225 2953 5287; x_wconf 82' lang='grc' dir='ltr'>τοιαῦτα,</span> <span class='ocrx_word' id='word_1_791' title='bbox 2984 5234 3092 5296; x_wconf 86' lang='lat' dir='ltr'><strong>etc.</strong></span> <span class='ocrx_word' id='word_1_792' title='bbox 3125 5223 3327 5278; x_wconf 87' lang='lat' dir='ltr'><strong>Catena</strong></span> <span class='ocrx_word' id='word_1_793' title='bbox 3361 5218 3629 5296; x_wconf 79' lang='lat' dir='ltr'><strong>Corderii.</strong></span> 
     </span>
    </p>
   </div>
   <div class='ocr_carea' id='block_1_116' title="bbox 2276 5287 3804 5367">
    <p class='ocr_par' dir='ltr' id='par_1_116' title="bbox 2276 5287 3804 5367">
     <span class='ocr_line' id='line_1_117' title="bbox 2276 5287 3804 5367; baseline -0.005 -17"><span class='ocrx_word' id='word_1_794' title='bbox 2276 5287 2387 5367; x_wconf 81' lang='grc'>(29)</span> <span class='ocrx_word' id='word_1_795' title='bbox 2427 5287 2648 5361; x_wconf 57' lang='lat' dir='ltr'><strong>mea,</strong></span> <span class='ocrx_word' id='word_1_796' title='bbox 2722 5294 3113 5363; x_wconf 78' lang='grc' dir='ltr'>Ἐξηρεύξατο</span> <span class='ocrx_word' id='word_1_797' title='bbox 3145 5332 3160 5358; x_wconf 93' lang='grc'><strong>,</strong></span> <span class='ocrx_word' id='word_1_798' title='bbox 3218 5302 3327 5347; x_wconf 86' lang='lat' dir='ltr'><strong>etc.</strong></span> <span class='ocrx_word' id='word_1_799' title='bbox 3386 5292 3591 5345; x_wconf 75' lang='lat' dir='ltr'><strong>Catena</strong></span> <span class='ocrx_word' id='word_1_800' title='bbox 3641 5287 3804 5343; x_wconf 82' lang='lat' dir='ltr'><strong>Cor-</strong></span> 
     </span>
    </p>
   </div>
   <div class='ocr_carea' id='block_1_117' title="bbox 2202 5369 2361 5423">
    <p class='ocr_par' dir='ltr' id='par_1_117' title="bbox 2202 5369 2361 5423">
     <span class='ocr_line' id='line_1_118' title="bbox 2202 5369 2361 5423; baseline -0.006 0"><span class='ocrx_word' id='word_1_801' title='bbox 2202 5369 2361 5423; x_wconf 87' lang='lat' dir='ltr'><strong>derii.</strong></span> 
     </span>
    </p>
   </div>
   <div class='ocr_carea' id='block_1_118' title="bbox 2273 5425 3807 5508">
    <p class='ocr_par' dir='ltr' id='par_1_118' title="bbox 2273 5425 3807 5508">
     <span class='ocr_line' id='line_1_119' title="bbox 2273 5425 3807 5508; baseline -0.019 -7"><span class='ocrx_word' id='word_1_802' title='bbox 2273 5437 2384 5508; x_wconf 80' lang='lat'><strong>(50)</strong></span> <span class='ocrx_word' id='word_1_803' title='bbox 2412 5438 2602 5506; x_wconf 72' lang='grc' dir='ltr'>Λόγος</span> <span class='ocrx_word' id='word_1_804' title='bbox 2625 5437 2846 5507; x_wconf 76' lang='grc' dir='ltr'>ἀγαθός</span> <span class='ocrx_word' id='word_1_805' title='bbox 2874 5439 3068 5499; x_wconf 75' lang='grc' dir='ltr'>ἐστιν,</span> <span class='ocrx_word' id='word_1_806' title='bbox 3102 5442 3210 5488; x_wconf 89' lang='lat' dir='ltr'><strong>etc.</strong></span> <span class='ocrx_word' id='word_1_807' title='bbox 3245 5430 3426 5487; x_wconf 83' lang='lat' dir='ltr'><strong>Codex</strong></span> <span class='ocrx_word' id='word_1_808' title='bbox 3483 5425 3807 5482; x_wconf 71' lang='lat' dir='ltr'><strong>Coislinia-</strong></span> 
     </span>
    </p>
   </div>
   <div class='ocr_carea' id='block_1_119' title="bbox 2203 5509 3740 5575">
    <p class='ocr_par' dir='ltr' id='par_1_119' title="bbox 2203 5509 3740 5575">
     <span class='ocr_line' id='line_1_120' title="bbox 2203 5509 3740 5575; baseline 0.008 -13"><span class='ocrx_word' id='word_1_809' title='bbox 2203 5525 2303 5562; x_wconf 90' lang='lat' dir='ltr'><strong>nus</strong></span> <span class='ocrx_word' id='word_1_810' title='bbox 2341 5518 2394 5561; x_wconf 88' lang='lat' dir='ltr'><strong>et</strong></span> <span class='ocrx_word' id='word_1_811' title='bbox 2428 5509 2633 5561; x_wconf 83' lang='lat' dir='ltr'><strong>Catena</strong></span> <span class='ocrx_word' id='word_1_812' title='bbox 2675 5510 2923 5561; x_wconf 80' lang='lat' dir='ltr'><strong>Barbari.</strong></span> <span class='ocrx_word' id='word_1_813' title='bbox 3008 5574 3015 5575; x_wconf 17' lang='grc' dir='ltr'><strong>γ</strong></span> <span class='ocrx_word' id='word_1_814' title='bbox 3290 5572 3313 5575; x_wconf 80' lang='lat'>_</span> <span class='ocrx_word' id='word_1_815' title='bbox 3513 5570 3543 5575; x_wconf 57' lang='grc' dir='ltr'>η</span> <span class='ocrx_word' id='word_1_816' title='bbox 3635 5569 3646 5575; x_wconf 87' lang='grc'><strong>,</strong></span> <span class='ocrx_word' id='word_1_817' title='bbox 3727 5569 3740 5575; x_wconf 89' lang='grc'><strong>-</strong></span> 
     </span>
    </p>
   </div>
   <div class='ocr_carea' id='block_1_120' title="bbox 2272 5569 3804 5647">
    <p class='ocr_par' dir='ltr' id='par_1_120' title="bbox 2272 5569 3804 5647">
     <span class='ocr_line' id='line_1_121' title="bbox 2272 5569 3804 5647; baseline -0.008 -17"><span class='ocrx_word' id='word_1_818' title='bbox 2272 5579 2384 5647; x_wconf 79' lang='grc'>(31)</span> <span class='ocrx_word' id='word_1_819' title='bbox 2412 5577 2688 5645; x_wconf 71' lang='grc' dir='ltr'>Κὰλαμος</span> <span class='ocrx_word' id='word_1_820' title='bbox 2718 5574 3119 5647; x_wconf 60' lang='grc' dir='ltr'>γραμματέως,</span> <span class='ocrx_word' id='word_1_821' title='bbox 3154 5582 3259 5647; x_wconf 70' lang='lat' dir='ltr'><strong>etc.</strong></span> <span class='ocrx_word' id='word_1_822' title='bbox 3276 5572 3475 5625; x_wconf 83' lang='lat' dir='ltr'><strong>Catena</strong></span> <span class='ocrx_word' id='word_1_823' title='bbox 3505 5569 3741 5647; x_wconf 64' lang='lat' dir='ltr'><strong>Cortleri</strong></span> <span class='ocrx_word' id='word_1_824' title='bbox 3759 5574 3804 5627; x_wconf 66' lang='grc' dir='ltr'>ἡ,</span> 
     </span>
    </p>
   </div>
   <div class='ocr_carea' id='block_1_121' title="bbox 2200 5637 3813 5774">
    <p class='ocr_par' dir='ltr' id='par_1_121' title="bbox 2200 5637 3813 5774">
     <span class='ocr_line' id='line_1_122' title="bbox 2200 5637 3813 5774; baseline -0.004 -73"><span class='ocrx_word' id='word_1_825' title='bbox 2200 5718 2242 5774; x_wconf 74' lang='lat' dir='ltr'><strong>C</strong></span> <span class='ocrx_word' id='word_1_826' title='bbox 2271 5637 2383 5715; x_wconf 68' lang='grc'>(32)</span> <span class='ocrx_word' id='word_1_827' title='bbox 2428 5648 2522 5703; x_wconf 80' lang='grc' dir='ltr'>Ἐκ</span> <span class='ocrx_word' id='word_1_828' title='bbox 2543 5637 3039 5718; x_wconf 61' lang='grc' dir='ltr'>τοῦὲτροφὴὶικοῦ</span> <span class='ocrx_word' id='word_1_829' title='bbox 3068 5637 3413 5713; x_wconf 62' lang='grc' dir='ltr'>προσώπου,</span> <span class='ocrx_word' id='word_1_830' title='bbox 3435 5650 3540 5696; x_wconf 84' lang='lat' dir='ltr'><strong>etc.</strong></span> <span class='ocrx_word' id='word_1_831' title='bbox 3580 5637 3813 5695; x_wconf 63' lang='lat' dir='ltr'><strong>Eadem</strong></span> 
     </span>
     <span class='ocr_line' id='line_1_123' title="bbox 2243 5729 2423 5773; baseline -0.006 -1"><span class='ocrx_word' id='word_1_832' title='bbox 2243 5729 2423 5773; x_wconf 86' lang='lat' dir='ltr'><strong>atcna.</strong></span> 
     </span>
    </p>
   </div>
   <div class='ocr_carea' id='block_1_122' title="bbox 2243 5729 2423 5773">
    <p class='ocr_par' dir='ltr' id='par_1_122' title="bbox 2243 5729 2423 5773">
     <span class='ocr_line' id='line_1_124' title="bbox 2243 5729 2423 5773; baseline -0.006 -1"><span class='ocrx_word' id='word_1_833' title='bbox 2243 5729 2423 5773; x_wconf 87' lang='lat' dir='ltr'><strong>atena.</strong></span> 
     </span>
    </p>
   </div>
  </div>
