4120 6212
474 297 608 355 1451

1880 295 1967 350 EX
2007 290 2312 350 ORIGENE

3596 275 3737 329 H52

471 420 638 477 sitate
666 417 904 477 liberans
923 436 1018 477 eos
1047 434 1184 491 quos
1215 420 1375 492 regit.
1407 421 1474 475 Et
1495 419 1752 490 quoniam
1789 426 2051 489 potestate

2159 413 2415 475 θύνουσα,
2441 409 2535 463 καὶ
2565 408 2744 477 πάσης
2771 402 3114 472 σκολιότητος
3161 393 3573 452 άπαλλάττουσα
3611 389 3740 452 τοὺς

475 510 622 581 regia
649 527 746 579 per
769 511 914 565 illam
949 513 1122 580 punit,
1151 511 1299 582 virga
1329 520 1414 568 est
1447 513 1594 581 regni
1625 510 1816 578 ipsius.

544 692 709 748 Vens.
735 693 822 748 ll).
867 691 1025 748 Filia:
1056 709 1235 764 regum
1277 695 1333 747 in
1372 694 1568 747 honore
1609 705 1719 746 tuo.
1763 692 1939 745 Astilit
1979 707 2057 744 re-

475 785 598 851 gina
620 785 868 856 udextris
898 786 1002 839 tuis
1025 787 1079 839 in
1098 787 1283 839 vestitu
1308 786 1584 848 deaurato,
1612 785 1937 838 circumdata
1965 800 2054 837 va-

476 876 684 941 rietate,
708 885 813 931 etc.
846 875 1037 932 Sancti
1073 878 1322 946 discipuli
1359 893 1583 944 regnum
1613 877 1874 932 caelorum
1911 875 2058 930 acci-

475 965 686 1032 pientes
713 966 839 1021 facti
873 976 1004 1021 sunt
1046 980 1221 1038 rcges.
1255 967 1416 1036 712
1451 966 1812 1034 Quamobrem
1861 966 2056 1020 animae

476 1057 544 1110 ab
576 1057 706 1123 ipsis
736 1057 1033 1112 secundum
1081 1058 1336 1112 virtutem
1383 1068 1676 1128 generatae,
1713 1060 1966 1113 dicuntur
1992 1057 2057 1111 ﬁ»

477 1147 560 1203 lia:
589 1165 793 1219 regum.
825 1149 1025 1205 Omnes
1064 1165 1194 1205 vero
1225 1150 1342 1205 ista:
1385 1153 1579 1205 animm
1625 1153 1730 1207 ﬁde
1773 1161 1828 1208 et
1855 1153 2055 1210 virtute

475 1242 724 1294 adunata:
762 1257 924 1294 unam
965 1241 1206 1297 efﬁciunt
1249 1243 1492 1312 reginam
1523 1258 1645 1312 qua:
1676 1252 1818 1299 astat
1851 1259 1880 1298 a
1923 1245 2056 1299 dex-

477 1332 579 1384 tris
599 1330 800 1385 Christi
829 1331 940 1386 Dei.
973 1331 1039 1385 Et
1063 1347 1206 1388 nunc
1241 1333 1460 1403 quidem
1493 1332 1732 1389 Ecclesia
1767 1335 1858 1390 Dei
1890 1351 2053 1391 aurea

478 1418 641 1471 habet
678 1417 1012 1485 indumenta,
1052 1435 1118 1474 ex
1163 1433 1313 1489 parte
1357 1437 1692 1492 cognoscens
1727 1432 1781 1478 et
1810 1441 1875 1480 ex
1903 1435 2056 1495 parte

477 1508 986 1577 praphetans;cum
1019 1520 1198 1564 autem
1223 1514 1431 1566 venerit
1458 1514 1601 1582 quod
1633 1515 1930 1585 perlectum
1949 1525 2051 1582 est,

472 1601 878 1648 etevacuatum
917 1596 1080 1650 fuerit
1137 1598 1280 1665 quod
1330 1613 1396 1653 ex
1443 1610 1598 1670 parte
1642 1612 1748 1667 est,
1779 1615 1906 1660 tunc
1942 1613 2054 1660 tota

472 1698 639 1740 aurea
670 1685 888 1741 habebit
909 1689 1252 1744 vestimenta.
1278 1690 1497 1748 Natura:
1543 1695 1686 1748 enim
1715 1697 2056 1753 rationabilis

472 1776 852 1832 vestimentum
881 1789 964 1834 est
993 1781 1271 1849 multiplex
1306 1783 1397 1838 Dei
1423 1785 1712 1853 sapientia.

544 1958 706 2014 Vsss.
741 1960 829 2014 11.
874 1960 941 2016 Et
981 1963 1180 2017 inclina
1217 1981 1398 2019 aurem
1435 1976 1601 2032 tuam,
1634 1978 1738 2023 etc.
1788 1987 1806 2019 ι
1848 1970 2050 2025 lnclina

471 2065 654 2106 aurem
682 2061 849 2116 tuam,
879 2073 898 2105 ι
935 2055 1066 2112 dicit
1097 2056 1258 2111 Pater
1289 2059 1355 2112 ad
1385 2057 1704 2114 Ecclesiam.
1738 2060 2053 2118 Laudabilis

470 2149 652 2194 autem
698 2141 896 2198 oblivio
946 2145 998 2198 in
1051 2155 1343 2200 causaest
1390 2163 1489 2202 cur
1529 2148 1902 2204 obliviscentis
1936 2152 2054 2220 pul-

470 2230 726 2287 chritudo
773 2248 802 2287 a
853 2249 980 2304 rege
1014 2237 1376 2292 desideretur.
1424 2237 1626 2294 Deinde
1659 2255 1823 2295 causa
1867 2242 2052 2310 gloriae

469 2334 630 2389 quam
673 2325 836 2380 habet
882 2325 1146 2394 Ecclesia,
1188 2329 1238 2383 in
1275 2329 1491 2384 occulto
1515 2330 1697 2386 cordis
1732 2342 1836 2397 est,
1861 2341 1910 2386 et
1938 2333 2052 2404 glo-

471 2427 499 2465 r
519 2431 547 2466 a
579 2413 698 2483 ejus
729 2415 798 2470 ab
826 2416 970 2471 intus
994 2425 1077 2472 est
1099 2418 1200 2472 sub
1223 2418 1365 2472 veris
1405 2418 1736 2474 indumentis
1764 2436 1884 2490 quae
1925 2431 2052 2477 sunt

470 2504 767 2558 secundum
815 2506 910 2560 Dei
941 2507 1288 2575 sapientiam,
1331 2517 1386 2560 et
1421 2507 1474 2561 in
1515 2510 1848 2564 conscientia
1895 2511 2050 2580 plena

469 2593 830 2649 conﬁdentiae.
865 2595 1132 2663 Quocirca
1159 2596 1226 2651 de
1263 2597 1377 2666 ipsa
1412 2599 1604 2653 dicitur
1635 2617 1648 2653 :
1681 2619 1698 2651 ι
1725 2599 1913 2656 Omnis
1934 2604 2051 2672 glo-

475 2683 551 2737 ria
594 2685 716 2740 ﬁliae
743 2688 887 2755 regis
912 2688 980 2743 ab
1029 2689 1196 2753 intus,
1223 2709 1242 2742 ι
1275 2700 1468 2759 estque
1514 2692 1682 2760 gloria
1709 2693 1827 2761 ejus
1856 2695 2051 2750 similis

469 2775 656 2846 gloria:
677 2792 838 2845 quam
874 2778 1043 2833 habet
1076 2779 1183 2832 ﬁlia
1214 2781 1374 2848 regis.
1412 2780 1524 2836 Rex
1563 2792 1747 2837 autem
1780 2786 1883 2841 hoc
1933 2787 2050 2842 loco

471 2866 613 2921 Deus
638 2878 1001 2938 nuncupatur.
1028 2869 1168 2938 Quin
1199 2880 1253 2925 et
1285 2874 1605 2928 vestimenta
1634 2874 1752 2944 ejus
1780 2887 1908 2932 sunt
1940 2879 2051 2933 vir-

472 2956 680 3012 tutibus
715 2958 1013 3027 variegata.

545 3047 709 3103 Vnus.
746 3048 835 3102 M.
872 3047 1058 3150 Omnis
1106 3049 1274 3118 gloria
1303 3051 1430 3118 lilia:
1462 3054 1596 3124 regis
1636 3056 1700 3109 ab
1733 3056 1899 3121 intus,
1938 3068 2047 3115 etc.
2080 3093 2122 3150 ο

471 3137 663 3193 Omnis
705 3138 876 3207 gloria
927 3138 1181 3196 Ecclesiae
1212 3153 1412 3196 nostrae
1453 3155 1536 3197 est
1574 3145 1626 3197 in
1659 3144 1919 3202 interiore
1957 3148 2052 3204 ho-

473 3229 620 3284 uiiue
641 3231 938 3285 secundum
965 3232 1223 3288 virtutem
1250 3241 1304 3289 et
1331 3234 1616 3290 scientiam
1641 3247 1904 3306 spectata.

545 3411 706 3466 νεεδ.
743 3412 832 3468 15.
873 3414 1214 3468 Adducenlur
1241 3418 1347 3486 regi
1375 3419 1598 3487 virgines
1621 3429 1733 3486 post
1757 3437 1895 3485 eain,
1930 3437 2049 3490 pro-

472 3517 628 3554 xima:
657 3502 771 3570 ejus
805 3502 1094 3571 alferentur
1117 3504 1232 3568 tibi,
1255 3515 1359 3560 etc.
1388 3506 1748 3563 lmmaculatm
1779 3525 1844 3564 ac
1876 3527 2044 3579 pura‘,

474 3603 528 3644 et
563 3601 784 3660 propter
833 3593 934 3648 hoc
983 3594 1219 3665 virgines
1264 3597 1459 3650 anima:
1497 3600 1839 3668 egredientes
1882 3601 2045 3655 addu-

473 3693 666 3737 centur
689 3683 906 3738 Christo
946 3686 997 3739 in
1027 3687 1210 3739 laztitia
1245 3697 1300 3740 et
1337 3690 1716 3745 exsultatione.
1752 3691 2045 3748 Thalamus

473 3784 654 3829 autem
702 3776 878 3844 regis,
930 3777 981 3829 id
1028 3786 1112 3830 est
1163 3779 1400 3845 Christi,
1455 3779 1619 3833 etiam
1665 3782 1918 3850 templum
1962 3791 2045 3837 est

472 3867 644 3936 ipsius
672 3886 686 3934 ;
713 3868 973 3936 quoniam
1018 3871 1184 3923 etiam
1232 3871 1375 3928 Deus
1416 3881 1520 3938 est,
1559 3881 1613 3927 et
1655 3872 1772 3928 loco
1815 3874 2042 3944 patriar-

469 3960 694 4015 charum
725 3960 836 4014 nati
865 3969 992 4014 sunt
1031 3961 1280 4031 apostoli.

543 4137 813 4207 Ejusdem.
840 4136 1081 4190 Proximi
1103 4137 1271 4189 nostri
1296 4146 1425 4190 sunt
1447 4148 1539 4191 aut
1565 4154 1753 4195 omnes
1773 4142 2039 4205 homines,

467 4240 559 4281 aut
591 4231 679 4298 qui
709 4243 811 4282 non
841 4229 1060 4282 ontuino
1085 4227 1378 4281 secundum
1418 4229 1670 4296 dogmata
1695 4237 2038 4292 conveniunt.

542 4319 705 4371 Vens.
737 4319 820 4370 17.
849 4317 957 4370 Pro
987 4316 1227 4386 patribus
1258 4319 1362 4371 tuis
1390 4321 1499 4371 nati
1524 4330 1642 4373 sunt
1671 4323 1768 4375 tibi
1790 4325 1912 4393 lilii,
1937 4335 2041 4382 etc.

2159 503 2625 575 βασιλευομένους.
2655 499 2763 553 Καὶ
2803 497 2925 549 ἐπεὶ
2947 491 3164 562 ἐξουσίᾳ.
3190 488 3443 559 βασιλικῇ
3469 485 3534 538 δι’
3571 484 3743 554 αὐτῆς

2157 593 2395 657 κολάζει,
2429 591 2620 662 ῥάϐδος
2645 590 2760 641 ἐστὶ
2787 588 2886 657 τῆς
2913 583 3189 656 βασιλείας
3219 579 3406 634 αὐτοῦ.

2231 685 2562 754 Θυγατέρες
2586 682 2901 747 ,ϐασιλέων
2937 679 3007 731 ἐν
3037 676 3112 743 τῇ
3136 673 3274 744 τιμῇ
3293 687 3431 726 σου.
3460 667 3744 738 Παρέστη

2157 781 2196 847 ἡ
2225 779 2574 843 ,βασίλισσα
2621 776 2689 827 ἐκ
2724 769 2940 835 δεξιῶν
2982 785 3122 831 σου,
3154 768 3224 820 ἐν
3264 763 3558 834 ἱματισμῷ
3613 759 3742 812 δια-

2157 872 2364 941 χρύσῳ
2387 866 2856 937 περιϐεϐλημένη
2877 904 2892 928 ,
2925 858 3357 928 πεποικιλμένή
3379 897 3394 920 ,
3425 875 3480 911 κ.
3508 873 3558 908 τ.
3588 856 3636 907 ἑ.
3678 852 3744 906 Ol.

2158 961 2302 1028 διγιοι
2333 960 2571 1030 μαθηταὶ
2604 956 2714 1028 (40)
2743 955 2998 1018 λαϐόντες
3022 954 3122 1023 τὴν
3163 949 3441 1021 βασιλείαν
3484 947 3592 1000 τῶν
3648 946 3740 998 οὐ-

2159 1048 2335 1120 ρανῶν
2381 1047 2638 1116 γεγόνασι
2675 1045 2942 1115 βασιλεῖς’
2978 1042 3169 1110 διόπερ
3202 1041 3295 1093 xu‘t
3324 1038 3382 1092 αί
3436 1038 3526 1089 ὑπ’
3554 1033 3740 1089 αὐτῶν

2156 1137 2492 1207 γεννώμεναι
2516 1137 2635 1188 κατ’
2679 1135 2879 1204 ἀρετὴν
2905 1133 3075 1202 ψυχαὶ
3131 1128 3430 1197 θυγατέρες
3489 1126 3738 1192 λέγονται

2159 1231 2441 1301 βασιλέων.
2468 1231 2648 1283 Πᾶσαι
2669 1228 2725 1280 δὲ
2757 1220 2915 1280 αὗται
2946 1226 3000 1278 αἱ
3019 1222 3210 1294 ψυχαὶ,
3237 1219 3380 1274 κατὰ
3407 1219 3503 1290 τὴν
3555 1219 3742 1270 πίστιν

2157 1323 2252 1377 καὶ
2279 1323 2378 1393 τὴν
2409 1320 2609 1393 ἀρετὴν
2643 1317 2952 1389 ἔνούμεναι,
2989 1316 3116 1387 μίαν
3149 1311 3552 1384 ἀπεργάζονται
3585 1309 3742 1379 βασι-

2157 1415 2274 1468 λίδα
2305 1413 2664 1486 παρεστῶσαν
2697 1413 2762 1464 ὲκ
2789 1408 2977 1475 δεξιῶν
3023 1405 3264 1480 Χριστοῦ
3289 1404 3385 1458 τοῦ
3429 1402 3585 1456 Θεοῦ.
3626 1402 3741 1455 Καὶ

2157 1506 2252 1559 νῦν
2288 1505 2384 1576 μὲν
2411 1506 2444 1574 ἡ
2482 1502 2777 1573 Ἐκκλησία
2802 1499 2896 1552 τοῦ
2920 1499 3055 1552 Θεοῦ
3087 1498 3354 1570 διάχρυσα
3381 1494 3494 1565 ἔχει
3524 1492 3737 1563 ἱμάτια,

2156 1601 2221 1652 ἐκ
2241 1598 2436 1669 μέρους
2463 1595 2826 1665 γινώσκουσα,
2843 1594 2938 1646 καὶ
2968 1593 3032 1644 ἔκ
3056 1590 3256 1662 μέρους
3284 1585 3703 1658 προφητεύουσα
3720 1601 3736 1616 ι

2156 1691 2285 1743 ὃταν
2313 1691 2370 1743 δὲ
2393 1688 2519 1759 ἔλθῃ
2549 1687 2608 1740 τὸ
2628 1686 2853 1748 τέλειον,
2883 1683 3057 1737 καὶτὸ
3079 1683 3144 1735 ὲκ
3171 1681 3234 1752 μέ
3244 1698 3369 1752 ρους
3392 1677 3737 1749 καταργηθῇ,

2085 1753 2277 1835 Βτότε
2330 1753 2598 1851 δλόχρῦσα
2649 1777 2759 1842 ἔξει
2811 1775 2882 1828 τὰ
2935 1775 3156 1845 ἱμάτια·
3215 1773 3429 1844 ἱμάτιον
3476 1771 3585 1838 γάρ
3620 1771 3746 1822 ἐστι

2157 1870 2372 1940 φύσεως
2399 1870 2622 1940 λογικῆς
2661 1870 2694 1939 ἡ
2728 1865 3104 1928 πολυποίκιλος
3130 1854 3291 1933 σοφία
3320 1861 3414 1915 τοῦ
3436 1860 3595 1914 Θεοῦ.

2224 1962 2332 2016 Καὶ
2367 1961 2577 2015 κλῖνον
2600 1959 2666 2013 τὸ
2696 1955 2808 2025 οὖς
2845 1973 2961 2012 σου
2981 1997 2994 2021 ,
3021 1975 3073 2010 κ.
3100 1975 3147 2009 τ.
3182 1957 3232 2009 ὲ.
3272 1973 3289 2006 ι
3316 1954 3509 2007 Κλῖνον
3540 1951 3601 2004 τὸ
3644 1947 3741 2015 οῦς

2154 2070 2246 2105 σου
2275 2051 2454 2123 (41),ι
2503 2051 2639 2122 πρὸς
2688 2050 2788 2120 τὴν
2846 2047 3172 2118 Ἐκκλησίαν
3227 2046 3390 2116 φησιν
3439 2046 3468 2098 δ
3521 2043 3738 2113 Πατήρ.

2167 2143 2454 2214 Ἐπαινετὴ
2481 2143 2535 2196 δὲ
2578 2145 2611 2214 ἡ
2651 2142 2813 2212 λήθη,
2866 2140 3014 2193 αἰτία
3061 2137 3156 2192 τοῦ
3215 2135 3618 2206 ὲπιθυμηθῆναι
3676 2131 3743 2186 τὸ

2153 2235 2349 2298 κάλλος
2373 2235 2463 2288 τοῦ
2486 2233 2880 2304 ὲπιλαθομένου
2911 2232 3015 2285 ὑπὸ
3037 2230 3133 2283 τοῦ
3166 2228 3454 2299 βασιλέως.
3504 2226 3741 2278 Ἔπειτα

2153 2325 2302 2378 αἰτία
2323 2324 2424 2395 τῆς
2447 2323 2605 2394 δόξης
2628 2323 2696 2392 ἢν
2725 2321 2839 2392 ἔχει
2874 2323 2908 2391 ἡ
2955 2317 3268 2388 Ἐκκλησία,
3310 2319 3367 2370 ὲν
3405 2315 3482 2386 τῷ
3511 2313 3740 2386 κρυπτῷ

2153 2416 2254 2486 τῆς
2279 2415 2504 2487 καρδίας
2539 2414 2676 2477 ἐστὶ,
2715 2412 2863 2482 καὶὴ
2889 2411 3016 2476 δόξα
3037 2410 3206 2479 αὐτῆς
3225 2408 3372 2460 ἔνδον
3404 2407 3550 2460 ἐστὶν
3583 2405 3737 2456 evas-

2157 2524 2322 2578 μασιν
2346 2505 2569 2577 ἀληθέσι
2590 2507 2704 2570 τοῖς
2739 2502 2881 2558 κατὰ
2909 2501 3100 2571 σοφίαν
3129 2499 3264 2554 Θεοῦ
3286 2539 3300 2564 ,
3335 2499 3432 2553 καὶ
3473 2495 3740 2550 συνειδότι

2155 2599 2352 2670 πλήρει
2397 2596 2731 2669 παρρησίας.
2777 2593 2878 2648 Διά
2909 2593 3068 2647 τοῦτο
3109 2591 3323 2660 λέγεται
3372 2589 3500 2660 περὶ
3531 2588 3735 2658 αὐτῆς·

2158 2708 2177 2742 ι
2210 2691 2368 2744 Πᾶσα
2400 2691 2434 2760 ἡ
2463 2688 2589 2752 δόξα
2615 2688 2716 2759 τῆς
2747 2685 3017 2756 θυγατρὸς
3042 2683 3135 2737 τοῦ
3163 2681 3428 2752 βασιλέως
3459 2679 3663 2733 ἔσωθεν
3682 2696 3732 2730 ο»

2153 2781 2248 2834 καὶ
2279 2781 2423 2833 ἔστιν
2455 2783 2488 2851 ἡ
2515 2779 2645 2844 δόξα
2677 2779 2846 2850 αὐτῆς
2874 2776 3000 2842 δόξα
3021 2775 3212 2829 ὁποίαν
3237 2774 3349 2845 ἔχει
3379 2773 3444 2826 ἂν
3473 2769 3744 2842 βασιλέως

2153 2871 2419 2941 θυγάτηρ.
2450 2870 2714 2933 Βασιλεὺς
2742 2869 2801 2922 δὲ
2821 2868 2916 2921 νῦν
2937 2870 2964 2921 ὁ
3001 2866 3132 2929 Θεὸς
3159 2865 3400 2934 λέγεται.
3447 2862 3608 2916 Ἀλλὰ
3639 2860 3742 2914 καὶ

2152 2961 2222 3015 τά
2251 2961 2524 3034 ἐνδύματα
2551 2961 2722 3031 αὐτῆς
2750 2959 2968 3013 ποικίλα
2999 2956 3260 3018 κατάτάς
3293 2954 3516 3024 ἀρετάς.

2226 3050 2400 3106 Πᾶσα
2453 3053 2491 3120 ἡ
2547 3050 2698 3114 δόξα
2757 3049 2868 3118 τῆς
2931 3046 3224 3119 θυγατρός
3270 3047 3371 3100 τοῦ
3420 3042 3737 3108 ,ϐασιλέως

2161 3142 2408 3208 ἔσωθεν,
2443 3160 2497 3195 κ.
2525 3159 2576 3194 τ.
2605 3144 2653 3194 ἔ.
2700 3144 2855 3195 Πᾶσα
2890 3142 2923 3211 ἡ
2959 3140 3084 3205 δόξα
3115 3139 3226 3211 (42)
3269 3137 3366 3207 τῆς
3402 3133 3737 3204 Ἐκκλησὶας

2162 3231 2317 3303 ἡμῶν
2346 3234 2403 3285 ὲν
2434 3231 2510 3301 τῷ
2553 3231 2661 3284 ἔσω
2721 3228 2992 3301 ἀνθρώπῳ
3044 3229 3160 3281 ἐστὶ
3223 3227 3341 3280 κατ’
3395 3224 3594 3294 ἀρετὴν
3638 3224 3740 3276 καὶ

2158 3323 2357 3391 γνῶσιν
2385 3323 2756 3394 θεωρουμένη.

2239 3412 2768 3481 Ἅπενεχθήσονται
2812 3409 2890 3476 τῷ
2920 3410 3174 3475 ,ϐασιλεῖ
3214 3407 3498 3477 παρθένοι
3543 3406 3740 3458 ὀπίσω

2155 3503 2365 3573 αὐτῆς,
2396 3507 2454 3557 αἱ
2484 3506 2752 3571 πλησίον
2793 3503 2982 3570 αὐτῆς
3032 3498 3554 3571 ἀπενεχθήσονταί
3609 3513 3735 3557 σοι,

2155 3613 2207 3649 κ.
2248 3613 2299 3648 τ.
2335 3596 2382 3649 ὲ.
2411 3596 2477 3647 Αἱ
2500 3595 2749 3665 ἀμίαντοι
2775 3594 2886 3664 (45)
2923 3596 3016 3647 καὶ
3051 3593 3309 3663 καθαραὶ,
3336 3593 3427 3644 καὶ
3459 3589 3546 3642 διὰ
3575 3589 3738 3640 τοῦτο

2154 3685 2409 3756 παρθένοι
2478 3685 2646 3755 ψυχαὶ
2717 3684 3063 3750 ἐξελθοῦσαι,
3129 3682 3588 3753 ἀπενεχθήσονται
3651 3678 3738 3748 τῷ

2153 3776 2372 3848 Χριστῷ
2397 3778 2454 3830 ἐν
2478 3777 2784 3849 εὐφροσύνῃ
2820 3777 2911 3830 καὶ
2941 3775 3274 3844 ἀγαλλιάσει.
3315 3774 3372 3825 '0
3406 3771 3647 3840 θάλαμος
3672 3771 3734 3823 δὲ

2150 3871 2244 3924 τοῦ
2271 3870 2552 3941 βασιλέως,
2579 3869 2823 3922 τουτέστι
2857 3865 3115 3939 Χριστοῦ,
3150 3865 3244 3918 καὶ
3281 3864 3408 3927 ναός
3449 3865 3594 3915 ἐστιν
3626 3862 3732 3914 αὖ.

2152 3960 2244 4013 τοῦ
2269 3978 2281 3990 ·
2319 3961 2440 4012 ἔπεί
2465 3959 2558 4013 xui.
2585 3960 2614 4010 ὁ
2641 3959 2768 4020 Θεός
2794 3959 2929 4020 ἐστι,
2960 3957 3053 4009 καὶ
3083 3957 3202 4010 ἀντὶ
3230 3954 3336 4008 τῶν
3371 3952 3730 4024 πατριαρχῶν

2152 4051 2437 4120 γεγόνασιν
2469 4053 2516 4104 οξ
2543 4049 2851 4103 ἀπόστολοι.

2230 4141 2337 4196 Τοῦ
2359 4140 2566 4195 αὐτοῦ.
2594 4140 2826 4210 Πλησίον
2857 4136 3014 4210 ἡμῶν
3045 4137 3156 4207 (44)
3199 4139 3332 4190 εἰσιν
3359 4136 3391 4206 ἦ
3421 4135 3625 4198 πάντες
3644 4136 3736 4188 ἄν·

2152 4232 2428 4304 θρωποι,ἤ
2457 4234 2505 4284 οἱ
2531 4231 2608 4302 μὴ
2631 4233 2805 4300 πάντη
2828 4229 2966 4282 κατὰ
2988 4229 3054 4282 τά
3081 4229 3325 4299 δόγματα
3345 4229 3727 4296 οἰκειούμενοι.

2236 4324 2382 4378 Ἀντὶ
2422 4323 2539 4376 τῶν
2563 4322 2833 4390 πατέρων
2854 4337 2970 4376 σου
3003 4320 3420 4392 ἐγεννήθησάν
3445 4337 3543 4374 σοι
3590 4320 3730 4383 vivi,

469 4407 572 4461 Pro
595 4408 892 4471 Abraham,
919 4419 972 4460 rt
1008 4406 1194 4471 Isaac,
1227 4417 1280 4462 et
1318 4406 1503 4472 Jacob,
1539 4419 1591 4464 ct
1632 4427 1726 4480 pro
1755 4414 1876 4469 aliis
1915 4419 2038 4472 reli-

2153 4433 2205 4468 x.
2234 4431 2283 4466 1.
2313 4416 2360 4466 ὲ.
2408 4415 2552 4467 ’Λντὶ
2613 4413 2864 4484 Ἀϐραάμ
2893 4412 3026 4482 (45),
3081 4414 3175 4466 καὶ
3223 4415 3434 4478 Ἰσαάκ,
3495 4412 3588 4464 καὶ
3623 4412 3730 4463 Ία-

466 4505 587 4572 quis
611 4504 701 4573 qui
745 4503 818 4557 illi
865 4504 1186 4572 placuerunt
1219 4509 1270 4560 in
1308 4509 1486 4564 Veteri
1521 4509 1888 4578 Testamento,
1931 4514 2040 4566 nati

469 4605 593 4649 sunt
631 4595 907 4665 discipuli,
955 4607 1008 4650 et
1040 4613 1136 4650 nos
1170 4601 1260 4666 qui
1289 4616 1383 4667 per
1414 4601 1558 4668 ipsos
1593 4603 1945 4665 credidimus,
1987 4614 2043 4657 et

467 4703 654 4742 eorum
705 4687 825 4742 ﬁdei
871 4704 934 4741 ac
981 4690 1309 4756 cognitionis
1366 4692 1608 4745 haercdes
1645 4693 1768 4747 l'acti
1830 4709 2039 4749 sumus.

469 4777 765 4836 llaereditas
816 4781 958 4836 enim
1015 4781 1350 4836 rationabilis
1409 4793 1618 4836 naturae
1667 4793 1748 4838 est
1804 4787 2041 4854 cognitio

468 4869 585 4926 Dei.

890 5063 1051 5134 713
1101 5061 1421 5119 PSALM‘US
1467 5063 1629 5118 XLV.

539 5155 696 5209 Vnus.
725 5155 781 5208 2.
815 5153 954 5205 Deus
993 5161 1162 5204 noster
1188 5154 1448 5223 refugium
1477 5165 1525 5206 et
1551 5157 1733 5221 virtus,
1761 5169 1866 5214 etc.
1896 5159 2038 5213 Deus

471 5246 615 5299 solus
642 5244 926 5313 refugium,
952 5251 1280 5310 quapropter
1303 5243 1370 5296 ad
1409 5244 1613 5298 nullum
1653 5247 1818 5300 alium
1843 5249 2034 5303 confu-

534 5359 654 5441 (ιολ
681 5365 743 5441 Oi
773 5361 926 5441 ἅγιοι
945 5361 1223 5430 μαθηταί,
1248 5372 1356 5418 etc.
1388 5362 1609 5418 Schedzc
1630 5361 1817 5417 Grabii
1847 5373 1901 5418 et
1928 5363 2035 5418 Ca-

463 5441 583 5486 tena
613 5433 858 5488 Barbari.

557 5499 614 5551 4t
684 5502 909 5554 κλῖνον
932 5501 999 5553 τὸ
1028 5495 1137 5566 οὖς
1158 5519 1294 5565 σου,
1330 5510 1434 5554 etc.
1464 5502 1662 5556 Catena
1694 5503 1961 5561 Corderii.

533 5499 648 5639 $42;
673 5569 848 5624 Πᾶσα
874 5572 910 5638 ἡ
941 5571 1109 5634 δόξα,
1159 5583 1262 5626 etc.
1314 5571 1496 5626 Codex
1545 5573 1933 5639 Cuislinianus,

460 5638 673 5694 sclicda:
706 5640 918 5692 Grabii.

533 5703 647 5779 (45)
675 5709 743 5760 At
765 5709 1056 5777 ἀμίαντοι,
1089 5718 1194 5766 etc.
1227 5711 1425 5765 Catena
1447 5710 1710 5768 Cordcrii.

2152 4506 2265 4560 κὼϐ
2294 4506 2388 4560 καὶ
2421 4507 2528 4559 τῶν
2573 4507 2770 4560 λοιπῶν
2797 4506 2906 4560 τῶν
2962 4506 3441 4575 εὐαρεστησάντων
3473 4503 3623 4574 αὐτῷ
3672 4506 3733 4556 ὲν

2151 4605 2217 4672 τῇ
2253 4601 2487 4670 Παλαιᾷ,
2515 4599 2880 4671 ἐγεννήθησαν
2910 4602 2959 4651 οἱ
2987 4599 3246 4670 μαθηταὶ,
3272 4599 3364 4651 καὶ
3386 4600 3545 4668 ἡμεῖς
3577 4599 3628 4650 οἱ
3661 4598 3735 4651 δι’

2153 4695 2332 4749 αὐτῶν
2357 4695 2766 4758 πιστεύσαντες,
2797 4695 2892 4747 καὶ
2919 4694 3016 4765 τὴν
3055 4693 3271 4764 ἐκείνην
3317 4693 3499 4745 πίστιν
3530 4691 3734 4763 κληρο-

2151 4788 2486 4858 νομήσαντες
2519 4787 2613 4838 καὶ
2673 4785 2892 4854 γνῶσιν.
2950 4783 3295 4855 κληρονομία
3352 4783 3462 4855 γὰρ
3506 4783 3735 4852 λογικῆς

2153 4878 2366 4949 φύσεώς
2407 4881 2523 4932 ἐστι
2556 4880 2755 4946 γνῶσις
2782 4879 2940 4935 Θεοῦ.

2701 5067 2990 5120 ΨΑΑΜΟΣ
3041 5039 3173 5120 ME'.

2230 5165 2282 5215 '0
2309 5163 2453 5228 Θεὸς
2483 5160 2652 5231 ήμῶν
2689 5159 3001 5228 καταφυγὴ
3053 5157 3153 5213 καὶ
3188 5157 3473 5226 δύναμις,
3499 5172 3555 5208 κ.
3590 5173 3640 5209 τ.
3677 5156 3726 5206 ἐ.

2147 5253 2278 5316 Θεὸς
2313 5251 2473 5322 μόνος
2525 5247 2636 5321 (46)
2689 5248 3004 5317 καταφυγὴ,
3035 5246 3115 5300 διὸ
3163 5246 3255 5298 ἐπὶ
3308 5243 3514 5316 μηδένα
3563 5242 3736 5298 ἄλλον

2211 5367 2324 5443 (Μ)
2361 5366 2634 5443 Ιζτῑησξρν
2686 5362 2884 5433 ἡμῶν,
2927 5373 3042 5443 εἰς.
3102 5362 3282 5443 Codex
3337 5358 3731 5424 Coislinianus,

2146 5433 2361 5498 scl‘md'u‘.
2386 5436 2573 5489 Grabii
2618 5445 2672 5487 ct
2699 5444 2889 5486 catena
2925 5433 3168 5486 Barbari.

2210 5510 2322 5581 (45)
2346 5506 2505 5581 liti-72
2535 5502 2814 5573 Ἀϐραάμ,
2841 5514 2947 5558 etc.
2985 5502 3208 5558 Scheda:
3234 5503 3418 5558 Grabii
3445 5509 3497 5555 et
3529 5509 3730 5556 catena

673 5569 910 5642 {trioni}
941 5571 1109 5634 δόξα,
1159 5583 1262 5626 etc.
1314 5571 1496 5626 Codex
1545 5573 1933 5642 Coislinianus,
1982 5586 2035 5631 ct
2138 5569 2387 5635 Barbari.

2213 5648 2323 5719 (Mi)
2355 5645 2498 5711 Gedr;
2526 5645 2733 5714 μόνος,
2770 5653 2870 5700 ch.
2904 5644 3106 5699 Catena
3129 5642 3398 5699 Corderii.
