4120 6212
465 331 601 388 N53

1437 321 1743 378 SELECTA
1779 319 1841 374 IN
1869 318 2200 376 PSALMOS.
2231 347 2302 360 --
2331 317 2518 374 PSAL.
2551 318 2711 374 XLV.

3579 329 3712 383 H55

464 439 922 512 καταφεύγωμεν.
975 440 1036 493 Εἰ
1092 438 1321 510 δυνάμει
1372 438 1401 490 ὁ
1444 434 1737 505 δυνάμενος
1794 433 2014 486 δύναται

2144 433 2372 504 giamus.
2403 434 2557 500 Quod
2589 436 2632 489 si
2668 445 2862 504 potens
2895 435 3091 492 virtute
3119 447 3310 507 potens
3331 448 3434 504 est,
3460 439 3602 494 Deus
3626 457 3715 495 au-

461 535 594 598 Θεδς
623 536 680 588 δὲ
700 535 807 587 τῶν
833 534 1005 602 ἁγίων
1034 534 1066 604 ὴ
1097 531 1326 602 δύναμις
1344 569 1358 591 ,
1383 527 1502 598 Θεῷ
1531 529 1562 580 ὁ
1589 527 1741 595 ἆγιος
1795 525 2032 578 δύναται.

474 626 635 681 ’Δλλὰ
664 629 757 680 καὶ
791 627 982 697 βοηθὸς
1001 628 1057 678 ὲν
1087 624 1327 692 θλίψεσιν
1362 623 1390 674 ὁ
1429 620 1581 682 Θεὸς,
1632 619 1718 671 ἵνα
1761 618 1819 668 ὲν
1850 618 2038 680 αὑταῖς

464 717 868 788 καυχησώμεθα
903 715 1263 786 ὑπομένοντες
1287 710 1477 774 αὐτάς.
1507 709 1829 778 Ἐπίστησον
1856 707 1912 760 δὲ
1953 706 2034 768 τὸ,

467 809 706 862 ιῐΙολλαὶ
747 811 802 861 αί
855 807 1062 877 θλίψεις
1114 805 1224 858 τῶν
1282 803 1539 856 δικαίων·
1577 820 1596 852 ι
1655 799 1835 871 ὲτέραι
1881 794 2036 851 οὖσαι

463 899 616 970 παρὰ
635 899 734 963 τὰς
771 898 1042 968 μάστιγας
1061 896 1170 950 τῶν
1198 891 1556 966 ἁμαρτωλῶν.
1581 891 1690 944 Καὶ
1717 889 1806 943 διὰ
1834 888 1893 944 τὺ
1923 906 2038 941 στε-

459 993 556 1063 νὴν
580 992 675 1046 καὶ
702 990 1064 1061 τεθλιμμένην
1095 985 1234 1041 εἶναι
1264 987 1363 1057 τὴν
1410 984 1528 1038 ὁδὸν
1577 983 1677 1052 τὴν
1718 981 2034 1050 ἁπάγουσαν

461 1087 542 1148 εἰς
573 1084 738 1155 ζωὴν,
773 1085 840 1155 ἣν
873 1083 1040 1151 ὀλίγοι
1065 1081 1377 1150 εὑρίσκουσι
1397 1093 1410 1106 ·
1451 1077 1658 1146 μήποτε
1690 1075 2034 1146 εὑρίσκουσιν

463 1179 519 1230 αἱ
543 1175 746 1245 θλίψεις
770 1176 896 1239 τοὺς
923 1175 1184 1237 δικαίους.
1222 1189 1242 1224 ι
1281 1169 1380 1224 Διὰ
1419 1167 1580 1222 τοῦτο
1611 1167 1672 1221 οὐ
1724 1166 2032 1238 φοϐηθησό-
2117 1237 2120 1240 ι

466 1267 623 1337 μεθα,
662 1285 681 1319 ι
717 1266 811 1320 καὶ
840 1263 984 1336 ἑξῆς.
1021 1266 1108 1318 Ἐν
1139 1266 1206 1334 τῇ
1234 1261 1514 1334 συντελείᾳ
1547 1261 1596 1314 οἱ
1626 1259 1724 1331 μὲν
1774 1260 2034 1328 ἁμαρτω-

457 1359 540 1411 λοὶ
568 1359 718 1422 ὄντες
746 1358 815 1428 γῆ
844 1356 1298 1428 ταραχθήσονται,
1326 1354 1374 1405 οἱ
1412 1353 1471 1406 δὲ
1515 1354 1679 1420 ἅγιοι,
1713 1351 1836 1420 ὅρη,
1871 1339 2033 1418 μετα-

453 1450 772 1521 τεθὴσονται
797 1452 894 1522 τὴν
946 1449 1232 1520 μετάθεσιν
1259 1445 1353 1500 τοῦ
1397 1444 1584 1514 Ἑνώχ.
1639 1441 2032 1496 Μετατέθειται

450 1541 507 1594 δὲ
537 1543 630 1596 καὶ
679 1543 852 1614 δροςδ
889 1539 1102 1610 Ἰσραὴλ
1128 1537 1218 1592 διὰ
1260 1537 1326 1590 τὰ
1352 1537 1500 1607 ἔθνη.
1557 1534 1688 1588 Ἀπὸ
1729 1532 1907 1587 κοινοῦ
1947 1531 2026 1596 τὸ,

458 1651 476 1683 t
519 1634 576 1685 ὲν
603 1636 667 1703 τῇ
696 1632 1048 1702 κραταιότητι
1071 1631 1255 1695 αὐτοῦ,
1296 1648 1314 1681 ι
1356 1629 1422 1682 ἵν’
1449 1624 1484 1700 ᾖ
1511 1645 1525 1659 ·
1571 1645 1590 1678 t
1623 1627 1721 1678 Διὰ
1751 1624 1908 1678 τοῦτο
1964 1623 2024 1674 οὐ

452 1720 896 1792 φοϐηθησόμεθα,
946 1722 1006 1773 ὲν
1054 1719 1132 1790 τῷ
1187 1719 1558 1791 ταράσσεσθαι
1604 1717 1709 1787 τὴν
1757 1716 1880 1784 γῆν,
1932 1713 2027 1766 καί⁵

451 1809 830 1878 μετατίθεσθαι
857 1809 925 1862 τὰ
953 1809 1053 1880 ὅρη
1091 1831 1108 1861 ο
1140 1810 1197 1862 ὲν
1215 1812 1282 1880 τῇ
1319 1809 1670 1880 κραταιότητι
1694 1805 1879 1858 αὑτοῦ.

525 1900 634 1953 Τοῦ
661 1900 866 1954 αὑτοῦ.
902 1900 1196 1969 Φεύγοντες
1225 1901 1326 1972 τὴν
1357 1900 1612 1970 πορνείαν
1646 1897 1780 1968 (47),
1811 1897 1875 1965 τῇ
1920 1913 2023 1948 σω-

447 1990 688 2064 φροσύνῃ
710 1991 1116 2062 προσφύγομεν,
1143 1992 1236 2044 καὶ
1274 1991 1412 2046 κατὰ
1447 1991 1543 2060 τῆς
1583 1985 2022 2058 γαστριμαργίας

450 2080 766 2150 μαχόμενοι,
811 2083 951 2152 μετὰ
972 2083 1072 2152 τῆς
1107 2081 1435 2152 ἐγκρατείας
1471 2079 1774 2151 μαχόμεθα.
1812 2078 1875 2130 Εἰ
1913 2074 2022 2145 γὰρ

446 2173 862 2243 προσφεύγομεν
890 2213 904 2238 ,
963 2172 1252 2243 καταφυγὴ
1299 2171 1659 2243 ὀνομάζεται·
1698 2172 1746 2223 εί
1802 2169 1859 2223 δὲ
1925 2175 2020 2228 σὺν

442 2264 580 2334 αὐτῇ
617 2264 983 2336 πολεμοῦμεν,
1013 2265 1259 2335 δύναμις.
1982 2303 1986 2327 ς

511 2352 617 2406 Διά
643 2355 818 2407 τοῦτο
847 2357 920 2409 οὺ
962 2354 1420 2422 φοϐηθησόμεθα
1477 2353 1547 2406 ἐν
1585 2351 1666 2419 τῷ
1720 2353 2017 2422 ταράσσε-

440 2448 579 2498 σθαι
604 2444 719 2510 thr
746 2443 882 2514 γῆν,
916 2461 968 2497 κ.
1001 2461 1051 2496 τ.
1079 2445 1126 2497 ἐ.
1165 2443 1452 2507 Θαλάσσας
1492 2443 1585 2497 καὶ
1629 2443 1729 2514 ὅρη
1763 2444 1874 2514 (48)
1921 2445 2018 2499 νῦν

442 2533 631 2602 φύσεις
679 2533 824 2602 λέγει
870 2533 1093 2602 λογικὰς
1139 2533 1447 2604 ὑψουμένας
1497 2535 1591 2587 καὶ
1649 2535 2018 2605 ἐπαιρομένας

437 2623 582 2679 κατὰ
606 2625 704 2695 τῆς
727 2624 978 2692 γνώσεως
1003 2625 1097 2678 τοῦ
1127 2625 1283 2679 Θεοῦ.

515 2715 924 2786 Τοῦποταμοῦ
971 2718 1043 2771 τὰ
1099 2717 1406 2787 όρμήματτι
1458 2718 1853 2787 εὐφραίνουσι
1903 2719 2017 2787 τὴν

437 2808 621 2862 πόλιν
652 2809 757 2862 τοῦ
785 2809 954 2872 Θεοῦ,
977 2793 1031 2862 κ’.
1049 2826 1110 2873 Δτ.
1146 2809 1190 2860 ὲ.
1219 2807 1324 2861 Τοῦ
1351 2809 1592 2879 ποταμοῦ
1619 2810 1728 2879 (49)
1761 2809 1830 2882 τὰ
1851 2811 2018 2884 ὁρμή-

439 2917 587 2967 ματα
609 2900 748 2954 κατὰ
777 2900 877 2963 τὰς
904 2901 1191 2972 διαιρέσεις
1220 2901 1326 2954 τῶν
1365 2895 1733 2972 χαρισμάτων
1772 2902 1866 2953 καὶ
1915 2901 2014 2963 τὰς

433 2993 724 3064 διαιρέσεις
772 2993 880 3046 τῶν
921 2994 1223 3048 διακονιῶν.
1284 2994 1566 3064 Βοηθεῖται
1630 2996 1663 3064 ή
1716 2993 1869 3056 πόλις
1917 2993 2010 3046 τοῦ

2147 536 2253 580 tem
2281 537 2588 581 sanctorum
2621 529 2790 582 virtus
2818 537 2920 593 cst,
2956 531 3138 598 utique
3169 546 3264 599 per
3300 533 3467 585 Deum
3499 543 3716 586 sanctus

2146 626 2335 683 potens
2361 628 2462 669 est.
2495 618 2634 682 Quin
2665 628 2715 671 et
2747 619 2962 684 adiutor
2991 619 3223 687 Deusin
3259 619 3716 677 tribulationibus.

2141 713 2198 758 ut
2251 704 2304 758 in
2366 703 2498 771 ipsis
2549 701 2850 770 gloriemur
2909 714 3008 755 eas
3066 699 3419 754 sustinentes.
3473 698 3710 754 Adverte

2137 797 2300 850 etiam
2338 796 2404 849 ad
2437 794 2563 847 illud
2597 794 2652 848 ¹ς
2690 811 2708 844 ι
2746 791 2931 846 Multa:
2963 788 3660 856 tribulationesiustorum;
3690 811 3706 840 ι

2137 903 2256 957 qua:
2292 887 2518 941 diversa:
2555 894 2683 939 sunt
2721 899 2750 936 a
2789 882 3012 952 flagellis
3060 891 3430 951 peccatorum.
3484 879 3551 933 Et
3587 881 3710 948 quia

2138 987 2364 1049 angusta
2394 987 2449 1032 et
2481 986 2632 1033 arcta
2663 983 2746 1030 est
2777 975 2858 1028 via
2889 989 3009 1043 qua:
3042 974 3192 1028 ducit
3223 977 3288 1028 ad
3326 975 3516 1047 vitam,
3550 987 3711 1040 quam

2137 1071 2293 1139 pauci
2352 1069 2710 1138 rcperiunt’;
2746 1066 2866 1120 vide
2905 1080 2972 1120 ne
3018 1065 3158 1119 forte
3200 1068 3383 1134 justus
3435 1066 3712 1119 inveniant

2139 1160 2518 1216 tribulationcs
2578 1177 2597 1211 t
2629 1159 2921 1228 Propterea
2954 1173 3061 1212 non
3076 1143 3422 1222 timebimus,
3459 1177 3476 1209 ι
3509 1167 3618 1233 etc.
3654 1156 3708 1209 In

2134 1254 2603 1307 consummatione
2647 1253 2852 1316 smculi,
2914 1263 3227 1321 peccatores
3285 1251 3526 1320 quidem,
3583 1265 3706 1304 cum

2135 1354 2278 1398 terra
2312 1344 2424 1398 sint
2449 1383 2463 1407 ,
2498 1345 3010 1420 conturbabuntnr;
3058 1343 3228 1396 sancti
3257 1356 3406 1406 vero,
3447 1356 3569 1394 cum
3601 1341 3711 1394 siut

2132 1445 2369 1502 montes,
2404 1435 2806 1491 transferentur
2835 1435 3187 1489 translatione
3210 1433 3417 1487 Enoclt.
3453 1431 3709 1486 Transla-

2132 1537 2218 1581 tus
2245 1527 2410 1582 etiam
2453 1527 2551 1582 fuit
2591 1544 2746 1582 mons
2782 1526 2945 1582 Israel
2994 1537 3216 1597 propter
3245 1535 3453 1595 gentes.
3491 1523 3706 1578 Subau-

2130 1618 2382 1672 diendum
2422 1616 2572 1680 illud,
2605 1634 2624 1667 t
2651 1617 2701 1670 in
2743 1616 3056 1670 fortitudine
3085 1615 3224 1684 rjus,
3245 1633 3262 1665 ι
3293 1625 3345 1668 ιιι
3375 1631 3566 1669 sensus
3594 1615 3702 1668 sit:

2136 1731 2154 1764 ι
2184 1712 2479 1780 Propterea
2527 1726 2632 1764 non
2670 1711 2978 1766 timebimus
3011 1712 3135 1765 dunt
3178 1714 3484 1766 turbabitur
3526 1721 3710 1776 terra,

2127 1813 2181 1859 et
2220 1800 2621 1855 transferentur
2658 1811 2870 1855 tuentes
2902 1820 2920 1854 ι
2960 1802 3012 1854 in
3051 1802 3365 1856 fortitudine
3395 1800 3534 1868 ejus.

2200 1891 2477 1961 Ejusdem.
2511 1891 2955 1946 Cnm.luxuriatu
2993 1891 3250 1970 fugimus,
3288 1894 3354 1945 ad
3397 1902 3704 1962 temperan-

2127 1985 2254 2038 tiam
2284 1986 2649 2054 confugimus,
2679 1996 2733 2038 ct
2767 1995 3066 2052 pugnantes
3093 1984 3353 2038 adversus
3388 1985 3700 2060 luxuriam,

2125 2091 2246 2129 cum
2279 2076 2636 2144 temperantia
2679 2090 3004 2146 pugnamus.
3052 2075 3108 2130 Si
3142 2076 3285 2129 enim
3318 2075 3658 2144 confugimus
3683 2117 3698 2141 ,

2126 2168 2393 2238 refugiqu
2433 2168 2786 2232 nominatur;
2823 2168 2865 2222 si
2894 2182 3024 2222 vero
3054 2183 3175 2222 cum
3209 2168 3322 2238 ipsa
3357 2183 3656 2238 pugnamus
3681 2209 3699 2235 ,

2123 2262 2314 2340 virtus.
2796 2335 2798 2338 τ

2200 2335 2362 2407 Vens.
2393 2353 2447 2408 5.
2478 2352 2765 2421 Pr0plerea
2796 2335 2902 2407 non
2941 2335 3237 2408 timebimus
3259 2395 3273 2420 ,
3305 2355 3430 2407 dum
3460 2355 3697 2408 turbabi-

2123 2452 2208 2496 ιω·
2244 2451 2410 2506 terra,
2457 2451 2564 2498 etc.
2603 2442 2832 2496 Marium
2871 2453 2924 2498 et
2960 2445 3222 2498 montium
3258 2446 3475 2499 nomine
3510 2447 3612 2500 hoc
3645 2446 3698 2498 in

2121 2535 2242 2590 loco
2296 2547 2520 2590 naturas
2573 2535 2828 2605 intelligit
2886 2537 3097 2590 ratione
3133 2537 3384 2606 pranlitas
3419 2554 3538 2606 qua:
3577 2554 3698 2593 sese

2120 2627 2349 2682 efferunt
2381 2637 2435 2681 et
2459 2628 2727 2683 extollunt
2755 2630 3022 2681 adversus
3055 2629 3335 2682 scientiam
3369 2628 3481 2686 Dei.

2195 2720 2354 2773 Vens.
2386 2718 2438 2771 5.
2473 2717 2737 2791 Fluminis
2769 2719 2990 2794 impetus
3021 2718 3259 2797 (teli/iciat
3289 2721 3545 2774 civitatem
3578 2721 3696 2784 Dei,

2095 2820 2221 2885 _ctc.
2281 2828 2298 2861 t
2337 2788 2602 2882 Fluminis
2653 2786 2904 2879 impetus
2934 2788 2976 2862 ι’
3008 2791 3133 2888 sunt
3182 2787 3336 2876 juxta
3398 2813 3695 2867 divisiones

2117 2902 2456 2972 gratiarum,
2504 2911 2560 2956 et
2594 2901 3007 2956 distributiones
3042 2901 3490 2957 ministeriorum.
3529 2899 3700 2973 Adju;

2120 3003 2275 3047 vatur
2303 2995 2499 3048 civitas
2533 2993 2647 3058 Dei,
2675 2995 3141 3062 appropinquante
3171 2995 3278 3049 die.
3309 2994 3581 3063 Scriptum
3611 3003 3696 3048 est

371 3080 374 3082 ’
434 3086 592 3148 Θεοῦ,
619 3084 944 3154 ἐγγιζούσης
976 3084 1207 3156 ἡμέρας.
1236 3086 1510 3155 Γράφεται
1530 3084 1585 3136 δὲ
1619 3085 1769 3148 καὶ,ι
1807 3085 2012 3154 Βοηοή-

2119 3087 2275 3138 ctiatn
2317 3085 2374 3139 ἰ
2431 3103 2449 3135 t
2483 3084 2778 3151 Adjuvabit
2825 3100 2946 3138 eam
2983 3084 3129 3136 vultu
3183 3100 3301 3139 suo.
3336 3105 3353 3136 ι
3413 3087 3690 3154 Siquidem

436 3192 519 3227 σει
549 3175 719 3244 αὐτῆς
747 3176 825 3245 τῷ
856 3175 1165 3245 προσώπῳο
1201 3195 1219 3226 ι
1252 3175 1412 3238 σώζει
1432 3175 1540 3246 γὰρ
1574 3176 1742 3244 αὐτῆς
1769 3175 1830 3227 τὸ
1877 3177 2004 3228 κάλ-

430 3264 524 3325 λος
555 3264 818 3332 ἄτρωτον,
850 3263 1012 3332 ἡνίκα
1043 3261 1196 3332 παρὰ
1229 3261 1337 3314 τῶν
1371 3261 1762 3332 ἀντικειμένων
1804 3263 2010 3333 ταράσ-

436 3369 608 3406 σεται.
691 3408 695 3414 _

511 3441 621 3498 Τοῦ
648 3442 853 3496 αὐτοῦ.
896 3440 1058 3504 Πόλις
1088 3440 1222 3493 Θεοῦ
1272 3441 1384 3510 (ΞΟ)
1428 3443 1546 3509 ἦτοι
1593 3443 1626 3512 ἡ
1691 3425 2005 3513 Ἐκκλησία,

434 3535 570 3605 αὕτη
598 3537 630 3605 ή
666 3533 856 3603 λογικὴ
879 3533 1024 3602 ψυχή
1047 3548 1060 3561 ⁸
1097 3533 1342 3602 ποταμοῦ
1373 3533 1429 3585 δὲ
1454 3535 1512 3603 ὁρ
1523 3533 1594 3602 μή
1605 3549 1772 3602 ματα,
1794 3533 1862 3586 τὰ
1914 3532 2008 3586 τοῦ

436 3625 749 3696 Πνεῦματος
775 3624 1109 3695 χαρίσματα.

516 3718 966 3786 Ἐταράχθησαν
995 3717 1162 3783 ἔθνη,
1191 3717 1443 3769 ἔκλιναν
1474 3715 1806 3781 βασιλεῖαι,
1856 3733 1908 3769 κ.
1953 3733 2004 3768 τ.

431 3811 478 3864 ἑ.
499 3795 584 3862 Ἔν
606 3811 672 3878 τῇ
694 3807 928 3879 Χριστοῦ
961 3806 1223 3877 ἐπιδημίᾳ
1247 3806 1357 3875 (δι)
1380 3805 1596 3859 ἔκλιναν
1629 3809 1684 3859 αί
1719 3807 2003 3877 βασιλεῖαι.

439 3923 457 3955 ι
490 3903 698 3956 Ἔδωκε
722 3899 904 3970 φωνὴν
930 3898 1092 3951 αὑτοῦ
1139 3901 1167 3950 ὁ
1202 3897 1455 3968 Χριστὸς,
1489 3899 1752 3970 ἐσαλεύθη
1783 3901 1911 3970 ἡγῆ
1931 3917 1944 3930 °
1981 3921 1999 3952 ι

427 3992 550 4046 ἀντὶ
585 3989 700 4054 τοῦ,
729 3991 776 4043 oi
802 3991 894 4043 ἐπὶ
928 3988 1028 4057 τῆς
1069 3988 1192 4057 γῆς,
1226 3988 1334 4041 τῶν
1371 3987 1643 4058 πανταχοῦ
1671 3988 2004 4060 Ἑκκλησιῶν

429 4083 854 4154 συνισταμένων.

505 4173 614 4228 Τοῦ
637 4172 843 4226 αὐτοῦ.
881 4169 1004 4223 Ἐὰν
1023 4169 1229 4241 ἀκούσῃ
1256 4170 1436 4239 φωνῆς
1473 4168 1584 4239 (5‘2)
1619 4170 1824 4240 Κυρίου
1856 4169 2001 4240 ψυχὴ

426 4265 638 4335 λογικὴ,
670 4263 976 4326 σαλεύεται,
1026 4263 1424 4333 μεταϐαίνουσα
1481 4262 1589 4314 ἀπὸ
1637 4261 1836 4325 κακίας
1865 4262 2001 4332 πρὸς

424 4357 646 4428 ἀρετὴν,
691 4355 786 4406 καὶ
837 4353 943 4406 ἀπὸ
993 4354 1266 4420 ἀγνωσίας
1321 4356 1400 4416 εἰς
1448 4353 1646 4420 γνῶσιν
1684 4353 1839 4405 Θεοῦ.
1890 4352 2001 4423 Τῆς

2117 3173 2342 3226 ίίιιυειιιιι
2377 3184 2558 3228 servat
2587 3174 2703 3240 ejus
2736 3173 3218 3241 pulchritudinem,
3250 3178 3468 3243 quando
3494 3177 3564 3229 ab
3599 3179 3693 3230 adv

2115 3265 2371 3319 versat-iis
2423 3266 2698 3321 turbatur.

2186 3443 2456 3513 Ejusdem.
2492 3443 2700 3500 Civitas
2734 3443 2848 3508 Dei,
2881 3456 2973 3499 aut
3009 3446 3271 3513 Ecclesia,
3315 3448 3426 3516 ipsa
3454 3459 3536 3503 est
3569 3451 3688 3503 ani-

2114 3553 2198 3590 ma
2239 3537 2558 3606 rationalis;
2604 3537 2842 3593 llmninis
2895 3553 3023 3593 vero
3057 3538 3288 3604 impetus
3338 3547 3457 3594 sunt
3513 3542 3687 3597 sancti

2112 3627 2346 3696 Spiritus
2389 3629 2552 3682 dona.
3032 3701 3034 3704 ν

2185 3717 2344 3772 Vens.
2381 3719 2434 3796 7.
2467 3717 2811 3774 Conturbator
2849 3732 2971 3775 sunt
3013 3735 3190 3791 gemes
3215 3764 3229 3790 ,
3269 3724 3527 3778 inclinata
3566 3736 3684 3779 sunt

2109 3826 2304 3879 regna,
2337 3821 2440 3866 etc.
2493 3811 2546 3864 In
2597 3811 2796 3866 Christi
2838 3814 3074 3866 adventu
3126 3815 3381 3870 inclinata
3423 3827 3551 3872 sunt.
3598 3833 3685 3874 rc-

2107 3917 2232 3971 gna.
2275 3920 2292 3952 ι
2325 3902 2482 3955 Dedit
2526 3918 2710 3957 vocem
2760 3921 2911 3957 suam
2963 3905 3250 3970 Christus,
3301 3918 3567 3964 commota
3601 3923 3684 3966 est

2099 4001 2274 4064 terra,
2303 4012 2320 4044 ι
2360 3993 2410 4045 id
2440 4004 2525 4046 est
2558 3996 2865 4063 terrigenae,
2897 4013 3017 4050 ctnn
3056 3997 3249 4066 ubique
3281 4009 3548 4055 terrarum
3582 4006 3684 4058 Ec-

2104 4082 2283 4137 Clesitc
2310 4084 2622 4139 constituta:
2657 4095 2801 4139 sunt.

2179 4169 2451 4238 Ejusdem.
2489 4173 2544 4227 Si
2576 4174 2756 4227 anima
2793 4175 3075 4230 rationalis
3109 4178 3342 4233 audierit
3371 4195 3556 4234 vocent
3587 4181 3685 4238 Do-

2105 4261 2259 4325 mini,
2293 4264 2750 4330 commovebitur,
2779 4268 3053 4319 transiens
3079 4285 3105 4319 ιι
3140 4269 3269 4323 vi'tio
3300 4271 3367 4323 ad
3405 4271 3680 4335 virtutem,

2104 4352 2172 4406 ab
2209 4352 2512 4422 ignorantia
2549 4356 2615 4406 ad
2650 4357 3011 4422 cognitionem
3057 4359 3168 4413 Dei.
3209 4361 3331 4428 Ubi,
3361 4361 3555 4430 inquit,
3595 4365 3682 4417 di»
3739 4391 3744 4397 ν

425 4447 594 4510 θείας,
632 4445 787 4514 φησὶ,
826 4442 1076 4513 βοηθείας
1109 4443 1483 4512 ἐπιφανείσης,
1518 4443 1666 4497 νῶτα
1705 4442 1999 4496 δεδώκασιν

2119 4445 2288 4498 vinum
2329 4445 2592 4498 auxilium
2628 4446 2793 4516 714
2827 4451 3100 4516 apparuit,
3147 4459 3290 4522 terga
3328 4455 3524 4509 dedere
3577 4455 3682 4508 ini-

422 4543 472 4592 oi
503 4539 771 4607 πολέμιοι,
800 4536 892 4588 καὶ
947 4537 1002 4587 αἱ
1051 4536 1311 4588 τάναντία
1364 4537 1530 4589 πάλαι
1565 4536 1858 4605 φρονοῦσαι
1907 4535 2001 4607 βα-

2103 4536 2253 4602 mici,
2287 4545 2341 4590 et
2374 4538 2720 4592 adversantia
2766 4540 2891 4592 olim
2935 4536 3105 4610 regna
3145 4544 3326 4597 divino
3351 4556 3407 4598 et
3453 4547 3681 4599 salutari

423 4630 616 4682 σιλείαι
644 4628 938 4681 ὑπέκλιναν
972 4627 1086 4696 τὴν
1120 4627 1323 4696 αὐχένα
1378 4627 1456 4698 τῷ
1515 4628 1645 4699 θείῳ
1704 4627 1852 4697 ζυγῷ
1908 4617 2000 4679 καὶ

2120 4642 2220 4698 ngo
2269 4613 2510 4682 cervices
2542 4630 2876 4684 inclinarunt
2913 4650 2924 4685 :
2975 4649 3097 4685 nam
3134 4634 3275 4688 Dens
3312 4636 3541 4688 veritate
3565 4675 3580 4698 ,
3624 4649 3679 4691 et

424 4719 709 4790 σωτηρίῳ·
744 4722 807 4788 τῇ
855 4717 963 4788 γὰρ
995 4717 1222 4787 ἀληθείᾳ
1275 4718 1368 4770 καὶ
1414 4721 1479 4788 τῇ
1513 4719 1621 4771 τῶν
1659 4718 1999 4790 πραγμάτων

423 4809 697 4882 μαρτυρίᾳ
760 4809 855 4860 καὶ
916 4810 1035 4870 ταῖς
1108 4808 1474 4870 παντοδαπαῖς
1533 4808 1997 4879 θαυματουργίαις

417 4896 526 4954 οἷον
581 4901 732 4968 φωνῇ
764 4916 867 4952 τινι
901 4897 1240 4968 χρησάμενος
1273 4899 1300 4950 ὁ
1328 4897 1459 4961 Θεὸς
1482 4937 1495 4962 ,
1525 4898 1583 4950 τὺ
1629 4902 1824 4953 οἰκεῖον
1863 4898 1993 4969 ὕψος

417 4994 526 5055 τοῖς
559 4990 864 5060 ἀνθρώποις
891 4988 1188 5052 ὑπέδειξεν.
1575 5001 1578 5004 ’

497 5060 886 5148 Ἁντιιναιρῶν
910 5079 1212 5148 πολέμους
1231 5079 1408 5147 μέχρι
1438 5077 1554 5131 τῶν
1591 5080 1862 5146 περάτων
1883 5079 1986 5147 τῆς

415 5175 746 5248 γῆς,τόξον
782 5172 1101 5239 συντρίψει
1134 5170 1232 5223 καὶ
1275 5170 1613 5238 συγκλείσει
1644 5170 1857 5234 ὅπλον,
1893 5171 1988 5224 καὶ

487 5295 505 5326 ⁸
550 5292 694 5347 l’sal.
740 5289 1053 5354 xxxrnﬂO.
1133 5290 1152 5319 ³
1193 5287 1380 5342 Matth.
1426 5305 1524 5350 vn,
1557 5289 1643 5345 14.

486 5384 596 5456 (47)
633 5386 961 5456 Φεύγογτες
985 5382 1097 5456 τὴν
1126 5383 1432 5450 πορνείαν,
1462 5393 1566 5438 etc.
1601 5383 1822 5438 Sclicth
1847 5383 1987 5439 Gra-

413 5453 563 5512 bii‘et
581 5453 784 5509 Catena
818 5453 1062 5506 Barbari.

485 5525 596 5595 (l8)
622 5521 948 5595 Θαλάσσης
974 5522 1070 5595 καὶ
1101 5523 1364 5595 ὄρηηοιο.
1397 5520 1620 5595 Solit-da:
1646 5522 1858 5586 Grabii,
1894 5532 1983 5578 co-

412 5591 510 5649 des
539 5591 900 5648 (Ieislinianns
925 5601 977 5643 et
1007 5592 1208 5644 Call-na
1243 5591 1487 5644 Barbari.

486 5663 598 5728 (49)
635 5661 743 5715 Τοῦ
770 5659 1056 5726 ποταμοῦ,
1085 5661 1284 5714 Catena
1308 5662 1575 5715 Corderii.

486 5665 576 5728 (49
635 5665 743 5715 Τοῦ
770 5665 1056 5726 ποταμοῦ,
1085 5665 1284 5714 Catena
1308 5665 1575 5715 Corderii.

484 5665 598 5805 (5οζ
626 5733 807 5797 Πόλις
839 5731 1005 5800 Θεοῦ,
1049 5739 1152 5786 etc.
1188 5731 1410 5786 Scltcda:
1451 5732 1635 5787 Grubii
1680 5741 1732 5787 cl.
1776 5731 1983 5789 Catena

2100 4735 2276 4772 rerum
2302 4723 2634 4784 testimonio,
2660 4733 2710 4776 et
2740 4725 3126 4778 miraculorum
3157 4726 3393 4778 cllicacia
3423 4736 3676 4795 tanquam

2098 4823 2229 4864 νοω
2284 4814 2517 4878 quadam
2570 4829 2698 4867 usus
2748 4829 2898 4868 suam
2943 4815 3255 4868 hominibus
3301 4816 3678 4874 celsitudinem

2099 4901 2356 4955 ostendit.

2175 5080 2330 5134 Vsus.
2380 5080 2462 5132 10.
2507 5081 2762 5146 ΑιιῙεηεηε
2800 5079 2934 5133 bella
2976 5097 3136 5149 usque
3180 5083 3249 5134 ad
3279 5083 3435 5145 ﬁnem
3485 5096 3676 5151 teme,

2099 5189 2279 5224 arcum
2308 5185 2532 5225 conteret
2562 5181 2608 5223 et
2648 5173 2937 5241 confringet
2976 5190 3148 5240 arma,
3189 5185 3236 5229 et
3269 5187 3417 5232 scuta
3461 5183 3675 5233 combu-

1722 5291 1741 5320 ³
1767 5289 1910 5344 Psal.
1949 5306 2070 5358 va,
2099 5292 2154 5345 6.

2095 5386 2342 5440 Barbari.

2112 5527 2122 5577 Ι
2169 5459 2280 5536 (ει)
2324 5457 2425 5510 Ἐν
2457 5458 2528 5526 τῇ
2554 5460 2806 5526 λῃστοῦ
2842 5461 3142 5532 ἐπιδημίᾳ,
3172 5476 3278 5521 ctc.
3305 5467 3508 5522 Catella
3539 5467 3672 5523 Cor-

2131 5544 2188 5577 t'l'
2216 5543 2250 5577 ι.

2093 5543 2188 5579 (ΙιὟ
2216 5543 2250 5578 Ι.

2056 5623 2070 5626 -
2090 5664 2128 5718 G
2160 5594 2270 5718 (‘52)
2301 5596 2710 5722 ’Elsdi‘bti)c(‘t"t'll
2741 5600 2964 5668 φωνῆς,
3003 5617 3106 5660 t'tt'.
3138 5605 3359 5662 Scbcda:
3397 5608 3583 5664 (ξι-ειιώ
3617 5619 3672 5666 et

2137 5685 2162 5718 a
2195 5684 2295 5722 cna
2381 5684 2426 5721 an
2479 5686 2577 5722 art.
3613 5703 3620 5710 ·

2137 5684 2295 5722 ιιιςιιιι
2336 5684 2577 5722 υιιιυέιιΊ.
3613 5703 3620 5710 '
