4120 6212
457 335 592 388 ΗἿῙΞ

1872 333 1964 388 EX
2002 331 2304 390 ORIGENE

3579 339 3600 392 l
3621 341 3716 395 i36

457 461 528 502 ret
562 450 693 516 igni,
731 458 836 505 etc.
871 449 1054 504 Potest
1087 449 1264 515 istud,
1301 467 1320 500 ι
1354 448 1611 504 auferens
1644 450 1822 516 bella,
1854 471 1873 504 ι
1908 453 2035 515 dici,

2155 455 2392 522 7vpeob¢
2450 455 2818 508 κατακαύσει
2867 453 2936 506 ἐν
2991 445 3155 521 πυρί,
3206 470 3258 505 κ.
3299 471 3347 508 τ.
3387 453 3433 506 ἐ.
3489 453 3720 509 Δύναται

457 543 712 608 quoniam
755 552 1044 595 cessarunt
1086 544 1189 597 sub
1229 541 1490 597 Romanis
1521 544 1691 608 bella,
1733 561 1853 614 quae
1887 548 2035 615 prius

462 634 676 685 fuerant
705 635 964 686 continua
993 675 1006 698 ,
1041 633 1165 686 dum
1209 636 1310 688 sub
1339 652 1502 688 untnn
1536 637 1820 706 imperium
1854 640 2033 706 priora

466 723 628 775 multa
659 738 819 786 regna
850 733 971 790 post
998 726 1332 779 nativitatem
1360 726 1660 780 Salvatoris
1689 729 2033 796 redegerunt.

461 814 622 869 Facta
648 827 726 868 est
756 816 899 869 enim
937 835 954 867 t
986 816 1153 886 gloria
1179 817 1229 870 in
1258 817 1535 873 altissimis
1568 820 1693 883 Deo,
1726 831 1780 873 et
1812 821 1862 873 itt
1893 831 2032 875 terra

463 921 596 973 pax,
631 907 682 960 in
722 907 1030 962 hominibus
1063 909 1201 961 bona
1233 909 1474 963 voluntas
1502 910 1541 965 ’⁵.
1582 930 1600 962 ι
1640 911 1900 966 Dominus
1927 915 2030 981 igi-

463 1008 550 1051 tur
580 996 738 1052 Jesus
767 1001 947 1068 posuit
985 1000 1037 1053 in
1087 1010 1225 1054 terra
1260 1002 1534 1072 prodigia,
1580 1005 1836 1058 auferens
1867 1022 2037 1076 usque

461 1092 526 1144 ad
561 1091 696 1148 ﬁnes
725 1103 880 1148 terra:
911 1095 1074 1160 bella,
1109 1111 1230 1164 qua'
1261 1097 1523 1162 gerebant
1558 1099 1826 1154 homines.
1873 1101 2037 1156 Anl'e-

463 1186 632 1238 rendo
660 1195 839 1238 autem
889 1186 1049 1248 bella,
1085 1187 1342 1241 centrivit
1378 1205 1588 1254 arcum,
1622 1206 1686 1245 ex
1721 1209 1828 1262 quo
1868 1193 2034 1261 ignita

461 1277 660 1332 diaboli
703 1279 804 1330 tela
838 1279 1262 1344 etnittehantttr;
1309 1291 1362 1335 et
1407 1281 1674 1354 confregit
1704 1299 1854 1337 arma
1897 1286 2036 1354 ejus,

461 1377 513 1418 et
541 1376 687 1420 senta
741 1367 1058 1421 eombussit.
1107 1367 1236 1421 lllud
1270 1381 1453 1424 autem
1509 1391 1526 1423 ι
1557 1374 1843 1428 exaltabor
1871 1393 1890 1424 ι
1946 1375 2036 1430 Dei

465 1473 565 1510 vox
605 1467 687 1510 est
742 1459 973 1512 dicentis
1024 1459 1163 1526 haec,
1213 1471 1497 1532 postquam
1540 1465 1850 1522 sustulisset
1904 1468 2039 1521 bella

463 1563 632 1616 usque
668 1550 734 1601 ad
770 1551 903 1604 lines
931 1560 1111 1618 terrae,
1141 1560 1196 1606 et
1233 1556 1588 1611 contrivisset
1617 1571 1804 1611 arcum
1825 1600 1839 1625 ,
1869 1568 1922 1613 et
1952 1575 2040 1613 ar-

461 1653 546 1692 ma
580 1639 712 1694 conf
714 1642 961 1712 regisset.

533 1913 810 1982 Ejusdem.
854 1917 1050 1982 Arcus,
1091 1934 1394 1987 armorttm,
1429 1931 1484 1976 ct
1511 1922 1651 1976 sculi
1686 1925 1906 1978 nomine
1939 1925 2043 1980 hoe

462 2004 515 2058 itt
547 2004 667 2060 loco
717 2010 1011 2076 pessimum
1073 2012 1322 2068 habitum
1355 2023 1409 2070 et
1450 2030 1645 2084 pravas
1684 2018 2045 2088 cogitationes

463 2100 734 2168 intelligit.

539 2193 700 2252 Vsus.
735 2195 818 2248 Η.
863 2193 1061 2250 Vacnte
1087 2208 1134 2250 et
1157 2199 1321 2253 ridete
1342 2203 1590 2271 quoniam
1613 2220 1705 2272 ego
1733 2220 1847 2255 sum
1881 2202 2040 2268 Dens,

461 2294 567 2339 ctc.
603 2286 725 2341 Otio
748 2306 883 2358 opus
918 2301 1001 2344 est
1034 2291 1100 2345 ad
1131 2295 1567 2361 cognoscendum
1601 2295 1914 2351 Dominum.

973 2563 1292 2620 PSALMUS
1325 2566 1506 2620 ΧΙΝΙ.

535 2649 701 2705 Vens.
751 2653 805 2706 εὶ.
846 2654 1037 2708 Omnes
1085 2668 1295 2724 gentes,
1343 2659 1581 2724 plaudite
1627 2661 1889 2722 omnibus.
1932 2672 2040 2718 etc.

465 2742 628 2804 Quasi
681 2758 866 2796 vocem
924 2747 1177 2798 emittant
1231 2747 1616 2801 exsultationis
1667 2751 1734 2803 ab
1793 2753 2046 2819 operibus

467 2834 622 2887 bouis
651 2850 840 2887 manus
885 2846 1105 2890 nostrre.
1143 2837 1350 2890 Etenim
1391 2837 1718 2907 jnbilantes.
1753 2853 1806 2897 et
1833 2845 2046 2913 quidvis

467 2926 610 2977 alittd
640 2936 879 2992 agentes.
913 2928 996 2979 Vel
1036 2927 1143 2982 Deo
1180 2930 1406 2984 facimus
1433 2971 1448 2994 ,
1483 2935 1704 3001 quando
1748 2941 2046 2991 secundum

473 3020 640 3072 Deum
683 3030 763 3073 est
788 3060 802 3083 ,
838 3019 920 3073 vel
953 3020 1190 3086 diabolo,
1225 3023 1443 3090 quando
1482 3023 1679 3078 malum
1730 3042 2043 3096 operantur.

2141 549 2370 618 16(55),
2418 568 2437 600 ‹
2490 547 2832 619 ἀνταναιρῶν
2879 546 3171 616 πολέμους,
3199 566 3216 597 ι
3275 545 3548 613 λέγεσθαι,
3599 549 3722 601 ἐπεὶ

2143 635 2446 688 ἐπαύσαντο
2496 635 2602 688 ὑπὸ
2670 635 2958 705 Ῥωμαίων
3014 636 3064 686 oi
3126 633 3393 705 πρότερον
3479 639 3720 706 συνεχεῖς

2141 727 2413 798 γινόμενοι
2455 727 2700 797 πόλεμοι,
2730 728 2835 779 ὑπὸ
2863 727 2994 795 μίαν
3048 728 3390 796 ποιησάντων
3445 727 3726 797 βασιλείαν

2141 816 2239 878 τὰς
2274 816 2538 886 πρότερον
2569 815 2771 878 πολλὰς
2808 817 2945 885 μετὰ
2977 815 3075 886 τὴν
3089 815 3302 883 γένεσιν
3330 815 3423 868 τοῦ
3447 817 3721 888 Σωτῆρος.

2145 907 2338 974 Γέγονε
2375 906 2482 978 γὰρ
2522 927 2538 956 ι
2568 905 2692 970 δόξα
2718 907 2776 958 ἐν
2807 905 3048 974 ὑψίστοις
3075 905 3212 974 Θεῷ,
3260 907 3354 959 καλ⁸
3376 907 3467 958 ἐπὶ
3488 908 3590 978 γῆς
3648 910 3718 961 εί-

2149 1000 2307 1070 ρὴνη,
2333 1001 2389 1050 ἐν
2419 997 2726 1070 ἀνθρώποις
2760 997 2996 1050 εὐδοκία.
3039 1017 3058 1048 ι
3123 998 3180 1050 '0
3241 999 3446 1068 Κύριος
3477 995 3569 1053 οὖν
3620 1000 3726 1070 Ἰη-

2147 1091 2271 1155 σοῦς
2301 1091 2450 1144 ἔθετο
2481 1091 2548 1144 τά
2573 1091 2667 1145 ἐπὶ
2691 1091 2790 1160 γῆς
2816 1091 3040 1160 τέρατα,
3072 1089 3412 1160 ἁνταναιρῶν
3454 1092 3577 1154 τοὺς
3619 1090 3725 1154 ἕως

2142 1183 2252 1236 τῶν
2278 1185 2527 1256 περάτων
2558 1185 2659 1255 τῆς
2687 1184 2790 1253 γῆς
2823 1183 3111 1253 πολέμους,
3142 1181 3235 1244 οὓς
3266 1182 3630 1252 ἐπολεμοῦντο
3675 1186 3723 1234 οἱ

2145 1275 2442 1346 ἄνθρωποι.
2491 1274 2856 1344 ’Λνταναιρῶν
2889 1275 2946 1327 δὲ
2979 1275 3106 1337 τοὺς
3134 1273 3406 1343 πολέμους
3436 1273 3724 1343 συνέτριψε

2145 1364 2204 1417 τὸ
2234 1364 2405 1430 τόξον,
2422 1365 2514 1433 ἀφ’
2545 1360 2606 1418 οῦ
2637 1365 2945 1434 ἐπέμποντο
2975 1363 3042 1418 τὰ
3068 1364 3438 1434 πεπυρωμένα
3469 1364 3595 1435 βέλη
3627 1363 3724 1417 τοῦ

2145 1454 2412 1519 διαϐόλου,
2443 1455 2536 1508 καὶ
2587 1455 2883 1508 συνέκλασε
2928 1455 2988 1508 τὸ
3025 1455 3186 1508 ὅπλον
3213 1454 3401 1518 αὐτοῦ,
3452 1456 3546 1509 καὶ
3598 1457 3729 1518 τοὺς

2147 1547 2372 1618 ουρεοὺς
2416 1546 2747 1599 κατέκαυσε.
2812 1547 2886 1599 Τὸ
2939 1546 2997 1600 δὲ
3049 1565 3068 1598 ι
3103 1547 3463 1618 ῦψωθήσομαι
3513 1567 3532 1600 ι
3589 1547 3730 1602 Θεοῦ

2147 1637 2300 1708 φωνὴ
2335 1636 2586 1705 λέγοντος
2623 1637 2814 1701 ταῦτα,
2850 1637 2989 1708 μετὰ
3016 1638 3078 1690 τὸ
3117 1638 3571 1710 ἁνταναιρεθῆναι
3599 1641 3732 1703 τοὺς

2147 1729 2252 1792 ἓως
2273 1729 2382 1782 τῶν
2407 1730 2660 1801 περάτων
2687 1729 2788 1799 τῆς
2820 1731 2922 1800 γῆς
2960 1729 3254 1801 πολέμους,
3289 1732 3383 1783 καὶ
3438 1730 3731 1802 συντριϐῆ-

2079 1821 2119 1874 Β
2150 1841 2236 1875 ναι
2262 1822 2436 1887 τόξον,
2469 1823 2562 1876 καὶ
2598 1822 3004 1892 συγκλασθῆναι
3032 1822 3216 1878 ὅπλον.

2228 1915 2335 1968 Τοῦ
2362 1915 2566 1968 αὐτοῦ.
2599 1915 2763 1979 Τόξον
2796 1914 2890 1968 νῦν
2919 1915 3028 1983 (54)
3061 1915 3156 1967 καὶ
3187 1913 3349 1968 ὅπλον
3388 1912 3484 1966 καὶ
3515 1912 3736 1984 θυρεὸν,

2151 2008 2486 2061 κατάστασιν
2540 2008 2819 2079 χειρίστην
2878 2008 3011 2078 φησὶ
3064 2006 3158 2059 καὶ
3219 2005 3512 2076 λογισμοὺς
3561 2023 3734 2076 πονη-

2153 2099 2300 2171 ρούς.

2221 2190 2592 2260 Σχολάσίιτε,
2639 2190 2738 2244 καί
2792 2191 2998 2259 γνῶτε,
3026 2190 3115 2244 ὅτι
3166 2190 3281 2259 ἐγώ
3323 2193 3439 2257 ειμι
3483 2193 3515 2244 ὁ
3565 2191 3741 2254 Θεός,

2151 2302 2205 2338 κ.
2235 2303 2285 2337 τ.
2312 2286 2359 2338 ἐ.
2422 2285 2624 2356 Σχολῆς
2652 2282 2810 2355 χρεία
2839 2282 2952 2352 (55)
2981 2281 3118 2353 πρὸς
3160 2281 3220 2334 τὸ
3261 2281 3464 2350 γνῶναι
3503 2281 3594 2334 τὸν
3625 2281 3742 2334 Κύ-

2151 2394 2286 2449 ριον.

2700 2561 2994 2614 ΨᾹΛΜΟΣ
3042 2561 3196 2628 Μετ’.

2223 2656 2426 2712 Πάντα
2455 2656 2537 2710 τὰ
2577 2655 2743 2721 ἔθνη,
2786 2652 3120 2721 κροτήσατε
3180 2651 3382 2721 χεῖρας
3413 2690 3429 2715 ,
3475 2667 3527 2703 κ.
3585 2665 3636 2701 τ.
3687 2650 3742 2704 ἐ.

2153 2749 2329 2804 Οίονεὶ
2358 2746 2538 2817 φωνὴν
2573 2745 2684 2816 (56)
2719 2743 3026 2813 ἁφιέτωσαν
3069 2743 3439 2812 ἀγαλλιάσεως
3491 2741 3597 2795 ἀπὸ
3627 2739 3745 2794 τῶν

2155 2839 2334 2894 καλῶν
2366 2839 2543 2909 ἔργων
2576 2838 2633 2889 αί
2661 2839 2841 2908 χεῖρες
2865 2835 3042 2906 ἡμῶν.
3076 2837 3185 2889 Καὶ
3217 2836 3328 2906 γὰρ
3357 2833 3742 2899 ἀλαλάζοντες,

2156 2926 2252 2980 καὶ
2278 2925 2372 2977 ὅτι
2401 2925 2519 2976 ποτ’
2545 2920 2639 2976 οῦν
2668 2925 3018 2995 πράττοντες,
3045 2925 3163 2996 ἦτοι
3181 2924 3260 2995 τῷ
3297 2923 3415 2994 Θεῷ
3453 2923 3742 2992 ποιοῦμεν,

2156 3019 2282 3073 ὅταν
2315 3016 2458 3070 κατὰ
2489 3016 2621 3070 Θεὸν
2645 3012 2699 3089 ᾖ,
2729 3017 2761 3087 ἥ
2790 3015 2866 3086 τῷ
2892 3017 3124 3086 διαϐόλῳ
3146 3057 3160 3078 ,
3185 3017 3312 3070 ὅταν
3357 3016 3557 3070 κακίαν
3588 3015 3771 3084 ἐνερ-.

471 3108 564 3162 δίο
613 3117 790 3162 autem
825 3110 990 3163 etiam
1026 3109 1136 3164 Deo
1171 3112 1448 3180 psallimus
1479 3154 1493 3176 ,
1541 3125 1595 3168 et
1643 3117 1752 3184 regi
1797 3117 2045 3183 Christo,

2157 3110 2383 3181 γοῦμεν.
2423 3110 2580 3163 Οῦτω
2604 3109 2661 3162 δὲ
2687 3109 2781 3163 καὶ⁸
2810 3108 2888 3180 τῷ
2914 3108 3032 3180 Θεῷ
3078 3109 3374 3178 ψάλλομεν,
3403 3109 3502 3161 καὶ
3531 3107 3605 3177 τῷ
3647 3106 3750 3176 βα-

468 3200 842 3254 subandiendo
877 3201 928 3254 itt
980 3215 1110 3254 voce
1141 3202 1560 3268 cxsultationis;
1612 3216 1671 3260 ιιι
1719 3221 1912 3263 sensus
1943 3211 2046 3264 sit:

469 3290 714 3346 Plaudite
769 3293 1018 3348 manibus
1054 3294 1162 3349 Deo
1201 3296 1252 3348 in
1304 3312 1442 3351 voce
1491 3299 1889 3356 CXStlllalititliS.
1937 3301 2050 3358 Vox

470 3385 585 3439 lucc
628 3387 804 3440 onmis
831 3402 951 3441 esse
983 3389 1153 3456 possit
1183 3390 1482 3442 secundum
1524 3390 1691 3444 Deum
1719 3433 1733 3455 ,
1778 3410 1936 3464 quam
1969 3410 2052 3450 se-

473 3469 663 3538 quitur
685 3474 1019 3538 exsultatio;
1048 3479 1319 3530 contraria
1350 3493 1478 3530 vero
1501 3487 1587 3532 est
1610 3479 1853 3548 ejulatio.
1876 3484 2052 3552 Atque

469 3565 596 3618 olim
630 3566 850 3635 quidem
887 3584 990 3620 non
1023 3579 1143 3624 erat
1191 3568 1455 3624 Dominus
1486 3589 1648 3640 super
1689 3590 1904 3629 omnem
1943 3588 2055 3630 ter-

473 3674 620 3720 ram,
651 3669 700 3712 et
733 3658 983 3714 excelsus
1011 3670 1129 3714 erat
1164 3661 1384 3730 paucis,
1423 3673 1478 3716 et
1509 3663 1770 3717 terribilis
1803 3665 1928 3733 piis,
1961 3667 2050 3737 qui

472 3764 640 3817 parvo
665 3761 824 3804 erant
861 3767 1121 3816 numero;
1150 3761 1205 3805 et
1234 3767 1326 3807 rex
1367 3767 1472 3806 non
1506 3752 1710 3817 ttmltis,
1741 3766 1795 3808 et
1827 3770 2053 3823 magnus

473 3841 607 3896 viris
643 3843 782 3897 raris
805 3887 820 3910 ,
862 3844 1040 3913 qualis
1080 3855 1199 3900 erat
1255 3861 1486 3914 magnus
1523 3845 1705 3910 Isaae,
1737 3857 1791 3901 et
1828 3862 2055 3918 magnus

475 3929 719 4002 Moyses;
753 3948 895 3987 nunc
925 3945 1108 3988 atttem
1137 3935 1304 3990 multo
1337 3937 1584 4005 pluribus
1615 3939 1729 3993 haec
1754 3937 1934 3992 omnia
1967 3954 2054 3992 ex-

475 4023 656 4077 sistit:
694 4024 802 4078 into
847 4025 1010 4080 etiam
1046 4028 1270 4082 Omnino
1306 4030 1412 4083 erit
1456 4029 1637 4083 omnia
1675 4031 1728 4082 in
1779 4030 2051 4084 omnibus.

473 4113 634 4168 Prius
661 4115 881 4184 quidem
929 4116 981 4169 in
1018 4117 1136 4171 solo
1186 4119 1382 4171 lsraele
1413 4129 1530 4172 erat
1567 4136 1820 4188 maguum
1857 4135 2051 4186 nomen

471 4208 588 4275 ejus
615 4224 632 4274 ;
683 4210 751 4262 ab
785 4209 1018 4262 adventu
1060 4219 1241 4262 autetn
1289 4207 1492 4263 Christi
1524 4225 1754 4276 magnus
1783 4222 1862 4265 est
1893 4228 2056 4280 super

471 4316 687 4354 onmem
721 4312 944 4356 terram.
991 4299 1145 4355 Nunc
1181 4303 1324 4356 enim
1356 4303 1499 4358 Deus
1545 4317 1633 4356 rex
1677 4315 1760 4356 est
1790 4306 2056 4360 universa:

475 4401 656 4458 terrae,
689 4408 751 4448 ex
785 4407 893 4461 quo
930 4395 1172 4464 regnavit
1202 4394 1343 4449 Dens
1367 4411 1531 4464 super
1563 4407 1772 4465 gentes.

2162 3203 2300 3256 σιλεῖ
2326 3200 2570 3273 Χριστῷ,
2598 3200 2707 3254 ἀπὸ
2739 3199 2918 3252 κοινοῦ
2949 3200 3008 3253 τδ
3049 3200 3106 3252 ἐν
3135 3201 3284 3269 φωνῇ
3334 3197 3708 3266 ἀγαλλιάσεως
3731 3213 3746 3227 ’

2160 3297 2225 3350 ἵν’
2327 3295 2388 3348 τό
2411 3311 2426 3324 ο
2454 3295 2772 3365 Κροτήσατε
2806 3295 2997 3363 χεῖρας
3033 3291 3109 3362 τῷ
3142 3291 3263 3362 Θεῷ
3299 3294 3355 3344 ἐν
3389 3293 3541 3361 φωνῇ
3569 3289 3744 3358 ἀγαλ-

2159 3388 2406 3449 λιάσεως.
2442 3382 2596 3439 Εἶναι
2627 3385 2847 3438 δύναται
2880 3387 3029 3438 πᾶσα
3059 3387 3092 3455 ἡ
3119 3384 3258 3438 κατὰ
3291 3383 3445 3446 Θεὸν,
3553 3383 3747 3436 ἕπεται

2160 3477 2219 3532 τὺ
2247 3477 2510 3549 ἁγαλλιᾷν
2531 3495 2544 3508 ⁸
2578 3481 2610 3549 ἡ
2635 3479 2681 3530 δ’
2704 3478 2922 3530 ἐναντία
2949 3476 3118 3530 κλαυο
3129 3476 3247 3547 μός.
3292 3477 3404 3530 Καὶ
3437 3475 3606 3529 πάλαι
3637 3474 3749 3545 μὴν

2161 3570 2366 3641 Κύριος
2397 3565 2465 3640 ἦν
2489 3571 2588 3623 οὐκ
2615 3571 2709 3622 ἐπὶ
2738 3571 2918 3623 πᾶσαν
2948 3567 3044 3640 τὴν
3070 3569 3194 3638 γῆν,
3220 3569 3314 3622 καὶ
3362 3567 3586 3636 ὕψιστος
3631 3567 3747 3619 ὀλί-

2161 3679 2299 3731 γοις,
2329 3663 2421 3716 καὶ
2452 3661 2682 3733 φοϐερὸς
2704 3661 2986 3715 εῦλαϐἑσιν
3011 3659 3418 3731 εῦαριθμήτοις,
3450 3663 3544 3712 καὶ⁵
3598 3659 3749 3728 βασι·

2161 3752 2288 3817 λεὺς
2311 3753 2373 3806 οὐ
2410 3753 2643 3818 πολλοῖς,
2705 3753 2798 3806 καὶ
2848 3753 3021 3823 μέγας
3052 3753 3320 3816 σπανίοις,
3371 3753 3553 3814 ὁποῖος
3585 3745 3655 3821 ἦν
3714 3751 3748 3802 ό

2167 3845 2339 3919 μέγας
2376 3844 2563 3900 Ἰσαάκ
2601 3846 2696 3898 καὶ
2737 3847 2766 3899 ό
2798 3845 2970 3916 μέγας
3022 3846 3257 3915 Μωσῆς·
3301 3844 3420 3896 νυνὶ
3470 3842 3526 3896 δὲ
3563 3840 3748 3911 πολλῷ

2163 3937 2372 3990 πλείοσι
2391 3936 2566 3990 ταῦτα
2588 3937 2767 3991 πάντα
2788 3935 2934 3990 ἐστίν
2952 3953 2967 3966 ο
3005 3935 3154 3990 ἔσται
3180 3935 3236 3988 δὲ
3261 3935 3357 3989 καὶ
3390 3933 3536 3996 ἅπαξ
3558 3930 3748 3994 ἁπλῶς

2163 4032 2339 4086 πάντα
2361 4033 2418 4085 ἐν
2447 4033 2600 4085 πᾶσι.
2633 4030 2907 4103 Πρότερον
2935 4030 3034 4100 μὲν
3064 4030 3158 4083 ἐπὶ
3197 4030 3288 4083 τὸν
3325 4027 3540 4100 Ἰσραὴλ
3583 4025 3749 4095 μόνον

2162 4116 2230 4192 ἦν
2269 4122 2411 4192 μέγα
2448 4121 2508 4174 τὸ
2531 4122 2700 4193 ὄνομα
2723 4120 2887 4174 αὐτοῦ
2907 4138 2920 4152 ο
2946 4121 3054 4174 ἀπὸ
3078 4120 3134 4172 δέ
3165 4120 3264 4189 τῆς
3284 4116 3515 4190 Χριστοῦ
3549 4133 3750 4186 παρος.)⁴

2165 4215 2285 4279 σίας
2321 4216 2492 4286 μέγας
2517 4216 2664 4269 ἐστὶν
2695 4215 2787 4267 ἐπὶ
2816 4217 2994 4268 πᾶσαν
3035 4213 3133 4284 τὴν
3166 4213 3287 4284 γῆν.
3334 4211 3594 4275 Βασιλεὺς
3637 4209 3750 4279 γὰρ

2163 4306 2258 4360 νῦν
2293 4307 2472 4378 πάσης
2503 4307 2601 4377 τῆς
2636 4307 2738 4378 γῆς
2777 4308 2805 4360 ό
2845 4306 2996 4371 Θεὸς,
3029 4306 3118 4358 ὅτε
3146 4303 3494 4376 ἐϐασίλευσεν
3543 4303 3571 4353 ό
3613 4300 3750 4363 Θεὸς

2164 4400 2258 4452 ἐπὶ
2284 4399 2352 4452 τὰ
2383 4399 2532 4470 ἔθνη.

541 4482 704 4554 715
753 4459 1027 4543 Eiusdeui.
1062 4485 1252 4538 Solent
1289 4487 1536 4540 homines
1573 4488 1622 4541 in
1661 4487 1909 4542 victoriis
1937 4505 2045 4542 ma-

2235 4491 2345 4546 Τοῦ
2382 4490 2589 4545 αὐτοῦ.
2636 4491 2764 4543 Ἐπὶ
2793 4493 2915 4554 ταῖς
2962 4489 3142 4553 νίκαις
3176 4488 3288 4559 (37)
3341 4487 3657 4556 πεφύκασιν
3696 4486 3752 4537 οἱ

478 4581 636 4636 nibus
670 4579 944 4649 plaudere.
975 4578 1306 4632 Plaudmnus
1331 4579 1500 4648 igitur
1530 4589 1584 4634 et
1614 4595 1710 4634 nos
1740 4579 1791 4633 in
1822 4579 2051 4635 victoria

479 4675 626 4729 illius
659 4673 750 4742 qui
781 4672 920 4725 dixit
955 4672 976 4703 ⁵
1009 4691 1021 4725 :
1060 4691 1078 4722 ι
1111 4671 1408 4735 Couﬁdite,
1445 4687 1544 4742 ego
1575 4674 1680 4728 vici
1707 4675 1990 4729 mundum.
2027 4694 2047 4726 ι

475 4764 734 4818 anilatio
789 4771 875 4817 est
940 4761 1222 4816 victoriale
1275 4762 1574 4815 canticum.
1639 4763 1890 4832 Ρτωοίρὶι
1919 4779 2051 4836 ergo

479 4867 536 4911 ut
593 4867 785 4926 gentes
844 4857 1080 4927 juhilent
1126 4857 1178 4911 itt
1231 4857 1671 4913 adversariarnm
1719 4868 2053 4927 potestatum

482 4950 652 5018 lapsu.

553 5134 717 5189 Vens.
754 5135 807 5189 4.
839 5135 1074 5207 Subjecit
1127 5140 1348 5208 populos
1380 5141 1550 5202 nobis.
1601 5149 1709 5195 etc.
1749 5157 1768 5191 α
1811 5139 2057 5208 Snbjecit

481 5229 725 5296 populos.
759 5250 777 5282 ι
811 5229 1027 5287 lsraelis
1059 5235 1335 5302 mysteriis
1367 5235 1690 5287 instructos.
1719 5231 1843 5287 lhec
1876 5243 2056 5286 autem

480 5316 666 5372 dicent
701 5321 928 5390 apostoli
966 5326 1034 5379 de
1062 5325 1342 5392 discipulis
1371 5326 1505 5387 sxtis,
1533 5325 1623 5394 qui
1659 5324 1875 5394 plurimi
1907 5332 2054 5376 sunt.

544 5424 569 5457 δ
603 5423 734 5476 Luc.
772 5437 833 5480 ιι.
868 5420 955 5474 14.
1031 5422 1051 5452 ⁵
1087 5419 1240 5474 Joan.
1279 5435 1364 5476 xvt
1392 5463 1405 5486 ,
1451 5419 1538 5476 '55.

554 5513 668 5582 i535)
698 5515 948 5566 Δύνιιται
969 5514 1055 5575 τό,
1088 5523 1194 5568 etc.
1228 5514 1430 5568 Catena
1460 5515 1726 5569 Corderii.

556 5581 669 5647 (54)
701 5584 890 5647 Τόξον
913 5584 1048 5644 νῦν,
1069 5597 1176 5640 etc.
1203 5585 1384 5639 Codex
1418 5585 1781 5642 Coisliuiattus
1801 5627 1814 5652 ,
1848 5592 2062 5642 scin:th

487 5653 675 5708 Grabii
706 5663 761 5706 et
783 5655 983 5706 Catena
1013 5653 1260 5710 Barbari.

561 5720 675 5795 (55)
704 5723 940 5791 Σχολῆς
967 5723 1158 5793 χρεία.
1193 5736 1299 5782 etc.
1330 5724 1495 5781 Iidem
1527 5726 1757 5782 codices.

2159 4583 2437 4655 ἄνθρωποι
2483 4583 2582 4646 τὰς
2622 4586 2811 4654 χεῖρας
2845 4585 3078 4654 κροτεῖν.
3120 4580 3417 4652 Τοιγαροῦν
3468 4580 3754 4648 κροτήσω-

2162 4693 2261 4747 μεν
2295 4677 2392 4729 καὶ⁹
2433 4677 2594 4746 ἡμεῖς
2635 4676 2729 4728 ἐπὶ
2773 4678 2838 4746 τῇ
2890 4675 3013 4746 νίκῃ
3058 4674 3153 4728 τοῦ
3203 4673 3480 4735 εἰπόντος’
3533 4689 3552 4722 ι
3596 4671 3750 4741 Θαρ-

2159 4771 2322 4829 σεῖτε,
2354 4767 2465 4837 ἐγὼ
2493 4769 2756 4839 νενίκηκα
2787 4768 2877 4822 τὸν
2906 4767 3130 4838 κόσμον.
3157 4787 3176 4819 ι
3223 4764 3565 4835 Ἀλαλαγμός
3597 4763 3754 4815 ἐστιν

2165 4860 2431 4923 ἐπινίκιος
2489 4859 2621 4932 ᾠδή.
2687 4858 3130 4931 Παρακελεύεται
3175 4853 3269 4911 οῦν
3324 4855 3613 4920 ἀλαλάζειν
3679 4855 3751 4908 τὰ

2166 4951 2292 5023 ἔθνη
2344 4951 2438 5005 ἐπὶ⁵
2479 4954 2547 5023 τῇ
2600 4950 2952 5007 καταπτὼσει
3000 4952 3108 5005 τῶν
3140 4948 3534 5020 ἀντικειμένων
3589 4946 3757 4999 δυνά-

2169 5061 2336 5115 μεων.

2249 5137 2524 5204 ’Υπέταξε
2582 5137 2774 5204 λαοὺς
2843 5135 3018 5206 ἡμῖν,
3081 5154 3134 5188 κ.
3190 5152 3240 5188 τ.
3303 5134 3350 5186 ἐ.
3407 5153 3426 5184 ‹
3480 5131 3756 5196 Ὑπέταξε

2167 5227 2326 5294 λαοὺς
2362 5231 2496 5301 (58),
2525 5251 2543 5282 ι
2587 5232 2711 5295 τοὺς
2748 5228 3223 5300 μαοητευομένους
3261 5227 3373 5290 τοῖς
3402 5225 3494 5279 τοῦ
3533 5224 3760 5294 Ἰσραὴλ

2170 5324 2508 5394 μυστηρίοις.
2541 5324 2725 5378 Ταῦτα
2760 5323 2814 5376 δὲ
2857 5324 2906 5374 oi
2944 5322 3231 5376 ἀπόστολοι
3269 5319 3484 5390 ἐροῦσιν
3513 5318 3604 5371 ἐπὶ
3638 5320 3756 5380 τοῖς

2246 5512 2358 5581 (Siti)
2387 5513 2574 5566 Οἰονεί
2599 5511 2829 5581 φωνή-ν,
2855 5520 2964 5564 etc.
2991 5511 3194 5564 Catena
3231 5509 3498 5581 Cordfrii.

2552 5578 2678 5658 τάῖς
2709 5583 2926 5658 νίκαις,
2957 5590 3064 5635 etc.
3093 5578 3563 5658 St‘thltlfﬂGt‘itltij:

2243 5653 2355 5725 t58)
2397 5653 2673 5720 ’Υπέταξε
2702 5652 2911 5720 λαούς,
2936 5666 3039 5708 etc.
3069 5650 3274 5707 Catena
3308 5650 3576 5707 Cordcrii.
