  <div class='ocr_page' id='page_1' title='image "/cluster/home/n/w/nwhite01/storage/ocr_20150623/12/hvd.32044052796216/729.png"; bbox 0 0 4120 6212; ppageno 0'>
   <div class='ocr_carea' id='block_1_1' title="bbox 452 218 588 273">
    <p class='ocr_par' dir='ltr' id='par_1_1' title="bbox 452 218 588 273">
     <span class='ocr_line' id='line_1_1' title="bbox 452 218 588 273; baseline -0.007 0"><span class='ocrx_word' id='word_1_1' title='bbox 452 221 472 273; x_wconf 80' lang='grc'><strong>1</strong></span> <span class='ocrx_word' id='word_1_2' title='bbox 486 218 588 273; x_wconf 64' lang='grc' dir='ltr'><strong>ιὰἹ</strong></span> 
     </span>
    </p>
   </div>
   <div class='ocr_carea' id='block_1_2' title="bbox 1856 217 2292 276">
    <p class='ocr_par' dir='ltr' id='par_1_2' title="bbox 1856 217 2292 276">
     <span class='ocr_line' id='line_1_2' title="bbox 1856 217 2292 276; baseline 0.005 -2"><span class='ocrx_word' id='word_1_3' title='bbox 1856 217 1947 274; x_wconf 75' lang='lat' dir='ltr'><strong>EX</strong></span> <span class='ocrx_word' id='word_1_4' title='bbox 1988 218 2292 276; x_wconf 82' lang='lat' dir='ltr'><strong>ORIGENE</strong></span> 
     </span>
    </p>
   </div>
   <div class='ocr_carea' id='block_1_3' title="bbox 3576 211 3716 274">
    <p class='ocr_par' dir='ltr' id='par_1_3' title="bbox 3576 211 3716 274">
     <span class='ocr_line' id='line_1_3' title="bbox 3576 211 3716 274; baseline -0.007 -4"><span class='ocrx_word' id='word_1_5' title='bbox 3576 211 3716 274; x_wconf 64' lang='lat' dir='ltr'><strong>IMR</strong></span> 
     </span>
    </p>
   </div>
   <div class='ocr_carea' id='block_1_4' title="bbox 448 331 2022 409">
    <p class='ocr_par' dir='ltr' id='par_1_4' title="bbox 448 331 2022 404">
     <span class='ocr_line' id='line_1_4' title="bbox 448 331 2022 404; baseline 0 -16"><span class='ocrx_word' id='word_1_6' title='bbox 448 336 550 388; x_wconf 86' lang='lat' dir='ltr'><strong>rati</strong></span> <span class='ocrx_word' id='word_1_7' title='bbox 582 335 858 396; x_wconf 82' lang='lat' dir='ltr'><strong>dicuntur,</strong></span> <span class='ocrx_word' id='word_1_8' title='bbox 885 332 976 385; x_wconf 88' lang='lat' dir='ltr'><strong>sed</strong></span> <span class='ocrx_word' id='word_1_9' title='bbox 1012 332 1280 396; x_wconf 78' lang='lat' dir='ltr'><strong>rhetores,</strong></span> <span class='ocrx_word' id='word_1_10' title='bbox 1307 331 1669 402; x_wconf 71' lang='lat' dir='ltr'><strong>grammatici,</strong></span> <span class='ocrx_word' id='word_1_11' title='bbox 1695 333 2022 404; x_wconf 61' lang='lat' dir='ltr'><strong>philosorihi,</strong></span> 
     </span>
    </p>
   </div>
   <div class='ocr_carea' id='block_1_5' title="bbox 2123 331 3706 409">
    <p class='ocr_par' dir='ltr' id='par_1_5' title="bbox 2136 336 3706 409">
     <span class='ocr_line' id='line_1_5' title="bbox 2136 336 3706 409; baseline 0.003 -23"><span class='ocrx_word' id='word_1_12' title='bbox 2136 337 2228 389; x_wconf 71' lang='grc' dir='ltr'><strong>καὶ</strong></span> <span class='ocrx_word' id='word_1_13' title='bbox 2264 336 2538 407; x_wconf 62' lang='grc' dir='ltr'>σώφρονες</span> <span class='ocrx_word' id='word_1_14' title='bbox 2576 337 2849 404; x_wconf 82' lang='grc' dir='ltr'>λέγονται,</span> <span class='ocrx_word' id='word_1_15' title='bbox 2896 337 3030 390; x_wconf 81' lang='grc' dir='ltr'>ἀλλὰ</span> <span class='ocrx_word' id='word_1_16' title='bbox 3081 338 3329 409; x_wconf 75' lang='grc' dir='ltr'>ῥήτορες,</span> <span class='ocrx_word' id='word_1_17' title='bbox 3388 337 3482 390; x_wconf 70' lang='grc' dir='ltr'><strong>καὶ</strong></span> <span class='ocrx_word' id='word_1_18' title='bbox 3529 354 3706 408; x_wconf 78' lang='grc' dir='ltr'>γραμ-</span> 
     </span>
    </p>
   </div>
   <div class='ocr_carea' id='block_1_6' title="bbox 447 429 998 482">
    <p class='ocr_par' dir='ltr' id='par_1_6' title="bbox 447 429 998 482">
     <span class='ocr_line' id='line_1_6' title="bbox 447 429 998 482; baseline -0.007 0"><span class='ocrx_word' id='word_1_19' title='bbox 447 430 649 482; x_wconf 82' lang='lat' dir='ltr'><strong>tt‘ibttni</strong></span> <span class='ocrx_word' id='word_1_20' title='bbox 674 438 728 481; x_wconf 89' lang='lat' dir='ltr'><strong>et</strong></span> <span class='ocrx_word' id='word_1_21' title='bbox 754 429 998 479; x_wconf 75' lang='lat' dir='ltr'><strong>cmnilt‘s.</strong></span> 
     </span>
    </p>
   </div>
   <div class='ocr_carea' id='block_1_7' title="bbox 522 518 2025 585">
    <p class='ocr_par' dir='ltr' id='par_1_7' title="bbox 522 518 2025 585">
     <span class='ocr_line' id='line_1_7' title="bbox 522 518 2025 585; baseline 0.002 -14"><span class='ocrx_word' id='word_1_22' title='bbox 522 520 682 574; x_wconf 73' lang='lat' dir='ltr'><strong>Vens.</strong></span> <span class='ocrx_word' id='word_1_23' title='bbox 719 521 801 572; x_wconf 76' lang='grc'><strong>15.</strong></span> <span class='ocrx_word' id='word_1_24' title='bbox 841 518 902 571; x_wconf 76' lang='lat' dir='ltr'><strong>Et</strong></span> <span class='ocrx_word' id='word_1_25' title='bbox 944 521 1099 571; x_wconf 81' lang='lat' dir='ltr'><strong>Immo</strong></span> <span class='ocrx_word' id='word_1_26' title='bbox 1129 536 1244 571; x_wconf 77' lang='lat' dir='ltr'><strong>cum</strong></span> <span class='ocrx_word' id='word_1_27' title='bbox 1282 519 1334 572; x_wconf 85' lang='lat' dir='ltr'><strong>in</strong></span> <span class='ocrx_word' id='word_1_28' title='bbox 1377 521 1569 573; x_wconf 78' lang='lat' dir='ltr'><strong>honore</strong></span> <span class='ocrx_word' id='word_1_29' title='bbox 1614 531 1764 585; x_wconf 77' lang='lat' dir='ltr'><strong>esset,</strong></span> <span class='ocrx_word' id='word_1_30' title='bbox 1811 539 1913 574; x_wconf 86' lang='lat' dir='ltr'><strong>non</strong></span> <span class='ocrx_word' id='word_1_31' title='bbox 1943 524 2025 574; x_wconf 86' lang='lat' dir='ltr'><strong>in-</strong></span> 
     </span>
    </p>
   </div>
   <div class='ocr_carea' id='block_1_8' title="bbox 447 609 2026 679">
    <p class='ocr_par' dir='ltr' id='par_1_8' title="bbox 447 609 2026 679">
     <span class='ocr_line' id='line_1_8' title="bbox 447 609 2026 679; baseline 0.002 -16"><span class='ocrx_word' id='word_1_32' title='bbox 447 611 644 664; x_wconf 68' lang='lat' dir='ltr'><strong>tellexit</strong></span> <span class='ocrx_word' id='word_1_33' title='bbox 674 647 689 672; x_wconf 89' lang='lat'><strong>,</strong></span> <span class='ocrx_word' id='word_1_34' title='bbox 741 621 846 663; x_wconf 92' lang='lat' dir='ltr'><strong>clc.</strong></span> <span class='ocrx_word' id='word_1_35' title='bbox 889 609 1000 662; x_wconf 85' lang='lat' dir='ltr'><strong>Non</strong></span> <span class='ocrx_word' id='word_1_36' title='bbox 1041 609 1346 679; x_wconf 79' lang='lat' dir='ltr'><strong>intelligens</strong></span> <span class='ocrx_word' id='word_1_37' title='bbox 1387 613 1547 665; x_wconf 84' lang='lat' dir='ltr'><strong>homo</strong></span> <span class='ocrx_word' id='word_1_38' title='bbox 1573 628 1693 664; x_wconf 87' lang='lat' dir='ltr'><strong>cum</strong></span> <span class='ocrx_word' id='word_1_39' title='bbox 1730 614 1780 665; x_wconf 83' lang='lat' dir='ltr'><strong>iu</strong></span> <span class='ocrx_word' id='word_1_40' title='bbox 1823 615 2026 667; x_wconf 86' lang='lat' dir='ltr'><strong>hunore</strong></span> 
     </span>
    </p>
   </div>
   <div class='ocr_carea' id='block_1_9' title="bbox 447 700 2026 770">
    <p class='ocr_par' dir='ltr' id='par_1_9' title="bbox 447 700 2026 770">
     <span class='ocr_line' id='line_1_9' title="bbox 447 700 2026 770; baseline 0.003 -17"><span class='ocrx_word' id='word_1_41' title='bbox 447 713 616 764; x_wconf 80' lang='lat' dir='ltr'><strong>esset,</strong></span> <span class='ocrx_word' id='word_1_42' title='bbox 650 702 1004 770; x_wconf 74' lang='lat' dir='ltr'><strong>semetipsum</strong></span> <span class='ocrx_word' id='word_1_43' title='bbox 1035 700 1302 769; x_wconf 86' lang='lat' dir='ltr'><strong>jumeutis</strong></span> <span class='ocrx_word' id='word_1_44' title='bbox 1330 705 1689 770; x_wconf 84' lang='lat' dir='ltr'><strong>comparavit,</strong></span> <span class='ocrx_word' id='word_1_45' title='bbox 1723 714 1776 756; x_wconf 91' lang='lat' dir='ltr'><strong>ct</strong></span> <span class='ocrx_word' id='word_1_46' title='bbox 1809 705 2026 758; x_wconf 81' lang='lat' dir='ltr'><strong>assimi-</strong></span> 
     </span>
    </p>
   </div>
   <div class='ocr_carea' id='block_1_10' title="bbox 445 793 2019 862">
    <p class='ocr_par' dir='ltr' id='par_1_10' title="bbox 445 793 2019 862">
     <span class='ocr_line' id='line_1_10' title="bbox 445 793 2019 862; baseline 0.002 -16"><span class='ocrx_word' id='word_1_47' title='bbox 445 795 587 846; x_wconf 84' lang='lat' dir='ltr'><strong>latus</strong></span> <span class='ocrx_word' id='word_1_48' title='bbox 613 805 697 845; x_wconf 85' lang='lat' dir='ltr'><strong>est</strong></span> <span class='ocrx_word' id='word_1_49' title='bbox 728 794 829 857; x_wconf 89' lang='lat' dir='ltr'><strong>eis,</strong></span> <span class='ocrx_word' id='word_1_50' title='bbox 857 794 1186 861; x_wconf 83' lang='lat' dir='ltr'><strong>quandoque</strong></span> <span class='ocrx_word' id='word_1_51' title='bbox 1221 794 1384 846; x_wconf 86' lang='lat' dir='ltr'><strong>etiam</strong></span> <span class='ocrx_word' id='word_1_52' title='bbox 1417 793 1519 846; x_wconf 71' lang='lat' dir='ltr'><strong>illis</strong></span> <span class='ocrx_word' id='word_1_53' title='bbox 1550 796 1638 862; x_wconf 85' lang='lat' dir='ltr'><strong>qui</strong></span> <span class='ocrx_word' id='word_1_54' title='bbox 1671 796 1739 848; x_wconf 89' lang='lat' dir='ltr'><strong>ab</strong></span> <span class='ocrx_word' id='word_1_55' title='bbox 1765 795 1846 849; x_wconf 90' lang='lat' dir='ltr'><strong>eis</strong></span> <span class='ocrx_word' id='word_1_56' title='bbox 1875 796 2019 849; x_wconf 82' lang='lat' dir='ltr'><strong>dilic-</strong></span> 
     </span>
    </p>
   </div>
   <div class='ocr_carea' id='block_1_11' title="bbox 444 885 2026 958">
    <p class='ocr_par' dir='ltr' id='par_1_11' title="bbox 444 885 2026 958">
     <span class='ocr_line' id='line_1_11' title="bbox 444 885 2026 958; baseline 0.003 -20"><span class='ocrx_word' id='word_1_57' title='bbox 444 895 590 938; x_wconf 89' lang='lat' dir='ltr'><strong>runt.</strong></span> <span class='ocrx_word' id='word_1_58' title='bbox 623 885 854 938; x_wconf 76' lang='lat' dir='ltr'><strong>Cuilibet</strong></span> <span class='ocrx_word' id='word_1_59' title='bbox 885 902 952 939; x_wconf 79' lang='lat' dir='ltr'><strong>ex</strong></span> <span class='ocrx_word' id='word_1_60' title='bbox 986 886 1118 955; x_wconf 85' lang='lat' dir='ltr'><strong>ipsis</strong></span> <span class='ocrx_word' id='word_1_61' title='bbox 1153 887 1505 952; x_wconf 88' lang='lat' dir='ltr'><strong>semetipsum</strong></span> <span class='ocrx_word' id='word_1_62' title='bbox 1536 903 1633 954; x_wconf 90' lang='lat' dir='ltr'><strong>per</strong></span> <span class='ocrx_word' id='word_1_63' title='bbox 1663 903 1725 940; x_wconf 89' lang='lat' dir='ltr'><strong>ea</strong></span> <span class='ocrx_word' id='word_1_64' title='bbox 1761 903 1882 956; x_wconf 70' lang='lat' dir='ltr'><strong>qum</strong></span> <span class='ocrx_word' id='word_1_65' title='bbox 1914 888 2026 958; x_wconf 76' lang='lat' dir='ltr'><strong>agit</strong></span> 
     </span>
    </p>
   </div>
   <div class='ocr_carea' id='block_1_12' title="bbox 442 976 2025 1034">
    <p class='ocr_par' dir='ltr' id='par_1_12' title="bbox 442 976 2025 1034">
     <span class='ocr_line' id='line_1_12' title="bbox 442 976 2025 1034; baseline 0.004 -6"><span class='ocrx_word' id='word_1_66' title='bbox 442 976 726 1030; x_wconf 84' lang='lat' dir='ltr'><strong>assimilat.</strong></span> <span class='ocrx_word' id='word_1_67' title='bbox 778 977 984 1030; x_wconf 86' lang='lat' dir='ltr'><strong>Bonum</strong></span> <span class='ocrx_word' id='word_1_68' title='bbox 1021 993 1154 1032; x_wconf 84' lang='lat' dir='ltr'><strong>vero</strong></span> <span class='ocrx_word' id='word_1_69' title='bbox 1185 986 1269 1030; x_wconf 91' lang='lat' dir='ltr'><strong>est</strong></span> <span class='ocrx_word' id='word_1_70' title='bbox 1323 979 1616 1032; x_wconf 87' lang='lat' dir='ltr'><strong>assimilari</strong></span> <span class='ocrx_word' id='word_1_71' title='bbox 1667 980 1795 1033; x_wconf 86' lang='lat' dir='ltr'><strong>Deo.</strong></span> <span class='ocrx_word' id='word_1_72' title='bbox 1849 997 1867 1029; x_wconf 83' lang='grc'>‹</span> <span class='ocrx_word' id='word_1_73' title='bbox 1901 979 2025 1034; x_wconf 63' lang='lat' dir='ltr'><strong>llaec</strong></span> 
     </span>
    </p>
   </div>
   <div class='ocr_carea' id='block_1_13' title="bbox 439 1067 2027 1134">
    <p class='ocr_par' dir='ltr' id='par_1_13' title="bbox 439 1067 2027 1134">
     <span class='ocr_line' id='line_1_13' title="bbox 439 1067 2027 1134; baseline 0.004 -18"><span class='ocrx_word' id='word_1_74' title='bbox 439 1067 527 1118; x_wconf 70' lang='lat' dir='ltr'><strong>via</strong></span> <span class='ocrx_word' id='word_1_75' title='bbox 549 1082 752 1120; x_wconf 86' lang='lat' dir='ltr'><strong>eorum</strong></span> <span class='ocrx_word' id='word_1_76' title='bbox 784 1068 1100 1120; x_wconf 81' lang='lat' dir='ltr'><strong>scandalum</strong></span> <span class='ocrx_word' id='word_1_77' title='bbox 1135 1070 1298 1133; x_wconf 81' lang='lat' dir='ltr'><strong>ipsis;</strong></span> <span class='ocrx_word' id='word_1_78' title='bbox 1342 1088 1359 1118; x_wconf 74' lang='grc' dir='ltr'><strong>ι</strong></span> <span class='ocrx_word' id='word_1_79' title='bbox 1395 1069 1702 1134; x_wconf 77' lang='lat' dir='ltr'><strong>insipientis</strong></span> <span class='ocrx_word' id='word_1_80' title='bbox 1733 1069 1943 1125; x_wconf 86' lang='lat' dir='ltr'><strong>scilicet</strong></span> <span class='ocrx_word' id='word_1_81' title='bbox 1971 1079 2027 1124; x_wconf 86' lang='lat' dir='ltr'><strong>et</strong></span> 
     </span>
    </p>
   </div>
   <div class='ocr_carea' id='block_1_14' title="bbox 441 1148 2027 1219">
    <p class='ocr_par' dir='ltr' id='par_1_14' title="bbox 441 1148 2027 1219">
     <span class='ocr_line' id='line_1_14' title="bbox 441 1148 2027 1219; baseline -0.008 -8"><span class='ocrx_word' id='word_1_82' title='bbox 441 1156 591 1211; x_wconf 82' lang='lat' dir='ltr'><strong>stulti</strong></span> <span class='ocrx_word' id='word_1_83' title='bbox 625 1157 729 1210; x_wconf 80' lang='lat' dir='ltr'><strong>via.</strong></span> <span class='ocrx_word' id='word_1_84' title='bbox 761 1153 901 1219; x_wconf 88' lang='lat' dir='ltr'><strong>Quin</strong></span> <span class='ocrx_word' id='word_1_85' title='bbox 941 1161 995 1204; x_wconf 89' lang='lat' dir='ltr'><strong>et</strong></span> <span class='ocrx_word' id='word_1_86' title='bbox 1023 1149 1274 1203; x_wconf 74' lang='lat' dir='ltr'><strong>Christus</strong></span> <span class='ocrx_word' id='word_1_87' title='bbox 1315 1148 1627 1201; x_wconf 75' lang='lat' dir='ltr'><strong>scandalum</strong></span> <span class='ocrx_word' id='word_1_88' title='bbox 1659 1157 1762 1208; x_wconf 89' lang='lat' dir='ltr'><strong>est,</strong></span> <span class='ocrx_word' id='word_1_89' title='bbox 1800 1163 1922 1200; x_wconf 87' lang='lat' dir='ltr'><strong>eum</strong></span> <span class='ocrx_word' id='word_1_90' title='bbox 1955 1149 2027 1200; x_wconf 81' lang='lat' dir='ltr'><strong>sit</strong></span> 
     </span>
    </p>
   </div>
   <div class='ocr_carea' id='block_1_15' title="bbox 443 1239 2027 1319">
    <p class='ocr_par' dir='ltr' id='par_1_15' title="bbox 443 1239 2027 1319">
     <span class='ocr_line' id='line_1_15' title="bbox 443 1239 2027 1319; baseline -0.008 -17"><span class='ocrx_word' id='word_1_91' title='bbox 443 1259 590 1319; x_wconf 83' lang='lat' dir='ltr'><strong>petra</strong></span> <span class='ocrx_word' id='word_1_92' title='bbox 605 1245 844 1299; x_wconf 76' lang='lat' dir='ltr'><strong>srnndali</strong></span> <span class='ocrx_word' id='word_1_93' title='bbox 862 1245 922 1296; x_wconf 76' lang='grc'><strong>³³.</strong></span> <span class='ocrx_word' id='word_1_94' title='bbox 959 1263 976 1292; x_wconf 74' lang='grc' dir='ltr'><strong>ι</strong></span> <span class='ocrx_word' id='word_1_95' title='bbox 997 1244 1056 1294; x_wconf 90' lang='lat' dir='ltr'><strong>In</strong></span> <span class='ocrx_word' id='word_1_96' title='bbox 1089 1256 1182 1293; x_wconf 89' lang='lat' dir='ltr'><strong>ore</strong></span> <span class='ocrx_word' id='word_1_97' title='bbox 1209 1255 1308 1294; x_wconf 90' lang='lat' dir='ltr'><strong>suo</strong></span> <span class='ocrx_word' id='word_1_98' title='bbox 1333 1239 1764 1308; x_wconf 83' lang='lat' dir='ltr'><strong>complacehunt.</strong></span> <span class='ocrx_word' id='word_1_99' title='bbox 1793 1257 1810 1288; x_wconf 74' lang='grc' dir='ltr'><strong>ι</strong></span> <span class='ocrx_word' id='word_1_100' title='bbox 1831 1239 2027 1292; x_wconf 78' lang='lat' dir='ltr'><strong>Existi-</strong></span> 
     </span>
    </p>
   </div>
   <div class='ocr_carea' id='block_1_16' title="bbox 443 1331 2023 1401">
    <p class='ocr_par' dir='ltr' id='par_1_16' title="bbox 443 1331 2023 1401">
     <span class='ocr_line' id='line_1_16' title="bbox 443 1331 2023 1401; baseline -0.006 -7"><span class='ocrx_word' id='word_1_101' title='bbox 443 1357 534 1395; x_wconf 88' lang='lat' dir='ltr'><strong>mo</strong></span> <span class='ocrx_word' id='word_1_102' title='bbox 560 1341 646 1392; x_wconf 91' lang='lat' dir='ltr'><strong>hic</strong></span> <span class='ocrx_word' id='word_1_103' title='bbox 677 1341 876 1392; x_wconf 80' lang='lat' dir='ltr'><strong>honuni</strong></span> <span class='ocrx_word' id='word_1_104' title='bbox 909 1335 1057 1390; x_wconf 90' lang='lat' dir='ltr'><strong>stulti</strong></span> <span class='ocrx_word' id='word_1_105' title='bbox 1089 1343 1142 1387; x_wconf 85' lang='lat' dir='ltr'><strong>et</strong></span> <span class='ocrx_word' id='word_1_106' title='bbox 1185 1332 1492 1401; x_wconf 92' lang='lat' dir='ltr'><strong>insipientis</strong></span> <span class='ocrx_word' id='word_1_107' title='bbox 1533 1332 1696 1384; x_wconf 87' lang='lat' dir='ltr'><strong>ﬁnem</strong></span> <span class='ocrx_word' id='word_1_108' title='bbox 1740 1331 2023 1385; x_wconf 88' lang='lat' dir='ltr'><strong>declarari.</strong></span> 
     </span>
    </p>
   </div>
   <div class='ocr_carea' id='block_1_17' title="bbox 519 1436 2026 1509">
    <p class='ocr_par' dir='ltr' id='par_1_17' title="bbox 519 1436 2026 1509">
     <span class='ocr_line' id='line_1_17' title="bbox 519 1436 2026 1509; baseline 0.004 -19"><span class='ocrx_word' id='word_1_109' title='bbox 519 1437 678 1492; x_wconf 74' lang='lat' dir='ltr'><strong>Vens.</strong></span> <span class='ocrx_word' id='word_1_110' title='bbox 720 1437 800 1490; x_wconf 74' lang='grc'><strong>14.</strong></span> <span class='ocrx_word' id='word_1_111' title='bbox 837 1436 902 1489; x_wconf 85' lang='grc' dir='ltr'>Ει</span> <span class='ocrx_word' id='word_1_112' title='bbox 938 1448 1115 1504; x_wconf 82' lang='lat' dir='ltr'><strong>postea</strong></span> <span class='ocrx_word' id='word_1_113' title='bbox 1149 1455 1202 1489; x_wconf 74' lang='grc' dir='ltr'>ιη</span> <span class='ocrx_word' id='word_1_114' title='bbox 1234 1454 1322 1490; x_wconf 88' lang='lat' dir='ltr'><strong>ore</strong></span> <span class='ocrx_word' id='word_1_115' title='bbox 1351 1455 1445 1490; x_wconf 74' lang='lat' dir='ltr'><strong>suo</strong></span> <span class='ocrx_word' id='word_1_116' title='bbox 1475 1439 1888 1509; x_wconf 70' lang='lat' dir='ltr'><strong>eomplacebunt,</strong></span> <span class='ocrx_word' id='word_1_117' title='bbox 1918 1450 2026 1496; x_wconf 90' lang='lat' dir='ltr'><strong>ctc.</strong></span> 
     </span>
    </p>
   </div>
   <div class='ocr_carea' id='block_1_18' title="bbox 448 1527 1513 1598">
    <p class='ocr_par' dir='ltr' id='par_1_18' title="bbox 448 1527 1513 1598">
     <span class='ocr_line' id='line_1_18' title="bbox 448 1527 1513 1598; baseline 0 -16"><span class='ocrx_word' id='word_1_118' title='bbox 448 1527 590 1582; x_wconf 76' lang='lat' dir='ltr'><strong>llana</strong></span> <span class='ocrx_word' id='word_1_119' title='bbox 617 1544 737 1598; x_wconf 80' lang='lat' dir='ltr'><strong>spes</strong></span> <span class='ocrx_word' id='word_1_120' title='bbox 769 1539 875 1594; x_wconf 82' lang='lat' dir='ltr'><strong>est,</strong></span> <span class='ocrx_word' id='word_1_121' title='bbox 904 1544 1028 1583; x_wconf 91' lang='lat' dir='ltr'><strong>cum</strong></span> <span class='ocrx_word' id='word_1_122' title='bbox 1064 1528 1513 1597; x_wconf 85' lang='lat' dir='ltr'><strong>complacueriut.</strong></span> 
     </span>
    </p>
   </div>
   <div class='ocr_carea' id='block_1_19' title="bbox 516 1706 2021 1776">
    <p class='ocr_par' dir='ltr' id='par_1_19' title="bbox 516 1706 2021 1776">
     <span class='ocr_line' id='line_1_19' title="bbox 516 1706 2021 1776; baseline 0.002 -17"><span class='ocrx_word' id='word_1_123' title='bbox 516 1707 664 1759; x_wconf 83' lang='lat' dir='ltr'><strong>Sicut</strong></span> <span class='ocrx_word' id='word_1_124' title='bbox 709 1724 826 1759; x_wconf 76' lang='lat' dir='ltr'><strong>oves</strong></span> <span class='ocrx_word' id='word_1_125' title='bbox 862 1708 912 1758; x_wconf 88' lang='lat' dir='ltr'><strong>in</strong></span> <span class='ocrx_word' id='word_1_126' title='bbox 945 1706 1154 1774; x_wconf 76' lang='lat' dir='ltr'><strong>inferno</strong></span> <span class='ocrx_word' id='word_1_127' title='bbox 1183 1707 1340 1772; x_wconf 71' lang='lat' dir='ltr'><strong>positi</strong></span> <span class='ocrx_word' id='word_1_128' title='bbox 1390 1719 1542 1760; x_wconf 78' lang='lat' dir='ltr'><strong>sunt:</strong></span> <span class='ocrx_word' id='word_1_129' title='bbox 1599 1725 1737 1761; x_wconf 85' lang='lat' dir='ltr'><strong>mors</strong></span> <span class='ocrx_word' id='word_1_130' title='bbox 1783 1709 2021 1776; x_wconf 72' lang='lat' dir='ltr'><strong>deposcet</strong></span> 
     </span>
    </p>
   </div>
   <div class='ocr_carea' id='block_1_20' title="bbox 445 1797 2021 1866">
    <p class='ocr_par' dir='ltr' id='par_1_20' title="bbox 445 1797 2021 1866">
     <span class='ocr_line' id='line_1_20' title="bbox 445 1797 2021 1866; baseline 0.002 -17"><span class='ocrx_word' id='word_1_131' title='bbox 445 1814 556 1860; x_wconf 79' lang='lat' dir='ltr'><strong>eos,</strong></span> <span class='ocrx_word' id='word_1_132' title='bbox 589 1809 700 1850; x_wconf 82' lang='lat' dir='ltr'><strong>etc.</strong></span> <span class='ocrx_word' id='word_1_133' title='bbox 734 1798 877 1851; x_wconf 80' lang='lat' dir='ltr'><strong>Mors</strong></span> <span class='ocrx_word' id='word_1_134' title='bbox 903 1797 1162 1866; x_wconf 83' lang='lat' dir='ltr'><strong>depascct</strong></span> <span class='ocrx_word' id='word_1_135' title='bbox 1196 1797 1539 1864; x_wconf 84' lang='lat' dir='ltr'><strong>insipientem</strong></span> <span class='ocrx_word' id='word_1_136' title='bbox 1578 1809 1631 1852; x_wconf 84' lang='lat' dir='ltr'><strong>et</strong></span> <span class='ocrx_word' id='word_1_137' title='bbox 1665 1799 1908 1865; x_wconf 87' lang='lat' dir='ltr'><strong>stultum,</strong></span> <span class='ocrx_word' id='word_1_138' title='bbox 1939 1801 2021 1854; x_wconf 82' lang='lat' dir='ltr'><strong>vel</strong></span> 
     </span>
    </p>
   </div>
   <div class='ocr_carea' id='block_1_21' title="bbox 444 1888 2022 1958">
    <p class='ocr_par' dir='ltr' id='par_1_21' title="bbox 444 1888 2022 1958">
     <span class='ocr_line' id='line_1_21' title="bbox 444 1888 2022 1958; baseline 0.004 -20"><span class='ocrx_word' id='word_1_139' title='bbox 444 1888 624 1956; x_wconf 87' lang='lat' dir='ltr'><strong>potius</strong></span> <span class='ocrx_word' id='word_1_140' title='bbox 666 1888 938 1942; x_wconf 85' lang='lat' dir='ltr'><strong>hominem</strong></span> <span class='ocrx_word' id='word_1_141' title='bbox 971 1890 1062 1958; x_wconf 87' lang='lat' dir='ltr'><strong>qui</strong></span> <span class='ocrx_word' id='word_1_142' title='bbox 1114 1889 1378 1941; x_wconf 82' lang='lat' dir='ltr'><strong>honorem</strong></span> <span class='ocrx_word' id='word_1_143' title='bbox 1411 1901 1571 1945; x_wconf 89' lang='lat' dir='ltr'><strong>suum</strong></span> <span class='ocrx_word' id='word_1_144' title='bbox 1612 1891 1830 1944; x_wconf 86' lang='lat' dir='ltr'><strong>minime</strong></span> <span class='ocrx_word' id='word_1_145' title='bbox 1865 1892 2022 1945; x_wconf 87' lang='lat' dir='ltr'><strong>intel-</strong></span> 
     </span>
    </p>
   </div>
   <div class='ocr_carea' id='block_1_22' title="bbox 443 1977 2023 2049">
    <p class='ocr_par' dir='ltr' id='par_1_22' title="bbox 443 1977 2023 2049">
     <span class='ocr_line' id='line_1_22' title="bbox 443 1977 2023 2049; baseline 0.006 -22"><span class='ocrx_word' id='word_1_146' title='bbox 443 1977 576 2047; x_wconf 83' lang='lat' dir='ltr'><strong>ligit.</strong></span> <span class='ocrx_word' id='word_1_147' title='bbox 614 1978 900 2033; x_wconf 80' lang='lat' dir='ltr'><strong>Manifesle</strong></span> <span class='ocrx_word' id='word_1_148' title='bbox 944 1990 1126 2033; x_wconf 88' lang='lat' dir='ltr'><strong>autem</strong></span> <span class='ocrx_word' id='word_1_149' title='bbox 1163 1980 1252 2047; x_wconf 91' lang='lat' dir='ltr'><strong>qui</strong></span> <span class='ocrx_word' id='word_1_150' title='bbox 1296 1980 1474 2044; x_wconf 80' lang='lat' dir='ltr'><strong>dixit,</strong></span> <span class='ocrx_word' id='word_1_151' title='bbox 1533 1983 1688 2036; x_wconf 68' lang='lat' dir='ltr'><strong>«Non</strong></span> <span class='ocrx_word' id='word_1_152' title='bbox 1747 1981 2023 2049; x_wconf 87' lang='lat' dir='ltr'><strong>relinques</strong></span> 
     </span>
    </p>
   </div>
   <div class='ocr_carea' id='block_1_23' title="bbox 438 2071 2022 2134">
    <p class='ocr_par' dir='ltr' id='par_1_23' title="bbox 438 2071 2022 2134">
     <span class='ocr_line' id='line_1_23' title="bbox 438 2071 2022 2134; baseline 0.004 -11"><span class='ocrx_word' id='word_1_153' title='bbox 438 2071 674 2123; x_wconf 86' lang='lat' dir='ltr'><strong>animam</strong></span> <span class='ocrx_word' id='word_1_154' title='bbox 718 2087 892 2124; x_wconf 89' lang='lat' dir='ltr'><strong>meam</strong></span> <span class='ocrx_word' id='word_1_155' title='bbox 929 2071 983 2124; x_wconf 93' lang='lat' dir='ltr'><strong>in</strong></span> <span class='ocrx_word' id='word_1_156' title='bbox 1019 2071 1232 2126; x_wconf 77' lang='lat' dir='ltr'><strong>inferno</strong></span> <span class='ocrx_word' id='word_1_157' title='bbox 1261 2072 1326 2134; x_wconf 78' lang='grc' dir='ltr'>ὀ,</span> <span class='ocrx_word' id='word_1_158' title='bbox 1355 2089 1373 2121; x_wconf 74' lang='grc' dir='ltr'><strong>ι</strong></span> <span class='ocrx_word' id='word_1_159' title='bbox 1415 2072 1527 2124; x_wconf 64' lang='lat' dir='ltr'><strong>haec</strong></span> <span class='ocrx_word' id='word_1_160' title='bbox 1553 2073 1714 2124; x_wconf 87' lang='lat' dir='ltr'><strong>etiam</strong></span> <span class='ocrx_word' id='word_1_161' title='bbox 1747 2073 1843 2134; x_wconf 87' lang='lat' dir='ltr'><strong>ait,</strong></span> <span class='ocrx_word' id='word_1_162' title='bbox 1885 2073 2022 2129; x_wconf 67' lang='lat' dir='ltr'><strong>«Ve-</strong></span> 
     </span>
    </p>
   </div>
   <div class='ocr_carea' id='block_1_24' title="bbox 439 2151 1912 2222">
    <p class='ocr_par' dir='ltr' id='par_1_24' title="bbox 439 2151 1912 2222">
     <span class='ocr_line' id='line_1_24' title="bbox 439 2151 1912 2222; baseline 0.001 -6"><span class='ocrx_word' id='word_1_163' title='bbox 439 2171 747 2219; x_wconf 88' lang='lat' dir='ltr'><strong>rumtamen</strong></span> <span class='ocrx_word' id='word_1_164' title='bbox 781 2163 923 2219; x_wconf 85' lang='lat' dir='ltr'><strong>Deus</strong></span> <span class='ocrx_word' id='word_1_165' title='bbox 955 2151 1184 2219; x_wconf 76' lang='lat' dir='ltr'><strong>redimet</strong></span> <span class='ocrx_word' id='word_1_166' title='bbox 1215 2163 1449 2217; x_wconf 89' lang='lat' dir='ltr'><strong>animam</strong></span> <span class='ocrx_word' id='word_1_167' title='bbox 1487 2178 1659 2218; x_wconf 83' lang='lat' dir='ltr'><strong>meam</strong></span> <span class='ocrx_word' id='word_1_168' title='bbox 1684 2163 1772 2222; x_wconf 71' lang='lat' dir='ltr'><strong>&quot;,i</strong></span> <span class='ocrx_word' id='word_1_169' title='bbox 1809 2173 1912 2217; x_wconf 89' lang='lat' dir='ltr'><strong>etc.</strong></span> 
     </span>
    </p>
   </div>
   <div class='ocr_carea' id='block_1_25' title="bbox 510 2341 2025 2414">
    <p class='ocr_par' dir='ltr' id='par_1_25' title="bbox 510 2341 2025 2414">
     <span class='ocr_line' id='line_1_25' title="bbox 510 2341 2025 2414; baseline 0 -19"><span class='ocrx_word' id='word_1_170' title='bbox 510 2341 787 2412; x_wconf 73' lang='lat' dir='ltr'><strong>Ejusdem.</strong></span> <span class='ocrx_word' id='word_1_171' title='bbox 827 2343 1068 2414; x_wconf 80' lang='lat' dir='ltr'><strong>Angelos</strong></span> <span class='ocrx_word' id='word_1_172' title='bbox 1098 2344 1210 2397; x_wconf 86' lang='lat' dir='ltr'><strong>vita</strong></span> <span class='ocrx_word' id='word_1_173' title='bbox 1262 2343 1480 2413; x_wconf 85' lang='lat' dir='ltr'><strong>pascit,</strong></span> <span class='ocrx_word' id='word_1_174' title='bbox 1519 2345 1764 2398; x_wconf 89' lang='lat' dir='ltr'><strong>homines</strong></span> <span class='ocrx_word' id='word_1_175' title='bbox 1797 2357 1943 2396; x_wconf 90' lang='lat' dir='ltr'><strong>mors</strong></span> <span class='ocrx_word' id='word_1_176' title='bbox 1969 2351 2025 2396; x_wconf 90' lang='lat' dir='ltr'><strong>ct</strong></span> 
     </span>
    </p>
   </div>
   <div class='ocr_carea' id='block_1_26' title="bbox 437 2435 2024 2498">
    <p class='ocr_par' dir='ltr' id='par_1_26' title="bbox 437 2435 2024 2498">
     <span class='ocr_line' id='line_1_26' title="bbox 437 2435 2024 2498; baseline 0.002 -14"><span class='ocrx_word' id='word_1_177' title='bbox 437 2435 587 2498; x_wconf 77' lang='lat' dir='ltr'><strong>vita,</strong></span> <span class='ocrx_word' id='word_1_178' title='bbox 640 2435 911 2490; x_wconf 67' lang='lat' dir='ltr'><strong>daemones</strong></span> <span class='ocrx_word' id='word_1_179' title='bbox 945 2446 1152 2488; x_wconf 87' lang='lat' dir='ltr'><strong>tantum</strong></span> <span class='ocrx_word' id='word_1_180' title='bbox 1200 2451 1369 2490; x_wconf 89' lang='lat' dir='ltr'><strong>mors.</strong></span> <span class='ocrx_word' id='word_1_181' title='bbox 1429 2455 1448 2486; x_wconf 81' lang='grc' dir='ltr'><strong>ι</strong></span> <span class='ocrx_word' id='word_1_182' title='bbox 1482 2435 1544 2489; x_wconf 83' lang='grc' dir='ltr'>Ει</span> <span class='ocrx_word' id='word_1_183' title='bbox 1599 2436 2024 2491; x_wconf 81' lang='lat' dir='ltr'><strong>dominabuntur</strong></span> 
     </span>
    </p>
   </div>
   <div class='ocr_carea' id='block_1_27' title="bbox 436 2527 2024 2596">
    <p class='ocr_par' dir='ltr' id='par_1_27' title="bbox 436 2527 2024 2596">
     <span class='ocr_line' id='line_1_27' title="bbox 436 2527 2024 2596; baseline 0.001 -20"><span class='ocrx_word' id='word_1_184' title='bbox 436 2541 628 2578; x_wconf 86' lang='lat' dir='ltr'><strong>eorum</strong></span> <span class='ocrx_word' id='word_1_185' title='bbox 663 2528 794 2579; x_wconf 92' lang='lat' dir='ltr'><strong>recti</strong></span> <span class='ocrx_word' id='word_1_186' title='bbox 829 2527 880 2581; x_wconf 89' lang='lat' dir='ltr'><strong>in</strong></span> <span class='ocrx_word' id='word_1_187' title='bbox 915 2530 1202 2581; x_wconf 86' lang='lat' dir='ltr'><strong>matutino.</strong></span> <span class='ocrx_word' id='word_1_188' title='bbox 1239 2545 1258 2578; x_wconf 71' lang='grc' dir='ltr'><strong>ι</strong></span> <span class='ocrx_word' id='word_1_189' title='bbox 1297 2528 1467 2581; x_wconf 87' lang='lat' dir='ltr'><strong>Erunt</strong></span> <span class='ocrx_word' id='word_1_190' title='bbox 1493 2529 1637 2581; x_wconf 91' lang='lat' dir='ltr'><strong>enim</strong></span> <span class='ocrx_word' id='word_1_191' title='bbox 1671 2543 1831 2596; x_wconf 86' lang='lat' dir='ltr'><strong>supra</strong></span> <span class='ocrx_word' id='word_1_192' title='bbox 1865 2527 2024 2596; x_wconf 84' lang='lat' dir='ltr'><strong>quiu-</strong></span> 
     </span>
    </p>
   </div>
   <div class='ocr_carea' id='block_1_28' title="bbox 436 2609 2019 2683">
    <p class='ocr_par' dir='ltr' id='par_1_28' title="bbox 436 2609 2019 2683">
     <span class='ocr_line' id='line_1_28' title="bbox 436 2609 2019 2683; baseline 0 -17"><span class='ocrx_word' id='word_1_193' title='bbox 436 2629 543 2683; x_wconf 91' lang='lat' dir='ltr'><strong>que</strong></span> <span class='ocrx_word' id='word_1_194' title='bbox 567 2615 821 2668; x_wconf 61' lang='lat' dir='ltr'><strong>civitates</strong></span> <span class='ocrx_word' id='word_1_195' title='bbox 845 2625 898 2668; x_wconf 92' lang='lat' dir='ltr'><strong>et</strong></span> <span class='ocrx_word' id='word_1_196' title='bbox 930 2630 1092 2683; x_wconf 87' lang='lat' dir='ltr'><strong>supra</strong></span> <span class='ocrx_word' id='word_1_197' title='bbox 1117 2615 1303 2669; x_wconf 86' lang='lat' dir='ltr'><strong>decem</strong></span> <span class='ocrx_word' id='word_1_198' title='bbox 1341 2614 1474 2668; x_wconf 90' lang='lat' dir='ltr'><strong>recti</strong></span> <span class='ocrx_word' id='word_1_199' title='bbox 1508 2615 1561 2667; x_wconf 91' lang='lat' dir='ltr'><strong>in</strong></span> <span class='ocrx_word' id='word_1_200' title='bbox 1589 2614 1772 2666; x_wconf 82' lang='lat' dir='ltr'><strong>futuro</strong></span> <span class='ocrx_word' id='word_1_201' title='bbox 1799 2609 2019 2666; x_wconf 61' lang='lat' dir='ltr'><strong>sinendo.</strong></span> 
     </span>
    </p>
   </div>
   <div class='ocr_carea' id='block_1_29' title="bbox 439 2703 2024 2774">
    <p class='ocr_par' dir='ltr' id='par_1_29' title="bbox 439 2703 2024 2774">
     <span class='ocr_line' id='line_1_29' title="bbox 439 2703 2024 2774; baseline 0.001 -19"><span class='ocrx_word' id='word_1_202' title='bbox 439 2705 694 2758; x_wconf 75' lang='lat' dir='ltr'><strong>Salomon</strong></span> <span class='ocrx_word' id='word_1_203' title='bbox 723 2707 888 2759; x_wconf 88' lang='lat' dir='ltr'><strong>etiam</strong></span> <span class='ocrx_word' id='word_1_204' title='bbox 921 2708 972 2759; x_wconf 92' lang='lat' dir='ltr'><strong>in</strong></span> <span class='ocrx_word' id='word_1_205' title='bbox 996 2706 1306 2762; x_wconf 81' lang='lat' dir='ltr'><strong>Proverbiis</strong></span> <span class='ocrx_word' id='word_1_206' title='bbox 1334 2708 1436 2761; x_wconf 83' lang='lat' dir='ltr'><strong>hoc</strong></span> <span class='ocrx_word' id='word_1_207' title='bbox 1462 2708 1634 2774; x_wconf 89' lang='lat' dir='ltr'><strong>ipsum</strong></span> <span class='ocrx_word' id='word_1_208' title='bbox 1667 2704 1835 2758; x_wconf 82' lang='lat' dir='ltr'><strong>dicit:</strong></span> <span class='ocrx_word' id='word_1_209' title='bbox 1875 2722 1894 2755; x_wconf 76' lang='grc' dir='ltr'><strong>ι</strong></span> <span class='ocrx_word' id='word_1_210' title='bbox 1924 2703 2024 2756; x_wconf 83' lang='lat' dir='ltr'><strong>Fe-</strong></span> 
     </span>
    </p>
   </div>
   <div class='ocr_carea' id='block_1_30' title="bbox 437 2793 2022 2864">
    <p class='ocr_par' dir='ltr' id='par_1_30' title="bbox 437 2793 2022 2864">
     <span class='ocr_line' id='line_1_30' title="bbox 437 2793 2022 2864; baseline -0.001 -17"><span class='ocrx_word' id='word_1_211' title='bbox 437 2795 604 2848; x_wconf 84' lang='lat' dir='ltr'><strong>stinat</strong></span> <span class='ocrx_word' id='word_1_212' title='bbox 636 2795 780 2848; x_wconf 91' lang='lat' dir='ltr'><strong>enim</strong></span> <span class='ocrx_word' id='word_1_213' title='bbox 821 2796 1092 2848; x_wconf 84' lang='lat' dir='ltr'><strong>ditescere</strong></span> <span class='ocrx_word' id='word_1_214' title='bbox 1124 2795 1206 2848; x_wconf 80' lang='lat' dir='ltr'><strong>vir</strong></span> <span class='ocrx_word' id='word_1_215' title='bbox 1241 2795 1455 2850; x_wconf 75' lang='lat' dir='ltr'><strong>invidus</strong></span> <span class='ocrx_word' id='word_1_216' title='bbox 1479 2837 1494 2861; x_wconf 92' lang='lat'><strong>,</strong></span> <span class='ocrx_word' id='word_1_217' title='bbox 1534 2804 1586 2848; x_wconf 89' lang='lat' dir='ltr'><strong>et</strong></span> <span class='ocrx_word' id='word_1_218' title='bbox 1623 2795 1835 2864; x_wconf 83' lang='lat' dir='ltr'><strong>ignorat</strong></span> <span class='ocrx_word' id='word_1_219' title='bbox 1880 2793 2022 2861; x_wconf 85' lang='lat' dir='ltr'><strong>quod</strong></span> 
     </span>
    </p>
   </div>
   <div class='ocr_carea' id='block_1_31' title="bbox 439 2884 1377 2941">
    <p class='ocr_par' dir='ltr' id='par_1_31' title="bbox 439 2884 1377 2941">
     <span class='ocr_line' id='line_1_31' title="bbox 439 2884 1377 2941; baseline 0.001 -5"><span class='ocrx_word' id='word_1_220' title='bbox 439 2885 751 2940; x_wconf 84' lang='lat' dir='ltr'><strong>misericors</strong></span> <span class='ocrx_word' id='word_1_221' title='bbox 780 2884 1150 2939; x_wconf 84' lang='lat' dir='ltr'><strong>dominabitur</strong></span> <span class='ocrx_word' id='word_1_222' title='bbox 1177 2886 1224 2941; x_wconf 92' lang='lat' dir='ltr'><strong>ei</strong></span> <span class='ocrx_word' id='word_1_223' title='bbox 1252 2889 1321 2940; x_wconf 80' lang='grc'><strong>¹’.</strong></span> <span class='ocrx_word' id='word_1_224' title='bbox 1359 2903 1377 2936; x_wconf 75' lang='grc' dir='ltr'><strong>ι</strong></span> 
     </span>
    </p>
   </div>
   <div class='ocr_carea' id='block_1_32' title="bbox 510 3055 2090 3129">
    <p class='ocr_par' dir='ltr' id='par_1_32' title="bbox 510 3055 2090 3129">
     <span class='ocr_line' id='line_1_32' title="bbox 510 3055 2090 3129; baseline -0.001 -13"><span class='ocrx_word' id='word_1_225' title='bbox 510 3062 674 3118; x_wconf 68' lang='grc' dir='ltr'>νιιιις.</span> <span class='ocrx_word' id='word_1_226' title='bbox 714 3063 801 3117; x_wconf 83' lang='grc'><strong>17.</strong></span> <span class='ocrx_word' id='word_1_227' title='bbox 841 3062 922 3115; x_wconf 79' lang='lat' dir='ltr'><strong>Ne</strong></span> <span class='ocrx_word' id='word_1_228' title='bbox 957 3063 1198 3116; x_wconf 74' lang='lat' dir='ltr'><strong>timueris</strong></span> <span class='ocrx_word' id='word_1_229' title='bbox 1230 3077 1346 3114; x_wconf 83' lang='lat' dir='ltr'><strong>eum</strong></span> <span class='ocrx_word' id='word_1_230' title='bbox 1370 3062 1512 3114; x_wconf 77' lang='lat' dir='ltr'><strong>dives</strong></span> <span class='ocrx_word' id='word_1_231' title='bbox 1542 3061 1715 3129; x_wconf 75' lang='lat' dir='ltr'><strong>factus</strong></span> <span class='ocrx_word' id='word_1_232' title='bbox 1743 3060 1900 3127; x_wconf 81' lang='lat' dir='ltr'><strong>fuerit</strong></span> <span class='ocrx_word' id='word_1_233' title='bbox 1927 3061 2018 3112; x_wconf 84' lang='lat' dir='ltr'><strong>ho-</strong></span> <span class='ocrx_word' id='word_1_234' title='bbox 2047 3055 2090 3114; x_wconf 87' lang='lat' dir='ltr'><strong><em>C</em></strong></span> 
     </span>
    </p>
   </div>
   <div class='ocr_carea' id='block_1_33' title="bbox 436 3152 2016 3224">
    <p class='ocr_par' dir='ltr' id='par_1_33' title="bbox 436 3152 2016 3224">
     <span class='ocr_line' id='line_1_33' title="bbox 436 3152 2016 3224; baseline -0.002 -17"><span class='ocrx_word' id='word_1_235' title='bbox 436 3171 540 3217; x_wconf 87' lang='lat' dir='ltr'><strong>mo,</strong></span> <span class='ocrx_word' id='word_1_236' title='bbox 576 3167 683 3210; x_wconf 85' lang='lat' dir='ltr'><strong>etc.</strong></span> <span class='ocrx_word' id='word_1_237' title='bbox 736 3156 828 3208; x_wconf 78' lang='lat' dir='ltr'><strong>Va:</strong></span> <span class='ocrx_word' id='word_1_238' title='bbox 875 3155 940 3209; x_wconf 88' lang='lat' dir='ltr'><strong>iis</strong></span> <span class='ocrx_word' id='word_1_239' title='bbox 967 3155 1058 3224; x_wconf 90' lang='lat' dir='ltr'><strong>qui</strong></span> <span class='ocrx_word' id='word_1_240' title='bbox 1113 3155 1262 3208; x_wconf 88' lang='lat' dir='ltr'><strong>hisce</strong></span> <span class='ocrx_word' id='word_1_241' title='bbox 1315 3154 1517 3206; x_wconf 72' lang='lat' dir='ltr'><strong>divitiis</strong></span> <span class='ocrx_word' id='word_1_242' title='bbox 1569 3152 1809 3220; x_wconf 82' lang='lat' dir='ltr'><strong>cpuleuti</strong></span> <span class='ocrx_word' id='word_1_243' title='bbox 1849 3161 2016 3204; x_wconf 88' lang='lat' dir='ltr'><strong>sunt:</strong></span> 
     </span>
    </p>
   </div>
   <div class='ocr_carea' id='block_1_34' title="bbox 439 3237 2020 3314">
    <p class='ocr_par' dir='ltr' id='par_1_34' title="bbox 439 3237 2020 3314">
     <span class='ocr_line' id='line_1_34' title="bbox 439 3237 2020 3314; baseline -0.005 -17"><span class='ocrx_word' id='word_1_244' title='bbox 439 3261 562 3299; x_wconf 85' lang='lat' dir='ltr'><strong>nam</strong></span> <span class='ocrx_word' id='word_1_245' title='bbox 601 3245 728 3298; x_wconf 89' lang='lat' dir='ltr'><strong>dum</strong></span> <span class='ocrx_word' id='word_1_246' title='bbox 778 3245 900 3314; x_wconf 87' lang='lat' dir='ltr'><strong>quis</strong></span> <span class='ocrx_word' id='word_1_247' title='bbox 929 3243 1203 3310; x_wconf 84' lang='lat' dir='ltr'><strong>moritur,</strong></span> <span class='ocrx_word' id='word_1_248' title='bbox 1255 3257 1367 3296; x_wconf 92' lang='lat' dir='ltr'><strong>non</strong></span> <span class='ocrx_word' id='word_1_249' title='bbox 1415 3250 1593 3296; x_wconf 89' lang='lat' dir='ltr'><strong>sumet</strong></span> <span class='ocrx_word' id='word_1_250' title='bbox 1625 3255 1740 3293; x_wconf 90' lang='lat' dir='ltr'><strong>eas.</strong></span> <span class='ocrx_word' id='word_1_251' title='bbox 1784 3257 1801 3288; x_wconf 76' lang='grc' dir='ltr'><strong>ι</strong></span> <span class='ocrx_word' id='word_1_252' title='bbox 1834 3237 2020 3305; x_wconf 84' lang='lat' dir='ltr'><strong>Neque</strong></span> 
     </span>
    </p>
   </div>
   <div class='ocr_carea' id='block_1_35' title="bbox 436 3331 2015 3404">
    <p class='ocr_par' dir='ltr' id='par_1_35' title="bbox 436 3331 2015 3404">
     <span class='ocr_line' id='line_1_35' title="bbox 436 3331 2015 3404; baseline -0.002 -17"><span class='ocrx_word' id='word_1_253' title='bbox 436 3337 732 3391; x_wconf 82' lang='lat' dir='ltr'><strong>descendet</strong></span> <span class='ocrx_word' id='word_1_254' title='bbox 759 3351 883 3391; x_wconf 89' lang='lat' dir='ltr'><strong>cum</strong></span> <span class='ocrx_word' id='word_1_255' title='bbox 918 3351 984 3390; x_wconf 90' lang='lat' dir='ltr'><strong>eo</strong></span> <span class='ocrx_word' id='word_1_256' title='bbox 1018 3334 1191 3404; x_wconf 75' lang='lat' dir='ltr'><strong>gloria</strong></span> <span class='ocrx_word' id='word_1_257' title='bbox 1230 3333 1421 3387; x_wconf 88' lang='lat' dir='ltr'><strong>domus</strong></span> <span class='ocrx_word' id='word_1_258' title='bbox 1447 3333 1583 3402; x_wconf 75' lang='lat' dir='ltr'><strong>eius.</strong></span> <span class='ocrx_word' id='word_1_259' title='bbox 1617 3351 1636 3384; x_wconf 78' lang='grc' dir='ltr'><strong>ι</strong></span> <span class='ocrx_word' id='word_1_260' title='bbox 1679 3331 1828 3385; x_wconf 89' lang='lat' dir='ltr'><strong>Hanc</strong></span> <span class='ocrx_word' id='word_1_261' title='bbox 1857 3331 2015 3400; x_wconf 79' lang='lat'><strong>721</strong></span> 
     </span>
    </p>
   </div>
   <div class='ocr_carea' id='block_1_36' title="bbox 435 3423 2017 3497">
    <p class='ocr_par' dir='ltr' id='par_1_36' title="bbox 435 3423 2017 3497">
     <span class='ocr_line' id='line_1_36' title="bbox 435 3423 2017 3497; baseline -0.004 -16"><span class='ocrx_word' id='word_1_262' title='bbox 435 3430 663 3496; x_wconf 75' lang='lat' dir='ltr'><strong>gloriam</strong></span> <span class='ocrx_word' id='word_1_263' title='bbox 692 3437 940 3497; x_wconf 72' lang='lat' dir='ltr'><strong>quaerunt</strong></span> <span class='ocrx_word' id='word_1_264' title='bbox 973 3427 1242 3491; x_wconf 84' lang='lat' dir='ltr'><strong>inﬁdeles,</strong></span> <span class='ocrx_word' id='word_1_265' title='bbox 1285 3440 1404 3495; x_wconf 67' lang='lat' dir='ltr'><strong>quae</strong></span> <span class='ocrx_word' id='word_1_266' title='bbox 1440 3441 1544 3480; x_wconf 91' lang='lat' dir='ltr'><strong>non</strong></span> <span class='ocrx_word' id='word_1_267' title='bbox 1576 3423 1868 3478; x_wconf 78' lang='lat' dir='ltr'><strong>descendet</strong></span> <span class='ocrx_word' id='word_1_268' title='bbox 1893 3437 2017 3476; x_wconf 91' lang='lat' dir='ltr'><strong>cum</strong></span> 
     </span>
    </p>
   </div>
   <div class='ocr_carea' id='block_1_37' title="bbox 437 3511 2020 3586">
    <p class='ocr_par' dir='ltr' id='par_1_37' title="bbox 437 3511 2020 3586">
     <span class='ocr_line' id='line_1_37' title="bbox 437 3511 2020 3586; baseline -0.004 -15"><span class='ocrx_word' id='word_1_269' title='bbox 437 3519 564 3572; x_wconf 87' lang='lat' dir='ltr'><strong>illis.</strong></span> <span class='ocrx_word' id='word_1_270' title='bbox 600 3519 702 3583; x_wconf 83' lang='lat' dir='ltr'><strong>Qui</strong></span> <span class='ocrx_word' id='word_1_271' title='bbox 746 3517 1000 3585; x_wconf 91' lang='lat' dir='ltr'><strong>moritur,</strong></span> <span class='ocrx_word' id='word_1_272' title='bbox 1039 3533 1144 3571; x_wconf 83' lang='lat' dir='ltr'><strong>non</strong></span> <span class='ocrx_word' id='word_1_273' title='bbox 1190 3518 1423 3586; x_wconf 83' lang='lat' dir='ltr'><strong>accipiet</strong></span> <span class='ocrx_word' id='word_1_274' title='bbox 1458 3514 1874 3583; x_wconf 87' lang='lat' dir='ltr'><strong>multiplicatam</strong></span> <span class='ocrx_word' id='word_1_275' title='bbox 1905 3511 2020 3581; x_wconf 67' lang='lat' dir='ltr'><strong>gloo</strong></span> 
     </span>
    </p>
   </div>
   <div class='ocr_carea' id='block_1_38' title="bbox 437 3597 2020 3674">
    <p class='ocr_par' dir='ltr' id='par_1_38' title="bbox 437 3597 2020 3674">
     <span class='ocr_line' id='line_1_38' title="bbox 437 3597 2020 3674; baseline -0.003 -12"><span class='ocrx_word' id='word_1_276' title='bbox 437 3610 585 3669; x_wconf 60' lang='lat' dir='ltr'><strong>riam,</strong></span> <span class='ocrx_word' id='word_1_277' title='bbox 605 3610 800 3662; x_wconf 88' lang='lat' dir='ltr'><strong>domus</strong></span> <span class='ocrx_word' id='word_1_278' title='bbox 828 3623 981 3671; x_wconf 62' lang='lat' dir='ltr'><strong>suae;</strong></span> <span class='ocrx_word' id='word_1_279' title='bbox 1013 3608 1110 3662; x_wconf 86' lang='lat' dir='ltr'><strong>sed</strong></span> <span class='ocrx_word' id='word_1_280' title='bbox 1141 3623 1265 3662; x_wconf 92' lang='lat' dir='ltr'><strong>cum</strong></span> <span class='ocrx_word' id='word_1_281' title='bbox 1302 3607 1505 3660; x_wconf 78' lang='lat' dir='ltr'><strong>virtute</strong></span> <span class='ocrx_word' id='word_1_282' title='bbox 1537 3603 1788 3674; x_wconf 74' lang='lat' dir='ltr'><strong>przeditu,</strong></span> <span class='ocrx_word' id='word_1_283' title='bbox 1821 3597 1946 3657; x_wconf 91' lang='lat' dir='ltr'><strong>dum</strong></span> <span class='ocrx_word' id='word_1_284' title='bbox 1975 3603 2020 3657; x_wconf 88' lang='lat' dir='ltr'><strong>is</strong></span> 
     </span>
    </p>
   </div>
   <div class='ocr_carea' id='block_1_39' title="bbox 436 3696 2018 3770">
    <p class='ocr_par' dir='ltr' id='par_1_39' title="bbox 436 3696 2018 3770">
     <span class='ocr_line' id='line_1_39' title="bbox 436 3696 2018 3770; baseline -0.003 -16"><span class='ocrx_word' id='word_1_285' title='bbox 436 3703 774 3768; x_wconf 88' lang='lat' dir='ltr'><strong>ascenderit,</strong></span> <span class='ocrx_word' id='word_1_286' title='bbox 810 3701 1140 3756; x_wconf 89' lang='lat' dir='ltr'><strong>coasceudet</strong></span> <span class='ocrx_word' id='word_1_287' title='bbox 1185 3715 1401 3770; x_wconf 87' lang='lat' dir='ltr'><strong>quoque</strong></span> <span class='ocrx_word' id='word_1_288' title='bbox 1431 3698 1600 3770; x_wconf 83' lang='lat' dir='ltr'><strong>gloria</strong></span> <span class='ocrx_word' id='word_1_289' title='bbox 1632 3698 1800 3766; x_wconf 88' lang='lat' dir='ltr'><strong>ipsius</strong></span> <span class='ocrx_word' id='word_1_290' title='bbox 1821 3736 1835 3761; x_wconf 94' lang='lat'><strong>,</strong></span> <span class='ocrx_word' id='word_1_291' title='bbox 1868 3696 2018 3751; x_wconf 89' lang='lat' dir='ltr'><strong>scili-</strong></span> 
     </span>
    </p>
   </div>
   <div class='ocr_carea' id='block_1_40' title="bbox 435 3789 2019 3856">
    <p class='ocr_par' dir='ltr' id='par_1_40' title="bbox 435 3789 2019 3856">
     <span class='ocr_line' id='line_1_40' title="bbox 435 3789 2019 3856; baseline -0.004 -8"><span class='ocrx_word' id='word_1_292' title='bbox 435 3803 526 3848; x_wconf 90' lang='lat' dir='ltr'><strong>cet</strong></span> <span class='ocrx_word' id='word_1_293' title='bbox 560 3796 764 3856; x_wconf 86' lang='lat' dir='ltr'><strong>virtns;</strong></span> <span class='ocrx_word' id='word_1_294' title='bbox 794 3808 916 3846; x_wconf 90' lang='lat' dir='ltr'><strong>cum</strong></span> <span class='ocrx_word' id='word_1_295' title='bbox 949 3793 1314 3847; x_wconf 87' lang='lat' dir='ltr'><strong>descendente</strong></span> <span class='ocrx_word' id='word_1_296' title='bbox 1349 3805 1476 3844; x_wconf 86' lang='lat' dir='ltr'><strong>vero</strong></span> <span class='ocrx_word' id='word_1_297' title='bbox 1498 3790 1664 3844; x_wconf 91' lang='lat' dir='ltr'><strong>etiam</strong></span> <span class='ocrx_word' id='word_1_298' title='bbox 1695 3789 2019 3844; x_wconf 85' lang='lat' dir='ltr'><strong>condescen-</strong></span> 
     </span>
    </p>
   </div>
   <div class='ocr_carea' id='block_1_41' title="bbox 435 3882 2018 3951">
    <p class='ocr_par' dir='ltr' id='par_1_41' title="bbox 435 3882 2018 3951">
     <span class='ocr_line' id='line_1_41' title="bbox 435 3882 2018 3951; baseline -0.002 -13"><span class='ocrx_word' id='word_1_299' title='bbox 435 3887 546 3940; x_wconf 76' lang='lat' dir='ltr'><strong>det.</strong></span> <span class='ocrx_word' id='word_1_300' title='bbox 595 3885 735 3951; x_wconf 83' lang='lat' dir='ltr'><strong>Quin</strong></span> <span class='ocrx_word' id='word_1_301' title='bbox 773 3896 826 3939; x_wconf 92' lang='lat' dir='ltr'><strong>et</strong></span> <span class='ocrx_word' id='word_1_302' title='bbox 855 3885 954 3938; x_wconf 78' lang='lat' dir='ltr'><strong>viri</strong></span> <span class='ocrx_word' id='word_1_303' title='bbox 987 3884 1160 3939; x_wconf 87' lang='lat' dir='ltr'><strong>sancti</strong></span> <span class='ocrx_word' id='word_1_304' title='bbox 1193 3884 1375 3937; x_wconf 86' lang='lat' dir='ltr'><strong>anima</strong></span> <span class='ocrx_word' id='word_1_305' title='bbox 1431 3883 1484 3937; x_wconf 93' lang='lat' dir='ltr'><strong>iu</strong></span> <span class='ocrx_word' id='word_1_306' title='bbox 1517 3882 1625 3935; x_wconf 78' lang='lat' dir='ltr'><strong>vita</strong></span> <span class='ocrx_word' id='word_1_307' title='bbox 1663 3882 1853 3950; x_wconf 82' lang='lat' dir='ltr'><strong>ipsius,</strong></span> <span class='ocrx_word' id='word_1_308' title='bbox 1899 3895 2018 3948; x_wconf 63' lang='lat' dir='ltr'><strong>quae</strong></span> 
     </span>
    </p>
   </div>
   <div class='ocr_carea' id='block_1_42' title="bbox 435 3971 2019 4040">
    <p class='ocr_par' dir='ltr' id='par_1_42' title="bbox 435 3971 2019 4040">
     <span class='ocr_line' id='line_1_42' title="bbox 435 3971 2019 4040; baseline -0.002 -11"><span class='ocrx_word' id='word_1_309' title='bbox 435 3975 687 4031; x_wconf 84' lang='lat' dir='ltr'><strong>Christus</strong></span> <span class='ocrx_word' id='word_1_310' title='bbox 712 3985 818 4038; x_wconf 89' lang='lat' dir='ltr'><strong>est,</strong></span> <span class='ocrx_word' id='word_1_311' title='bbox 848 3975 1222 4030; x_wconf 86' lang='lat' dir='ltr'><strong>henedicetur.</strong></span> <span class='ocrx_word' id='word_1_312' title='bbox 1259 3973 1361 4040; x_wconf 83' lang='lat' dir='ltr'><strong>Qui</strong></span> <span class='ocrx_word' id='word_1_313' title='bbox 1399 3982 1620 4028; x_wconf 83' lang='lat' dir='ltr'><strong>sanctus</strong></span> <span class='ocrx_word' id='word_1_314' title='bbox 1649 3973 1757 4026; x_wconf 90' lang='lat' dir='ltr'><strong>Deo</strong></span> <span class='ocrx_word' id='word_1_315' title='bbox 1791 3971 2019 4026; x_wconf 86' lang='lat' dir='ltr'><strong>conlite-</strong></span> 
     </span>
    </p>
   </div>
   <div class='ocr_carea' id='block_1_43' title="bbox 438 4061 2018 4136">
    <p class='ocr_par' dir='ltr' id='par_1_43' title="bbox 438 4061 2018 4136">
     <span class='ocr_line' id='line_1_43' title="bbox 438 4061 2018 4136; baseline -0.003 -16"><span class='ocrx_word' id='word_1_316' title='bbox 438 4067 607 4132; x_wconf 83' lang='lat' dir='ltr'><strong>bitur,</strong></span> <span class='ocrx_word' id='word_1_317' title='bbox 637 4083 759 4120; x_wconf 90' lang='lat' dir='ltr'><strong>cum</strong></span> <span class='ocrx_word' id='word_1_318' title='bbox 789 4069 1016 4136; x_wconf 85' lang='lat' dir='ltr'><strong>probum</strong></span> <span class='ocrx_word' id='word_1_319' title='bbox 1049 4067 1225 4133; x_wconf 88' lang='lat' dir='ltr'><strong>ipsum</strong></span> <span class='ocrx_word' id='word_1_320' title='bbox 1263 4063 1576 4129; x_wconf 81' lang='lat' dir='ltr'><strong>reddiderit,</strong></span> <span class='ocrx_word' id='word_1_321' title='bbox 1605 4071 1658 4116; x_wconf 92' lang='lat' dir='ltr'><strong>et</strong></span> <span class='ocrx_word' id='word_1_322' title='bbox 1687 4061 2018 4117; x_wconf 76' lang='lat' dir='ltr'><strong>benefecerit</strong></span> 
     </span>
    </p>
   </div>
   <div class='ocr_carea' id='block_1_44' title="bbox 442 4162 564 4229">
    <p class='ocr_par' dir='ltr' id='par_1_44' title="bbox 442 4162 564 4229">
     <span class='ocr_line' id='line_1_44' title="bbox 442 4162 564 4229; baseline 0.033 -15"><span class='ocrx_word' id='word_1_323' title='bbox 442 4162 564 4229; x_wconf 87' lang='lat' dir='ltr'><strong>ipsi.</strong></span> 
     </span>
    </p>
   </div>
   <div class='ocr_carea' id='block_1_45' title="bbox 514 4244 2018 4310">
    <p class='ocr_par' dir='ltr' id='par_1_45' title="bbox 514 4244 2018 4310">
     <span class='ocr_line' id='line_1_45' title="bbox 514 4244 2018 4310; baseline -0.003 -8"><span class='ocrx_word' id='word_1_324' title='bbox 514 4251 672 4303; x_wconf 72' lang='lat' dir='ltr'><strong>Vens.</strong></span> <span class='ocrx_word' id='word_1_325' title='bbox 707 4250 798 4304; x_wconf 71' lang='grc'><strong>21.</strong></span> <span class='ocrx_word' id='word_1_326' title='bbox 826 4249 895 4302; x_wconf 82' lang='lat' dir='ltr'><strong>Et</strong></span> <span class='ocrx_word' id='word_1_327' title='bbox 923 4249 1074 4302; x_wconf 83' lang='lat' dir='ltr'><strong>homo</strong></span> <span class='ocrx_word' id='word_1_328' title='bbox 1102 4266 1219 4302; x_wconf 84' lang='lat' dir='ltr'><strong>cum</strong></span> <span class='ocrx_word' id='word_1_329' title='bbox 1250 4251 1304 4302; x_wconf 84' lang='lat' dir='ltr'><strong>in</strong></span> <span class='ocrx_word' id='word_1_330' title='bbox 1332 4249 1527 4300; x_wconf 80' lang='lat' dir='ltr'><strong>honore</strong></span> <span class='ocrx_word' id='word_1_331' title='bbox 1549 4256 1699 4307; x_wconf 70' lang='lat' dir='ltr'><strong>esset,</strong></span> <span class='ocrx_word' id='word_1_332' title='bbox 1727 4255 1834 4299; x_wconf 90' lang='lat' dir='ltr'><strong>etc.</strong></span> <span class='ocrx_word' id='word_1_333' title='bbox 1861 4244 2018 4310; x_wconf 70' lang='lat' dir='ltr'><strong>Qua:-</strong></span> 
     </span>
    </p>
   </div>
   <div class='ocr_carea' id='block_1_46' title="bbox 440 4340 2019 4412">
    <p class='ocr_par' dir='ltr' id='par_1_46' title="bbox 440 4340 2019 4412">
     <span class='ocr_line' id='line_1_46' title="bbox 440 4340 2019 4412; baseline -0.002 -15"><span class='ocrx_word' id='word_1_334' title='bbox 440 4346 667 4397; x_wconf 78' lang='lat' dir='ltr'><strong>rendum</strong></span> <span class='ocrx_word' id='word_1_335' title='bbox 708 4344 865 4412; x_wconf 81' lang='lat' dir='ltr'><strong>cujus</strong></span> <span class='ocrx_word' id='word_1_336' title='bbox 889 4351 1096 4396; x_wconf 71' lang='lat' dir='ltr'><strong>natura:</strong></span> <span class='ocrx_word' id='word_1_337' title='bbox 1135 4343 1206 4396; x_wconf 89' lang='lat' dir='ltr'><strong>sit</strong></span> <span class='ocrx_word' id='word_1_338' title='bbox 1232 4341 1414 4404; x_wconf 84' lang='lat' dir='ltr'><strong>homo,</strong></span> <span class='ocrx_word' id='word_1_339' title='bbox 1460 4341 1548 4409; x_wconf 87' lang='lat' dir='ltr'><strong>qui</strong></span> <span class='ocrx_word' id='word_1_340' title='bbox 1579 4355 1700 4392; x_wconf 88' lang='lat' dir='ltr'><strong>Clllll</strong></span> <span class='ocrx_word' id='word_1_341' title='bbox 1737 4341 1787 4392; x_wconf 94' lang='lat' dir='ltr'><strong>in</strong></span> <span class='ocrx_word' id='word_1_342' title='bbox 1813 4340 2019 4394; x_wconf 82' lang='lat' dir='ltr'><strong>honore</strong></span> 
     </span>
    </p>
   </div>
   <div class='ocr_carea' id='block_1_47' title="bbox 436 4430 2014 4501">
    <p class='ocr_par' dir='ltr' id='par_1_47' title="bbox 436 4430 2014 4501">
     <span class='ocr_line' id='line_1_47' title="bbox 436 4430 2014 4501; baseline -0.001 -15"><span class='ocrx_word' id='word_1_343' title='bbox 436 4443 604 4494; x_wconf 81' lang='lat' dir='ltr'><strong>esset,</strong></span> <span class='ocrx_word' id='word_1_344' title='bbox 637 4449 738 4484; x_wconf 82' lang='lat' dir='ltr'><strong>non</strong></span> <span class='ocrx_word' id='word_1_345' title='bbox 769 4433 1056 4487; x_wconf 79' lang='lat' dir='ltr'><strong>intellexit.</strong></span> <span class='ocrx_word' id='word_1_346' title='bbox 1086 4432 1364 4501; x_wconf 82' lang='lat' dir='ltr'><strong>Siquidem</strong></span> <span class='ocrx_word' id='word_1_347' title='bbox 1387 4432 1460 4484; x_wconf 85' lang='lat' dir='ltr'><strong>sit</strong></span> <span class='ocrx_word' id='word_1_348' title='bbox 1487 4441 1698 4484; x_wconf 73' lang='lat' dir='ltr'><strong>natura:</strong></span> <span class='ocrx_word' id='word_1_349' title='bbox 1729 4430 2014 4499; x_wconf 84' lang='lat' dir='ltr'><strong>spiritalis,</strong></span> 
     </span>
    </p>
   </div>
   <div class='ocr_carea' id='block_1_48' title="bbox 437 4523 2014 4596">
    <p class='ocr_par' dir='ltr' id='par_1_48' title="bbox 437 4523 2014 4596">
     <span class='ocr_line' id='line_1_48' title="bbox 437 4523 2014 4596; baseline -0.001 -16"><span class='ocrx_word' id='word_1_350' title='bbox 437 4525 710 4596; x_wconf 89' lang='lat' dir='ltr'><strong>quomodo</strong></span> <span class='ocrx_word' id='word_1_351' title='bbox 733 4523 994 4593; x_wconf 76' lang='lat' dir='ltr'><strong>iumentis</strong></span> <span class='ocrx_word' id='word_1_352' title='bbox 1033 4524 1405 4579; x_wconf 85' lang='lat' dir='ltr'><strong>assimilatur?</strong></span> <span class='ocrx_word' id='word_1_353' title='bbox 1440 4525 1534 4580; x_wconf 89' lang='lat' dir='ltr'><strong>Sin</strong></span> <span class='ocrx_word' id='word_1_354' title='bbox 1574 4533 1802 4578; x_wconf 80' lang='lat' dir='ltr'><strong>terrena:</strong></span> <span class='ocrx_word' id='word_1_355' title='bbox 1825 4565 1842 4590; x_wconf 89' lang='lat'><strong>,</strong></span> <span class='ocrx_word' id='word_1_356' title='bbox 1879 4539 2014 4592; x_wconf 82' lang='lat' dir='ltr'><strong>quo-</strong></span> 
     </span>
    </p>
   </div>
   <div class='ocr_carea' id='block_1_49' title="bbox 439 4615 2014 4683">
    <p class='ocr_par' dir='ltr' id='par_1_49' title="bbox 439 4615 2014 4683">
     <span class='ocr_line' id='line_1_49' title="bbox 439 4615 2014 4683; baseline -0.003 -11"><span class='ocrx_word' id='word_1_357' title='bbox 439 4619 601 4672; x_wconf 90' lang='lat' dir='ltr'><strong>modo</strong></span> <span class='ocrx_word' id='word_1_358' title='bbox 637 4619 796 4671; x_wconf 89' lang='lat' dir='ltr'><strong>estin</strong></span> <span class='ocrx_word' id='word_1_359' title='bbox 822 4617 1065 4672; x_wconf 82' lang='lat' dir='ltr'><strong>honore?</strong></span> <span class='ocrx_word' id='word_1_360' title='bbox 1095 4617 1189 4671; x_wconf 88' lang='lat' dir='ltr'><strong>Sin</strong></span> <span class='ocrx_word' id='word_1_361' title='bbox 1220 4616 1494 4682; x_wconf 81' lang='lat' dir='ltr'><strong>animalis,</strong></span> <span class='ocrx_word' id='word_1_362' title='bbox 1527 4625 1688 4683; x_wconf 86' lang='lat' dir='ltr'><strong>atque</strong></span> <span class='ocrx_word' id='word_1_363' title='bbox 1719 4616 1806 4670; x_wconf 90' lang='lat' dir='ltr'><strong>hic</strong></span> <span class='ocrx_word' id='word_1_364' title='bbox 1830 4615 1884 4669; x_wconf 90' lang='lat' dir='ltr'><strong>in</strong></span> <span class='ocrx_word' id='word_1_365' title='bbox 1918 4616 2014 4668; x_wconf 78' lang='lat' dir='ltr'><strong>ho-</strong></span> 
     </span>
    </p>
   </div>
   <div class='ocr_carea' id='block_1_50' title="bbox 440 4707 1641 4782">
    <p class='ocr_par' dir='ltr' id='par_1_50' title="bbox 440 4707 1641 4782">
     <span class='ocr_line' id='line_1_50' title="bbox 440 4707 1641 4782; baseline -0.003 -16"><span class='ocrx_word' id='word_1_366' title='bbox 440 4725 575 4768; x_wconf 82' lang='lat' dir='ltr'><strong>nore</strong></span> <span class='ocrx_word' id='word_1_367' title='bbox 605 4712 700 4778; x_wconf 82' lang='lat' dir='ltr'><strong>sit,</strong></span> <span class='ocrx_word' id='word_1_368' title='bbox 731 4711 785 4779; x_wconf 86' lang='lat' dir='ltr'><strong>in</strong></span> <span class='ocrx_word' id='word_1_369' title='bbox 811 4710 961 4782; x_wconf 90' lang='lat' dir='ltr'><strong>quali</strong></span> <span class='ocrx_word' id='word_1_370' title='bbox 995 4713 1205 4767; x_wconf 87' lang='lat' dir='ltr'><strong>honore</strong></span> <span class='ocrx_word' id='word_1_371' title='bbox 1239 4719 1320 4764; x_wconf 87' lang='lat' dir='ltr'><strong>est</strong></span> <span class='ocrx_word' id='word_1_372' title='bbox 1341 4707 1641 4778; x_wconf 81' lang='lat' dir='ltr'><strong>spiritalis?</strong></span> 
     </span>
    </p>
   </div>
   <div class='ocr_carea' id='block_1_51' title="bbox 939 4891 1485 4951">
    <p class='ocr_par' dir='ltr' id='par_1_51' title="bbox 939 4891 1485 4951">
     <span class='ocr_line' id='line_1_51' title="bbox 939 4891 1485 4951; baseline 0 -2"><span class='ocrx_word' id='word_1_373' title='bbox 939 4893 1259 4951; x_wconf 60' lang='lat' dir='ltr'><strong>PSALSIUS</strong></span> <span class='ocrx_word' id='word_1_374' title='bbox 1293 4891 1485 4949; x_wconf 79' lang='lat' dir='ltr'><strong>XLIX.</strong></span> 
     </span>
    </p>
   </div>
   <div class='ocr_carea' id='block_1_52' title="bbox 512 4982 2014 5048">
    <p class='ocr_par' dir='ltr' id='par_1_52' title="bbox 512 4982 2014 5048">
     <span class='ocr_line' id='line_1_52' title="bbox 512 4982 2014 5048; baseline 0.001 -11"><span class='ocrx_word' id='word_1_375' title='bbox 512 4982 679 5040; x_wconf 67' lang='lat' dir='ltr'><strong>Vsus.</strong></span> <span class='ocrx_word' id='word_1_376' title='bbox 716 4986 768 5040; x_wconf 76' lang='grc'><strong>1.</strong></span> <span class='ocrx_word' id='word_1_377' title='bbox 810 4985 951 5040; x_wconf 72' lang='lat' dir='ltr'><strong>Deus</strong></span> <span class='ocrx_word' id='word_1_378' title='bbox 989 4987 1208 5040; x_wconf 81' lang='lat' dir='ltr'><strong>deorum</strong></span> <span class='ocrx_word' id='word_1_379' title='bbox 1245 4985 1504 5039; x_wconf 73' lang='lat' dir='ltr'><strong>Dominus</strong></span> <span class='ocrx_word' id='word_1_380' title='bbox 1532 4983 1738 5038; x_wconf 70' lang='lat' dir='ltr'><strong>locum:</strong></span> <span class='ocrx_word' id='word_1_381' title='bbox 1773 4995 1871 5048; x_wconf 72' lang='lat' dir='ltr'><strong>est,</strong></span> <span class='ocrx_word' id='word_1_382' title='bbox 1902 4993 2014 5038; x_wconf 88' lang='lat' dir='ltr'><strong>etc.</strong></span> 
     </span>
    </p>
   </div>
   <div class='ocr_carea' id='block_1_53' title="bbox 445 5077 2014 5149">
    <p class='ocr_par' dir='ltr' id='par_1_53' title="bbox 445 5077 2014 5149">
     <span class='ocr_line' id='line_1_53' title="bbox 445 5077 2014 5149; baseline 0 -19"><span class='ocrx_word' id='word_1_383' title='bbox 445 5077 620 5134; x_wconf 63' lang='lat' dir='ltr'><strong>«Deus</strong></span> <span class='ocrx_word' id='word_1_384' title='bbox 640 5079 864 5133; x_wconf 86' lang='lat' dir='ltr'><strong>deorum</strong></span> <span class='ocrx_word' id='word_1_385' title='bbox 885 5097 908 5134; x_wconf 71' lang='grc' dir='ltr'><strong>ο</strong></span> <span class='ocrx_word' id='word_1_386' title='bbox 924 5093 1018 5149; x_wconf 80' lang='grc' dir='ltr'>ρει·</span> <span class='ocrx_word' id='word_1_387' title='bbox 1046 5079 1319 5135; x_wconf 82' lang='lat' dir='ltr'><strong>Christum</strong></span> <span class='ocrx_word' id='word_1_388' title='bbox 1345 5095 1364 5128; x_wconf 71' lang='grc' dir='ltr'><strong>ι</strong></span> <span class='ocrx_word' id='word_1_389' title='bbox 1392 5078 1631 5147; x_wconf 91' lang='lat' dir='ltr'><strong>locutus,</strong></span> <span class='ocrx_word' id='word_1_390' title='bbox 1655 5077 1870 5131; x_wconf 79' lang='lat' dir='ltr'><strong>vocavit</strong></span> <span class='ocrx_word' id='word_1_391' title='bbox 1903 5086 2014 5130; x_wconf 87' lang='lat' dir='ltr'><strong>ter-</strong></span> 
     </span>
    </p>
   </div>
   <div class='ocr_carea' id='block_1_54' title="bbox 508 5219 1443 5285">
    <p class='ocr_par' dir='ltr' id='par_1_54' title="bbox 508 5219 1443 5285">
     <span class='ocr_line' id='line_1_54' title="bbox 508 5219 1443 5285; baseline 0 -11"><span class='ocrx_word' id='word_1_392' title='bbox 508 5220 551 5252; x_wconf 84' lang='lat'><strong>&quot;</strong></span> <span class='ocrx_word' id='word_1_393' title='bbox 577 5221 592 5274; x_wconf 90' lang='grc' dir='ltr'><strong>Ι</strong></span> <span class='ocrx_word' id='word_1_394' title='bbox 623 5220 768 5275; x_wconf 85' lang='lat' dir='ltr'><strong>Petr.</strong></span> <span class='ocrx_word' id='word_1_395' title='bbox 801 5238 860 5285; x_wconf 86' lang='grc' dir='ltr'><strong>ιι,</strong></span> <span class='ocrx_word' id='word_1_396' title='bbox 889 5221 941 5276; x_wconf 81' lang='lat'><strong>8.</strong></span> <span class='ocrx_word' id='word_1_397' title='bbox 982 5224 1028 5253; x_wconf 82' lang='grc'><strong>¹⁰</strong></span> <span class='ocrx_word' id='word_1_398' title='bbox 1059 5222 1199 5276; x_wconf 88' lang='lat' dir='ltr'><strong>Psal.</strong></span> <span class='ocrx_word' id='word_1_399' title='bbox 1234 5237 1325 5284; x_wconf 76' lang='lat' dir='ltr'><strong>xv,</strong></span> <span class='ocrx_word' id='word_1_400' title='bbox 1358 5219 1443 5274; x_wconf 84' lang='grc'><strong>10.</strong></span> 
     </span>
    </p>
   </div>
   <div class='ocr_carea' id='block_1_55' title="bbox 507 5336 1769 5406">
    <p class='ocr_par' dir='ltr' id='par_1_55' title="bbox 507 5336 1769 5406">
     <span class='ocr_line' id='line_1_55' title="bbox 507 5336 1769 5406; baseline -0.004 -11"><span class='ocrx_word' id='word_1_401' title='bbox 507 5338 623 5406; x_wconf 82' lang='grc'>(88)</span> <span class='ocrx_word' id='word_1_402' title='bbox 666 5340 719 5389; x_wconf 84' lang='lat'><strong>&#39;0</strong></span> <span class='ocrx_word' id='word_1_403' title='bbox 749 5338 832 5406; x_wconf 76' lang='grc' dir='ltr'>μὴ</span> <span class='ocrx_word' id='word_1_404' title='bbox 855 5339 1109 5401; x_wconf 68' lang='grc' dir='ltr'>συνιείς,</span> <span class='ocrx_word' id='word_1_405' title='bbox 1138 5348 1247 5392; x_wconf 89' lang='lat' dir='ltr'><strong>etc.</strong></span> <span class='ocrx_word' id='word_1_406' title='bbox 1275 5338 1476 5390; x_wconf 80' lang='lat' dir='ltr'><strong>Catena</strong></span> <span class='ocrx_word' id='word_1_407' title='bbox 1503 5336 1769 5390; x_wconf 80' lang='lat' dir='ltr'><strong>Cerderii.</strong></span> 
     </span>
    </p>
   </div>
   <div class='ocr_carea' id='block_1_56' title="bbox 510 5405 1868 5480">
    <p class='ocr_par' dir='ltr' id='par_1_56' title="bbox 510 5405 1868 5480">
     <span class='ocr_line' id='line_1_56' title="bbox 510 5405 1868 5480; baseline -0.005 -15"><span class='ocrx_word' id='word_1_408' title='bbox 510 5407 625 5480; x_wconf 72' lang='grc'>(89)</span> <span class='ocrx_word' id='word_1_409' title='bbox 664 5405 866 5480; x_wconf 57' lang='grc' dir='ltr'>Ἐλπίς</span> <span class='ocrx_word' id='word_1_410' title='bbox 898 5406 1108 5478; x_wconf 74' lang='grc' dir='ltr'><strong>ἀγαθή.</strong></span> <span class='ocrx_word' id='word_1_411' title='bbox 1140 5419 1248 5461; x_wconf 88' lang='lat' dir='ltr'><strong>etc.</strong></span> <span class='ocrx_word' id='word_1_412' title='bbox 1279 5407 1461 5480; x_wconf 73' lang='lat' dir='ltr'><strong>Codex</strong></span> <span class='ocrx_word' id='word_1_413' title='bbox 1486 5405 1868 5480; x_wconf 30' lang='lat' dir='ltr'><strong>Coisli‘nianns.</strong></span> 
     </span>
    </p>
   </div>
   <div class='ocr_carea' id='block_1_57' title="bbox 511 5475 1903 5549">
    <p class='ocr_par' dir='ltr' id='par_1_57' title="bbox 511 5475 1903 5549">
     <span class='ocr_line' id='line_1_57' title="bbox 511 5475 1903 5549; baseline -0.001 -17"><span class='ocrx_word' id='word_1_414' title='bbox 511 5475 622 5548; x_wconf 72' lang='lat'><strong>(90)</strong></span> <span class='ocrx_word' id='word_1_415' title='bbox 653 5477 916 5544; x_wconf 81' lang='grc' dir='ltr'><em>Θάνατος</em></span> <span class='ocrx_word' id='word_1_416' title='bbox 937 5475 1230 5549; x_wconf 51' lang='lat' dir='ltr'><strong>domaret,</strong></span> <span class='ocrx_word' id='word_1_417' title='bbox 1264 5489 1367 5549; x_wconf 69' lang='lat' dir='ltr'><strong>etc.</strong></span> <span class='ocrx_word' id='word_1_418' title='bbox 1403 5475 1903 5549; x_wconf 73' lang='lat' dir='ltr'><strong>C:itei&#39;ia_(‘.m°i_lerii.</strong></span> 
     </span>
    </p>
   </div>
   <div class='ocr_carea' id='block_1_58' title="bbox 514 5545 2016 5620">
    <p class='ocr_par' dir='ltr' id='par_1_58' title="bbox 514 5545 2016 5620">
     <span class='ocr_line' id='line_1_58' title="bbox 514 5545 2016 5620; baseline -0.002 -17"><span class='ocrx_word' id='word_1_419' title='bbox 514 5545 624 5620; x_wconf 87' lang='grc'>(91)</span> <span class='ocrx_word' id='word_1_420' title='bbox 672 5550 992 5618; x_wconf 69' lang='grc' dir='ltr'><strong>Ἀγγέλους</strong></span> <span class='ocrx_word' id='word_1_421' title='bbox 1022 5545 1156 5620; x_wconf 55' lang='grc' dir='ltr'>μέν,</span> <span class='ocrx_word' id='word_1_422' title='bbox 1182 5560 1288 5603; x_wconf 79' lang='lat' dir='ltr'><strong>etc.</strong></span> <span class='ocrx_word' id='word_1_423' title='bbox 1334 5547 1564 5603; x_wconf 76' lang='lat' dir='ltr'><strong>Scheda:</strong></span> <span class='ocrx_word' id='word_1_424' title='bbox 1606 5546 1791 5601; x_wconf 83' lang='lat' dir='ltr'><strong>Grahii</strong></span> <span class='ocrx_word' id='word_1_425' title='bbox 1822 5555 1876 5600; x_wconf 87' lang='lat' dir='ltr'><strong>et</strong></span> <span class='ocrx_word' id='word_1_426' title='bbox 1909 5545 2016 5602; x_wconf 83' lang='lat' dir='ltr'><strong>Ca-</strong></span> 
     </span>
    </p>
   </div>
   <div class='ocr_carea' id='block_1_59' title="bbox 446 5619 843 5676">
    <p class='ocr_par' dir='ltr' id='par_1_59' title="bbox 446 5619 843 5676">
     <span class='ocr_line' id='line_1_59' title="bbox 446 5619 843 5676; baseline 0 -2"><span class='ocrx_word' id='word_1_427' title='bbox 446 5628 571 5676; x_wconf 81' lang='lat' dir='ltr'><strong>tena</strong></span> <span class='ocrx_word' id='word_1_428' title='bbox 598 5619 843 5675; x_wconf 71' lang='lat' dir='ltr'><strong>Barbari.</strong></span> 
     </span>
    </p>
   </div>
   <div class='ocr_carea' id='block_1_60' title="bbox 1522 5217 2103 5283">
    <p class='ocr_par' dir='ltr' id='par_1_60' title="bbox 1522 5217 2103 5283">
     <span class='ocr_line' id='line_1_60' title="bbox 1522 5217 2103 5283; baseline 0.002 -11"><span class='ocrx_word' id='word_1_429' title='bbox 1522 5220 1564 5250; x_wconf 80' lang='lat'><strong>&quot;</strong></span> <span class='ocrx_word' id='word_1_430' title='bbox 1605 5219 1746 5273; x_wconf 85' lang='lat' dir='ltr'><strong>Psal.</strong></span> <span class='ocrx_word' id='word_1_431' title='bbox 1783 5232 1972 5283; x_wconf 70' lang='lat' dir='ltr'><strong>xtvm,</strong></span> <span class='ocrx_word' id='word_1_432' title='bbox 2015 5217 2103 5273; x_wconf 81' lang='grc'><strong>16.</strong></span> 
     </span>
    </p>
   </div>
   <div class='ocr_carea' id='block_1_61' title="bbox 2133 425 3706 498">
    <p class='ocr_par' dir='ltr' id='par_1_61' title="bbox 2133 425 3706 498">
     <span class='ocr_line' id='line_1_61' title="bbox 2133 425 3706 498; baseline 0.001 -20"><span class='ocrx_word' id='word_1_433' title='bbox 2133 428 2378 496; x_wconf 75' lang='grc' dir='ltr'>ματικοὶ,</span> <span class='ocrx_word' id='word_1_434' title='bbox 2418 429 2509 480; x_wconf 70' lang='grc' dir='ltr'><strong>καὶ</strong></span> <span class='ocrx_word' id='word_1_435' title='bbox 2541 427 2837 496; x_wconf 68' lang='grc' dir='ltr'>φιλόσοφοι,</span> <span class='ocrx_word' id='word_1_436' title='bbox 2866 429 2957 480; x_wconf 69' lang='grc' dir='ltr'><strong>καὶ</strong></span> <span class='ocrx_word' id='word_1_437' title='bbox 2987 427 3282 498; x_wconf 76' lang='grc' dir='ltr'>τρίϐουνοι,</span> <span class='ocrx_word' id='word_1_438' title='bbox 3313 426 3408 479; x_wconf 77' lang='grc' dir='ltr'><strong>καὶ</strong></span> <span class='ocrx_word' id='word_1_439' title='bbox 3449 425 3706 496; x_wconf 75' lang='grc' dir='ltr'>κομητες.</span> 
     </span>
    </p>
   </div>
   <div class='ocr_carea' id='block_1_62' title="bbox 2197 515 3708 588">
    <p class='ocr_par' dir='ltr' id='par_1_62' title="bbox 2197 515 3708 588">
     <span class='ocr_line' id='line_1_62' title="bbox 2197 515 3708 588; baseline 0 -19"><span class='ocrx_word' id='word_1_440' title='bbox 2197 518 2303 570; x_wconf 80' lang='grc' dir='ltr'><strong>Καὶ</strong></span> <span class='ocrx_word' id='word_1_441' title='bbox 2345 519 2653 586; x_wconf 69' lang='grc' dir='ltr'>ἄνθρωπος</span> <span class='ocrx_word' id='word_1_442' title='bbox 2677 520 2748 572; x_wconf 75' lang='grc' dir='ltr'>ἐν</span> <span class='ocrx_word' id='word_1_443' title='bbox 2787 518 2924 588; x_wconf 73' lang='grc' dir='ltr'>τιμῇ</span> <span class='ocrx_word' id='word_1_444' title='bbox 2971 519 3056 572; x_wconf 76' lang='grc' dir='ltr'><strong>ὢν</strong></span> <span class='ocrx_word' id='word_1_445' title='bbox 3087 520 3159 572; x_wconf 82' lang='grc' dir='ltr'>οὐ</span> <span class='ocrx_word' id='word_1_446' title='bbox 3199 515 3454 583; x_wconf 64' lang='grc' dir='ltr'>συνῆκε,</span> <span class='ocrx_word' id='word_1_447' title='bbox 3485 533 3540 568; x_wconf 87' lang='grc' dir='ltr'><strong>κ.</strong></span> <span class='ocrx_word' id='word_1_448' title='bbox 3574 532 3626 568; x_wconf 87' lang='grc' dir='ltr'><strong>τ.</strong></span> <span class='ocrx_word' id='word_1_449' title='bbox 3658 517 3708 570; x_wconf 81' lang='grc' dir='ltr'><strong>ἑ.</strong></span> 
     </span>
    </p>
   </div>
   <div class='ocr_carea' id='block_1_63' title="bbox 2139 609 3714 682">
    <p class='ocr_par' dir='ltr' id='par_1_63' title="bbox 2139 609 3714 682">
     <span class='ocr_line' id='line_1_63' title="bbox 2139 609 3714 682; baseline 0 -22"><span class='ocrx_word' id='word_1_450' title='bbox 2139 609 2194 661; x_wconf 88' lang='lat'><strong>&#39;0</strong></span> <span class='ocrx_word' id='word_1_451' title='bbox 2227 611 2300 680; x_wconf 85' lang='grc' dir='ltr'>μὴ</span> <span class='ocrx_word' id='word_1_452' title='bbox 2329 611 2531 672; x_wconf 76' lang='grc' dir='ltr'>συνιεὶς</span> <span class='ocrx_word' id='word_1_453' title='bbox 2565 610 2674 681; x_wconf 88' lang='grc'><strong>(88)</strong></span> <span class='ocrx_word' id='word_1_454' title='bbox 2705 611 2990 682; x_wconf 81' lang='grc' dir='ltr'>ἄνθρωπος</span> <span class='ocrx_word' id='word_1_455' title='bbox 3025 613 3082 663; x_wconf 78' lang='grc' dir='ltr'>ἐν</span> <span class='ocrx_word' id='word_1_456' title='bbox 3112 613 3247 680; x_wconf 80' lang='grc' dir='ltr'>τιμῇ</span> <span class='ocrx_word' id='word_1_457' title='bbox 3286 609 3361 661; x_wconf 80' lang='grc' dir='ltr'>ὢν</span> <span class='ocrx_word' id='word_1_458' title='bbox 3381 609 3574 663; x_wconf 80' lang='grc' dir='ltr'>ἑαυτὸν</span> <span class='ocrx_word' id='word_1_459' title='bbox 3606 626 3714 661; x_wconf 76' lang='grc' dir='ltr'>πα-</span> 
     </span>
    </p>
   </div>
   <div class='ocr_carea' id='block_1_64' title="bbox 2127 697 3709 772">
    <p class='ocr_par' dir='ltr' id='par_1_64' title="bbox 2127 697 3709 772">
     <span class='ocr_line' id='line_1_64' title="bbox 2127 697 3709 772; baseline -0.001 -21"><span class='ocrx_word' id='word_1_460' title='bbox 2127 700 2496 772; x_wconf 72' lang='grc' dir='ltr'>ρασυνεϐλήθη</span> <span class='ocrx_word' id='word_1_461' title='bbox 2523 703 2635 764; x_wconf 84' lang='grc' dir='ltr'>τοῖς</span> <span class='ocrx_word' id='word_1_462' title='bbox 2661 703 2902 772; x_wconf 81' lang='grc' dir='ltr'><strong>κτήνεσι,</strong></span> <span class='ocrx_word' id='word_1_463' title='bbox 2943 703 3037 753; x_wconf 76' lang='grc' dir='ltr'><strong>καὶ</strong></span> <span class='ocrx_word' id='word_1_464' title='bbox 3060 699 3318 770; x_wconf 79' lang='grc' dir='ltr'><strong>ὡμοιώθη</strong></span> <span class='ocrx_word' id='word_1_465' title='bbox 3357 700 3561 761; x_wconf 71' lang='grc' dir='ltr'>αὐτοῖς.</span> <span class='ocrx_word' id='word_1_466' title='bbox 3593 697 3709 750; x_wconf 76' lang='grc' dir='ltr'>ἔσθ’</span> 
     </span>
    </p>
   </div>
   <div class='ocr_carea' id='block_1_65' title="bbox 2126 785 3712 862">
    <p class='ocr_par' dir='ltr' id='par_1_65' title="bbox 2126 785 3712 862">
     <span class='ocr_line' id='line_1_65' title="bbox 2126 785 3712 862; baseline 0.002 -20"><span class='ocrx_word' id='word_1_467' title='bbox 2126 791 2215 842; x_wconf 83' lang='grc' dir='ltr'>ὅτε</span> <span class='ocrx_word' id='word_1_468' title='bbox 2265 793 2359 844; x_wconf 77' lang='grc' dir='ltr'><strong>καὶ</strong></span> <span class='ocrx_word' id='word_1_469' title='bbox 2401 795 2514 855; x_wconf 85' lang='grc' dir='ltr'>τοῖς</span> <span class='ocrx_word' id='word_1_470' title='bbox 2558 792 2761 845; x_wconf 75' lang='grc' dir='ltr'>τούτων</span> <span class='ocrx_word' id='word_1_471' title='bbox 2807 792 3171 862; x_wconf 71' lang='grc' dir='ltr'>διαφέρουσιν.</span> <span class='ocrx_word' id='word_1_472' title='bbox 3233 791 3478 861; x_wconf 76' lang='grc' dir='ltr'>Ἐκάστῳ</span> <span class='ocrx_word' id='word_1_473' title='bbox 3523 791 3591 844; x_wconf 79' lang='grc' dir='ltr'>δι’</span> <span class='ocrx_word' id='word_1_474' title='bbox 3633 785 3712 845; x_wconf 80' lang='grc' dir='ltr'>ὧν</span> 
     </span>
    </p>
   </div>
   <div class='ocr_carea' id='block_1_66' title="bbox 2125 880 3715 953">
    <p class='ocr_par' dir='ltr' id='par_1_66' title="bbox 2125 880 3715 953">
     <span class='ocr_line' id='line_1_66' title="bbox 2125 880 3715 953; baseline 0.003 -21"><span class='ocrx_word' id='word_1_475' title='bbox 2125 880 2351 953; x_wconf 81' lang='grc' dir='ltr'><strong>πράττει</strong></span> <span class='ocrx_word' id='word_1_476' title='bbox 2411 882 2686 952; x_wconf 75' lang='grc' dir='ltr'>ὁμοιοῦται</span> <span class='ocrx_word' id='word_1_477' title='bbox 2743 881 2821 952; x_wconf 81' lang='grc' dir='ltr'>τῷ</span> <span class='ocrx_word' id='word_1_478' title='bbox 2881 900 2987 935; x_wconf 87' lang='grc' dir='ltr'>τινι</span> <span class='ocrx_word' id='word_1_479' title='bbox 3059 882 3272 936; x_wconf 81' lang='grc' dir='ltr'>ἑαυτόν.</span> <span class='ocrx_word' id='word_1_480' title='bbox 3321 883 3498 935; x_wconf 82' lang='grc' dir='ltr'>Καλὸν</span> <span class='ocrx_word' id='word_1_481' title='bbox 3547 882 3604 934; x_wconf 82' lang='grc' dir='ltr'>δὲ</span> <span class='ocrx_word' id='word_1_482' title='bbox 3647 884 3715 936; x_wconf 81' lang='grc' dir='ltr'>τὸ</span> 
     </span>
    </p>
   </div>
   <div class='ocr_carea' id='block_1_67' title="bbox 2123 973 3714 1046">
    <p class='ocr_par' dir='ltr' id='par_1_67' title="bbox 2123 973 3714 1046">
     <span class='ocr_line' id='line_1_67' title="bbox 2123 973 3714 1046; baseline 0 -21"><span class='ocrx_word' id='word_1_483' title='bbox 2123 973 2438 1043; x_wconf 81' lang='grc' dir='ltr'>ὁμοιοῦσθαι</span> <span class='ocrx_word' id='word_1_484' title='bbox 2495 975 2632 1045; x_wconf 83' lang='grc' dir='ltr'>Θεῷ.</span> <span class='ocrx_word' id='word_1_485' title='bbox 2682 994 2700 1026; x_wconf 74' lang='grc' dir='ltr'><strong>ι</strong></span> <span class='ocrx_word' id='word_1_486' title='bbox 2749 975 2896 1046; x_wconf 74' lang='grc' dir='ltr'>Αὕτη</span> <span class='ocrx_word' id='word_1_487' title='bbox 2939 977 2970 1046; x_wconf 87' lang='grc' dir='ltr'>ἡ</span> <span class='ocrx_word' id='word_1_488' title='bbox 3021 975 3140 1039; x_wconf 76' lang='grc' dir='ltr'>ὁδὸς</span> <span class='ocrx_word' id='word_1_489' title='bbox 3186 975 3364 1028; x_wconf 82' lang='grc' dir='ltr'>αὐτῶν</span> <span class='ocrx_word' id='word_1_490' title='bbox 3412 974 3714 1028; x_wconf 78' lang='grc' dir='ltr'>σκάνδαλον</span> 
     </span>
    </p>
   </div>
   <div class='ocr_carea' id='block_1_68' title="bbox 2123 1064 3715 1137">
    <p class='ocr_par' dir='ltr' id='par_1_68' title="bbox 2123 1064 3715 1137">
     <span class='ocr_line' id='line_1_68' title="bbox 2123 1064 3715 1137; baseline -0.002 -21"><span class='ocrx_word' id='word_1_491' title='bbox 2123 1064 2334 1128; x_wconf 77' lang='grc' dir='ltr'>αὐτοῖς·</span> <span class='ocrx_word' id='word_1_492' title='bbox 2381 1084 2399 1116; x_wconf 70' lang='grc' dir='ltr'><strong>ι</strong></span> <span class='ocrx_word' id='word_1_493' title='bbox 2443 1065 2674 1137; x_wconf 78' lang='grc' dir='ltr'>ἄφρονος</span> <span class='ocrx_word' id='word_1_494' title='bbox 2720 1065 2919 1137; x_wconf 76' lang='grc' dir='ltr'>δηλαδὴ</span> <span class='ocrx_word' id='word_1_495' title='bbox 2965 1067 3059 1119; x_wconf 73' lang='grc' dir='ltr'><strong>καὶ</strong></span> <span class='ocrx_word' id='word_1_496' title='bbox 3102 1068 3231 1120; x_wconf 80' lang='grc' dir='ltr'>ἂνου</span> <span class='ocrx_word' id='word_1_497' title='bbox 3273 1069 3306 1136; x_wconf 86' lang='grc' dir='ltr'><strong>ή</strong></span> <span class='ocrx_word' id='word_1_498' title='bbox 3345 1067 3485 1127; x_wconf 80' lang='grc' dir='ltr'>ὁδός.</span> <span class='ocrx_word' id='word_1_499' title='bbox 3549 1067 3715 1114; x_wconf 56' lang='grc' dir='ltr'>’Λῖλὰ</span> 
     </span>
    </p>
   </div>
   <div class='ocr_carea' id='block_1_69' title="bbox 2132 1149 3714 1222">
    <p class='ocr_par' dir='ltr' id='par_1_69' title="bbox 2132 1149 3714 1222">
     <span class='ocr_line' id='line_1_69' title="bbox 2132 1149 3714 1222; baseline 0.004 -21"><span class='ocrx_word' id='word_1_500' title='bbox 2132 1154 2222 1202; x_wconf 72' lang='grc' dir='ltr'><strong>καὶ</strong></span> <span class='ocrx_word' id='word_1_501' title='bbox 2251 1153 2480 1222; x_wconf 66' lang='grc' dir='ltr'>Χριστὸς</span> <span class='ocrx_word' id='word_1_502' title='bbox 2512 1150 2801 1203; x_wconf 46' lang='lat' dir='ltr'><strong>axe/5115».</strong></span> <span class='ocrx_word' id='word_1_503' title='bbox 2837 1152 2971 1211; x_wconf 77' lang='grc' dir='ltr'>ἐστι,</span> <span class='ocrx_word' id='word_1_504' title='bbox 3003 1150 3187 1217; x_wconf 56' lang='grc' dir='ltr'>πέτρα</span> <span class='ocrx_word' id='word_1_505' title='bbox 3217 1149 3292 1203; x_wconf 83' lang='grc' dir='ltr'><strong>ὢν</strong></span> <span class='ocrx_word' id='word_1_506' title='bbox 3331 1152 3714 1210; x_wconf 67' lang='grc' dir='ltr'>σκανδάλου.</span> 
     </span>
    </p>
   </div>
   <div class='ocr_carea' id='block_1_70' title="bbox 2137 1242 3716 1315">
    <p class='ocr_par' dir='ltr' id='par_1_70' title="bbox 2137 1242 3716 1315">
     <span class='ocr_line' id='line_1_70' title="bbox 2137 1242 3716 1315; baseline 0.004 -23"><span class='ocrx_word' id='word_1_507' title='bbox 2137 1261 2153 1291; x_wconf 77' lang='grc' dir='ltr'><strong>ι</strong></span> <span class='ocrx_word' id='word_1_508' title='bbox 2190 1242 2281 1295; x_wconf 83' lang='grc' dir='ltr'>Ἐν</span> <span class='ocrx_word' id='word_1_509' title='bbox 2310 1243 2385 1313; x_wconf 80' lang='grc' dir='ltr'>τῷ</span> <span class='ocrx_word' id='word_1_510' title='bbox 2418 1243 2644 1312; x_wconf 81' lang='grc' dir='ltr'>στόματι</span> <span class='ocrx_word' id='word_1_511' title='bbox 2672 1242 2850 1296; x_wconf 73' lang='grc' dir='ltr'>αὐτῶν</span> <span class='ocrx_word' id='word_1_512' title='bbox 2885 1243 3285 1313; x_wconf 73' lang='grc' dir='ltr'>εὖδοκήσουσιν.</span> <span class='ocrx_word' id='word_1_513' title='bbox 3326 1261 3344 1293; x_wconf 68' lang='grc' dir='ltr'><strong>ι</strong></span> <span class='ocrx_word' id='word_1_514' title='bbox 3375 1244 3448 1296; x_wconf 84' lang='grc' dir='ltr'><strong>Τὸ</strong></span> <span class='ocrx_word' id='word_1_515' title='bbox 3473 1243 3716 1315; x_wconf 72' lang='grc' dir='ltr'>χρηστὸν</span> 
     </span>
    </p>
   </div>
   <div class='ocr_carea' id='block_1_71' title="bbox 2130 1331 3329 1405">
    <p class='ocr_par' dir='ltr' id='par_1_71' title="bbox 2130 1331 3329 1405">
     <span class='ocr_line' id='line_1_71' title="bbox 2130 1331 3329 1405; baseline 0.002 -19"><span class='ocrx_word' id='word_1_516' title='bbox 2130 1331 2282 1404; x_wconf 56' lang='grc' dir='ltr'>οτμαι</span> <span class='ocrx_word' id='word_1_517' title='bbox 2309 1335 2597 1405; x_wconf 72' lang='grc' dir='ltr'>δηλοῦσθαι</span> <span class='ocrx_word' id='word_1_518' title='bbox 2631 1334 2780 1397; x_wconf 82' lang='grc' dir='ltr'><strong>τέλος</strong></span> <span class='ocrx_word' id='word_1_519' title='bbox 2807 1335 3036 1405; x_wconf 68' lang='grc' dir='ltr'>ἄφρονος</span> <span class='ocrx_word' id='word_1_520' title='bbox 3061 1335 3152 1387; x_wconf 72' lang='grc' dir='ltr'>καὶ</span> <span class='ocrx_word' id='word_1_521' title='bbox 3178 1335 3329 1389; x_wconf 84' lang='grc' dir='ltr'>ἄνου.</span> 
     </span>
    </p>
   </div>
   <div class='ocr_carea' id='block_1_72' title="bbox 2199 1425 3708 1500">
    <p class='ocr_par' dir='ltr' id='par_1_72' title="bbox 2199 1425 3708 1500">
     <span class='ocr_line' id='line_1_72' title="bbox 2199 1425 3708 1500; baseline -0.002 -18"><span class='ocrx_word' id='word_1_522' title='bbox 2199 1431 2305 1482; x_wconf 77' lang='grc' dir='ltr'><strong>Καὶ</strong></span> <span class='ocrx_word' id='word_1_523' title='bbox 2335 1431 2482 1500; x_wconf 82' lang='grc' dir='ltr'>μετὰ</span> <span class='ocrx_word' id='word_1_524' title='bbox 2512 1431 2696 1487; x_wconf 80' lang='grc' dir='ltr'>ταῦτα</span> <span class='ocrx_word' id='word_1_525' title='bbox 2726 1433 2795 1484; x_wconf 72' lang='grc' dir='ltr'><strong>ἐν</strong></span> <span class='ocrx_word' id='word_1_526' title='bbox 2828 1431 2906 1496; x_wconf 82' lang='grc' dir='ltr'>τῷ</span> <span class='ocrx_word' id='word_1_527' title='bbox 2941 1433 3191 1499; x_wconf 80' lang='grc' dir='ltr'>στόματι</span> <span class='ocrx_word' id='word_1_528' title='bbox 3223 1428 3423 1483; x_wconf 77' lang='grc' dir='ltr'>αὐτῶν</span> <span class='ocrx_word' id='word_1_529' title='bbox 3451 1425 3708 1492; x_wconf 73' lang='grc' dir='ltr'><strong>εὐδοκήσ-</strong></span> 
     </span>
    </p>
   </div>
   <div class='ocr_carea' id='block_1_73' title="bbox 2129 1521 3707 1594">
    <p class='ocr_par' dir='ltr' id='par_1_73' title="bbox 2129 1521 3707 1594">
     <span class='ocr_line' id='line_1_73' title="bbox 2129 1521 3707 1594; baseline 0.001 -20"><span class='ocrx_word' id='word_1_530' title='bbox 2129 1537 2372 1584; x_wconf 78' lang='grc' dir='ltr'>σοιισιν,</span> <span class='ocrx_word' id='word_1_531' title='bbox 2423 1542 2476 1576; x_wconf 84' lang='grc' dir='ltr'><strong>κ.</strong></span> <span class='ocrx_word' id='word_1_532' title='bbox 2516 1542 2566 1576; x_wconf 89' lang='grc' dir='ltr'><strong>τ.</strong></span> <span class='ocrx_word' id='word_1_533' title='bbox 2602 1525 2648 1576; x_wconf 80' lang='grc' dir='ltr'><strong>ὲ.</strong></span> <span class='ocrx_word' id='word_1_534' title='bbox 2694 1525 2877 1586; x_wconf 76' lang='grc' dir='ltr'>Ἐλπὶς</span> <span class='ocrx_word' id='word_1_535' title='bbox 2907 1525 3085 1594; x_wconf 82' lang='grc' dir='ltr'>ἀγαθὴ</span> <span class='ocrx_word' id='word_1_536' title='bbox 3115 1523 3224 1593; x_wconf 81' lang='grc'>(89)</span> <span class='ocrx_word' id='word_1_537' title='bbox 3259 1523 3320 1576; x_wconf 81' lang='grc' dir='ltr'><strong>τὸ</strong></span> <span class='ocrx_word' id='word_1_538' title='bbox 3357 1521 3494 1593; x_wconf 79' lang='grc' dir='ltr'>μετὰ</span> <span class='ocrx_word' id='word_1_539' title='bbox 3529 1521 3707 1576; x_wconf 80' lang='grc' dir='ltr'>ταῦτα</span> 
     </span>
    </p>
   </div>
   <div class='ocr_carea' id='block_1_74' title="bbox 2131 1613 2664 1684">
    <p class='ocr_par' dir='ltr' id='par_1_74' title="bbox 2131 1613 2664 1684">
     <span class='ocr_line' id='line_1_74' title="bbox 2131 1613 2664 1684; baseline 0.008 -21"><span class='ocrx_word' id='word_1_540' title='bbox 2131 1613 2326 1676; x_wconf 76' lang='grc' dir='ltr'>αὐτοὺς</span> <span class='ocrx_word' id='word_1_541' title='bbox 2354 1614 2664 1684; x_wconf 75' lang='grc' dir='ltr'>εὐδοκῆσαι.</span> 
     </span>
    </p>
   </div>
   <div class='ocr_carea' id='block_1_75' title="bbox 2112 1701 3712 1774">
    <p class='ocr_par' dir='ltr' id='par_1_75' title="bbox 2112 1701 3712 1774">
     <span class='ocr_line' id='line_1_75' title="bbox 2112 1701 3712 1774; baseline -0.001 -16"><span class='ocrx_word' id='word_1_542' title='bbox 2112 1719 2121 1725; x_wconf 87' lang='grc'><strong>·</strong></span> <span class='ocrx_word' id='word_1_543' title='bbox 2207 1707 2299 1771; x_wconf 86' lang='grc' dir='ltr'>Ὡς</span> <span class='ocrx_word' id='word_1_544' title='bbox 2324 1709 2588 1773; x_wconf 67' lang='grc' dir='ltr'>πρόϐατα</span> <span class='ocrx_word' id='word_1_545' title='bbox 2612 1708 2681 1759; x_wconf 80' lang='grc' dir='ltr'><strong>ἑν</strong></span> <span class='ocrx_word' id='word_1_546' title='bbox 2705 1701 2818 1774; x_wconf 75' lang='grc' dir='ltr'><strong>ᾅδῃ</strong></span> <span class='ocrx_word' id='word_1_547' title='bbox 2855 1707 3078 1759; x_wconf 74' lang='grc' dir='ltr'>ἔθεντο·</span> <span class='ocrx_word' id='word_1_548' title='bbox 3135 1705 3393 1771; x_wconf 57' lang='lat' dir='ltr'><strong>dar-atde</strong></span> <span class='ocrx_word' id='word_1_549' title='bbox 3430 1704 3712 1773; x_wconf 75' lang='grc' dir='ltr'><strong>ποιμανεῖ</strong></span> 
     </span>
    </p>
   </div>
   <div class='ocr_carea' id='block_1_76' title="bbox 2124 1797 3712 1868">
    <p class='ocr_par' dir='ltr' id='par_1_76' title="bbox 2124 1797 3712 1868">
     <span class='ocr_line' id='line_1_76' title="bbox 2124 1797 3712 1868; baseline -0.001 -16"><span class='ocrx_word' id='word_1_550' title='bbox 2124 1799 2366 1864; x_wconf 76' lang='grc' dir='ltr'>αὐτοὺς,</span> <span class='ocrx_word' id='word_1_551' title='bbox 2403 1817 2456 1851; x_wconf 91' lang='grc' dir='ltr'><strong>κ.</strong></span> <span class='ocrx_word' id='word_1_552' title='bbox 2482 1816 2534 1852; x_wconf 87' lang='grc' dir='ltr'><strong>τ.</strong></span> <span class='ocrx_word' id='word_1_553' title='bbox 2567 1800 2613 1852; x_wconf 81' lang='grc' dir='ltr'><strong>ὲ.</strong></span> <span class='ocrx_word' id='word_1_554' title='bbox 2646 1799 2884 1860; x_wconf 80' lang='grc' dir='ltr'>Θάνατος</span> <span class='ocrx_word' id='word_1_555' title='bbox 2933 1799 3188 1868; x_wconf 80' lang='grc' dir='ltr'>ποιμανεῖ</span> <span class='ocrx_word' id='word_1_556' title='bbox 3221 1797 3331 1866; x_wconf 87' lang='grc'>(90)</span> <span class='ocrx_word' id='word_1_557' title='bbox 3363 1797 3454 1849; x_wconf 82' lang='grc' dir='ltr'><strong>τὸν</strong></span> <span class='ocrx_word' id='word_1_558' title='bbox 3497 1797 3712 1866; x_wconf 73' lang='grc' dir='ltr'>ἄφρονα</span> 
     </span>
    </p>
   </div>
   <div class='ocr_carea' id='block_1_77' title="bbox 2125 1886 3713 1958">
    <p class='ocr_par' dir='ltr' id='par_1_77' title="bbox 2125 1886 3713 1958">
     <span class='ocr_line' id='line_1_77' title="bbox 2125 1886 3713 1958; baseline -0.002 -17"><span class='ocrx_word' id='word_1_559' title='bbox 2125 1890 2219 1941; x_wconf 80' lang='grc' dir='ltr'><strong>καὶ</strong></span> <span class='ocrx_word' id='word_1_560' title='bbox 2241 1889 2330 1942; x_wconf 87' lang='grc' dir='ltr'><strong>τὸν</strong></span> <span class='ocrx_word' id='word_1_561' title='bbox 2360 1890 2540 1943; x_wconf 79' lang='grc' dir='ltr'>ἄνουν·</span> <span class='ocrx_word' id='word_1_562' title='bbox 2578 1888 2611 1958; x_wconf 79' lang='grc' dir='ltr'>ἦ</span> <span class='ocrx_word' id='word_1_563' title='bbox 2657 1887 2854 1958; x_wconf 80' lang='grc' dir='ltr'>μᾶλλον</span> <span class='ocrx_word' id='word_1_564' title='bbox 2884 1886 2974 1938; x_wconf 86' lang='grc' dir='ltr'><strong>τὸν</strong></span> <span class='ocrx_word' id='word_1_565' title='bbox 3015 1886 3089 1957; x_wconf 81' lang='grc' dir='ltr'>μὴ</span> <span class='ocrx_word' id='word_1_566' title='bbox 3135 1887 3384 1939; x_wconf 79' lang='grc' dir='ltr'>συνιέντα</span> <span class='ocrx_word' id='word_1_567' title='bbox 3419 1887 3713 1958; x_wconf 84' lang='grc' dir='ltr'>ἄνθρωπον</span> 
     </span>
    </p>
   </div>
   <div class='ocr_carea' id='block_1_78' title="bbox 2123 1974 3714 2048">
    <p class='ocr_par' dir='ltr' id='par_1_78' title="bbox 2123 1974 3714 2048">
     <span class='ocr_line' id='line_1_78' title="bbox 2123 1974 3714 2048; baseline 0 -20"><span class='ocrx_word' id='word_1_568' title='bbox 2123 1978 2220 2047; x_wconf 77' lang='grc' dir='ltr'><strong>τὴν</strong></span> <span class='ocrx_word' id='word_1_569' title='bbox 2246 1977 2438 2030; x_wconf 76' lang='grc' dir='ltr'>ἑαυτοῦ</span> <span class='ocrx_word' id='word_1_570' title='bbox 2471 1976 2656 2048; x_wconf 76' lang='grc' dir='ltr'>τιμήν.</span> <span class='ocrx_word' id='word_1_571' title='bbox 2691 1976 2887 2044; x_wconf 65' lang='grc' dir='ltr'>Σαφῶς</span> <span class='ocrx_word' id='word_1_572' title='bbox 2910 1976 2966 2028; x_wconf 80' lang='grc' dir='ltr'><strong>δὲ</strong></span> <span class='ocrx_word' id='word_1_573' title='bbox 2994 1978 3022 2028; x_wconf 78' lang='grc' dir='ltr'>ὁ</span> <span class='ocrx_word' id='word_1_574' title='bbox 3045 1974 3235 2038; x_wconf 79' lang='grc' dir='ltr'>εἰπὼν,</span> <span class='ocrx_word' id='word_1_575' title='bbox 3271 1995 3286 2025; x_wconf 82' lang='grc' dir='ltr'><strong>ι</strong></span> <span class='ocrx_word' id='word_1_576' title='bbox 3325 1977 3440 2028; x_wconf 82' lang='grc' dir='ltr'>Οὐκ</span> <span class='ocrx_word' id='word_1_577' title='bbox 3469 1978 3714 2043; x_wconf 76' lang='grc' dir='ltr'>ἐγκατα-</span> 
     </span>
    </p>
   </div>
   <div class='ocr_carea' id='block_1_79' title="bbox 2123 2065 3712 2142">
    <p class='ocr_par' dir='ltr' id='par_1_79' title="bbox 2123 2065 3712 2142">
     <span class='ocr_line' id='line_1_79' title="bbox 2123 2065 3712 2142; baseline 0.004 -28"><span class='ocrx_word' id='word_1_578' title='bbox 2123 2070 2327 2139; x_wconf 64' lang='grc' dir='ltr'>λείψεις</span> <span class='ocrx_word' id='word_1_579' title='bbox 2355 2072 2454 2142; x_wconf 81' lang='grc' dir='ltr'>τὴν</span> <span class='ocrx_word' id='word_1_580' title='bbox 2493 2069 2669 2140; x_wconf 73' lang='grc' dir='ltr'>ψυχήν</span> <span class='ocrx_word' id='word_1_581' title='bbox 2706 2086 2808 2139; x_wconf 88' lang='grc' dir='ltr'><strong>μου</strong></span> <span class='ocrx_word' id='word_1_582' title='bbox 2852 2069 2932 2130; x_wconf 87' lang='grc' dir='ltr'><strong>είς</strong></span> <span class='ocrx_word' id='word_1_583' title='bbox 2967 2067 3114 2137; x_wconf 76' lang='grc' dir='ltr'>ᾅδου,</span> <span class='ocrx_word' id='word_1_584' title='bbox 3161 2086 3178 2118; x_wconf 76' lang='grc' dir='ltr'><strong>ι</strong></span> <span class='ocrx_word' id='word_1_585' title='bbox 3218 2066 3311 2118; x_wconf 81' lang='grc' dir='ltr'><strong>καί</strong></span> <span class='ocrx_word' id='word_1_586' title='bbox 3349 2065 3522 2120; x_wconf 77' lang='grc' dir='ltr'>ταῦτα</span> <span class='ocrx_word' id='word_1_587' title='bbox 3555 2065 3712 2134; x_wconf 83' lang='grc' dir='ltr'><strong>λέγει</strong></span> 
     </span>
    </p>
   </div>
   <div class='ocr_carea' id='block_1_80' title="bbox 2121 2158 3713 2233">
    <p class='ocr_par' dir='ltr' id='par_1_80' title="bbox 2121 2158 3713 2233">
     <span class='ocr_line' id='line_1_80' title="bbox 2121 2158 3713 2233; baseline -0.001 -19"><span class='ocrx_word' id='word_1_588' title='bbox 2121 2163 2204 2225; x_wconf 85' lang='grc' dir='ltr'>τὸ,</span> <span class='ocrx_word' id='word_1_589' title='bbox 2241 2183 2258 2214; x_wconf 79' lang='grc' dir='ltr'><strong>ι</strong></span> <span class='ocrx_word' id='word_1_590' title='bbox 2298 2162 2445 2233; x_wconf 81' lang='grc' dir='ltr'>Πλὴν</span> <span class='ocrx_word' id='word_1_591' title='bbox 2492 2164 2520 2214; x_wconf 87' lang='grc' dir='ltr'>ὁ</span> <span class='ocrx_word' id='word_1_592' title='bbox 2554 2161 2684 2224; x_wconf 81' lang='grc' dir='ltr'>Θεὸς</span> <span class='ocrx_word' id='word_1_593' title='bbox 2721 2158 3055 2230; x_wconf 83' lang='grc' dir='ltr'>λυτρώσεται</span> <span class='ocrx_word' id='word_1_594' title='bbox 3083 2159 3182 2229; x_wconf 82' lang='grc' dir='ltr'><strong>τὴν</strong></span> <span class='ocrx_word' id='word_1_595' title='bbox 3209 2159 3387 2229; x_wconf 65' lang='grc' dir='ltr'>ψυχήν</span> <span class='ocrx_word' id='word_1_596' title='bbox 3411 2176 3535 2228; x_wconf 84' lang='grc' dir='ltr'>μου,</span> <span class='ocrx_word' id='word_1_597' title='bbox 3568 2177 3586 2210; x_wconf 76' lang='grc' dir='ltr'><strong>ι</strong></span> <span class='ocrx_word' id='word_1_598' title='bbox 3614 2161 3713 2213; x_wconf 74' lang='grc' dir='ltr'><strong>καὶ</strong></span> 
     </span>
    </p>
   </div>
   <div class='ocr_carea' id='block_1_81' title="bbox 2120 2250 2354 2319">
    <p class='ocr_par' dir='ltr' id='par_1_81' title="bbox 2120 2250 2354 2319">
     <span class='ocr_line' id='line_1_81' title="bbox 2120 2250 2354 2319; baseline 0.017 -15"><span class='ocrx_word' id='word_1_599' title='bbox 2120 2252 2186 2304; x_wconf 72' lang='grc' dir='ltr'>τὰ</span> <span class='ocrx_word' id='word_1_600' title='bbox 2206 2250 2354 2319; x_wconf 76' lang='grc' dir='ltr'>ἑξῆς.</span> 
     </span>
    </p>
   </div>
   <div class='ocr_carea' id='block_1_82' title="bbox 2201 2339 3708 2413">
    <p class='ocr_par' dir='ltr' id='par_1_82' title="bbox 2201 2339 3708 2413">
     <span class='ocr_line' id='line_1_82' title="bbox 2201 2339 3708 2413; baseline 0.001 -19"><span class='ocrx_word' id='word_1_601' title='bbox 2201 2340 2312 2394; x_wconf 85' lang='grc' dir='ltr'><strong>Τοῦ</strong></span> <span class='ocrx_word' id='word_1_602' title='bbox 2345 2340 2552 2396; x_wconf 82' lang='grc' dir='ltr'>αὑτοῦ.</span> <span class='ocrx_word' id='word_1_603' title='bbox 2619 2342 2911 2410; x_wconf 76' lang='grc' dir='ltr'>Ἀγγέλους</span> <span class='ocrx_word' id='word_1_604' title='bbox 2969 2342 3068 2411; x_wconf 86' lang='grc' dir='ltr'><strong>μὲν</strong></span> <span class='ocrx_word' id='word_1_605' title='bbox 3109 2339 3219 2412; x_wconf 89' lang='grc'>(91)</span> <span class='ocrx_word' id='word_1_606' title='bbox 3259 2342 3535 2413; x_wconf 77' lang='grc' dir='ltr'>ποιμαίνει</span> <span class='ocrx_word' id='word_1_607' title='bbox 3569 2341 3708 2412; x_wconf 78' lang='grc' dir='ltr'>ζωὴ,</span> 
     </span>
    </p>
   </div>
   <div class='ocr_carea' id='block_1_83' title="bbox 2123 2429 3707 2502">
    <p class='ocr_par' dir='ltr' id='par_1_83' title="bbox 2123 2429 3707 2502">
     <span class='ocr_line' id='line_1_83' title="bbox 2123 2429 3707 2502; baseline 0.002 -20"><span class='ocrx_word' id='word_1_608' title='bbox 2123 2429 2440 2501; x_wconf 81' lang='grc' dir='ltr'>ἀνθρώπους</span> <span class='ocrx_word' id='word_1_609' title='bbox 2473 2432 2530 2484; x_wconf 75' lang='grc' dir='ltr'>δὲ</span> <span class='ocrx_word' id='word_1_610' title='bbox 2572 2431 2798 2494; x_wconf 79' lang='grc' dir='ltr'>θάνατος</span> <span class='ocrx_word' id='word_1_611' title='bbox 2843 2431 2938 2483; x_wconf 68' lang='grc' dir='ltr'><strong>καὶ</strong></span> <span class='ocrx_word' id='word_1_612' title='bbox 2983 2429 3118 2502; x_wconf 79' lang='grc' dir='ltr'><strong>ζωὴ,</strong></span> <span class='ocrx_word' id='word_1_613' title='bbox 3151 2431 3411 2500; x_wconf 79' lang='grc' dir='ltr'>δαίμονας</span> <span class='ocrx_word' id='word_1_614' title='bbox 3446 2432 3504 2484; x_wconf 82' lang='grc' dir='ltr'>δὲ</span> <span class='ocrx_word' id='word_1_615' title='bbox 3541 2432 3707 2501; x_wconf 87' lang='grc' dir='ltr'>μόνον</span> 
     </span>
    </p>
   </div>
   <div class='ocr_carea' id='block_1_84' title="bbox 2124 2521 3712 2594">
    <p class='ocr_par' dir='ltr' id='par_1_84' title="bbox 2124 2521 3712 2594">
     <span class='ocr_line' id='line_1_84' title="bbox 2124 2521 3712 2594; baseline 0 -20"><span class='ocrx_word' id='word_1_616' title='bbox 2124 2521 2370 2584; x_wconf 79' lang='grc' dir='ltr'>θάνατος.</span> <span class='ocrx_word' id='word_1_617' title='bbox 2420 2541 2436 2573; x_wconf 80' lang='grc' dir='ltr'><strong>ι</strong></span> <span class='ocrx_word' id='word_1_618' title='bbox 2491 2523 2596 2575; x_wconf 74' lang='grc' dir='ltr'><strong>Καὶ</strong></span> <span class='ocrx_word' id='word_1_619' title='bbox 2640 2523 3160 2594; x_wconf 81' lang='grc' dir='ltr'>κατακυριεύσουσιν</span> <span class='ocrx_word' id='word_1_620' title='bbox 3210 2523 3390 2576; x_wconf 81' lang='grc' dir='ltr'>αὐτῶν</span> <span class='ocrx_word' id='word_1_621' title='bbox 3430 2524 3479 2574; x_wconf 84' lang='lat' dir='ltr'><strong>oi.</strong></span> <span class='ocrx_word' id='word_1_622' title='bbox 3526 2524 3712 2586; x_wconf 75' lang='grc' dir='ltr'>εὐθεῖς</span> 
     </span>
    </p>
   </div>
   <div class='ocr_carea' id='block_1_85' title="bbox 2122 2613 3702 2686">
    <p class='ocr_par' dir='ltr' id='par_1_85' title="bbox 2122 2613 3702 2686">
     <span class='ocr_line' id='line_1_85' title="bbox 2122 2613 3702 2686; baseline 0.001 -22"><span class='ocrx_word' id='word_1_623' title='bbox 2122 2613 2182 2664; x_wconf 64' lang='grc' dir='ltr'>τὸ</span> <span class='ocrx_word' id='word_1_624' title='bbox 2212 2615 2374 2685; x_wconf 80' lang='grc' dir='ltr'>πρωῒ.</span> <span class='ocrx_word' id='word_1_625' title='bbox 2414 2632 2432 2664; x_wconf 74' lang='grc' dir='ltr'><strong>ι</strong></span> <span class='ocrx_word' id='word_1_626' title='bbox 2464 2615 2714 2667; x_wconf 76' lang='grc' dir='ltr'>Ἔσονται</span> <span class='ocrx_word' id='word_1_627' title='bbox 2757 2614 2864 2686; x_wconf 81' lang='grc' dir='ltr'><strong>γὰρ</strong></span> <span class='ocrx_word' id='word_1_628' title='bbox 2903 2614 3088 2667; x_wconf 76' lang='grc' dir='ltr'>ἐπάνω</span> <span class='ocrx_word' id='word_1_629' title='bbox 3127 2614 3287 2666; x_wconf 76' lang='grc' dir='ltr'>πέντε</span> <span class='ocrx_word' id='word_1_630' title='bbox 3338 2614 3562 2676; x_wconf 82' lang='grc' dir='ltr'>πόλεων,</span> <span class='ocrx_word' id='word_1_631' title='bbox 3601 2614 3702 2666; x_wconf 66' lang='grc' dir='ltr'><strong>καὶ</strong></span> 
     </span>
    </p>
   </div>
   <div class='ocr_carea' id='block_1_86' title="bbox 2122 2702 3705 2774">
    <p class='ocr_par' dir='ltr' id='par_1_86' title="bbox 2122 2702 3705 2774">
     <span class='ocr_line' id='line_1_86' title="bbox 2122 2702 3705 2774; baseline 0.002 -20"><span class='ocrx_word' id='word_1_632' title='bbox 2122 2702 2255 2755; x_wconf 79' lang='grc' dir='ltr'>δέκα</span> <span class='ocrx_word' id='word_1_633' title='bbox 2288 2703 2494 2756; x_wconf 79' lang='grc' dir='ltr'>πόλεων</span> <span class='ocrx_word' id='word_1_634' title='bbox 2515 2705 2564 2756; x_wconf 93' lang='grc' dir='ltr'>οἱ</span> <span class='ocrx_word' id='word_1_635' title='bbox 2601 2704 2795 2769; x_wconf 83' lang='grc' dir='ltr'>εὑθεῖς,</span> <span class='ocrx_word' id='word_1_636' title='bbox 2821 2707 2876 2756; x_wconf 82' lang='grc' dir='ltr'>ὲν</span> <span class='ocrx_word' id='word_1_637' title='bbox 2904 2704 2982 2774; x_wconf 83' lang='grc' dir='ltr'>τῷ</span> <span class='ocrx_word' id='word_1_638' title='bbox 3017 2705 3283 2774; x_wconf 77' lang='grc' dir='ltr'>μέλλοντι.</span> <span class='ocrx_word' id='word_1_639' title='bbox 3312 2706 3419 2757; x_wconf 73' lang='grc' dir='ltr'>Καὶ</span> <span class='ocrx_word' id='word_1_640' title='bbox 3447 2703 3705 2774; x_wconf 84' lang='grc' dir='ltr'>Σολομὼν</span> 
     </span>
    </p>
   </div>
   <div class='ocr_carea' id='block_1_87' title="bbox 2121 2793 3710 2865">
    <p class='ocr_par' dir='ltr' id='par_1_87' title="bbox 2121 2793 3710 2865">
     <span class='ocr_line' id='line_1_87' title="bbox 2121 2793 3710 2865; baseline 0.003 -20"><span class='ocrx_word' id='word_1_641' title='bbox 2121 2793 2178 2846; x_wconf 81' lang='grc' dir='ltr'><strong>δὲ</strong></span> <span class='ocrx_word' id='word_1_642' title='bbox 2217 2796 2274 2846; x_wconf 79' lang='grc' dir='ltr'><strong>ἐν</strong></span> <span class='ocrx_word' id='word_1_643' title='bbox 2317 2795 2662 2864; x_wconf 77' lang='grc' dir='ltr'>Ιιαροιμίαις</span> <span class='ocrx_word' id='word_1_644' title='bbox 2701 2795 2760 2849; x_wconf 84' lang='grc' dir='ltr'><strong>τὸ</strong></span> <span class='ocrx_word' id='word_1_645' title='bbox 2806 2797 2938 2850; x_wconf 75' lang='grc' dir='ltr'>αὐτὸ</span> <span class='ocrx_word' id='word_1_646' title='bbox 2986 2795 3146 2849; x_wconf 76' lang='grc' dir='ltr'>τοῦτό</span> <span class='ocrx_word' id='word_1_647' title='bbox 3217 2813 3368 2865; x_wconf 82' lang='grc' dir='ltr'>φησι·</span> <span class='ocrx_word' id='word_1_648' title='bbox 3416 2815 3435 2848; x_wconf 78' lang='grc' dir='ltr'>σ</span> <span class='ocrx_word' id='word_1_649' title='bbox 3478 2797 3710 2850; x_wconf 79' lang='grc' dir='ltr'>Σπεύδει</span> 
     </span>
    </p>
   </div>
   <div class='ocr_carea' id='block_1_88' title="bbox 2122 2873 3712 2960">
    <p class='ocr_par' dir='ltr' id='par_1_88' title="bbox 2122 2873 3712 2960">
     <span class='ocr_line' id='line_1_88' title="bbox 2122 2873 3712 2960; baseline 0.003 -22"><span class='ocrx_word' id='word_1_650' title='bbox 2122 2885 2232 2956; x_wconf 83' lang='grc' dir='ltr'><strong>γὰρ</strong></span> <span class='ocrx_word' id='word_1_651' title='bbox 2262 2886 2508 2938; x_wconf 82' lang='grc' dir='ltr'>πλουτεῖν</span> <span class='ocrx_word' id='word_1_652' title='bbox 2535 2888 2676 2959; x_wconf 84' lang='grc' dir='ltr'>ἀνὴρ</span> <span class='ocrx_word' id='word_1_653' title='bbox 2703 2888 2991 2959; x_wconf 76' lang='grc' dir='ltr'>βάσκανος,</span> <span class='ocrx_word' id='word_1_654' title='bbox 3017 2890 3112 2942; x_wconf 73' lang='grc' dir='ltr'>καὶ</span> <span class='ocrx_word' id='word_1_655' title='bbox 3131 2890 3231 2941; x_wconf 82' lang='grc' dir='ltr'><strong>οὐκ</strong></span> <span class='ocrx_word' id='word_1_656' title='bbox 3260 2873 3413 2953; x_wconf 68' lang='grc' dir='ltr'>οἶδεν,</span> <span class='ocrx_word' id='word_1_657' title='bbox 3446 2889 3528 2944; x_wconf 83' lang='grc' dir='ltr'>ὅτι</span> <span class='ocrx_word' id='word_1_658' title='bbox 3549 2889 3712 2960; x_wconf 69' lang='grc' dir='ltr'><strong>ἐλεήσ-</strong></span> 
     </span>
    </p>
   </div>
   <div class='ocr_carea' id='block_1_89' title="bbox 2125 2977 2816 3047">
    <p class='ocr_par' dir='ltr' id='par_1_89' title="bbox 2125 2977 2816 3047">
     <span class='ocr_line' id='line_1_89' title="bbox 2125 2977 2816 3047; baseline 0.004 -22"><span class='ocrx_word' id='word_1_659' title='bbox 2125 2992 2242 3045; x_wconf 81' lang='grc' dir='ltr'><strong>μων</strong></span> <span class='ocrx_word' id='word_1_660' title='bbox 2273 2977 2538 3047; x_wconf 82' lang='grc' dir='ltr'>κρατήσει</span> <span class='ocrx_word' id='word_1_661' title='bbox 2568 2977 2755 3030; x_wconf 78' lang='grc' dir='ltr'>αὐτοῦ.</span> <span class='ocrx_word' id='word_1_662' title='bbox 2799 2995 2816 3028; x_wconf 76' lang='grc' dir='ltr'><strong>ι</strong></span> 
     </span>
    </p>
   </div>
   <div class='ocr_carea' id='block_1_90' title="bbox 2193 3065 3708 3136">
    <p class='ocr_par' dir='ltr' id='par_1_90' title="bbox 2193 3065 3708 3136">
     <span class='ocr_line' id='line_1_90' title="bbox 2193 3065 3708 3136; baseline 0.004 -19"><span class='ocrx_word' id='word_1_663' title='bbox 2193 3065 2290 3131; x_wconf 77' lang='grc' dir='ltr'><strong>Μὴ</strong></span> <span class='ocrx_word' id='word_1_664' title='bbox 2319 3067 2509 3133; x_wconf 61' lang='grc' dir='ltr'>φοϐοῦ</span> <span class='ocrx_word' id='word_1_665' title='bbox 2551 3066 2698 3119; x_wconf 77' lang='grc' dir='ltr'>ὅταν</span> <span class='ocrx_word' id='word_1_666' title='bbox 2743 3066 3068 3136; x_wconf 76' lang='grc' dir='ltr'>πλουτήσῃ</span> <span class='ocrx_word' id='word_1_667' title='bbox 3112 3067 3437 3136; x_wconf 78' lang='grc' dir='ltr'>ἄνθρωπος,</span> <span class='ocrx_word' id='word_1_668' title='bbox 3467 3085 3522 3120; x_wconf 87' lang='grc' dir='ltr'><strong>κ.</strong></span> <span class='ocrx_word' id='word_1_669' title='bbox 3556 3085 3608 3122; x_wconf 84' lang='grc' dir='ltr'><strong>τ.</strong></span> <span class='ocrx_word' id='word_1_670' title='bbox 3647 3069 3708 3124; x_wconf 76' lang='grc' dir='ltr'><strong>ε.</strong></span> 
     </span>
    </p>
   </div>
   <div class='ocr_carea' id='block_1_91' title="bbox 2123 3161 3713 3235">
    <p class='ocr_par' dir='ltr' id='par_1_91' title="bbox 2123 3161 3713 3235">
     <span class='ocr_line' id='line_1_91' title="bbox 2123 3161 3713 3235; baseline 0.003 -22"><span class='ocrx_word' id='word_1_671' title='bbox 2123 3161 2248 3223; x_wconf 83' lang='grc' dir='ltr'>Τοῖς</span> <span class='ocrx_word' id='word_1_672' title='bbox 2275 3161 2460 3214; x_wconf 79' lang='grc' dir='ltr'>τοῦτον</span> <span class='ocrx_word' id='word_1_673' title='bbox 2489 3162 2600 3233; x_wconf 73' lang='grc'>(92)</span> <span class='ocrx_word' id='word_1_674' title='bbox 2632 3163 2954 3216; x_wconf 77' lang='grc' dir='ltr'>πλουτοῦσιν</span> <span class='ocrx_word' id='word_1_675' title='bbox 2971 3162 3114 3218; x_wconf 85' lang='grc' dir='ltr'>οὐαί·</span> <span class='ocrx_word' id='word_1_676' title='bbox 3140 3165 3200 3216; x_wconf 83' lang='grc' dir='ltr'>οὐ</span> <span class='ocrx_word' id='word_1_677' title='bbox 3237 3163 3344 3235; x_wconf 77' lang='grc' dir='ltr'><strong>γὰρ</strong></span> <span class='ocrx_word' id='word_1_678' title='bbox 3370 3161 3593 3232; x_wconf 66' lang='grc' dir='ltr'>λήψεταί</span> <span class='ocrx_word' id='word_1_679' title='bbox 3619 3180 3713 3228; x_wconf 80' lang='grc' dir='ltr'><strong>τις</strong></span> 
     </span>
    </p>
   </div>
   <div class='ocr_carea' id='block_1_92' title="bbox 2122 3250 3714 3324">
    <p class='ocr_par' dir='ltr' id='par_1_92' title="bbox 2122 3250 3714 3324">
     <span class='ocr_line' id='line_1_92' title="bbox 2122 3250 3714 3324; baseline 0.002 -21"><span class='ocrx_word' id='word_1_680' title='bbox 2122 3250 2480 3321; x_wconf 79' lang='grc' dir='ltr'>ἀποθνήσκων</span> <span class='ocrx_word' id='word_1_681' title='bbox 2527 3253 2710 3305; x_wconf 75' lang='grc' dir='ltr'>αὐτόν.</span> <span class='ocrx_word' id='word_1_682' title='bbox 2757 3271 2778 3304; x_wconf 75' lang='grc' dir='ltr'><strong>ι</strong></span> <span class='ocrx_word' id='word_1_683' title='bbox 2821 3252 2954 3306; x_wconf 82' lang='grc' dir='ltr'>υὺδὲ</span> <span class='ocrx_word' id='word_1_684' title='bbox 3014 3253 3486 3323; x_wconf 79' lang='grc' dir='ltr'>συγκαταϐήσεται</span> <span class='ocrx_word' id='word_1_685' title='bbox 3554 3252 3714 3324; x_wconf 82' lang='grc' dir='ltr'><strong>αὖτῴ</strong></span> 
     </span>
    </p>
   </div>
   <div class='ocr_carea' id='block_1_93' title="bbox 2120 3342 3713 3415">
    <p class='ocr_par' dir='ltr' id='par_1_93' title="bbox 2120 3342 3713 3415">
     <span class='ocr_line' id='line_1_93' title="bbox 2120 3342 3713 3415; baseline 0.003 -21"><span class='ocrx_word' id='word_1_686' title='bbox 2120 3342 2246 3408; x_wconf 81' lang='grc' dir='ltr'>δόξα</span> <span class='ocrx_word' id='word_1_687' title='bbox 2289 3342 2382 3395; x_wconf 79' lang='grc' dir='ltr'>τοῦ</span> <span class='ocrx_word' id='word_1_688' title='bbox 2424 3343 2575 3396; x_wconf 79' lang='grc' dir='ltr'>οἴκου</span> <span class='ocrx_word' id='word_1_689' title='bbox 2615 3343 2800 3398; x_wconf 78' lang='grc' dir='ltr'>αὑτοῦ.</span> <span class='ocrx_word' id='word_1_690' title='bbox 2838 3365 2854 3396; x_wconf 80' lang='grc' dir='ltr'><strong>ι</strong></span> <span class='ocrx_word' id='word_1_691' title='bbox 2887 3344 3103 3414; x_wconf 77' lang='grc' dir='ltr'>Ταύτην</span> <span class='ocrx_word' id='word_1_692' title='bbox 3146 3343 3367 3414; x_wconf 75' lang='grc' dir='ltr'>ζητοῦσι</span> <span class='ocrx_word' id='word_1_693' title='bbox 3403 3344 3503 3415; x_wconf 85' lang='grc' dir='ltr'>τὴν</span> <span class='ocrx_word' id='word_1_694' title='bbox 3550 3345 3713 3411; x_wconf 78' lang='grc' dir='ltr'>δόξαν</span> 
     </span>
    </p>
   </div>
   <div class='ocr_carea' id='block_1_94' title="bbox 2121 3434 3706 3506">
    <p class='ocr_par' dir='ltr' id='par_1_94' title="bbox 2121 3434 3706 3506">
     <span class='ocr_line' id='line_1_94' title="bbox 2121 3434 3706 3506; baseline 0.002 -20"><span class='ocrx_word' id='word_1_695' title='bbox 2121 3434 2169 3486; x_wconf 80' lang='lat' dir='ltr'><strong>oi</strong></span> <span class='ocrx_word' id='word_1_696' title='bbox 2221 3434 2295 3504; x_wconf 82' lang='grc' dir='ltr'><strong>μὴ</strong></span> <span class='ocrx_word' id='word_1_697' title='bbox 2348 3434 2714 3498; x_wconf 84' lang='grc' dir='ltr'>πιστεύοντες,</span> <span class='ocrx_word' id='word_1_698' title='bbox 2777 3435 2834 3488; x_wconf 77' lang='grc' dir='ltr'><strong>οὐ</strong></span> <span class='ocrx_word' id='word_1_699' title='bbox 2890 3435 3453 3506; x_wconf 76' lang='grc' dir='ltr'>συγκαταϐησομένην</span> <span class='ocrx_word' id='word_1_700' title='bbox 3497 3437 3706 3500; x_wconf 81' lang='grc' dir='ltr'>αὐτοῖς.</span> 
     </span>
    </p>
   </div>
   <div class='ocr_carea' id='block_1_95' title="bbox 2134 3523 3713 3597">
    <p class='ocr_par' dir='ltr' id='par_1_95' title="bbox 2134 3523 3713 3597">
     <span class='ocr_line' id='line_1_95' title="bbox 2134 3523 3713 3597; baseline 0.001 -19"><span class='ocrx_word' id='word_1_701' title='bbox 2134 3523 2191 3578; x_wconf 80' lang='grc' dir='ltr'><strong>Ὀ</strong></span> <span class='ocrx_word' id='word_1_702' title='bbox 2225 3524 2583 3596; x_wconf 79' lang='grc' dir='ltr'>ἀποθνήσκων</span> <span class='ocrx_word' id='word_1_703' title='bbox 2616 3527 2677 3578; x_wconf 79' lang='grc' dir='ltr'><strong>οὐ</strong></span> <span class='ocrx_word' id='word_1_704' title='bbox 2703 3526 2929 3597; x_wconf 73' lang='grc' dir='ltr'>λήψεται</span> <span class='ocrx_word' id='word_1_705' title='bbox 2958 3526 3056 3596; x_wconf 81' lang='grc' dir='ltr'><strong>τὴν</strong></span> <span class='ocrx_word' id='word_1_706' title='bbox 3101 3526 3514 3596; x_wconf 79' lang='grc' dir='ltr'>πληθυνομὲνην</span> <span class='ocrx_word' id='word_1_707' title='bbox 3549 3526 3713 3591; x_wconf 79' lang='grc' dir='ltr'>δόξαν</span> 
     </span>
    </p>
   </div>
   <div class='ocr_carea' id='block_1_96' title="bbox 2119 3616 3714 3688">
    <p class='ocr_par' dir='ltr' id='par_1_96' title="bbox 2119 3616 3714 3688">
     <span class='ocr_line' id='line_1_96' title="bbox 2119 3616 3714 3688; baseline 0 -20"><span class='ocrx_word' id='word_1_708' title='bbox 2119 3616 2212 3668; x_wconf 76' lang='grc' dir='ltr'>τοῦ</span> <span class='ocrx_word' id='word_1_709' title='bbox 2235 3617 2382 3670; x_wconf 77' lang='grc' dir='ltr'>οἴκου</span> <span class='ocrx_word' id='word_1_710' title='bbox 2407 3617 2591 3670; x_wconf 78' lang='grc' dir='ltr'>αὑτοῦ·</span> <span class='ocrx_word' id='word_1_711' title='bbox 2617 3617 2750 3671; x_wconf 81' lang='grc' dir='ltr'>ἀλλὰ</span> <span class='ocrx_word' id='word_1_712' title='bbox 2767 3618 2861 3670; x_wconf 73' lang='grc' dir='ltr'><strong>καὶ</strong></span> <span class='ocrx_word' id='word_1_713' title='bbox 2877 3617 2954 3688; x_wconf 81' lang='grc' dir='ltr'>τῷ</span> <span class='ocrx_word' id='word_1_714' title='bbox 2985 3619 3081 3688; x_wconf 78' lang='grc' dir='ltr'><strong>μὲν</strong></span> <span class='ocrx_word' id='word_1_715' title='bbox 3103 3617 3443 3671; x_wconf 77' lang='grc' dir='ltr'>ἀναϐαίνοντι</span> <span class='ocrx_word' id='word_1_716' title='bbox 3464 3617 3714 3688; x_wconf 81' lang='grc' dir='ltr'>ὲναρέτῳ</span> 
     </span>
    </p>
   </div>
   <div class='ocr_carea' id='block_1_97' title="bbox 2121 3708 3713 3780">
    <p class='ocr_par' dir='ltr' id='par_1_97' title="bbox 2121 3708 3713 3780">
     <span class='ocr_line' id='line_1_97' title="bbox 2121 3708 3713 3780; baseline 0.001 -20"><span class='ocrx_word' id='word_1_717' title='bbox 2121 3708 2550 3779; x_wconf 78' lang='grc' dir='ltr'>συναναϐἡσεται</span> <span class='ocrx_word' id='word_1_718' title='bbox 2591 3711 2624 3780; x_wconf 80' lang='grc' dir='ltr'>ἡ</span> <span class='ocrx_word' id='word_1_719' title='bbox 2656 3709 2782 3776; x_wconf 80' lang='grc' dir='ltr'>δόξα</span> <span class='ocrx_word' id='word_1_720' title='bbox 2815 3709 3004 3772; x_wconf 78' lang='grc' dir='ltr'>αὑτοῦ,</span> <span class='ocrx_word' id='word_1_721' title='bbox 3035 3711 3200 3780; x_wconf 67' lang='grc' dir='ltr'><strong>1ἤγουν</strong></span> <span class='ocrx_word' id='word_1_722' title='bbox 3244 3712 3278 3778; x_wconf 82' lang='grc' dir='ltr'>ἡ</span> <span class='ocrx_word' id='word_1_723' title='bbox 3319 3711 3514 3780; x_wconf 73' lang='grc' dir='ltr'>ἀρετήο</span> <span class='ocrx_word' id='word_1_724' title='bbox 3545 3710 3622 3780; x_wconf 83' lang='grc' dir='ltr'>τῷ</span> <span class='ocrx_word' id='word_1_725' title='bbox 3648 3709 3713 3764; x_wconf 80' lang='grc' dir='ltr'>δὲ</span> 
     </span>
    </p>
   </div>
   <div class='ocr_carea' id='block_1_98' title="bbox 2121 3793 3712 3872">
    <p class='ocr_par' dir='ltr' id='par_1_98' title="bbox 2121 3793 3712 3872">
     <span class='ocr_line' id='line_1_98' title="bbox 2121 3793 3712 3872; baseline 0.001 -20"><span class='ocrx_word' id='word_1_726' title='bbox 2121 3801 2503 3854; x_wconf 78' lang='grc' dir='ltr'>καταϐαίνοντι</span> <span class='ocrx_word' id='word_1_727' title='bbox 2556 3793 3048 3872; x_wconf 79' lang='grc' dir='ltr'>συγκαταϐήσεται.</span> <span class='ocrx_word' id='word_1_728' title='bbox 3114 3800 3225 3852; x_wconf 74' lang='grc' dir='ltr'><strong>Καὶ</strong></span> <span class='ocrx_word' id='word_1_729' title='bbox 3287 3800 3383 3853; x_wconf 79' lang='grc' dir='ltr'>τοῦ</span> <span class='ocrx_word' id='word_1_730' title='bbox 3437 3801 3596 3868; x_wconf 82' lang='grc' dir='ltr'>ἁγίου</span> <span class='ocrx_word' id='word_1_731' title='bbox 3644 3799 3712 3854; x_wconf 72' lang='grc' dir='ltr'>δὲ</span> 
     </span>
    </p>
   </div>
   <div class='ocr_carea' id='block_1_99' title="bbox 2119 3889 3710 3962">
    <p class='ocr_par' dir='ltr' id='par_1_99' title="bbox 2119 3889 3710 3962">
     <span class='ocr_line' id='line_1_99' title="bbox 2119 3889 3710 3962; baseline -0.001 -19"><span class='ocrx_word' id='word_1_732' title='bbox 2119 3889 2265 3962; x_wconf 81' lang='grc' dir='ltr'>ψυχὴ</span> <span class='ocrx_word' id='word_1_733' title='bbox 2297 3892 2352 3945; x_wconf 85' lang='grc' dir='ltr'>ὲν</span> <span class='ocrx_word' id='word_1_734' title='bbox 2384 3894 2450 3960; x_wconf 82' lang='grc' dir='ltr'>τῇ</span> <span class='ocrx_word' id='word_1_735' title='bbox 2483 3890 2596 3962; x_wconf 80' lang='grc' dir='ltr'><strong>ζωῇ</strong></span> <span class='ocrx_word' id='word_1_736' title='bbox 2630 3891 2817 3955; x_wconf 77' lang='grc' dir='ltr'>αὐτοῦ,</span> <span class='ocrx_word' id='word_1_737' title='bbox 2851 3891 2974 3960; x_wconf 74' lang='grc' dir='ltr'>ἥτις</span> <span class='ocrx_word' id='word_1_738' title='bbox 3008 3892 3154 3943; x_wconf 77' lang='grc' dir='ltr'>ἐστὶν</span> <span class='ocrx_word' id='word_1_739' title='bbox 3185 3893 3212 3944; x_wconf 89' lang='grc' dir='ltr'>ὁ</span> <span class='ocrx_word' id='word_1_740' title='bbox 3255 3892 3507 3960; x_wconf 79' lang='grc' dir='ltr'>Χριστὸς,</span> <span class='ocrx_word' id='word_1_741' title='bbox 3548 3889 3710 3942; x_wconf 58' lang='lat' dir='ltr'><strong>stilo-</strong></span> 
     </span>
    </p>
   </div>
   <div class='ocr_carea' id='block_1_100' title="bbox 2120 3985 3708 4058">
    <p class='ocr_par' dir='ltr' id='par_1_100' title="bbox 2120 3985 3708 4058">
     <span class='ocr_line' id='line_1_100' title="bbox 2120 3985 3708 4058; baseline 0.003 -21"><span class='ocrx_word' id='word_1_742' title='bbox 2120 3985 2440 4055; x_wconf 80' lang='grc' dir='ltr'>γηθήσεται.</span> <span class='ocrx_word' id='word_1_743' title='bbox 2495 3986 2679 4048; x_wconf 83' lang='grc' dir='ltr'>Ὅστις</span> <span class='ocrx_word' id='word_1_744' title='bbox 2729 3986 2883 4053; x_wconf 82' lang='grc' dir='ltr'>ἆγιος</span> <span class='ocrx_word' id='word_1_745' title='bbox 2929 3985 3008 4057; x_wconf 81' lang='grc' dir='ltr'><strong>τῷ</strong></span> <span class='ocrx_word' id='word_1_746' title='bbox 3058 3985 3177 4057; x_wconf 79' lang='grc' dir='ltr'>Θεῷ</span> <span class='ocrx_word' id='word_1_747' title='bbox 3226 3985 3708 4058; x_wconf 69' lang='grc' dir='ltr'>ἐξομολογήσεται,</span> 
     </span>
    </p>
   </div>
   <div class='ocr_carea' id='block_1_101' title="bbox 2121 4075 2740 4144">
    <p class='ocr_par' dir='ltr' id='par_1_101' title="bbox 2121 4075 2740 4144">
     <span class='ocr_line' id='line_1_101' title="bbox 2121 4075 2740 4144; baseline 0.003 -15"><span class='ocrx_word' id='word_1_748' title='bbox 2121 4075 2535 4144; x_wconf 81' lang='grc' dir='ltr'>ἀγαθοποιοῦντι</span> <span class='ocrx_word' id='word_1_749' title='bbox 2561 4077 2740 4131; x_wconf 79' lang='grc' dir='ltr'>αὐτόν.</span> 
     </span>
    </p>
   </div>
   <div class='ocr_carea' id='block_1_102' title="bbox 2193 4245 3718 4328">
    <p class='ocr_par' dir='ltr' id='par_1_102' title="bbox 2193 4245 3718 4328">
     <span class='ocr_line' id='line_1_102' title="bbox 2193 4245 3718 4328; baseline 0 -21"><span class='ocrx_word' id='word_1_750' title='bbox 2193 4254 2303 4308; x_wconf 81' lang='grc' dir='ltr'><strong>Καὶ</strong></span> <span class='ocrx_word' id='word_1_751' title='bbox 2343 4254 2651 4322; x_wconf 77' lang='grc' dir='ltr'>ἅνθρωπος</span> <span class='ocrx_word' id='word_1_752' title='bbox 2691 4255 2762 4307; x_wconf 75' lang='grc' dir='ltr'><strong>ἐν</strong></span> <span class='ocrx_word' id='word_1_753' title='bbox 2803 4255 2943 4324; x_wconf 77' lang='grc' dir='ltr'>τιμῇ</span> <span class='ocrx_word' id='word_1_754' title='bbox 2980 4255 3082 4318; x_wconf 83' lang='grc' dir='ltr'><strong>ὢν,</strong></span> <span class='ocrx_word' id='word_1_755' title='bbox 3117 4271 3171 4308; x_wconf 88' lang='grc' dir='ltr'><strong>κ.</strong></span> <span class='ocrx_word' id='word_1_756' title='bbox 3208 4272 3258 4308; x_wconf 86' lang='grc' dir='ltr'><strong>τ.</strong></span> <span class='ocrx_word' id='word_1_757' title='bbox 3291 4257 3338 4313; x_wconf 83' lang='grc' dir='ltr'><strong>ὲ.</strong></span> <span class='ocrx_word' id='word_1_758' title='bbox 3393 4245 3718 4328; x_wconf 73' lang='grc' dir='ltr'>Ἐπαπορῖι-</span> 
     </span>
    </p>
   </div>
   <div class='ocr_carea' id='block_1_103' title="bbox 2121 4343 3710 4418">
    <p class='ocr_par' dir='ltr' id='par_1_103' title="bbox 2121 4343 3710 4418">
     <span class='ocr_line' id='line_1_103' title="bbox 2121 4343 3710 4418; baseline 0.002 -21"><span class='ocrx_word' id='word_1_759' title='bbox 2121 4346 2240 4398; x_wconf 86' lang='grc' dir='ltr'>τέον</span> <span class='ocrx_word' id='word_1_760' title='bbox 2279 4347 2307 4397; x_wconf 83' lang='grc' dir='ltr'>ὁ</span> <span class='ocrx_word' id='word_1_761' title='bbox 2355 4346 2413 4398; x_wconf 78' lang='grc' dir='ltr'>ἐν</span> <span class='ocrx_word' id='word_1_762' title='bbox 2451 4347 2583 4417; x_wconf 84' lang='grc' dir='ltr'>τιμῇ</span> <span class='ocrx_word' id='word_1_763' title='bbox 2617 4346 2730 4417; x_wconf 77' lang='grc'>(95)</span> <span class='ocrx_word' id='word_1_764' title='bbox 2764 4343 2839 4398; x_wconf 82' lang='grc' dir='ltr'>ὢν</span> <span class='ocrx_word' id='word_1_765' title='bbox 2891 4345 3182 4418; x_wconf 77' lang='grc' dir='ltr'>ἄνθρωπος</span> <span class='ocrx_word' id='word_1_766' title='bbox 3227 4346 3321 4400; x_wconf 75' lang='grc' dir='ltr'><strong>καὶ</strong></span> <span class='ocrx_word' id='word_1_767' title='bbox 3367 4347 3440 4418; x_wconf 82' lang='grc' dir='ltr'>μὴ</span> <span class='ocrx_word' id='word_1_768' title='bbox 3501 4348 3710 4406; x_wconf 75' lang='grc' dir='ltr'>συνιεὶς</span> 
     </span>
    </p>
   </div>
   <div class='ocr_carea' id='block_1_104' title="bbox 2122 4435 3712 4509">
    <p class='ocr_par' dir='ltr' id='par_1_104' title="bbox 2122 4435 3712 4509">
     <span class='ocr_line' id='line_1_104' title="bbox 2122 4435 3712 4509; baseline 0.004 -23"><span class='ocrx_word' id='word_1_769' title='bbox 2122 4435 2280 4498; x_wconf 81' lang='grc' dir='ltr'>ποίας</span> <span class='ocrx_word' id='word_1_770' title='bbox 2307 4437 2423 4488; x_wconf 70' lang='grc' dir='ltr'>ἐστὶ</span> <span class='ocrx_word' id='word_1_771' title='bbox 2479 4436 2710 4505; x_wconf 78' lang='grc' dir='ltr'>φύσεως.</span> <span class='ocrx_word' id='word_1_772' title='bbox 2743 4438 2806 4489; x_wconf 78' lang='lat' dir='ltr'><strong>Ei</strong></span> <span class='ocrx_word' id='word_1_773' title='bbox 2838 4437 2935 4508; x_wconf 80' lang='grc' dir='ltr'><strong>μὲν</strong></span> <span class='ocrx_word' id='word_1_774' title='bbox 2981 4437 3082 4508; x_wconf 83' lang='grc' dir='ltr'>τῆς</span> <span class='ocrx_word' id='word_1_775' title='bbox 3133 4441 3534 4509; x_wconf 84' lang='grc' dir='ltr'>πνευματικῆς,</span> <span class='ocrx_word' id='word_1_776' title='bbox 3585 4440 3712 4492; x_wconf 71' lang='grc' dir='ltr'><strong>πῶν</strong></span> 
     </span>
    </p>
   </div>
   <div class='ocr_carea' id='block_1_105' title="bbox 2121 4526 3714 4601">
    <p class='ocr_par' dir='ltr' id='par_1_105' title="bbox 2121 4526 3714 4601">
     <span class='ocr_line' id='line_1_105' title="bbox 2121 4526 3714 4601; baseline 0.004 -23"><span class='ocrx_word' id='word_1_777' title='bbox 2121 4526 2402 4596; x_wconf 76' lang='grc' dir='ltr'>ὁμοιοῦται</span> <span class='ocrx_word' id='word_1_778' title='bbox 2443 4530 2553 4589; x_wconf 86' lang='grc' dir='ltr'>τοῖς</span> <span class='ocrx_word' id='word_1_779' title='bbox 2587 4528 2870 4598; x_wconf 81' lang='grc' dir='ltr'>κτήνεσιν;</span> <span class='ocrx_word' id='word_1_780' title='bbox 2907 4531 2970 4582; x_wconf 83' lang='grc' dir='ltr'><strong>Εἰ</strong></span> <span class='ocrx_word' id='word_1_781' title='bbox 3017 4529 3073 4582; x_wconf 83' lang='grc' dir='ltr'>δὲ</span> <span class='ocrx_word' id='word_1_782' title='bbox 3115 4529 3214 4599; x_wconf 84' lang='grc' dir='ltr'><strong>τῆς</strong></span> <span class='ocrx_word' id='word_1_783' title='bbox 3245 4533 3454 4601; x_wconf 84' lang='grc' dir='ltr'>χοῖκῆς,</span> <span class='ocrx_word' id='word_1_784' title='bbox 3490 4531 3607 4594; x_wconf 81' lang='grc' dir='ltr'><strong>πῶς</strong></span> <span class='ocrx_word' id='word_1_785' title='bbox 3643 4533 3714 4587; x_wconf 81' lang='grc' dir='ltr'>ὲν</span> 
     </span>
    </p>
   </div>
   <div class='ocr_carea' id='block_1_106' title="bbox 2121 4616 3710 4696">
    <p class='ocr_par' dir='ltr' id='par_1_106' title="bbox 2121 4616 3710 4696">
     <span class='ocr_line' id='line_1_106' title="bbox 2121 4616 3710 4696; baseline 0.005 -27"><span class='ocrx_word' id='word_1_786' title='bbox 2121 4621 2253 4689; x_wconf 84' lang='grc' dir='ltr'>τιμῇ</span> <span class='ocrx_word' id='word_1_787' title='bbox 2283 4619 2462 4684; x_wconf 62' lang='lat' dir='ltr'><strong>estw;</strong></span> <span class='ocrx_word' id='word_1_788' title='bbox 2496 4620 2558 4672; x_wconf 86' lang='grc' dir='ltr'><strong>Εἰ</strong></span> <span class='ocrx_word' id='word_1_789' title='bbox 2581 4619 2638 4671; x_wconf 82' lang='grc' dir='ltr'>δὲ</span> <span class='ocrx_word' id='word_1_790' title='bbox 2659 4621 2758 4690; x_wconf 82' lang='grc' dir='ltr'>τῆς</span> <span class='ocrx_word' id='word_1_791' title='bbox 2781 4621 3038 4692; x_wconf 79' lang='grc' dir='ltr'>ψυχικῆς,</span> <span class='ocrx_word' id='word_1_792' title='bbox 3080 4622 3176 4675; x_wconf 75' lang='grc' dir='ltr'><strong>ἐὰν</strong></span> <span class='ocrx_word' id='word_1_793' title='bbox 3203 4616 3358 4686; x_wconf 76' lang='grc' dir='ltr'>οὗτος</span> <span class='ocrx_word' id='word_1_794' title='bbox 3457 4624 3515 4675; x_wconf 87' lang='grc' dir='ltr'>ὲν</span> <span class='ocrx_word' id='word_1_795' title='bbox 3544 4626 3710 4695; x_wconf 77' lang='grc' dir='ltr'>τιμῇ,</span> 
     </span>
    </p>
   </div>
   <div class='ocr_carea' id='block_1_107' title="bbox 2123 4710 2792 4780">
    <p class='ocr_par' dir='ltr' id='par_1_107' title="bbox 2123 4710 2792 4780">
     <span class='ocr_line' id='line_1_107' title="bbox 2123 4710 2792 4780; baseline 0.007 -19"><span class='ocrx_word' id='word_1_796' title='bbox 2123 4711 2152 4761; x_wconf 85' lang='grc' dir='ltr'>ὁ</span> <span class='ocrx_word' id='word_1_797' title='bbox 2179 4710 2544 4780; x_wconf 84' lang='grc' dir='ltr'>πνευματικὸς</span> <span class='ocrx_word' id='word_1_798' title='bbox 2571 4711 2631 4766; x_wconf 85' lang='grc' dir='ltr'>ὲν</span> <span class='ocrx_word' id='word_1_799' title='bbox 2657 4711 2792 4779; x_wconf 87' lang='grc' dir='ltr'>τίνι;</span> 
     </span>
    </p>
   </div>
   <div class='ocr_carea' id='block_1_108' title="bbox 2689 4891 3173 4945">
    <p class='ocr_par' dir='ltr' id='par_1_108' title="bbox 2689 4891 3173 4945">
     <span class='ocr_line' id='line_1_108' title="bbox 2689 4891 3173 4945; baseline 0.002 -1"><span class='ocrx_word' id='word_1_800' title='bbox 2689 4891 2986 4945; x_wconf 80' lang='grc' dir='ltr'><strong>ΨᾹΛΜΟΣ</strong></span> <span class='ocrx_word' id='word_1_801' title='bbox 3035 4891 3173 4945; x_wconf 75' lang='lat' dir='ltr'><strong>MB&#39;.</strong></span> 
     </span>
    </p>
   </div>
   <div class='ocr_carea' id='block_1_109' title="bbox 2245 4980 3713 5053">
    <p class='ocr_par' dir='ltr' id='par_1_109' title="bbox 2245 4980 3713 5053">
     <span class='ocr_line' id='line_1_109' title="bbox 2245 4980 3713 5053; baseline -0.003 -14"><span class='ocrx_word' id='word_1_802' title='bbox 2245 4985 2342 5051; x_wconf 74' lang='grc' dir='ltr'><strong>εὲς</strong></span> <span class='ocrx_word' id='word_1_803' title='bbox 2381 4985 2530 5038; x_wconf 76' lang='grc' dir='ltr'><strong>θεῶν</strong></span> <span class='ocrx_word' id='word_1_804' title='bbox 2567 4987 2782 5053; x_wconf 78' lang='grc' dir='ltr'>Κύριος</span> <span class='ocrx_word' id='word_1_805' title='bbox 2827 4983 3114 5051; x_wconf 71' lang='grc' dir='ltr'>ἐλάλησε,</span> <span class='ocrx_word' id='word_1_806' title='bbox 3145 5000 3199 5037; x_wconf 88' lang='grc' dir='ltr'><strong>κ.</strong></span> <span class='ocrx_word' id='word_1_807' title='bbox 3230 4999 3281 5035; x_wconf 84' lang='grc' dir='ltr'><strong>τ.</strong></span> <span class='ocrx_word' id='word_1_808' title='bbox 3320 4982 3368 5036; x_wconf 84' lang='grc' dir='ltr'><strong>ἐ.</strong></span> <span class='ocrx_word' id='word_1_809' title='bbox 3401 4999 3421 5034; x_wconf 72' lang='grc' dir='ltr'><strong>ι</strong></span> <span class='ocrx_word' id='word_1_810' title='bbox 3475 4981 3534 5035; x_wconf 89' lang='lat'><strong>&#39;0</strong></span> <span class='ocrx_word' id='word_1_811' title='bbox 3571 4980 3713 5046; x_wconf 73' lang='grc' dir='ltr'>Θεὸς</span> 
     </span>
    </p>
   </div>
   <div class='ocr_carea' id='block_1_110' title="bbox 2125 5073 3713 5148">
    <p class='ocr_par' dir='ltr' id='par_1_110' title="bbox 2125 5073 3713 5148">
     <span class='ocr_line' id='line_1_110' title="bbox 2125 5073 3713 5148; baseline -0.002 -19"><span class='ocrx_word' id='word_1_812' title='bbox 2125 5077 2234 5130; x_wconf 84' lang='grc' dir='ltr'><strong>τῶν</strong></span> <span class='ocrx_word' id='word_1_813' title='bbox 2268 5076 2403 5128; x_wconf 84' lang='grc' dir='ltr'>θεῶν</span> <span class='ocrx_word' id='word_1_814' title='bbox 2429 5075 2542 5148; x_wconf 72' lang='grc'>(94)</span> <span class='ocrx_word' id='word_1_815' title='bbox 2575 5094 2593 5127; x_wconf 77' lang='grc' dir='ltr'><strong>ι</strong></span> <span class='ocrx_word' id='word_1_816' title='bbox 2632 5075 2718 5128; x_wconf 84' lang='grc' dir='ltr'><strong>διὰ</strong></span> <span class='ocrx_word' id='word_1_817' title='bbox 2746 5074 2980 5146; x_wconf 80' lang='grc' dir='ltr'>Χριστοῦ</span> <span class='ocrx_word' id='word_1_818' title='bbox 3015 5092 3033 5126; x_wconf 71' lang='grc' dir='ltr'><strong>ι</strong></span> <span class='ocrx_word' id='word_1_819' title='bbox 3070 5073 3330 5146; x_wconf 77' lang='grc' dir='ltr'>λαλήσας,</span> <span class='ocrx_word' id='word_1_820' title='bbox 3356 5073 3578 5128; x_wconf 77' lang='grc' dir='ltr'>ἐκάλεσε</span> <span class='ocrx_word' id='word_1_821' title='bbox 3604 5073 3713 5141; x_wconf 74' lang='grc' dir='ltr'>τὴν</span> 
     </span>
    </p>
   </div>
   <div class='ocr_carea' id='block_1_111' title="bbox 2180 5215 2785 5282">
    <p class='ocr_par' dir='ltr' id='par_1_111' title="bbox 2180 5215 2785 5282">
     <span class='ocr_line' id='line_1_111' title="bbox 2180 5215 2785 5282; baseline -0.008 -9"><span class='ocrx_word' id='word_1_822' title='bbox 2180 5220 2225 5251; x_wconf 77' lang='grc'>³³</span> <span class='ocrx_word' id='word_1_823' title='bbox 2255 5218 2422 5273; x_wconf 79' lang='lat' dir='ltr'><strong>Prov.</strong></span> <span class='ocrx_word' id='word_1_824' title='bbox 2467 5218 2659 5282; x_wconf 65' lang='lat' dir='ltr'><strong>“vni,</strong></span> <span class='ocrx_word' id='word_1_825' title='bbox 2694 5215 2785 5269; x_wconf 71' lang='lat'><strong>2‘2.</strong></span> 
     </span>
    </p>
   </div>
   <div class='ocr_carea' id='block_1_112' title="bbox 2195 5331 3402 5404">
    <p class='ocr_par' dir='ltr' id='par_1_112' title="bbox 2195 5331 3402 5404">
     <span class='ocr_line' id='line_1_112' title="bbox 2195 5331 3402 5404; baseline -0.004 -14"><span class='ocrx_word' id='word_1_826' title='bbox 2195 5334 2310 5404; x_wconf 70' lang='lat'><strong>(92)</strong></span> <span class='ocrx_word' id='word_1_827' title='bbox 2354 5335 2480 5401; x_wconf 83' lang='grc' dir='ltr'>Τοῖς</span> <span class='ocrx_word' id='word_1_828' title='bbox 2513 5334 2749 5392; x_wconf 77' lang='grc' dir='ltr'>τοῦτον.</span> <span class='ocrx_word' id='word_1_829' title='bbox 2769 5340 2877 5386; x_wconf 84' lang='lat' dir='ltr'><strong>etc.</strong></span> <span class='ocrx_word' id='word_1_830' title='bbox 2895 5331 3114 5404; x_wconf 71' lang='lat' dir='ltr'><strong>Catena</strong></span> <span class='ocrx_word' id='word_1_831' title='bbox 3133 5331 3402 5404; x_wconf 79' lang='lat' dir='ltr'><strong>Corderii.</strong></span> 
     </span>
    </p>
   </div>
   <div class='ocr_carea' id='block_1_113' title="bbox 2198 5400 3704 5488">
    <p class='ocr_par' dir='ltr' id='par_1_113' title="bbox 2198 5400 3704 5488">
     <span class='ocr_line' id='line_1_113' title="bbox 2198 5400 3704 5488; baseline -0.012 -14"><span class='ocrx_word' id='word_1_832' title='bbox 2352 5400 2788 5472; x_wconf 67' lang='grc' dir='ltr'><strong>Ἐπαπψνιτέον</strong></span> <span class='ocrx_word' id='word_1_833' title='bbox 2819 5405 2851 5455; x_wconf 76' lang='grc' dir='ltr'><em>ὀ</em></span> <span class='ocrx_word' id='word_1_834' title='bbox 2879 5403 2948 5456; x_wconf 76' lang='grc' dir='ltr'><strong>ἐν</strong></span> <span class='ocrx_word' id='word_1_835' title='bbox 2986 5402 3146 5472; x_wconf 79' lang='grc' dir='ltr'>τιμῇ,</span> <span class='ocrx_word' id='word_1_836' title='bbox 3180 5414 3288 5458; x_wconf 88' lang='lat' dir='ltr'><strong>etc.</strong></span> <span class='ocrx_word' id='word_1_837' title='bbox 3318 5403 3523 5459; x_wconf 77' lang='lat' dir='ltr'><strong>Catena</strong></span> <span class='ocrx_word' id='word_1_838' title='bbox 3567 5400 3704 5458; x_wconf 82' lang='lat' dir='ltr'><strong>Cur-</strong></span> 
     </span>
    </p>
   </div>
   <div class='ocr_carea' id='block_1_114' title="bbox 2127 5478 3590 5619">
    <p class='ocr_par' dir='ltr' id='par_1_114' title="bbox 2127 5478 3590 5619">
     <span class='ocr_line' id='line_1_114' title="bbox 2127 5478 3590 5619; baseline -0.003 -15"><span class='ocrx_word' id='word_1_839' title='bbox 2127 5478 2310 5619; x_wconf 54' lang='grc' dir='ltr'><strong>(Ιεὲὶιί)</strong></span> <span class='ocrx_word' id='word_1_840' title='bbox 2347 5544 2399 5598; x_wconf 90' lang='grc' dir='ltr'><strong><em>Ὁ</em></strong></span> <span class='ocrx_word' id='word_1_841' title='bbox 2433 5545 2577 5612; x_wconf 79' lang='grc' dir='ltr'><strong>Θεὸς</strong></span> <span class='ocrx_word' id='word_1_842' title='bbox 2605 5543 2723 5597; x_wconf 80' lang='grc' dir='ltr'><strong>τῶν</strong></span> <span class='ocrx_word' id='word_1_843' title='bbox 2748 5543 2918 5613; x_wconf 78' lang='grc' dir='ltr'><strong>θεῶν,</strong></span> <span class='ocrx_word' id='word_1_844' title='bbox 2953 5553 3062 5600; x_wconf 89' lang='lat' dir='ltr'><strong>etc.</strong></span> <span class='ocrx_word' id='word_1_845' title='bbox 3085 5543 3285 5601; x_wconf 78' lang='lat' dir='ltr'><strong>Catena</strong></span> <span class='ocrx_word' id='word_1_846' title='bbox 3317 5542 3590 5599; x_wconf 84' lang='lat' dir='ltr'><strong>Cordcrii.</strong></span> 
     </span>
    </p>
   </div>
  </div>
