1948 3350
9 88 22 113 1
30 87 104 115 449

603 94 756 122 SELECTA
777 94 809 121 ΙΝ
830 92 999 121 PSALMOS.
1020 110 1054 114 —-
1072 94 1170 121 PSAL.
1194 94 1285 121 XLIX.

1680 101 1748 129 “50

8 145 80 180 γῆν
97 147 172 174 ἀπὸ
197 149 387 178 ἀνατολῶν
414 151 489 188 ἡλίου
511 152 592 187 μέχρι
610 154 729 189 δυσμῶψ
748 164 756 179 ι
776 154 830 180 ἀπὸ
846 155 885 180 ἀνι

964 159 1019 178 ratu
1044 160 1057 177 a
1074 151 1138 178 solis
1160 157 1221 178 ortu
1238 159 1322 186 usque
1345 153 1378 179 ad
1401 160 1546 187 occasum;
1562 165 1571 181 ι
1601 164 1696 192 nempe
1713 162 1746 187 ab

11 192 128 219 τολῶν
173 194 238 221 τὸν
281 197 440 234 Ἰσραὴλ,
466 198 575 234 δυσμῶν
596 199 624 225 δὲ
649 200 713 231 τοὺς
734 200 911 233 δυσγενεστά-

16 247 116 270 τους.

73 286 139 313 ‘Eae
160 288 266 314 Σιὼν-
283 289 309 323 ή
329 290 507 324 εὐπρέπεια
527 289 581 324 τῆς
599 291 786 325 ὡραιότητος,
800 301 827 318 κ.
844 300 869 318 τ.
884 292 908 318 ἐ.

23 331 140 366 Εἴπερ
159 333 365 369 εὐπρέπεια
387 335 442 370 (95)
462 335 654 371 καὶὼραιότης
672 337 774 371 Κυρίου
791 338 807 371 ή
829 337 908 371 σοφία

25 376 138 403 ἐστίν·
161 378 255 414 αὕτη
279 380 318 406 ὲν
340 382 383 416 τῇ
404 380 471 407 Σιών
492 382 575 407 ἐστιν.
600 378 684 413 Οὗτος
700 382 742 415 ἐφ’
763 380 792 409 οὗ
809 384 841 417 τῇ
861 390 908 416 γε-

31 422 128 449 νέσει
155 423 326 460 λέγομεν·
366 426 540 461 Ἐμμανουὴλ
564 427 693 462 ἐμφανῶς
712 425 789 462 ἦλθε,
815 428 861 454 καὶ
877 429 907 454 οὐ

34 471 270 505 παρασιωπᾷ,
293 471 378 497 ἀλλὰ
393 471 466 505 λέγει
481 472 513 498 δι’
528 468 566 498 ὧν
579 471 662 503 Θέλει,
678 472 738 498 ἐπεὶ
749 472 815 503 Θεὸς
829 472 908 507 ἡμῶν

36 514 126 541 ἐστι.
146 515 223 541 Νῦν
247 517 326 551 μὲν,
355 517 449 552 φησὶν,
468 526 477 543 ι
498 518 528 543 οὐ
544 518 801 553 παρασιωπήσεται·
818 527 827 544 ι
844 517 907 553 ὲξῆς

36 558 88 590 δὲ,
118 569 131 585 ‹
161 561 276 587 ταῦτα
307 563 461 597 ἐποίησας,
485 563 531 589 καὶ
556 563 682 598 ὲσίγησα.
706 563 765 599 ΙΙῦρ
792 563 906 590 ἐνώπιον

41 605 162 632 αὐτοῦ.
193 615 205 632 ι
228 622 274 628 -—
298 616 310 632 ε
336 608 400 644 Πῦρ
411 608 477 644 γὰρ,
492 608 584 643 φησιν,
596 606 678 644 ἦλθον
695 608 785 644 βαλεῖν
800 610 846 635 ἐπὶ
857 610 906 644 τὴν

43 651 125 686 γῆν.
153 662 165 678 ι
186 653 258 679 Καὶ
277 654 314 680 ὲν
344 654 385 689 τῷ
401 654 508 689 Δανιήλ·
528 663 537 679 ι
555 655 680 690 Ποταμὸς
705 655 789 691 πυρὸς
815 652 906 681 εἷλκεν

46 696 248 733 ἔμπροσθεν
267 700 379 726 αὐτοῦ.
401 709 410 725 ι
429 699 488 734 Πῦρ
510 699 538 725 δὲ
557 700 602 725 καὶ
624 701 750 733 καταιγὶς
777 700 823 727 ἐπὶ
843 701 905 732 τοὺς

54 743 101 778 μὴ
120 745 351 780 προσέχοντας
368 744 450 771 αὐτοῦ
472 746 504 780 τῇ
528 745 673 780 ἐπιφανείᾳ
691 746 738 771 καὶ
753 745 791 781 τῷ
815 746 903 781 Λόγῳ,

51 788 88 819 ὃς
114 789 191 823 ἥξει
213 791 254 816 ὲκ
275 791 337 826 τῆς
363 790 523 826 ἐπουρανίου
548 790 628 822 Σιὼν,
654 790 792 827 ῑσοσθενὴς
812 790 849 817 ὢν
866 791 904 826 τῷ

962 198 1065 223 oriente
1082 196 1218 229 lsraclcm,
1236 199 1269 224 ab
1282 198 1424 225 occidente
1445 207 1507 227 vero
1524 201 1746 236 ignobilissimos.

999 281 1080 309 Vens.
1101 283 1127 309 2.
1147 282 1189 309 Ea;
1203 282 1269 310 Sion
1284 283 1380 317 species
1397 284 1508 317 decoris,
1531 291 1584 314 etc.
1607 288 1746 324 Siquidem

961 329 1043 355 decor
1058 333 1084 355 et
1100 328 1205 363 species
1223 329 1327 355 Domini
1341 334 1383 356 est
1395 331 1547 366 sapientia:
1566 333 1623 368 ipsa
1640 335 1666 362 in
1682 336 1746 364 Sion

960 374 1077 401 exsistit.
1101 373 1151 401 llic
1168 374 1239 401 enim
1259 380 1302 402 est
1319 375 1344 402 in
1361 375 1440 410 cujus
1457 378 1596 406 nativitate
1611 380 1727 409 dicimus
1738 402 1746 414 ,

961 419 1118 446 Emmanuel
1143 419 1286 447 manifeste
1312 422 1385 448 venit
1399 442 1405 454 ,
1426 426 1452 449 et
1469 431 1521 450 non
1546 424 1618 457 silet,
1635 427 1681 453 sed
1700 436 1747 461 per

960 472 1028 497 quos
1044 464 1103 491 vult
1118 464 1248 499 loquitur,
1265 466 1396 500 quoniam
1412 467 1482 496 Deus
1497 474 1589 498 noster
1604 476 1655 498 est.
1671 472 1746 501 Nunc

958 510 1078 544 quidem,
1092 510 1196 545 inquit,
1211 520 1221 536 ι
1235 518 1286 538 non
1299 512 1404 545 silebit;
1417 523 1426 539 ι
1441 515 1568 550 deinceps
1581 525 1644 545 vero
1658 517 1744 554 (vsus.

957 556 996 592 5),
1007 566 1016 582 ‹
1032 556 1090 584 haec
1105 556 1203 589 fecisti,
1220 562 1247 584 et
1267 558 1348 583 tacui.
1364 557 1434 592 Ignis
1446 559 1472 586 iu
1490 567 1637 596 conspectu
1652 564 1710 598 ejus
1735 575 1743 589 ι

961 611 970 627 ι
984 602 1075 637 Ignem
1088 602 1172 635 enim,
1186 602 1284 637 inquit,
1294 604 1354 630 veni
1368 605 1475 632 mittere
1489 607 1515 633 in
1533 612 1631 635 terram
1644 610 1676 636 “.
1689 619 1698 635 ι
1715 611 1746 637 Et

957 648 983 675 in
1000 648 1124 676 Daniele:
1149 657 1157 673 t
1172 648 1284 676 Fluvius
1306 649 1375 683 ignis
1401 652 1527 679 trahebat
1551 653 1577 680 in
1596 662 1744 690 conspectu

955 694 1015 728 ejus
1028 694 1060 720 “.
1077 703 1086 720 ι
1103 694 1238 722 Caeterum
1255 695 1324 730 ignis
1338 701 1366 722 et
1380 701 1528 732 tempestas
1543 707 1625 734 super
1638 709 1685 728 eos
1699 705 1743 736 qui

956 747 1010 766 non
1036 739 1179 767 attendunt
1205 740 1239 767 ad
1264 741 1408 769 adventum
1423 748 1450 770 et
1472 745 1505 770 ad
1524 744 1641 772 Vetbum
1665 746 1743 781 ejus,

956 785 1026 818 quod
1044 785 1135 812 veniet
1150 785 1183 812 de
1198 787 1384 820 supercmlesti
1402 788 1477 821 Sion,
1495 798 1555 816 cum
1570 791 1606 818 sit
1622 791 1743 826 ejusdem

58 818 180 871 Ῐίατρί·
202 818 353 871 οὐράνιος
375 818 476 872 γὰριῆν
493 836 569 869 Θεὸς,
585 818 632 863 και
647 837 690 863 ὅτε
707 818 791 872 ἦλθεν
814 838 885 872 ὲμφα

955 837 1016 856 cum
1033 830 1113 857 Patre
1133 818 1294 864 potestatis:
1309 832 1442 866 siquidem
1458 834 1527 862 Deus
1537 841 1598 863 erat
1612 818 1742 871 ctialestis,

58 879 138 911 νῶς,
157 880 233 915 ἦτοι
250 882 307 907 ὅτε
322 881 417 915 γέγονε
430 880 506 917 σάρξ.
526 881 592 907 Τότε
609 881 663 917 γὰρ
677 881 775 917 ὁρατὸς
790 882 902 916 γέγονεν

64 924 182 958 ἐλθὼν,
196 926 235 952 οὐ
255 926 520 961 παρασιωπήσεται,
535 925 602 952 ἀλλὰ
615 925 661 952 τοῦ
677 926 780 961 κόσμου
798 925 902 959 ἐλέγξει

64 971 126 1005 τὴν
153 971 328 1007 ἁμαρτίαν,
355 973 438 1008 ήγουν
461 972 511 1008 τὴν
534 972 660 1007 βούλησιν
687 971 832 1005 ἀναγγελεῖ
855 971 901 998 τοῦ

67 1017 210 1053 Πατρός.
233 1018 440 1054 Καλεῖταιγὰρ
460 1028 469 1044 ι
488 1019 609 1054 μεγάλης
625 1018 724 1053 βουλῆς
746 1018 869 1052 ἄγγελος.
890 1028 898 1043 ι

24 1055 25 1058 Ἰ
69 1063 115 1089 Τδ
132 1063 166 1090 δὲ
184 1063 252 1099 πῦρ
268 1064 303 1090 τὸ
320 1065 377 1099 φῶς
398 1065 525 1101 σημαίνει
555 1065 584 1091 τὸ
608 1064 637 1097 ἐξ
656 1064 748 1091 αὑτοῦ·
772 1064 822 1099 τῆς
846 1064 901 1100 γὰρ

71 1109 226 1143 γνώσεως
249 1110 303 1137 τοῦ
328 1111 445 1146 Χριστοῦ
479 1111 510 1137 τὸ
529 1112 572 1138 διὰ
596 1111 712 1142 πίστεως
729 1109 823 1145 νοητὸν
842 1111 900 1145 φῶς

73 1156 214 1190 ἡγεῖται.
236 1157 360 1192 Νοήσεις
376 1157 403 1183 δὲ
417 1157 463 1184 καὶ
474 1156 556 1184 οὕτω
575 1157 620 1183 Ἔν
635 1156 744 1192 ἐξουσίᾳ
757 1156 803 1182 καὶ
820 1156 899 1183 δυνά-

77 1210 130 1236 μει
146 1201 295 1237 θεότητος
312 1202 363 1234 ὢν,
379 1203 480 1238 καίπερ
492 1202 610 1237 γεγονὼς
621 1203 648 1229 ὲν
666 1202 757 1238 σαρκὶ,
773 1201 898 1237 καθάπερ

76 1256 106 1274 τι
129 1247 195 1283 πῦρ
216 1249 272 1274 καὶ
296 1249 423 1283 καταιγὶς
440 1248 592 1284 προσέϐαλε
615 1249 672 1280 τοῖς
699 1248 897 1283 ἀντικειμένοις

26 1288 34 1303 τ
76 1292 163 1328 αὐτῷ
180 1293 312 1328 διαϐόλῳ
324 1294 370 1320 καὶ
379 1294 513 1329 δαίμοσιν.

128 1383 159 1410 Ὁ
181 1385 266 1418 Θεὸς
284 1384 422 1419 ἐμφανῶς
446 1384 522 1417 ἥξει,
543 1385 559 1410 ό
589 1384 660 1417 Θεὸς
684 1382 777 1417 ἡμῶν,
798 1383 845 1410 καὶ
860 1384 896 1410 οὐ

34 1431 41 1446 '~
84 1430 380 1464 παρασιωπήσεται,
397 1439 423 1456 κ.
437 1438 462 1456 τ.
477 1430 499 1456 ὲ.
523 1430 552 1455 '0
569 1429 634 1461 Θεὸς
651 1428 728 1465 ἡμῶν
742 1428 795 1464 (96)
808 1430 896 1465 ἐμφα-

84 1474 144 1506 νῶς
161 1475 238 1510 ἥξει·
253 1475 320 1506 Θεὸς
334 1475 362 1501 δὲ
377 1474 454 1510 ἡμῶν
467 1475 481 1501 ὁ
493 1474 610 1509 Χριστός
631 1475 698 1501 ἐστιδ
716 1474 832 1509 Χριστὸς
846 1475 894 1509 ὲμ-
908 1491 929 1519 C

33 1523 43 1537 ι’
89 1520 189 1554 φανῶς
204 1521 279 1555 ἣξει.

34 1574 38 1587 L
131 1565 192 1591 Τοῦ
210 1564 315 1591 αὑτοῦ.
333 1564 450 1599 Χριστὸς
474 1563 604 1598 ἐλήλυθεν
622 1563 677 1598 (97)
698 1564 727 1589 ὲν
749 1563 840 1598 σαρκί.
857 1564 894 1589 Τὸ

32 1617 43 1633 :
94 1617 104 1634 ι
122 1609 260 1643 ἐμφανῶς
274 1618 282 1634 ι
301 1609 353 1644 ἄρα
365 1610 414 1643 τὴν
429 1608 518 1644 σάρκα
531 1608 615 1643 δηλοῖε
632 1607 746 1643 αἰσθητὴ
761 1608 814 1643 γὰρ
829 1606 862 1644 ἦν
875 1610 891 1643 ἡ

36 1664 41 1668 ’
93 1654 168 1689 σὰρξ
185 1655 233 1681 τοῦ
250 1654 378 1690 Χριστοῦ.

130 1700 380 1735 Προσκαλέσετιιι
394 1700 448 1726 τὸν·
462 1699 591 1733 οἰιρανὸν
605 1700 677 1729 ἀνω,
690 1708 716 1726 κ.
731 1708 756 1726 τ.
773 1699 796 1725 ὲ.
816 1699 892 1725 Ἐπεὶ

94 1746 125 1772 ὲν
140 1745 345 1782 Δευτερονομίῳ
363 1744 417 1779 (98)
435 1743 557 1774 δοθέντος
579 1742 625 1769 τοῦ
644 1743 726 1778 νόμου
743 1741 889 1777 διεμαρτύ-

96 1800 165 1827 ρατο
173 1791 295 1826 Μωῡσῆς
304 1791 348 1817 τὸν
363 1789 475 1824 οὐρανὸν
490 1789 537 1815 καὶ
550 1788 598 1824 τὴν
609 1789 670 1824 γῆν,
687 1788 786 1823 ὁμοίως
802 1787 829 1814 δὲ
844 1788 890 1814 καὶ

93 1837 251 1872 ἀρχόμενος
267 1836 317 1871 τῆς
339 1835 410 1871 ᾠδῆς
429 1834 540 1865 τούτους
562 1833 650 1860 καλεῖ·
671 1833 712 1859 ἔτι
739 1833 768 1859 δὲ
793 1833 839 1859 καὶ
860 1834 889 1858 ἐν

97 1882 205 1919 Ἡσαΐᾳ
220 1881 487 1918 παραλαμϐάνονται·
499 1880 543 1907 διὰ
555 1879 644 1911 τοῦτο,
662 1879 822 1914 κρινομένου
841 1879 887 1905 τοῦ

32 1934 34 1948 κ
90 1928 170 1960 λαοῦ,
200 1929 412 1966 προσκαλέσεται
441 1927 485 1954 τὸν
515 1926 628 1962 οὐρανὸν
655 1925 703 1952 καὶ
723 1925 773 1960 τὴν
800 1925 851 1961 γῆν
873 1926 887 1951 ὁ

95 1975 174 2007 Θεὸς.
190 1975 245 2002 Νῦν
257 1975 326 2000 δὲτὸ
347 1983 354 1998 ι
375 1974 509 2008 διακρῖναι
530 1982 538 1997 ι
554 1971 626 2006 λέγει
648 1970 708 1997 ἀντὶ
721 1970 767 1996 τοῦ
787 1970 885 2005 διαχω-

101 2019 175 2055 ρίσαι
189 2020 249 2050 τοὺς
262 2018 343 2049 ἰδίους
358 2016 452 2047 αὑτοῦ,
468 2016 548 2047 ὄντας
569 2015 632 2041 λαὸν
648 2013 742 2046 αὑτοῦ,
761 2014 815 2040 ἀπὺ
830 2015 885 2040 τῶν

99 2066 242 2101 ἀλλοτρίων
259 2064 339 2091 αὑτοῦ
355 2063 409 2090 τῶν
425 2062 629 2098 συννεμομένων
647 2062 703 2092 τοῖς
726 2061 818 2087 αὑτοῦ·
842 2061 885 2087 ἶνα

99 2112 139 2146 τῷ
165 2111 209 2146 μὲν
231 2109 338 2146 οὖρανῴ
358 2108 448 2144 ἀποδῷ
474 2108 536 2139 τοὺς
562 2107 654 2138 ἰδίους,
675 2108 706 2142 τῇ
728 2107 756 2133 δὲ
771 2108 806 2141 γῇ
822 2107 884 2137 τοὺς

101 2156 262 2191 ἀλλοτρίους.
279 2155 314 2181 “H
331 2154 548 2189 προσκαλέσεται
570 2154 633 2184 τοὺς
648 2153 676 2178 ὲν
693 2153 817 2187 οὐρανοῖς
836 2153 884 2186 ἁγ-
902 2161 923 2189 π)

101 2201 202 2233 γέλους,
218 2200 264 2226 καὶ
283 2200 345 2231 τοὺς
362 2198 564 2233 ἐξειλεγμένους
579 2199 607 2224 ὲν
621 2199 656 2233 γῇ
680 2198 748 2233 πρὸς
769 2198 884 2223 ἀποστο-

103 2246 161 2282 λὴν,
177 2246 242 2273 ὥστε
254 2246 298 2272 τὸν
312 2244 393 2272 αὑτοῦ
405 2244 469 2271 λαὸν
486 2244 631 2279 διακρῖναι.
653 2244 683 2270 Oi
699 2243 754 2279 γὰρ
767 2243 882 2269 ἀπόστο-

105 2293 145 2319 λοι
167 2292 225 2324 τοὺς
250 2292 298 2327 μὲν
321 2290 497 2325 πειθομένους
523 2288 720 2325 προσεκόμιζον
744 2289 782 2324 τῷ
808 2288 878 2323 Θεῷ,

105 2339 162 2370 τοὶς
172 2338 197 2365 δὲ
211 2338 247 2373 μὴ
262 2337 397 2368 τοιούτους
409 2337 523 2372 ἠφίεσαν
538 2335 576 2371 τῷ
591 2336 707 2370 Σατανᾷ.

139 2384 313 2418 Συναγάγετε
335 2382 415 2415 αὐτῷ
439 2383 508 2415 τοὺς
531 2382 636 2414 ὁσίους
669 2380 773 2411 αὐτοῦ,
810 2379 880 2411 τοὺς

106 2428 312 2463 διατιθεμένους
337 2429 393 2462 τὴν
409 2428 558 2461 Διαθήκην
579 2426 670 2454 αὐτοῦ
686 2426 734 2452 ἐπὶ
749 2426 877 2458 θυσίαις.

108 2474 156 2501 Καὶ
173 2473 386 2508 ἀναγγελοῦσιν
410 2475 436 2500 οἱ
457 2473 578 2507 οὐρανοὶ
603 2471 660 2505 τὴν
682 2470 879 2502 δικαιοσύνην

108 2519 198 2551 αὑτοῦ,
218 2519 261 2546 ἔτι
285 2520 356 2552 Θεὸς
380 2519 482 2553 κριτής
500 2520 580 2549 ἐστι,
601 2527 627 2544 κ.
645 2526 670 2543 τ.
688 2518 710 2542 ὲ.
741 2516 777 2542 Ἢ
796 2516 878 2550 οὐρα-

109 2568 145 2594 νοὶ
153 2566 198 2601 (99)
205 2568 227 2593 οἱ
238 2576 246 2591 ι
258 2567 307 2602 τὴν
319 2566 409 2593 εἰκόνα
424 2576 432 2591 ι
443 2565 588 2600 φοροῦντες
598 2574 607 2590 ‹
619 2563 664 2590 τοῦ
681 2563 853 2598 ἐπουρανίου.
868 2572 875 2587 ι

141 2651 160 2667 ’³
176 2650 235 2678 Luc.
255 2658 303 2683 xtl,
317 2651 358 2677 l9.
399 2651 421 2666 “
435 2652 502 2678 Dan.
520 2660 566 2683 vn,
582 2651 624 2678 10.
663 2652 684 2666 ’⁵
700 2651 708 2677 l
722 2650 785 2678 Cor.
804 2657 848 2683 xv,
864 2649 907 2676 49.

140 2732 187 2771 (ἓξ)
199 2731 471 2771 ῌπςριεύᾳρέπεια,
482 2737 536 2771 etc.
551 2732 658 2771 _Ea_den)_
669 2731 780 2771 catena.

150 2767 187 2798 9'6;
204 2767 229 2792 ’0
246 2767 317 2799 Θεὸς
336 2765 429 2800 ἡμῶν,
445 2772 496 2793 etc.
512 2767 625 2794 Scltedae
639 2765 744 2794 Gt'abii.

149 2802 186 2828 97)
199 2802 321 2834 Χριστὸς
335 2801 493 2833 ἐλήιτιθθεν,
509 2807 560 2827 etc.
579 2802 682 2828 Eaedem
701 2801 815 2827 scltedm.

491 2850 555 2878 ΧΗ.

249 2850 362 2877 l'a'ttmt
405 2850 448 2876 (lu

955 874 1037 901 etiam
1060 875 1168 908 quando
1189 876 1263 902 venit
1289 877 1450 911 manifeste,
1474 880 1531 907 sive
1555 882 1663 915 quando
1680 890 1744 911 caro

954 918 1042 946 factus
1065 918 1125 946 fuit.
1152 919 1228 946 Tunc
1253 921 1325 948 enim
1341 929 1401 949 cum
1428 925 1601 958 aspectabilis
1618 929 1741 962 venerit,

954 971 1006 990 non
1026 964 1116 991 silebit
1128 986 1136 997 ,
1154 966 1201 993 sed
1217 967 1307 993 mundi
1326 974 1467 1002 peccatum
1484 976 1601 1005 arguet,
1615 973 1673 1000 sive
1692 982 1736 1001 vo-

954 1009 1085 1037 luntatem
1100 1011 1189 1039 Patris
1202 1013 1386 1040 annuntiabit.
1405 1014 1524 1042 Vocatur
1533 1017 1604 1044 eniut
1624 1027 1634 1044 ι
1651 1021 1741 1054 magni

953 1056 1061 1082 consilii
1087 1057 1210 1092 angelus.
1230 1069 1239 1084 ι
1260 1059 1330 1094 Ignis
1345 1067 1410 1087 vero
1426 1061 1564 1096 signiﬁcat
1581 1066 1668 1092 lucem
1682 1074 1742 1101 qua:

953 1109 984 1128 es
1005 1101 1062 1136 ipso
1085 1107 1142 1129 est:
1161 1104 1283 1131 notitiam
1304 1106 1376 1132 enim
1399 1106 1502 1135 Christi
1528 1109 1660 1144 spiritalis
1678 1112 1740 1140 ﬁdei

953 1145 997 1173 lux
1014 1148 1154 1181 praecedit.
1172 1148 1327 1182 Quinetiam
1342 1151 1392 1178 ltoc
1409 1152 1488 1180 modo
1505 1153 1640 1189 intelliges
1654 1165 1660 1183 :
1672 1156 1739 1184 Cum

951 1192 977 1218 iu
1002 1197 1137 1227 potestate
1160 1201 1192 1222 ac
1209 1196 1307 1223 virtute
1322 1197 1472 1226 divinitatis
1487 1201 1642 1234 exsisteret,
1656 1204 1738 1230 etiam

950 1238 977 1265 in
992 1246 1074 1266 carne
1098 1244 1177 1268 natus
1189 1261 1197 1274 ,
1216 1242 1302 1270 instar
1328 1243 1397 1278 ignis
1416 1252 1449 1272 ac
1464 1248 1633 1281 tempestatis
1649 1250 1740 1284 cujus-

951 1283 1013 1310 dam
1038 1284 1117 1311 irruit
1141 1285 1167 1312 in
1184 1286 1354 1314 adversarios
1385 1296 1460 1322 suos,
1480 1291 1617 1319 diabolum
1637 1301 1669 1321 c
1683 1283 1739 1321 ὶιως

951 1337 1057 1357 monas.

985 1375 1065 1402 Vsus.
1084 1376 1110 1403 5.
1141 1376 1211 1404 Deus
1226 1379 1366 1412 manifeste
1390 1383 1491 1414 veniet,
1512 1382 1582 1410 Deus
1597 1390 1694 1418 noster,
1713 1392 1736 1413 et

948 1429 999 1448 iton
1012 1422 1108 1453 silebit,
1123 1428 1175 1449 etc.
1195 1423 1263 1450 Deus
1280 1430 1373 1452 noster
1387 1427 1530 1455 manifeste
1546 1430 1647 1458 veniet.
1664 1431 1734 1459 Deus

949 1471 1041 1494 uoster
1058 1467 1183 1495 Christus
1199 1473 1250 1495 est.
1265 1470 1388 1498 Christus
1404 1473 1547 1501 manifeste
1563 1476 1663 1503 veniet.

982 1551 1062 1586 722
1076 1552 1215 1587 Ejusdem.
1236 1553 1360 1582 Christus
1374 1556 1449 1582 venit
1461 1557 1488 1583 in
1502 1565 1596 1585 carne.
1614 1559 1685 1592 Ergo
1701 1562 1733 1587 il-

947 1597 1002 1628 lud,
1020 1606 1029 1622 ι
1047 1599 1201 1631 manifeste,
1215 1608 1224 1624 ι
1241 1606 1350 1627 carnem
1367 1602 1501 1636 signiﬁcat
1516 1613 1522 1630 :
1537 1612 1599 1632 ttam
1611 1606 1661 1633 sub
1676 1614 1734 1634 sen-

945 1651 1005 1670 sum
1023 1645 1139 1672 cadebat
1154 1652 1217 1672 caro
1230 1646 1342 1673 Christi.

980 1689 1062 1718 Vsus.
1074 1691 1101 1719 4.
1113 1692 1257 1719 Advocabit
1269 1693 1360 1721 uelum
1372 1695 1522 1730 desursum,
1532 1702 1583 1724 etc.
1599 1697 1730 1731 Quoniam

945 1736 971 1762 iu
989 1736 1197 1765 Deuteronomio
1215 1747 1278 1766 cum
1295 1739 1338 1767 lex
1362 1740 1487 1775 daretur,
1506 1743 1667 1772 testiﬁcatus
1688 1751 1732 1774 est

943 1781 1048 1819 Meyses
1060 1783 1157 1810 cmlum
1175 1789 1202 1811 et
1218 1789 1329 1819 terram,
1350 1787 1476 1815 similiter
1492 1793 1519 1815 et
1536 1790 1672 1818 canticum
1687 1792 1730 1819 in-

943 1827 1045 1854 choans
1067 1829 1176 1855 eosdeut
1206 1834 1290 1858 testes
1307 1831 1441 1862 advocat,
1466 1836 1547 1866 atque
1569 1833 1678 1868 insuper
1703 1836 1729 1862 in

942 1873 1010 1900 Isaia
1023 1874 1206 1909 adhibentur;
1225 1876 1325 1905 idcirco
1340 1878 1421 1904 etiatn
1438 1877 1509 1906 Deus
1524 1887 1585 1907 cum
1603 1882 1729 1915 populum

941 1927 1021 1946 suum
1035 1919 1210 1954 judicaturus
1223 1927 1276 1955 est,
1294 1923 1393 1951 caelum
1412 1930 1439 1951 et
1457 1930 1556 1952 terram
1573 1926 1727 1955 advocabit.

941 1965 1017 1992 Nunc
1033 1972 1122 1993 autem
1138 1976 1148 1993 ι
1165 1968 1321 1996 discernere
1337 1978 1346 1994 ι
1363 1970 1427 1997 dicit
1442 1978 1491 2004 pro
1505 1978 1651 2008 segregare
1665 1982 1729 2008 pro-

940 2011 1014 2045 prios
1026 2019 1090 2039 suos
1102 2033 1109 2044 ,
1128 2013 1172 2047 qui
1199 2019 1262 2041 sttnt
1279 2015 1391 2049 populus
1405 2015 1464 2049 eius
1475 2035 1483 2049 ,
1500 2017 1534 2045 ab
1550 2018 1663 2051 alienis,
1680 2021 1726 2054 qui

940 2064 992 2083 una
1008 2065 1069 2084 cum
1092 2060 1208 2093 propriis
1224 2060 1282 2095 ejus
1298 2062 1366 2096 pasti
1383 2062 1475 2094 fuere;
1489 2068 1518 2090 ut
1532 2065 1602 2091 υωιο
1619 2066 1726 2099 quidem

938 2103 1032 2130 reddat
1045 2105 1168 2139 proprios
1182 2114 1254 2140 suos,
1271 2112 1351 2135 terra:
1368 2116 1433 2137 vero
1451 2110 1564 2138 alienos.
1582 2110 1628 2138 Vel
1644 2112 1726 2139 advo-

937 2148 1010 2176 cabit
1024 2150 1134 2184 angelos
1149 2152 1194 2185 qui
1214 2153 1240 2179 in
1259 2154 1336 2181 caelis
1350 2160 1430 2188 sunt,
1453 2161 1480 2183 et
1496 2156 1596 2184 electos
1611 2158 1637 2184 in
1653 2163 1724 2186 terra

939 2195 972 2222 ad
990 2197 1180 2230 apostolatum,
1196 2205 1224 2224 ut
1237 2200 1365 2234 populum
1383 2209 1462 2229 suum
1477 2203 1637 2238 dijudiceut.
1654 2205 1725 2239 Apo-

936 2241 997 2269 stoli
1013 2243 1085 2269 enim
1102 2244 1193 2271 ﬁdeles
1206 2245 1313 2279 quidem
1328 2247 1360 2274 ad
1376 2248 1459 2275 Deum
1476 2250 1661 2284 adduxerunt;
1678 2258 1725 2278 eos

935 2294 1001 2314 vero
1026 2287 1073 2322 qui
1097 2295 1150 2316 non
1171 2295 1249 2317 erant
1267 2290 1471 2326 hujuscemodi,
1492 2294 1602 2322 Satanzc
1621 2297 1722 2329 permi-

932 2339 1034 2361 serunt.

970 2378 1051 2405 Vens.
1070 2379 1097 2412 5,
1112 2379 1139 2408 6.
1156 2381 1318 2417 (.‘angregnte
1339 2384 1378 2410 illi
1402 2389 1506 2410 sanctos
1522 2385 1579 2418 ejus
1592 2404 1600 2417 ,
1618 2387 1663 2420 qui
1677 2395 1721 2413 or-

932 2425 1025 2451 dinant
1041 2424 1233 2453 Testamentum
1248 2427 1306 2461 ejus
1320 2436 1398 2462 super
1415 2429 1556 2463 sacriﬁcia.
1571 2430 1605 2456 Et
1619 2439 1720 2458 annun-

932 2470 1034 2496 tiabunt
1050 2471 1108 2498 emli
1123 2471 1254 2505 iustitiam
1269 2473 1338 2507 ejus,
1350 2475 1474 2507 quoniam
1491 2475 1559 2502 Deus
1571 2476 1655 2510 judea:
1669 2482 1719 2510 est,

933 2520 986 2543 etc.
1010 2516 1056 2544 Vel
1070 2518 1131 2544 caeli
1150 2523 1215 2544 sunt
1230 2519 1256 2545 hi
1271 2519 1316 2553 qui
1334 2519 1422 2546 ferunt
1442 2530 1451 2546 ι
1469 2520 1615 2556 imaginem
1635 2524 1718 2551 caele-

933 2562 982 2590 stis
992 2563 1024 2589 ’⁸.
1040 2572 1049 2588 ι
1069 2562 1114 2590 Vel
1132 2563 1182 2591 hoc
1201 2569 1241 2591 cst
1258 2565 1430 2593 manifestum
1445 2587 1452 2599 ,
1471 2567 1575 2595 Domini
1590 2569 1718 2604 populum

943 2728 1021 2770 “(98)
1043 2729 1119 2755 Ἐπεὶ
1137 2729 1172 2755 ἐν
1187 2729 1413 2764 Δευτερονομιφ,
1427 2734 1480 2759 etc.
1492 2729 1596 2759 Catena
1615 2732 1718 2762 Cortice

927 2773 1017 2829 Ἠἱρςη
1034 2799 1067 2825 Ἡ
1081 2799 1211 2830 m‘vpm'ol,
1231 2804 1283 2826 etc.
1302 2799 1401 2826 Eadem
1420 2800 1533 2828 Catena.

1520 2850 1556 2879 '45
