1948 3350
33 129 130 156 1τὶ57
597 125 750 152 SELECTA
769 124 799 151 ΞΝ
818 123 881 151 PSA

939 123 986 150 DS.
1006 138 1039 142 ——-
1061 122 1157 149 l’SAL
1178 122 1219 148 LI.

362 184 509 211 ΨΑΔΜΟΣ
528 184 592 210 NA'.

1207 180 1367 207 l‘SALMUS
1387 180 1429 207 LI.

87 233 129 260 Τί
150 229 301 267 ἐγκαυχᾷ
316 231 351 258 ἐν
366 231 456 265 κακίᾳ
472 232 489 258 ὀ
509 231 638 263 δυνατὸς
656 229 793 265 ἀνομίαν,
808 238 835 256 κ.
849 238 875 256 τ.

967 226 1048 254 Vens.
1065 227 1092 253 5.
1108 227 1180 259 Quid
1196 227 1320 261 gloriaris
1337 227 1363 252 in
1379 226 1494 258 malitia,
1513 227 1558 260 qui
1581 231 1672 259 potens
1693 236 1719 254 es

32 279 67 305 ὲ.
97 288 110 304 ι
139 279 178 305 'U
197 277 378 313 καυχώμενος
394 277 460 312 (18),
483 277 566 312 φησὶν
592 276 760 308 ’Δπόστολος,
775 277 804 302 ὲν
820 277 878 302 Ku-

942 282 958 300 n
973 272 1132 307 iniquitate?
1146 278 1200 300 etc.
1218 282 1226 298 ι
1245 271 1295 305 Qui
1315 272 1465 307 gloriatur,
1490 271 1576 306 inquit
1598 272 1715 306 Aposto-

37 324 109 360 ρίῳ
127 322 306 359 καυχάσθω.
329 332 338 348 ι

942 327 973 346 us
984 319 1017 350 ",
1034 320 1060 345 in
1076 318 1191 345 Domino
1208 318 1350 353 glorietur.
1370 327 1379 343 ι

91 369 166 396 Τοῦ
191 368 300 396 αὐτοῦ.
312 367 368 394 Οὐκ
382 365 458 393 εἶπεν
472 366 525 402 (l9)
539 366 624 401 ὄνομα
641 366 732 402 μέσον,
745 367 876 402 ἐμφαῖνον

966 365 1102 399 Ejusdem.
1117 364 1174 391 Non
1192 364 1259 391 dixit
1272 371 1368 391 nomen
1383 364 1492 399 aliquod
1508 364 1638 397 medium.
1648 365 1718 400 quod

41 414 84 441 τὸ
104 413 241 449 φαῦλον.
266 413 303 440 Οὐ
327 412 381 447 γὰρ
397 409 468 445 εἷπε,
486 421 495 437 ι
518 411 550 438 Τί
575 413 677 447 καυχᾷ;
699 422 707 438 ι
720 412 797 444 ἀλλὰ,
816 422 825 437 ι
845 413 877 439 Τί

939 411 1092 439 iravitatem
1111 410 1241 437 declaret.
1269 408 1328 436 Non
1347 411 1420 437 enim
1445 410 1530 442 dixit,
1548 410 1581 436 Τί
1606 411 1718 445 καυχᾷ;

46 461 221 495 ἐγκαυχᾷ;
242 469 252 486 ι
265 459 392 486 οὐδέποτε
403 458 431 484 δὲ
447 459 476 484 ὲν
485 457 579 493 ἀγαθῷ
588 458 696 492 λέγεται
709 458 739 484 τὸ
752 468 761 483 ι
778 459 878 492 ἐγκαυ-

939 456 1027 488 ιεᾱ,Τί
1040 456 1180 491 ὲγκαυχᾷ;
1195 462 1333 489 nunquam
1357 462 1421 482 vero
1439 456 1468 481 τὸ
1488 456 1674 492 ὲγκαυχᾶσθαι
1692 459 1718 484 in

48 506 190 541 χεῖ-σθαι·
207 515 218 531 ι
233 505 326 532 ἀλλἐἴ
338 513 379 535 τις
394 504 557 539 ἁμαρτάνει,
574 504 750 539 ὲγκαυχᾶται.
761 504 877 531 Δύναται

939 510 1029 530 )onam
1050 507 1154 537 partem
1171 501 1284 531 dicitur,
1302 500 1347 526 scd
1364 500 1386 526 si
1411 501 1474 535 quis
1492 507 1598 535 peccat,
1620 504 1719 537 ἐγκαυ-

49 553 86 579 ὂὲ
103 552 165 579 καὶ
181 551 254 587 πρὸς
269 552 315 578 τὸν
328 550 414 577 Σαοὺλ
428 552 442 577 ὁ
455 551 532 585 λόγος
546 550 683 586 εἰρῆσθαι.

939 549 1020 583 (ἆται.
1037 548 1128 575 Potest
1143 549 1223 576 etiam
1244 549 1294 575 hoc
1312 553 1405 575 contra
1423 548 1486 575 Saul
1499 549 1599 575 dictum
1611 556 1682 576 esse.

103 598 173 625 Τοῦ
191 596 300 624 αὑτοῦ.
313 597 343 623 Ei
367 597 424 623 ἐστι
444 596 556 628 δυνατὸς
571 596 625 632 (20)
641 597 670 622 ὲν
690 595 799 631 ἀνομίᾳ,
820 596 877 623 ἔστι

968 593 1104 627 Ejusdem.
1125 593 1152 620 Si
1171 599 1267 628 potens
1289 599 1331 620 est
1357 594 1383 620 in
1403 594 1558 629 iniquitate,
1580 599 1621 621 est
1636 595 1717 621 etiam

53 644 113 670 καὶ
131 643 275 675 ἀδύνατος
286 643 315 669 ἐν
329 642 439 678 ἀνομίᾳ.
460 643 514 669 Καὶ
528 643 542 668 ὁ
560 642 608 677 μὲν
631 641 743 674 δυνατὸς
765 643 792 668 ὲν
817 643 878 669 ἀνο-

943 645 1064 675 inpotens
1080 640 1105 667 in
1122 640 1277 674 iniquitate.
1293 639 1343 672 Qui
1357 643 1452 673 potens
1465 645 1507 667 cst
1524 640 1550 666 in
1564 640 1717 674 iniquitate,

58 689 119 724 μίᾳ
140 688 282 720 ἀδύνατος
294 689 323 714 ὲν
336 687 493 724 δικαιοσύνῃ
503 696 509 703 ·
524 688 538 714 ὁ
552 687 580 713 δὲ
593 687 723 719 ἀδύνατος
737 689 767 714 ἐν
777 688 877 723 ἀνομίᾳ

55 735 193 766 δυνατὸς
204 736 235 761 ὲν
246 735 414 769 δικαιοσύνῃ.

110 780 179 807 Τοῦ
198 779 305 807 αὐτοῦ.
325 779 427 805 Φαῦλον
451 779 500 814 μὲν
522 779 579 814 (21)
601 779 632 805 τὸ
652 788 662 805 ι
679 778 886 813 ὲγκαυχᾶσθαι,ι

64 826 160 860 μέσον
169 826 202 852 δὲ
211 826 242 852 τὸ
256 835 264 851 ι
278 825 441 860 καυχᾶσθαι.
455 835 464 851 ο
485 826 514 852 '0
527 826 576 861 μὲν
585 826 714 857 ἀδύνατος
725 827 772 852 καὶ
782 826 876 857 ἄτονος

1652 124 1718 151 1433

931 686 1064 720 impotens
1081 690 1123 713 est
1141 685 1301 719 injustitia;
1317 687 1363 721 qui
1376 691 1467 714 autem
1484 687 1616 721 impotens
1634 691 1673 713 est
1690 686 1717 713 in

931 731 1084 765 iniquitate,
1100 736 1196 765 potens
1213 732 1292 759 estin
1308 732 1425 766 justitia.

966 776 1105 811 Ejusdem.
1132 777 1160 804 In
1182 778 1280 804 malam
1307 784 1410 813 partem
1440 779 1551 813 ponitur
1581 779 1719 813 ὲγκαυχί-

931 821 1010 853 σθαι,
1029 822 1111 857 726
1127 823 1311 851 indilTerenter
1328 830 1418 852 autem
1438 824 1539 851 dicitur
1555 824 1718 859 καυχᾶσθαι.

63 872 119 898 καὶ
127 871 229 905 ὀλίγος
244 872 272 897 ὲν
281 872 375 906 κακίᾳ,
384 871 575 904 πλεονάζοντος
587 871 661 906 αὐτῷ
668 871 714 898 τοῦ
727 871 878 907 κρείττονος

939 867 980 900 )ui
999 869 1086 895 nullas
1107 873 1153 895 aut
1173 868 1230 896 fere
1247 870 1335 898 nullas
1352 874 1378 897 et
1400 869 1512 905 exiguas
1532 870 1565 896 ad
1585 869 1718 896 malitiam

64 917 200 952 τρόπου,
232 916 270 948 ὼς
295 916 489 952 ἀσθενέστερος
515 918 544 943 ἐν
576 918 670 953 κακίᾳ,
697 917 880 952 ἐγκαλύψαιτο

66 962 260 997 ἁμαρτάνων,
279 962 326 988 καὶ
347 962 399 988 ὑπὸ
416 962 465 997 τῆς
487 963 665 998 συνειδήσεως
691 963 878 997 κεντούμενος,

71 1008 279 1043 μετανοήσειεν
295 1008 342 1035 ἄν·
358 1009 372 1034 ό
386 1008 414 1034 δὲ
431 1008 541 1040 δυνατὸς
553 1009 581 1035 ἐν
596 1009 681 1044 κακίᾳ
693 1008 824 1043 τυφοῦται
836 1009 879 1035 ἐπ’

70 1054 161 1088 αὐτῇ,
178 1053 229 1079 καὶ
243 1054 420 1088 ὲγκαυχᾶται.
436 1054 474 1086 ὡς
496 1055 542 1081 ἐπὶ
563 1054 671 1089 μεγάλῳ
688 1053 880 1089 κατορθώματι

73 1099 294 1133 σεμνυνόμενος.
310 1099 355 1125 Ἐν
373 1099 445 1134 πάσῃ
469 1099 496 1126 δὲ
518 1100 608 1135 ἡμέρᾳ
627 1099 818 1134 διδασκόμενος
839 1108 880 1131 τις

72 1144 122 1169 τὸν
137 1144 214 1170 Θεῖον
226 1144 315 1178 λόγον,
324 1145 371 1171 ἐὰν
387 1146 542 1182 ἁμαρτάνῃ,
556 1145 602 1171 καὶ
610 1145 744 1179 λογίζεται
756 1145 820 1180 ὃλην
830 1145 880 1180 τὴν

74 1189 203 1224 ἡμέραν.
220 1190 255 1216 Ἦ
269 1191 309 1222 τὸ,
323 1191 439 1226 ἡμέραν,
454 1192 607 1227 φανέρωσιν
626 1192 709 1227 δηλοῖ,
726 1191 743 1227 ἢ
758 1191 819 1218 ὅλον
835 1191 880 1218 τὸν

75 1235 189 1269 χρόνον,
202 1236 264 1262 καθ’
279 1236 307 1262 ὃν
324 1238 431 1272 ἁνομεί.

118 1325 171 1351 "0.1
177 1334 216 1358 m-
230 1325 287 1358 τὴν
298 1325 411 1359 ἡμέραν
421 1325 540 1353 ἀδικίαν
553 1325 712 1360 ἐλογίσατο
722 1326 741 1359 ἡ
755 1325 882 1360 γλῶσσά

79 1378 157 1397 σου·
172 1370 246 1398 ὡσεὶ
263 1371 357 1405 ξυρὸν
369 1372 560 1407 ἠκονημένον
570 1373 719 1405 ἐποίησας
734 1371 837 1402 δόλον,
851 1380 877 1398 κ.

80 1423 107 1441 τ.
122 1415 146 1441 ὲ.
160 1415 199 1441 Τὸ
214 1415 385 1451 λογιζόμενον
406 1415 473 1452 (22),
496 1416 527 1442 τὸ
537 1416 710 1452 ἡγεμονικὸν,
724 1416 771 1442 καὶ
783 1417 799 1450 ἡ
813 1423 880 1451 καρ-

81 1461 137 1492 δία,
149 1461 200 1496 οὐχ
217 1462 233 1497 ἡ
249 1461 360 1496 γλῶσσα
383 1461 431 1488 τοῦ
449 1461 528 1497 Δωὴκ
552 1462 657 1488 ἀδικίαν
678 1461 830 1494 ἐλογίσατο.
844 1461 880 1487 Τὸ

82 1506 123 1539 δὲ,
133 1507 287 1541 ἐλογίσατο,
297 1508 377 1542 ἧτουν
388 1507 497 1539 ἀδίκους
507 1508 664 1543 λογισμοὺς,
673 1508 735 1533 ἐπεὶ
749 1517 758 1532 ι
775 1508 803 1533 ὲν
818 1507 879 1533 στό-

87 1559 153 1585 ματι
169 1552 268 1587 μωρῶν
280 1554 296 1586 ἡ
314 1552 413 1587 καρδία
431 1552 532 1583 αὐτῶν,
551 1561 559 1577 ι
575 1552 619 1578 διὰ
637 1551 715 1578 τοῦτο
734 1553 750 1586 ἡ
770 1552 880 1586 γλῶσσα
894 1543 917 1574 Ο

85 1596 134 1622 τοῦ
147 1597 227 1632 Δωὴκ
239 1597 388 1630 ἐφθέγξατο
397 1606 404 1612 ⁸
416 1597 446 1622 οὐ
458 1596 512 1632 γὰρ
524 1597 592 1632 αὐτὴ
606 1598 623 1632 ἡ
637 1596 807 1632 λογιζομένη,
823 1597 879 1624 ἀλλ’

87 1640 105 1674 ἡ
116 1640 172 1671 τοῖς
185 1640 324 1675 λογισμοῖς
339 1640 591 1676 ὲξυπηρετουμὲνη.

133 1685 302 1720 Ἠτάπησας
318 1687 426 1714 κακίαν
445 1688 521 1722 ὑπὲρ
539 1688 747 1722 ἀναθωσύνην,
765 1696 792 1714 κ.
810 1696 836 1714 τ.
855 1689 877 1714 ὲ.

91 1732 165 1757 Εἰσὶν
179 1732 203 1758 οί
219 1732 340 1767 ὡσπερεὶ
354 1733 409 1767 (25)
421 1733 456 1760 τά
467 1734 575 1760 ἐναντία
589 1733 762 1767 ἀγαπῶντες·
776 1733 815 1769 τῷ
828 1734 880 1769 μή·

93 1786 155 1803 ποτε
173 1777 260 1813 πάντη
271 1778 430 1805 ἀνακεῖσθαι
445 1779 540 1815 ἀρετῇ,
555 1780 623 1815 μήτε
634 1779 683 1816 ὅλῃ
702 1779 786 1815 κακίᾳ
800 1788 880 1815 προσ-

93 1823 162 1857 έχειν
177 1823 278 1849 ἐθέλειν
289 1832 295 1839 ·
308 1824 409 1850 τούτων
425 1825 451 1851 οι
466 1824 515 1860 μὲν
530 1824 688 1860 φαυλότεροι
703 1826 800 1852 κακίαν
816 1825 880 1860 μᾶλ-

93 1868 137 1895 λον
153 1869 295 1903 ἀγαπῶσιν
312 1869 328 1905 ἢ
344 1870 443 1905 ἀρετήν
453 1878 460 1886 ·
478 1871 503 1897 οἱ
514 1870 695 1898 δὲάνάπαλιν.

136 1958 301 1993 Ὴγνάπησας
314 1958 413 1985 πάντα
435 1959 555 1994 ῥήματα
577 1959 829 1993 καταποντισμοῦ,
850 1969 877 1987 κ.
917 1974 920 1978 λ

96 2013 120 2031 τ.
142 2005 165 2031 ὲ.
193 2004 316 2040 Ῥήματα
337 2005 558 2041 καταποντισμοῠ
576 2005 642 2041 (24),
663 2005 811 2033 διαϐάλλων
834 2006 878 2032 τὸν

99 2049 183 2080 Acci/3,
197 2049 338 2084 ὴγάπησεν
351 2050 366 2076 ὁ
378 2051 470 2085 Δωήκ.

132 2096 178 2135 Διᾴ
192 2096 276 2123 τοῦτο
289 2098 305 2122 ὀ
321 2097 391 2129 Θεὸς
406 2096 525 2125 καθέλοι
538 2105 575 2125 σε
593 2099 636 2130 εἰς
655 2098 750 2131 τέλος.
765 2098 880 2126 ἐκτίλαι

101 2148 135 2167 σε
148 2140 192 2166 καί
211 2142 449 2175 μπαναστεύσαι
469 2151 506 2169 σε
523 2143 582 2170 ἀπὸ
603 2143 809 2177 σκηνώματος,
830 2145 878 2171 καὶ

102 2186 133 2212 τὸ
144 2186 248 2220 ῥίζωμὰ
270 2194 329 2214 σου
344 2188 378 2213 ἐκ
395 2188 450 2222 γῆς
463 2188 586 2221 ζώντων,
603 2198 630 2216 κ.
646 2198 671 2216 τ.
686 2190 710 2216 ὲ.
734 2190 763 2216 Ὀ
783 2191 879 2217 καθαι-

106 2232 153 2267 ρῶν
175 2233 227 2266 (25)
244 2233 279 2259 τὰ
303 2221 426 2269 μοχθηρὰ
444 2236 646 2271 οἰκοδομήματα
665 2236 732 2267 Θεὸς
753 2237 880 2273 καθαιρεί
893 2221 919 2250 υ

104 2278 145 2304 τὸν
163 2278 245 2313 Δωὴκ,
270 2279 328 2313 ἦτοι
345 2279 384 2314 τῷ
407 2279 473 2314 μηδὲ
488 2280 533 2306 τὸν
541 2282 628 2315 τοῖχον
652 2281 701 2316 τῆς
726 2282 879 2318 οἰκοδομίας

106 2322 178 2350 αὺτοῦ
195 2324 351 2351 καταλιπεῖν
367 2325 397 2351 τὸ
414 2326 468 2352 πᾶν
486 2326 532 2352 καὶ
550 2326 580 2358 ἐξ
597 2326 665 2353 ὅλων
681 2328 879 2363 οἰκοδομεῖσθαι

107 2369 217 2404 κακῶςῆ
241 2370 303 2396 ἐπεὶ
326 2372 350 2396 οἱ
370 2371 475 2406 χείριῖυς
497 2372 645 2399 τελευταῖοι
666 2374 878 2410 οἰκοδομοῦνται,

109 2415 220 2446 κάκιστος
236 2415 264 2441 δέ
278 2416 350 2442 ἐστιν
362 2416 376 2441 ὁ
387 2416 475 2452 Δωὴκ,
491 2417 573 2451 ἐγγὺς
585 2417 630 2443 τοῦ
649 2418 694 2444 τὸν
708 2418 820 2454 ἔσχατον
834 2421 880 2455 ἑχ-

110 2460 164 2495 θρὸν
175 2461 365 2495 καταργεῖσθαι
382 2462 426 2488 τὸν
446 2462 569 2495 θάνατον,
586 2463 631 2489 ἐπὶ
647 2463 685 2498 τῷ
701 2464 772 2490 τέλει
786 2465 881 2493 καθαι-

111 2505 246 2540 ρεθήσεται.
268 2506 299 2532 El
318 2506 347 2532 δὲ
363 2506 393 2533 τὸ
409 2507 516 2542 ρίζωμα
534 2508 683 2543 Ίδουμαίου
694 2509 773 2544 Δωὴκ
792 2511 880 2538 ἐκτίλ-

110 2550 174 2578 λεται
184 2551 213 2578 ὲκ
223 2552 273 2588 γῆς
285 2552 403 2584 ζώντων,
415 2555 471 2580 ἐκεῖ
487 2554 646 2588 πεψύτευτο.

143 2596 246 2625 "lCor.
265 2606 285 2630 ι,
302 2599 347 2626 51.
385 2599 406 2614 ³⁸
419 2599 501 2626 Eccli.
522 2608 579 2633 xxI,
593 2600 637 2627 29.

131 2644 189 2685 ’(18)
206 2645 234 2671 Ὁ
254 2646 456 2681 καυχώμενος,
481 2652 535 2674 etc.
559 2647 650 2675 Codex
665 2648 770 2682 primus
784 2647 880 2675 Coisli-

115 2687 202 2707 manus.

143 2715 190 2749 (l9)
205 2716 263 2742 Οὐκ
278 2714 372 2748 εἶπεν,
389 2721 441 2744 elc.
457 2717 558 2744 Catena
571 2717 703 2744 Corderii.

144 2750 190 2790 (ἳο)
209 2752 240 2777 Et
262 2751 327 2777 ἐστι
346 2751 485 2786 δυνατός,
511 2757 565 2779 etc.
586 2752 677 2779 Codex
699 2752 880 2780 Coisliniunus

116 2793 210 2819 primus.

144 2820 190 2856 (21)
203 2822 319 2849 amator
330 2822 398 2856 μέν,
416 2826 468 2849 etc.
481 2822 664 2850 Coislinianus
679 2823 824 2851 sccttndus.

931 913 1004 940 vires
1020 913 1101 941 habet
1119 914 1155 942 ob
1173 915 1308 942 bonorum
1325 922 1430 942 morum
1444 915 1641 950 praestantiam,
1662 919 1720 941 tun-

931 967 1009 994 qnam
1033 960 1059 987 in
1081 960 1183 987 malitia
1207 961 1385 992 imbecillior,
1404 962 1425 988 si
1444 967 1548 996 peccat,
1577 962 1719 988 abscondit

932 1014 971 1038 se,
986 1012 1013 1033 et
1026 1007 1143 1034 stimulis
1156 1007 1331 1034 conscientiae
1345 1008 1476 1042 agitatus,
1504 1008 1652 1042 resipiscet.
1668 1008 1718 1040 Qui

931 1058 1020 1079 autem
1032 1058 1127 1087 potens
1144 1058 1186 1081 est
1209 1053 1235 1080 in
1251 1053 1364 1085 malitia,
1389 1054 1414 1080 in
1441 1054 1498 1088 ipsa
1524 1054 1677 1081 obcaecatur
1694 1057 1720 1080 et

931 1099 1072 1134 gloriatur,
1089 1107 1121 1126 ac
1141 1099 1217 1134 quasi
1236 1100 1269 1126 de
1293 1099 1424 1133 pneclaro
1446 1100 1569 1126 facinore
1592 1107 1653 1127 sese
1672 1107 1720 1126 cx-

932 1145 1011 1172 tollit.
1029 1145 1079 1178 Qui
1098 1152 1162 1172 vero
1178 1149 1233 1172 tota
1253 1145 1297 1172 die
1318 1145 1399 1172 discit
1419 1146 1531 1173 verbum
1550 1146 1608 1177 Del,
1631 1145 1672 1177 is,
1697 1146 1719 1172 si

932 1195 1036 1225 peccat,
1048 1191 1129 1217 etiam
1146 1191 1247 1226 cogitat
1258 1196 1312 1218 tota
1327 1191 1380 1218 die.
1398 1191 1453 1219 lloc
1469 1191 1528 1218 loco
1542 1191 1594 1218 diei
1612 1191 1720 1218 nomine

932 1235 973 1262 vel
988 1236 1171 1263 manilestatio
1184 1236 1365 1271 significatur,
1383 1237 1425 1264 vel
1444 1243 1523 1263 omne
1542 1241 1658 1269 tempus,
1673 1244 1720 1269 per

930 1281 1004 1316 quod
1025 1287 1130 1315 peccat.

970 1327 1051 1355 Vens.
1066 1328 1092 1355 4.
1110 1327 1175 1355 Tota
1185 1328 1228 1355 die
1241 1328 1401 1363 injustitiam
1411 1329 1533 1363 cogitavit
1543 1328 1634 1362 lingua
1647 1333 1691 1354 tua
1710 1334 1718 1353 :

931 1373 998 1399 sicut
1014 1374 1141 1400 novacula
1160 1378 1238 1400 acuta
1256 1373 1342 1407 fecisti
1354 1373 1455 1405 dolum,
1472 1378 1523 1400 etc.
1540 1373 1720 1400 ﬂationabilis

930 1423 958 1446 et
973 1419 1108 1453 praecipua
1122 1419 1222 1446 mentis
1238 1426 1318 1453 pars,
1337 1422 1363 1446 et
1378 1426 1436 1449 cor,
1465 1426 1518 1445 non
1539 1418 1629 1453 lingua
1648 1418 1720 1452 Doeg

931 1463 1090 1498 injustitiam
1103 1464 1241 1500 cogitavit.
1256 1464 1332 1497 Quod
1345 1470 1435 1491 autem
1452 1463 1562 1496 dicitur.
1578 1464 1719 1499 cogitarit,

932 1509 982 1536 hoc
1004 1514 1057 1541 est,
1077 1509 1206 1543 quoniam
1230 1517 1240 1533 ι
1264 1509 1291 1535 ἱιι
1315 1516 1363 1536 ore
1381 1509 1528 1536 stultorum
1554 1517 1602 1536 cor
1624 1516 1719 1536 eorum

932 1559 973 1580 est
986 1554 1019 1584 ³⁸,
1037 1563 1047 1580 ι
1063 1560 1203 1588 propterea
1221 1555 1311 1591 lingua
1330 1556 1403 1591 Doeg
1417 1555 1525 1588 iniquas
1541 1555 1720 1589 cogitationes

932 1599 1037 1626 elocuta
1052 1605 1104 1627 est.
1121 1600 1178 1629 Non
1191 1602 1263 1628 enim
1279 1602 1336 1634 ipsa
1352 1601 1502 1636 cogitabat,
1517 1601 1564 1628 sed
1575 1600 1719 1635 cogitatio-

934 1646 1013 1673 nibus
1026 1646 1210 1681 cxprlmcndis
1222 1647 1398 1675 inscrvicbat.

969 1692 1050 1719 Vens.
1070 1692 1097 1720 5.
1120 1692 1242 1719 Dilexlsti
1264 1692 1395 1719 malitiam
1415 1700 1492 1726 super
1518 1692 1718 1727 benignitatem,

932 1742 985 1765 etc.
1003 1736 1072 1764 Sunt
1086 1738 1341 1772 quiquodammodo
1351 1738 1489 1765 contraria
1502 1738 1634 1772 diligunt;
1647 1738 1719 1773 quod

934 1792 1020 1818 neque
1053 1785 1164 1811 omnino
1190 1784 1283 1811 virtuti
1308 1784 1474 1815 adhaereant,
1498 1792 1586 1818 nequc
1613 1784 1721 1819 penitus

934 1829 1041 1856 malitia:
1049 1836 1077 1856 se
1083 1828 1208 1856 addicere
1214 1829 1310 1856 velint:
1319 1837 1433 1863 quorum
1442 1828 1549 1862 quidem
1558 1828 1717 1858 deteriores,

934 1874 1066 1900 malitiam
1093 1874 1178 1909 magis
1197 1881 1278 1907 quam
1304 1875 1432 1901 virtutem
1449 1878 1559 1906 amant;
1585 1873 1630 1900 alii
1655 1880 1719 1900 vero

933 1921 1096 1947 econtrerio.

971 1966 1048 1993 Vens.
1061 1965 1088 1992 6.
1108 1965 1227 1992 Dilexisti
1241 1966 1327 1991 omnia
1341 1966 1417 1992 verba
1428 1965 1653 1999 prazcipimtionis,
1665 1968 1719 1991 etc.

934 2011 1021 2038 Verba
1030 2012 1252 2046 praecipitationis
1265 2012 1357 2039 dilexit
1371 2012 1453 2047 Doeg,
1466 2011 1576 2046 quando
1591 2010 1719 2037 Davidem

934 2057 1064 2085 traduxit.

970 2104 1052 2131 Vens.
1073 2104 1099 2130 7.
1120 2103 1263 2138 Propterea
1284 2103 1354 2130 Deus
1376 2104 1493 2130 destruat
1523 2106 1547 2128 te
1570 2102 1596 2127 in
1622 2101 1718 2135 ﬁnem,

933 2150 1025 2176 evellet
1041 2155 1076 2182 te,
1092 2154 1115 2176 el
1135 2150 1242 2184 emigret
1262 2154 1285 2175 te
1305 2149 1337 2175 de
1359 2148 1540 2178 tabernaculo,
1563 2152 1585 2173 et
1605 2146 1719 2172 radicem

933 2200 1005 2221 tuam
1018 2195 1049 2221 de
1061 2199 1131 2221 terra
1147 2195 1299 2226 viventium,
1314 2199 1369 2221 etc.
1389 2193 1439 2226 Qui
1460 2192 1582 2227 improba
1603 2191 1719 2218 zediﬁciu

933 2242 1047 2268 destruit
1062 2241 1143 2273 Deus,
1161 2242 1276 2269 destruit
1288 2241 1370 2275 Doug,
1382 2240 1421 2267 vel
1436 2247 1497 2266 cum
1511 2245 1619 2265 nmrum
1635 2237 1721 2265 aedili-

933 2287 967 2313 cii
976 2287 1035 2320 cius
1044 2294 1151 2314 omnem
1161 2291 1229 2314 etex
1239 2286 1345 2321 integro
1354 2294 1406 2313 non
1417 2285 1481 2312 sinit
1492 2282 1620 2311 mdilicari
1632 2282 1720 2313 male;

933 2333 974 2360 vel
990 2334 1118 2368 quoniam
1134 2333 1250 2367 improbi
1269 2328 1721 2362 ultimiaediﬁcantur,improbissi-

935 2386 994 2405 mus
1009 2382 1098 2404 autem
1112 2381 1153 2404 est
1172 2377 1254 2412 Docg,
1274 2377 1343 2404 haud
1357 2382 1436 2402 secus
1453 2381 1483 2400 ac
1498 2373 1609 2400 ultimus
1633 2371 1720 2397 inimi-

936 2431 983 2451 cus
1014 2424 1170 2451 destruetur
1191 2431 1275 2457 Inois;
1301 2423 1326 2448 in
1349 2421 1401 2447 [ine
1424 2420 1588 2446 destruetur.
1610 2416 1640 2444 Si
1658 2423 1721 2443 vero

936 2468 1011 2494 radix
1029 2468 1135 2495 Idumaei
1152 2467 1223 2502 Doeg
1234 2466 1357 2494 evellitur
1373 2466 1405 2491 de
1423 2469 1493 2491 terra
1512 2461 1669 2493 viventium,
1686 2460 1720 2487 ibi

934 2513 1052 2546 plantata
1064 2517 1132 2540 erat.

968 2647 1023 2682 (Ξῖ)
1038 2646 1073 2674 Τὸ
1091 2646 1293 2680 λογιζόμενον,
1309 2649 1362 2672 etc.
1379 2645 1459 2672 Ideni.

968 2692 1024 2727 (25)
1037 2692 1126 2719 Εἰσὶν
1140 2692 1167 2718 et
1181 2690 1292 2723 ὥσπερ,
1305 2695 1359 2717 ctt'.
1377 2690 1482 2717 Catena
1498 2689 1633 2717 Cordcrii.

969 2740 1025 2773 (2M)
1034 2739 1163 2773 Ῥήματα
1177 2736 1431 2772 καταποντισμοῦ,
1439 2742 1491 2764 etc.
1501 2736 1600 2763 Eadem
1608 2736 1717 2763 Catena.

969 2786 1024 2848 (iis)
1048 2786 1074 2811 't)
1099 2784 1257 2819 καθαιρῶν,
1284 2789 1338 2812 etc.
1369 2784 1459 2812 Codex
1483 2782 1666 2811 Coislinianus
1679 2790 1708 2809 se

971 2831 997 2848 ιιι
1008 2830 1048 2848 us.

933 2830 1048 2850 cunnus.
