4120 6212
502 287 636 338 1559
1873 279 1961 333 EX
2001 280 2086 335 ΟΒ

2186 280 2301 333 SNE
3610 273 3792 329 ιεσο

577 403 738 457 Vens.
773 402 823 457 9.
858 400 988 454 Ecce
1013 402 1167 453 homo
1198 401 1287 468 qui
1317 416 1418 455 non
1449 402 1619 470 posuit
1652 401 1814 456 Deum
1850 402 2065 470 adjuto-

2250 400 2393 455 Ἰδοὺ
2418 399 2748 467 ἅνθρωπος,
2778 398 2845 464 ὃς
2872 397 2981 451 οὐκ
3021 397 3186 451 ἔθετο
3216 395 3322 449 τὸν
3345 396 3492 451 Θεὸν
3519 396 3787 465 ,βοηθὸν

503 511 608 549 rem
637 510 817 558 suum,
866 493 955 546 sed
999 494 1227 558 speravit
1267 493 1321 546 in
1370 492 1708 546 multitudine
1761 492 2071 547 divitiarum

2186 493 2376 557 κὺτοῦ,
2407 494 2542 547 ἀλλ’
2565 492 2907 557 ἐπήλπισεν
2927 490 3025 543 ἐπὶ
3052 490 3119 543 τὸ
3160 488 3393 556 πλῆθος
3428 490 3537 543 τοῦ
3564 493 3785 545 πλού-

468 631 481 637 -
503 601 743 649 suarum,
779 594 885 639 etc.
914 583 1078 639 Forte
1098 584 1248 638 dives
1284 584 1456 639 factus
1476 593 1645 639 estex
1677 584 1839 640 mulis
1869 584 2071 655 spuriis

2186 602 2276 638 ζου
2307 582 2513 647 αὐτοῦ,
2538 601 2593 636 κ.
2631 600 2681 635 τ.
2726 584 2775 636 ὲ.
2814 582 3039 651 Μήποτε
3068 580 3176 635 ἀπὸ
3212 580 3321 651 (26)
3347 580 3455 633 τῶν
3491 582 3785 651 ἡμιόνων,

504 677 847 742 animalibus,
868 676 1063 746 quibus
1100 675 1272 746 ipsum
1301 674 1627 745 praefecerat
1652 674 1803 731 Saul.

2186 673 2322 726 «ilico
2358 671 2517 737 ζώου,
2563 671 2835 738 ἐπλούτει,
2872 671 2958 738 ἐφ’
3003 665 3076 725 ὧν
3114 666 3181 741 ἦν
3221 670 3326 723 ὑπὸ
3373 670 3545 724 Σαοὺλ
3584 688 3777 724 natat-

2173 764 2321 828 στάς.

2255 853 2401 923 Ἐγὼ
2424 852 2492 906 δὲ
2518 854 2657 907 ὡσεὶ
2681 854 2855 908 ἐλαία
2875 854 3257 921 κατάκαρπος
3280 853 3350 905 ἐν
3368 851 3447 917 τῷ
3474 854 3615 921 οἴκῳ
3642 854 3777 908 τοῦ

2175 945 2343 1006 Θεοῦ,
2380 962 2433 998 κ.
2478 962 2530 999 τ.
2562 947 2608 998 ἐ.
2658 964 2676 996 ι
2714 946 2770 998 Ὁ
2798 946 3008 1018 καρπὸς
3036 945 3146 1015 (27)
3169 943 3260 997 τοῦ
3290 944 3598 1014 πνεύματός
3633 948 3774 999 ἐστι

2173 1036 2334 1108 χαρὰ,
2360 1039 2569 1108 εἰρήνη,
2599 1038 2807 1107 ἀγάπη,
2847 1037 3216 1108 μακροθυμία,
3254 1056 3272 1087 ι
3304 1054 3357 1090 κ.
3384 1054 3434 1090 τ.
3470 1038 3516 1090 ἐ.
3551 1037 3775 1090 Τοῦτον

2172 1129 2349 1181 τοίνυν
2398 1128 2489 1181 τὸν
2533 1129 2742 1199 καρπὸν
2770 1129 2905 1199 ἔχων
2958 1129 3015 1181 ἐν
3048 1127 3226 1197 ἐαυτῷ
3258 1130 3286 1180 6
3326 1126 3479 1195 ἅγιος
3530 1128 3729 1197 ἔλεγεν
3753 1146 3770 1159 ο

2178 1237 2197 1269 ι
2233 1218 2373 1288 Ἐγὼ
2401 1220 2457 1273 δὲ
2484 1220 2614 1272 ὡσεὶ
2635 1220 2788 1272 ἐλαία
2812 1219 3185 1288 κατάκαρπος.
3226 1238 3244 1269 ι
3284 1218 3471 1287 Ἐλαίᾳ
3502 1218 3557 1270 δὲ
3585 1235 3773 1272 κατα-

571 852 736 908 V’ens.
789 852 876 905 10.
919 851 1027 919 Ego
1084 862 1259 906 autent
1316 852 1452 905 sicut
1505 850 1642 905 oliva
1695 850 1978 918 fructifera
2017 853 2073 905 in

501 944 655 997 domo
677 943 796 1010 Dei,
826 952 930 999 etc.
967 963 985 995 ι
1011 943 1245 997 Fructus
1269 943 1491 1011 spiritus
1519 952 1602 996 est
1633 943 1913 1011 gaudium,
1945 958 2071 1012 pax,

501 1036 763 1101 charilas,
816 1037 1077 1106 patientia
1108 1037 1172 1099 3’,
1213 1054 1232 1086 ι
1268 1045 1373 1089 etc.
1435 1032 1592 1089 Hunc
1634 1034 1796 1103 igitur
1835 1034 2069 1089 fructum

503 1143 622 1181 cum
658 1129 711 1183 in
739 1144 796 1183 se
828 1129 1052 1183 haberet
1090 1135 1315 1181 sanctus
1338 1166 1353 1190 ,
1392 1127 1650 1181 dicebat:
1687 1145 1705 1178 ι
1749 1127 1861 1195 Ego
1891 1137 2071 1181 autem

504 1224 645 1276 sicut
696 1223 839 1276 oliva
886 1220 1195 1277 fructifera.
1238 1242 1256 1273 ι
1313 1222 1480 1277 Oliva:
1540 1232 1723 1277 autem
1780 1222 2076 1277 fructiferae

505 1322 787 1380 comparat
835 1316 1107 1383 seipsum,
1161 1314 1418 1382 quoniam
1480 1314 1800 1368 dominante
1850 1313 1904 1368 in
1958 1314 2073 1382 ipso

504 1404 873 1473 cleemosyna,
913 1403 1134 1472 reliqua:
1169 1404 1535 1473 sequebantur
1566 1404 1815 1459 virtutes.
1854 1403 1945 1460 Sic
1972 1404 2074 1460 Job

504 1497 697 1550 fortem
730 1496 983 1560 dicimus,
1011 1505 1065 1550 et
1088 1494 1287 1566 Joseph
1315 1497 1474 1566 727
1494 1497 1880 1563 continentem,
1912 1506 1967 1552 et
1990 1511 2067 1553 re-

506 1587 680 1655 liquos
702 1602 730 1640 a
772 1586 1084 1641 dominante
1119 1588 1315 1641 virtute
1343 1587 1702 1641 nominamus.

577 1761 741 1814 Vens.
812 1762 898 1815 Η.
970 1759 1292 1827 Exspectabo
1351 1779 1534 1816 nomen
1588 1775 1767 1830 tuum,
1819 1767 2071 1834 quoniam
2105 1750 2146 1808 Β

508 1855 699 1905 bonum
749 1860 825 1906 est
877 1853 934 1906 in
984 1864 1262 1919 conspectu
1316 1863 1623 1907 sanctorum
1678 1863 1910 1920 tuorum,
1961 1862 2067 1908 etc.

507 1942 969 2011 Quemadmodum
1010 1943 1153 2013 quod
1186 1952 1375 1996 natura
1417 1944 1618 1998 bonum
1648 1954 1752 2009 est,
1787 1945 1946 2015 quale
1970 1955 2074 2008 est,

512 2037 615 2093 tale
641 2052 774 2092 sano
802 2037 981 2106 gustui
1012 2037 1245 2098 videtur,
1295 2038 1373 2092 sic
1421 2046 1478 2091 et
1508 2052 1701 2093 nomen
1731 2037 1823 2092 Dei
1853 2039 2075 2094 sanctis.

1064 2217 1382 2274 I’SALMUS
1425 2218 1529 2275 LII.

584 2312 747 2365 Vens.
787 2313 836 2365 l.
872 2311 1016 2364 Dixit
1035 2311 1284 2376 insipiens
1309 2312 1361 2365 in
1393 2312 1547 2366 corde
1583 2328 1701 2379 suo,
1733 2322 1838 2368 etc.
1867 2313 2084 2384 Cogitat

511 2405 727 2472 quidem
753 2404 1035 2473 insipiens,
1076 2417 1182 2457 non
1211 2416 1331 2457 esse
1360 2404 1552 2467 Deum,
1585 2403 1747 2473 idque
1782 2405 1985 2461 idcirco
2030 2407 2080 2461 in

513 2496 678 2551 corde
715 2494 891 2560 dixit;
942 2509 1046 2549 non
1094 2494 1382 2563 proﬁtetur
1440 2504 1618 2550 autem
1674 2511 1793 2561 ore,
1861 2508 2084 2569 propter

513 2590 787 2644 hominum
856 2589 1125 2643 timorem.
1192 2588 1286 2642 Vel
1343 2588 1568 2657 populus
1635 2590 1940 2659 insipiens,
1991 2592 2081 2659 qui

512 2679 787 2735 Christum
824 2689 982 2748 negat
1007 2692 1126 2734 esse
1149 2678 1343 2742 Deum,
1370 2678 1526 2747 juxta
1571 2680 1809 2748 priorem
1843 2682 1911 2736 de
1946 2682 2082 2737 insi-

513 2772 696 2842 piente
728 2770 820 2825 illo
851 2769 1275 2839 expositionem,
1309 2786 1414 2824 non
1441 2784 1561 2835 ore,
1593 2770 1689 2825 sed
1717 2771 1880 2827 corde
1914 2770 2085 2828 fertur

512 2862 717 2926 dicere,
757 2876 861 2916 non
897 2874 1016 2914 esse
1044 2858 1233 2913 Deum.

2174 1311 2370 1383 κάρπῳ
2395 1314 2570 1382 ὁμοιοῖ
2588 1312 2797 1376 ἐαυτὸν,
2830 1311 3015 1382 ἐπειδὴ
3038 1311 3403 1382 ἐλεημοσύνης
3428 1312 3771 1384 ἐπικρατού-

2175 1420 2275 1474 σης
2318 1404 2377 1455 ὲν
2416 1402 2585 1473 αύτῷ,
2627 1401 2931 1466 ἀκολούθως
2971 1403 3184 1456 εἵποντο
3224 1405 3280 1456 αἱ
3314 1402 3497 1456 λοιπαὶ
3535 1405 3762 1475 ἀρεταί.

2174 1494 2329 1547 Οὕτω
2349 1494 2439 1547 τὸν
2478 1493 2595 1547 ’1ὼό
2619 1494 2860 1564 ἀνδρεῖόν
2902 1511 3102 1565 φαμεν,
3142 1494 3235 1546 καὶ
3270 1493 3361 1546 τὸν
3412 1494 3606 1566 Ἰωσὴφ
3638 1495 3765 1548 σώ-

2176 1601 2366 1654 φρονα,
2399 1585 2491 1637 καὶ
2518 1586 2643 1647 τοὺς
2668 1583 2886 1647 λοιποὺς
2925 1584 3031 1637 ἀπὸ
3057 1584 3155 1655 τῆς
3190 1584 3590 1655 ἐπικρατούσης
3618 1587 3768 1657 ἀρε-

2176 1676 2273 1745 τῆς
2297 1676 2653 1746 ὀνομάζοντες
2692 1674 2907 1738 αύτούς.

2260 1767 2565 1837 ’Υπομενῶ
2590 1769 2652 1821 τὸ
2681 1767 2867 1836 ὄνομά
2888 1784 3003 1822 σου
3019 1807 3034 1832 ,
3069 1768 3158 1821 ὅτι
3179 1770 3453 1836 χρηστὸν
3472 1769 3769 1824 ἐναντίον

2180 1857 2297 1911 τῶν
2308 1859 2493 1912 ὁσίων
2507 1873 2622 1912 σου
2640 1897 2655 1921 ,
2682 1877 2733 1912 κ.
2754 1877 2805 1913 τ.
2825 1861 2869 1912 ἑ.
2894 1860 3101 1931 ’Ὠσπερ
3120 1860 3181 1913 τὸ
3197 1861 3354 1929 φύσει
3372 1860 3483 1931 (28)
3497 1862 3765 1932 χρηστὸν,

2183 1950 2364 2002 ὁποῖόν
2394 1951 2538 2015 ἐστι,
2571 1950 2809 2004 τοιοῦτον
2842 1951 2934 2003 ἐπὶ
2966 1953 3032 2021 τῇ
3063 1951 3380 2023 ὑγιαινούσῃ
3426 1951 3584 2020 φύσει
3627 1952 3769 2021 φαί-

2186 2058 2335 2095 νεται
2356 2083 2370 2108 ,
2393 2042 2532 2095 οὕτω
2551 2042 2643 2095 καὶ
2674 2042 2734 2096 τὸ
2754 2042 2921 2113 δνομα
2947 2042 3041 2097 τοῦ
3070 2043 3204 2098 Θεοῦ
3238 2047 3347 2108 τοῖς
3370 2045 3556 2110 ὁσίοις.

2744 2226 3037 2279 ΨΑΛΜΟΣ
3062 2225 3188 2277 NB’.

2254 2315 2438 2372 Εἶπεν
2468 2317 2671 2387 ἄφρων
2702 2317 2773 2371 ἐν
2803 2316 3014 2385 καρδίᾳ
3044 2315 3231 2369 αὑτοῦ
3252 2354 3266 2379 ,
3298 2333 3353 2369 κ.
3383 2332 3435 2368 τ.
3479 2315 3526 2368 ὲ.
3567 2316 3765 2386 Φρονεῖ

2187 2412 2284 2481 μὲν
2319 2410 2430 2479 (⁸29)
2458 2412 2486 2462 6
2514 2410 2700 2479 ἄφρων
2723 2448 2737 2473 ,
2758 2409 2840 2462 ὅτι
2880 2409 2979 2460 ούκ
3008 2407 3123 2460 ἔστι
3152 2407 3283 2470 Θεὸς
3308 2445 3322 2469 ,
3367 2406 3455 2459 διὰ
3496 2405 3656 2459 τοῦτο
3696 2408 3761 2461 ὲν

2184 2503 2380 2575 καρδίᾳ
2403 2499 2582 2556 εἶπεν
2622 2503 2719 2571 οὐχ
2763 2500 3019 2571 ὁμολογεῖ
3061 2500 3117 2552 δὲ
3155 2499 3233 2569 τῷ
3279 2498 3505 2567 στόματι
3534 2497 3623 2550 διὰ
3664 2498 3761 2550 τὸν

2181 2601 2289 2654 τῶν
2320 2598 2617 2671 ἀνθρώπιον
2648 2595 2829 2667 φόϐον.
2862 2597 2934 2648 Ἢ
2958 2594 3144 2665 ἄφρων
3175 2594 3203 2645 6
3230 2593 3376 2656 λαὸς,
3414 2593 3473 2656 ὃς
3514 2594 3758 2662 ἀρνεῖται

2182 2691 2415 2762 Χριστὸν
2446 2686 2585 2744 εἶναι
2614 2688 2777 2751 Θεὸν,
2822 2688 2897 2751 ὡς
2932 2686 3067 2758 πρὸς
3100 2683 3195 2755 τὴν
3231 2683 3503 2754 προτέραν
3532 2683 3756 2752 ἐκδοχὴν

2184 2782 2311 2853 περὶ
2337 2782 2593 2851 ἄφρονος,
2632 2780 2693 2832 ού
2744 2778 3007 2848 στόματι,
3051 2774 3186 2829 ἀλλὰ
3241 2773 3438 2846 καρδίᾳ
3476 2770 3754 2842 λέγεσθαι,

2192 2871 2267 2942 μὴ
2288 2866 2425 2923 εἶναι
2449 2867 2581 2922 Θεὸν
2600 2908 2615 2932 ,
2644 2868 2884 2939 φέρεται.

593 2954 752 3008 Vens.
790 2954 846 3007 2.
890 2951 1010 3005 Non
1048 2960 1123 3005 est
1157 2952 1247 3020 qui
1279 2951 1441 3020 faciat
1474 2954 1697 3016 bonum,
1748 2961 1857 3008 etc.
1905 2952 2080 3009 Etiam

2250 2962 2371 3015 Οὐκ
2399 2960 2531 3014 ἔστι
2560 2957 2746 3012 ποιῶν
2791 2955 3044 3026 ἀγαθὸν,
3073 2973 3128 3011 κ.
3158 2972 3209 3011 τ.
3253 2956 3300 3009 ἐ.
3348 2955 3459 3007 Καὶ
3500 2955 3529 3007 6
3566 2951 3759 3022 Σωτὴρ

517 3045 766 3100 Salvator
798 3044 1065 3099 dicentem
1097 3059 1109 3095 :
1151 3061 1170 3094 ι
1195 3042 1334 3109 Quid
1368 3041 1615 3098 faciendo
1638 3043 1802 3098 vitam
1830 3053 2086 3100 asternam

517 3136 886 3207 possideba?»
943 3133 1197 3188 erudiens
1256 3132 1592 3199 aituQuid
1658 3149 1743 3189 me
1801 3136 1935 3190 dicis
1988 3137 2087 3192 bo-

516 3246 644 3286 num
678 3230 763 3283 δοῖ)
787 3249 805 3281 ι
840 3228 1059 3283 Sciebat
1085 3228 1229 3283 enim
1259 3243 1362 3283 non
1398 3242 1518 3284 esse
1548 3229 1638 3298 qui
1666 3228 1829 3284 faciat
1866 3231 2087 3286 bonum.

522 3319 774 3376 Fortasse
799 3334 927 3373 vero
970 3319 1096 3387 quia
1144 3318 1230 3373 lex
1268 3318 1515 3373 umbram
1575 3318 1738 3373 habet
1786 3318 2088 3375 futurorum

519 3413 783 3467 bonorum
817 3411 884 3477 “,
922 3425 1024 3464 non
1062 3417 1145 3464 est
1184 3410 1238 3463 in
1283 3410 1386 3464 hac
1417 3410 1527 3462 vita
1558 3411 1647 3477 qui
1674 3408 1841 3464 faciat
1870 3409 2088 3478 bonum,

522 3505 618 3559 sed
660 3512 869 3557 tantum
910 3502 1160 3557 umbram
1212 3502 1362 3557 boni.
1428 3502 1493 3555 Et
1556 3504 1813 3571 quianon
1876 3513 1961 3558 est
2000 3504 2089 3573 qui

522 3596 689 3650 faciat
734 3595 959 3660 bonum,
1005 3594 1317 3662 increpatur
1362 3595 1408 3649 is
1450 3595 1539 3662 qui
1580 3594 1759 3649 dixit:
1797 3594 1976 3660 «Quid
2006 3610 2094 3652 me

523 3685 659 3740 dicis
683 3683 924 3739 bonum?
953 3702 969 3735 ι
1236 3718 1237 3721 η
2063 3739 2066 3741 Α

594 3776 762 3831 Vens.
802 3775 923 3836 5.6.
969 3777 1071 3844 Qui
1115 3779 1365 3832 devorant
1404 3776 1600 3845 plebem
1631 3793 1799 3831 meum
1838 3786 1895 3830 ut
1919 3777 2092 3832 cibum

522 3871 697 3937 panis,
731 3869 895 3924 Deum
924 3886 1027 3925 non
1052 3871 1439 3930 invocaverunt,
1476 3876 1583 3923 etc.
1628 3867 1683 3923 Si
1713 3869 1836 3937 quis
1871 3869 2095 3923 devorat

525 3963 758 4035 aliquem
784 3979 851 4020 ex
876 3964 943 4019 iis
962 3965 1055 4034 qui
1088 3963 1184 4018 Dei
1213 3972 1373 4028 sunt,
1421 3963 1467 4018 is
1504 3962 1632 4018 licet
1675 3962 1818 4017 dicat
1864 3960 2031 4016 Deum
2063 3976 2095 4014 a

525 4070 584 4111 se
613 4057 875 4122 invocari,
908 4057 1083 4126 ipsum
1109 4070 1215 4110 non
1265 4055 1518 4109 invocare
1546 4054 1811 4124 arguitur.
1857 4070 1876 4105 ι
1908 4051 2095 4109 Omnis

524 4147 667 4202 enim
693 4147 784 4217 qui
807 4145 1143 4202 invocaverit
1171 4159 1362 4199 nomen
1389 4143 1627 4209 Domini,
1654 4140 1833 4197 salvus
1862 4142 1966 4197 erit
1990 4141 2089 4196 ⁸³.»

2190 3052 2300 3123 (30)
2333 3051 2425 3104 τδν
2458 3050 2700 3115 εἰπόντα,
2740 3069 2758 3101 ι
2796 3050 2861 3102 Τί
2888 3049 3123 3119 ποιήσας
3145 3045 3287 3117 ζωὴν
3321 3045 3531 3099 αἰώνιον
3564 3043 3762 3114 κληρο-

2189 3146 2444 3215 νομήσω;
2477 3162 2495 3195 ι
2534 3140 2797 3196 νουθετῶν
2828 3157 2961 3211 φησι
2986 3158 2999 3172 ο
3038 3158 3056 3191 ι
3095 3139 3160 3192 Τί
3185 3155 3249 3208 με
3273 3137 3450 3205 λέγεις
3479 3135 3710 3204 ἀγαθόν;
3736 3155 3753 3186 ι

2190 3235 2303 3306 ᾔδει
2336 3234 2465 3303 γὰρ,
2494 3234 2574 3286 ὅτι
2607 3232 2708 3285 οὐκ
2734 3231 2847 3284 ἐστι
2872 3230 3039 3283 ποιῶν
3073 3227 3294 3297 ἀγαθόν.
3327 3226 3552 3296 Τάχαδὲ
3576 3225 3700 3278 ἐπεὶ
3734 3224 3763 3276 6

2190 3327 2351 3397 νόμος
2387 3325 2544 3378 σκιὰν
2568 3323 2680 3393 ἔχει
2716 3322 2823 3376 τῶν
2859 3320 3156 3392 μελλόντων
3183 3317 3434 3386 ἀγαθῶν,
3469 3316 3569 3369 ούκ
3614 3316 3756 3367 ἐστιν

2191 3419 2246 3469 ἐν
2279 3415 2356 3487 τῷ
2381 3415 2479 3486 βίῳ
2513 3413 2680 3468 ποιῶν
2706 3412 2906 3481 ἀγαθὸν
2927 3451 2942 3475 ,
2972 3410 3084 3464 ἀλλ’
3114 3409 3147 3479 ἦ
3176 3410 3284 3479 ἄρα
3325 3406 3482 3461 σκιὰν
3529 3404 3754 3475 ἀγαθοῦ.

2192 3507 2301 3560 Καὶ
2321 3507 2440 3560 ἐπεὶ
2465 3506 2565 3559 οὑκ
2587 3505 2702 3557 ἐστι
2726 3502 2894 3555 ποιῶν
2912 3499 3113 3569 ἀγαθὸν
3134 3538 3148 3563 ,
3176 3498 3492 3568 ἐπιτιμᾶται
3519 3498 3549 3550 6
3567 3493 3757 3559 εἰπὼν,

2198 3618 2215 3651 ι
2244 3598 2311 3651 Τί
2341 3615 2406 3668 με
2436 3597 2614 3665 λέγεις
2647 3594 2878 3664 ἀγαθόν;
2913 3612 2932 3646 ι

2258 3777 2322 3827 Ol
2357 3771 2774 3836 κατεσθίοντες
2812 3769 2921 3823 τὸν
2953 3768 3109 3822 λαόν
3142 3784 3261 3836 μου
3291 3762 3516 3833 ,βρώσει
3554 3763 3761 3831 ἄρτου,

2193 3863 2298 3917 τὸν
2329 3863 2476 3917 Θεὸν
2501 3864 2612 3916 οὐκ
2636 3860 3101 3924 ἐπεκαλέσαντο,
3138 3878 3190 3912 κ.
3226 3878 3275 3912 τ.
3312 3861 3358 3911 ἐ.
3396 3857 3463 3910 Εἴ
3486 3876 3568 3921 τις
3595 3858 3763 3911 ἐσθίει

2196 3955 2308 4027 (51)
2334 3954 2454 4008 τινὰ
2478 3953 2585 4007 τῶν
2626 3952 2734 4005 ἀπὸ
2762 3950 2856 4004 τοῦ
2899 3950 3029 4004 λαοῦ
3080 3950 3175 4003 τοῦ
3205 3949 3340 4003 Θεοῦ
3359 3989 3374 4015 ,
3410 3951 3615 4011 ἐκεῖνος
3662 3948 3765 4001 κᾶν

2194 4046 2325 4117 λέγῃ
2361 4044 2730 4099 ἐπικαλεῖσθαι
2768 4043 2858 4096 τὸν
2901 4042 3066 4107 Θεὸν,
3117 4041 3400 4112 ἐλέγχεται
3446 4040 3519 4111 μὴ
3568 4042 3763 4092 ἐπικα-

2195 4138 2451 4209 λούμενος
2480 4137 2657 4191 αύτόν.
2691 4153 2708 4186 ι
2743 4136 2856 4198 Πᾶς
2874 4134 2983 4205 γὰρ
3000 4133 3061 4198 ὃς
3084 4132 3473 4204 ἐπικαλέσηται
3500 4131 3560 4184 τὸ
3595 4130 3764 4200 θνομα

2325 4229 2438 4282 ίου.
2475 4225 2798 4282 σωθήσεται.
2838 4243 2855 4275 ι

2325 4229 2339 4282 ί
2374 4247 2403 4280 υ
2475 4227 2581 4279 σωθ
2628 4242 2798 4281 σεται.
2838 4243 2855 4275 ι

598 4319 762 4373 Vens.
804 4317 856 4373 6.
897 4316 1158 4383 Quoniam
1187 4314 1323 4369 Deus
1345 4314 1620 4383 dissipavit
1653 4329 1771 4368 ossa
1798 4329 1979 4369 eorum
2004 4316 2094 4382 qui
2126 4306 2170 4362 Ῑ)
2195 4231 2398 4374 Rufi);
2421 4227 3208 4383 δϐεὐέδιεσκόρπισενόστᾶ
3228 4295 3758 4379 ἀνθρωπαρέὸνκων,

527 4410 822 4463 hominibus
889 4408 1117 4477 placent,
1169 4416 1275 4462 etc.
1341 4404 1456 4460 Non
1510 4406 1554 4460 si
1607 4405 1729 4475 quis
1785 4406 2086 4462 hominibus

2203 4429 2257 4465 κ.
2285 4428 2334 4463 τ.
2366 4412 2411 4462 ὲ.
2448 4410 2563 4461 Ούκ
2590 4406 2641 4459 εἴ
2681 4422 2765 4468 τις
2791 4403 3097 4475 ἀνθρώποις
3137 4402 3244 4473 (52)
3275 4402 3531 4473 ἀρέσκει,
3562 4400 3763 4469 ἀνθρω-

529 4500 724 4569 placet,
757 4500 1004 4554 humanae
1024 4500 1212 4569 gratia:
1237 4508 1481 4569 captator
1504 4506 1607 4552 est.
1636 4494 1748 4551 lmo
1777 4496 1968 4567 siquis
1993 4497 2086 4553 sibi

2204 4498 2478 4571 πάρεσκός
2518 4500 2663 4549 ἐστιν
2689 4512 2703 4525 °
2741 4492 2876 4547 ἀλλά
2913 4494 3007 4546 καὶ
3055 4491 3391 4562 προθέμενός
3438 4507 3522 4553 τις
3560 4488 3763 4560 ἀνθρώ-

598 4615 640 4648 ³⁸
670 4612 844 4670 Galat.
873 4629 925 4680 ν,
958 4613 1049 4668 22.
1125 4612 1168 4645 ⁸ο
1196 4612 1329 4669 Luc.
1355 4628 1506 4679 xvnt,
1534 4612 1619 4667 18.
1694 4613 1739 4649 ⁸⁸
1770 4610 1933 4668 Hebr.
1963 4629 2018 4679 χ,
2062 4613 2085 4668 1

2188 4617 2232 4646 ⁸⁸
2259 4613 2415 4667 Bonl.
2444 4628 2498 4676 ι,
2529 4613 2614 4665 15.

598 4708 980 4780 (96)Μήποτε
1006 4708 1472 4780 ἀπόνθωολιάθῐηο
1547 4776 1574 4780 ﬂ
2204 4710 2424 4780 nlicere.
2472 4705 2586 4761 Non
2636 4713 2826 4760 avocat
2886 4699 3531 4780 autem_ab__hominum
3591 4697 3752 4780 gratia

598 4727 709 4780 (20)
736 4727 980 4775 ιηηποτε
1006 4727 1143 4773 απο,
1173 4727 1280 4764 etc.
1308 4727 1472 4763 luem.

598 4782 712 4849 (27)
750 4780 813 4831 '0
838 4781 1083 4846 καρπός,
1121 4788 1226 4832 etc.
1271 4778 1498 4833 Scheda:
1522 4776 1771 4849 _Gr_abii.ri
1818 4845 1830 4849 _
1869 4846 1897 4849 *Α
1945 4846 1955 4849 _

2243 4727 2424 4765 licere.
2472 4727 2586 4761 non
2636 4727 2826 4760 avocat
2886 4727 3064 4757 autem
3129 4727 3197 4754 uu
3252 4727 3531 4755 uuuuuutu
3591 4727 3752 4767 διαιιι

2204 4727 2346 4834 Betis
2396 4776 2663 4849 iustorum
2720 4784 2926 4849 mentes
2975 4783 3030 4828 et
3087 4771 3328 4849 fidelium
3389 4767 3754 4849 rationabilem

751 4836 979 4918 Ὥσπερ
1004 4836 1082 4903 125'
1100 4849 1301 4919 φύσει,
1358 4858 1461 4903 etc.
1508 4847 1691 4903 Codex
1738 4845 2099 4905 Coislinianus
2204 4836 2571 4920 sanctitatem.
2598 4845 2664 4920 Fit
2691 4844 2973 4920 audiamus
2996 4856 3253 4920 eum_per
3278 4838 3515 4920 .Paulult‘n
3543 4836 3758 4920 loquenf

529 4906 819 4978 secundus.
937 4906 956 4918 ’
1100 4906 1118 4919 ’
1287 4906 1300 4916 ’

2206 4928 2312 4972 tem
2345 4932 2359 4970 :
2392 4917 2517 4971 Sine
2567 4915 2854 4985 o/fensione
2892 4921 3052 4965 estote
3112 4906 3317 4985 Jutla'is
3352 4906 3670 4985 (tUGmcis,
3713 4915 3757 4958 et

601 4990 713 5058 (29)
744 4988 959 5055 Φρονεῖ
975 4988 1110 5056 μέν,
1142 5000 1248 5044 etc.
1286 4990 1485 5044 Catena
1517 4986 1780 5043 Corderii.
2206 4986 2457 5043 Ecclesia:
2499 4975 2626 5049 Dei:
2666 4984 2897 5058 sicutiuet
2927 4996 3021 5058 ego
3051 4982 3227 5057 omnia
3279 4979 3518 5058 omnibus
3570 4975 3757 5058 placeo,

603 5044 716 5131 (δώ
744 5044 854 5131 “id
884 5062 915 5111 δ
939 5044 1161 5131 Σωτήρ,
1195 5070 1299 5114 Wl-
1320 5059 1554 5131 ,Εεβίεηξ
1597 5128 1607 5131 Α
1645 5126 1675 5131 η
1722 5126 1733 5131 _
2207 5075 2312 5113 non
2337 5072 2576 5131 quarens
2597 5044 2893 5131 quod_mihi
2926 5044 3054 5104 utile
3081 5050 3176 5131 sit,_
3205 5048 3459 5131 sedquod
3491 5044 3758 5131 multorum

603 5115 909 5202 {513151th
929 5115 1265 5193 ἐσθίεῖ,ὀιρ.
1305 5129 1484 5184 Codex
1515 5126 1876 5183 Coislinianus
1910 5140 2105 5181 secun-
2206 5138 2304 5202 est,
2345 5115 2398 5181 ut
2432 5115 2716 5179 solventur.
2748 5122 2858 5202 iloc
2885 5130 2968 5202 est
2998 5135 3102 5202 non
3163 5117 3476 5202 hominibus
3495 5115 3755 5202 sedulis?

534 5185 656 5256 du‘S-
700 5185 714 5200 ’
884 5185 900 5193 ’
1122 5185 1134 5193 ⁷
2209 5185 2440 5263 placere,
2474 5211 2594 5250 cum
2631 5209 2725 5263 per
2753 5193 2805 5248 id
2829 5190 2970 5263 quod
2999 5190 3107 5243 Deo
3139 5190 3405 5263 placetur,
3460 5195 3512 5240 et
3542 5185 3758 5263 homini-

606 5217 719 5338 (si‘l)
773 5269 894 5340 Οὐκ
944 5269 999 5321 εἴ
1056 5284 1146 5333 τις
1201 5266 1552 5334 ἀνθρώποις,
1588 5274 1695 5321 etc.
1727 5264 1871 5340 Idem
1912 5266 2078 5320 codex

2248 5214 2440 5260 Iacere,
2474 5214 2594 5250 Cllll)
2631 5214 2725 5263 per
2754 5214 2805 5248 ιιι
2829 5214 2970 5260 (ιιιυυ
2999 5214 3107 5243 υῦυ
3140 5214 3398 5257 νωυιτιιιιν,
3460 5214 3512 5240 cs
3542 5214 3755 5238 ιιυιιιιιιι-

2208 5214 2310 5322 {ius
2342 5267 2413 5319 sit
2448 5265 2813 5340 placendum:
2842 5262 2921 5316 Ex
2952 5274 3117 5340 causa
3144 5259 3314 5340 .enitn
3357 5254 3600 5340 placendi
3643 5253 3755 5340 fleo,

2209 5350 2369 5390 causa
2398 5323 2559 5388 etiam
2591 5332 2900 5387 hominibus
2932 5328 3231 5402 probabilis
3264 5328 3323 5380 lit
3353 5323 3620 5402 placendi.
3650 5323 3755 5375 Ca:-

2210 5415 2382 5459 terum
2412 5403 2669 5466 studium,
2700 5402 2840 5470 quod
2870 5392 3277 5470 ut'bontlnibns
3308 5392 3514 5470 tantum
3557 5392 3754 5461 placea-

2209 5485 2294 5529 tur
2323 5465 2669 5543 impenditur,
2704 5465 2768 5526 ad
2800 5473 2850 5525 id
2874 5470 3016 5540 quod
3043 5470 3150 5523 Deo
3184 5465 3503 5543 placendum
3535 5471 3640 5543 est,
3666 5475 3755 5513 non

2205 5531 2439 5600 refertu'r
2479 5560 2493 5597 :
2537 5531 2666 5611 quia
2691 5531 2905 5595 tantutn'
2930 5555 3117 5597 eorum
3169 5531 3331 5596 causa
3360 5536 3555 5608 quibus
3589 5531 3755 5604 place-

2206 5625 2292 5674 tur
2318 5612 2625 5679 adhibetur,
2665 5635 2680 5666 ι
2711 5623 2813 5670 etc.

536 5335 1050 5394 Porrohunclocum
1071 5340 1116 5392 si
1149 5354 1253 5393 non
1280 5340 1345 5391 ad
1364 5341 1607 5401 verbum,
1630 5346 1778 5389 certe
1796 5335 1861 5389 ad
1884 5350 2105 5390 sensum

536 5409 816 5463 transtulit
844 5408 1101 5473 Hilarius,
1130 5408 1365 5461 Tractat.
1386 5407 1438 5458 in
1466 5405 1724 5472 psalmum
1744 5421 1839 5466 LII,
1867 5421 1991 5474 pag.
2010 5405 2098 5459 90.

542 5498 564 5531 ι
595 5480 671 5533 Ex
706 5480 812 5532 Deo
843 5480 1012 5547 magis
1043 5493 1203 5546 quam
1227 5478 1280 5531 in
1310 5475 1689 5547 contumeliam
1707 5476 1839 5547 Dei,
1865 5474 2099 5528 homini-

539 5551 637 5601 hns
671 5560 750 5602 est
786 5545 1127 5615 placendum,
1170 5556 1227 5600 ut
1258 5562 1353 5616 per
1381 5546 1560 5598 divina
1596 5545 1836 5616 instituta
1892 5553 2099 5616 et_pro-

540 5619 759 5671 bitatem
792 5614 967 5669 ﬁdelis
994 5618 1115 5671 vitae
1143 5614 1550 5684 innocentisque
1583 5614 1878 5684 placentur.
1921 5614 2096 5669 Caete-

539 5703 657 5743 rum
688 5688 906 5756 placere
942 5695 1150 5740 tantum
1206 5682 1512 5742 hotninibus
1544 5684 1695 5751 velle,
1737 5682 1843 5738 Deo
1874 5693 1958 5739 cst
1988 5683 2099 5739 dis-
