3896 6700
88 235 230 289 τϋι
1164 230 1475 289 SELECTA
1516 235 1580 289 IN
1623 236 1626 241 ’

1910 237 1963 290 5.
2005 268 2072 276 —
2112 235 2308 292 PSAL.
2353 233 2484 291 LIII.
3311 243 3448 300 “(se

53 374 215 422 τοις
263 356 403 412 ἔσθ
429 358 447 378 ‘
501 357 596 411 ὅτε
629 355 883 426 ἀρέσκειν
907 395 921 419 ,
964 356 1314 428 καθηκόντως
1357 361 1488 412 αὐτὸ
1528 378 1591 413 πο

1913 361 2127 429 reponit
2176 361 2489 415 hominibus
2536 360 2811 415 interdum
2857 361 3090 429 placere,
3139 361 3264 430 jure
3319 365 3446 418 illud

47 450 180 504 εαὶ
220 451 372 505 οὐκ
419 449 903 522 ἀνθρωπάρεσκος
935 449 1106 503 ἐσται.
1152 451 1208 503 Ὀ
1235 449 1364 518 γοῦν
1409 450 1585 504 nam

1908 453 2058 520 aciet,
2090 470 2188 508 nec
2220 455 2466 508 humanm
2501 454 2688 522 gratia:
2718 462 2958 522 captatur
2995 454 3117 509 erit.
3175 454 3446 521 Quamob-

47 558 171 597 σιν
198 557 216 573 ⁸
259 562 286 594 c
350 543 758 614 Ἀπρόσκοποι
781 543 875 596 καὶ
899 543 1177 606 Ἰουδαίοις
1199 542 1413 610 γίνεσθε
1430 545 1522 598 καὶ
1537 547 1585 614 τῇ

1909 561 1988 600 em
2021 545 2222 602 Paulus
2255 545 2389 600 dicit
2421 566 2432 601 :
2471 563 2490 596 ι
2533 545 2662 600 Sine
2711 546 3008 600 offensione
3059 556 3233 601 estote
3265 557 3318 601 et
3353 545 3447 601 Ju-

45 632 350 706 κλησίᾳ
385 622 508 687 τοῦ
539 632 674 687 Θεοῦ
692 674 706 698 ,
733 631 916 696 καθὼς
945 632 1105 702 κάγὼ
1134 634 1312 686 πάντα
1335 636 1498 688 πᾶσιν
1526 636 1583 706 ἀς

1911 635 2003 690 teis
2036 645 2088 689 et
2123 635 2378 690 Ecclesiae
2417 636 2509 689 Dei
2553 655 2564 690 :
2600 637 2743 691 sicut
2773 646 2827 691 et
2861 634 2962 707 ego
2999 652 3095 706 per
3123 638 3302 692 omnia
3332 653 3449 693 om-

51 725 170 796 μὴ
222 725 473 796 ζητῶν
500 724 564 778 τὸ
600 725 838 796 ἐμαυτοῦ
865 726 1142 796 συμφέρον
1166 766 1180 788 ,
1224 726 1358 779 ἀλλὰ
1399 727 1460 780 τὸ
1501 727 1589 780 τῶι

1913 727 2032 782 ibus
2059 728 2247 797 placeo
2270 767 2284 793 ,
2318 742 2423 781 non
2454 743 2704 796 quaerens
2731 731 2870 796 quod
2904 729 3032 782 mibi
3066 728 3194 783 utile
3220 737 3321 795 est,
3354 731 3448 783 sed

52 815 214 868 λῶν
245 856 267 880 ,
298 817 420 869 ἵνα
485 816 755 871 σωθῶσιν.
794 836 811 868 ι
869 816 1007 869 Ἀλλ’
1039 818 1094 870 εί
1127 835 1210 880 τις
1264 818 1577 888 προτίθεται

1915 819 2015 872 uod
2055 818 2255 884 multis,
2289 827 2346 872 ut
2374 819 2509 873 salvi
2568 819 2701 874 fiant
2739 820 2804 871 “.
2831 840 2848 871 ι
2905 820 3009 874 Sed
3053 821 3098 875 si
3147 821 3270 890 quis
3318 821 3449 876 nihil

63 906 254 961 ἄλλο
296 907 343 979 ἢ
388 906 720 979 ἀνθρώποις
759 907 1107 980 ἀρέσκειν,ῆ
1157 908 1355 978 μᾶλλον
1403 908 1601 980 ἀνθρὼι

1912 906 2019 961 liud
2046 907 2146 960 sibi
2182 909 2474 977 proponit,
2524 924 2684 976 quam
2739 909 3046 964 hominibus
3081 910 3315 979 placere,
3369 913 3450 965 vel

66 996 288 1067 Θεῷ·
335 998 460 1052 καὶ
524 997 720 1070 ἐπίσης
767 997 1074 1070 ἀνθρώποις
1125 1000 1220 1052 καὶ
1260 998 1410 1068 Θεῷ,
1443 999 1560 1052 δέον

1913 1000 2046 1068 mgis
2082 1000 2390 1054 hominibus
2421 1016 2582 1069 quam
2605 1000 2736 1063 Deo,
2763 1001 2842 1054 vel
2874 1017 3026 1070 aeque
3059 1002 3364 1056 hominibus
3389 1019 3451 1053 ac

73 1089 250 1161 Θεῷ
277 1107 290 1118 ·
341 1091 522 1144 ὥστε
552 1090 620 1142 δι’
655 1091 860 1143 ἐκεῖνον
895 1088 1140 1158 γίνεσθαι
1187 1090 1280 1142 καὶ
1319 1090 1406 1153 τὸ,
1436 1089 1611 1161 ἀνθρὼ

1913 1105 1984 1144 leo
2009 1091 2244 1159 placere,
2278 1106 2399 1145 cum
2431 1091 2528 1146 soli
2557 1091 2663 1146 Deo
2694 1092 2926 1160 placere,
2953 1107 3052 1147 nec
3089 1093 3190 1146 nisi
3233 1103 3451 1162 propter

75 1183 209 1235 ὅτε
244 1181 451 1235 τοῦτο
480 1185 658 1235 ποιεῖν
687 1184 833 1252 αίρεί
858 1181 1018 1249 λόγος
1039 1222 1052 1242 ,
1083 1182 1287 1244 ἐκεῖνος
1312 1181 1607 1253 ἀνθρωπάρ

1915 1200 2049 1238 isum
2069 1186 2361 1239 humanam
2390 1185 2618 1254 gratiam
2644 1187 3095 1255 captaredebeat,
3125 1187 3228 1242 iste
3257 1187 3453 1240 buma-

87 1272 329 1328 ἔσται.
377 1276 492 1327 Δεῖ
522 1274 578 1326 δὲ
607 1274 700 1326 ἐπί
733 1289 893 1326 τινων
923 1273 1302 1344 σκοπήσαντα,
1335 1272 1533 1342 ὃτιούχ
1575 1268 1625 1324 οἷ

1915 1292 1956 1331 ιιι
1981 1277 2167 1346 gratia:
2189 1283 2434 1346 captator
2466 1277 2630 1347 728
2655 1280 2778 1332 erit.
2804 1277 2902 1344 Qui
2927 1289 3104 1333 autem
3145 1278 3453 1334 considera-

92 1366 258 1419 τόδε,
285 1383 353 1419 τι
394 1364 788 1438 διαπράξαντα
820 1365 852 1437 ἢ
884 1365 1108 1418 εἰπόντα
1128 1407 1142 1429 ,
1180 1367 1271 1418 καὶ
1292 1365 1410 1435 Θεῷ
1443 1367 1537 1420 καὶ
1565 1367 1628 1418 ἀν

1913 1373 2016 1426 erit
2036 1373 2306 1427 interdum
2333 1372 2447 1426 fieri
2473 1388 2577 1427 non
2610 1387 2768 1441 posse
2799 1384 2855 1427 ut
2885 1374 3000 1430 haec
3027 1372 3111 1428 vel
3137 1374 3226 1428 illa
3247 1373 3451 1428 faciens

99 1475 268 1520 ποις
307 1457 571 1528 ἀρέσαι,
599 1458 1015 1528 καταφρονῆσαι
1059 1458 1156 1527 μὲν
1188 1457 1282 1510 τοῦ
1315 1457 1510 1530 ἀρέσαι
1539 1461 1637 1521 τοῖς

1917 1479 1968 1524 ιιι
1983 1471 2187 1536 dicens,
2203 1473 2312 1526 Deo
2328 1473 2485 1530 simul
2503 1482 2555 1528 et
2571 1474 2879 1529 hominibus
2895 1471 3120 1541 placeat.
3141 1482 3359 1524 necesse
3372 1478 3455 1520 est

48 1549 53 1574 ⁵
105 1547 419 1620 θρώποις
445 1590 462 1612 ,
496 1547 712 1602 ἑλέσθαι
734 1549 790 1601 δέ
816 1549 876 1600 τὸ
907 1549 1102 1620 ἀρέσαι
1132 1549 1210 1620 τῷ
1242 1549 1383 1620 Θεῷ.

1917 1571 1936 1616 ι
1959 1563 2268 1619 hominibus
2293 1565 2505 1633 placere
2531 1565 2791 1636 negligat,
2815 1574 2868 1618 et
2893 1564 3054 1632 eligat
3085 1561 3193 1614 Deo
3216 1559 3450 1627 placere.

251 1640 369 1706 Τίς
425 1638 616 1692 δώσει
670 1640 738 1692 ἐκ
795 1639 950 1692 Σιὼν
1003 1641 1114 1712 (55)
1181 1641 1247 1722 τό
1305 1641 1600 1710 σωτήριον
1665 1642 1772 1696 τοῦ

1951 1656 2110 1710 Vens.
2153 1657 2205 1710 7.
2250 1656 2382 1723 Quis
2407 1659 2549 1711 dabit
2575 1675 2640 1712 ea:
2678 1656 2812 1712 Sion
2832 1655 3071 1710 salutare
3099 1650 3267 1705 Israel
3291 1650 3315 1703 ?
3344 1657 3451 1702 etc.

48 1773 50 1777 .
131 1730 469 1799 ‘lo'parM;
506 1749 558 1785 κ.
587 1749 638 1785 τ.
673 1733 720 1785 ὲ.
756 1750 774 1781 ι
818 1730 980 1796 Ἥξει
1021 1734 1087 1786 ἐκ
1115 1732 1253 1786 Σιὼν
1291 1736 1320 1788 ό
1361 1735 1586 1805 ρυόμενο

1929 1746 2126 1802 Veniet
2168 1763 2233 1804 ex
2277 1750 2407 1805 Sion
2442 1750 2694 1806 Salvator
2723 1758 2778 1804 et
2810 1755 3016 1802 avertet
3060 1743 3367 1812 impietates
3388 1739 3455 1789 ab

46 1853 52 1862 -
119 1823 525 1895 ἀποστρέψει
567 1823 820 1888 ἀσεϐείας
867 1825 977 1878 ἀπὸ
1017 1823 1227 1878 Ἰακώϐ.
1265 1845 1283 1878 ι
1333 1825 1492 1879 Ἀλλὰ
1527 1843 1584 1878 κο

1915 1839 2048 1892 acob
2077 1839 2142 1891 “.
2177 1859 2192 1891 ι
2240 1840 2378 1908 Quin
2423 1849 2476 1896 et
2517 1841 2570 1895 in
2610 1840 2982 1910 captivitatem
3027 1834 3234 1889 abactis
3272 1831 3453 1884 decem

48 1923 52 1932 '
126 1914 258 1984 ἤδη
285 1915 868 1984 αἰχμαλωτισθείσαις
908 1917 1041 1970 δέκα
1075 1917 1272 1986 φυλαῖς
1307 1917 1470 1970 δώσει
1504 1935 1586 1970 σωι

1917 1927 2130 1981 ribubus
2160 1930 2304 1984 dabit
2336 1931 2564 1985 salutem
2592 1939 2646 1983 et
2674 1930 2932 1984 reditum.
2969 1925 3092 2004 Sed
3144 1922 3265 1992 quis
3309 1920 3455 1973 dabit

132 2004 252 2057 καὶ
284 2004 592 2059 ἐπάνοδον.
641 2005 799 2059 Ἀλλὰ
845 2008 930 2070 τίς
957 2005 1118 2060 δώσει
1146 2007 1239 2060 τὸν
1276 2007 1508 2077 Χριστὸν
1559 2006 1670 2058 ἰδείπ

1749 2005 1775 2057 δ
1883 2019 2075 2075 videre
2102 2022 2376 2080 Christum
2413 2024 2679 2097 spiritalis
2707 2023 2874 2080 Israel
2903 2009 3287 2078 salvatorem?

134 2093 255 2148 τοῦ
284 2095 502 2166 νοητοῦ
538 2096 753 2168 Ἰσραὴλ
783 2099 1052 2168 σωτήριον

758 2279 1052 2333 ΨΑΛΜΟΣ
1090 2279 1214 2333 ΝΡ.

2419 2280 2734 2336 PSALMUS
2789 2279 2915 2334 LIII.

249 2373 319 2426 '0
355 2372 534 2439 Θεὸς,
560 2373 630 2427 ἐν
662 2371 741 2438 τῷ
770 2374 1016 2442 ὀνόματί
1036 2389 1152 2428 σου
1177 2372 1387 2427 σῶσόν
1417 2389 1494 2442 με
1513 2412 1526 2436 ,
1557 2389 1609 2425 κ.
1643 2389 1692 2424 τ.
1726 2374 1773 2427 ἐ.

1954 2376 2119 2431 Vens.
2157 2377 2210 2432 3.
2237 2375 2396 2441 Deus,
2427 2374 2479 2427 in
2509 2375 2718 2427 nomine
2747 2383 2837 2426 tuo
2869 2373 3069 2427 salvum
3100 2389 3180 2425 me
3204 2374 3312 2441 fac,
3349 2380 3454 2426 etc.

52 2491 54 2498 -
155 2463 422 2535 Εὔχεται
479 2465 588 2537 (54)
642 2465 748 2529 ἐως
796 2465 934 2528 τοῦ,
1003 2483 1023 2516 ι
1052 2465 1282 2520 ἐνώπιον
1326 2464 1530 2520 αὐτῶν.
1565 2483 1584 2516 ι

1918 2474 2144 2523 'recatur
2183 2481 2354 2534 usque
2387 2467 2450 2520 ad
2491 2465 2578 2519 illa
2620 2463 2777 2519 verba
2815 2482 2828 2518 :
2871 2482 2889 2515 ι
2921 2464 3058 2518 Ante
3107 2471 3456 2531 conspectum

49 2587 51 2591 ι
157 2555 552 2624 ἐνεστηκυίας
599 2553 748 2624 αύτῷ
787 2554 1044 2626 βοηθείας
1085 2555 1440 2624 αἰσθόμενος,
1480 2555 1587 2607 οίον

1920 2573 2062 2612 uum.
2089 2577 2107 2609 ι
2167 2557 2366 2611 Deinde
2404 2556 2703 2610 adveniens
2747 2556 2848 2610 sibi
2893 2554 3152 2609 auxilium
3196 2552 3458 2615 sentiens,

49 2681 62 2706 _-
157 2665 370 2702 κνυσιν
401 2649 576 2718 αὐτὴν
609 2650 666 2701 ἐν
698 2647 776 2719 τῷ
797 2663 811 2678 ο
850 2667 868 2699 ι
911 2649 1040 2702 Ἰδοὺ
1063 2649 1092 2700 ὁ
1118 2648 1251 2710 Θεὸς
1275 2647 1462 2719 βοηθεί
1490 2664 1579 2717 μοι

1924 2649 2282 2702 uodammodo
2351 2649 2589 2702 ostendit
2657 2646 2787 2701 illud
2861 2647 2946 2701 bis
3000 2645 3230 2699 verbis:
3269 2661 3288 2696 ι
3320 2641 3462 2698 Ecce

48 2773 50 2804 ;
159 2739 251 2810 τῷ
286 2740 422 2811 ἐξῆς
454 2740 550 2794 καὶ
575 2739 652 2810 τῷ
683 2739 802 2810 μετ’
835 2740 1018 2792 αὐτόν.
1054 2733 1187 2792 Εἶτα
1217 2739 1342 2808 περί
1371 2756 1530 2792 τινων
1557 2755 1582 2790 ε

1919 2751 2023 2792 ιθιιε
2044 2740 2264 2807 adjuvat
2292 2754 2398 2804 me,
2422 2757 2440 2790 ι
2464 2749 2518 2793 et
2545 2737 2898 2808 sequentibus
2920 2737 3130 2792 duobus
3158 2733 3457 2789 versiculis.

164 2831 576 2901 ἐντυγχάνειν,
631 2830 1097 2900 ἐπαγγελλόμενος
1154 2829 1399 2883 ἑκούσιον
1455 2831 1547 2882 ἐπὶ
1600 2830 1702 2883 τούι

1921 2841 2076 2886 ‘ostea
2107 2833 2354 2902 quaedam
2391 2842 2642 2900 precatur
2663 2831 2765 2885 sibi
2791 2829 3094 2898 obtingere,
3120 2842 3218 2896 pro
3251 2826 3459 2906 illisque

176 2921 406 2977 θυσίαν.
440 2919 554 2975 Εἶτ’
589 2923 902 2994 εὐχαριστεῖ
927 2922 1366 2987 ἁνταποδοτικῶς
1412 2921 1522 2977 τῶν
1553 2924 1714 2992 είρημ

1923 2926 2150 2980 romittit
2177 2926 2540 2981 voluntarium
2571 2925 2916 2980 sacrificium.
2948 2923 3191 2978 Tandem
3227 2935 3324 2991 pro
3351 2918 3461 2973 illis

50 3053 64 3086 ε
173 3034 292 3069 νων
328 3017 386 3067 ἐν
425 3017 492 3086 τῇ
530 3015 660 3084 εύχῇ
695 3014 786 3066 καὶ
821 3012 1060 3077 ἐντεύξει
1085 3029 1097 3042 ο
1133 3014 1228 3066 καὶ
1260 3013 1395 3080 πρὸς
1420 3013 1503 3074 τὸ,
1540 3031 1559 3064 ι

1923 3034 2002 3071 me
2035 3019 2086 3070 in
2117 3019 2367 3072 oratione
2396 3027 2449 3071 ct
2475 3017 2856 3071 obsecratione
2885 3017 3024 3069 dicta
3047 3023 3194 3076 sunt,
3220 3023 3458 3066 Imttnam

179 3107 420 3178 ἀληθείᾳ
469 3125 564 3160 σου
610 3107 986 3178 ἐξολόθρευσον
1017 3106 1234 3168 αὐτοὺς,
1273 3124 1292 3156 ι
1328 3104 1717 3157 ἀνταποδίδωσι

1925 3109 2182 3162 ratiarum
2229 3107 2500 3161 actionem
2560 3106 2831 3177 rependit,
2894 3113 2949 3157 et
3007 3104 3073 3156 ad
3141 3102 3270 3154 illud
3305 3120 3316 3154 :
3353 3120 3370 3151 ι
3404 3101 3457 3153 lu

192 3216 214 3249 ι
271 3198 361 3251 Ἐν
386 3200 501 3259 τοῖς
521 3196 734 3269 ἐχθροῖς
765 3214 865 3266 μου
889 3197 1099 3250 ἐπεῖδεν
1131 3198 1159 3249 6
1182 3195 1456 3265 ὀφθαλμός
1481 3212 1603 3266 μου.
1641 3215 1660 3249 ι

1922 3197 2110 3252 eritate
2143 3205 2231 3250 tua
2265 3196 2516 3266 disperde
2544 3197 2685 3260 illos,
2719 3215 2736 3246 ι
2785 3194 3006 3264 respicit
3037 3194 3224 3245 dicens
3255 3207 3266 3243 :
3303 3209 3322 3242 ι
3353 3191 3460 3244 Su-

1879 3302 1976 3360 per
2007 3287 2254 3342 iuimicus
2277 3304 2427 3343 meos
2449 3288 2696 3358 despexit
2727 3286 2915 3341 oculus
2943 3300 3117 3340 meus.
3144 3304 3162 3335 ι

282 3373 436 3429 Ἰδοὺ
465 3375 573 3444 γὰρ
614 3377 646 3428 ό
677 3376 820 3441 Θεὸς
853 3375 1070 3442 ,βοηθεῖ
1094 3393 1232 3445 μοι,
1266 3394 1322 3432 κ.
1351 3393 1401 3432 τ.
1437 3377 1482 3430 ἐ.
1519 3376 1777 3431 Αίσθεται

1955 3377 2120 3435 Vens.
2165 3378 2218 3433 6.
2263 3379 2398 3434 Ecce
2416 3381 2552 3434 enim
2577 3379 2713 3432 Deus
2743 3377 2960 3446 adjuvat
2993 3392 3106 3439 me.
3135 3385 3240 3430 etc.
3277 3375 3451 3428 Exau-

195 3467 567 3530 εισακουσθεὶς
587 3468 697 3538 (55)
725 3470 814 3521 καὶ
832 3468 980 3538 λέγει
1013 3469 1184 3522 ταῦτα
1208 3469 1297 3522 διὰ
1327 3469 1494 3540 μέσου
1512 3468 1619 3522 τῶν
1643 3469 1733 3541 πρὶ

1920 3471 2057 3526 ἰιιιιιι
2082 3487 2141 3528 se
2169 3487 2288 3526 esse
2321 3472 2506 3538 sentit,
2547 3479 2602 3525 et
2642 3471 2758 3525 haec
2789 3469 2922 3526 dicit
2965 3470 3017 3523 in
3053 3467 3231 3523 medio
3269 3483 3456 3522 eorum

190 3557 330 3613 Θεὸν
351 3559 743 3628 συναφθέντων·
765 3563 862 3612 Ἂν
875 3559 1048 3624 οὕτως
1065 3562 1316 3632 κραταιοὶ
1337 3579 1355 3612 ι
1385 3559 1659 3632 ἐζήτησαν
1681 3561 1728 3614 τί

1921 3564 1973 3618 ui
1999 3563 2110 3620 Deo
2137 3565 2410 3618 adhaerent
2447 3579 2462 3616 :
2490 3563 2546 3617 Si
2571 3564 2706 3617 adeo
2738 3561 2906 3618 fortes
2936 3579 2955 3614 ι
2981 3560 3309 3631 quaesierunt
3337 3560 3457 3613 ani-

190 3649 376 3722 ψυχήν
400 3668 517 3721 μου,
547 3651 640 3704 καὶ
660 3651 722 3704 οὐ
744 3651 1033 3721 προέθεντο
1054 3652 1142 3706 τὸν
1163 3652 1295 3706 Θεὸν
1313 3651 1543 3706 ἐνώπιον
1568 3654 1728 3707 αὐτῶι

1916 3671 2028 3708 "tam
2059 3670 2256 3720 meam,
2292 3670 2389 3708 nec
2417 3664 2817 3724 ριόροειιετιιιιι
2844 3651 3011 3707 DCIIII]
3054 3661 3180 3706 ante
3226 3666 3454 3718 00118Ρο-

201 3743 264 3796 ἐν
284 3747 346 3816 τῇ
377 3743 601 3815 ἀληθεία
631 3760 722 3796 σου
752 3742 1132 3818 ἐξολόθρευσον
1161 3745 1378 3809 αύτούς.
1420 3764 1438 3797 ι
1476 3744 1680 3816 Βοηθὸν
1720 3746 1739 3799 ε

1923 3756 2033 3800 ιιιηι
2066 3763 2223 3802 suum
2249 3787 2262 3810 ,
2307 3747 2358 3801 in
2393 3747 2620 3801 veritate
2646 3755 2736 3799 tua
2768 3745 3018 3815 disperde
3049 3744 3190 3799 illos.
3221 3763 3239 3794 ι
3293 3742 3461 3812 Adju-

209 3833 346 3904 ἔχειν
366 3835 610 3906 ὁμολογεῖ
639 3836 779 3906 τάχα
805 3835 896 3890 τὸν
929 3835 1149 3906 Πατέρα
1173 3837 1267 3889 καὶ
1285 3835 1486 3908 Κύριον
1521 3837 1747 3908 ἀντιλαμ

1918 3855 2054 3893 irem
2079 3850 2256 3892 autem
2291 3840 2493 3893 habere
2524 3855 2583 3894 se
2623 3837 2914 3892 confitetur
2955 3836 3184 3891 fortasse
3216 3835 3456 3894 Patrem,

215 3927 497 3997 ὅανόμενον
538 3927 636 3998 τῆς
678 3927 857 3998 ψυχῆς
897 3927 1062 3980 αὑτοῦ
1083 3968 1098 3992 ,
1131 3928 1217 3980 ἴνα
1252 3929 1384 4002 εἴπῃ
1411 3929 1501 3983 τὸν
1529 3929 1656 3983 Υίὸν
1675 3970 1690 3994 ,
1720 3930 1753 3982 ὃ

1922 3931 2252 3984 tDominum
2311 3940 2684 3998 susceptorem
2742 3929 2938 3984 anima:
3000 3942 3150 3988 suae.
3197 3935 3255 3979 ut
3315 3925 3460 3977 dicat

216 4018 532 4091 ἀποστρέψει
565 4020 632 4072 τὰ
654 4019 802 4073 κακὰ
835 4022 947 4083 τοῖς
988 4020 1204 4091 ἐχθροῖς
1237 4037 1362 4092 μου.
1399 4023 1465 4074 ’Ἀ
1508 4021 1618 4094 γὰρ
1647 4022 1753 4076 ἐπά

1918 4020 2106 4081 'ilium,
2135 4019 2225 4088 qui
2264 4017 2400 4072 mala
2433 4027 2641 4073 avertet
2675 4018 2915 4072 inimicis
2946 4018 3100 4070 meis.
3132 4015 3263 4082 Qum
3313 4013 3456 4066 enim

217 4128 328 4179 γειν
352 4130 433 4182 μοι
462 4113 806 4184 βεϐούληνται
843 4113 1160 4175 κακωτικὰ,
1194 4113 1364 4167 ταῦτα
1411 4116 1546 4186 πρὸς
1583 4114 1755 4168 αύτοὺε

1921 4112 2024 4165 tala
2057 4110 2259 4165 inferre
2290 4111 2420 4164 mibi
2450 4109 2755 4174 voluerunt,
2807 4111 2920 4164 Iane
2954 4109 3020 4162 ad
3055 4107 3177 4162 illos
3224 4113 3458 4168 avertet,

223 4202 556 4274 ἀναστρέψει,
591 4201 733 4256 οὕτω
761 4202 853 4256 τοῦ
890 4202 1025 4256 Θεοῦ
1074 4204 1370 4274 κρίνοντος.
1421 4205 1608 4277 Τούτῳ
1655 4224 1751 4259 συν

1919 4214 1993 4259 ’ρο
2043 4204 2113 4258 ita
2150 4204 2456 4274 judicanle.
2515 4202 2652 4257 lluic
2712 4211 2981 4258 consonat
3013 4201 3187 4256 illud:
3225 4219 3244 4252 ι
3273 4199 3457 4254 Facite

225 4293 331 4364 ᾁδει
357 4293 412 4347 τὸ
434 4332 447 4356 ,
478 4312 496 4346 ι
525 4295 794 4364 Ποιήσατε
829 4293 1018 4365 αὐτὴν,
1049 4295 1108 4349 ὃν
1136 4296 1332 4366 τρόπον
1363 4298 1657 4368 ἐποιήσατε
1687 4299 1763 4351 τὸι

1915 4299 2052 4363 llam,
2080 4297 2536 4367 quemadmodum
2588 4296 2794 4350 fecistis
2844 4295 3131 4348 divitem.»
3206 4292 3272 4345 Et
3319 4291 3453 4356 Imc,

231 4384 474 4438 πλούσιον.
504 4404 523 4436 ι
571 4385 684 4437 Καὶ
720 4384 955 4446 τούτων,
991 4387 1158 4456 φησὶ,
1211 4386 1637 4458 συμϐεϐηκότων
1681 4388 1769 4441 αὐη

1922 4391 2079 4458 tquit.
2106 4403 2230 4444 cum
2263 4390 2587 4453 acciderint,
2623 4396 2925 4457 spontanea
2962 4395 3140 4440 mente
3163 4385 3229 4438 ad
3258 4385 3460 4456 gratia-

231 4471 439 4545 θαιρέτῳ
487 4471 680 4546 γνώμῃ
728 4475 814 4526 ἐπ’
855 4476 1206 4548 εὐχαριστίαν
1257 4477 1585 4549 ἐρχόμενος,
1627 4479 1769 4530 ἐκου-

1919 4496 2004 4534 um
2038 4480 2308 4536 actionem
2343 4481 2565 4536 veniens
2591 4520 2606 4544 ,
2635 4478 2940 4534 voluntarie
2975 4478 3295 4534 sacrificabo
3339 4478 3457 4532 tibi.

235 4563 348 4628 σίως
378 4563 508 4618 θύσω
531 4582 635 4619 σοι.

308 4653 833 4724 Ἐξομολογήσομαι
871 4654 951 4721 τῷ
995 4657 1242 4726 ὀνόματί
1293 4676 1445 4724 σου,
1486 4663 1680 4730 Κύριε,
1718 4679 1770 4714 κ.

1955 4661 2118 4718 Vens.
2160 4663 2213 4717 8.
2257 4661 2554 4730 Conﬁtebor
2607 4661 2806 4715 nomini
2871 4669 2994 4720 tuo.
3037 4659 3296 4722 Domine,
3350 4665 3455 4714 etc.

236 4761 280 4797 τ.
306 4745 346 4798 ὲ.
375 4745 678 4816 Εὐχαριστεῖ
720 4745 852 4818 (56),
882 4745 1017 4817 πρὸς
1047 4747 1108 4800 τὸ
1145 4768 1163 4799 ι
1206 4748 1294 4802 Ἑν
1322 4751 1399 4821 τῷ
1427 4752 1650 4824 ὀνόματί
1681 4770 1774 4806 σου

1921 4757 2188 4809 ιτιιιίιιινιιιιι
2223 4757 2468 4810 actiones
2501 4753 2686 4819 refert,
2735 4753 2802 4806 ad
2861 4751 3013 4812 illud,
3077 4768 3094 4801 ι
3135 4749 3188 4804 In
3240 4749 3459 4804 nomine

243 4838 389 4891 σῶσόν
419 4855 495 4907 με,
533 4858 550 4888 ι
575 4839 861 4902 ἀποδιδοὺς
882 4839 963 4903 τὸ,
997 4860 1014 4892 ι
1053 4841 1548 4915 Ἐξομολογήσομαι
1566 4847 1644 4918 τῷ
1662 4847 1777 4900 6V6-

1921 4866 1976 4904 ιο
1999 4849 2210 4903 salvum
2239 4864 2324 4904 me
2352 4847 2457 4912 fac,
2488 4865 2507 4898 ι
2539 4846 2848 4916 rependens
2879 4842 3019 4898 istud
3055 4861 3067 4897 :
3102 4862 3120 4894 ι
3143 4840 3459 4897 Coulitcbor

246 4931 355 5000 ματί
381 4947 490 4985 σου.
525 4951 541 4982 ι
578 4933 688 4986 Καὶ
719 4930 857 5003 πρὸς
886 4933 977 4998 τὸ,
1012 4950 1031 4982 ι
1069 4933 1360 5006 Ἀλλότριοι
1402 4939 1776 5010 ἐπανέστησαν

1921 4940 2089 4995 οιιιίιιί
2128 4949 2257 5004 ιιιο;
2289 4958 2309 4991 ι
2347 4951 2402 4993 et
2435 4937 2503 4991 ad
2554 4936 2685 4990 illud
2711 4976 2727 5002 ,
2763 4953 2782 4986 ι
2813 4933 2990 4988 Alieni
3045 4934 3459 4988 insurrexerunt

246 5025 315 5078 ἐπ’
341 5023 442 5093 ἐμὲ,
475 5043 491 5074 ι
526 5024 605 5087 τὸ,
643 5043 661 5076 ι
695 5024 790 5078 Ἐκ
820 5026 998 5098 πάσης
1029 5027 1261 5096 θλίψεως
1299 5028 1515 5099 ἐρῤύσω
1552 5047 1639 5100 με,
1683 5031 1777 5084 καὶ

1919 5031 2170 5086 dversum
2233 5045 2339 5094 me,
2373 5049 2390 5082 ι
2452 5027 2593 5082 istud
2648 5045 2662 5082 :
2721 5044 2740 5078 ι
2774 5026 2847 5081 Ex
2902 5027 3049 5080 omni
3112 5024 3457 5079 tribulatione

245 5114 295 5168 ἐν
311 5116 407 5178 τοῖς
424 5115 622 5186 ἐχθροῖς
655 5133 754 5185 μου
783 5119 992 5173 ἐπεῖδεν
1019 5119 1047 5171 6
1076 5119 1356 5189 ὀφθαλμός
1389 5137 1510 5190 μου.
1545 5140 1562 5172 ι
1610 5123 1773 5191 Ἀγα-

1920 5124 2126 5192 ripuisti
2154 5137 2260 5188 me,
2289 5133 2342 5178 et
2368 5135 2532 5191 super
2577 5121 2830 5176 inimicos
2867 5133 3016 5174 meos
3043 5117 3290 5188 despexit
3323 5131 3456 5170 ocu-

247 5202 322 5257 θὸν
339 5204 390 5257 τὸ
411 5205 466 5258 τὰ
489 5206 626 5269 τέως
649 5207 722 5278 μὴ
751 5209 1003 5281 ὁρώμενα
1027 5211 1196 5282 ἐχθρὰ
1222 5213 1254 5281 ἡ
1264 5211 1380 5281 μῶν
1399 5254 1414 5275 ,
1438 5211 1504 5266 ἂν
1539 5213 1619 5267 ἔτι
1645 5214 1773 5269 λαν-

1919 5231 1969 5267 IS
2011 5230 2181 5270 meus.
2215 5235 2232 5266 ι
2294 5213 2499 5268 Bonum
2558 5223 2642 5269 est
2695 5229 2757 5268 ea
2816 5228 2938 5282 quae
2987 5211 3250 5265 baeteuus
3305 5208 3457 5263 nobis

247 5296 464 5351 θάνωνται
487 5299 667 5368 ἡμᾶς,
702 5301 802 5371 ἠδη
841 5303 968 5356 ποτέ
1001 5303 1342 5378 θεωρηθῆναι
1371 5346 1384 5369 ,
1426 5305 1560 5358 καθὸ
1603 5307 1774 5379 ἐχθρά

1917 5307 2072 5360 πιεοὶἰε
2117 5323 2222 5361 non
2258 5305 2583 5359 videbantur
2622 5306 2841 5359 inimica
2866 5344 2880 5367 ,
2925 5303 3036 5371 jam
3074 5302 3288 5356 tandem
3328 5315 3455 5368 per-

251 5396 362 5446 ὲστι.
396 5389 536 5442 Ποίου
563 5390 618 5444 δέ
646 5391 923 5464 ὀφθαλμοῦ
946 5395 1038 5448 καὶ
1061 5393 1218 5449 τοῦτο
1248 5395 1407 5464 ἔργον
1445 5399 1589 5451 ἐστὶν
1617 5398 1647 5468 ἢ
1678 5398 1768 5452 τοῦ

1919 5408 2060 5465 poeta
2084 5413 2205 5452 esse
2228 5408 2496 5466 quatenus
2522 5398 2738 5451 inimica
2763 5407 2905 5452 sunt.
2930 5395 3096 5464 Cujus
3116 5404 3294 5448 autem
3323 5392 3457 5448 alte-

314 5478 352 5509 “
391 5477 404 5531 Ι
447 5477 560 5532 Cor.
601 5496 655 5544 ιι,
701 5481 790 5545 32,
834 5483 924 5538 35.
1005 5484 1049 5515 “
1097 5484 1252 5539 Rom.
1289 5503 1366 5547 xl.
1403 5487 1493 5542 26.

598 5571 667 5624 ἐκ
698 5572 871 5634 Σιών.
897 5586 1000 5632 etc.
1027 5576 1205 5632 Codex
1236 5579 1622 5632 Coislinianus.

1946 5578 2060 5642 (55)
2089 5577 2368 5632 Αίσθεται
2397 5578 2840 5645 εὶσακουσθείς,
2871 5587 2978 5634 etc.
3012 5577 3176 5632 ItIcm.

315 5639 403 5710 (δαί)
427 5641 682 5710 Εὔξεται,
710 5653 815 5702 etc.
844 5646 1024 5702 Codex
1069 5647 1430 5704 Coisliniauus
1472 5649 1761 5704 secundus.

1267 5650 1430 5704 uiauus
1472 5649 1761 5704 secundus.
1945 5639 2056 5715 (56)
2092 5647 2471 5716 Εὺχηριστεῑ,
2503 5656 2608 5704 etc.
2641 5639 2805 5705 Idem.
