4120 6212
498 309 636 366 {MSS

1881 313 1966 367 EX
2009 312 2309 369 ORIGENE

3621 326 3769 382 1464

497 435 610 486 rius
634 431 774 485 oculi
808 431 935 486 illud
966 446 1101 500 opus
1131 439 1236 497 est,
1263 446 1425 500 quam
1457 432 1787 502 perspicacis
1809 443 1862 488 et
1893 434 2049 490 idonc

2172 436 2480 508 διορατικοῦ
2535 439 2628 492 καὶ
2674 438 2858 492 ἱκανοῦ
2907 439 3126 509 βλέπειν
3174 440 3234 493 τὸ
3281 441 3463 509 φίλον;
3520 443 3578 498 Ὀ
3597 443 3655 497 δέ
3685 449 3763 518 μὴ

497 527 564 579 ad
601 525 888 579 videndum
921 526 1063 594 quod
1089 527 1324 580 amicum
1357 526 1484 580 est?
1510 525 1613 593 Qui
1650 543 1780 581 vero
1808 543 1915 581 non
1948 542 2070 596 per-

494 615 682 684 spicax
705 623 786 668 est
821 613 1031 679 oculus,
1067 614 1350 683 deceptus,
1378 624 1437 668 et
1467 629 1748 683 perperam
1777 616 2067 684 aspiciens,

493 706 772 761 inimicum
819 716 876 761 ut
915 707 1149 761 amicum
1188 708 1412 774 videbit,
1443 718 1495 762 et
1529 710 1762 764 amicum
1800 719 1857 762 ut
1892 709 2067 762 inimi-

490 812 635 851 cum.

915 985 1079 1054 729
1139 985 1260 1038 PSA
1273 985 1458 1041 LMUS
1511 986 1568 1039 Ll
1581 986 1640 1038 ν.

562 1069 727 1127 Vens.
767 1072 823 1126 9..
871 1072 1104 1139 Exaudi,
1159 1074 1322 1139 Deus,
1370 1076 1664 1129 orationem
1709 1093 1901 1140 meum,
1954 1088 2060 1131 etc.

490 1163 657 1220 Nemo
679 1179 866 1220 eorum
898 1167 987 1229 qui
1024 1175 1280 1234 peccant,
1328 1169 1628 1235 praesertim
1676 1169 1884 1236 peccati
1930 1179 2065 1222 tem-

489 1273 643 1328 pore,
672 1257 917 1311 velitsibi
963 1259 1138 1310 virum
1173 1257 1480 1328 religiosum
1519 1261 1818 1324 attendere,
1862 1273 2065 1330 quanto

488 1351 670 1406 minus
702 1351 893 1405 Deum.
929 1350 984 1404 Si
1016 1351 1350 1406 intellexeris
1400 1352 1540 1406 istud
1571 1369 1586 1404 :
1623 1371 1642 1404 ι
1673 1354 1910 1410 Auribus
1939 1370 2062 1424 per-

488 1442 675 1509 eipite,
697 1455 890 1497 omnes
913 1443 1004 1510 qui
1032 1443 1293 1496 habitatis
1315 1444 1500 1498 orbem
1523 1443 1588 1509 ",
1618 1464 1638 1496 ι
1673 1447 1883 1501 deserta
1908 1447 2058 1501 verbi

488 1533 708 1588 malitia:
731 1535 845 1589 loca
879 1534 1169 1600 deserens,
1201 1535 1395 1590 venisti
1429 1535 1480 1590 in
1515 1538 1701 1592 orbem
1729 1539 2054 1602 habitatum,

485 1639 540 1680 et
576 1629 797 1683 veniens
831 1627 1089 1682 habitasti
1118 1629 1168 1681 in
1214 1643 1300 1683 co.
1354 1628 1528 1696 Atque
1567 1630 1794 1685 audiens
1832 1631 2054 1685 oracula

489 1721 604 1784 Dei,
671 1722 795 1774 dic:
838 1738 856 1770 ι
900 1719 1138 1773 Auribus
1186 1720 1422 1789 percipe,

2176 529 2479 599 διορατικὸς
2510 531 2786 602 ὀφθαλμὸς
2807 574 2820 595 ,
2847 532 3208 603 ἀπατώμενος
3240 536 3332 587 καὶ
3370 537 3632 609 παρορῶν
3651 583 3666 602 ,
3703 541 3766 594 τὸ

2179 622 2368 692 ἐχθρὸν
2397 624 2472 686 ὡς
2507 623 2658 692 φίλον
2695 624 2946 694 βλέψεται
2968 665 2981 689 ,
3006 626 3176 678 καὶτὸ
3208 627 3357 694 φίλον
3380 628 3702 709 ὼςηέχθρόν.

2783 992 3068 1046 ΨΑΛΜΟΣ
3095 993 3219 1045 ΝΔ’.

2259 1082 2584 1147 Ἐι-οώτισαι,
2604 1085 2635 1135 ό
2666 1082 2828 1148 Θεὸς,
2857 1083 2968 1150 τὴν
2992 1081 3344 1151 προσευχήν
3367 1102 3509 1152 μου,
3543 1102 3596 1142 κ,
3629 1103 3680 1140 τ.
3707 1087 3756 1140 ἑ.

2175 1174 2361 1235 Οὐδεὶς
2389 1173 2497 1226 τῶν
2519 1174 2630 1243 (57)
2662 1174 3098 1244 ἁμαρτανόντων,
3123 1174 3358 1244 μάλιστα
3371 1177 3519 1244 παρά
3537 1176 3629 1230 τὸν
3654 1179 3763 1248 τῆς

2174 1263 2444 1333 ἁμαρτίας
2482 1265 2670 1334 καιρὸν
2693 1305 2706 1329 ,
2744 1264 2884 1316 θέλοι
2915 1264 2980 1317 ἂν
3011 1265 3096 1316 ἵνα
3141 1265 3383 1335 προσέχῃ
3423 1266 3569 1336 αὐτῷ
3615 1269 3760 1338 ἀνὴρ

2173 1352 2502 1423 σεϐάσμιος,
2557 1355 2710 1423 πόσῳ
2747 1351 2906 1426 ἦττον
2955 1355 3107 1418 Θεός.
3174 1357 3346 1426 Εἴπερ
3411 1361 3611 1419 συνιεῖς
3667 1359 3755 1420 τὺ,

2173 1463 2189 1494 ι
2232 1443 2608 1508 Ἑνωτίσασθε,
2637 1445 2833 1508 πάντες
2865 1445 2914 1496 οἱ
2951 1444 3333 1508 κατοικοῦντες
3373 1446 3471 1514 τὴν
3504 1449 3759 1517 οἰκουμέ-

2166 1552 2262 1604 νην
2283 1573 2297 1595 ,
2332 1553 2351 1584 ι
2395 1532 2461 1585 τὰ
2487 1532 2667 1604 ἔρημα
2697 1532 2789 1586 τοῦ
2823 1533 2980 1602 λόγου
3016 1534 3114 1604 τῆς
3145 1536 3342 1598 κακίας
3381 1537 3555 1606 χωρία
3582 1553 3757 1590 κατα-

2161 1622 2331 1677 λιπὼν
2355 1664 2368 1688 ,
2398 1623 2656 1695 ἐλήλυθας
2685 1625 2778 1676 ἐπὶ
2803 1624 2899 1696 τὴν
2923 1625 3267 1696 οἰκουμένην,
3293 1627 3385 1679 καὶ
3419 1626 3586 1679 ἐλθὼν
3618 1645 3758 1680 κατ-

1505 1721 1644 1776 Dens
1673 1763 1688 1788 ,
1758 1723 2049 1776 orationem

2161 1715 2368 1786 ᾠκισας
2412 1718 2469 1769 ἐν
2513 1717 2674 1787 αὐτῇ.
2719 1717 2828 1769 Καὶ
2866 1717 3126 1779 ἐνωτίσας
3174 1717 3240 1770 τὰ
3280 1717 3439 1785 λόγια
3475 1717 3570 1770 τοῦ
3610 1719 3753 1772 Θεοῦ

487 1826 687 1878 meam;
720 1831 736 1864 ι
768 1821 821 1866 et
851 1811 1072 1866 auribus
1101 1811 1384 1881 percipiet,
1412 1827 1507 1865 nec
1532 1814 1757 1882 insuper
1781 1822 1831 1867 te
1869 1814 2049 1884 depre-

2162 1809 2306 1878 λέγεο
2338 1829 2356 1860 ι
2390 1809 2695 1870 Ἑνώτισαι,
2723 1809 2752 1860 ό
2783 1807 2933 1871 Θεὸς,
2959 1809 3056 1880 τὴν
3086 1812 3391 1880 προσευχήν
3434 1828 3554 1881 μου,
3595 1832 3615 1863 ι
3656 1815 3756 1866 καὶ

483 1914 698 1959 cantem
727 1904 1012 1974 deSpiciet.
1041 1908 1214 1970 Aude,
1243 1917 1497 1977 tanquam
1533 1906 1752 1960 minime
1783 1906 2058 1974 despectui

482 1995 783 2062 habendus,
829 1999 1013 2053 dicere
1045 2013 1058 2051 :
1093 2018 1111 2050 ι
1157 2000 1220 2052 Ει
1271 2015 1338 2053 ne
1373 1997 1684 2066 despexeris
1723 1997 2059 2067 deprecatio-

482 2102 603 2145 nem
659 2104 902 2144 meam.»
978 2091 1232 2157 Quinimo
1299 2091 1344 2145 si
1413 2092 1517 2145 Deo
1567 2091 1904 2154 attenderis,
1956 2089 2056 2158 ipsi

481 2183 779 2248 conlidens,
813 2183 1057 2237 dieistud
1093 2201 1105 2235 :
1155 2205 1171 2233 ι
1206 2184 1425 2239 Intende
1454 2185 1582 2238 mihi
1612 2201 1626 2250 ;
1665 2201 1684 2234 ι
1719 2193 1881 2252 atque
1908 2184 2058 2237 insn-

483 2289 578 2342 per
604 2276 649 2329 si
679 2276 854 2346 ipsum
895 2276 1134 2331 audieris
1162 2318 1175 2341 .
1209 2278 1464 2330 exaudiet
1495 2287 1566 2330 te.
1614 2278 1668 2329 Si
1701 2292 1833 2331 vero
1867 2277 2056 2339 etiam,

483 2375 539 2421 ut
565 2368 858 2438 Apostolus
887 2383 982 2438 per
1017 2371 1553 2424 commiserationem
1598 2370 1807 2438 lugens,
1845 2368 2056 2423 ﬂeveris

479 2473 602 2512 cum
634 2459 888 2515 ﬂentibus
920 2459 987 2525 “,
1033 2467 1087 2514 et
1126 2461 1400 2530 gemucris
1457 2461 1507 2513 in
1561 2462 1660 2515 hoc
1710 2461 2057 2516 tabernaculo

479 2560 825 2618 aggravatus,
854 2549 1019 2604 dicito
1053 2550 1179 2603 illud
1207 2568 1220 2604 :
1251 2569 1269 2602 ι
1303 2552 1670 2605 Contristatus
1711 2566 1851 2616 sum,
1887 2571 1906 2604 ι
1946 2561 2053 2606 etc.

551 2639 716 2694 Vens.
747 2640 800 2693 5.
879 2638 1236 2693 Contristatus
1280 2657 1397 2693 sum
1429 2641 1485 2694 in
1515 2643 1888 2696 exercitatione
1917 2659 2053 2706 mea,

479 2743 585 2786 etc.
619 2730 715 2785 Vel
741 2732 1188 2786 exercitationem
1219 2733 1322 2784 hoc
1358 2734 1475 2786 loco
1506 2735 1808 2788 orationem
1841 2735 2052 2805 signiﬁ—

479 2831 595 2885 cat;
627 2831 684 2875 nt
715 2823 877 2877 etiam
905 2822 957 2875 in
990 2822 1142 2875 Anna
1186 2841 1198 2874 :
1239 2841 1258 2873 ι
1288 2824 1362 2876 Ex
1411 2823 1754 2879 multitudine
1782 2827 2053 2880 exercita-

480 2913 639 2968 tionis
699 2928 834 2967 meae
891 2914 1110 2968 extabui
1167 2914 1235 2965 ⁸⁷.
1269 2934 1287 2965 ι
1352 2915 1416 2969 Ει
1465 2931 1802 2986 quaecunque
1856 2927 2054 2983 praeter

479 3015 681 3059 rectam
715 3005 979 3060 rationem
1029 3005 1114 3060 vel
1160 2989 1394 3060 facimus
1426 3007 1508 3060 vel
1539 3008 1792 3072 dicimus,
1839 3010 2052 3063 exerci-

477 3096 608 3151 tatio
638 3103 756 3161 est;
809 3096 951 3151 sicut
989 3097 1151 3151 etiam
1209 3097 1297 3150 illa
1343 3113 1463 3166 quae
1518 3107 1721 3152 temere
1756 3099 2048 3155 eﬂ‘utimus.

475 3184 724 3255 Seipsum
754 3199 885 3256 ergo
914 3188 1275 3252 condemnat,
1305 3187 1448 3257 quod
1502 3189 1854 3245 conturbatus
1893 3190 2050 3246 fuerit

474 3285 640 3345 atque
669 3277 837 3330 animi
874 3277 1318 3347 tranquillitatem
1351 3279 1597 3332 amiserit
1633 3297 1651 3330 ι
1706 3295 1733 3332 a
1782 3295 1912 3335 voce
1947 3281 2050 3335 ini—

473 3372 599 3425 mici
637 3379 692 3426 et
721 3386 749 3424 a
787 3371 1137 3426 tribulatione
1165 3372 1517 3438 peccatoris.»
1554 3372 1859 3427 Contitetur
1890 3375 2053 3445 igitur

474 3461 767 3538 Propheta,
806 3471 864 3516 ut
917 3463 1112 3516 doceat
1151 3477 1247 3516 nos
1281 3462 1562 3525 conﬁteri,
1615 3477 1904 3532 personam
1952 3478 2048 3517 no-

473 3564 646 3608 stram
681 3569 985 3608 assumens.

549 3645 708 3700 Vens.
736 3648 790 3700 4.
840 3647 910 3699 Et
957 3649 1297 3701 conturbatus
1335 3664 1446 3700 sum
1493 3664 1524 3698 (ι
1557 3663 1676 3700 voce
1712 3648 1911 3700 inimici
1942 3659 1990 3701 et
2018 3667 2049 3702 a

471 3739 818 3792 tribulatione
856 3740 1149 3808 peccatoris
1179 3753 1199 3794 :
1245 3741 1492 3809 quoniam
1547 3739 1941 3792 declinaverunt
1993 3741 2049 3792 in

471 3848 550 3886 me
589 3832 952 3902 iniquitatem,
987 3842 1034 3885 et
1077 3833 1130 3885 in
1181 3833 1262 3885 ira
1301 3830 1505 3884 molesti
1557 3839 1709 3883 erant
1754 3832 1905 3896 mihi,
1933 3842 2040 3885 etc.

467 3923 687 3977 Christo
717 3923 984 3978 liberante
1017 3923 1263 3977 homines
1306 3922 1374 3976 ab
1412 3921 1738 3976 adversariis
1765 3924 2045 3990 potestati-

469 4014 588 4077 bus,
619 4030 719 4068 vox
756 4015 1059 4084 peccatoris
1104 4014 1302 4068 diaboli
1334 4015 1627 4068 excitantis
1658 4015 1908 4070 subditas
1942 4016 2042 4070 sibi

469 4106 695 4160 virtutes
730 4117 916 4160 contra
963 4105 1322 4168 Salvatorem,
1362 4106 1412 4158 in
1463 4121 1627 4161 causa
1656 4105 1754 4159 fuit
1806 4122 1904 4160 cur
1939 4107 2044 4160 illae

467 4197 726 4251 adversus
755 4212 877 4252 eum
910 4197 1247 4264 iniquitatem
1281 4195 1622 4250 declinarent
1649 4197 1778 4250 etin
1814 4197 1892 4250 ira
1927 4214 2044 4251 mo-

467 4283 613 4336 testa:
646 4283 744 4350 ipsi
775 4293 976 4350 essent,
1018 4283 1086 4337 ita
1122 4293 1179 4336 ut
1213 4298 1308 4338 cor
1332 4282 1456 4337 Jesu
1492 4286 1880 4344 turbareturin
1906 4287 2040 4357 ipso,

2161 1901 2513 1966 ἐνωτίσεται,
2563 1900 2696 1954 ἀλλὰ
2742 1902 2835 1954 καὶ
2882 1900 2956 1971 μὴ
3001 1899 3270 1971 ὑπεριδὼν
3319 1901 3575 1971 δεομένου
3629 1920 3753 1957 σου.

2160 1991 2363 2062 Θάρῤει
2398 1991 2474 2054 ὼς
2511 1992 2610 2062 οὐχ
2658 1990 3173 2062 ὑπεροφθησόμενος
3215 1994 3423 2044 εἰπεῖν’
3471 2009 3490 2042 ι
3525 1993 3636 2045 Καὶ
3675 1994 3754 2063 μὴ

2160 2082 2419 2156 ὑπερίδῃς
2463 2083 2561 2150 τὴν
2611 2082 2798 2154 δέησίν
2831 2099 2951 2152 μου.
2997 2102 3013 2134 ι
3067 2082 3227 2136 Ἀλλά
3256 2085 3350 2135 καὶ
3380 2085 3427 2135 εἰ
3457 2085 3754 2154 προσέχεις

2158 2175 2294 2244 Θεῷ,
2326 2175 2600 2239 πεποιθὼς
2624 2175 2792 2245 αὐτῷ,
2818 2175 2942 2244 λέγε
2966 2177 3024 2229 τό
3046 2193 3059 2206 ο
3099 2195 3116 2226 ι
3159 2176 3402 2247 Πρόσχες
3443 2193 3532 2244 μοι
3554 2192 3566 2205 ·
3607 2195 3627 2226 ι
3667 2176 3752 2228 ἔτι

2157 2267 2212 2318 δὲ
2236 2268 2283 2319 εἰ
2317 2267 2553 2336 ἤκουσας
2572 2265 2734 2319 αὑτοῦ
2759 2307 2772 2330 ,
2804 2266 3025 2320 είσακού
3037 2267 3184 2319 σεταί
3209 2284 3323 2319 σου.
3370 2267 3528 2319 Ἀλλά
3550 2269 3598 2318 εἱ
3629 2270 3749 2331 καὶ,

2157 2355 2232 2418 ὡς
2283 2357 2312 2406 ὁ
2381 2355 2700 2418 Ἀπόστολος
2753 2355 2839 2408 διὰ
2901 2355 3312 2427 φιλανθρωπίαν
3373 2355 3745 2427 λυπούμενος,

2158 2447 2366 2510 κλαίεις
2403 2447 2540 2518 μετά
2566 2447 2886 2513 κλαιόντων,
2911 2448 3002 2501 καὶ
3045 2449 3322 2512 στενάζεις
3347 2450 3404 2502 ὲν
3443 2449 3520 2520 τῷ
3553 2453 3746 2519 σκήνει

2159 2539 2491 2610 βαρούμενος
2513 2583 2527 2607 ,
2562 2540 2682 2592 είπὲ
2714 2541 2806 2593 τό·
2847 2557 2866 2590 ι
2909 2541 3207 2611 ἐλυπήθην,
3244 2559 3261 2592 ι
3293 2541 3388 2593 καὶ
3409 2541 3475 2593 τά
3504 2541 3645 2610 ἐξῆς.

2243 2631 2590 2700 Ἐνίυπήθην
2629 2632 2698 2686 ἐν
2736 2631 2812 2699 τῇ
2855 2630 3192 2701 ἀδολεσχίᾳ
3215 2649 3371 2700 μου,
3402 2649 3458 2687 κ.
3491 2649 3541 2686 τ.
3580 2634 3627 2688 ὲ.
3668 2635 3745 2687 Ἦ

2156 2722 2472 2794 ἀδολεσχίαν
2497 2723 2604 2794 (58)
2629 2722 2863 2777 ἐνταῦθα
2884 2723 2982 2793 τὴν
3021 2724 3186 2793 εὐχὴν
3221 2724 3477 2794 σημαίνει
3498 2765 3513 2788 ,
3535 2726 3609 2790 ὡς
3645 2728 3744 2779 καὶ

2157 2814 2251 2866 ἐπὶ
2284 2815 2381 2884 τῆς
2408 2817 2628 2886 Ἀννης·
2659 2833 2678 2864 ι
2719 2815 2812 2867 Ἐκ
2840 2814 3076 2885 πλήθους
3111 2814 3424 2885 ἀδολεσχίας
3461 2834 3561 2887 μου
3588 2819 3745 2872 ἐκτέο

2152 2922 2316 2976 τηκα.
2358 2925 2375 2955 ι
2410 2907 2517 2958 Καὶ
2558 2907 2659 2960 ὅσα
2693 2906 2749 2958 δὲ
2797 2906 3108 2977 πράττομεν
3138 2908 3170 2977 ἢ
3199 2907 3430 2977 λέγομεν
3645 2911 3743 2962 τὸν

2157 2998 2315 3068 ὀρθὸν
2346 2997 2502 3067 λόγον
2528 3037 2542 3062 ,
2569 2999 2851 3069 ἀδολεσχία
2875 3002 2992 3053 ἐστὶ
3012 3040 3027 3064 ,
3051 3000 3126 3063 ὼς
3161 3001 3252 3054 καὶ
3273 3002 3371 3053 ὅσα
3400 3002 3516 3071 εἰκῆ
3544 3002 3747 3055 λαλοῦ-

2161 3106 2279 3159 μεν.
2322 3089 2582 3159 Κατέγνω
2623 3087 2716 3145 οῦν
2761 3093 2954 3146 ἑαυτοῦ
2997 3095 3090 3145 ἐπὶ
3133 3093 3210 3162 τῷ
3240 3091 3596 3164 τεταράχθαι,
3634 3096 3746 3147 καὶ

2156 3181 2254 3251 τὴν
2279 3181 2377 3250 τῆς
2405 3181 2582 3252 ψυχῆς
2610 3183 3010 3237 ἀπολωλεκέναι
3037 3183 3275 3255 γαλήνην
3313 3203 3331 3235 ι
3361 3184 3452 3236 ἐπὶ
3477 3187 3544 3254 τῇ
3578 3189 3738 3256 φωνῇ

2152 3271 2246 3324 τοῦ
2277 3272 2472 3342 ἐχθροῦ
2502 3275 2595 3327 καὶ
2623 3274 2730 3327 ἀπὸ
2763 3274 2993 3344 θλίψεως
3019 3274 3365 3346 ἀμαρτωλοῦ.
3397 3295 3414 3327 ι
3448 3275 3737 3345 Ἐξομολο-

2153 3365 2330 3431 γεῖται
2363 3361 2456 3417 οὖν
2476 3405 2489 3427 ,
2527 3364 2790 3418 διδάσκων
2833 3368 2980 3436 ἡμᾶς
3013 3369 3040 3418 ό
3067 3367 3360 3438 Προφήτης
3398 3367 3738 3440 ἐξομολογεῖ-

2155 3455 2279 3508 σθαι
2305 3495 2318 3517 ,
2350 3455 2409 3508 τὸ
2435 3456 2724 3526 πρόσωπον
2747 3459 2780 3528 ἡ
2789 3457 2903 3528 μῶν
2933 3457 3238 3512 ἀναλαϐών.

2222 3641 2331 3693 Καὶ
2358 3639 2697 3710 ἐταράχθην
2716 3641 2836 3694 ἀπὸ
2862 3642 3067 3711 φωνῆς
3089 3645 3306 3712 ἐχθροῦ
3337 3645 3435 3698 καὶ
3469 3647 3587 3700 ἀπὸ
3616 3649 3738 3701 θλί-

2149 3733 2310 3798 ψεως
2332 3731 2682 3798 ἀμαρτωλοῦ
2703 3749 2715 3762 ·
2743 3731 2830 3785 ὅτι
2859 3732 3180 3796 ἐξέκλιναν
3205 3735 3301 3788 ἐπ’
3327 3736 3432 3805 ἐμὲ
3451 3738 3731 3807 ἀνομίαν,

2149 3822 2244 3874 καὶ
2281 3822 2350 3874 ἐν
2389 3821 2533 3890 ὀργῇ
2565 3822 2888 3878 ἐ-νδνιότουν
2915 3843 3016 3894 μοι
3037 3868 3050 3891 ,
3082 3843 3137 3879 κ.
3168 3843 3216 3880 τ.
3255 3828 3300 3880 ἐ.
3329 3827 3565 3898 Χριστοῦ
3597 3830 3736 3882 ἁπο-

2152 3913 2394 3976 σπῶντος
2454 3915 2566 3983 (59)
2616 3914 2934 3987 ἀνθρώπους
2998 3919 3105 3970 ἀπὸ
3163 3918 3271 3971 τῶν
3329 3920 3732 3990 ἀντικειμένων

2151 4005 2440 4075 ἐνεργειῶν
2459 4045 2473 4068 ,
2507 4007 2540 4077 ὴ
2570 4008 2719 4078 φωνὴ
2749 4009 2841 4062 τοῦ
2875 4010 3200 4082 ἀμαρτωλοῦ
3227 4011 3474 4066 διαὸόλου
3520 4030 3733 4085 παρορ-

2151 4095 2359 4166 μῶντος
2396 4098 2492 4160 τὰς
2531 4099 2621 4150 ὑπ’
2653 4101 2812 4153 αὐτὸν
2857 4101 3110 4172 δυνάμεις
3151 4103 3293 4156 κατὰ
3338 4103 3432 4157 τοῦ
3471 4105 3730 4175 Σωτῆρος

2147 4188 2294 4240 αἰτία
2341 4189 2546 4255 ἐγίνετο
2590 4190 2684 4244 τοῦ
2728 4192 2939 4255 ἐκείνας
2987 4193 3252 4246 ἐκκλίνειν
3300 4195 3383 4246 ἐπ’
3421 4195 3582 4248 αὑτὸν
3623 4197 3726 4266 τὴν

2147 4280 2406 4349 ἀνομίαν,
2445 4282 2538 4334 καὶ
2563 4283 2620 4334 ἐν
2658 4282 2792 4353 ὀργῇ
2844 4284 3086 4350 ἐγκοτεῖν
3129 4282 3312 4353 αὐτῷ,
3354 4284 3430 4347 ὡς
3469 4285 3563 4337 τοῦ
3614 4284 3717 4356 ἰη-

469 4381 521 4426 et
567 4372 796 4427 formido
841 4375 1030 4428 mortis
1060 4374 1276 4428 caderet
1308 4389 1471 4444 super
1516 4375 1685 4441 illum,
1744 4377 1939 4432 timore
1990 4390 2043 4433 et

2155 4371 2243 4424 σοῦ
2283 4373 2642 4442 ταράττεσθαι
2671 4373 2768 4444 τὴν
2800 4373 3027 4443 καρδίαν
3069 4377 3126 4434 ἐν
3171 4375 3354 4445 αὐτῷ,
3384 4377 3475 4428 καὶ
3521 4375 3726 4429 δειλίαν

469 4472 702 4517 tremore
732 4463 1072 4518 venientibus
1104 4480 1267 4535 super
1294 4465 1465 4530 illum,
1509 4475 1564 4521 et
1595 4467 1824 4538 caligine
1865 4468 2037 4537 ipsum

463 4555 761 4626 operiente.

538 4648 698 4703 Vnus.
740 4648 795 4706 5.
836 4646 941 4702 Cor
979 4663 1147 4700 meum
1197 4649 1564 4702 conturbatum
1594 4661 1669 4704 est
1700 4652 1752 4703 in
1793 4668 1893 4716 me,
1929 4662 2032 4706 etc.

447 4738 637 4794 ‘llabet
663 4738 792 4808 quid
822 4737 1000 4792 simile
1031 4736 1180 4800 illud,
1226 4755 1244 4788 ι
1274 4737 1385 4793 Cor
1424 4753 1599 4792 meum
1659 4740 2034 4794 conturbatum

459 4844 542 4888 est
569 4833 622 4888 in
663 4847 771 4896 me,
802 4852 820 4884 ›
856 4832 943 4887 isti
973 4850 985 4886 :
1019 4849 1038 4884 ι
1061 4833 1140 4886 Ad
1167 4833 1430 4901 meipsnm
1461 4830 1638 4885 anima
1674 4847 1790 4886 mea
1814 4841 2034 4886 contur-

461 4926 582 4978 bata
617 4931 705 4976 est
734 4922 798 4975 ⁵⁸.
826 4941 843 4974 ι
877 4921 1144 4978 Caeterum
1171 4922 1336 4977 etiam
1379 4929 1608 4975 mortem
1634 4921 1969 4990 exspectanti
2003 4938 2031 4974 a

458 5028 625 5085 pravo
679 5015 912 5084 quodam
962 5013 1156 5080 spiritu
1222 5014 1384 5068 timor
1436 5012 1707 5080 injicitur;
1767 5012 1859 5082 qui
1911 5028 2031 5068 eum

457 5107 617 5162 vellet
641 5109 855 5176 operari
906 5107 958 5160 in
991 5108 1082 5162 illo
1110 5109 1199 5178 qui
1251 5108 1394 5162 hunc
1449 5107 1713 5176 psalmum
1769 5109 2027 5174 dictabat,

456 5198 617 5252 irruit
646 5200 699 5253 iu
732 5198 991 5264 eum,sed
1022 5213 1126 5252 non
1151 5199 1372 5254 omnino
1400 5199 1578 5255 eﬂ’ecit
1613 5200 1753 5269 quod
1795 5199 2026 5255 volebat.

457 5286 723 5346 Similiter
749 5301 964 5356 quoque
999 5288 1151 5343 dices
1183 5290 1248 5343 de
1279 5289 1474 5344 timore
1503 5305 1566 5344 ac
1599 5297 1835 5345 tremore
1864 5305 2026 5360 super

2149 4465 2378 4520 θανάτου
2404 4466 2698 4536 ἐμπίπτειν
2727 4465 2874 4536 αῦτῷ
2895 4505 2910 4531 ,
2947 4465 3112 4535 φόϐου
3135 4467 3228 4520 καί¹
3254 4468 3457 4538 τρόμου
3490 4468 3726 4538 ἐρχομέ-

2148 4573 2252 4609 νων
2275 4557 2360 4608 ἐπ’
2387 4557 2548 4610 αὑτὸν
2567 4596 2580 4620 ,
2618 4556 2712 4610 κού⁹
2747 4556 2938 4610 σκότου
2968 4555 3332 4620 καλύπτοντος
3360 4557 3541 4613 αὐτόν.

2227 4648 2286 4701 Ἠ
2312 4646 2525 4714 καρδιά
2547 4664 2664 4715 μου
2695 4645 2993 4715 ἐταράχθη
3025 4647 3095 4699 ἐν
3122 4647 3274 4715 ἐμοὶ,
3309 4665 3363 4701 κ.
3395 4665 3446 4700 τ.
3480 4651 3526 4701 ἐ.
3563 4650 3721 4720 Ἔχει

2143 4739 2392 4809 τιὸμοιον
2416 4737 2524 4808 (40)
2542 4737 2624 4800 τὸ,
2648 4757 2666 4788 ι
2705 4738 2767 4790 Ἡ
2787 4738 2984 4810 καρδία
3018 4755 3119 4809 μου
3145 4739 3414 4810 ἐταράχθη
3435 4743 3493 4794 ὲν
3521 4742 3664 4813 ἐμοὶ,
3694 4764 3714 4794 ι

2143 4828 2240 4899 τῷ,
2279 4847 2297 4880 ι
2324 4829 2466 4900 Πρὸς
2498 4829 2731 4897 ἐμαυτὸν
2776 4833 2808 4901 ή
2839 4829 2982 4900 ψυχή
3019 4847 3118 4900 μου
3146 4830 3442 4902 ἐταράχθη.
3483 4852 3501 4885 ι
3559 4835 3720 4888 Ἀλλὰ

2143 4921 2235 4974 καὶ
2265 4920 2356 4972 ἐπὶ
2389 4919 2604 4991 θανάτῳ
2636 4921 3066 4992 προσδοκωμένῳ
3097 4923 3265 4976 δειλία
3301 4924 3408 4977 ἀπό
3442 4941 3588 4989 τινος
3617 4944 3717 4980 πο-

2141 5014 2312 5084 νηρᾶς
2353 5013 2629 5084 ἐνεργείας
2657 5014 2903 5081 γίνεται,
2947 5014 3103 5083 ἥτις,
3151 5014 3444 5086 βουλομένη
3491 5021 3720 5090 ἐνεργῆ-

2142 5122 2229 5158 σαι
2255 5109 2335 5168 είς
2357 5106 2444 5158 τὸν
2472 5106 2694 5175 λέγοντα
2728 5106 2817 5159 τὸν
2845 5106 3058 5176 ψαλμὸν
3082 5147 3096 5171 ,
3150 5107 3414 5161 ἐπέπεσεν
3450 5109 3620 5179 αὐτῷ,
3654 5113 3714 5165 οὐ

2140 5200 2354 5263 πάντως
2404 5199 2461 5251 δὲ
2501 5200 2596 5252 καὶ
2636 5201 2934 5270 ἐνήργησεν
2964 5200 2991 5252 ὃ
3019 5201 3303 5271 ἐϐουλήθη.
3337 5201 3408 5254 Τὸ
3435 5202 3492 5256 δὲ
3529 5203 3715 5273 ὅμοιον

2136 5294 2281 5362 ἐρεῖς
2315 5293 2407 5344 καὶ
2436 5291 2528 5343 ἐπὶ
2559 5290 2652 5344 τοῦ
2687 5291 2930 5355 ἐλθόντος
2969 5293 3055 5345 ἐπ’
3082 5291 3243 5346 αὑτὸν
3269 5293 3434 5362 φόϐου
3468 5296 3562 5350 καὶ
3589 5297 3716 5368 1:96-

523 5425 741 5480 “Psal.
775 5441 964 5480 xevm.
1016 5427 1069 5479 2.
1148 5427 1192 5458 ⁸⁸
1249 5428 1404 5483 Rom.
1466 5445 1562 5494 xu,
1617 5431 1705 5485 15.
1785 5431 1876 5487 ’⁸⁷1
1925 5432 2049 5501 llcg.

2185 5430 2271 5484 16.
2349 5431 2392 5462 ⁸⁸
2423 5429 2565 5486 Psal.
2605 5447 2713 5497 XLI,
2743 5433 2794 5487 7.

545 5560 633 5616 57)
667 5560 878 5627 Οὐδεὶς
902 5561 1039 5624 τῶν,
1076 5569 1178 5617 etc.
1211 5562 1411 5616 Catena
1443 5563 1705 5618 Corderii.

543 5629 630 5700 38)
661 5632 734 5683 Ἦ
760 5631 1151 5700 ἀδολεσχίαν,
1179 5642 1286 5686 etc.
1317 5633 1533 5687 Eadem.

518 5699 628 5769 (39)
661 5701 919 5766 Χριστοῦ
951 5699 1368 5769 ἀποσπῶντος,
1425 5712 1530 5758 etc.
1586 5704 1766 5777 Codex
1826 5704 2024 5762 Coidi-

2133 5564 2328 5617 nianus
2363 5565 2650 5619 secundus.

2203 5634 2314 5701 (40)
2347 5635 2512 5705 Ἔχει
2538 5653 2592 5688 τι
2625 5634 2850 5705 ὅμοιον,
2884 5649 2988 5694 etc.
3018 5636 3219 5694 Catena
3259 5637 3505 5696 Corderii
3533 5650 3589 5695 et
3619 5656 3711 5698 co-

2133 5703 2236 5760 dex
2264 5704 2643 5762 Coislinianus.
