1948 3350
28 188 107 215 εδδ

10 256 82 275 LOU
102 256 113 263 ·
141 249 253 275 ἅτινα
264 267 272 280 ,
285 248 346 274 ἐπεὶ
357 243 436 282 εὗρεν
447 246 528 273 αὑτὸν
538 245 708 281 ἐγρηγορότα
717 264 724 276 ,
738 244 788 271 οὐκ
798 245 878 279 ὲνήρ-
893 248 914 275 Α

7 302 154 329 τησεν.
181 303 195 320 ι
221 293 359 327 Ἐκάλυψέ
379 301 411 327 με
427 293 455 319 δὲ
469 292 575 323 σκότος,
593 301 601 316 ι
619 288 679 316 εἶπε
697 290 740 317 διὰ
754 290 784 316 τὺ
797 290 877 324 σῶμα

6 340 183 367 σκοποῦν
206 340 264 375 τὴν
274 339 380 374 ψυχὴν,
398 339 442 365 ὅτε
465 337 626 373 ἁμαρτωλὸς
648 337 694 363 καὶ
716 336 813 372 ἐχθρὸς
832 337 877 362 ἐκ·

5 386 213 413 κλίνουσιν
243 386 286 412 ἐπ’
314 386 363 421 ἐμὲ
389 385 500 419 ἀνόμων
523 384 642 418 ποίησιν.
665 383 801 419 ’Λμαρτία
823 382 876 417 γὰρ

9 432 217 468 ἁμαρτίαν
240 430 373 467 ὲρεΘίζει·
389 431 493 461 δίκαιος
507 430 535 456 δὲ
549 429 646 464 δικαίῳ
669 428 756 455 συνὼν
776 428 876 455 δικαιό-

6 485 136 512 τερος
169 477 302 511 γίνεται.
327 486 335 502 ι
348 477 403 503 Καὶ
426 477 455 503 ὲν
476 475 544 511 ὀργῇ
563 475 704 502 ὲνεκότουν
723 483 777 510 μοι.
796 484 805 499 ι
823 475 876 501 Καὶ

13 523 137 550 τοῦτο
157 523 230 550 τῶν
248 522 418 559 ἁμαρτωλῶν
427 542 435 554 ,
447 523 472 549 οἳ
483 522 530 548 καὶ
542 522 591 557 τὴν
604 521 703 557 ἔχθραν
715 521 764 555 οὐχ
780 520 875 551 ἁπλῶς

15 569 264 604 ἐργάζονται,
288 569 356 595 ἀλλὰ
380 568 427 594 καὶ
451 569 481 594 ἐν
514 567 612 602 σκότῳ.
639 567 797 600 (Ἐγκοτεῖν
812 576 821 591 ι
850 566 876 592 δέ

22 616 134 642 ἐστιν
170 615 401 650 ἐναποκειμένην
425 614 498 649 ἔχειν
525 614 574 648 τὴν
596 614 691 649 ὀργήν.
717 613 875 639 Ἐπίσταται

24 661 230 693 σπουδαῖος
248 661 320 692 ἅπας
335 660 428 695 ἕτερον
446 658 515 686 εῖναι
530 659 560 686 τὸ
579 660 607 685 ἐν
626 659 766 693 λογισμοῖς
786 659 876 693 ἀμαρ-

25 706 157 733 τὰνειν
182 706 213 741 (δ
239 707 287 733 καὶ
303 706 416 732 ἀνεκτόν
438 705 506 740 ἐστι)
526 705 573 731 καὶ
590 705 702 739 ἕτερον,
724 705 752 730 ὲν
777 703 875 739 πράξει

28 752 97 778 καὶ
116 752 234 786 λόγοις
250 752 275 785 (ὃ
290 752 335 778 καλ¹
351 751 520 778 ἐπικίνδυνον
539 751 586 777 καὶ
605 750 696 786 βαρύ).
714 750 760 777 Διὸ
782 750 826 777 καὶ
852 750 878 776 εῐ

31 805 127 823 ’ποτε
158 798 194 823 ἐν
218 797 359 832 λογισμοῖς
373 796 492 831 συμϐαίη
510 795 602 822 κλόνον
613 796 659 822 καὶ
679 795 780 831 βλάϐην
801 795 875 829 γίνε-

36 842 122 869 σθαι
138 862 145 874 ,
168 843 204 869 ὲν
231 842 323 877 ἐαυτῷ
343 842 471 876 φυλάττει
488 842 575 873 αὐτὰ,
600 841 660 868 οὐδὲ
680 841 813 876 προφέρει
832 841 875 867 λό-

35 897 104 918 γον
118 909 128 921 ,
149 888 233 915 κατὰ
251 889 282 915 τὸ
306 890 335 915 ὲν
355 877 468 924 κροτέτῴ
485 889 653 924 ἁμάρτημα,
677 888 737 915 οὐδὲ
760 888 874 923 πράττει

6 945 8 947 ι
40 934 342 970 ἀποτελέσματικῶς
352 954 359 966 ,
374 923 450 966 εἰδὼς
463 935 570 969 ἰάσιμον
586 932 654 961 εἶναι
675 935 705 960 τὸ
719 934 872 969 ἐνθύμημα.
889 923 910 950 Β

40 981 91 1006 Τὸ
111 981 148 1007 δὲ
162 981 197 1006 ὲν
209 980 310 1016 πράξει
323 981 369 1007 καὶ
382 979 470 1014 λόγοις
477 980 601 1007 δυσίατον
615 980 668 1007 ἐσθ’
677 981 720 1007 ὅτε
736 981 781 1007 καὶ
799 980 874 1007 ἁνία-

42 1034 118 1052 τον.
140 1026 193 1052 Διό
205 1035 301 1061 φησιν·
320 1036 328 1051 ι
352 1027 384 1052 Ἦ
398 1026 496 1061 καρδία
510 1035 560 1061 μου
578 1025 716 1062 ἐταράχθη
730 1027 758 1052 ὲν
775 1027 846 1061 ἐμοί.
862 1037 870 1053 ι

45 1072 94 1097 Οὺ
116 1071 181 1106 γὰρ
199 1071 366 1107 ἡρμήνέυσα
380 1072 428 1106 τὴν
449 1071 571 1107 ταραχὴν
583 1092 590 1102 ,
608 1071 625 1106 ἦ
645 1071 750 1106 ἔπραξά
770 1079 797 1097 τι
813 1072 873 1097 κατ’

50 1116 151 1143 αὐτόν
167 1125 176 1133 ο
200 1117 273 1144 ἀλλὰ
292 1117 339 1144 καὶ
354 1117 454 1149 δειλίας
471 1117 653 1152 ἐπιπεσούσης
670 1117 785 1144 θανάτου
809 1118 873 1144 ἀκο-

49 1162 238 1195 λουθοῦντος
254 1164 287 1199 τῇ
301 1163 434 1199 ἁμαρτίᾳ,
457 1164 485 1190 ὲν
502 1163 611 1198 ἐμαυτῷ
630 1163 713 1198 αὐτὴν
730 1163 871 1198 κατέσχον.

8 1215 11 1217 ·
54 1208 229 1243 Συμϐαίνει
249 1209 304 1244 γὰρ
320 1210 352 1235 ὲκ
366 1209 419 1236 τῶν
433 1209 486 1242 ἔξω
502 1209 551 1244 τὴν
566 1209 666 1236 δειλίαν
680 1209 814 1244 φανῆναι,
826 1210 872 1236 καὶ

6 1272 9 1277 .
55 1254 174 1289 ἑτέρων
202 1255 371 1290 πρόσκομμα
391 1255 518 1289 γενέσθαι
538 1255 583 1282 τὸν
600 1255 763 1291 δηλωθέντα.
781 1255 817 1282 Τὸ
832 1255 870 1287 δὲ,

61 1309 72 1324 ι
90 1299 186 1331 Φόϐος
205 1300 256 1327 καὶ
272 1301 373 1338 τρόμος
388 1298 469 1336 ἦλθεν
491 1302 536 1328 ἐπ’
551 1301 616 1337 ἐμὲ,
639 1301 686 1328 καὶ
706 1301 824 1336 ὲκάλυψέ
838 1309 871 1336 με

60 1345 194 1378 σκότος,
217 1356 227 1372 ι
258 1346 309 1381 τῆς
332 1347 438 1381 φύσεως
464 1347 514 1382 τῆς
540 1347 714 1384 ἀνθρωπίνης
742 1347 870 1382 ὑπάρχει,

60 1391 193 1426 ἐχούσης
209 1391 241 1418 τὸ
253 1392 403 1427 παθητικὸν
415 1393 461 1420 καὶ
472 1393 586 1429 θυμικὸν
601 1394 647 1420 καὶ
661 1393 869 1428 ἐπιθυμητικόν.

63 1436 133 1464 Κᾶν
149 1438 212 1463 κατ’
237 1438 339 1474 ἀρετήν
359 1447 401 1470 τις
427 1440 568 1475 προκόπτῃ
580 1459 587 1470 ,
604 1440 653 1466 οὐκ
670 1439 870 1475 ἀφανιζομένοιι

9 1508 11 1513 γ
61 1482 118 1508 τοῦ
146 1482 320 1518 παθητικοῦ,
339 1485 482 1520 συμϐαίνει
503 1486 532 1511 ὲν
554 1486 586 1520 τῇ
610 1485 746 1522 λεγομένῃ
759 1493 869 1521 συμπα-

6 1546 11 1562 ;
64 1529 134 1562 Θείᾳ
163 1529 301 1563 γενέσθαι.
340 1531 448 1566 Ἀμέλει
474 1531 538 1566 γοῦν
567 1532 613 1558 καὶ
637 1531 667 1557 τὸ
692 1531 870 1567 προκείμενον

12 1593 14 1595 ›
66 1575 239 1610 τρόσωπον,
256 1576 409 1612 ὠθούμενον
433 1577 485 1604 ὑπὸ
507 1578 603 1611 φωνῶν
621 1577 725 1612 ἐχθρῶν
746 1578 794 1603 καὶ
815 1577 870 1603 Ολί-
884 1593 904 1620 C

70 1620 150 1654 ψεως
163 1620 343 1656 ἀμαρτωλοῶ
360 1621 607 1657 ἀναρριπιζόμενον
624 1622 686 1656 ἔσχε
705 1622 734 1648 τὸ
750 1622 868 1657 ἐνυπάρ-

73 1673 124 1699 χον
139 1665 305 1699 παθητικὸν,
327 1666 365 1697 ὡς
394 1666 545 1701 φοόηοῆναι
559 1686 566 1698 ,
582 1666 629 1693 xui.
650 1666 744 1702 τρόμῳ
766 1667 868 1693 ὑποπε-

77 1711 136 1736 σεῖν
152 1710 204 1735 ὑπὸ
219 1710 264 1736 τοῦ
279 1711 328 1745 τῆς
348 1711 465 1747 ἀπορίας
482 1712 594 1743 σκότους
604 1720 610 1726 ·
633 1712 682 1746 τὴν
695 1712 748 1748 γὰρ
772 1720 867 1738 σκοτο-

77 1755 194 1782 δινίασιν
206 1755 300 1787 σκότος
314 1756 452 1784 ἐκάλεσεν.

117 1845 170 1871 Καὶ
182 1843 265 1872 εἶπα·
288 1846 335 1878 Τίς
352 1846 440 1873 δώσει
458 1856 508 1881 μοι
524 1847 673 1882 πτέρυγας
686 1848 758 1876 ὡσεὶ
783 1858 866 1883 περι-

84 1888 194 1923 στερᾶς,
212 1899 237 1917 κ.
253 1899 279 1917 τ.
300 1892 323 1917 ὲ.
341 1891 478 1926 Πτέρυγές
494 1893 547 1918 εἱσι
562 1892 680 1928 (41)τῆς
694 1894 772 1928 ἁγίας
788 1903 865 1930 περι-

84 1937 181 1970 στερᾶς
203 1937 218 1971 ὴ
244 1935 343 1969 Θεωρία
369 1937 503 1972 σωμάτων
525 1939 571 1965 καὶ
598 1939 766 1975 ἀσωμάτων,
784 1940 817 1967 δι’
833 1940 865 1976 ἧς

85 1981 196 2016 ὑψωθεὶς
219 1984 232 2009 ο
261 1982 323 2015 νοῦς
352 1983 505 2010 καταπαύει
535 1986 575 2016 εἰς
592 1985 691 2019 γνῶσιν
714 1987 763 2022 τῆς
786 1987 865 2021 ἁγίας

86 2028 200 2064 Τριάδος.

125 2074 192 2101 Ἰδοὺ
203 2074 353 2109 ἐμάκρυνα
374 2076 569 2111 φυταδεύων,
588 2077 637 2104 καὶ
653 2079 807 2113 -ηὐλίσθην
831 2081 865 2107 ἐν

88 2120 239 2156 τῇἐρήμῳ,
255 2131 282 2148 κ.
298 2131 323 2148 τ.
336 2123 360 2150 ἑ.
380 2123 412 2149 Ἡ
426 2123 472 2150 τοῦ
489 2124 649 2159 φυγαδεύειν
668 2126 740 2159 λέξις
758 2126 814 2161 (42)
832 2127 863 2153 τὸ

87 2165 185 2193 διώκειν
200 2168 244 2194 καὶ
257 2169 296 2199 είς
310 2168 398 2204 φυγὴν
412 2170 523 2205 τρέπειν
533 2171 595 2203 τοὺς
609 2171 802 2207 ἐλαυνομένους
815 2173 863 2208 δη-

89 2211 135 2238 λοῖ.
146 2213 208 2247 Φησὶ
215 2212 276 2246 γοῦν
286 2214 299 2239 ὁ
310 2214 354 2240 τὸν
362 2214 468 2250 ψαλμὸν
476 2216 573 2250 λέγων,
584 2227 592 2241 ι
604 2217 669 2244 Ἰδοὺ
678 2218 832 2253 ὲμάκρυνα,
852 2229 860 2245 ι

90 2258 215 2285 τουτέστιν
232 2258 277 2285 ἐπὶ
301 2259 367 2286 πολὺ
389 2261 548 2294 φυγαδεύων
569 2262 616 2289 τὸν
638 2263 734 2298 ἐχθρὸν
753 2264 800 2290 καὶ
817 2265 861 2291 τὸν
878 2269 900 2297 D

94 2304 250 2339 ἁμαρτωλὸν,
267 2304 305 2336 ὡς
316 2305 427 2332 ἐκείνων
443 2306 634 2343 ὲληλασμένων
648 2309 810 2345 αὐλισθῆναι
828 2319 861 2345 με

93 2349 119 2375 ὲν
128 2350 156 2383 τῇ
170 2349 257 2385 ἐρήμῳ
267 2369 274 2381 ,
287 2350 425 2377 τουτέστιν
438 2351 672 2381 διαναπαύσασθαι
686 2356 714 2381 ὲν
726 2356 862 2383 καταστά-

93 2396 257 2430 σειειρηνικῇ.
279 2396 310 2422 El
328 2395 356 2422 δὲ
373 2396 402 2423 τὸ
420 2407 429 2423 ι
443 2399 606 2433 φυγαδεύειν
621 2410 630 2426 ν
657 2400 729 2433 ἰδίως
744 2401 861 2429 ἐνταῦθα

96 2449 104 2465 ι
122 2441 204 2473 φυγεῖν
219 2451 227 2467 ι
246 2441 390 2476 σημαίνει,
405 2443 463 2478 ἐρεῖ
478 2445 492 2470 ὁ
508 2445 611 2478 δίκαιος
625 2448 688 2479 τοὺς
701 2448 732 2474 ἐκ
751 2457 860 2485 περιτο-

96 2485 141 2520 μῆς
159 2486 252 2520 φεύγων
266 2488 311 2514 καὶ
327 2490 531 2525 μακρυνόμενος
545 2491 588 2518 διὰ
602 2493 651 2527 τὴν
672 2495 740 2529 πρὸς
760 2495 859 2526 αὐτοὺς

95 2529 241 2562 ἀλαζονείανσ
254 2532 391 2568 ΙΙὺλίσθην
409 2535 437 2560 ὲν
453 2536 485 2570 τῇ
505 2536 600 2572 ἐρήμῳ
621 2538 703 2573 νόμου
724 2540 771 2566 καὶ
794 2549 859 2575 προ-

97 2575 173 2609 φητῶν
198 2576 347 2614 Ἐκκλησίᾳ.
371 2579 496 2615 Ἀρμόζει
517 2581 545 2608 δὲ
560 2582 606 2609 καὶ
625 2582 663 2618 τῷ
678 2585 737 2610 κατ’
753 2586 855 2611 οἰκονο-

99 2620 152 2655 μίαν
167 2622 272 2658 Χριστῷ.

127 2666 332 2711 ῌροσεδεχόμην
341 2668 395 2696 τὸν
407 2672 538 2704 σώζοι-τά
545 2681 583 2706 με
592 2674 649 2700 ἀπὸ
659 2675 741 2709 (Utro
747 2676 857 2711 ψυχίας

99 2709 138 2735 καὶ
150 2711 308 2746 mulir/60c,
322 2722 350 2740 κ.
367 2723 392 2741 1.
408 2715 430 2741 ἑ.
447 2716 580 2751 Καταιγὶς
593 2719 607 2744 ὁ
625 2719 712 2753 μέγας
722 2720 776 2755 (45)
790 2709 855 2748 λέξει-

100 2756 184 2792 ρασμδς
196 2759 235 2784 καὶ
255 2758 337 2791 πολὺς
357 2761 427 2788 κατὰ
443 2763 491 2797 τῆς
507 2763 596 2798 ψυχῆς
614 2764 717 2797 πνέων,
736 2766 800 2792 ὥστ’
823 2767 855 2793 ἂν

101 2801 138 2828 καὶ
148 2802 280 2838 ναυαγῆσαι
297 2804 345 2840 τὴν
358 2805 396 2841 μὴ
414 2807 598 2843 προσέχουσαν
615 2809 708 2845 ἑαυτῇ.

129 2860 318 2895 (ι1)Πτέριιγές
330 2865 399 2895 εισι,
413 2869 467 2892 etc.
484 2865 595 2894 Schedze
607 2868 709 2895 Grabii.

129 2895 174 2926 (i2)
194 2896 221 2923 Ἰι
232 2898 282 2925 τοῦ
295 2899 475 2933 φυγαδεύειν
489 2901 581 2935 λέξις,
598 2908 648 2930 etc.
670 2903 758 2932 Codex
774 2905 851 2932 Cois-

586 184 743 211 SiilJﬁCTA
764 183 797 211 ΙΝ
817 182 985 210 PSAIMOS.
1005 198 1038 203 —
1059 182 1156 210 PSAL.
1179 181 1245 210 LIV.

1643 63 1661 79 δ

1651 181 1718 209 Milli

931 244 1016 278 ipsum
1032 243 1157 269 veniente
1173 251 1180 268 :
1203 249 1262 276 quae
1281 240 1343 275 quia
1365 240 1451 275 ipsum
1468 243 1627 274 repererunt
1649 242 1716 274 vigi-

929 289 1040 320 lantem,
1056 288 1138 323 730
1160 288 1226 315 nihil
1249 287 1409 315 eﬂeceruut.
1436 296 1445 313 ι
1457 287 1643 314 Coutexerunt
1657 294 1716 314 verc

929 343 971 362 me
989 336 1138 367 tenebrae,»
1170 335 1248 366 dixit,
1274 333 1336 368 quia
1359 341 1458 368 corpus
1483 334 1574 360 animo
1591 334 1717 360 tenebras

928 380 1055 412 offundit,
1077 380 1184 413 quando
1207 384 1333 413 peccator
1344 383 1374 406 et
1391 379 1519 406 inimicus
1538 378 1676 405 declinant
1690 379 1717 405 in

928 433 971 453 me
990 426 1110 460 iniquam
1130 426 1277 453 actionem.
1307 424 1450 452 Peccatqu
1480 425 1551 451 enim
1577 429 1717 459 peccatum

928 471 1051 506 prolicit;
1068 471 1159 506 justus
1175 478 1238 497 vero
1256 470 1330 504 justo
1350 471 1492 498 adhaerens
1503 470 1602 505 juslior
1614 470 1716 497 evadit.

930 526 939 542 ι
955 517 988 544 Ει
1005 517 1031 544 in
1045 517 1085 543 ira
1102 516 1206 542 molesti
1224 521 1304 543 erant
1325 516 1401 542 mihi.
1415 525 1424 542 ι
1452 516 1499 543 llic
1523 516 1603 543 etiam
1621 523 1718 550 pecca-

929 570 1016 591 torqu
1048 571 1105 591 mos
1133 569 1186 595 est,
1212 563 1258 598 qui
1290 563 1449 590 inimicitias
1478 571 1530 590 non
1555 562 1719 597 simpliciter

927 614 1065 641 exercent.
1086 609 1134 636 sed
1147 608 1172 635 in
1187 608 1317 636 tenebris.
1340 608 1478 642 Ἐγκοτείν
1498 615 1563 635 Vero
1585 607 1655 634 idem
1677 612 1718 634 est

927 655 999 689 quod
1022 655 1145 681 intimam
1169 654 1237 680 iram
1259 653 1370 681 habere.
1392 653 1513 686 Quilibet
1528 654 1628 687 probus
1644 653 1719 680 novit

927 700 1000 727 aliud
1018 707 1096 733 esse,
1111 707 1227 734 peccare
1242 699 1452 734 cogitationibus
1473 699 1560 735 (quod
1573 703 1601 725 et
1618 699 1717 726 tolera-

927 745 981 772 bile
997 745 1049 780 est)
1070 750 1096 772 et
1114 745 1196 777 aliud,
1218 745 1299 772 rebus
1313 752 1345 771 ac
1361 744 1451 771 verbis
1463 746 1470 778 ί
1484 746 1554 778 quod
1570 748 1596 771 et
1612 745 1718 778 pericu-

927 792 1013 819 losum
1040 798 1067 819 et
1095 800 1177 826 grave
1204 792 1277 825 est).
1311 791 1482 826 Quapropter
1507 791 1529 817 si
1553 792 1661 825 quando
1691 791 1715 818 iu

927 839 1137 873 cogitationibus
1149 839 1287 872 conlingat
1298 843 1400 865 motum
1411 837 1450 864 vel
1465 845 1562 864 noxam
1574 838 1716 868 exsistere,

928 886 984 912 haec
1000 886 1025 911 in
1038 885 1128 919 seipso
1143 885 1270 915 custodit,
1284 891 1371 918 neque
1386 884 1495 910 verbum
1514 884 1629 918 profert,
1641 884 1717 918 juxta

926 936 1065 966 peccaturo
1081 931 1152 965 quod
1170 931 1194 957 iu
1210 930 1319 958 occulto
1336 931 1379 961 fit,
1399 937 1486 964 neque
1502 929 1636 962 complete
1656 938 1718 964 per-

926 977 994 1009 ﬁcit,
1025 977 1117 1004 sciens
1142 977 1337 1011 cogitationem
1365 984 1427 1003 esse
1448 976 1610 1004 curabilem.
1640 976 1718 1009 Quod

924 1030 988 1050 vero
1005 1030 1088 1057 opere
1105 1030 1135 1049 ac
1154 1023 1245 1049 verbis
1273 1022 1313 1055 fil,
1330 1027 1425 1049 curatu
1450 1021 1556 1049 dimi-ile
1581 1027 1606 1049 et
1628 1030 1716 1057 quan-

924 1068 1013 1103 doque
1026 1068 1177 1096 iucurabile
1191 1068 1309 1096 exsistit.
1333 1068 1437 1095 Idcirco
1456 1069 1492 1094 ait
1510 1077 1515 1094 :
1534 1078 1542 1093 ι
1558 1068 1612 1095 Cor
1626 1076 1716 1095 meum

925 1114 1112 1141 conturbatum
1138 1119 1180 1142 est
1195 1115 1221 1141 in
1240 1122 1293 1142 me.
1310 1124 1319 1141 ι
1347 1114 1406 1141 Non
1431 1114 1503 1141 enim
1532 1114 1715 1141 lurbationem

923 1161 1071 1192 enuuliavi,
1083 1161 1122 1188 vel
1134 1160 1183 1188 feci
1196 1162 1343 1196 quidquam
1355 1162 1486 1189 adversus
1497 1169 1557 1189 eum
1572 1171 1579 1189 :
1592 1163 1716 1197 quinimo

923 1215 986 1235 cum
999 1207 1080 1234 timor
1094 1207 1234 1243 ingrueret
1251 1208 1347 1235 mortis
1359 1213 1498 1241 peccatum
1511 1208 1715 1242 subsequentis,

924 1257 951 1284 in
970 1256 1217 1290 memetipsodlum
1244 1256 1379 1284 continui.
1410 1256 1551 1291 Contingit
1581 1258 1653 1283 enim
1681 1265 1715 1284 ex

924 1301 1007 1334 signis
1021 1301 1144 1328 externis
1164 1301 1290 1328 timorem
1304 1308 1448 1336 apparere,
1461 1307 1488 1328 ct
1501 1307 1641 1330 ostensum
1655 1303 1715 1329 aliis

921 1346 1116 1375 offendiculum
1135 1346 1206 1374 fieri.
1229 1346 1295 1373 Illud
1316 1355 1381 1374 vero
1399 1356 1405 1374 :
1426 1356 1436 1373 t
1452 1347 1546 1375 Timor
1564 1353 1592 1374 ct
1613 1353 1715 1375 tremor

922 1397 1058 1419 venerunt
1076 1400 1161 1426 super
1183 1400 1237 1425 me,
1261 1397 1287 1420 et
1303 1398 1485 1420 context-runt
1503 1401 1544 1421 lue
1560 1394 1686 1428 lenebra,
1704 1407 1715 1423 ι

922 1437 1046 1465 humana:
1063 1442 1168 1465 natura:
1185 1442 1237 1469 cst,
1266 1438 1383 1473 patiendi
1405 1444 1433 1465 et
1452 1438 1588 1466 irascendi
1605 1444 1633 1466 et
1647 1447 1714 1466 con-

922 1483 1079 1517 cupiscendi
1107 1484 1162 1510 vim
1185 1484 1322 1511 habentis.
1352 1484 1466 1512 Etiamsi
1485 1485 1545 1520 quis
1562 1485 1587 1512 in
1613 1486 1716 1514 virtute

922 1529 1080 1564 profecerit,
1100 1531 1219 1565 potentia
1233 1531 1352 1565 patiendi
1370 1532 1481 1559 minime
1493 1533 1593 1564 deleta,
1607 1534 1714 1560 contin-

921 1574 997 1608 gilut
1016 1575 1041 1601 in
1053 1574 1123 1601 dicta
1139 1575 1332 1610 compassioue
1350 1580 1483 1602 versetur.
1501 1576 1580 1603 Certe
1596 1583 1713 1610 persona

921 1628 1027 1655 quoque
1042 1622 1191 1656 proposita,
1205 1629 1267 1648 cum
1287 1630 1301 1648 a
1320 1622 1432 1649 vocibus
1449 1622 1568 1649 inimicis
1584 1627 1612 1648 et
1626 1623 1713 1649 tribu-

920 1665 1019 1693 latione
1047 1667 1203 1700 peccatoris
1223 1671 1429 1698 concuteretur.
1456 1667 1566 1694 insitam
1590 1668 1712 1701 patiendi

919 1711 972 1738 vim
988 1712 1103 1739 habebat
1120 1713 1287 1745 excitatam,
1315 1714 1382 1739 adeo
1400 1719 1429 1740 ut
1444 1713 1541 1740 timore
1555 1714 1711 1747 corripere-

919 1761 964 1783 tur
986 1762 1012 1785 et
1039 1759 1149 1785 tremori
1167 1758 1320 1792 Subjaceret
1336 1767 1392 1794 prae
1411 1759 1530 1786 tenebris
1543 1759 1688 1786 anxietatis
1703 1769 1709 1786 :

919 1809 980 1829 nam
999 1804 1196 1831 tenebricosam
1221 1806 1383 1839 vertiginem
1408 1807 1535 1833 tenebras
1554 1807 1710 1841 appellavit.

955 1848 1036 1877 Vnus.
1057 1850 1082 1877 7.
1104 1849 1138 1876 Et
1165 1851 1221 1878 dixi
1239 1860 1247 1879 :
1266 1851 1331 1884 Quis
1353 1853 1425 1879 dabit
1442 1853 1504 1879 milii
1524 1862 1622 1887 penita:
1643 1854 1710 1881 sicut

917 1894 1054 1927 columba),
1078 1902 1132 1923 etc.
1158 1896 1258 1924 Peunte
1278 1897 1411 1925 columba:
1438 1904 1540 1926 sancta:
1555 1905 1596 1926 est
1619 1908 1708 1927 rerum

917 1948 1112 1975 corporearum
1133 1948 1159 1969 et
1183 1944 1403 1977 incorporearum
1432 1945 1633 1978 contemplatio,
1663 1954 1710 1979 per

917 1993 996 2020 quam
1027 1987 1097 2014 t-Iata
1122 1996 1199 2017 mens
1222 1989 1248 2016 in
1270 1991 1425 2024 cognitione
1449 1997 1551 2018 sancta:
1569 1991 1709 2020 Trinitatis

916 2033 1073 2066 requiescit.

953 2077 1033 2106 Vens.
1055 2079 1083 2106 8.
1105 2079 1172 2107 Ecce
1184 2080 1303 2114 elongavi
1318 2081 1433 2116 fugiens.
1451 2087 1474 2109 et
1494 2084 1578 2110 mansi
1599 2085 1625 2109 in
1645 2085 1708 2110 uli-

916 2124 1018 2156 tudine,
1035 2130 1087 2152 etc.
1100 2125 1156 2152 Vox
1173 2126 1334 2160 φυγαδεύειν
1349 2128 1483 2161 significat
1497 2130 1623 2164 persequi
1639 2136 1665 2157 et
1679 2131 1706 2157 in

915 2169 1005 2205 fugam
1034 2175 1140 2197 vertere
1166 2179 1212 2198 eos
1242 2173 1287 2206 qui
1317 2173 1501 2208 expelluntur.
1527 2174 1598 2202 Dicit
1623 2176 1706 2210 igitur

915 2216 1011 2250 psalmi
1039 2222 1135 2244 auctor
1153 2226 1158 2244 :
1179 2227 1188 2243 ι
1202 2218 1272 2246 Ecce
1296 2219 1433 2253 elongavi,
1450 2230 1459 2246 ι
1490 2221 1540 2248 hoc
1562 2227 1602 2248 cst
1627 2222 1706 2256 longe

915 2261 1003 2295 expuli
1026 2262 1164 2290 inimicum
1182 2268 1210 2290 et
1231 2270 1402 2298 peccatorem
1416 2287 1423 2298 ,
1450 2272 1478 2293 ιιι
1505 2267 1557 2294 illis
1583 2268 1705 2302 expulsis

912 2315 1048 2334 manerem
1071 2309 1096 2335 in
1118 2309 1277 2343 solitudine,
1305 2311 1358 2338 hoc
1377 2317 1419 2339 est
1444 2313 1470 2339 in
1499 2319 1568 2340 statu
1590 2313 1704 2347 paciﬁca

911 2354 1121 2387 requiescercm.
1136 2355 1164 2382 Si
1182 2360 1274 2383 autem
1289 2365 1341 2384 vox
1383 2359 1545 2393 φυγαδεύειν
1581 2360 1630 2386 hoc
1644 2360 1704 2386 loco

910 2399 1044 2434 significat
1059 2410 1068 2426 ι
1080 2401 1184 2437 fugere,
1203 2413 1213 2429 ι
1228 2403 1320 2438 justus
1336 2412 1385 2432 eos
1399 2405 1445 2439 qui
1463 2413 1478 2432 e
1494 2406 1704 2433 circumcisione

909 2449 983 2476 stitit,
1001 2445 1116 2481 fugiens,
1134 2455 1249 2483 seseque
1267 2449 1301 2476 ab
1314 2450 1353 2476 eis
1369 2451 1402 2477 ob
1423 2457 1515 2476 eorum
1537 2450 1703 2484 iactantiam

911 2490 990 2525 longe
1003 2493 1176 2525 submovens,
1191 2495 1258 2521 dicit
1274 2503 1280 2520 :
1298 2494 1383 2521 Mansi
1397 2495 1424 2522 in
1447 2495 1569 2522 Ecclesia
1585 2497 1629 2523 ubi
1646 2505 1701 2524 nou

911 2542 952 2564 est
976 2536 1018 2565 lex
1042 2545 1090 2565 nec
1117 2540 1268 2573 prophetat.
1315 2540 1451 2568 Convenit
1477 2542 1558 2569 etiam
1590 2541 1702 2570 Christo

910 2584 1058 2610 secundum
1072 2584 1313 2618 dispensationem.

946 2628 1025 2663 731
1049 2628 1129 2656 Vsus.
1151 2630 1177 2656 9.
1196 2630 1389 2664 Exspectabam
1406 2641 1465 2660 cum
1483 2634 1528 2668 qui
1544 2634 1644 2661 mirum
1660 2643 1700 2661 me

912 2674 971 2709 fecit
981 2684 996 2701 ιι
1008 2676 1226 2709 pusillanimitate
1235 2678 1344 2712 spiritus
1353 2684 1376 2706 et
1385 2684 1548 2714 tempestate,
1558 2686 1611 2710 etc.
1623 2682 1699 2709 Tem-

911 2725 1002 2755 pestas
1014 2727 1055 2749 cst
1072 2724 1186 2751 teutatio
1204 2732 1300 2759 magna
1317 2730 1343 2751 et
1360 2726 1507 2754 vehemens
1527 2731 1622 2754 contra
1638 2729 1699 2755 ani-

911 2767 1112 2801 mamspiraus.
1128 2768 1165 2795 ita
1179 2774 1208 2795 ut
1223 2770 1395 2805 naufragium
1412 2771 1495 2798 faciat
1510 2772 1555 2799 illa
1570 2780 1631 2807 qua:
1643 2773 1698 2801 sibi

909 2819 961 2839 non
978 2814 1105 2841 attendit.

909 2871 1027 2899 Iinianus
1042 2873 1185 2900 secundus.

942 2907 998 2942 (ιδ)
1015 2908 1153 2944 Koma-it;
1168 2910 1184 2936 ό
1198 2908 1303 2945 μέγας,
1315 2915 1367 2939 etc.
1387 2911 1470 2942 Idem.
