4120 6212
478 299 611 354 1467

1864 299 1951 354 EX
1984 297 2288 355 ORIGENE

3615 308 3770 359 uos

552 413 710 467 Vens.
762 413 842 466 l0.
891 410 1198 482 Prwcipila,
1241 413 1481 478 Domine,
1529 421 1577 466 et
1625 413 1799 467 divide
1843 412 2054 482 linguas

2228 413 2706 478 Kataadrttcror,
2739 413 2936 482 Κύριε,
2965 413 3062 467 καί
3089 412 3407 468 καταδίελε
3433 414 3542 483 τὰς
3566 417 3761 486 γλώσ.

475 524 680 573 eorum,
709 507 957 575 quoniam
989 506 1097 560 vidi
1127 507 1464 576 iniquitatem
1503 513 1554 559 et
1584 505 2055 559 contradictionem

475 600 530 652 in
563 600 796 662 civitate,
829 608 938 652 etc.
975 598 1045 652 Iis
1073 599 1164 667 qui
1194 614 1261 653 ex
1295 599 1502 652 malitia
1529 609 1586 652 et
1612 597 1765 652 falsis
1794 597 2057 666 dogmati-

476 691 578 747 bus
626 693 902 745 civitatem
941 688 1242 754 aedificant,
1293 691 1608 762 supervenit
1657 689 1960 759 ignorantia
2002 698 2057 743 et

475 782 790 852 linguarum
821 780 1072 836 confusio
1111 797 1231 850 qua:
1261 781 1407 850 ipsos
1451 798 1480 835 a
1515 781 1656 836 malo
1691 796 1854 848 opere
1898 782 2056 836 cohi-

479 873 591 936 bet,
651 872 1114 942 quemadmodum
1175 872 1408 938 contigit
1467 871 1633 926 etiam
1692 870 1800 924 illis
1855 871 1947 940 qui
2003 871 2056 924 in

476 964 718 1017 Cualane
764 965 957 1017 turrim
1013 972 1464 1017 construxerunt.
1515 962 1570 1017 In
1619 978 1769 1018 mare
1814 963 2054 1032 demergi

476 1057 674 1108 dicitur
724 1055 774 1109 id
828 1057 970 1125 quod
1027 1056 1094 1108 ab
1143 1054 1319 1108 oculis
1365 1055 1671 1118 evanescit,
1729 1055 1855 1124 quia
1897 1069 2058 1108 omne

476 1149 620 1215 quod
664 1148 715 1201 in
768 1149 1040 1216 profundo
1071 1155 1175 1208 est,
1202 1143 1270 1197 ab
1301 1146 1472 1201 oculis
1493 1147 1793 1201 evanescit.
1823 1145 2055 1200 Profun-

433 1267 436 1270 λ
475 1240 602 1293 dum
638 1239 800 1307 igitur
835 1249 1115 1307 peccatum
1156 1245 1260 1300 est,
1294 1247 1350 1291 et
1381 1240 1457 1292 rei
1492 1240 2059 1308 quazsuhsistitinter-

473 1333 616 1396 itus,
670 1331 892 1386 malitiae
913 1332 1222 1388 dissolutio.
1258 1335 1556 1406 Propterea
1587 1333 1720 1389 dicit
1750 1333 1801 1386 in
1835 1332 2052 1401 profun-

474 1426 602 1478 dum
635 1440 663 1478 a
696 1424 805 1480 Deo
839 1426 1080 1496 demergi
1115 1428 1340 1493 malum,
1369 1445 1493 1484 cum
1519 1428 1838 1483 dividuntur
1859 1425 2061 1494 linguze

480 1531 673 1570 eorum
709 1517 763 1571 in
799 1521 1000 1574 malum
1035 1524 1486 1593 conSpirantinm.

552 1607 826 1677 Ejusdem.
843 1630 860 1662 ι
887 1611 1189 1683 Ρτωοίρῑιιι,
1207 1615 1451 1669 Domine.
1477 1632 1496 1666 ι
1514 1613 1752 1681 Quorum
1771 1629 1792 1662 ι
1813 1623 2054 1670 eorum,»

474 1701 582 1755 nisi
636 1703 840 1756 inimici
888 1714 942 1757 et
991 1707 1336 1774 peccatoris?
1386 1705 1469 1759 vel
1517 1715 1775 1773 tanquam
1825 1703 2059 1772 abyssus

2159 521 2276 570 σας
2296 503 2496 559 αὐτῶν
2518 547 2530 570 ,
2568 505 2658 559 ὅτι
2692 503 2857 558 εἶδον
2879 505 3139 575 ἀνομίαν
3172 505 3270 560 καί
3304 503 3659 579 ἀντιλογίαν
3685 511 3763 566 ἐν

2158 597 2236 664 τῇ
2259 600 2452 663 πόλει,
2489 617 2541 652 κ.
2577 615 2626 650 τ.
2663 599 2709 650 ἐ.
2747 599 2874 661 Τοῖς
2909 599 3020 653 ἀπὸ
3062 599 3261 662 κακίας
3284 599 3395 671 (44)
3422 601 3517 655 καὶ
3540 602 3760 672 ψευδῶν

2157 690 2442 761 δογμάτων
2482 690 2636 743 πόλιν
2669 690 3044 760 οἰκοδομοῦσιν
3083 692 3330 760 ἀγνωσία
3364 694 3756 765 ὲπισυμδαίνει

2160 784 2252 836 καὶ
2280 781 2542 851 σύγχυσις
2581 781 2844 849 γλωσσῶν
2889 779 3142 834 παύουσα
3190 783 3390 846 αὐτοὺς
3423 784 3525 854 τῆς
3572 785 3756 857 κακῆς

2161 874 2442 948 ἐνεργείας
2467 914 2482 935 ,
2518 872 2772 942 καθάπερ
2796 873 2895 925 καὶ
2933 875 3046 936 τοῖς
3077 873 3136 924 ἐν
3162 873 3384 944 Χαλάνῃ
3415 871 3507 926 τδν
3539 873 3756 945 πύργον

2161 963 2660 1016 κατασκευάσασιν.
2708 961 2766 1013 '0
2806 963 3248 1030 καταποντισμὺς
3296 962 3386 1015 τὸν
3443 962 3754 1034 ἀφανισμὸν

2159 1055 2330 1126 δηλοῖ,
2381 1053 2519 1108 διότι
2565 1055 2674 1105 πᾶν
2711 1052 2773 1106 τὸ
2824 1054 2883 1104 ἐν
2933 1052 3078 1123 βυθῷ
3131 1051 3354 1121 γεγονὸς
3404 1053 3752 1121 ἀφανίζεται.

2162 1147 2333 1210 Βυθὺς
2382 1143 2476 1201 οῦν
2519 1146 2766 1216 ἁμαρτία
2813 1146 2930 1198 ἐστὶ
2970 1146 3064 1199 καὶ
3107 1144 3360 1198 ἀπώλεια
3412 1146 3446 1214 ἡ
3479 1145 3574 1198 τοῦ
3620 1163 3755 1198 συν-

2161 1239 2395 1302 εστῶτος
2410 1239 2508 1308 τῆς
2524 1239 2724 1302 κακίας
2745 1238 3007 1301 διάλυσις.
3039 1237 3138 1290 Διά
3157 1237 3314 1291 τοῦτό
3331 1255 3463 1308 φησι
3479 1255 3755 1293 καταπον-

2160 1331 2404 1395 τίζεσθαι
2442 1329 2594 1402 παρὰ
2625 1329 2758 1383 Θεοῦ
2795 1329 2853 1382 τὺ
2886 1329 3054 1383 κακὸν
3085 1331 3141 1382 ἐν
3178 1329 3256 1399 τῷ
3285 1329 3753 1402 καταδιαιρείσθαι

2160 1430 2262 1493 τὰς
2285 1427 2537 1498 γλώσσας
2564 1426 2745 1480 αὐτῶν
2772 1427 2864 1478 ἐπὶ
2895 1424 3050 1496 κακῷ
3080 1424 3535 1495 συμφωνούντων.

2237 1610 2348 1665 Τοῦ
2373 1609 2586 1664 αὑτοῦ.
2620 1628 2638 1660 ι
2674 1608 3093 1662 Καταπόντισον
3121 1607 3258 1679 (45),
3281 1606 3476 1679 Κύριε.
3519 1627 3536 1659 ι
3573 1607 3753 1662 Τίνων

2163 1704 2364 1770 αὐτῶν,
2393 1703 2426 1774 ἢ
2456 1702 2652 1774 ἐχθροῦ
2686 1702 2782 1755 καὶ
2820 1701 3183 1772 άμαρτωλοῦ;
3219 1701 3252 1771 ἢ
3282 1702 3359 1764 ὡς
3393 1701 3630 1765 ἄϐυσσος
3659 1717 3756 1754 σο-

474 1793 766 1860 sapientia,
822 1795 874 1847 in
918 1772 1023 1863 qua
1073 1810 1202 1853 sunt
1250 1800 1521 1870 profunda
1575 1772 1694 1862 Dei,
1753 1794 2054 1866 praacipitat

2163 1798 2281 1867 φία,
2318 1799 2376 1849 ἐν
2627 1793 2697 1847 τὰ
2733 1793 2871 1864 βάθη
2905 1792 3000 1846 τοῦ
3029 1792 3189 1856 Θεοῦ,
3220 1792 3604 1854 καταποντίζει
3639 1795 3758 1846 ἐπι-

476 1883 754 1940 inundans
805 1886 1018 1957 linguas
1065 1901 1120 1945 et
1165 1907 1326 1947 voces
1359 1891 1633 1946 sermonis
1666 1889 1871 1944 inimici
1906 1886 2056 1942 veri-

477 1976 627 2040 tatis,
656 1989 711 2032 et
747 1994 936 2035 eorum
981 1982 1070 2050 qui
1124 1984 1271 2037 illum
1312 1985 1610 2054 prtedicant
1652 2000 1666 2049 ;
1715 1991 1769 2036 et
1805 1979 2058 2035 dissolvit

475 2067 645 2134 ipsas.
670 2083 903 2138 arguens
931 2071 1322 2129 dissonantiam
1350 2084 1406 2129 et
1424 2074 1819 2129 dissensionem
1841 2087 2055 2127 eorum.

477 2161 646 2214 l'orro
690 2178 877 2231 causa,
937 2181 1035 2220 cur
1079 2168 1192 2221 haec
1233 2167 1505 2232 dicantur,
1551 2167 1917 2236 subiungitur.
1965 2164 2060 2219 Est

473 2252 618 2306 cnim
649 2253 814 2308 etiam
849 2257 1210 2314 contradictio
1237 2259 1382 2313 inter
1412 2274 1506 2314 eos
1549 2259 1640 2329 qni
1688 2267 1879 2314 contra
1910 2255 2057 2311 veri-

477 2352 644 2397 tatem
683 2347 1046 2412 contcndunt,
1083 2363 1203 2417 qua:
1243 2349 1310 2403 ad
1341 2347 1476 2404 nihil
1524 2348 1676 2403 utilis
1708 2357 1814 2412 est,
1856 2344 1959 2400 nisi
1990 2343 2058 2398 ad

475 2434 884 2492 subversionem
937 2440 1300 2495 audientium.
1359 2439 1631 2495 Caeterum
1689 2437 1940 2493 Christus
1993 2447 2056 2489 ea

474 2543 598 2596 quite
629 2541 933 2599 sequuntur
954 2533 1137 2588 dicere
1166 2534 1336 2603 possit
1359 2533 1426 2587 de
1448 2532 1672 2587 civitate
1691 2529 2055 2599 .lerosolyma,

474 2621 667 2674 videns
700 2622 751 2675 in
789 2638 853 2676 ea
904 2623 1267 2693 iniquitatem,
1298 2634 1351 2680 ct
1384 2626 1646 2679 adversus
1677 2638 1737 2677 se
1783 2620 2058 2676 contradi-

475 2713 710 2766 ctionem
745 2715 959 2770 diversa
993 2717 1061 2771 de
1089 2717 1204 2785 ipso
1231 2719 1638 2773 disserentimu.
1679 2734 1697 2767 ι
1736 2715 1803 2768 Et
1830 2729 1935 2767 non
1967 2713 2058 2765 de-

477 2801 604 2858 fecit
629 2803 694 2857 de
722 2803 912 2872 plateis
937 2807 1074 2875 ejus.
1109 2827 1126 2858 ι
1157 2807 1412 2874 Ilocjure
1441 2807 1636 2862 merito
1663 2807 1730 2861 ad
1768 2817 2055 2876 personam

473 2896 768 2966 proditoris
808 2895 997 2951 referri
1027 2899 1216 2967 possit.

551 2986 710 3042 Vens.
754 2989 838 3044 16.
892 2988 1076 3044 Veniat
1104 3008 1243 3046 mors
1271 3009 1431 3057 super
1472 2993 1597 3046 illos
1639 3004 1686 3048 et
1731 2996 2054 3051 descendant

2161 1889 2430 1954 κλύζουσα
2451 1886 2704 1956 γλώσσας
2743 1886 2839 1940 καί⁸
2864 1885 3047 1956 φωνὰς
3074 1883 3270 1956 ἐχθροῦ
3303 1886 3369 1956 τῇ
3401 1883 3631 1955 ἀληθείᾳ
3652 1885 3755 1938 τοῦ

2159 1981 2340 2051 λόγου,
2383 1983 2476 2035 καὶ
2509 1980 2618 2034 τῶν
2654 1979 3065 2052 πρεσϐευόντων
3097 1978 3259 2031 αὐτὸν
3282 2019 3296 2042 ,
3341 1977 3436 2032 καὶ
3469 1977 3759 2031 καταδιαι-

2162 2077 2245 2146 psi
2269 2073 2458 2137 αὑτὰς,
2489 2073 2840 2143 διελέγχουσα
2868 2072 2928 2124 τὸ
2961 2070 3290 2140 ἀσύμφωνον
3310 2070 3404 2123 καὶ
3431 2067 3501 2122 τὸ
3521 2069 3598 2122 διε
3609 2087 3756 2125 σπα-

2162 2167 2358 2236 σμένον
2399 2165 2600 2220 αὐτῶν.
2649 2165 2715 2217 Ἠ
2739 2163 2796 2216 δὲ
2829 2162 2981 2216 αἰτία
3019 2160 3113 2214 τοῦ
3147 2161 3318 2214 ταῦτα
3343 2161 3594 2228 λέγεσθαι
3631 2163 3760 2216 ἐπι-

2160 2261 2404 2332 φέρεται.
2455 2259 2611 2312 Ἐστι
2649 2257 2756 2329 γὰρ
2797 2256 2891 2310 καὶ
2934 2254 3216 2323 ἀντιλογία
3247 2257 3278 2324 ἠ
3323 2254 3460 2326 πρὸς
3484 2255 3583 2324 τὴν
3619 2255 3757 2326 ἀλή-

2161 2350 2310 2406 θειαν
2338 2349 2447 2403 τῶν
2486 2347 2958 2419 λογομαχούντων,
2991 2348 3071 2409 είς
3106 2345 3256 2398 οὐδὲν
3289 2347 3560 2416 χρήσιμον
3591 2347 3640 2399 εἰ
3672 2347 3754 2418 μὴ

2160 2443 2254 2496 ἐπὶ
2290 2443 2639 2512 καταστροφῇ
2690 2438 2798 2492 τῶν
2851 2438 3178 2492 ἀκουόντων.
3217 2437 3454 2507 Χριστὸς
3497 2437 3554 2490 δὲ
3597 2437 3752 2505 λέγοι

2161 2535 2228 2590 ἂν
2253 2535 2324 2589 τά
2365 2534 2491 2605 ἑξῆς
2525 2533 2654 2604 περὶ
2679 2531 2780 2602 τῆς
2827 2527 3184 2600 Ἰερουσαλὴμ
3225 2527 3452 2594 πόλεως,
3498 2528 3619 2582 ἰδὼν
3649 2531 3754 2600 τὴν

2160 2629 2218 2680 ἐν
2250 2628 2387 2699 αὐτῇ
2419 2625 2688 2698 ἀνομίαν,
2733 2623 2828 2677 καὶ
2869 2623 2970 2693 τὴν
3023 2623 3152 2693 περὶ
3200 2620 3365 2674 αὑτοῦ
3415 2621 3747 2690 ἀντιλογίαν,

2158 2719 2266 2773 τῶν
2295 2721 2528 2790 διάφορα
2561 2717 2690 2790 περὶ
2727 2715 2894 2770 αὑτοῦ
2923 2714 3212 2783 λεγόντων.
3254 2732 3273 2764 ι
3310 2714 3418 2766 Καὶ
3447 2715 3546 2766 οὐκ
3578 2714 3754 2781 ἐξέλι-

2159 2829 2261 2866 πεν
2300 2815 2366 2866 ἐκ
2406 2810 2516 2864 τῶν
2549 2809 2821 2862 πλατειῶν
2865 2807 3058 2877 αὐτῆς.
3104 2826 3123 2858 ι
3173 2806 3268 2869 Είς
3311 2807 3600 2877 πρόσωπον
3651 2806 3747 2861 τοῦ

2160 2904 2416 2975 προῶτου
2443 2901 2738 2972 ἀνεφέρετο
2770 2900 2836 2954 ἂν
2864 2899 3105 2961 δικαίως.

2243 2993 2495 3048 Ἐλθέτω
2525 2991 2782 3056 θάνατος
2812 2988 3165 3057 ἐπάὐτοὺς,
3193 2989 3291 3043 καὶ
3318 2989 3755 3055 καταϐήτωσαν

473 3078 528 3132 in
558 3079 825 3148 infernum
857 3094 1100 3148 viventes,
1142 3085 1392 3152 quoniam
1441 3087 1674 3156 nequitia
1715 3088 1770 3140 in
1805 3088 2053 3142 taberna—

2161 3089 2246 3153 εὶς
2283 3085 2432 3153 ᾅδου
2459 3083 2670 3149 ζῶντες
2689 3100 2702 3113 ο
2747 3081 2837 3135 ὅτι
2867 3081 3124 3149 πονηρία
3155 3081 3225 3134 ἐν
3257 3081 3383 3146 ταῖς
3404 3082 3752 3148 παροικίαις

473 3169 610 3225 culis
632 3187 811 3224 eorum
855 3174 908 3226 iu
959 3173 1131 3226 medio
1175 3191 1379 3240 eorum,
1417 3185 1523 3231 etc.
1554 3176 1750 3232 Veniat
1789 3195 1938 3235 mors
1964 3195 2056 3235 su-

472 3276 569 3330 per
604 3261 744 3330 illos,
776 3278 925 3320 mors
962 3266 1200 3321 animam
1239 3281 1502 3338 separans
1528 3284 1558 3323 a
1585 3271 1809 3325 malitia.

540 3446 815 3517 Ejusdem.
858 3446 937 3504 llli
991 3449 1044 3504 in
1089 3449 1364 3506 infernum
1406 3451 1746 3508 descendunt
1785 3455 2051 3521 viventes,

469 3539 562 3609 qui
587 3539 788 3595 divinis
813 3541 1242 3597 institutionibus
1261 3559 1365 3597 non
1387 3553 1513 3598 sunt
1533 3544 1752 3601 initiati.
1780 3546 1879 3613 Qui
1905 3549 2051 3603 enim

470 3632 640 3685 verba
672 3632 800 3688 vitae
829 3650 936 3688 non
971 3635 1232 3702 gustavit,
1259 3647 1508 3692 mortuus
1534 3647 1621 3692 est
1653 3660 1665 3693 :
1703 3654 1880 3708 neque
1907 3642 2052 3695 enim

473 3723 588 3778 fieri
620 3733 797 3793 potest
821 3735 878 3781 ut
912 3729 1039 3798 quis
1081 3742 1432 3783 communem
1470 3731 1610 3786 hanc
1640 3733 1806 3786 vitam
1842 3733 2051 3798 vivens,

471 3813 526 3868 in
582 3815 854 3871 infernum
897 3820 1211 3874 descendat.
1257 3819 1523 3886 Quoniam
1582 3838 1714 3894 ergo
1771 3822 1939 3878 Jndas
1999 3834 2055 3879 et

473 3910 707 3978 populus
754 3911 1063 3968 .Iudazorum
1119 3913 1172 3966 in
1223 3914 1339 3984 lege
1379 3923 1434 3968 et
1489 3915 1770 3983 pmphetis
1819 3917 2053 3972 instituti

474 4009 622 4066 sunt,
655 4005 908 4058 veniente
939 4020 1102 4073 super
1130 4005 1252 4059 illos
1282 4016 1462 4061 morte
1487 4022 1610 4077 qua:
1649 4017 1939 4076 peccatum
1965 4025 2054 4064 se-

471 4098 680 4166 quitur,
724 4099 974 4154 viventes
1022 4100 1076 4153 in
1130 4099 1403 4154 infernum
1451 4101 1814 4156 descendunt.
1876 4103 2051 4157 Simili

471 4204 635 4243 sensu
667 4191 833 4244 etiam
863 4205 1098 4260 sequens
1131 4192 1328 4246 dicitur
1356 4190 1680 4258 versiculus,
1727 4211 1746 4244 ι
1780 4192 2053 4258 Quoniam

472 4281 713 4348 nequitia
747 4281 799 4335 in
829 4282 1201 4338 tabernaculis
1235 4297 1426 4337 eorum
1466 4283 1517 4337 in
1569 4282 1747 4337 medio
1779 4299 1995 4339 eorum.
2029 4305 2047 4337 ι

475 4369 586 4423 Etsi
632 4371 776 4425 enim
824 4372 1164 4428 viviﬁcarum
1209 4373 1617 4445 Scripturarum
1652 4387 1906 4446 expertes
1947 4395 2054 4433 non

2161 3177 2361 3233 αὐτῶν
2408 3177 2478 3230 ἐν
2516 3175 2686 3245 μέσῳ
2726 3171 2946 3235 αὐτῶν,
2997 3190 3052 3226 κ.
3091 3192 3140 3227 τ.
3175 3174 3220 3226 ἐν.
3277 3172 3504 3227 Ἐλθέτω
3531 3172 3598 3244 δὴ
3630 3174 3750 3247 (46)

2163 3271 2392 3332 θάνατος
2439 3270 2526 3322 ἐπ’
2566 3268 2795 3332 αὐτοὺς,
2839 3266 3073 3330 θάνατος
3103 3268 3131 3320 ὁ
3169 3265 3393 3339 διαιρῶν
3431 3266 3610 3339 ψυχὴν
3637 3267 3746 3321 ἀπὸ

2163 3363 2378 3425 κακίας.

2239 3455 2347 3510 Τοῦ
2368 3453 2575 3508 αὐτοῦ.
2624 3453 2850 3506 Ἐκεῖνοι
2885 3452 2967 3514 είς
2999 3453 3124 3525 ᾅδου
3165 3450 3279 3522 (47)
3311 3451 3514 3516 ζῶντες
3549 3450 3748 3528 κατέρ-

2162 3564 2364 3618 χονται,
2379 3548 2438 3600 οὐ
2458 3547 2761 3617 κατήχησιν
2775 3547 2883 3600 τῶν
2909 3546 3067 3601 θείων
3092 3545 3480 3616 παιδευμάτων
3498 3544 3711 3614 ἔχοντες
3727 3558 3743 3574 ·

2161 3641 2190 3694 ό
2221 3639 2330 3711 γὰρ
2357 3639 2622 3708 ἄγευστος
2655 3638 2764 3692 τῶν
2802 3639 2901 3710 τῆς
2936 3639 3082 3710 ζωῆς
3122 3639 3296 3708 λόγων
3328 3636 3523 3709 νεκρός
3561 3638 3742 3689 ἐστιν⁸

2161 3734 2223 3786 οὐ
2273 3732 2381 3802 γάρ
2430 3727 2541 3785 οἷόν
2591 3749 2650 3785 τε
2684 3731 2877 3795 ζῶντά
2926 3749 3050 3786 τινα
3094 3732 3192 3802 τὴν
3245 3730 3432 3803 κοινὴν
3474 3729 3617 3800 ζωὴν
3664 3729 3748 3793 εις

2164 3825 2298 3897 ᾅδην
2338 3824 2718 3896 κατέρχεσθαι.
2794 3825 2949 3878 Ἐπεὶ⁵
2998 3819 3091 3878 οὖν
3143 3823 3349 3888 Ἰούδας
3389 3824 3484 3876 καὶ
3535 3824 3562 3875 ό
3618 3820 3747 3885 λαὸς

2175 3915 2440 3969 Ἰουδαίων
2473 3917 2776 3986 κατήχησιν
2815 3910 2959 3986 εἶχον
2994 3915 3087 3969 τοῦ
3126 3915 3293 3986 νόμου
3327 3915 3420 3966 καὶ
3463 3911 3571 3965 τῶν
3615 3929 3748 3982 προ-

2163 4005 2368 4077 φητῶν,
2403 4005 2632 4060 θανάτου
2666 4007 2753 4058 ἐπ’
2787 4006 2987 4070 αὐτοὺς
3027 4005 3324 4078 ἐρχομένου
3355 4003 3448 4057 τοῦ
3478 4002 3744 4072 ἑπομένου

2162 4100 2227 4169 τῇ
2261 4098 2526 4170 ἁμαρτία,
2558 4096 2758 4161 ζῶντες
2799 4098 2880 4160 εἰς
2911 4097 3040 4168 ᾅδην
3079 4095 3458 4168 κατέρχονται.
3505 4092 3747 4146 Ἀκολού·

2165 4188 2273 4252 θως
2311 4190 2451 4242 καὶό
2477 4188 2869 4260 ἐπιφερόμενος
2892 4187 3112 4256 λέγεται
3142 4188 3344 4258 στίχος,
3387 4207 3405 4238 ι
3441 4187 3562 4240 Ὅτι
3587 4202 3747 4256 πονη-

2167 4282 2260 4352 ρία
2295 4283 2352 4334 ἐν
2383 4283 2504 4345 ταῖς
2531 4281 2846 4352 παροικίαις
2886 4281 3064 4334 αὐτῶν
3108 4281 3166 4334 ἐν
3211 4281 3362 4351 μέσῳ
3392 4277 3588 4332 αὐτῶν.
3636 4297 3654 4329 ι
3686 4277 3746 4329 Ei

2164 4373 2272 4445 γὰρ
2304 4373 2396 4426 καὶ
2419 4374 2613 4443 πεῖραν
2643 4367 2788 4441 εἶχον
2812 4371 2918 4426 τῶν
2946 4371 3226 4436 ζωοποιῶν
3248 4372 3287 4422 Γ
3294 4371 3501 4442 ραφῶν,
3534 4370 3594 4423 οὐ
3617 4385 3748 4422 κατ-

475 4461 717 4526 t‘uerunt,
753 4477 856 4516 non
898 4464 1002 4518 fixa
1039 4464 1093 4518 in
1129 4465 1259 4533 illis,
1299 4467 1394 4522 sed
1439 4467 1752 4523 transitoria
1797 4470 2054 4524 taberna-

2162 4464 2403 4536 ᾡκησαν,
2433 4463 2568 4517 ἀλλά
2597 4462 2958 4535 παρῴκησαν,
2999 4464 3058 4515 ὲν
3090 4463 3299 4525 αὐταῖς.
3325 4461 3418 4526 Τὸ,
3456 4479 3474 4512 ι
3507 4459 3748 4530 Πονηρία

472 4552 593 4608 cuia
615 4554 946 4609 habuerunt.
974 4555 1120 4610 Istud
1150 4575 1164 4611 :
1196 4576 1214 4609 ι
1251 4557 1498 4626 Nequitia
1520 4558 1572 4612 in
1597 4560 1774 4616 medio
1794 4575 2006 4626 eorum,
2029 4580 2049 4614 ι

472 4647 616 4702 idem
655 4655 737 4701 est
773 4661 838 4701 ac
868 4647 912 4702 si
944 4647 1188 4713 dicatur,
1217 4649 1379 4720 732
1426 4649 1481 4704 in
1513 4651 1682 4705 animi
1722 4653 2052 4721 principatu.

473 4737 529 4793 In
567 4739 746 4794 medio
776 4740 921 4792 enim
957 4737 1196 4806 cujusvis
1233 4739 1489 4795 animalis
1531 4755 1654 4796 esse
1699 4741 1924 4797 dicitur.
1960 4743 2057 4798 Vel

471 4831 637 4885 etiam
672 4831 802 4885 illud
834 4848 849 4886 :
902 4848 925 4885 ι
962 4830 1017 4884 In
1052 4831 1324 4885 infernum
1369 4830 1638 4897 viventes,
1683 4850 1702 4884 ›
1747 4834 1891 4889 hunc
1925 4849 2054 4890 sen-

471 4937 591 4977 sum
610 4923 772 4977 habet
793 4940 807 4976 :
826 4921 1004 4978 subito
1029 4923 1358 4978 moriantur.
1383 4942 1403 4975 ι
1433 4922 1805 4980 Tabernacnla
1828 4945 1847 4980 ι
1871 4939 2053 4984 autem

471 5021 634 5068 vocat
683 5013 1113 5084 uniuscuiusque
1176 5018 1342 5072 vitam
1416 5027 1639 5086 propter
1703 5018 2049 5075 brevitatem.

2160 4559 2219 4611 ἐν
2265 4556 2417 4628 μέσῳ
2447 4555 2649 4619 αὐτῶν,
2686 4575 2704 4606 ι
2743 4556 2990 4608 τουτέστι
3020 4553 3098 4625 τῷ
3121 4551 3454 4625 ἡγεμονικῷ.
3486 4551 3576 4604 Ἑν
3599 4551 3747 4621 μέσῳ

2157 4650 2266 4722 γὰρ
2297 4645 2436 4703 εἶναι
2455 4649 2671 4717 λέγεται
2692 4648 2784 4702 τοῦ
2811 4649 2932 4702 ὅλου
2956 4647 3195 4712 ζώου.⁴¹Η
3226 4645 3320 4699 καὶ
3345 4645 3428 4708 τὸ,
3462 4662 3481 4696 ι
3508 4643 3604 4706 Εἰς
3622 4641 3746 4714 ᾅδου

2159 4743 2380 4810 ζῶντες,
2407 4762 2425 4794 ι
2447 4741 2727 4811 αἰφνιδίως
2751 4741 3091 4796 ἀποθάνειεν.
3117 4759 3136 4794 ι
3163 4739 3462 4811 Παροικίας
3481 4758 3500 4791 ι
3525 4740 3582 4793 δέ
3599 4737 3750 4791 καλεῖ

2156 4837 2249 4890 τὸν
2279 4836 2508 4890 ἑκάστου
2547 4835 2659 4906 βίον
2697 4835 2785 4888 διὰ
2821 4834 2882 4888 τὸ
2915 4834 3304 4906 ὀλιγοχρόνιον.
3336 4832 3476 4904 Φησὶ
3518 4829 3634 4894 οὖν,
3668 4831 3748 4883 ὅτι

2164 4933 2257 4985 καὶ
2290 4933 2318 4984 ό
2352 4929 2464 5000 βίος
2503 4927 2683 4983 αὐτῶν
2717 4930 2810 4982 καὶ
2843 4930 2876 5000 ἡ
2916 4927 3028 4999 ζωὴ
3061 4926 3242 4997 πάσης
3271 4926 3626 4997 πεπλήρωται
3652 4941 3747 4976 πο-

2160 5023 2352 5096 νηρίας
2393 5023 2486 5075 καὶ
2526 5021 2745 5085 κακίας,
2793 5021 2896 5074 οὐκ
2939 5021 3260 5074 ἐπινοούντων
3289 5019 3348 5072 τὸ
3366 5019 3748 5091 ὀλιγοχρόνιον.

468 5107 835 5174 Quamobrem
871 5109 948 5164 ait
979 5111 1147 5164 vitam
1177 5127 1368 5167 eorum
1408 5114 1555 5167 omni
1602 5113 1863 5184 repletam
1899 5129 2024 5171 esse
2069 5120 2311 5190 nequitia
2343 5159 2358 5184 ,
2411 5117 2537 5171 dum
2590 5132 2696 5170 non
2749 5115 3038 5169 attendunt
3079 5129 3241 5183 quam
3284 5113 3433 5168 brevi
3494 5111 3752 5182 temporis

469 5205 650 5274 spatio
681 5205 1066 5262 concludatur.

543 5300 705 5357 Vens.
751 5301 837 5355 19.
893 5299 1133 5370 Vespere,
1179 5312 1227 5355 et
1276 5320 1447 5368 mane,
1482 5313 1530 5358 et
1564 5304 1780 5359 meridie
1819 5307 2048 5361 narrabo

429 5387 431 5390 ’
467 5399 518 5443 et
560 5392 908 5458 armuntiabo,
937 5403 982 5447 et
1017 5394 1262 5448 exaudiet
1304 5411 1482 5449 vocem
1528 5412 1719 5460 meam,
1753 5404 1862 5454 etc.
1903 5396 2052 5454 Inter

542 5589 660 5696 ί
696 5591 826 5659 Τοῖς
855 5594 972 5649 ἀπὸ
999 5597 1232 5663 κακίας,
1274 5607 1380 5653 etc.
1409 5596 1576 5654 Idem.

687 5666 840 5696 νηί-η
853 5667 1136 5696 πλάθοιινῖιθι
1211 5671 1379 5696 ΗΑΛ...
1451 5672 1566 5696 ιη’-.-

467 5733 510 5790 C
679 5666 1156 5744 ζςαταπόντισοικ
1189 5662 1396 5736 Κύριε.
1451 5672 1660 5739 Τίνων,
1710 5683 1815 5728 ctc.
1855 5673 2055 5729 Catena

515 5749 577 5789 or
651 5748 740 5790 ru.

2239 5302 2537 5372 Ἐσπέρας
2579 5303 2678 5356 καὶ
2721 5301 2872 5371 πρωῒ
2916 5301 3014 5355 καὶ
3049 5301 3424 5371 μεσημϐρίας
3469 5297 3750 5369 διηγήσο-

2153 5415 2297 5468 μαι,
2335 5395 2435 5450 καὶ
2485 5391 2824 5465 ἀπαγγελῶ,
2884 5393 2983 5448 καὶ
3026 5394 3447 5448 εὶσακούσεται
3484 5391 3595 5460 τῆς
3640 5409 3751 5460 φω-

2243 5603 2354 5675 tto)
2399 5603 2654 5675 ἐλαέτω
2676 5601 2774 5668 δή,
2804 5611 2911 5675 etc.
2947 5601 3174 5657 Schedae
3197 5601 3414 5675 Grabii.

2240 5674 2368 5799 (t7:l
2391 5673 2639 5728 Ἐκεῖνοι
2676 5676 2762 5740 εἱς
2793 5671 2960 5741 ᾅδου,
2995 5682 3098 5728 etc.
3154 5675 3332 5729 Codex
3388 5671 3750 5727 Coisliniauus

2169 5762 2331 5799 sccun
2375 5761 2458 5802 us.
