1948 3350
19 88 107 115 475
572 89 724 116 SFI.F.(IT.\
749 89 780 115 lN
801 89 967 117 i’b.\l.llOS.
992 107 1022 110 -ρ
1044 91 1142 118 I‘SAL.
1164 91 1240 118 [ΝΗ.

1654 95 1663 120 i
1675 95 1722 122 ιτι

15 148 179 184 Ιᾶομεν
193 149 228 175 τί
248 149 322 175 ἐστιν
338 149 394 182 (69)
412 149 517 184 ἀληθῶς
531 149 704 183 δικαιοσύνην
717 149 817 179 λαλεῖν,
832 158 866 175 κα

934 150 1078 177 Videamus
1093 151 1156 184 quid
1173 150 1210 177 sit
1229 158 1293 177 vere
1306 150 1439 184 justitiam
1457 151 1594 186 proloqui.
1608 156 1635 178 et
1653 160 1719 186 quo!

15 203 70 221 σα.
77 196 164 230 χῶς
184 195 336 231 ενδὲχεται
350 195 380 221 τὸ
394 195 513 221 τοιοῦτον
530 194 662 228 γίνεσθαι.
687 192 741 220 καὶ
755 194 814 220 καθ’
830 194 878 220 ἕνα

14 239 75 265 μὲν
102 240 246 277 τρόπον
264 240 438 276 δικαιοσύνην
458 240 515 266 ἔστι
534 240 635 270 λαλεῖν,
663 240 706 266 ὅτε
728 239 792 274 ὑγιῆ
812 239 877 274 περὶ

14 286 255 321 »ικαιοσὺνης
279 285 350 320 ἔχων
366 294 407 317 τις
425 286 565 320 δόγματα,
587 285 650 320 ιιτερλ¹
665 286 769 312 τούτων
789 285 877 311 διαλέ-

14 337 127 362 ξεται
144 339 153 346 ο
173 331 262 357 κατὰ
276 331 402 366 δεύτερον
417 331 445 357 δὲ
459 331 559 366 τρόπον
573 330 747 366 δικαιοσύνην
769 339 812 362 τις
830 331 876 357 λα-

14 376 68 401 λεῖ
91 377 113 402 ὁ
133 376 207 402 ἀπὸ
231 377 408 412 δικαιοσύνης
426 376 634 412 ἐνυπαρχούσης
650 378 682 411 τῇ
700 377 771 412 ψυχῇ
788 376 876 403 πάντα

14 420 157 455 λέγων.
191 422 371 456 Συναγαγὼν
391 423 419 449 δέ
442 431 484 454 τις
507 422 662 457 ἀμφότερα,
684 422 758 458 εὖροι
783 423 816 449 ἂν
831 423 877 449 τὸν

15 466 174 502 ἀληθῶς
196 468 379 502 δικαιοσύνην
390 467 531 494 λαλοῦντα.
551 469 581 494 οι
598 468 653 503 γὰρ
668 467 767 500 ἔξωθεν
782 469 876 502 φαινό-

16 521 131 546 μενοι
149 515 221 545 τοῖς
241 513 397 549 ἀνθρώποις
411 514 520 544 δίκαιοι.
538 515 639 541 ἔσωθεν
653 515 681 541 δὲ
700 515 794 550 μεστοὶ
812 515 877 542 ὐπο-

19 568 43 584 κ
51 559 185 593 ρίσεως
207 560 262 586 καὶ
278 560 391 595 ἀνομίας
399 561 589 595 τυγχάνοντες,
603 562 654 588 κᾶν
662 561 764 588 λαλῶσι
775 562 877 589 δικαιο-

22 604 157 640 σύνην,
177 606 238 632 οὐκ
251 606 360 640 ἀληθῶς
375 607 459 641 αὐτὴν
476 606 612 634 λαλοῦσιν,
637 607 771 642 Ἠγηῦμαι
792 608 820 634 δὲ
836 609 877 634 ὅτι

23 651 150 683 οὐδεὶς
179 651 302 678 δύναται
332 652 506 687 δικαιοσύνην
533 653 669 688 λαλῆσαι,
697 653 733 688 μὴ
756 654 876 688 μετέχων

26 698 203 732 Χριστοῦ,
229 709 239 724 ι
255 699 284 731 ὂς
302 699 419 735 ἐγενήθη
433 701 498 735 ἡμῖν
516 701 598 735 σοφία
613 700 666 727 ἀπὺ
679 701 758 732 Θεοῦ,
772 701 876 727 δικαιο-

28 743 124 780 σύνη
137 753 176 771 τε
193 745 248 771 καὶ
262 745 398 779 ἁγιασμὸς
408 765 415 776 ,
432 746 479 772 καὶ
492 746 691 782 ἀπολύτρωσις.
712 756 721 771 ι
750 747 875 773 Ἀκολου-

31 790 90 816 Οεί
113 790 151 817 δὲ
167 791 205 817 τὸ
221 791 332 826 ἀληθῶς
350 792 440 818 λαλεῖν
460 792 634 828 δικαιοσύνην
654 793 694 828 τῷ
708 793 788 820 εὐθέα
814 794 874 829 κρί-

32 843 125 866 νειν,
149 835 234 862 ὥστε
259 837 342 871 μηδὲν
359 835 428 864 εἶναι
453 838 559 864 σκολιὸν
576 839 604 864 ὲν
621 840 676 870 τοῖς
695 839 811 874 κρίμασι
828 840 874 866 καὶ
890 829 910 855 Β

35 881 110 911 τοῖς
131 880 291 916 λογισμοῖς
308 882 355 909 τοῦ
371 882 480 918 ἀληθῶς
494 884 670 919 δικαιοσύνην
682 884 836 917 λαλοῦντος.

87 928 158 953 Καὶ
184 927 246 961 γὰρ
268 928 303 954 ἐν
318 928 424 962 καρδίᾳ
445 930 581 964 ἀνομίας,
608 939 635 956 κ.
660 939 685 957 τ.
710 932 732 958 ἐ.
753 932 811 957 Ἷνα
827 931 874 966 δη-

42 972 137 1008 λώσῃ
160 973 222 1008 (70)
240 975 254 1000 ό
267 973 344 1008 λόγος
357 975 449 1011 πηγὴν
465 976 514 1010 μὲν
525 977 571 1003 καὶ
583 976 670 1012 ἀρχὴν
685 977 775 1012 πάσης
788 978 875 1012 ἀμαρ-

42 1019 119 1050 τίας
141 1019 176 1045 τὸ
197 1019 248 1046 τοῦ
265 1020 367 1054 φαύλου
386 1022 550 1056 ἡγεμονικὸν
564 1043 570 1054 ,
596 1022 716 1057 ἀνομιῶν
732 1024 874 1059 πεπληρω-

49 1064 161 1097 μένον,
184 1064 226 1097 ὥς
249 1074 274 1092 τι
301 1066 389 1101 ῥεῦμα
416 1067 469 1093 ἀπὸ
485 1067 534 1103 τῆς
551 1068 619 1102 γῆς·
645 1068 694 1104 τὴν
716 1069 743 1095 δὲ
762 1069 871 1104 πρᾶξιν,

49 1108 91 1144 ἧς
112 1110 262 1145 σύμϐολον
270 1112 296 1138 αἱ
315 1113 415 1147 χεῖρες,
428 1113 476 1148 τὴν
491 1113 545 1140 ἀπὸ
559 1114 605 1140 τοῦ
624 1114 788 1150 ἡγεμονικοῦ
807 1124 873 1150 προ-

52 1156 205 1191 αχθεῖσαν
222 1158 351 1194 μελέτην·
364 1160 495 1195 πρότερον
510 1161 559 1195 μὲν
574 1161 604 1187 τὸ
615 1162 685 1187 κατά
697 1162 745 1197 τὴν
759 1162 872 1198 καρδίαν

52 1203 211 1238 (ἶινόμασε,
226 1205 351 1242 δεύτερον
367 1207 394 1233 δὲ
412 1208 442 1233 τὸ
458 1208 528 1234 κατὰ
544 1208 595 1239 τὰς
609 1209 711 1243 χεῖρας.
726 1209 807 1245 Καὶὴ
822 1210 872 1243 μὲν

55 1249 115 1283 τῆς
133 1250 282 1286 ἁμαρτίας
300 1252 370 1287 ἀρχή
387 1254 460 1278 ἐστιν
475 1254 529 1280 ἀπὸ
544 1253 667 1288 καρδίας,
686 1254 732 1280 καὶ
754 1255 783 1281 τὸ
797 1255 872 1287 τέλος

14 1333 17 1340 Ι
54 1296 88 1320 ὲν
106 1297 178 1327 ταῖς
202 1297 351 1332 πράξεσιν·
376 1299 422 1324 ἐπὶ
443 1299 471 1325 δὲ
489 1299 543 1325 τῶν
566 1300 784 1335 ἐπιστρεφόντων
804 1301 872 1336 πρὸς

55 1341 131 1367 θεὸν
161 1342 178 1376 ἡ
196 1341 270 1377 ἀρχὴ
296 1342 344 1377 μὲν
363 1343 417 1369 ἀπὸ
433 1343 482 1378 τῆς
499 1343 604 1378 ἀποχῆς
618 1344 672 1370 τῶν
691 1344 785 1370 κακῶν
803 1345 872 1379 πρά-

15 1381 22 1397 ῖ
58 1386 136 1418 ξεων
148 1394 157 1401 ⁸
179 1386 256 1417 τέλος
270 1387 297 1413 δὲ
313 1389 328 1423 ἡ
341 1388 496 1424 καθαρότης
511 1389 561 1423 τῆς
573 1389 697 1424 καρδίας.
715 1389 815 1424 Διόπερ
830 1391 872 1415 ὲν-

56 1432 161 1458 ταῦθα
179 1433 229 1467 μὲν
248 1433 292 1459 ὅτε
313 1433 469 1468 ἐλέγχονται
486 1435 510 1461 οξ
523 1435 628 1469 ψεκτοὶ,
644 1434 678 1461 τὰ
694 1435 744 1470 τῆς
758 1435 871 1471 καρδίας

62 1479 241 1514 ἀνομήματα
264 1481 413 1516 πρότερον,
436 1482 482 1508 καὶ
511 1482 570 1507 τότε
598 1481 631 1508 τὰ
659 1482 869 1517 συμπλεκόμενα

64 1525 230 1560 ἀδικήματα
242 1528 302 1558 ταῖς
314 1527 407 1561 χερσὶν
422 1527 588 1562 ὠνόμασται.
608 1528 680 1554 ’Λντὶ
687 1528 714 1553 δὲ
723 1527 769 1553 τοῦ
781 1537 789 1552 ι
804 1536 834 1553 tm
839 1537 872 1563 μ-

68 1570 207 1597 πλέκουσι
232 1581 242 1597 ι
266 1572 412 1599 θεοδοτίων
427 1573 473 1599 καὶ
487 1575 503 1608 ὴ
524 1573 635 1608 πέμπτη
650 1573 764 1605 ἔκδοσις,
784 1583 793 1599 ‹
813 1574 872 1600 δια-

71 1617 285 1651 σταθμίζουσιν·
303 1629 311 1644 ι
337 1619 450 1650 ’Λκύλας
464 1619 492 1645 δὲ
509 1629 517 1644 ι
531 1619 752 1654 διασταθμίζεται
768 1629 777 1645 ι
792 1629 872 1656 περί-

74 1663 144 1698 ἑχει.
166 1663 222 1698 Οὐχ
237 1663 273 1695 ὼς
290 1663 379 1699 ἔτυχε,
395 1665 471 1699 φησι,
494 1665 679 1699 συμπλέκουσι
691 1665 740 1701 τὴν
753 1665 870 1698 ἀδικίαν,

74 1709 146 1736 ἀλλά
161 1709 203 1735 διὰ
223 1709 324 1741 ταύτας
338 1711 387 1742 τὰς
403 1711 512 1742 κακίας,
529 1710 688 1742 ἐπελθόντος
703 1711 771 1747 αὑτῇ
787 1720 871 1748 στρα-

76 1756 201 1787 τοπέδου,
217 1756 332 1791 ἔφθασεν
349 1758 365 1792 ἡ
382 1758 482 1793 ἀνομία
504 1758 551 1784 καὶ
567 1758 582 1793 ἡ
598 1758 747 1792 ἀντιλογία,
761 1759 807 1785 καὶ
825 1759 871 1785 ἐπὶ

77 1801 113 1828 τὰ
129 1802 203 1838 τείχη
225 1803 310 1837 αὐτῆς
326 1804 389 1834 τοὺς
405 1803 591 1839 φρουροῦντας
614 1804 699 1839 αὐτὴν
717 1804 806 1839 ἱεροὺς
821 1804 871 1838 ἀγ-

80 1848 191 1883 γέλους·
209 1849 252 1875 καὶ
266 1849 317 1884 γὰρ
333 1846 404 1876 οὗτοι
419 1849 597 1883 ἐγκατέλιπον
613 1849 696 1885 αὐτὴν
716 1850 869 1885 ἀνομοῡσαν

81 1894 129 1921 καὶ
143 1894 330 1928 ἀντιλέγουσαν
346 1894 508 1932 ἑωρακότες.
532 1896 603 1922 Διότι
624 1905 632 1921 t
647 1896 745 1931 ἀνομία
763 1897 805 1923 καὶ
821 1897 870 1923 πό-

83 1949 138 1973 νος,
154 1950 162 1966 ι
179 1941 294 1973 ἐναντίος
308 1943 341 1977 τῇ
358 1942 487 1978 ὲπαινετῇ
501 1942 592 1978 ἡδονῇ,
611 1944 658 1969 (ἐν
675 1943 750 1979 μέσῳ
763 1944 846 1979 αὐτῆς
858 1954 866 1969 ›

83 1987 131 2013 σὺν
156 1986 241 2023 ἀδικίᾳ
264 1987 419 2022 γεγένηται,
444 1987 481 2019 ὡς
509 1998 518 2013 ι
534 1988 570 2024 μὴ
598 1988 734 2015 ἐκλείπειν
757 1990 789 2015 ἐκ
815 1990 868 2015 τῶν

85 2031 211 2058 πλατειῶν
224 2032 306 2066 αὐτῆς
321 2033 399 2058 τόκον
416 2032 463 2059 καὶ
476 2032 563 2064 δόλον,
579 2042 588 2058 ι
603 2033 797 2069 δολιευομένων
814 2034 867 2060 τῶν

85 2077 221 2104 οἰκούντων
237 2078 320 2112 αὐτὴν
337 2078 369 2104 δι’
387 2075 424 2104 ὧν
438 2078 564 2114 φρονοῦσι
590 2079 731 2114 πονηρῶςθ
752 2079 868 2106 κοπιών-

87 2132 137 2150 των
151 2123 176 2149 δέ
198 2118 232 2158 τῷ
247 2123 335 2158 αἴρειν
358 2124 399 2158 ἐφ’
417 2125 523 2156 ἑαυτοῖς
549 2124 579 2151 τὸ
593 2124 643 2159 τῆς
660 2126 759 2156 κακίας
773 2126 876 2160 ἄχθος,Δ

90 2168 196 2204 μολίϐδῳ
212 2169 459 2206 παραδαλλομένης.
481 2171 535 2197 Καὶ
552 2170 681 2202 πλατείας
698 2171 782 2206 αὐτῆς
798 2172 866 2207 ἡγη-
884 2180 904 2206 [)

88 2214 144 2241 τέον
157 2212 218 2241 εἶναι
231 2214 278 2244 τὰς
292 2214 335 2241 διὰ
351 2215 381 2241 τὸ
399 2214 537 2250 φιλήδονον
554 2215 739 2248 πλατυνούσας
754 2218 863 2249 ἑαυτὰς,

90 2260 126 2295 τῷ
140 2260 182 2295 τὴν
196 2259 318 2286 πλατεῖαν
336 2261 382 2286 καὶ
396 2261 550 2297 εὐρύχωρον
568 2262 670 2288 ὁδεύειν
689 2262 759 2295 ὁδὸν,
775 2263 865 2290 τουτέ-

93 2315 141 2337 στι,
153 2306 193 2332 τὸν
208 2306 324 2341 ήδονικὸν
341 2307 388 2333 καὶ
402 2307 550 2342 παθητικὸν
570 2308 642 2343 βίον·
658 2310 686 2335 ἐν
702 2309 797 2341 αὑταῖς
810 2310 863 2346 γὰρ

94 2352 133 2379 ἀεὶ
155 2352 232 2387 μένων
255 2353 269 2379 ό
292 2353 355 2388 περὶ
378 2353 411 2379 τὰ
429 2353 501 2380 κακὰ
528 2354 620 2386 κόπος,
638 2355 684 2381 καὶ
706 2355 720 2380 ό
736 2356 800 2391 περὶ
815 2357 863 2387 τὰς

95 2400 190 2431 ἀπάτας
207 2400 285 2432 δόλος,
304 2400 473 2436 πληροῦσθαι
500 2402 572 2427 ποιεί
588 2402 627 2432 τὸ,
649 2412 657 2427 ι
672 2403 729 2429 Οὐκ
742 2402 864 2435 ἐξέλιπεν

96 2446 125 2472 ὲκ
144 2445 190 2472 τῶν
210 2445 338 2473 πλατειῶν
352 2446 437 2481 αὐτῆς
453 2447 532 2478 τόκος
547 2448 593 2474 καὶ
615 2447 697 2480 δόλος.
711 2458 720 2474 ι
740 2448 795 2475 Καὶ
811 2448 865 2484 γὰρ

96 2492 310 2527 διασταθμὶζοντες
322 2493 423 2519 ἕκαστα
434 2492 486 2520 τῶν
499 2494 674 2529 ἀδικημάτων
687 2494 725 2525 εἰς
736 2494 784 2530 τὴν
797 2503 865 2529 συμ-

100 2538 187 2573 πλοκὴν
209 2539 251 2574 τῆς
268 2539 365 2570 κακίας
390 2541 414 2566 οἱ
437 2540 506 2575 πρὸς
529 2541 579 2576 τὴν
606 2540 713 2567 ἀδικίαν
732 2541 865 2577 εὐχερεῖς,

99 2583 238 2615 ἀδιαστάτως
261 2585 401 2621 ἐνεργοῦσι
428 2586 462 2613 τὰ
488 2586 584 2622 αἱρετά
611 2587 651 2618 είς
674 2586 866 2619 ἀνεξάλειπτον

101 2630 185 2665 στήλην
205 2630 485 2666 παραλαμϐανομένων
511 2633 564 2658 τῶν
590 2632 713 2667 πράξεων
740 2633 788 2668 τῆς
809 2633 866 2659 ἁδι-

101 2677 153 2709 nia;
168 2677 251 2704 αὐτῶν.

885 1505 906 1533 C

133 2769 151 2785 υ
171 2768 248 2795 llattlt.
271 2776 350 2797 xxut.
369 2768 414 2796 28.
453 2768 486 2783 ⁸⁸·
506 2768 592 2795 lCor.
613 2776 631 2801 ι,
652 2768 697 2795 50.

135 2816 178 2850 ([59)
192 2816 302 2851 Ἰὃωμεν
321 2817 349 2842 τί
363 2816 459 2850 ἐστιν,
471 2821 524 2842 etc.
543 2816 644 2845 Ctttcnu
669 2816 801 2845 Cordctii.

930 196 1016 221 tuodis
1029 197 1114 230 possit
1136 197 1186 223 ltoc
1208 196 1277 223 ﬁeri.
1293 197 1380 230 Atque
1401 205 1452 223 una
1477 197 1588 232 quidem
1613 198 1720 225 ratione

929 240 991 266 licet
1005 241 1130 274 proferre
1151 241 1294 274 justitiam.
1321 241 1430 275 quando
1452 242 1512 276 quis
1529 250 1596 269 sana
1619 243 1651 269 de
1677 243 1721 277 ju-

927 286 1003 312 stitia
1030 286 1134 313 habens
1152 288 1290 320 dogmata,
1313 288 1345 313 de
1367 287 1462 313 iisdem
1485 287 1605 315 disserit.
1628 288 1721 314 Altero

929 339 994 357 vero
1008 333 1089 358 modo
1104 332 1237 366 justitiam
1254 333 1315 366 quis
1335 332 1467 367 loquitur,
1485 334 1530 367 qui
1545 341 1576 360 ex
1596 334 1675 360 insita
1693 335 1719 361 in

929 377 1021 403 animo
1037 377 1120 411 ipsius
1135 376 1241 410 juslilia
1267 382 1364 404 cuncta
1390 377 1468 404 dicit.
1496 377 1523 404 Si
1545 378 1607 412 quis
1627 383 1718 405 auten.

928 425 1076 455 utrumque
1102 420 1286 454 conjunxerit,
1302 421 1421 455 reperiet
1438 430 1499 448 etnn
1521 423 1565 456 qui
1583 431 1647 450 vere
1675 422 1720 457 ju-

929 467 1031 493 stitiatn
1050 467 1189 500 loquatur.
1204 467 1254 500 Qui
1275 468 1373 494 ettinta
1399 468 1465 495 loris
1481 475 1610 502 apparent
1629 469 1719 496 homi-

929 513 1009 539 nibus
1022 512 1101 546 jttSli,
1114 513 1187 539 intus
1203 518 1292 539 autent
1312 513 1384 547 pleni
1400 517 1463 540 sunt
1481 514 1615 547 hypocrisi
1630 519 1656 541 et
1670 515 1720 542 ini-

928 558 1033 592 quitate
1052 559 1097 589 ﬂ;
1120 558 1169 585 etsi
1198 558 1343 593 loquantur
1366 559 1519 593 justitiam,
1547 567 1599 586 non
1628 565 1717 588 tamen

927 610 990 630 vere
1018 604 1090 630 illam
1115 604 1272 639 loquuntur.
1298 604 1432 632 Existimo
1455 609 1547 631 autem
1583 606 1717 633 neminem

927 655 1006 681 posse
1020 647 1093 682 loqui
1107 648 1255 683 justitiam,
1271 649 1317 683 qtti
1335 657 1388 675 non
1403 649 1438 675 sit
1451 650 1589 684 pttrLiceps
1604 649 1718 677 Christi.

930 703 941 719 ι
955 696 1000 728 qui
1018 694 1107 721 factus
1124 700 1167 721 est
1184 696 1264 723 nobis
1285 696 1419 730 sapientia
1437 704 1451 722 ιι
1472 696 1535 728 Deo,
1559 701 1586 722 et
1600 696 1717 731 justitia,

926 744 954 766 et
965 741 1160 773 sanctiﬁcatio,
1174 746 1201 767 et
1213 742 1363 776 redemptio
1375 742 1419 768 ⁸⁸³.
1438 752 1447 767 ι
1464 742 1549 769 Porro
1564 750 1625 769 vete
1646 742 1718 776 loqui

924 786 1058 819 justitiam
1076 787 1202 820 sequitur
1217 793 1250 813 cx
1269 792 1343 814 recto
1358 787 1473 822 judicio,
1498 789 1534 814 ita
1551 792 1579 814 ut
1595 788 1661 815 nihil
1682 789 1719 815 sit

925 833 1067 867 obliquum
1083 833 1108 859 in
1119 833 1231 866 judiciis
1243 838 1272 860 et
1288 835 1504 868 cogitationibus
1517 835 1575 869 ejus
1591 836 1638 869 qui
1651 843 1715 862 vere

924 879 1060 913 justitiam
1082 879 1212 913 loquitur.

962 925 1044 953 Vsus.
1066 926 1093 953 5.
1124 925 1228 953 Etenim
1256 927 1282 953 in
1307 926 1384 953 corde
1410 927 1571 960 iniquitates.
1600 932 1654 955 etc.
1681 927 1716 955 Ut

925 978 1017 997 sermo
1047 971 1183 1005 signiﬁcet
1218 971 1321 998 fontem
1351 971 1460 1006 quidem
1487 979 1518 998 ac
1552 972 1714 1007 principium

925 1018 1014 1044 omnis
1031 1018 1135 1051 peccati
1152 1025 1212 1044 esse
1227 1023 1344 1044 tneutcnt
1367 1018 1495 1052 improbi,
1512 1027 1572 1052 qua:
1586 1020 1713 1054 iniquita-

926 1065 997 1091 tibus
1009 1065 1153 1095 redundat.
1167 1065 1239 1091 sicut
1251 1064 1362 1099 quidam
1375 1064 1464 1091 ﬂuxus
1474 1066 1506 1092 de
1519 1071 1610 1098 terra;
1626 1071 1716 1093 actum

925 1118 1001 1141 vero.
1021 1110 1098 1143 cujus
1110 1110 1264 1145 symbolum
1287 1115 1350 1137 sunt
1372 1119 1481 1142 manus.
1502 1119 1563 1139 esse
1581 1113 1714 1140 exercita-

926 1158 1028 1184 tionem
1044 1165 1104 1191 (μην
1122 1165 1135 1183 a
1160 1162 1251 1183 tuente
1276 1162 1419 1191 promanat
1439 1166 1446 1188 ;
1467 1157 1583 1191 primum
1607 1158 1716 1191 quidem

928 1211 976 1238 per
992 1210 1039 1230 cor
1057 1203 1220 1235 nominavit,
1235 1204 1386 1230 secundum
1399 1210 1464 1230 vero
1479 1210 1527 1237 per
1543 1211 1649 1230 manus.
1672 1204 1718 1230 At-

926 1257 979 1283 que
993 1249 1097 1284 peecati
1113 1249 1224 1282 quidem
1241 1249 1404 1282 principium
1419 1253 1460 1276 est
1477 1257 1490 1275 a
1506 1250 1601 1278 corde.
1613 1253 1640 1276 et
1655 1249 1717 1276 ﬁnis

925 1295 950 1321 in
967 1294 1174 1327 operationibus
1189 1301 1196 1320 :
1213 1294 1239 1320 itt
1257 1295 1290 1321 iis
1306 1298 1397 1321 autem
1423 1295 1468 1329 qui
1493 1295 1526 1321 ad
1549 1294 1632 1321 Deum
1651 1302 1717 1322 cou-

924 1345 1078 1371 mrlttutttr,
1099 1339 1267 1374 principium
1283 1340 1394 1366 ducitur
1408 1348 1421 1365 a
1436 1347 1582 1374 pravorum
1604 1345 1714 1368 actuum

924 1386 1111 1417 abstinentia;
1132 1379 1194 1411 linis
1219 1392 1283 1411 vero
1302 1390 1344 1412 est
1369 1386 1474 1419 purilas
1493 1386 1597 1414 cordis.
1612 1386 1715 1414 Idcirco

924 1432 1032 1466 quando
1046 1432 1090 1459 hic
1111 1431 1128 1458 ii
1148 1431 1193 1466 qui
1219 1431 1371 1465 culpabiles
1385 1436 1447 1458 Sunt
1466 1432 1714 1466 reprehenduntur,

924 1477 1040 1512 primunt
1057 1477 1156 1504 delicta
1180 1478 1280 1509 cordis,
1298 1485 1329 1504 ac
1350 1478 1448 1505 deinde
1467 1478 1634 1512 iniquitates,
1654 1487 1713 1513 qua:

925 1522 1050 1549 manibus
1068 1523 1238 1549 concinnata:
1255 1528 1327 1555 sunt,
1345 1523 1532 1550 nominantur.
1549 1523 1602 1550 Pro
1620 1534 1629 1549 ι
1649 1532 1714 1551 con-

925 1568 1038 1594 cinnant
1061 1577 1070 1592 ›
1107 1572 1197 1594 autem
1229 1567 1398 1594 Tlteodotion
1434 1573 1461 1594 et
1486 1567 1713 1601 qoittta‘editio,

925 1612 1006 1648 735
1024 1623 1032 1638 I
1049 1613 1163 1645 librant;
1183 1622 1192 1639 ι
1208 1613 1303 1647 Aquila
1322 1621 1386 1640 vero
1401 1623 1409 1638 ι
1428 1613 1510 1640 librat
1529 1623 1538 1639 ι
1554 1613 1644 1641 habet.
1656 1613 1713 1641 Non

924 1661 1190 1693 quomodoutnque,
1219 1660 1316 1694 inquit,
1339 1661 1505 1688 concinnant
1531 1660 1713 1694 iniquitatem.

922 1705 969 1732 sed
999 1711 1109 1739 propter
1143 1707 1192 1732 bas
1222 1707 1389 1740 pravitates.
1423 1707 1633 1741 superveniente
1663 1708 1712 1743 ipsi

922 1751 1057 1782 exercitu,
1084 1752 1210 1785 pervenit.
1228 1752 1358 1785 iniquitas
1375 1757 1402 1778 et
1428 1752 1608 1780 contradictio
1627 1753 1712 1780 etiam

922 1797 955 1823 ad
971 1804 1064 1823 muros
1084 1796 1152 1830 ejus,
1167 1798 1293 1824 custodes
1307 1797 1437 1824 nimirum
1459 1797 1516 1831 ejus
1535 1803 1645 1826 sanctos
1661 1806 1712 1825 au-

921 1843 995 1879 gelos
1015 1851 1023 1870 :
1042 1844 1069 1871 bi
1097 1844 1170 1870 cuitu
1193 1844 1266 1870 illam
1294 1844 1493 1876 deseruerunt.
1521 1845 1592 1878 qttod
1621 1845 1712 1872 vidis-

921 1895 981 1917 sent
1001 1891 1203 1925 dclinqucutem
1226 1895 1253 1918 et
1267 1891 1512 1917 cootradiccutctn.
1541 1890 1712 1925 Quapropter

922 1946 932 1961 ι
965 1936 1097 1971 iniquitas
1125 1941 1152 1963 et
1181 1936 1280 1967 labor,
1314 1945 1323 1961 ι
1356 1936 1402 1970 qui
1424 1936 1550 1963 laudabili
1581 1937 1709 1972 voluptati

920 1983 1075 2009 contrarius
1099 1987 1150 2011 est.
1179 1991 1188 2007 ε
1218 1982 1243 2008 iu
1262 1982 1351 2009 tttedio
1374 1982 1444 2017 ejus.
1467 1991 1476 2007 ›
1494 1990 1555 2009 cum
1576 1982 1709 2017 injttslilia

919 2029 1094 2059 exstiterunt,
1111 2033 1141 2056 ul.
1162 2037 1171 2054 ε
1187 2036 1240 2055 non
1258 2029 1386 2056 deﬁceret
1403 2030 1436 2056 de
1447 2029 1543 2063 pluteis
1556 2028 1614 2063 ejus
1627 2037 1709 2056 usura

919 2081 946 2102 ct
959 2075 1035 2102 dolus
1047 2077 1081 2108 ",
1096 2084 1105 2101 ι
1117 2075 1213 2102 incolis
1229 2075 1288 2110 ejus
1303 2083 1351 2110 per
1370 2083 1401 2102 ea
1418 2084 1477 2110 qua:
1491 2083 1618 2109 perverse
1630 2083 1709 2103 cont-

920 2121 1103 2148 miniscuntur
1121 2121 1214 2148 dolose
1241 2122 1401 2156 agentibus;
1429 2122 1615 2150 laborantibus
1640 2130 1707 2150 vero

920 2171 949 2193 ut
974 2166 1103 2194 tollerent
1130 2174 1212 2201 super
1229 2175 1258 2194 se
1279 2176 1347 2195 onus
1373 2167 1492 2200 malitite,
1509 2176 1569 2202 quas
1597 2168 1708 2204 plumbo

919 2218 1104 2249 comparatur.
1132 2213 1213 2247 Atqui
1235 2214 1340 2248 plateas
1359 2214 1419 2248 ejus
1438 2214 1647 2242 existimandum
1668 2221 1709 2242 est

918 2267 979 2287 esse
992 2259 1062 2290 illas,
1082 2266 1143 2293 qua?
1158 2266 1205 2293 per
1220 2266 1341 2286 amorem
1355 2259 1500 2294 voluptatis
1521 2260 1625 2295 seipsas
1639 2261 1708 2287 dila-

919 2311 988 2339 tant,
1016 2305 1080 2331 dtntt
1103 2304 1185 2331 latam
1205 2309 1234 2331 et
1259 2305 1407 2340 spatiosum
1423 2306 1492 2333 viam
1509 2306 1661 2337 ambulant.
1681 2306 1707 2333 id

918 2355 969 2384 est,
996 2351 1081 2377 vitam
1113 2349 1293 2384 voluptariam
1320 2355 1348 2377 et
1373 2351 1546 2386 passionibtts
1571 2351 1706 2380 deditam:

919 2392 982 2424 cum
1002 2398 1074 2423 euitn
1091 2396 1117 2423 in
1139 2397 1172 2423 Eis
1192 2403 1300 2430 semper
1318 2402 1425 2423 maneat
1441 2397 1517 2423 labor
1530 2397 1603 2424 circa
1625 2397 1705 2428 mala.

920 2450 1002 2480 atque
1018 2444 1095 2472 dolus
1112 2444 1187 2472 circa
1210 2444 1396 2478 tleceptiones,
1413 2444 1475 2471 ltine
1494 2444 1523 2471 ﬁt
1544 2449 1574 2471 ut
1594 2444 1706 2479 implua-

919 2496 963 2518 tur
988 2491 1072 2522 illud.
1097 2500 1105 2516 I
1127 2490 1185 2517 Non
1206 2490 1306 2517 defecit
1325 2491 1358 2518 de
1378 2491 1473 2525 plateis
1491 2491 1552 2526 ejus
1571 2499 1652 2518 usura
1678 2496 1707 2518 et

918 2536 1004 2564 dolus.
1021 2545 1030 2561 ι
1046 2536 1152 2563 Etenim
1169 2536 1231 2562 duttt
1247 2536 1340 2570 |ti,qui
1360 2538 1392 2563 ad
1407 2536 1577 2571 iniquitatem
1589 2537 1704 2571 prompti

917 2588 990 2613 sunt,
1012 2583 1137 2617 singulas
1165 2583 1335 2616 iniquitates
1349 2583 1382 2609 ad
1401 2590 1484 2610 unum
1505 2583 1615 2610 malitiae
1631 2590 1704 2610 com-

917 2629 1025 2663 plexum
1039 2628 1153 2660 librant,
1174 2629 1362 2656 indesinenter
1382 2628 1535 2656 desiderata
1549 2629 1704 2663 perﬁciunt,

917 2676 951 2702 ad
976 2674 1148 2702 indelebilem
1173 2675 1328 2702 columnam
1350 2675 1499 2710 assumptis
1513 2675 1640 2710 operibus
1652 2675 1704 2704 ini—

917 2720 1028 2755 quitatis
1043 2727 1147 2747 eorum.

736 2768 758 2783 ¹⁷
783 2767 855 2796 Psal.
879 2776 933 2800 Liv,
961 2769 1004 2795 ii.

947 2816 1003 2851 (70}
1022 2816 1087 2843 Ἵνα
1104 2815 1240 2850 δηλώσῃ,
1259 2820 1312 2844 etc.
1331 2816 1441 2844 Eadem.

21 3087 1465 3256 V
