4120 6212
462 233 487 289 ί
508 234 604 288 175

569 348 725 402 Vens.
779 346 832 399 4.
901 344 1123 398 Alienati
1203 350 1325 397 sunt
1386 348 1679 408 peccatores
1739 354 1770 389 a
1832 337 2099 399 vulva,A

463 445 771 494 erraverunt
836 437 899 488 ab
971 446 1119 487 utero
1155 473 1169 496 ,
1247 431 1407 484 locuti
1473 440 1592 484 sunt
1670 428 1854 498 (also,
1921 437 2025 479 etc.

455 528 774 583 Aliennntur
817 541 846 578 a
882 523 1037 575 vulva
1078 530 1132 575 et
1170 529 1355 574 errant
1392 520 1461 573 ab
1500 530 1656 572 utero
1692 519 1783 587 qui
1827 533 1855 570 a
1897 532 2029 584 pue-

462 619 585 673 ritia
629 632 731 671 non
772 617 838 669 ad
878 615 1168 677 virtutem,
1221 613 1313 665 sed
1353 612 1420 666 ad
1464 610 1726 664 malitiam
1768 610 2027 680 gradiun-

460 720 565 763 tur.

532 801 695 853 Vens.
726 798 777 854 5.
815 795 993 848 Furor
1027 794 1137 847 illis
1171 793 1456 846 secundum
1496 790 1895 844 similitudinem
1920 804 2029 841 ser-

454 892 648 959 pentis,
682 891 819 942 sicut
849 887 1050 949 aspidis
1078 887 1254 939 surda:
1281 895 1327 937 et
1347 884 1652 937 obturantis
1689 898 1844 934 aures
1875 898 2020 945 suas,

456 992 563 1036 etc.
596 979 787 1036 Omnis
826 979 1004 1033 anima
1034 992 1155 1045 qua:
1192 977 1463 1029 salutares
1504 990 1608 1028 non
1637 974 1788 1028 audit
1822 988 2030 1029 sermo-

454 1087 570 1135 nes,
615 1072 762 1141 aspis
785 1082 867 1124 est
903 1084 1024 1138 qua:
1054 1068 1271 1122 obturat
1304 1080 1462 1120 aures
1484 1080 1633 1119 suas.

525 1251 799 1321 Ejusdem.
853 1248 1077 1317 Propter
1117 1254 1464 1316 peccatorum
1514 1242 1756 1299 {urorem
1798 1242 1889 1312 qui
1939 1250 2025 1297 est

454 1347 596 1399 sicut
637 1341 791 1395 furor
839 1339 1110 1407 serpentis
1138 1378 1152 1400 ,
1194 1337 1395 1391 dicitur
1435 1336 1516 1391 eis
1560 1352 1574 1388 :
1624 1353 1643 1387 ι
1685 1334 1985 1404 Serpentes
2011 1374 2025 1399 ,

454 1435 727 1507 genimina
778 1432 1090 1501 viperarum
1122 1430 1189 1484 ⁸⁸.
1248 1449 1266 1481 ι
1325 1430 1441 1485 Non
1495 1429 1638 1483 enim
1688 1428 1741 1482 id
1777 1427 1918 1496 quod
1947 1435 2031 1480 est

453 1527 753 1581 secundum
790 1524 1202 1577 similitudinem
1258 1522 1374 1585 Dei,
1412 1522 1508 1576 sed
1546 1522 1689 1590 quod
1723 1528 1809 1573 est
1835 1535 2028 1573 secun-

453 1618 580 1668 dum
622 1615 1027 1669 similitudinem
1074 1615 1365 1681 serpentis,
1412 1622 1755 1681 receperunt.
1786 1612 1864 1666 Ac
1902 1627 2029 1665 san-

1838 221 1926 275 EX
1960 218 2260 275 ORIGENE

3577 223 3725 279 1476

2212 332 2816 401 Ἀπηλλοτριὼθησαν
2843 334 2896 385 οἱ
2934 329 3267 401 ἁμαρτωλοὶ
3307 330 3427 385 ἀπὸ
3461 330 3722 401 μήτρας,

2128 424 2563 492 ἐπλανήθησαν
2621 423 2740 478 ἀπὸ
2790 423 3072 493 γαστρὸς,
3137 423 3454 491 ἐλάλησαν
3492 426 3724 494 ψευδῆ,

2130 534 2182 569 κ.
2216 533 2267 569 τ.
2292 517 2337 568 ἐ.
2393 515 2817 585 Ἀλλοτριοῦνται
2867 515 2978 587 (71)
3015 515 3124 569 ἀπὸ
3176 517 3406 587 μήτρας,
3446 518 3541 570 καὶ
3583 521 3724 573 πλα-

2130 606 2325 661 νῶνται
2356 606 2461 660 ἀπὸ
2508 606 2739 676 γαστρὸς
2770 607 2820 658 οἱ
2868 607 2932 659 ὲκ
2977 606 3165 669 παιδὸς
3196 606 3297 659 οὐκ
3326 607 3420 659 ἐπὶ
3458 608 3558 679 τὴν
3591 609 3724 679 ἀρε-

2132 699 2252 770 τὴν,
2280 699 2395 751 ἀλλ’
2430 700 2524 752 ἐπὶ
2550 698 2649 768 τὴν
2678 697 2879 751 κακίαν
2907 697 3203 760 ὁδεύοντες.

2204 791 2398 861 Θυμὺς
2425 791 2628 856 αὐτοῖς
2676 790 2825 843 κατὰ
2876 790 2990 856 τὴν
3027 792 3313 858 ὁμοίωσιν
3352 790 3460 844 τοῦ
3502 791 3721 859 ὄφεως,

2132 882 2274 935 ὡσεὶ
2308 881 2567 947 ἀσπίδος
2612 879 2839 949 κωςρῆς,
2885 880 2984 933 καὶ
3022 880 3306 946 ,βυούσης
3344 881 3417 934 τὰ
3455 876 3575 935 ὦτα
3603 886 3721 939 αὑ-

2136 975 2265 1043 τῆς,
2295 994 2346 1028 κ.
2372 993 2421 1027 τ.
2448 975 2493 1025 ὲ.
2550 974 2707 1025 Πᾶσα
2752 971 2896 1042 ψυχὴ
2931 971 3040 1041 (72)
3088 970 3163 1041 μὴ
3212 972 3491 1025 ἀκούσασα
3539 974 3720 1043 λόγων

2139 1067 2417 1131 σωζόντων
2453 1064 2643 1135 αὐτὴν,
2692 1063 2857 1126 ἀσπίς
2904 1064 3025 1115 ἐστι
3092 1062 3293 1133 βύουσα
3341 1063 3411 1115 τά
3452 1058 3571 1117 ὦτα
3618 1066 3718 1118 αύ-

2128 1177 2247 1230 της.

2205 1249 2315 1303 Τοῦ
2342 1248 2547 1305 αὐτοῦ.
2605 1245 2705 1299 Διά
2732 1245 2823 1297 τὸν
2859 1244 2970 1315 (7'5)
2999 1244 3075 1308 ὡς
3105 1244 3281 1313 ὄφεως
3321 1243 3428 1299 τῶν
3462 1245 3717 1315 ἁμαρτα-

2128 1344 2325 1397 νόντων
2351 1342 2519 1413 Θυμὸν
2565 1340 2783 1409 λέγεται
2813 1341 2995 1403 αὐτοῖς
3013 1355 3026 1368 ’
3088 1356 3106 1389 ι
3135 1341 3345 1403 Ὄωεις,
3395 1342 3717 1412 γεννήματα

2129 1434 2350 1507 ἐχιδνῶν
2373 1450 2388 1465 α
2451 1453 2472 1486 ι
2526 1434 2599 1504 μὴ
2652 1434 2966 1503 ἀνειληφόσι
3008 1433 3069 1486 τὸ
3112 1436 3233 1488 καθ’
3280 1431 3572 1503 ὁμοιότητα
3617 1433 3716 1485 τοῦ

2128 1528 2285 1589 Θεοῦ,
2319 1525 2455 1579 ἀλλά
2486 1525 2577 1578 τοῦ
2604 1524 2800 1591 ὄφεως.
2840 1524 2949 1576 Καὶ
2970 1526 2997 1577 ὁ
3027 1524 3125 1593 μὲν
3158 1522 3312 1590 ἅγιος
3343 1521 3457 1593 βύει
3489 1523 3555 1575 τά
3578 1517 3715 1585 ὦτα,

2132 1620 2220 1672 ἴνα
2248 1619 2322 1689 μὴ
2356 1617 2564 1689 ἀκούσῃ
2609 1618 2788 1687 κρίσιν
2836 1615 3084 1686 αἵματος,
3128 1615 3219 1667 καὶ
3253 1614 3385 1667 ὡσεὶ
3410 1614 3590 1683 κωφὸς
3615 1616 3717 1667 οὐκ

455 1717 576 1761 ctus
623 1707 838 1775 quidem
875 1706 1093 1757 obturat
1154 1719 1339 1761 aures.
1400 1718 1465 1757 ne
1525 1705 1711 1756 audiat
1758 1703 2021 1771 judicium

2132 1687 2321 1765 ἀκούει
2362 1709 2470 1761 τῶν
2514 1687 2802 1780 χειρόνωνο
2850 1709 2879 1760 ὁ
2922 1707 2980 1759 δὲ
3031 1705 3350 1777 ἁμαρτωλὸς
3394 1707 3494 1758 οὐκ
3526 1706 3717 1759 ἀκούει

456 1798 756 1866 sanguinis,
811 1807 865 1850 et
927 1808 1182 1864 tanquam
1239 1796 1438 1849 surdus
1493 1810 1597 1847 non
1641 1796 1792 1848 audit
1841 1794 2022 1860 mala;

455 1896 707 1955 peccator
745 1898 925 1941 autem
969 1901 1072 1939 non
1126 1885 1275 1939 audit
1332 1888 1511 1948 bona,
1570 1885 2025 1953 quemadmodum

455 1981 602 2049 aspis
642 1981 803 2034 surda
835 1994 954 2047 qum
994 1980 1393 2031 obturataures
1432 1990 1581 2039 snas,
1626 1991 1692 2027 ne
1721 1975 1904 2029 audiat
1933 1989 2027 2028 vo-

452 2086 571 2127 cem
628 2071 1045 2126 incantantium.
1105 2069 1375 2125 Obturant
1414 2078 1595 2123 autem
1634 2076 1690 2121 et
1729 2067 1782 2121 hi
1824 2080 1984 2120 aures
2008 2107 2024 2133 ,

454 2165 521 2219 de
559 2165 756 2232 quibus
815 2178 994 2218 sermo
1051 2171 1155 2225 est,
1197 2174 1301 2214 non
1361 2159 1588 2215 sensiles
1626 2197 1643 2224 ,
1680 2158 1779 2213 sed
1819 2158 2029 2212 intelle-

453 2257 678 2320 ctuales,
724 2273 789 2311 ne
827 2258 1049 2310 audiant
1085 2270 1180 2310 eos
1216 2256 1306 2324 qui
1336 2255 1603 2324 sapientes
1643 2250 2025 2320 prophetarum

452 2357 507 2400 et
566 2349 933 2417 apostolorum
1000 2347 1406 2401 incantationes
1475 2344 1754 2397 adhibent.
1816 2340 2020 2394 Horum

453 2439 597 2490 enim
629 2437 1000 2505 unusquisque
1053 2436 1269 2504 sapiens
1298 2444 1381 2490 est
1422 2432 1785 2488 remediorum
1848 2429 2029 2485 confe-

458 2539 602 2590 ctor,
635 2528 734 2582 hoc
768 2538 871 2591 εει,
900 2537 1168 2596 praeparat
1201 2526 1498 2580 remedium
1518 2522 1857 2586 rationabile,
1886 2522 2029 2591 quod

457 2618 660 2684 aspidis
693 2617 957 2687 impetum
994 2625 1229 2672 coercet.

532 2707 693 2761 Vsus.
729 2708 780 2761 7.
820 2707 959 2761 Deus
994 2718 1219 2761 conteret
1245 2708 1442 2772 dentes,
1479 2715 1588 2760 etc.
1636 2724 1656 2757 ι
1686 2702 1964 2772 Confregit
2001 2722 2021 2755 ι

463 2813 562 2863 pro
601 2818 619 2849 ι
663 2799 971 2867 centringet
1007 2818 1025 2850 ι
1068 2800 1245 2867 posuit
1271 2813 1365 2867 per
1407 2797 1666 2865 temporis
1698 2797 2029 2849 immutatio-

456 2906 601 2944 nem.
646 2891 755 2943 Iloc
782 2902 961 2944 autem
1012 2891 1151 2943 Deus
1192 2889 1325 2943 facit
1371 2891 1507 2943 bene
1538 2891 1604 2943 de
1635 2889 1765 2957 ipsis
1814 2904 2027 2942 meren-

456 2984 546 3043 do,
603 2999 669 3037 ne
714 2983 962 3035 homines
998 2996 1026 3035 a
1057 2996 1115 3035 se
1152 2982 1406 3049 deceptos
1453 2980 1779 3034 devorantes
1829 2979 2024 3049 majori

456 3074 621 3144 736
672 3072 941 3141 supplicio
993 3072 1337 3126 addicantnr.
1400 3071 1568 3125 Porro
1617 3072 1789 3124 molas
1834 3086 2022 3125 eorum

455 3180 671 3233 quoque
721 3163 1010 3233 confregit,
1047 3177 1115 3217 ne
1146 3164 1475 3227 morderent,
1502 3176 1636 3217 neve
1673 3162 2022 3217 devorarent.

457 3253 761 3307 Notandum
816 3262 1018 3319 autem,
1046 3252 1207 3321 juxta
1239 3252 1600 3321 Scripturam,
1635 3253 1803 3308 molas
1829 3269 1858 3306 a
1896 3253 2029 3308 den-

458 3346 600 3398 tibus
633 3342 853 3398 diﬁerre
887 3361 901 3397 :
946 3345 1211 3413 siquidem
1253 3344 1441 3398 dentes
1480 3345 1657 3399 cibum
1689 3346 1933 3400 dividunt
1961 3360 2026 3400 ac

457 3434 736 3497 scindunt,
793 3433 947 3488 molae
1001 3448 1127 3488 vero
1167 3436 1445 3488 masticant
1497 3451 1561 3489 ac
1617 3446 1911 3491 macerant.
1955 3436 2028 3491 Ut

456 3538 583 3576 vero
617 3538 753 3591 aqua
783 3538 879 3591 per
908 3536 1144 3578 meatum
1173 3527 1460 3592 quemdam
1505 3526 1775 3579 transiens
1798 3525 2025 3578 minime

456 3624 777 3683 permanet,
827 3616 921 3669 sed
975 3617 1235 3685 dissipata
1277 3617 1591 3681 evanescit,
1652 3619 1730 3671 sic
1767 3617 1929 3671 etiam
1971 3616 2023 3670 hi

455 3708 882 3761 auennabnntur
923 3724 1044 3763 cum
1090 3710 1227 3763 nihil
1258 3708 1455 3764 stabile
1484 3724 1548 3763 ac
1577 3724 1903 3780 permanens
1930 3709 2027 3763 ba-

457 3802 639 3855 bemt.
685 3800 837 3856 Unde
866 3802 1147 3873 subjnngit
1178 3820 1192 3857 :
1231 3820 1249 3854 t
1289 3801 1536 3857 lntendet
1565 3818 1751 3857 arcum
1783 3817 1962 3858 suum.
2001 3820 2019 3852 ι

455 3891 714 3961 Figurate
753 3895 1043 3964 descripsit
1090 3895 1299 3949 illatum
1336 3912 1365 3951 a
1417 3898 1525 3951 Deo
1564 3895 1887 3966 supplicium
1934 3895 2025 3964 qui

454 3987 608 4052 quasi
659 3988 724 4041 de
767 4003 895 4041 arcu
936 3989 1279 4043 incessanter
1313 3990 1540 4060 sagittas
1582 3990 1786 4042 emittit
1835 3996 1889 4041 et
1918 4002 2027 4041 om-

456 4093 553 4133 nes
591 4080 814 4134 occidit.
851 4079 1061 4133 Tandiu
1088 4081 1255 4146 enim,
1293 4082 1489 4149 inquit,
1529 4080 2027 4150 sagittarumjacti-

456 4170 555 4222 bus
615 4173 822 4233 utitur,
880 4171 1055 4223 donec
1115 4184 1305 4225 omnes
1361 4170 1723 4238 transﬁgendo
1781 4172 2027 4226 inﬁrmos

459 4261 773 4315 reddiderit.

530 4351 694 4406 Vens.
737 4352 794 4405 9.
834 4351 983 4406 Sicut
1016 4368 1135 4406 cera
1171 4367 1287 4423 qua:
1306 4354 1446 4422 ﬂuit,
1475 4352 1817 4422 auferetuttr;
1846 4369 2023 4422 super-

2131 1800 2241 1854 τῶν
2272 1799 2474 1861 καλῶν,
2503 1796 2702 1868 ὁμοίως
2731 1796 2915 1849 ἀσπίδι
2949 1798 3105 1865 κωφῇ
3150 1793 3347 1864 βυούσῃ
3380 1793 3448 1846 τὰ
3480 1789 3593 1847 ὦτα
3619 1794 3718 1847 αὖα

2132 1892 2251 1962 τῆς,
2275 1891 2364 1945 ἴνα
2399 1889 2473 1960 μὴ
2500 1888 2708 1960 ἀκούσῃ
2734 1886 2915 1956 φωνὴν
2942 1885 3265 1956 ἐπᾳδόντων.
3307 1884 3502 1937 Βύουσι
3530 1885 3589 1937 δὲ
3625 1886 3719 1937 καὶ

2130 1972 2278 2034 οὗτοι
2302 1979 2369 2031 τὰ
2400 1972 2533 2043 ὦτα,
2562 1978 2691 2048 περὶ
2711 1970 2785 2029 ὧν
2812 1977 2841 2028 ὁ
2866 1976 3045 2043 λόγος,
3076 1975 3136 2027 οὐ
3164 1974 3232 2027 τά
3258 1974 3359 2044 τῆς
3386 1974 3720 2044 αἰσθήσεως,

2134 2071 2269 2125 ἀλλὰ
2300 2072 2401 2143 τῆς
2454 2072 2711 2141 νοήσεως,
2742 2070 2889 2131 ὅπως
2935 2068 3008 2138 μὴ
3040 2067 3313 2121 ἀκούσωσι
3359 2066 3467 2120 τῶν
3496 2066 3597 2129 τὰς
3632 2084 3718 2120 σο-

2135 2164 2241 2233 φὰς
2287 2163 2498 2234 ἐπῳδὰς
2548 2161 2893 2234 προφητικάς
2941 2159 3035 2213 καὶ
3080 2159 3441 2223 ἀποστολικὼς
3480 2176 3719 2231 προσφε-

2134 2255 2355 2325 ρόντων.
2417 2254 2633 2307 Τούτων
2677 2253 2786 2324 γὰρ
2837 2251 3066 2315 ἕκαστος
3118 2251 3281 2321 σοφός
3329 2252 3445 2305 ἐστι
3492 2267 3718 2323 φαρμα-

2135 2349 2331 2411 κεύων,
2381 2348 2623 2401 τουτέστι
2677 2345 2956 2410 σκευάζων
2986 2345 3275 2416 φάρμακον
3310 2342 3542 2413 λογικὸν,
3595 2344 3718 2398 ἀλε-

2135 2441 2260 2510 ξοῦν
2286 2439 2387 2513 τὴν
2410 2441 2508 2514 τῆς
2536 2440 2757 2504 ἀσπίδος
2784 2440 2981 2511 ὁρμήν.

2214 2709 2279 2763 Ὀ
2299 2708 2445 2774 Θεὸς
2493 2708 2813 2776 συντρίψει
2860 2707 3003 2774 τοὺς
3052 2706 3323 2771 ὀδόντας,
3380 2724 3433 2759 κ.
3458 2724 3507 2761 τ.
3541 2708 3583 2759 ὲ.
3644 2708 3716 2760 Τὸ

2140 2818 2159 2851 ι
2186 2800 2508 2854 σννέθλασεν
2536 2819 2554 2851 ι
2589 2799 2699 2868 (74)
2729 2799 2848 2851 ἀντὶ
2879 2798 2973 2851 τοῦ
3005 2818 3023 2849 t
3055 2798 3339 2850 συνθλάσει
3365 2816 3381 2847 ι
3416 2799 3533 2854 κατ’
3562 2799 3711 2851 ἀλλην

2134 2894 2236 2966 γὴν
2265 2894 2478 2965 χρόνου.
2521 2891 2692 2944 Τοῦτο
2716 2891 2771 2944 δὲ
2798 2886 2981 2952 αὐτοῖς
3010 2891 3038 2941 ὁ
3066 2889 3197 2952 Θεὸς
3223 2892 3365 2942 ποιεῖ
3391 2890 3476 2941 εύε
3487 2889 3712 2958 ργετῶν,

2135 2988 2220 3039 ἵνα
2257 2985 2329 3057 μὴ
2352 2983 2721 3047 κατεσθίοντες
2750 2983 2875 3046 τοὺς
2904 2979 3010 3034 ὑπό
3028 2996 3177 3050 σφων
3208 2980 3599 3051 ἀπατωμένους
3626 2982 3707 3033 ἀν-

2132 3075 2382 3150 θρώπους
2408 3077 2507 3128 ὐπε
2519 3074 2817 3146 ρδα).λούσῃ
2847 3074 3085 3144 τιμωρίᾳ
3109 3072 3397 3126 ὑπεύθυνοι
3429 3071 3715 3140 γένωνται.

2132 3170 2242 3223 Καὶ
2284 3167 2383 3232 τὰς
2416 3167 2587 3238 μύλας
2634 3167 2690 3219 δὲ
2737 3165 2912 3219 αὐτῶν
2944 3164 3287 3228 συνέθλασεν,
3335 3165 3481 3229 ὅπως
3517 3165 3714 3235 μὴ-δά-

2131 3278 2321 3325 κνωσι,
2356 3260 2488 3331 μηδὲ
2539 3258 2883 3312 κατεσθίωσι.
2943 3257 3286 3328 Σημειωτέον
3332 3257 3408 3317 δὲ,
3458 3258 3540 3310 ὅτι
3574 3257 3712 3311 κατά

2130 3355 2230 3424 τὴν
2276 3351 2495 3424 Γραφὴν
2543 3350 2857 3421 διαφέρουσι
2912 3349 3073 3420 μύλαι
3105 3349 3356 3403 ὀδόντων·
3397 3352 3445 3402 oi
3481 3349 3592 3421 γὰρ
3622 3366 3709 3402 το.

2135 3442 2352 3514 μεύουσι
2385 3443 2478 3494 καὶ
2505 3439 2767 3511 διαιροῦσι
2788 3438 2883 3510 τὴν
2912 3438 3113 3510 τροφὴν
3146 3438 3374 3502 ὀδόντες,
3403 3439 3458 3490 αί
3488 3438 3543 3491 δὲ
3578 3456 3710 3508 μασι

2133 3529 2371 3601 σὼμεναι
2423 3529 2515 3582 καὶ
2562 3528 2868 3582 λεαίνουσαι
2903 3527 3086 3597 μύλαι.
3124 3528 3330 3599 Ὥσπερ
3357 3528 3413 3580 δὲ
3444 3528 3503 3580 τὸ
3522 3529 3709 3582 Gumo-

2133 3622 2418 3693 ρευόμενον
2445 3621 2533 3674 διά
2557 3637 2701 3683 τινος
2732 3621 2899 3691 πόρου
2936 3619 3079 3690 ὕδωρ
3118 3619 3178 3672 ού
3210 3618 3544 3691 παραμένον,
3575 3619 3714 3672 ἀλλά

2133 3703 2554 3784 σκεδαννύμενόν
2586 3711 2939 3776 έξουδενεῖται
2957 3729 2970 3742 ο
2999 3710 3140 3764 οὕτω
3169 3712 3262 3765 καὶ
3284 3705 3426 3764 οὗτοι
3456 3710 3713 3776 ἐξευτελι-

2131 3807 2437 3877 σθήσονται,
2491 3805 2643 3859 οὐδὲν
2694 3805 2910 3874 βέϐαιον
2964 3804 3057 3857 καὶ
3112 3806 3429 3876 παράμονον
3474 3803 3708 3874 ἔχοντες.

2132 3897 2293 3950 Ὅθεν
2321 3897 2566 3968 ἐπιφέρει
2588 3912 2603 3926 ⁸
2643 3914 2662 3947 ι
2688 3897 2917 3950 Ἐντενεί
2942 3896 3002 3948 τὸ
3050 3895 3200 3960 τόξον
3232 3894 3414 3949 αὑτοῦ.
3442 3914 3460 3945 ι
3516 3894 3712 3966 Ἑσχη-

2132 3990 2323 4060 μάτισε
2372 3990 2468 4061 τὴν
2494 3987 2588 4043 τοῦ
2632 3988 2764 4042 Θεοῦ
2812 3989 3099 4060 τιμωρίαν,
3145 3989 3220 4052 ὼς
3243 3989 3333 4041 ἐπὶ
3355 3987 3529 4053 τόξου,
3558 4004 3711 4039 συνε-

2127 4081 2237 4151 χῶς
2262 4082 2567 4153 πέμποντος
2592 4082 2659 4136 τά
2686 4079 2832 4151 βέλη,
2852 4081 2946 4135 καὶ
2970 4082 3175 4142 πάντας
3204 4081 3569 4153 ἀναιροῦντος.
3602 4081 3711 4133 Μέ-

2126 4190 2215 4243 χρι
2233 4173 2337 4245 γὰρ
2357 4172 2630 4235 τοσούτου,
2645 4173 2796 4243 φησι,
2813 4174 2932 4235 ταῖς
2949 4172 3172 4240 ἀφέσεσι
3187 4173 3379 4242 χρῆται
3392 4170 3499 4224 τῶν
3518 4169 3707 4239 βελῶν,

2131 4262 2323 4334 μέχρις
2370 4262 2436 4315 ἂν
2483 4262 2688 4324 πάντας
2717 4260 3089 4326 κατατοξεύων
3118 4261 3362 4325 ἀσθενεῖς
3386 4260 3703 4333 ἐργάσηται.

2215 4353 2373 4407 Ὠσεὶ
2417 4352 2599 4421 κηρὸς
2625 4352 2823 4418 τακεὶς
2850 4352 3458 4419 ἀνταναιρεθήσονται
3478 4368 3491 4381 ·
3522 4350 3709 4404 ἔπεσε

464 4443 651 4495 recidit
703 4443 842 4511 ignis
896 4452 942 4495 et
993 4458 1093 4496 non
1144 4443 1383 4497 viderunt
1414 4443 1596 4510 solent,
1624 4453 1731 4498 etc.
1761 4444 2025 4512 Quemad-

2132 4446 2250 4513 πῦρ
2271 4445 2364 4499 ἐπ’
2395 4416 2635 4510 αὑτοὺ-ς,
2675 4445 2773 4497 καὶ
2799 4416 2909 4498 οὐκ
2944 4416 3111 4498 εἷδογί
3135 4416 3241 4497 τὸνλ
3272 4444 3466 4511 ἥλιον,
3498 4461 3551 4496 κ.
3580 4461 3630 4495 τ.
3654 4444 3703 4497 ἑ.

460 4531 678 4585 modmn
719 4532 865 4586 melli
894 4533 1211 4601 supervenit
1234 4548 1383 4600 cera,
1420 4535 1490 4588 ita
1514 4544 1570 4588 et
1603 4535 1807 4589 malitia
1831 4535 2027 4590 anima:

465 4622 801 4677 rationabili.

528 4708 804 4779 Ejusdem.
846 4711 1016 4778 Quem
1057 4721 1117 4767 ut
1154 4712 1321 4768 solem
1363 4729 1467 4769 non
1502 4716 1754 4783 viderunt
1788 4758 1803 4783 ,
1862 4732 2029 4787 expc-

460 4801 669 4855 rieutur
691 4811 750 4855 nt
790 4802 994 4871 ignem.
1428 4854 1430 4856 τ

530 4888 690 4943 Vens.
718 4892 804 4945 11.
835 4890 1128 4946 Laetabitur
1148 4894 1327 4963 justus
1360 4910 1475 4949 cum
1502 4895 1685 4949 viderit
1719 4898 2024 4964 vindictam,

456 4992 561 5034 etc.
592 4980 902 5038 Peccatoris
940 4985 1259 5054 supplicium
1290 4987 1617 5042 securiorem
1648 4998 1703 5044 et
1751 4992 2025 5059 puriorem

452 5068 652 5136 justum
677 5072 859 5128 efﬁcit.

527 5208 573 5240 ⁸⁸
598 5209 792 5265 Matth.
818 5227 951 5267 xsm
978 5254 992 5279 ,
1023 5214 1112 5268 '55.

529 5319 640 5400 (7i)
669 5323 1161 5400 Ἀλλοτριοῦνται,
1179 5337 1286 5383 elc.
1315 5329 1540 5385 Scltcdee
1561 5330 1747 5388 Grabii
1771 5339 1826 5387 et
1856 5333 2025 5387 codex

457 5388 823 5462 Coisli'nianns
853 5388 1076 5462 primus.

530 5460 640 5533 ('12)
664 5460 1062 5533 Πᾶσαψυχή,
1094 5477 1197 5521 etc.
1240 5464 1401 5523 Iidem
1436 5485 1568 5523 mss.

529 5530 642 5670 (75-)
672 5532 775 5583 Διὰ
803 5530 928 5595 τόν,
964 5530 1082 5588 etc.
1116 5536 1296 5591 Codex
1338 5538 1701 5596 Coislinianus
1731 5543 2018 5598 secundus.

556 5600 643 5670 7.5,
675 5599 1170 5670 Τὸ,συνέθλασεν,
1205 5618 1307 5662 etc.
1347 5609 1488 5663 Idem
1536 5615 1700 5667 codex
1732 5624 1785 5665 et
1821 5615 2018 5668 Catena

556 5600 643 5670 7-4)
675 5599 1170 5674 Τὸ,συνέθλασεν,
1205 5618 1307 5662 etc.
1347 5609 1488 5663 Idem
1536 5615 1700 5667 codex
1732 5624 1785 5665 et
1821 5615 2022 5668 Catena

2131 4538 2341 4607 ’Ὥσπερ
2383 4535 2460 4606 τῷ
2492 4535 2602 4606 (75)
2643 4535 2816 4607 μέλιτι
2863 4535 3243 4606 ὲπισυμϐαίνει
3297 4535 3485 4606 κηρὸς,
3532 4533 3706 4597 οὕτως

2130 4626 2298 4681 κακία
2327 4624 2472 4695 ψυχῇ
2505 4624 2694 4696 λογικῇ
2707 4676 2722 4692 ,

2206 4717 2317 4771 Τοῦ
2345 4715 2549 4769 αὐτοῦ.
2592 4717 2688 4769 Ὃν
2730 4715 2805 4779 ὼς
2849 4714 2997 4787 ἥλιον
3032 4714 3141 4786 (76)
3176 4716 3276 4770 οὐκ
3319 4710 3476 4783 εἶδον,
3504 4714 3578 4778 ὡς
3604 4733 3706 4770 πυ-

2132 4807 2225 4879 ρὸς
2252 4805 2695 4876 πειραθήσονται.
2726 4871 2732 4877 _
3226 4876 3231 4879 Ι

2197 4896 2690 4966 Εὐφρανθήσεται
2744 4894 2971 4961 δίκαιος
3024 4894 3170 4949 ὅταν
3224 4895 3321 4964 ἴδῃ
3367 4894 3702 4962 ἐκδίκησιν,

2132 5009 2187 5047 κ.
2211 5008 2261 5044 τ.
2286 4992 2332 5043 ἑ.
2379 4990 2440 5042 Ἡ
2473 4989 2692 5051 κόλασις
2722 4986 2833 5059 (77)
2873 4985 2965 5040 τοῦ
3004 4986 3325 5061 ἁμαρτωλοί]
3370 4986 3704 5056 ἀσφαλέστε-

2137 5098 2227 5154 ρον
2258 5081 2353 5134 καὶ
2379 5079 2759 5151 καθαρώτερον
2788 5078 2877 5131 τὸν
2906 5078 3110 5134 δίκαιον
3141 5078 3527 5150 ἀπεργάζεται.

2135 5336 2401 5392 Corderii.

2198 5407 2312 5490 σᾷ)
2343 5404 2702 5488 fuam-2.0.16),
2744 5415 2849 5461 etc.
2904 5405 3129 5461 Scheds:
3179 5406 3365 5461 Grabli
3413 5416 3467 5461 et
3521 5404 3697 5461 codex

2131 5474 2495 5531 Coislinianus
2523 5474 2747 5545 primus.

2201 5546 2312 5616 (76)
2344 5548 2444 5598 Ὃν
2471 5544 2551 5612 ὡς
2579 5545 2776 5613 ἥλιον,
2810 5553 2915 5616 etc.
2945 5544 3107 5600 Iidem
3143 5559 3279 5599 mss.

2205 5617 2317 5686 (77)
2354 5616 2414 5670 Ἡ
2449 5617 2720 5682 κόλασις,
2751 5626 2853 5671 etc.
2885 5615 3047 5670 Iidem
3076 5629 3205 5669 mss.
