1948 3350
26 92 37 116 ι
50 92 73 117 4
86 92 132 119 Π
577 90 732 118 SELECTA
748 90 781 117 IN
799 89 880 117 PSAI

946 89 968 119 5.
988 105 1022 110 —
1041 91 1138 119 PSAL.
1157 91 1223 119 LIX.
1659 98 1727 126 “‘18

83 150 171 177 Τοῦ
192 149 308 177 αὑτοῦ.
334 149 363 175 '0
389 147 493 179 δίκαιος
517 147 583 182 (78),
601 147 673 183 ὀρῶν
688 147 719 174 τὸ
742 147 823 182 σοφὸν
839 147 880 182 τῆς

976 146 1113 181 Ejusdem.
1142 148 1234 176 Justus
1258 149 1352 177 videns
1378 151 1537 185 sapientiam
1570 152 1654 182 divini
1685 156 1726 191 in-

28 195 95 227 εἱς
110 196 156 222 τὸ
174 194 351 227 κολάζεσθαι
362 194 424 225 τοὺς
435 193 543 224 ἀδίκους
554 192 629 224 θείας
639 193 766 228 κρίσεως,
777 193 880 227 εὐφριν

946 192 1008 219 dicii
1035 200 1089 227 quo
1116 194 1199 229 iniqui
1234 195 1367 229 supplicio
1398 197 1568 225 deStinantur
1585 219 1592 232 ,
1622 199 1726 229 laetabi-

26 241 214 277 θήσεται.
945 241 999 263 “"-

373 327 520 354 ΨΔΛΜΟΣ
540 328 607 354 NII'.

101 374 258 407 Ἑξελοῦ
282 382 321 409 με
340 374 374 400 ἐκ
399 373 458 399 τῶν
478 372 592 408 ἐχθρῶν
606 382 678 408 μου,
696 375 712 400 ὀ
725 374 796 407 Θεός
820 382 890 408 μου,

38 427 78 445 κ.
96 429 135 448 τ.
152 421 184 447 ὲ.
196 420 255 446 Διά
267 420 297 446 τὸ
313 419 378 455 (79),
391 429 399 445 ι
415 420 495 445 Ἀνευ
504 419 619 454 ἀνομίας
631 419 748 456 ἔδραμον
765 420 811 446 καὶ
826 428 892 446 κατ-

43 463 181 491 εὑθυνσ.
193 473 201 479 ·
218 474 229 490 ι
251 465 297 492 καὶ
318 464 361 491 διὰ
371 464 410 495 τὸ,
431 473 440 489 ι
453 464 489 490 Τὸ
503 464 601 500 κράτος
617 473 667 499 μου
680 464 747 499 πρὸς
764 464 793 490 σὲ
807 465 891 499 φυλά-

42 508 113 541 ξω,
129 518 142 535 s
163 510 181 535 6
206 509 308 544 Σωτὴρ
323 508 396 542 λέγει
414 508 459 534 τὸν
474 507 580 543 ψαλμὸν
590 517 596 523 ·
620 509 667 535 καὶ
681 508 725 535 διὰ
738 508 779 538 τὸ,
795 518 804 534 ι
816 509 887 544 Πρό-

43 562 136 589 σχες
149 554 211 581 τοῦ
229 553 431 589 ἐπισκέψασθαι
446 554 533 580 πάντα
547 554 582 580 τά
598 553 672 589 ἔθνη.
686 564 695 580 ι

1201 330 1360 359 PSALMUS
1379 331 1467 360 LVIII.

977 373 1058 402 Vens.
1079 376 1103 402 I.
1126 375 1205 410 Eripe
1229 385 1269 403 me
1280 378 1313 404 de
1330 378 1442 407 inimicis
1460 381 1535 413 meis,
1549 380 1616 408 Deus
1632 390 1703 410 Meus
1715 403 1724 416 ,

942 426 996 448 etc.
1014 421 1129 456 Propter
1144 422 1220 456 illud,
1239 432 1249 448 ‹
1269 422 1333 451 Sine
1356 425 1500 461 iniquitate
1515 428 1623 455 cucurri
1642 432 1669 455 et
1683 429 1725 456 di-

942 466 998 493 rexi
1014 487 1021 499 ,
1051 476 1060 492 ›
1086 471 1113 494 et
1140 472 1251 502 propter
1278 468 1366 496 illud:
1384 479 1393 496 ι
1417 470 1614 499 Fortitudinem
1636 481 1723 500 meam

941 512 974 537 ad
996 515 1023 538 te
1041 512 1206 545 custodiam,
1232 522 1242 539 ι
1262 513 1388 542 Salvator
1407 516 1480 543 httnc
1498 518 1630 550 psalnmm
1641 519 1723 552 dicit;

940 563 1045 583 necnon
1063 563 1173 592 propter
1190 559 1253 586 illud
1271 567 1279 586 :
1297 570 1306 587 ι
1324 560 1434 588 Intende
1448 562 1482 589 ad
1494 562 1646 590 visitandas
1665 571 1724 591 om-

939 609 987 629 nes
1006 607 1110 637 gentes.
1125 613 1134 629 ι

97 642 183 668 Ὀτι
213 641 283 668 ιδοὺ
308 641 478 675 ἐθήρευσαν
500 641 557 676 τὴν
571 641 678 676 ψυχήν
694 650 765 676 μου,
784 651 848 670 κ.τ.
860 644 880 670 ἐ.

974 647 1055 674 Vens.
1075 648 1103 675 4.
1125 648 1196 681 Quia
1211 658 1269 677 ecce
1292 652 1378 679 venati
1400 657 1461 679 sunt
1482 654 1599 681 animum
1616 663 1700 683 meum
1715 676 1722 688 ,

57 686 267 723 Ἐθήρευσαν
290 687 345 722 (80)
370 687 419 721 τὴν
441 686 530 722 ψυχήν
556 695 606 721 μου
623 687 656 732 οἱ)
675 688 810 722 κραταιοὶ,
837 689 880 715 καὶ

946 693 1094 721 :lc.Vcnati
1108 699 1171 721 sunt
1190 696 1307 723 animam
1323 705 1410 725 meant
1431 698 1523 732 fortes,
1539 704 1565 726 et
1586 700 1723 729 irruerunt

51 733 214 759 ἐπέθεντὸ
234 741 288 767 μοι.
309 732 365 758 Οὐκ
379 733 410 758 ὲκ
429 732 579 767 παρέργου,
596 731 674 766 φησὶ,
753 733 820 767 πρὸς
835 733 880 767 ἐμὲ

949 747 964 764 n
977 746 1028 765 ttte.
1050 738 1107 766 Non
1122 740 1219 772 obiter,
1238 741 1334 776 inquit,
1354 747 1448 770 contra
1463 751 1506 770 me
1523 744 1645 778 prtelium
1657 753 1719 773 con-

55 779 172 813 μάχην
190 778 362 810 ἐνίστανται,
377 777 433 803 ἀλλ’
452 777 612 809 ἐπίκεινται,
629 777 666 812 μὴ
691 777 792 812 βραχὺν
815 778 880 804 ἐκδι-

946 782 1068 815 :itarunt,
1089 784 1137 811 sed
1155 785 1281 817 irrnnnt,
1308 794 1342 814 ne
1366 788 1450 815 breve
1479 777 1587 822 quidem
1617 795 1722 825 tempus

55 824 170 855 δόντες
191 823 303 859 καιρὸν,
328 823 409 849 παντὶ
434 823 462 849 δὲ
487 823 580 858 τρόπῳ
602 823 783 858 πολεμοῦντες
799 824 880 870 ἡμᾶς.

948 828 1130 863 mlnlgentes,
1160 830 1207 856 sed
1241 831 1314 858 omni
1345 832 1425 859 ntodo
1455 840 1506 860 nos
1525 823 1720 870 oppugnantes.

58 868 245 904 Κραταιοὺς
260 868 287 895 δὲ
310 865 395 899 εἶπεν,
413 867 482 894 ὥστε
504 868 551 894 καὶ
580 868 634 894 ἀπὸ
658 868 708 902 τῆς
730 868 880 903 προσούσης

946 873 1032 900 Γοιίιξε.
1058 879 1148 901 autem
1179 876 1268 908 dixit,
1296 881 1326 903 ut
1354 878 1434 904 etiam
1466 885 1499 906 ex
1526 880 1633 908 viribus
1661 889 1722 916 quae

58 914 172 946 αὐτοῖς
199 914 294 949 ἰσχύος
310 914 421 950 μείζονα
435 913 518 947 δεῖξαι
533 914 582 949 τὴν
603 913 663 941 κατ’
677 913 759 940 αὑτοῦ
773 913 880 940 ἐπιδου-

947 919 1004 953 psis
1031 919 1124 945 insunt
1152 919 1270 954 majores
1291 922 1422 950 adversus
1447 930 1476 951 se
1493 924 1605 953 insidias
1627 913 1720 954 osten-

61 959 137 994 λήν.

946 965 1020 991 lerct.

109 1004 210 1030 ’Ἄνευ
230 1003 357 1037 ἀνομίας
368 1003 499 1037 ἔδραμον
517 1002 566 1029 καὶ
586 1003 764 1035 κατεύθυνα,
780 1012 807 1030 κ.
821 1012 845 1029 τ.
858 1004 880 1029 ὲ.

970 1011 1051 1038 Vens.
1080 1012 1107 1040 5.
1129 1011 1193 1040 Sine
1217 1013 1357 1049 iniquitate
1374 1016 1480 1042 cucurri
1495 1021 1519 1042 et
1548 1017 1647 1052 direxi.
1664 1023 1719 1046 etc.

70 1049 109 1075 Ὀ
137 1049 236 1084 λέγων
251 1049 305 1085 (8i)
318 1058 324 1065 '
344 1059 353 1075 ι
367 1050 419 1076 Τὸν
436 1049 528 1083 ἀγῶνα
552 1049 596 1076 τὸν
612 1049 695 1076 καλὸν
715 1048 880 1085 ἠγώνισμαι,

946 1055 985 1088 Qui
1009 1057 1076 1084 dicit
1101 1067 1134 1085 ει
1162 1058 1265 1086 Bonum
1295 1065 1432 1087 certamen
1458 1063 1584 1094 certavi,
1612 1070 1719 1091 cursum

66 1095 125 1122 τὸν
153 1095 260 1131 δρόμον
276 1095 414 1127 τετέλεκα,
432 1094 480 1130 τὴν
497 1095 588 1122 πίστιν
612 1096 765 1131 τετήρηκα·
777 1104 786 1121 ›
803 1096 880 1130 φήσει

946 1103 1131 1136 :onsummavi,
1148 1103 1226 1131 ﬁdem
1238 1105 1341 1132 servavi
1352 1105 1385 1137 ",
1400 1115 1409 1131 ι
1423 1105 1504 1139 dicet,
1523 1116 1531 1132 ι
1546 1107 1610 1135 Sine
1623 1108 1719 1143 iniqui-

67 1140 117 1172 τὸ,
133 1150 143 1166 Ι
159 1141 245 1167 Ἄνευ
260 1141 373 1176 ἀνομίας
390 1141 506 1177 ἔδραμον
519 1141 565 1168 καὶ
577 1141 742 1168 κατεύθυνα·
755 1141 791 1176 »ἢ
805 1141 884 1167 ὸΣω-

26 1175 29 1190 ί
69 1185 133 1221 τὴρ
151 1185 257 1220 μᾶλλον
271 1185 356 1213 ταῦτα
373 1175 464 1221 φήσειέ

116 1231 178 1257 Τοῦ
195 1231 301 1258 αὑτοῦ.
328 1232 385 1259 Οὐκ
414 1231 472 1258 ἔστι
490 1232 544 1267 (82)
567 1232 730 1259 κατευθῦναι
756 1232 805 1269 τὴν
826 1232 884 1260 ὁδὸν

73 1276 131 1311 τὴν
150 1276 302 1303 εἰποῦσαν·
330 1286 339 1303 ι
351 1276 421 1312 Ἐγώ
444 1278 501 1312 εἰμι
525 1278 542 1313 ἡ
558 1277 634 1309 ὁδός·
648 1287 657 1304 ι
677 1278 714 1313 μὴ
740 1277 803 1304 ἄνευ
822 1279 885 1305 ἀνο-

75 1322 151 1357 μίας
170 1322 322 1358 δραμόντα.

946 1329 976 1355 ria
997 1329 1030 1356 ‘°.
1055 1339 1065 1356 ι

26 1361 30 1365 ’
124 1368 317 1403 Ἐξεγέρθητι
349 1371 392 1402 εις
424 1369 615 1402 συνάντησίν
642 1378 713 1404 μου,
743 1370 796 1416 Ξιαὶ
826 1370 880 1416 ἴδε,

971 1374 1052 1403 Vens.
1073 1376 1100 1403 6.
1124 1376 1242 1412 Exsurge
1259 1379 1286 1405 in
1298 1387 1435 1406 occursum
1450 1389 1533 1408 meum
1545 1387 1567 1409 et
1581 1383 1650 1416 ride,
1663 1389 1716 1413 etc.

26 1420 30 1423 ‘
80 1421 111 1439 κ.
125 1421 154 1439 τ.
167 1413 192 1440 ἑ.
214 1413 262 1445 Τίς
275 1414 328 1448 ἄρα
346 1413 401 1448 (85)
425 1413 515 1444 ἱκανὸς
539 1414 625 1440 είπεῖν
641 1413 680 1448 τῷ
701 1413 774 1449 Θεῷ·
793 1423 804 1441 s
825 1414 880 1453 ’ἓξ-τ

946 1419 1001 1453 )ttis
1016 1422 1128 1449 idoneus
1143 1428 1184 1449 est
1196 1424 1287 1451 dicere
1303 1425 1368 1459 Deo,
1379 1435 1388 1451 ι
1399 1426 1521 1463 Exsurge
1536 1429 1562 1456 in
1574 1436 1717 1457 occursum

26 1455 32 1471 τ
77 1458 216 1493 εγέροητι
232 1459 271 1490 είς
286 1459 447 1494 συνάντησιν
463 1468 525 1494 μου,
541 1459 587 1485 καὶ
600 1459 655 1491 tae;
669 1468 679 1484 ι

946 1473 1022 1493 neunt
1043 1471 1070 1493 et
1085 1467 1168 1494 vide?
1187 1478 1195 1493 I

120 1502 178 1529 Τοῦ
192 1503 296 1530 αὑτοῦ.
317 1503 362 1539 Τῷ
388 1503 443 1539 γὰρ
469 1503 641 1530 ἀναϐαίνοντι
658 1503 713 1539 (Si)
737 1504 771 1530 δι’
788 1504 880 1538 ὑγιοῦς

989 1511 1125 1547 Ejusdem.
1156 1515 1322 1542 Ascendenli
1360 1518 1431 1544 enim
1468 1526 1517 1553 per
1551 1528 1644 1548 sanam
1677 1522 1718 1549 vi-

26 1550 32 1566 '-
82 1547 146 1582 βίου
164 1548 232 1584 πρὸς
253 1548 319 1575 Θεὸν
344 1548 510 1584 ἐξεγείρεται
526 1549 566 1581 είς
589 1549 750 1584 συνάντησιν
774 1550 788 1576 ό
804 1550 880 1581 Θεός.

946 1565 989 1584 am
1022 1558 1056 1585 ad
1093 1558 1203 1592 Deum,
1239 1563 1362 1596 exsurgit
1394 1563 1420 1589 itt
1455 1571 1598 1592 occursum
1633 1566 1716 1596 Deus.

26 1597 31 1613 ῑ
85 1594 144 1619 Καὶ
157 1595 186 1620 ὲν
203 1593 241 1629 τῷ
255 1595 413 1629 Εὑαγγελίῳ
435 1594 463 1620 δὲ
480 1595 494 1620 ὁ
511 1595 602 1630 πατὴρ
617 1595 726 1631 ἀπαντᾷ
740 1595 778 1631 τῷ
795 1597 880 1623 ἐπαν-

946 1603 966 1629 Ξι
989 1603 1016 1631 itt
1045 1604 1192 1640 Evangelio
1216 1612 1292 1641 pater
1311 1610 1430 1636 occurrit
1458 1612 1604 1639 revertenti
1631 1613 1663 1640 ad
1687 1621 1717 1641 sc

938 1152 993 1174 tate
1012 1149 1120 1177 cucurri
1140 1155 1167 1177 et
1186 1151 1292 1184 direxi;
1323 1161 1334 1178 ι
1356 1152 1396 1178 vel
1410 1152 1500 1187 potius
1514 1152 1639 1181 Salvator
1663 1155 1720 1183 haec

937 1194 1019 1220 dicet.

973 1239 1054 1274 737
1079 1239 1215 1274 Ejusdem.
1234 1241 1284 1274 Qui
1308 1242 1368 1270 sine
1385 1242 1528 1277 iniquitate
1548 1253 1601 1272 non
1622 1254 1720 1273 cucur-

937 1284 981 1315 rit.
999 1292 1051 1311 non
1066 1289 1154 1318 potest
1166 1286 1283 1322 dirigere
1298 1288 1367 1315 viam
1382 1296 1442 1323 qua:
1454 1288 1521 1316 dixit
1540 1298 1546 1316 :
1564 1299 1573 1316 ι
1592 1290 1647 1326 Ego
1658 1299 1718 1318 sum

89 1638 230 1674 ερχομένῳ
243 1639 310 1675 πρὸς
323 1639 403 1666 αὐτὸν
420 1638 480 1674 υἱῷ.

124 1685 178 1711 Kal
196 1685 328 1719 ῥομφαία
353 1685 387 1711 ὲν
410 1685 471 1718 τοῖς
486 1685 622 1720 χείλεσιν
640 1686 751 1719 αὐτῶν,
769 1695 796 1713 κ.
811 1696 835 1714 τ.
850 1688 873 1714 ἑ.

92 1730 226 1766 Ῥομφαία
249 1730 303 1765 (85)
328 1731 356 1756 ὲν
385 1732 440 1762 τοῖς
465 1731 566 1765 χείλεσι
596 1732 650 1759 τῶν
675 1732 804 1770 δύσφημα
828 1735 875 1761 καὶ

88 1776 176 1810 ἀσεεῆ
195 1775 370 1801 διδασκόντων
390 1776 558 1811 ἑτεροδόξων.

125 1821 173 1855 Μὴ
190 1821 369 1855 ἀποκτείνῃς
394 1822 515 1855 αὐτοὺς,
536 1821 653 1857 μήποτε
678 1823 876 1851 ἐπιλάθωνται

91 1866 144 1894 τοῦ
167 1867 257 1902 νόμου
276 1875 344 1900 σου,
372 1876 399 1894 κ.
417 1876 442 1894 τ.
456 1868 478 1894 ὲ.
506 1868 673 1895 Ἀποκτείνει
691 1869 801 1902 τούτους
824 1871 878 1906 (86)

90 1914 105 1939 ὁ
131 1912 228 1948 Κύριος
248 1912 294 1944 οὓς
322 1914 458 1949 συγχωρεῖ
482 1914 528 1940 ἐπὶ
558 1914 623 1941 πολὺ
647 1915 831 1951 ἁμαρτάνειν·
848 1918 879 1943 ὲκ

92 1958 145 1994 γὰρ
159 1958 250 1985 τούτου
275 1959 419 1995 συμϐαίνει
444 1960 529 1996 λήθην
549 1961 675 1995 γενέσθαι
698 1961 782 1988 Θεοῢ’
812 1963 876 1989 (Ἑν

94 2004 147 2040 γὰρ
161 2004 197 2040 τῷ
209 2004 256 2040 ᾄδῃ
272 2005 315 2037 τίς
330 2005 555 2042 ὲξομολογήσεταί
571 2015 627 2039 σοι;
643 2016 651 2032 ι

129 2050 179 2076 Kal
192 2049 224 2081 ἐξ
241 2049 314 2083 ἀρᾶς
329 2051 376 2077 καὶ
396 2051 529 2085 ψεύδους
543 2051 792 2086 διαγγελήσονται
806 2062 877 2081 συν-

94 2092 206 2126 τέλειαι,
220 2094 254 2119 ὲν
272 2094 345 2128 ὁρτῇ
358 2097 545 2130 συντελείας,
559 2097 608 2123 καὶ
620 2099 655 2124 οὺ
665 2098 708 2132 μὴ
725 2098 876 2133 ὑπάρξου-

96 2145 138 2170 σι,
152 2147 177 2165 κ.
187 2147 210 2165 τ.
222 2140 244 2166 ὲ.
272 2139 337 2175 ’Δρά
352 2142 399 2167 καὶ
419 2141 515 2176 ψεῦδος
535 2142 590 2178 (87)
615 2144 689 2170 αἰτία
716 2144 766 2179 τῆς
781 2152 876 2171 συντε-

96 2183 181 2216 λείας·
198 2184 233 2216 ὠς
255 2186 279 2211 εί
304 2185 341 2221 μὴ
356 2186 443 2214 ταῦτα
463 2186 507 2223 ἦν,
528 2188 590 2215 οὔτε
612 2189 681 2225 ὀργὴ
704 2188 765 2216 οὔτε
782 2191 874 2218 συντέ-

97 2229 154 2256 λεια
166 2227 206 2266 ἧν.

369 2321 514 2349 ΨΔΔΜΟΣ
528 2322 591 2351 ΝΘ¹.

138 2365 166 2392 '0
178 2365 252 2399 Θεὸς,
264 2366 373 2394 ἀπώσω
388 2368 475 2403 ἡμᾶς,
494 2376 520 2395 κ.
534 2377 559 2395 τ.
574 2369 597 2395 ἑ.
617 2369 660 2401 Ὧς
676 2370 709 2397 ὲκ
724 2371 872 2407 προσώπου

104 2410 154 2446 (88)
167 2411 214 2438 τῶν
231 2412 363 2439 Ἰουδαίων
386 2413 461 2448 σφῶν
484 2414 620 2450 ἀποϐολὴν
637 2415 725 2443 αὐτῶν
740 2417 815 2452 δηλοῖ
832 2418 875 2445 διὰ

934 1650 999 1676 iiiio.

969 1694 1051 1722 Vens.
1068 1695 1094 1722 8.
1108 1694 1143 1722 Et
1156 1696 1261 1730 gladius
1273 1697 1300 1725 in
1326 1697 1402 1726 labiis
1414 1707 1515 1733 eorum,
1533 1706 1585 1730 etc.
1603 1702 1714 1731 Gladius

931 1744 974 1767 est
991 1741 1016 1766 itt
1031 1740 1109 1768 labiis
1120 1741 1347 1770 heterodoxorttm
1362 1745 1407 1779 qtti
1422 1745 1581 1781 blaspltema
1595 1752 1622 1775 et
1634 1748 1714 1784 impia

932 1786 1041 1813 docent.

967 1834 1049 1861 Vens.
1074 1835 1118 1861 12.
1143 1835 1184 1863 Ne
1200 1837 1304 1864 occidas
1318 1846 1374 1872 eos,
1398 1839 1533 1873 nequando
1557 1838 1714 1866 obliviscan-

931 1883 975 1905 tur
997 1880 1061 1914 legis
1086 1886 1158 1914 tute,
1190 1887 1242 1909 etc.
1260 1883 1323 1911 Illos
1348 1884 1449 1911 occidit
1472 1884 1619 1918 DominusI
1646 1892 1714 1919 quos

930 1924 997 1951 sinit
1027 1925 1140 1952 multum
1170 1934 1297 1961 peccare.
1325 1929 1394 1956 llinc
1421 1929 1493 1956 enim
1526 1929 1614 1956 oritur
1642 1929 1713 1956 obli-

930 1970 972 1996 vio
1007 1969 1070 1998 Dei.
1102 1970 1170 1998 Nam
1203 1981 1212 1998 ι
1250 1973 1278 2000 In
1317 1974 1423 2003 interno
1452 1974 1514 2009 quis
1542 1975 1714 2003 conﬁtebitur

930 2015 976 2043 tibi
997 2016 1018 2032 "
1031 2017 1043 2044 ἲ
1065 2026 1074 2042 ι

967 2059 1048 2087 Vens.
1069 2061 1111 2093 I3.
1126 2062 1171 2090 M.
1190 2062 1223 2089 Et
1238 2063 1270 2090 de
1278 2064 1458 2091 exsecratione
1477 2069 1501 2091 et
1516 2064 1651 2092 mendacio
1668 2074 1714 2092 an-

929 2106 1123 2132 nuntiabuutur
1144 2110 1392 2140 consummationes,
1405 2109 1432 2136 in
1449 2109 1489 2135 iro
1506 2111 1714 2137 consummatio-

930 2149 982 2181 nis,
1004 2155 1028 2176 et
1051 2159 1102 2178 nou
1118 2158 1204 2184 erunt,
1216 2158 1270 2180 etc.
1288 2154 1537 2182 Consutnmationis
1551 2163 1633 2183 causa
1651 2161 1714 2183 sunt

930 2196 1084 2222 exsecratio
1100 2201 1125 2223 et
1143 2198 1323 2226 mendacium.
1342 2198 1408 2226 Nam
1427 2200 1449 2227 si
1464 2200 1522 2228 hzcc
1541 2208 1592 2229 non
1608 2207 1712 2235 essent.

930 2239 1023 2274 utique
1038 2249 1090 2268 non
1105 2248 1178 2270 esset
1194 2243 1232 2270 ira
1249 2252 1298 2272 nec
1309 2248 1517 2274 consummatio.

1197 2333 1237 2360 PA
1244 2335 1357 2363 SLMUS
1382 2335 1450 2363 LIX.

965 2374 1047 2404 Vens.
1064 2376 1093 2403 3.
1112 2376 1194 2410 Deus,
1212 2379 1328 2413 repulisti
1353 2377 1409 2410 nos,
1433 2384 1486 2406 etc.
1511 2379 1652 2414 Tanquam
1677 2389 1709 2408 ex

929 2427 1043 2454 persona
1070 2422 1223 2451 .Indzeornnt
1256 2424 1430 2458 rejectionem
1456 2431 1549 2451 eorum
1575 2425 1711 2460 signiﬁcat

101 2457 144 2484 τοῦ
166 2458 259 2484 ειπεῖν·
292 2459 340 2485 «Ὀ
354 2458 430 2492 Θεδς,
445 2459 549 2486 ἀπώσω
566 2461 649 2495 ἡμᾶς,
679 2462 726 2488 καὶ
752 2463 875 2496 καθεῖλες

947 2466 1054 2502 iceado,
1073 2477 1082 2494 ι
1102 2468 1185 2501 Deus,
1201 2457 1323 2503 repulisti
1337 2476 1394 2501 nos,
1410 2474 1437 2496 et
1450 2469 1607 2498 destrnxisti
1620 2478 1680 2504 nos,
1697 2481 1708 2498 ι

134 2516 154 2532 ⁵⁸
169 2516 195 2543 ll.
211 2516 277 2545 Tim.
299 2525 336 2551 tv,
360 2518 386 2545 7.
424 2519 447 2535 '°
470 2519 548 2546 Juan.
568 2527 592 2546 Vl
605 2540 613 2553 ,
631 2520 675 2546 14.
713 2521 734 2536 ⁶¹
752 2521 823 2549 Psal.
846 2531 881 2557 Vl,
896 2523 921 2552 6.

136 2576 184 2612 (jS)
200 2577 223 2604 ὀ
237 2577 361 2611 δίκαιος,
375 2583 426 2606 etc.
448 2579 529 2606 Iidem
543 2587 607 2606 mss.

136 2611 184 2645 (79)
195 2612 239 2639 Διὰ
251 2613 294 2645 τό,
309 2619 362 2640 etc.
381 2613 471 2640 Codex
486 2614 668 2641 Coisltuianns
684 2616 829 2644 secundus.

138 2646 185 2680 (80)
200 2646 385 2680 Ὲθήρευσαν,
401 2652 455 2674 etc.
475 2646 577 2676 Catena
596 2648 716 2677 Cordcrii
734 2656 761 2678 et
782 2652 868 2679 codex

77 2690 82 2696 η
108 2680 265 2708 Coislinianns
277 2684 420 2709 secundus.

140 2715 185 2750 (ttl)
198 2716 220 2741 '0
230 2716 335 2750 λέγων,
352 2721 406 2744 etc.
419 2717 509 2744 Codex
524 2717 717 2749 Coislinianua.

140 2749 185 2784 (ει)
202 2751 255 2777 Οὐκ
270 2749 346 2784 ἔστι,
360 2756 415 2779 etc.
431 2751 544 2780 Sclteda:
559 2752 662 2781 Grahii.

141 2785 187 2821 (85)
196 2786 235 2818 Τίς
244 2785 311 2819 ἄρα,
327 2792 379 2814 etc.
397 2787 514 2814 Eaedem.

961 2585 1017 2621 (84)
1031 2585 1074 2619 Τῷ
1087 2586 1142 2620 γὰρ
1155 2586 1356 2619 ἀναϐαίνοντι,
1371 2591 1422 2614 etc.
1441 2587 1559 2615 Etcdent.

958 2631 1014 2666 (85)
1035 2632 1186 2666 Ῥομφαία,
1202 2636 1255 2660 etc.
1271 2633 1360 2660 Codex
1373 2632 1708 2662 Coislinianussecundus.

958 2676 1013 2712 (86)
1037 2678 1214 2705 Ἆποκτείνει
1238 2679 1375 2712 τούτους,
1398 2684 1452 2706 etc.
1474 2679 1587 2707 Scltedm
1602 2678 1707 2707 Grabii.

957 2721 1101 2758 (87)}Apr‘:
1126 2723 1175 2750 καὶ
1199 2723 1323 2758 ψεῦδος,
1339 2729 1391 2754 etc.
1410 2725 1501 2753 Codex
1526 2725 1709 2754 Coislinianus

922 2757 1070 2783 secundus.

956 2791 1012 2825 (88)
1034 2791 1080 2824 Ὧς
1090 2792 1123 2818 ἐκ
1136 2793 1307 2828 προσώπου,
1321 2799 1375 2823 etc.
1389 2795 1489 2824 Catena
1502 2795 1634 2824 Cordcrii.

26 3095 1921 3350 ιλ

26 3286 58 3310 ,ξκ

26 3317 32 3340 .‘
