3896 6700
449 275 469 325 1
490 273 587 327 479

446 475 573 528 disti
627 488 723 527 nos
784 490 854 525 τι
890 473 1032 540 quod
1089 471 1304 524 illorum
1363 469 1634 524 excidium
1697 467 2025 521 manifestat.

449 567 652 620 Deinde
696 565 993 633 subjungit,
1032 582 1050 614 ι
1087 563 1264 618 Iratus
1310 579 1392 628 es,
1441 573 1495 616 et
1545 563 1796 616 misertus
1831 577 1890 616 es
1931 577 2029 615 no-

445 654 562 718 bis;
599 672 617 704 t
646 655 942 707 secundum
971 652 1221 721 Aquilam
1255 667 1403 717 vero,
1440 670 1456 702 ‹
1498 651 1813 719 Indignatus
1845 661 2030 704 trans-

447 746 655 801 vertisti
709 760 826 800 nos.
867 763 884 795 ι
933 744 1083 798 llnnc
1118 745 1292 814 ipsum
1343 754 1524 798 autem
1571 758 1876 797 sermonem
1943 759 2028 797 re-

448 853 566 891 rum
636 846 863 889 eventus
921 837 1092 904 magis
1137 835 1453 905 comprobat
1512 852 1526 889 :
1587 833 1851 902 siquidem
1910 843 2031 903 post

451 925 749 976 adventum
790 922 1091 977 Salvatoris
1124 924 1222 976 ista
1271 923 1415 992 passi
1451 933 1596 976 sunt.
1632 924 1857 990 Quando
1884 925 2030 978 enim
2081 925 2086 928 ’

450 1013 531 1068 ira
571 1030 736 1084 super
787 1017 935 1085 ipsos
967 1020 1133 1075 venit.
1169 1016 1222 1068 in
1275 1016 1434 1069 ﬁnem
1472 1017 1698 1085 repulsi,
1742 1019 2028 1081 destructi,

451 1109 637 1176 rejecti
675 1119 841 1177 atque
885 1108 1053 1162 excisi
1087 1119 1140 1161 et
1175 1110 1494 1163 circumacti
1527 1120 1680 1178 sunt,
1716 1111 1942 1180 dispersi
1980 1113 2029 1165 in

449 1217 642 1258 omnes
674 1211 883 1273 gentes.

525 1297 687 1350 Vens.
715 1296 769 1348 4.
801 1294 945 1348 Sana
998 1297 1343 1350 contritiones
1377 1301 1514 1365 ejus,
1557 1309 1667 1352 etc.
1705 1297 1846 1352 Mota
1883 1299 2028 1352 enim

450 1396 509 1440 et
547 1401 576 1438 a
619 1385 836 1454 propria
875 1385 1154 1438 mansione
1187 1400 1250 1439 ac
1296 1397 1438 1439 statu
1493 1387 1723 1441 decussa
1778 1388 2030 1458 praedicta

450 1487 599 1530 terra
647 1475 1006 1530 contritiones
1050 1485 1103 1528 et
1143 1476 1364 1529 vulnera
1409 1479 1650 1546 accepit;
1703 1487 2033 1548 quapropter

449 1569 644 1623 deinde
679 1569 881 1622 dicitur
927 1585 940 1620 :
991 1586 1009 1620 ι
1048 1567 1345 1624 Ostendisti
1375 1571 1571 1638 populo
1611 1581 1704 1623 tuo
1733 1571 1888 1624 dura.
1927 1590 1945 1623 ›

524 1751 685 1806 Vnus.
720 1754 772 1806 5.
809 1750 1101 1803 Ostendisti
1132 1751 1329 1818 populo
1357 1761 1446 1804 tuo
1490 1751 1652 1814 dura,
1677 1759 1781 1804 etc.
1825 1751 2026 1806 Osten-
2064 1731 2105 1785 Β

454 1845 654 1897 duntur
695 1844 853 1897 alicui
901 1844 1060 1904 dura,
1093 1856 1219 1895 cum
1269 1843 1321 1894 in
1361 1841 1708 1896 diﬂicultates
1741 1844 2028 1901 inciderit:

453 1952 572 2003 quae
604 1935 820 2005 quando
856 1936 979 2003 quis
1012 1935 1209 2004 accipit
1265 1935 1316 1988 in
1370 1936 1749 2003 paenitentiam
1784 1937 2028 2003 priorum

454 2033 796 2096 delictorum,
821 2032 1006 2083 viuum
1042 2028 1478 2096 compunctionis
1509 2027 1674 2097 738
1719 2028 1876 2090 bibit,
1903 2043 2032 2082 cau-

453 2138 569 2175 sam
607 2123 1042 2191 compunctionis
1074 2122 1137 2174 de
1171 2120 1537 2189 resipiscentia
1566 2135 1807 2174 sumens.
1848 2119 2030 2174 Multis

453 2225 634 2267 autem
679 2214 975 2281 Scriptura:
1026 2212 1160 2267 locis
1205 2213 1339 2266 meri
1384 2214 1605 2265 nomine
1641 2228 1729 2266 res
1763 2214 1931 2268 duras
1977 2224 2031 2267 et

453 2306 708 2360 molestas
735 2306 1005 2375 designat,
1035 2315 1091 2358 ut
1123 2306 1171 2357 in
1216 2307 1317 2358 isto
1348 2329 1358 2360 ;
1395 2323 1412 2355 ‹
1453 2303 1605 2357 Calix
1631 2305 1682 2358 in
1719 2320 1887 2359 manu
1917 2305 2022 2359 Do-

458 2397 588 2450 mini
648 2397 756 2450 vini
813 2398 947 2450 meri
991 2397 1057 2450 “.
1109 2417 1126 2449 ι
1186 2397 1327 2450 Dura
1383 2411 1598 2464 quoque
1635 2399 1824 2452 eodem
1873 2401 2031 2454 modo

453 2487 720 2553 nominat,
756 2504 862 2556 quo
907 2489 957 2541 in
997 2489 1204 2557 psalmo
1245 2489 1460 2542 decimo
1498 2499 1652 2541 sexto
1687 2489 1800 2544 vias
1843 2490 2028 2555 duras,

452 2579 638 2632 dicens
677 2597 690 2631 :
733 2597 752 2630 ε
795 2578 1024 2648 Propter
1069 2581 1232 2633 verba
1270 2581 1532 2633 labiorum
1568 2589 1780 2633 tuormn
1817 2595 1916 2649 ego
1940 2598 2031 2634 cu-

452 2671 648 2724 stodivi
685 2671 800 2725 vias
847 2672 1013 2725 duras
1050 2672 1113 2724 ⁸⁸.
1166 2691 1184 2722 ι
1221 2673 1296 2724 lbi
1328 2671 1594 2739 siquidem
1627 2673 1726 2724 vite
1759 2671 1909 2724 durae
1936 2686 2031 2740 ap-

451 2759 725 2829 pellantur
774 2762 1022 2825 virtutes,
1060 2778 1124 2816 eo
1163 2762 1306 2830 quod
1357 2776 1478 2813 cum
1517 2761 1716 2814 sudore
1766 2760 1936 2814 nutlto
1967 2775 2032 2814 ac

453 2853 639 2906 labore
686 2853 1081 2921 perﬁciantur:
1120 2853 1208 2906 hic
1241 2866 1370 2905 vero
1417 2851 1549 2903 vidit
1585 2849 1817 2918 populus
1868 2851 2028 2916 dura,

453 2951 578 2999 dum
611 2943 874 2998 molestiis
906 2943 1242 2997 exercitatus
1284 2950 1388 2995 est.

529 3034 694 3090 Vens.
727 3033 779 3086 6.
815 3033 1017 3086 Dedisti
1065 3032 1416 3086 metuentibus
1466 3043 1512 3086 te
1560 3033 2028 3103 signi/irationem,

453 3133 559 3181 etc.
586 3123 695 3180 Nos
724 3124 967 3194 quidem,
1015 3125 1212 3194 inquit,
1249 3134 1472 3192 propter
1502 3125 1835 3194 impietatem
1863 3140 2026 3193 quam

453 3216 702 3279 fecimus,
729 3215 898 3285 puniti
930 3229 1136 3276 sumus;
1162 3214 1253 3282 qui
1286 3222 1464 3265 autem
1491 3215 1684 3266 timent
1716 3223 1786 3273 te.
1816 3214 2029 3281 signum

454 3317 802 3378 receperunt,
846 3307 976 3361 illud
1010 3307 1265 3360 videlicet
1293 3307 1345 3359 in
1371 3321 1478 3374 quo
1513 3307 1711 3374 signati
1737 3321 1943 3369 sumus,
1974 3315 2036 3360 ut

454 3403 704 3472 supplicii
736 3411 987 3470 expertes
1026 3409 1230 3454 essent.
1266 3399 1440 3468 Hujus
1481 3415 1610 3453 vero
1651 3400 1787 3469 signi
1819 3401 2035 3470 symbo—

455 3494 565 3549 lum
599 3504 714 3550 erat
767 3494 988 3564 sanguis
1039 3507 1298 3562 pecorum
1335 3507 1441 3561 quo
1500 3494 1644 3546 uncti
1683 3501 1810 3547 sunt
1851 3504 2035 3550 postes

456 3590 760 3642 domorum.

999 3762 1321 3819 PSALMUS
1371 3762 1482 3818 LX.

527 3856 692 3912 Vens.
737 3857 788 3910 5.
821 3857 859 3908 Α
894 3857 1085 3925 ﬁnibus
1119 3867 1274 3912 terra!
1305 3859 1373 3910 ad
1417 3870 1467 3911 te
1494 3857 1742 3921 clamavi,
1776 3871 1880 3912 etc.
1927 3858 2029 3926 Qui

456 3951 510 4006 in
557 3951 850 4019 semetipso
883 3951 1049 4003 sentit
1072 3962 1333 4014 quantmn
1368 3950 1587 4005 deﬁciat
1616 3967 1644 4004 a
1677 3950 2029 4020 perfectione,

455 4044 582 4096 dum
616 4040 932 4095 considerat
961 4040 1082 4108 quis
1111 4039 1382 4107 perfectus
1410 4040 1500 4107 sit,
1530 4050 1584 4094 et
1617 4041 1668 4094 in
1696 4042 2032 4096 orationibus

1832 256 1920 308 EX
1962 253 2265 309 ORIGENE

447 392 554 456 vel,
598 390 749 458 juxta
805 385 1212 454 Symmachum,
1269 402 1286 435 ι
1326 382 1562 453 rejecisti
1620 396 1738 446 nos,
1790 391 1844 433 et
1877 379 2022 433 exci-

2152 379 2294 449 ιμᾶςι
2327 397 2344 429 ι
2402 378 2456 448 ἣ,
2506 378 2645 430 κατὰ
2695 377 3005 448 Σύμμαχον,
3059 396 3076 428 ‹
3105 377 3452 430 ἀπεϐάλου
3499 367 3806 448 iui-5:3”;

2129 469 2384 538 διέκοψας
2427 470 2572 539 ἡμᾶς
2600 490 2616 520 ι
2667 471 2802 540 ὅπερ
2845 469 2992 539 δηλοί
3035 470 3225 522 αὐτῶν
3272 470 3416 537 τὴν
3493 463 3774 513 ἅπτε-τ

2133 553 2244 611 Εἶτ’
2284 559 2553 626 ἐπιλέγειο
2599 581 2614 609 ι
2637 560 2944 631 Ὧργίσθης,
2980 561 3074 612 καὶ
3105 559 3374 629 ᾠκτείρη
3393 571 3558 614 3:1;
3609 552 3768 617 119.5,;
3807 575 3812 582 -

2131 651 2274 705 κατὰ
2315 652 2371 706 δὲ
2404 653 2492 705 τὸν
2532 653 2761 706 Ἀκύλαν
2785 671 2797 684 ·
2854 671 2872 703 t
2896 653 3180 724 Θυμωθεὶς
3231 645 3748 722 μετέπρεᾴες

2135 746 2264 813 μᾶς.
2292 763 2310 795 ι
2351 745 2550 798 Τοῦτον
2581 746 2639 797 δὲ
2691 745 2892 815 μᾶλλον
2937 745 3027 798 τὸν
3068 745 3234 813 λόγον
3268 747 3305 813 ἡ
3340 742 3526 796 τῶν
3569 729 3837 814 εἷρπε-ἶ

2131 854 2240 889 των
2265 837 2488 900 ἔκϐασις
2516 838 2841 909 παρίστησιο
2879 838 3015 907 μετὰ
3042 837 3176 904 γοῦν
3209 838 3324 907 τὴν
3359 833 3530 888 τσῦ

2135 927 2435 998 παρουσίαν
2479 930 2650 980 ταῦτα
2698 929 3017 981 πεπόνθασι.
3069 931 3201 981 Ὅτε
3232 929 3359 998 γάρ
3397 924 3756 993 ἕψει-πιεῖν
3783 941 3816 950 “”

2135 1018 2333 1082 αὐτοὺς
2382 1021 2413 1090 ἧ
2442 1020 2600 1090 ὀργὴν
2630 1023 2709 1083 εἰς
2735 1021 2884 1082 τέλος
2927 1020 3269 1092 ἀπώσθησαν
3299 1021 3408 1073 καὶ
3469 1017 3822 1082 1:531:5-

3491 1127 3606 1160 πε
3617 1125 3730 1160 εῖτ
3753 1127 3816 1160 .·““’

2133 1127 2253 1173 σαν,
2285 1112 2377 1163 καὶ
2400 1112 2804 1182 ἀπεϐλήθησαν,
2833 1112 3164 1182 διεκόπησάν
3211 1129 3274 1164 τε
3316 1112 3432 1164 καὶ

2136 1219 2257 1266 σαν,
2293 1204 2803 1274 διασκορπισθέντες
2835 1207 2912 1268 εἰς
2945 1205 3119 1257 πάντα
3147 1205 3222 1256 τὰ
3245 1203 3415 1274 ἔθνη.

3499 1139 3666 1178 id?

2209 1303 2406 1352 Ἰασαι
2445 1298 2516 1351 τὰ
2562 1299 2972 1366 συντρίμματα
3016 1289 3235 1361 αὐτῆς,
3293 1315 3355 1348 κ.
3387 1314 3454 1347 τ-
3509 1296 3596 1347 ἐ-
3689 1295 3818 1345 ἔμε·-

2135 1391 2288 1445 θεῖσα
2324 1389 2432 1460 (89)
2461 1388 2590 1460 γάρ,
2640 1389 2735 1441 καὶ
2783 1388 3098 1440 σαλευθεῖσα
3144 1387 3252 1456 τῆς
3299 1386 3602 1449 οἰκείας
3685 1386 3830 1452 ῖΞτ-λ·

2136 1482 2228 1535 καὶ
2277 1481 2538 1540 στάσεως,
2589 1479 2621 1548 ἡ
2670 1477 3024 1547 προλεχθεῖσα
3069 1476 3138 1545 γῆ
3197 1476 3716 1545 συντρίμμιτδ

2133 1572 2423 1646 τραύματα
2470 1572 2766 1639 ἐκτήσατο·
2807 1569 2996 1638 διόπερ
3032 1563 3156 1636 ἑξῆς
3197 1568 3480 1634 λέγεταιο

2138 1662 2231 1727 ξας
2263 1661 2341 1732 τῷ
2368 1661 2480 1731 λαῷ
2513 1678 2605 1713 σου
2642 1659 2873 1729 σκληρά.
2906 1678 2921 1709 ι

2207 1755 2483 1820 Ἕὸειξας
2512 1753 2591 1819 τῷ
2630 1753 2758 1818 λαῷ
2802 1769 2918 1806 σου
2951 1751 3210 1818 σκληρὰ,
3249 1768 3306 1803 κ.
3332 1769 3393 1804 τ,
3419 1752 3470 1802 ὲ.

2133 1847 2222 1898 ταί
2257 1844 2366 1915 (90)
2390 1863 2495 1897 τινι
2527 1845 2759 1915 σκληρὰ,
2783 1845 2910 1897 ὅταν
2938 1843 3220 1904 ἐπιπόνοις
3253 1840 3584 1910 tamn-5'75-
3617 1857 3640 1867 ·
3689 1840 3804 1890 Ξτ-

2133 1940 2199 1994 ἄν
2230 1956 2311 2001 τις
2367 1939 2586 2008 δέξηται
2622 1941 2714 1992 ἐπὶ
2767 1938 3104 2008 μετάγνωσιν
3141 1936 3453 2006 προτέρων
3501 1937 3814 2002 5:54sz

2137 2032 2342 2100 μάτων,
2369 2026 2511 2084 οἶνον
2540 2030 2884 2096 κατανύξεως
2920 2029 3082 2092 πίνει,
3116 2028 3314 2081 αἰτίαν
3349 2027 3448 2078 τοῦ
3480 2041 3806 2078 uta-3::-

2132 2123 2320 2175 τεσθαι
2360 2123 2452 2175 ἐπὶ
2503 2123 2759 2193 μετανοίᾳ
2815 2121 3129 2191 λαμϐάνων.
3194 2119 3492 2189 Πολλαχοῧ
3545 2118 3638 2169 r31:

2133 2216 2356 2288 Γραφῆς
2409 2216 2632 2286 ἀκράτῳ
2669 2217 2948 2285 όμωνυμεῖ
2991 2213 3058 2266 τὰ
3092 2212 3324 2282 σκληρὰ
3368 2212 3438 2263 τά
3487 2226 3790 2278 περιετε-

2130 2305 2292 2358 τικά⁹
2343 2305 2418 2367 ὼς
2452 2308 2507 2357 ὲν
2549 2303 2646 2375 τῷ,
2687 2324 2703 2356 t
2735 2305 2995 2375 Ποτήριον
3045 2305 3101 2355 ἐν
3150 2303 3304 2373 χειρῖ¹
3357 2303 3564 2369 Κυρίου

2134 2397 2397 2469 ἀκράτου.
2429 2417 2446 2449 ι
2500 2398 2815 2468 Ὀμωνυμεῖ
2839 2397 2894 2450 δὲ
2923 2396 2992 2448 τά
3018 2393 3236 2465 σκληρὰ
3269 2395 3405 2455 ταῖς
3431 2391 3770 2463 εξρῃζεεέεεξ

2136 2488 2402 2560 σκληραῖς
2434 2488 2572 2552 ὁδοῖς
2605 2491 2663 2540 ὲν
2698 2487 3068 2557 ἑκκαιδεκάτῳ
3092 2485 3330 2555 ψαλμῷ,
3358 2484 3558 2546 οὕτως’
3599 2502 3622 2530 α
3653 2485 3762 2530 .32:

2133 2581 2260 2644 τοὺς
2311 2581 2504 2650 λόγους
2552 2580 2660 2634 τῶν
2708 2581 2928 2651 χειλέων
2973 2597 3064 2632 σου
3118 2577 3236 2647 ἐγὼ
3285 2577 3533 2645 ὲξξύλαξα
3577 2574 3762 2626 εδει

2134 2671 2394 2742 σκληράς.
2429 2695 2446 2724 ι
2497 2675 2642 2726 Ἐκεῖ
2673 2674 2768 2744 μὲν
2827 2673 2934 2742 γὰρ
2983 2672 3090 2723 ὁδοὶ
3124 2670 3370 2739 σκληραὶ
3405 2669 3630 2737 εἴρηνταί
3677 2671 3742 2714 εἱ

2133 2765 2329 2836 ἀρεταὶ
2357 2765 2444 2818 διά
2487 2765 2546 2818 τὺ
2573 2766 2671 2818 σὺν
2709 2764 2890 2836 ἱδρῶτι
2924 2762 3101 2832 πολλῷ
3131 2762 3232 2813 καὶ
3439 2753 3728 2826 κατορέεὲ

2135 2863 2258 2909 σθαι
2288 2858 2489 2920 αὑτάς·
2527 2855 2760 2910 ἐνταῦθα
2782 2855 2836 2908 δὲ
2864 2851 3000 2908 εἶδεν
3031 2856 3060 2907 ὁ
3089 2853 3223 2916 λαὸς
3255 2851 3474 2921 σκληρᾶς.
3523 2863 3723 2915 εἶξε-³⁸

2139 2946 2287 3010 σθεὶς
2316 2947 2660 3000 κακωτικῶν.

2209 3037 2479 3104 Ἒὸωκιις
2557 3037 2682 3103 τοῖς
2754 3037 3152 3107 φοϐουμένοις
3224 3052 3281 3088 σε
3336 3031 3688 3099 σημείωσιν

2137 3146 2191 3183 κ.
2232 3148 2281 3183 τ.
2323 3133 2368 3184 ἐ.
2427 3132 2615 3201 Ἡμεῖς
2654 3130 2751 3202 μὲν
2803 3130 2933 3200 (91),
2988 3130 3148 3200 φησὶ,
3203 3130 3264 3181 δι“
3289 3129 3338 3196 ip
3379 3122 3700 3194 ἐπράξαμεν

2135 3220 2470 3284 δυσσέϐειαν,
2503 3222 2923 3293 τετιμωρήμεθα
2947 3239 2958 3250 ·
3002 3223 3048 3273 οἱ
3096 3221 3157 3273 δὲ
3195 3216 3583 3290 φοϐούμενοὶττ
3621 3231 3706 3280 si-

2140 3313 2290 3381 μεῖον
2332 3313 2598 3379 ἐδέξαντο,
2639 3314 2817 3384 (δῆλον
2845 3313 2900 3366 δὲ
2933 3314 3012 3366 ὃτι
3054 3315 3110 3365 ὲν
3145 3306 3190 3379 ᾧ
3221 3308 3674 3380 ἐσφραγίσθηπέτ

2134 3404 2284 3468 ὅπως
2309 3407 2488 3476 πάσης
2513 3406 2843 3475 κολαπικῆς
2865 3406 3133 3476 τιμωρίας
3155 3404 3262 3469 ἕξω
3293 3404 3560 3470 γένοιντο.
3591 3399 3675 3450 TL-

2135 3512 2228 3547 του
2261 3497 2315 3548 δὲ
2357 3498 2450 3550 τοῦ
2491 3499 2718 3568 σημείου
2751 3499 2920 3561 τύπος
2950 3493 3018 3568 ἦν
3064 3497 3129 3548 τὸ
3176 3497 3234 3547 ἐν
3263 3499 3386 3557 ταῖς
3417 3493 3596 3564 φλιαῖς
3618 3491 3688 3541 si»

2140 3589 2428 3658 προϐάτων
2459 3592 2514 3644 ὲν
2548 3591 2808 3662 Αἰγύπτῳ
2835 3589 3116 3662 χριόμενον
3151 3582 3316 3657 αἷμα.

2733 3769 3026 3824 ΨΑΛΜΟΣ
3058 3766 3130 3821 ε’.

2225 3861 2368 3914 Ἀπὸ
2399 3862 2514 3914 τῶν
2542 3861 2812 3929 περάτων
2846 3859 2953 3927 τῆς
2990 3858 3100 3929 γῆς
3127 3857 3280 3925 πρὸς
3307 3858 3389 3910 σὲ
3414 3853 3706 3923 ἐεέκρτξεν

2138 3973 2192 4008 κ.
2219 3972 2267 4007 τ.
2298 3956 2343 4007 ὲ.
2380 3955 2438 4007 ’0
2463 3953 2846 4024 αἰσθανόμενος
2869 3952 2977 4024 (92)
3007 3950 3198 4004 ἑαυτοῦ
3222 3953 3281 4004 ὲν
3310 3951 3465 4012 ὅσοις
3493 3949 3706 4001 λείπετε]

2138 4051 2236 4121 τῆς
2262 4049 2618 4119 τελειότητος,
2663 4051 2720 4110 ev
2751 4045 2827 4116 τῷ
2868 4049 3006 4099 νοεῖν
3034 4044 3116 4105 τίς
3144 4045 3171 4095 ὁ
3206 4042 3446 4104 τέλειος,
3475 4041 3574 4094 καὶ
3602 4041 3708 4089 άντ-

453 4135 735 4197 elevatus,
783 4133 953 4197 dicit,
1016 4150 1034 4183 ι
1100 4132 1343 4194 Exaudi,
1398 4133 1557 4197 Deus,
1601 4134 2029 4200 deprecationem

2152 4147 2322 4219 ,φέρων
2353 4147 2408 4198 ὲν
2451 4149 2570 4209 ταῖς
2603 4145 2808 4214 εὐχαῖς,
2844 4141 2972 4214 περὶ
2999 4140 3185 4193 τούτου
3227 4138 3382 4205 λέγει
3417 4139 3497 4197 τὸ,
3548 4155 3565 4185 ι
3605 4135 3708 4186 Eis.

456 4241 656 4289 meam,
692 4244 710 4276 ι
746 4225 1090 4281 exaudietur.
1123 4224 1351 4286 Quando
1385 4238 1518 4277 vero
1548 4225 1896 4292 imperfectus
1925 4242 2028 4280 non

452 4320 622 4372 sentit
643 4335 705 4373 ea
741 4319 939 4388 quibus
967 4318 1193 4388 indiget,
1222 4318 1402 4372 oratio
1433 4318 1554 4389 ejus
1584 4318 1726 4382 silet,
1760 4321 2031 4376 clamante

455 4411 548 4464 illo
601 4411 691 4478 qui
743 4415 941 4476 sentit,
983 4419 1038 4464 et
1083 4411 1433 4482 semetipsum
1492 4413 1602 4467 Deo
1635 4413 2025 4482 perliciendum

455 4503 644 4556 tradit.

524 4594 652 4650 Isto.
691 4594 826 4648 Dum
877 4597 1186 4651 anxiaretur
1231 4615 1320 4651 cor
1373 4617 1566 4665 meum,
1615 4611 1720 4656 etc.
1770 4603 2038 4660 Anxiatur

456 4689 598 4740 enim
650 4703 777 4742 vere
798 4698 852 4743 et
892 4691 1043 4759 quasi
1091 4691 1275 4745 delicit
1318 4694 1500 4747 omnis
1536 4695 1715 4749 anima
1747 4697 1858 4751 Deo
1902 4697 2037 4752 ami-

455 4796 537 4846 ca,
573 4782 698 4835 dum
733 4783 783 4836 in
821 4785 1031 4838 mortali
1065 4787 1163 4840 bac
1194 4789 1304 4840 vita
1333 4803 1701 4844 commoratur
1735 4809 1748 4856 ;
1781 4794 2035 4847 anxiatur

454 4884 632 4928 autem
659 4885 713 4928 et
742 4876 925 4932 delicit
953 4880 1118 4933 etiam
1163 4897 1274 4950 pra:
1315 4882 1810 4949 commiseratione,
1846 4887 2030 4941 videns

453 4965 851 5024 multitudinem
878 4987 1067 5026 eorum
1095 4976 1183 5042 qui
1213 4986 1459 5043 pereunt.
1480 4975 1650 5044 Luget
1675 4978 1837 5031 etiam
1867 4978 2032 5047 pluri-

455 5076 573 5115 mos
636 5077 822 5117 eorum
873 5066 962 5134 qui
1015 5076 1173 5119 antea
1215 5078 1606 5135 peccaverunt,
1660 5080 1712 5123 et
1760 5086 1863 5124 non
1903 5086 2030 5141 ege-

456 5160 580 5206 runt
601 5154 975 5222 paenitentiam
1017 5171 1114 5220 pro
1143 5168 1391 5224 peccato,
1429 5167 1483 5212 et
1515 5160 1823 5228 iniquitate,
1866 5171 2030 5232 atque

454 5243 774 5313 impietate,
827 5261 988 5315 quam
1041 5246 1328 5313 fecerant,
1381 5251 1840 5318 quemadmodum
1895 5253 2026 5309 fecit

521 5384 567 5417 “
592 5383 732 5438 Psal.
771 5399 954 5452 Lxxxv,
989 5384 1042 5439 9.
1123 5385 1167 5415 ⁸³
1191 5384 1333 5442 Psal.
1374 5401 1484 5448 xw,
1518 5386 1572 5439 4.

525 5524 638 5596 (89)
655 5527 996 5593 Κινηθεῖσα,
1021 5537 1128 5584 etc.
1157 5527 1376 5583 Eadem.

525 5595 635 5666 (90)
664 5599 992 5661 Δείκνυται,
1025 5610 1128 5653 etc.
1171 5600 1388 5653 Eadem.

526 5665 635 5726 "9H
665 5667 999 5736 Ἡμεῖς-μέν,
1019 5679 1125 5724 etc.
1150 5670 1331 5725 Codex
1356 5665 1719 5723 Coislinianus
1736 5665 2028 5722 secundus.

2141 4240 2430 4301 άκουσον,ό
2457 4235 2715 4306 Θεὸς,τῆς
2737 4233 2968 4306 δεήσεως
3011 4249 3133 4304 μου,
3161 4250 3178 4282 ι
3213 4227 3708 4296 εἰσακουσθήσεται.

2144 4331 2313 4384 Ὅταν
2349 4329 2406 4382 δὲ
2430 4331 2458 4382 ὁ
2486 4328 2680 4399 ἀτελὴς
2710 4325 3026 4395 ἀναισθητεῖ
3069 4317 3143 4377 ὧν
3177 4325 3326 4374 ἐστιν
3361 4323 3574 4390 ὲνδεης,
3610 4335 3709 4369 σν-

2143 4428 2218 4497 πᾷ
2248 4425 2412 4480 αὑτοῦ
2451 4427 2482 4495 ἡ
2516 4422 2722 4494 δέησις,
2767 4421 2859 4475 τοῦ
2908 4419 3324 4489 αἰσθανομένου,
3357 4420 3462 4471 καὶ
3493 4415 3710 4486 ἐμπαρε-

2137 4535 2322 4586 χοντος
2353 4517 2540 4570 ἑαυτὸν
2562 4515 2638 4585 τῷ
2659 4513 2776 4583 Θεῴ
2805 4514 2883 4575 είς
2911 4512 2970 4564 τὸ
3002 4511 3374 4579 τελειωθῆναι,
3411 4510 3710 4580 βοήσαντος.

2220 4613 2321 4664 Ἐν
2373 4609 2451 4674 τῷ
2502 4607 2822 4674 ἁκηδιᾶσαι
2878 4604 2992 4671 τὴν
3038 4602 3292 4670 καρδίαν
3335 4619 3486 4670 μου,
3530 4620 3582 4654 κ.
3607 4617 3650 4652 τ.
3673 4600 3706 4649 ὲ.

2149 4702 2370 4774 Ἀκηδιᾷ
2416 4701 2525 4770 (95)
2574 4700 2681 4771 γὰρ
2731 4697 2805 4762 ὡς
2862 4695 3076 4766 ἀληθῶς
3126 4696 3220 4747 καὶ
3269 4695 3542 4765 ἀδημονεῖ
3583 4694 3707 4745 πᾶῖσ

2139 4792 2395 4863 θεοφιλὴς
2424 4791 2592 4860 ψυχὴ,
2639 4789 2715 4859 τῷ
2750 4786 2928 4858 θνητῷ
2968 4783 3380 4856 ἐνδιατρίϐουσα
3421 4784 3566 4856 βεῳο

2140 4888 2228 4958 διᾷ
2252 4887 2308 4939 δὲ
2340 4887 2431 4938 καὶ
2472 4885 2733 4954 ἀδημονεί
2761 4883 2854 4936 καὶ
2883 4879 2970 4932 διὰ
3011 4877 3446 4948 φιλανθρωπίαν,
3487 4879 3551 4929 τὸ
3594 4876 3706 4942 πλῆ-

2141 4980 2230 5043 θος
2260 4978 2366 5031 τῶν
2397 4975 2781 5046 ἀπολλυμένων
2834 4971 3075 5042 θεωρῶν.
3129 4968 3321 5024 Πενθεῖ
3350 4968 3408 5020 δὲ
3466 4969 3565 5021 καὶ
3605 4966 3708 5018 πελ-

2139 5072 2262 5134 λοὺς
2309 5070 2414 5122 τῶν
2449 5067 2974 5139 προημαρτηκότων,
3008 5065 3101 5116 καὶ
3151 5064 3223 5133 μὴ
3274 5061 3708 5130 μετανοησάντια

2140 5162 2232 5214 ἐπὶ
2277 5164 2340 5231 τῇ
2388 5161 2656 5230 ἁμαρτίᾳ,
2693 5159 2786 5212 καὶ
2817 5157 3049 5226 ἀνομίᾳ,
3072 5154 3166 5206 καὶ
3213 5151 3460 5222 ἀσεϐείᾳ,
3560 5151 3704 5220 ἔπρι-

2134 5256 2251 5322 ξαν,
2289 5253 2476 5324 ὥσπερ
2521 5251 2613 5306 οὖν
2644 5252 2738 5305 καὶ
2785 5253 2814 5303 ὁ
2847 5248 3009 5302 Δαυῖδ
3033 5265 3046 5277 ⁸
3081 5247 3161 5300 διὸ
3211 5245 3374 5307 αὐτὸς
3429 5246 3532 5316 μὶν
3557 5245 3708 5313 ἐφυτέ

2431 5525 2891 5604 αισθανόμετςος,
2916 5534 3024 5578 etc.
3053 5521 3253 5578 Catena
3278 5522 3552 5577 (lorder‘ii.

2214 5595 2326 5670 (95)
2363 5596 2616 5664 ’Λκηδιᾷ,
2649 5609 2752 5650 etc.
2787 5595 3005 5650 Eadem.

3711 247 3732 290 ξ
3743 251 3792 290 ἐι·

3723 1165 3754 1174 μέ

3583 1584 3618 1615 ι
3661 1564 3816 1614 ’ἷξ-
