4120 6212
468 204 608 260 “$3

1817 184 1908 240 EX
1946 175 2250 240 ORIGENE

3617 182 3642 234 1
3666 180 3763 235 ιρι

544 320 820 388 Ejusdem.
875 315 1171 384 Analngam
1229 279 1416 365 Israeli
1465 305 1846 361 hmreditatem
1915 305 2058 358 forte

2238 298 2350 353 Τοῦ
2391 299 2602 353 αὑτοῦ.
2640 295 2792 368 Τάχα
2825 296 2937 368 (96)
2970 295 3335 366 κληρονομίαν
3366 293 3464 366 τὴν
3491 295 3766 364 ἀνάλογον

471 418 616 473 dedit
649 414 904 468 Dominus
941 407 1262 462 timentibus
1293 417 1388 467 se;
1419 400 1624 454 Levitis
1654 408 1838 469 autem
1870 395 2056 450 analo-

465 527 591 582 gam
619 508 766 563 dedit
796 501 1143 574 diligentibus
1173 515 1252 553 se.

543 689 633 742 Sic
677 683 902 757 psallam
943 678 1145 734 nomini
1173 689 1283 744 luo,
1311 687 1417 732 etc.
1454 676 1588 730 Cum
1619 674 1707 729 illa
1738 687 1859 741 quae
1897 687 2057 742 roga-

472 797 653 836 veram
689 795 717 832 a
775 785 828 832 te
870 775 1236 844 impetravero
1267 811 1280 831 ,
1314 771 1386 823 ita
1434 769 1639 838 gratias
1675 766 1838 837 740
1888 780 2056 836 agens

479 893 498 927 ι
531 874 798 944 psalmum
833 870 1010 923 dicam
1045 864 1250 919 nomini
1285 872 1400 926 tuo,
1432 881 1450 912 ι
1485 860 1853 930 OpCI‘ibttsque
1879 870 1936 913 et
1968 873 2059 912 co-

475 965 830 1036 gitationibus
864 977 926 1016 ac
953 961 1136 1013 verbis
1169 957 1324 1009 bonis
1355 970 1479 1008 eam
1515 970 1633 1023 qu:e
1664 953 1796 1006 mibi
1825 951 2070 1020 obtigit,

477 1058 711 1114 nominis
744 1056 820 1109 tui
873 1050 1293 1121 appellationem
1330 1047 1646 1101 celebrabo.
1682 1046 1861 1114 Atque
1906 1045 2061 1096 insu-

477 1169 570 1222 per
604 1152 668 1204 de
705 1149 793 1202 die
824 1147 874 1200 in
907 1146 1048 1198 diem
1079 1157 1198 1210 qum
1226 1155 1479 1192 voveram
1513 1139 1763 1199 reddam,
1797 1136 1934 1191 sicut
1969 1133 2059 1188 Ja-

477 1246 578 1298 eob
609 1245 681 1296 ait
712 1265 721 1297 :
749 1259 767 1291 ι
801 1240 855 1293 Si
887 1236 1094 1292 dederit
1122 1234 1252 1288 mibi
1284 1234 1422 1286 Deus
1449 1245 1641 1300 panem
1675 1231 1740 1282 ad
1771 1229 2062 1283 comeden-

474 1340 626 1402 dum,
659 1354 675 1385 ι
699 1342 830 1395 etr.,
856 1351 874 1382 ι
897 1329 1139 1383 omnium
1165 1339 1502 1393 qmecunque
1524 1323 1651 1375 mibi
1675 1321 1890 1374 dederis
1913 1319 2061 1372 deci-

479 1417 619 1484 mam
650 1426 932 1480 dm-imabo
968 1434 1028 1476 ea
1065 1419 1156 1473 tibi
1182 1419 1257 1479 ‘9;
1285 1435 1303 1469 ›
1329 1432 1451 1469 nam
1487 1423 1611 1467 ante
1639 1413 1752 1467 luce
1787 1413 1951 1464 verba
1982 1411 2065 1464 di—

475 1524 653 1576 citur:
695 1538 711 1570 ι
750 1518 815 1572 Ει
861 1515 1005 1570 vovit
1044 1513 1212 1569 Jacob
1257 1512 1465 1573 dicens,
1511 1505 1567 1562 Si
1604 1506 1765 1558 fuerit
1801 1502 2064 1556 Dominus

479 1629 712 1672 mecum,
740 1630 758 1661 ι
792 1623 965 1678 usque
1013 1608 1078 1660 ad
1125 1607 1241 1659 hinc
1296 1604 1496 1655 verba:
1545 1620 1563 1651 ι
1600 1598 1876 1652 Decimam
1913 1595 2063 1648 deci-

2156 391 2236 462 τῷ
2265 389 2478 461 Ἰσραὴλ
2523 389 2690 443 ἔδωκε
2722 391 2835 453 τοῖς
2869 387 3226 458 φοϐουμένοις
3262 385 3424 440 αὑτὸν
3454 387 3481 438 6
3521 387 3764 458 Κύριος,

2158 483 2255 554 τὴν
2279 482 2337 536 δὲ
2375 481 2637 549 ἀνάλογον
2667 483 2778 546 τοῖς
2813 481 3070 544 Λευῖταις
3118 479 3287 532 ἔδωκε
3321 481 3434 542 τοῖς
3467 479 3767 547 ἀγαπῶσιν

2162 576 2348 630 αὑτόν.

2234 670 2431 735 Οὕτως
2463 668 2642 739 ψαλῶ
2692 666 2775 732 τῷ
2820 664 3069 734 ὀνόματί
3120 677 3261 728 σου,
3312 679 3368 715 κ.
3412 678 3462 716 τ.
3511 662 3561 714 ἐ.
3610 661 3772 714 Ἐπεὶ

2161 756 2238 816 ὧν
2272 762 2383 833 (97)
2422 762 2633 833 ἠξίωσα
2674 760 2828 833 παρὰ
2858 758 2952 811 σοῦ
3000 757 3222 825 τέτυχα,
3258 756 3581 826 εὐχάριστος
3626 753 3772 807 οὕτω

2163 853 2402 923 γεγονὼς
2436 872 2453 903 ι
2491 851 2648 920 ψαλῶ
2681 853 2758 923 τῷ
2781 848 3008 920 ὀνόματί
3045 865 3162 909 σου,
3217 864 3235 895 ι
3259 842 3443 914 ὑμνῶν
3462 839 3524 891 δι’
3560 844 3769 914 ἔργων,

2161 947 2451 1019 νοημάτων
2469 965 2527 1000 τε
2550 947 2646 1000 καὶ
2683 945 2857 1014 λόγων
2881 942 3102 1012 ἀγαθῶν
3126 940 3227 1004 τὴν
3256 939 3342 992 ἐπ’
3390 939 3514 1008 ἐμοὶ
3543 939 3772 1008 κληρωο

2163 1041 2348 1096 Θείσαν
2377 1039 2751 1113 προσηγορίαν
2777 1055 2890 1091 σου.
2924 1037 3034 1090 Καὶ
3065 1034 3204 1106 πρὸς
3228 1032 3404 1102 τούτῳ
3435 1031 3660 1101 ἡμέραν
3711 1027 3772 1092 ἐξ

2161 1133 2378 1206 ἡμέρας
2405 1133 2440 1187 ἃ
2469 1132 2723 1203 ηὐξάμην
2758 1128 3040 1183 ἀποδώσω·
3067 1126 3255 1197 ὥσπερ
3289 1126 3318 1177 6
3351 1122 3547 1177 Ἰακώϐ
3579 1138 3770 1191 φησιν’

2172 1247 2191 1279 ι
2230 1229 2354 1282 Ἐὰν
2393 1225 2467 1297 δῷ
2499 1243 2590 1296 μοι
2616 1227 2644 1278 6
2677 1223 2809 1286 Θεὸς
2857 1222 3022 1294 ἄρτον
3063 1221 3280 1289 φαγεῖν,
3313 1237 3334 1270 ι
3374 1217 3470 1269 καὶ
3510 1215 3582 1268 τὰ
3623 1213 3768 1283 ἑξῆς,

2177 1340 2194 1372 ι
2229 1321 2446 1376 πάντων
2475 1313 2548 1372 ὧν
2576 1318 2671 1371 ἐὰν
2709 1335 2797 1388 μοι
2829 1315 2935 1386 δῷς
2965 1314 3200 1383 δεκάτην
3244 1307 3657 1365 άποδεκατὼσω
3691 1321 3768 1357 σοι

2167 1413 2324 1467 αὑτάο
2358 1432 2376 1464 ι
2411 1411 2517 1481 πρὸ
2549 1411 2658 1481 γὰρ
2682 1408 2888 1462 τούτων
2911 1405 3021 1461 τῶν
3051 1405 3228 1474 λόγων
3257 1402 3481 1473 φέρεται
3509 1399 3596 1462 τὸ,
3615 1415 3633 1448 t
3665 1393 3770 1450 ua-

2169 1504 2296 1569 ξατο
2320 1505 2348 1556 6
2395 1502 2588 1556 Ἰακὼϐ
2613 1501 2786 1570 λέγων
2814 1501 2894 1562 τὸ,
2943 1499 3070 1551 Ἐὰν
3181 1495 3385 1567 Κύριος
3422 1495 3541 1564 μετ’
3565 1489 3726 1561 ἐμοῦ,
3745 1508 3764 1539 ι

2167 1597 2274 1660 ἓως
2311 1595 2435 1657 τοῦ,
2464 1613 2482 1645 ι
2529 1594 2772 1663 Δεκάτην
2801 1589 3204 1646 ἀποδεκατὼσω
3233 1605 3314 1640 σοι
3349 1586 3510 1640 αὑτά.
3559 1601 3578 1634 ι
3615 1578 3686 1635 Εὖ
3717 1580 3773 1634 δὲ

481 1708 639 1758 mabo
668 1720 728 1756 ea
765 1703 883 1756 tibi.
917 1719 937 1751 ι
977 1698 1120 1752 Bene
1154 1705 1334 1749 autem
1365 1692 1568 1746 dicitur
1601 1700 1659 1744 et
1691 1689 1844 1755 illud,
1881 1688 1949 1741 de
1978 1687 2063 1740 die

2180 1689 2259 1742 ια).
2289 1686 2350 1740 τὸ
2387 1688 2583 1750 εἰπεῖν,
2617 1684 2830 1757 ἡμέραν
2855 1683 2913 1749 ἐξ
2952 1681 3168 1754 ἡμέρας
3192 1680 3295 1742 τὰς
3329 1675 3508 1746 εὐχὰς
3537 1672 3774 1730 ἀποδοῦ-

482 1801 532 1850 ἰιι
571 1797 709 1848 diem
743 1803 863 1846 vota
915 1790 1142 1845 reddere
1172 1828 1186 1854 ,
1230 1797 1284 1838 et
1333 1783 1602 1853 psalmum
1633 1781 1818 1836 dicere
1853 1778 2061 1833 nomini

483 1892 573 1945 Dei
603 1890 656 1942 in
686 1886 938 1941 smeulum
972 1879 1190 1944 szeculi;
1219 1893 1283 1931 eo
1309 1876 1452 1944 quod
1485 1873 1598 1928 lucc
1627 1871 1818 1943 psalmi
1845 1871 2062 1942 quidem

485 1983 735 2038 rt'cilatiu
758 1977 962 2032 nnmiai
993 1975 1110 2045 eius
1131 1972 1218 2041 qui
1242 1969 1520 2032 laudatur,
1548 1963 1873 2019 extendatur
1894 1978 2067 2031 usque

481 2078 534 2131 in
565 2073 818 2131 sareulum
850 2069 1123 2132 futurum;
1156 2067 1258 2119 ista
1289 2075 1418 2114 vero
1446 2058 1553 2111 voti
1584 2057 1815 2112 redditio
1842 2054 2067 2124 implea-

483 2183 592 2234 tur,
627 2171 799 2221 douec
831 2163 1008 2217 adhuc
1032 2175 1099 2213 ex
1130 2158 1319 2211 diebus
1350 2166 1563 2222 tempus
1594 2149 1928 2219 completur:
1965 2148 2067 2201 hoc

483 2273 665 2316 autem
697 2269 911 2327 tempus
942 2253 1374 2320 uniuscujusque
1414 2249 1538 2302 vita:
1572 2250 2064 2300 conuueusnratur.

481 2352 732 2420 Quandiu
769 2350 938 2420 igitur
973 2345 1025 2399 iu
1058 2345 1167 2398 vita
1218 2358 1406 2397 smnus
1430 2382 1446 2407 ,
1485 2349 1606 2394 vota
1643 2336 1938 2390 reddamus
1962 2371 1978 2397 ,
2013 2339 2070 2385 ιιι

483 2449 650 2500 etiam
683 2447 735 2499 iu
771 2444 1032 2498 saeculum
1068 2438 1251 2495 smculi
1297 2436 1567 2507 psalmum
1616 2431 1706 2487 Dei
1751 2429 1954 2485 nomini
1985 2427 2068 2480 di~

483 2555 608 2594 cere
642 2537 935 2609 possimus.

1020 2707 1250 2766 PSALM
1262 2706 1346 2763 US
1400 2703 1538 2761 LXI.

561 2814 725 2868 Vsus.
755 2807 806 2864 1.
841 2806 905 2861 In
929 2807 1084 2872 ﬁnem
1106 2819 1200 2874 pro
1227 2798 1443 2852 Idithuu
1481 2794 1717 2859 psalmus
1745 2793 1933 2859 David,
1963 2803 2072 2847 etc.

2164 1795 2272 1841 ναι,
2301 1777 2526 1848 ψάλλειν
2565 1793 2622 1828 τε
2652 1775 2731 1846 τῷ
2777 1775 3002 1845 ὀνόματι
3037 1772 3132 1826 τοῦ
3161 1769 3299 1824 Θεοῦ
3351 1771 3434 1832 εἰς
3463 1768 3560 1820 τὸν
3596 1764 3773 1820 αἰῶνα

2163 1870 2260 1924 τοῦ
2297 1869 2508 1934 αἰῶνος·
2545 1868 2623 1939 τῷ
2645 1869 2704 1921 τὸ
2731 1868 2828 1938 μὲν
2844 1867 3067 1936 ψάλλειν
3096 1864 3173 1935 τῷ
3199 1862 3425 1933 ὀνόματι
3447 1861 3544 1914 τοῦ
3575 1860 3770 1931 ὑμνου-

2171 1962 2331 2035 μένου
2364 1961 2744 2033 παρεκτείνειν
2774 1961 2880 2024 ἓως
2917 1959 3012 2012 τοῦ
3043 1957 3326 2028 μέλλοντος
3359 1954 3584 2017 αἰῶνος*
3619 1951 3683 2007 τὺ
3719 1949 3776 2004 δὲ

2173 2057 2272 2119 τὰς
2289 2056 2451 2125 εὐχὰς
2476 2053 2765 2108 ἀποδοῦναι
2791 2051 3152 2124 πληροῦσθαι,
3179 2050 3286 2112 ἕως
3307 2049 3385 2101 ἔτι
3409 2050 3438 2101 6
3458 2046 3519 2111 ἐξ
3546 2042 3778 2117 ἡμερῶν

2177 2147 2668 2219 συμπληρούμενος
2696 2147 2891 2218 χρόνος
2923 2145 3090 2199 ἐστίν’
3115 2137 3269 2204 οὗτος
3287 2141 3344 2194 δέ
3361 2142 3509 2192 ἐστιν
3539 2141 3569 2190 6
3601 2153 3777 2207 παρα-

2179 2240 2544 2315 μετροῦμενος
2563 2243 2629 2312 τῇ
2665 2240 2894 2293 ἑκάστου
2926 2239 3058 2309 ζωῇ.
3099 2237 3244 2298 Ἕως
3267 2230 3363 2288 οῦν
3399 2235 3458 2284 ἐν
3489 2231 3594 2302 βίῳ
3611 2227 3776 2299 ἐσμὲν

2177 2335 2276 2398 τὰς
2328 2334 2492 2405 εὐχὰς
2545 2331 2934 2402 ἀποδώσωμεν,
2979 2330 3071 2382 ἵνα
3125 2328 3221 2381 καὶ
3269 2325 3492 2397 ψάλλειν
3547 2325 3631 2386 εἰς
3686 2319 3778 2372 τὸν

2179 2429 2355 2484 αἰῶνα
2397 2427 2489 2481 τοῦ
2518 2427 2711 2490 αἰῶνος
2744 2425 2820 2496 τῷ
2862 2424 3086 2495 ὀνόματι
3129 2422 3224 2476 τοῦ
3257 2419 3392 2475 Θεοῦ
3430 2417 3773 2489 δυνηθῶμεν.

2755 2699 2811 2753 Ψ
2815 2701 2960 2754 ΑΛΜ
2967 2700 3049 2753 ΟΣ
3078 2699 3198 2752 ΞΝ.

2252 2795 2356 2860 Εἲς
2401 2792 2465 2846 τὸ
2501 2791 2676 2858 τέλος
2703 2791 2854 2858 ὑπὲρ
2889 2790 3136 2859 Ἰδιθοὺμ
3183 2787 3430 2858 ψηλμὸς
3455 2785 3535 2855 τῷ
3577 2785 3772 2850 Δαυῒδ,

490 2908 594 2962 Pro
643 2903 856 2958 Iditlmn
898 2897 1082 2965 judice
1125 2904 1356 2946 venturo
1399 2889 1608 2952 David,
1662 2888 1856 2942 idoneo
1889 2902 2070 2939 manu.

2182 2902 2234 2940 κ.
2264 2903 2314 2939 τ.
2357 2887 2402 2937 ὲ.
2452 2884 2685 2955 Ἰδιοοῦμ
2719 2882 2908 2954 κριτοῦ
2940 2884 3048 2952 (98)
3076 2880 3372 2953 ἐρχομένου
3398 2880 3565 2933 Δαυῖδ
3595 2876 3773 2932 ἱκανοῦ

489 2999 772 3052 Estaulettt
794 2989 1031 3062 psalmus
1053 2985 1118 3040 de
1140 2983 1275 3038 Filio
1297 2981 1388 3035 Dei
1412 2975 1812 3047 atternojudice
1828 2983 2073 3040 venturo,

489 3089 580 3161 qui
627 3095 708 3139 est
739 3084 965 3137 idoneus
1002 3095 1187 3136 manu.

565 3181 730 3235 Vsus.
771 3177 827 3231 2.
867 3173 1060 3228 Nonne
1109 3171 1214 3225 Deo
1249 3165 1485 3236 subjecta
1523 3162 1623 3217 erit
1673 3162 1856 3216 anima
1906 3175 2021 3211 mea
2057 3158 2082 3211 .9

490 3283 597 3328 ctr.
633 3269 824 3325 Ulllltis
867 3267 957 3335 qui
1006 3262 1289 3330 subjectus
1331 3266 1415 3312 est
1457 3254 1643 3319 alicui,
1669 3253 1859 3306 eadem
1898 3264 1961 3302 ac
1993 3248 2082 3302 ille

491 3365 678 3423 St'ltlil.
711 3361 774 3414 lit
803 3376 900 3414 nos
925 3357 968 3412 si
999 3354 1300 3409 secundum
1336 3348 1560 3404 Paulum
1595 3357 1787 3399 omnes
1817 3340 2080 3410 subjicie-

493 3477 617 3514 nmr
644 3455 890 3517 Christo,
930 3450 1118 3505 cadent
1155 3463 1218 3500 ae
1247 3444 1501 3498 Christus
1539 3437 1866 3492 sentiamus.

569 3550 848 3622 Ejusdem.
881 3539 1334 3610 Quandoquidem
1377 3534 1628 3589 Salvator
1658 3527 1921 3596 loquitur,
1954 3521 2082 3578 illud

498 3665 521 3695 ί
555 3617 796 3710 subjecta
830 3639 955 3702 erit,
987 3655 1007 3689 ι
1048 3634 1286 3688 refertur
1337 3629 1403 3681 ad
1440 3623 1622 3688 istud,
1653 3640 1672 3673 ι
1707 3632 1835 3675 tunc
1882 3627 1935 3672 et
1969 3617 2084 3683 ipse

496 3738 666 3792 Filius
692 3732 968 3803 subjectus
999 3729 1106 3783 erit
1133 3725 1205 3789 ei,
1239 3725 1328 3794 qni
1359 3719 1590 3790 subjecit
1624 3716 1726 3771 sibi
1760 3713 1939 3768 omnia
1965 3711 2032 3766 τ’.
2063 3726 2080 3759 ι

498 3829 652 3899 Quod
695 3802 823 3881 vero
870 3825 1082 3878 l'atrem
1142 3817 1421 3886 intelligat
1449 3853 1464 3877 ,
1513 3819 1664 3882 patet
1692 3822 1756 3860 ex
1787 3821 1852 3859 eo
1877 3845 1891 3870 ,
1931 3821 1950 3853 ι
1988 3802 2087 3855 Ve-

501 3934 810 3979 rumtamen
851 3917 1081 3988 pretium
1135 3926 1312 3965 meum
1370 3906 1749 3975 cogitaverunt
1785 3897 2044 3967 repellere
2069 3935 2084 3958 ,

500 4023 866 4072 cucurrerunt
897 4010 950 4063 in
983 4007 1070 4061 siti
1100 4006 1168 4058 τί.
1200 4024 1218 4056 ι
1257 4004 1425 4057 Porro
1469 3996 1630 4052 simul
1663 4007 1879 4064 quoque
1923 3988 2088 4043 discl-

504 4125 625 4163 tuus
656 4108 707 4160 id
742 4103 883 4173 quod
912 4095 1312 4169 subjiciendum
1352 4093 1460 4156 sit,
1487 4104 1608 4143 esse
1647 4086 1920 4139 animam:
1953 4096 2090 4149 quo-

505 4199 649 4251 niam
677 4194 916 4249 salutare
942 4191 1137 4242 animze
1167 4195 1245 4239 est
1278 4185 1393 4252 ipsa
1421 4180 1571 4234 salus
1601 4194 1631 4232 α
1661 4177 1790 4236 Deo,
1824 4173 1948 4243 quia
1975 4172 2091 4239 ipse

2181 2978 2345 3048 χειρί.
2387 2978 2544 3029 Ἔστι
2566 2977 2622 3028 δέ
2646 2977 2674 3028 6
2711 2975 2927 3045 ψαλμος
2960 2974 3205 3046 περὶτοῦ
3239 2971 3372 3025 Υἱοῦ
3398 2971 3492 3024 τοῦ
3515 2971 3655 3025 Θεοῦ
3687 2969 3772 3024 τοῦ

2183 3071 2403 3125 αἰωνίου
2435 3069 2622 3142 κριτοῦ
2642 3070 2960 3142 ἐρχομένου,
2993 3067 3084 3120 τοῦ
3114 3067 3262 3130 ὄντος
3295 3065 3483 3118 ἱκανοῦ
3506 3066 3674 3136 χειρί.

2259 3164 2403 3234 Οὐχὶ
2436 3163 2514 3229 τῷ
2547 3161 2668 3229 Θεῷ
2688 3160 3133 3230 ὑποταγήσεται
3157 3160 3195 3227 ἢ
3223 3157 3393 3227 ψυχή
3410 3175 3534 3226 μου
3558 3175 3648 3220 ;κ.
3665 3174 3712 3208 τ.
3731 3155 3774 3207 ἐ.

2184 3257 2300 3320 Πᾶς
2333 3257 2361 3307 6
2390 3253 2828 3325 ὑποτασσόμενος
2859 3254 2970 3325 (99)
3005 3271 3110 3305 τινι
3140 3251 3208 3304 τὰ.
3239 3250 3379 3304 αὐτὰ
3412 3250 3613 3322 ἐκείνῳ
3653 3265 3775 3318 φρο-

2185 3353 2284 3403 νεῖ.
2315 3351 2424 3403 Καὶ
2459 3352 2506 3403 εἰ
2535 3349 2677 3404 κατὰ
2707 3348 2796 3402 τὸν
2829 3347 3040 3400 Παῦλον
3073 3346 3274 3408 πάντες
3319 3341 3778 3415 ὑποταγησόμεθα

2185 3441 2263 3513 τῷ
2291 3441 2530 3513 Χριστῷ,
2549 3441 2749 3503 πάντες
2776 3438 2845 3492 τὰ
2869 3437 3006 3492 αὐτὰ
3040 3436 3258 3509 Χριστῷ
3294 3437 3681 3507 φρονήσωμεν.

2263 3533 2375 3588 Τοῦ
2407 3533 2613 3588 αὑτοῦ.
2646 3534 2739 3598 T6,
2777 3553 2794 3584 ι
2831 3534 3237 3602 ὑποταγήσεται
3261 3529 3360 3601 (ι),
3405 3549 3422 3580 ι
3454 3527 3586 3581 ἐπεὶ
3619 3530 3646 3581 ὁ
3677 3525 3779 3578 Σω-

2186 3628 2289 3700 τὴρ
2320 3629 2490 3697 λέγει.
2534 3628 2865 3699 ἀναφέρεται
2893 3628 2972 3690 εἰς
3002 3624 3082 3688 τὸ,
3126 3643 3144 3674 ι
3189 3623 3310 3676 τότε
3347 3621 3474 3684 Υἱὸς
3501 3619 3779 3686 ὑποταγή-

2190 3741 2342 3776 σεται
2379 3723 2456 3794 τῷ
2501 3722 2831 3787 ὑποτάξαντι
2879 3719 3028 3790 αὑτῷ
3058 3719 3124 3771 τὰ
3167 3717 3362 3770 πάντα.
3404 3734 3422 3766 ι
3459 3713 3663 3767 Ὅτι.δέ
3698 3709 3782 3763 τὸν

2190 3815 2412 3886 Πατέρα
2452 3814 2622 3883 λέγει,
2670 3813 2828 3884 δῆλον
2863 3814 2927 3865 ἐκ
2969 3812 3083 3876 τοῦ,
3134 3830 3151 3860 ι
3191 3810 3338 3880 Πλὴν
3365 3807 3460 3880 τὴν
3483 3810 3657 3878 τιμήν
3688 3821 3780 3875 μου

2191 3905 2576 3960 ἐϐουλεύσαντο
2599 3903 2948 3966 ἀπώσασθαι,
2977 3903 3210 3976 ἔδραμον
3236 3903 3291 3954 ἐν
3319 3900 3484 3971 δίψει.
3511 3918 3529 3950 ι
3568 3893 3782 3970 ’Άμαδδ

2196 4002 2560 4074 μανθάνομεν,
2595 4001 2675 4053 ὅτι
2703 4000 2764 4051 τὸ
2791 3996 3273 4068 ὑποταγησόμενον
3301 3994 3446 4065 ψυχή
3482 3994 3658 4046 ἐστιν·
3707 3991 3783 4044 ὅτι

2191 4095 2252 4148 τὸ
2296 4088 2562 4165 σωτήριον
2613 4091 2712 4163 τῆς
2761 4089 3002 4160 ψὐχῆςή
3046 4085 3425 4158 αὑτοσωτηρία
3455 4086 3611 4155 παρὰ
3657 4078 3782 4135 Θεοῦ

2195 4193 2332 4253 ἐστι,
2369 4188 2451 4242 διὸ
2474 4187 2635 4251 αὑτὸς
2657 4188 2684 4239 ὁ
2715 4185 2903 4255 Σωτήρ
2928 4185 3043 4236 ἐστι
3071 4180 3163 4233 τοῦ
3198 4178 3370 4232 ταῦτα
3395 4177 3667 4246 λέγοντος·
3697 4172 3782 4227 καὶ

506 4288 760 4342 Salvator
788 4293 870 4338 est
906 4280 1026 4349 ejus
1055 4281 1148 4348 qui
1199 4277 1314 4330 lucc
1346 4272 1478 4327 dicit
1510 4289 1523 4324 :
1559 4284 1735 4339 neque
1780 4267 2017 4320 salutare
2056 4277 2081 4313 a

2193 4284 2294 4336 οὐκ
2333 4282 2446 4335 ἔστι
2496 4281 2760 4351 σωτήριον
2807 4275 2914 4329 ἀπό
2957 4291 3101 4336 τινος
3145 4271 3331 4324 λαϐεῖν
3365 4270 3705 4336 ὑποταγέντα
3750 4262 3780 4333 ἢ

506 4379 762 4449 quopiam
797 4376 1041 4443 recipere
1069 4381 1248 4439 potest
1277 4366 1556 4434 subjectus
1590 4363 1692 4418 nisi
1725 4379 1752 4416 a
1791 4361 1920 4414 Deo.
1950 4360 2092 4425 Qua-

506 4481 730 4544 propter
765 4469 874 4521 Deo
904 4463 1258 4530 subiiciantur
1285 4501 1300 4526 ,
1334 4460 1424 4528 qui
1471 4457 1700 4524 suscipit
1725 4469 1820 4509 eos
1867 4453 1956 4522 qui
1993 4451 2092 4520 ipsi

507 4565 606 4621 soli
657 4560 1022 4631 subjiciuntur
1052 4596 1067 4620 ,
1110 4564 1165 4608 et
1215 4561 1400 4608 servat
1440 4551 1585 4620 ipsos
1611 4589 1625 4613 ,
1654 4550 1727 4602 ita
1761 4557 1818 4598 nt
1861 4545 1930 4598 ub
1957 4545 2095 4597 bane

512 4660 752 4729 ipsorum
813 4652 922 4706 Deo
969 4646 1361 4715 subjectionem
1416 4655 1446 4696 ι)
1505 4641 1653 4695 nullo
1705 4639 1939 4707 amplius
1986 4637 2097 4689 sint

512 4727 795 4798 eotiunoti.
829 4761 844 4791 ι
871 4739 1164 4806 Snseeptor
1188 4749 1360 4794 meus,
1388 4747 1492 4785 nuu
1517 4731 1776 4784 movclmr
1797 4727 2050 4796 amplius.
2075 4744 2090 4775 ι

515 4838 642 4892 Sive
671 4837 795 4906 quia
829 4842 1009 4888 motus
1039 4829 1243 4892 fuerat,
1273 4843 1338 4880 ex
1376 4839 1482 4894 quo
1520 4821 1873 4888 semetipsum
1909 4819 2098 4870 exina-

517 4931 653 4985 nivit
699 4929 926 4982 fortnam
951 4923 1098 4978 servi
1129 4921 1447 4992 accipiens,
1496 4918 1610 4972 bam
1651 4913 1804 4976 dicit,
1843 4921 2099 4977 tanquam

517 5023 610 5092 qui
641 5020 915 5090 paululum
941 5025 1246 5072 commotus
1281 5012 1447 5066 fuerit
1475 5025 1570 5078 per
1598 5007 1856 5075 exiguum
1889 5013 2102 5070 tempus

519 5130 628 5183 quo
654 5124 774 5166 erat
808 5113 859 5164 iu
903 5123 1170 5179 corpore;
1203 5107 1320 5160 sive
1352 5105 1513 5174 quia,
1547 5102 1671 5154 dum
1719 5097 1893 5151 tristis
1927 5094 2102 5147 laetus

517 5215 604 5257 est
634 5205 686 5256 in
732 5203 911 5254 anima
944 5238 960 5262 ,
991 5197 1156 5266 («epit
1187 5198 1454 5248 duntaxat
1509 5188 1821 5245 contristari
1868 5193 1921 5238 et
1967 5200 2102 5237 enu-

527 5291 730 5348 turbari
763 5289 1068 5359 paululum,
1105 5287 1255 5347 dicit,
1298 5301 1315 5334 ι
1351 5283 1465 5338 Non
1505 5280 1767 5333 movebar
1800 5274 2051 5344 atnplius.
2082 5291 2099 5325 ι

2190 4375 2297 4428 ἀπὸ
2325 4371 2482 4426 Θεοῦ.
2524 4371 2613 4424 Διὸ
2647 4369 2765 4441 Θεῷ
2799 4366 3258 4437 ὑποτασσιὺμεθα,
3288 4363 3367 4435 τῷ
3396 4362 3782 4435 ἀντιλαμϐανο-

2195 4467 2344 4539 μένῳ
2373 4465 2481 4520 τῶν
2528 4464 2678 4535 αὐτῷ
2728 4463 2873 4536 μόνῳ
2903 4459 3383 4530 ὑποτασσομένων,
3431 4459 3528 4511 καὶ
3561 4456 3782 4519 σώζοντι

2193 4571 2410 4633 αὐτοὺς,
2447 4568 2586 4623 ὥστε
2614 4568 2703 4622 διὰ
2731 4567 2829 4638 τὴν
2856 4566 2992 4638 πρὸς
3017 4564 3106 4618 τὸν
3141 4563 3273 4616 Θεὸν
3300 4561 3480 4617 αὐτῶν
3511 4556 3784 4630 ὑποταγὴν

2193 4671 2285 4725 ἐπὶ
2320 4670 2503 4724 πλεῖον
2532 4668 2822 4740 ἐστηκέναι
2868 4668 3066 4730 αὐτοὺς
3094 4663 3198 4718 ὑπὸ
3228 4662 3458 4734 μηδενὸς
3494 4655 3782 4728 σαλευομέ-

2194 4789 2338 4835 νους.
2364 4790 2381 4822 ι
2407 4769 2783 4840 ’Λντιλήπτωρ
2808 4784 2930 4839 μου,
2951 4768 3012 4820 οὑ
3046 4765 3122 4836 μὴ
3152 4762 3397 4817 σαλευθῶ
3425 4761 3519 4814 ἐπὶ
3542 4761 3739 4813 πλεῖον.
3759 4773 3776 4805 ι

2202 4869 2360 4921 Ἤτοι
2393 4869 2475 4921 ὅτι
2524 4865 2812 4936 ἐσαλεύθη,
2871 4866 2930 4930 ἐξ
2959 4857 3020 4917 οῦ
3059 4863 3252 4917 ἑαυτὸν
3294 4861 3527 4916 ἐκένωσε
3577 4857 3781 4931 μορφὴν

2198 4969 2384 5024 δούλου
2409 4968 2610 5034 λαϐὼν,
2648 4969 2820 5022 ταῦτὰ
2850 4985 3034 5038 φησιν,
3069 4967 3144 5030 ὡς
3171 4964 3351 5034 ὀλίγον
3385 4963 3667 5026 σαλευοεὶς
3703 4958 3782 5012 διὰ

2199 5071 2290 5124 τὸν
2319 5071 2498 5138 ὀλίγον
2523 5074 2580 5124 ὲν
2615 5070 2827 5141 σώματι
2867 5071 3075 5140 χρόνον·
3117 5069 3295 5120 εἴτουν
3322 5066 3620 5137 περίλυπος
3645 5061 3780 5132 γενό·

2208 5191 2366 5246 μενος
2395 5176 2492 5246 τὴν
2513 5174 2712 5247 ψυχὴν,
2742 5172 2947 5245 Ιἤρξατο
2973 5171 3133 5242 μόνον
3158 5169 3470 5232 λυπεῖσθαι,
3507 5168 3600 5220 καὶ
3632 5177 3782 5218 τετα-

2209 5277 2404 5350 ράχθαι
2434 5263 2634 5347 ὀλίγον,
2652 5277 2799 5343 λέγει
2816 5277 2896 5338 τὸ,
2916 5295 2938 5326 ι
2963 5275 3035 5327 Οὑ
3064 5272 3136 5345 μὴ
3165 5271 3408 5326 σαλευθῶ
3429 5271 3521 5323 ἐπὶ
3546 5268 3736 5322 πλεῖον.
3762 5282 3778 5314 ι

594 5432 638 5462 ⁶⁹
668 5430 802 5485 Gen.
834 5441 1022 5489 xxvut,
1050 5425 1142 5479 ευ.
1214 5423 1259 5454 ⁷⁸
1290 5422 1306 5476 l
1335 5421 1461 5475 Cor.
1491 5433 1580 5484 xv,
1606 5418 1698 5473 ιλιι.
1769 5415 1814 5446 ⁷¹
1843 5413 1984 5468 Psal.
2023 5429 2132 5478 LXI,

598 5544 900 5664 (gaiﬂiza
923 5540 1355 5610 κληρονομίαν,
1384 5547 1490 5592 ete.
1520 5538 1699 5591 Codex
1740 5534 2104 5592 Coisliniauus

524 5631 815 5672 Domnulus.

593 5686 709 5746 (97)
747 5683 901 5737 Ἐπεὶ
926 5677 1287 5749 ὧνήξίωσσ,
1323 5697 1427 5745 etc.
1468 5683 1688 5740 Sclieda:
1714 5679 1916 5742 Ct'ubit.

2285 5531 2397 5603 (98)
2433 5529 2679 5603 Ἰδιθοὺμ
2701 5527 2934 5603 apicati,
2953 5535 3058 5578 etc.
3091 5524 3313 5578 Eadem.

2282 5594 2393 5671 (99)
2419 5602 2540 5667 "lic
2561 5605 2591 5653 ὦ
2620 5594 3136 5671 τίκτοτασσόμενος,
3167 5607 3276 5649 etc.
3326 5594 3560 5648 thtlcm.

2281 5659 2358 5742 (Ι)
2379 5659 2489 5739 1Τὸ,
2521 5659 2990 5739 Dione-licetur,
3018 5659 3121 5723 clc.
3140 5668 3340 5721 Catena
3372 5659 3635 5723 Cut'det‘ii.
