4120 6212
399 287 533 342 118⁸.)

1347 266 1653 327 SELECTA
1694 265 1762 323 IN
1793 261 2136 321 PSALMOS.
2174 259 2472 317 —-'PSAI..
2511 256 2692 314 LXIII.

3512 254 3649 310 “90

391 405 490 473 οὐχ
523 401 693 462 οὕτως
715 397 949 468 ἐχόντων
970 410 983 425 °
1031 391 1163 447 ⁴ξ’)τω
1200 391 1293 446 καὶ
1327 391 1418 444 ἐπὶ
1445 390 1552 444 τῶν
1583 384 1968 459 πνευματικῶν

2083 381 2147 436 ad
2179 379 2504 450 voluptatem
2529 392 2690 448 qnam
2722 375 2808 430 illa
2838 389 2959 445 qua:
2997 389 3102 428 non
3143 380 3269 427 sunt
3317 370 3464 438 talia,
3491 370 3563 423 ita
3599 372 3650 426 in

393 493 656 558 ἀνάλογόν
687 492 836 542 ἐστιν
868 485 1168 557 ἑκατέροις.
1204 482 1314 554 Τῆς
1336 482 1514 553 ψυχῆς
1541 481 1648 553 γὰρ
1679 481 1778 550 τὴν
1807 480 1974 550 ὑπερ-

393 585 624 653 έχουσαν
671 579 876 652 τροφὴν
919 576 1074 640 εἰδὼς
1128 578 1157 629 6
1210 574 1537 646 προφήτης,
1585 573 1759 626 ταῦτά
1819 588 1972 641 φησι.

393 672 629 729 Τοιαῦτα
655 673 766 743 γὰρ
791 666 860 742 ἦν
894 669 1031 741 τάχα
1064 667 1160 722 καὶ
1193 665 1262 720 τὰ
1285 664 1424 718 κατά
1451 665 1551 736 τὴν
1580 663 1892 735 παραϐολὴν
1917 663 1976 717 ὲν

394 764 747 834 Εὐαγγελίοις
787 762 881 816 τοῦ
927 762 1128 832 μόσχου
1169 757 1263 812 τοῦ
1295 757 1562 811 σιτευτοῦ.
1597 776 1614 808 ι
1667 756 1778 810 Καὶ
1824 754 1975 826 χείλη

393 857 766 926 ἀγαλλιάσεως
799 854 1004 909 αἰνέσει
1041 852 1101 905 τὸ
1137 852 1310 922 στόμα
1356 867 1479 918 μου.
1523 867 1541 899 ι
1584 846 1908 918 Ἀμφίϐολος
1942 846 1976 917 ἡ

393 944 569 1015 λέξις·
599 949 717 1020 ἦτοι
756 947 865 1018 γὰρ
894 943 1272 1014 αίνεσθήσεται
1296 941 1358 994 τὸ
1385 940 1558 1011 στόμα
1591 957 1692 1010 μου
1735 938 1839 992 ὑπὸ
1868 953 1979 1007 χει-

394 1041 530 1094 λέων
558 1039 952 1107 ἀγαλλιάσεως,
988 1024 1424 1105 ἢάῑνεσθήσεται
1451 1031 1518 1084 τὰ
1546 1031 1697 1101 χείλη
1721 1028 1979 1098 ἀγαλλιά·

397 1149 533 1195 σεως
558 1131 665 1184 ὑπὸ
701 1130 795 1183 τοῦ
836 1127 1103 1198 στόματός
1149 1143 1272 1197 μου.
1310 1125 1500 1189 Ὅταν,
1541 1124 1696 1194 φησὶ,
1739 1121 1834 1175 τοῦ
1883 1120 1977 1175 σοῦ

391 1225 656 1297 ὀνόματος
700 1225 758 1278 ἐν
794 1225 982 1294 μνήμῃ
1035 1221 1304 1290 γένωμαι,
1346 1218 1469 1271 τότε
1509 1217 1578 1289 δὴ
1625 1217 1746 1270 τότε
1805 1217 1980 1287 χαρᾶς

344 1343 348 1347 ε
396 1318 696 1390 πληροῦται
730 1315 800 1369 τά
831 1313 987 1386 χείλη
1013 1331 1140 1379 μου.

464 1412 535 1463 El
563 1408 982 1477 ἐμνημόνευόν
1022 1421 1140 1459 σου
1172 1402 1271 1456 ἐπὶ
1325 1401 1435 1470 τῆς
1477 1398 1796 1470 στρωμνῆς
1833 1416 1979 1469 μου,

395 1514 448 1550 κ.
485 1514 535 1550 τ.
570 1497 616 1551 ὲ.
649 1495 880 1549 Πιθανὸν
908 1496 987 1556 είς
1017 1492 1242 1562 ἁγνείαν
1278 1489 1392 1561 (16)
1438 1489 1839 1563 προτρεπτικόν
1859 1506 1873 1519 ⁵
1903 1489 1982 1552 ὡς

394 1587 489 1640 τοῦ
516 1586 609 1640 ἐπὶ
635 1587 732 1655 τῆς
751 1584 1044 1656 στρωμνῆς
1075 1581 1504 1655 μνημονεύοντος
1532 1582 1639 1634 τῶν
1662 1579 1801 1634 κατά
1823 1579 1978 1644 Θεὸν,

396 1677 615 1739 πάντως
637 1675 1054 1747 καθαρεύοντος.
1097 1673 1326 1744 Ὁμοίως
1353 1673 1447 1726 καὶ
1473 1672 1554 1736 τὸ,
1588 1691 1605 1722 ι
1630 1672 1719 1723 Ἐν
1749 1667 1980 1740 δάκρυσί

2078 473 2460 544 spiritualihus
2501 469 2852 539 proportione
2897 467 3131 535 quadam
3166 464 3649 529 accidLIutrisque.

2077 565 2351 635 PrOpheta
2383 563 2553 628 enim,
2604 576 2727 617 cum
2773 558 3268 628 supereminentcm
3318 558 3512 610 aninue
3571 557 3653 609 ri-

2079 656 2204 711 bmn
2241 655 2408 723 probe
2444 662 2650 717 nosset,
2677 653 2790 707 lucc
2819 652 2969 705 dicit.
3001 648 3276 718 Ejusmodi
3313 649 3455 702 enim
3500 657 3655 702 erant

2077 749 2241 802 etiam
2275 747 2362 800 illa
2391 761 2512 816 qnze
2546 761 2643 813 per
2667 744 2976 815 parabolam
3015 744 3065 796 in
3108 742 3413 811 Evangeliis
3461 741 3658 795 haben.

2080 848 2167 895 tur
2203 840 2271 894 de
2303 839 2472 893 vitulo
2499 837 2766 905 saginata.
2792 855 2813 888 ι
2843 836 2905 890 Et
2939 836 3096 890 labiis
3120 833 3506 888 rxsultatiouis
3539 833 3655 886 Iau-

2080 932 2229 988 dahit
2259 945 2323 986 os
2353 946 2555 985 menin.
2589 947 2607 980 ο
2646 928 2911 996 Ambigua
2941 939 3023 984 est
3056 927 3108 982 in
3143 927 3332 983 Crteco
3360 925 3658 990 sententia,

2080 1031 2264 1074 ntrmn
2315 1019 2568 1074 videlicet
2613 1017 2939 1073 laudandum
2987 1017 3057 1070 sit
3107 1032 3169 1072 os
3222 1030 3454 1070 menma
3496 1014 3657 1070 labiis

2079 1111 2478 1174 exsultationis,
2516 1110 2597 1164 VeI
2638 1108 2904 1164 laudanda
2948 1108 3057 1162 sint
3105 1107 3245 1162 labia
3279 1107 3660 1164 exsultationis

2082 1204 2150 1257 ab
2178 1217 2274 1258 ore
2308 1217 2448 1256 meo.
2482 1202 2730 1268 Quando,
2765 1200 2959 1270 inquit.
3001 1216 3211 1254 memor
3240 1199 3395 1254 fuero
3426 1199 3663 1253 nominis

2084 1291 2185 1357 tui,
2221 1301 2349 1348 tunc
2393 1291 2582 1359 utique
2631 1303 2759 1344 tunc
2791 1289 2984 1359 gaudio
3019 1289 3315 1358 implentur
3345 1289 3485 1343 lahia
3521 1305 3664 1343 mea.

2155 1379 2317 1434 Vens.
2353 1382 2408 1435 7.
2444 1380 2506 1435 Si
2560 1396 2758 1434 utemur
2799 1380 2879 1447 fui
2929 1380 3007 1434 tui
3063 1398 3222 1445 super
3271 1391 3520 1443 stratum,
3550 1391 3661 1433 etc.

2083 1472 2280 1527 Idonea
2310 1457 2537 1527 monitio
2569 1471 2634 1524 ad
2667 1471 2980 1525 castitatem
3008 1489 3022 1536 ;
3055 1472 3310 1542 quoniam
3341 1472 3388 1528 is
3438 1472 3528 1541 qui
3566 1487 3660 1523 sn-

2083 1581 2179 1633 prr
2217 1575 2390 1620 strato
2451 1581 2664 1621 memor
2709 1574 2794 1621 est
2847 1579 3032 1618 rerum
3069 1565 3399 1625 divinarum,
3437 1563 3664 1617 omnino

2084 1675 2251 1729 purus
2273 1658 2352 1712 tit.
2383 1657 2574 1714 Simile
2598 1667 2683 1713 est
2707 1659 2870 1712 etiam
2901 1657 3030 1711 illud
3058 1674 3072 1712 :
3109 1675 3126 1709 ι
3158 1656 3213 1710 In
3241 1656 3500 1728 lacrymis
3529 1657 3665 1710 meis

400 1786 502 1840 μου
663 1737 955 1838 στρωμνήν
1001 1784 1103 1837 μου
1133 1737 1331 1837 β’ρέξω.
1377 1783 1395 1815 ι
1449 1764 1560 1818 Καὶ
1611 1760 1721 1832 γάρ
1750 1737 1980 1816 ἀποστε-

2085 1763 2316 1808 stratum
2354 1766 2533 1806 meum
2569 1750 2840 1821 rigaho".
2867 1768 2886 1801 ι
2923 1748 3134 1804 Etenim
3167 1746 3490 1804 defraudant
3523 1747 3668 1802 invi-

400 1861 586 1932 ροῦσιν
613 1859 878 1930 ἀλλήλους
901 1859 953 1912 οἱ
987 1857 1340 1929 σχολάζοντες
1371 1859 1435 1927 τῇ
1467 1856 1765 1927 προσευχῇ.

482 1952 827 2020 Ἐκολλήθη
863 1954 901 2020 ἡ
935 1951 1106 2021 ψυχή
1147 1969 1268 2021 μου
1311 1949 1506 2004 ὀπίσω
1548 1964 1686 2012 σου,
1731 1964 1785 2000 κ.
1837 1963 1891 2001 τ.
1932 1946 1978 1999 ἐ.

401 2045 465 2097 Εἰ
496 2046 526 2097 ὀ
556 2045 895 2115 κολλώμενος
943 2045 1056 2111 (17)
1091 2043 1169 2113 τῷ
1203 2042 1408 2114 Κυρίῳ-
1434 2041 1493 2095 ἓν
1541 2039 1761 2112 πνεῦμά
1810 2040 1981 2101 ἐστιν,

398 2136 664 2207 ἐκολλήθη
697 2135 752 2188 δὲ
773 2137 800 2188 ὁ
816 2133 981 2189 Δαυῒδ
1001 2134 1077 2205 τῷ
1094 2134 1304 2205 Κυρίῳ,
1324 2134 1432 2204 ἄρα
1453 2133 1510 2187 ἓν
1534 2133 1725 2202 γέγονε
1744 2129 1978 2202 πνεῦμα.

399 2227 625 2298 Πνεῦμα
655 2227 712 2280 δὲ
746 2228 836 2281 τὸν
874 2214 1244 2296 πνευματικὸν
1281 2225 1557 2296 ὀνομάζει,
1589 2226 1666 2288 ὡς
1699 2223 1792 2277 καὶ
1836 2225 1869 2294 ἡ
1909 2223 1984 2294 μὴ

399 2319 848 2390 περπερευομὲνη
883 2319 1072 2390 ἀγάπη
1105 2318 1195 2370 τὸν
1230 2316 1420 2388 ἔχοντα
1443 2318 1542 2388 τὴν
1561 2317 1782 2388 ἀγάπην
1806 2315 1973 2386 δηλοῖ.

399 2409 510 2461 Καὶ
530 2409 770 2478 Μωῦσῆς
796 2409 886 2461 ὅτε
918 2408 986 2461 τὰ
1019 2405 1241 2459 ὀπίσθια
1267 2401 1371 2458 εἶδε
1397 2404 1489 2459 τοῦ
1506 2404 1660 2471 Θεοῦ,
1687 2406 1808 2458 τότε
1830 2403 1983 2457 ἐκολ-

399 2497 536 2570 λήθη
573 2500 606 2569 ή
639 2499 794 2570 ψυχὴ,
819 2499 984 2553 αὑτοῦ
1019 2499 1199 2553 ὀπίσω
1231 2498 1324 2552 τοῦ
1361 2497 1521 2554 Θεοῦ.

470 2593 944 2647 Εἰσελεύσοι-ται
975 2595 1064 2658 εἰς
1100 2590 1172 2644 τὰ
1215 2590 1540 2654 κατώτατα,
1579 2607 1632 2643 κ.
1678 2607 1726 2643 τ.
1753 2589 1800 2642 ὲ.
1836 2589 1986 2658 Ὅσῳ

397 2685 574 2753 χεῖται
600 2682 712 2750 (18)
739 2684 771 2753 ὴ
800 2683 969 2735 κακία
990 2683 1155 2749 τινὸς,
1180 2683 1420 2752 τοσούτῳ
1442 2680 1736 2752 κατωτέρω
1763 2679 1987 2749 γινόμε-

394 2787 507 2835 νος,
543 2771 852 2841 εἰσέρχεται
885 2772 964 2834 είς
997 2771 1065 2825 τὰ
1095 2769 1378 2843 κατώτερα
1405 2771 1502 2841 τῆς
1537 2771 1659 2840 γῆς.
1694 2766 1986 2839 Τροπικῶς

394 2863 452 2916 δὲ
489 2883 508 2914 ι
552 2864 735 2933 χεῖρες
783 2863 1077 2932 ῥομφαίας,
1119 2882 1135 2912 ι
1164 2863 1238 2926 ὡς
1285 2865 1466 2934 χεῖρες
1510 2858 1782 2930 γλώσσης.
1819 2877 1838 2909 ι
1873 2860 1988 2912 Με-

397 2953 543 3024 ρίδες
570 2953 871 3006 ἀλωπέκων
896 2953 1128 3008 ἔσονται.
1163 2972 1180 3004 ι
1210 2954 1366 3018 Φασὶ,
1397 2954 1524 3016 τοὺς
1556 2952 1798 3015 λέοντας,
1833 2952 1982 3004 ἐπει-

393 3043 490 3097 δάν
509 3033 667 3108 τινος
700 3039 1069 3096 ἐπιλάϐωνται
1099 3043 1259 3107 ζῶον,
1295 3045 1480 3113 ῥοφεῖν
1510 3062 1569 3096 τε
1600 3044 1662 3096 τὸ
1691 3037 1852 3112 αἷμα,
1887 3041 1982 3094 καὶ

394 3105 754 3202 ἁρπακτικῶς
794 3133 993 3186 ὲσθίειν
1042 3105 1120 3185 τὸν
1151 3105 1481 3202 προσπεσὸν,
1524 3134 1620 3186 καὶ
1646 3105 1882 3203 μάλιστα
1909 3130 1978 3184 τὰ
2009 3105 2051 3161 c

394 3222 704 3293 κυριώτερα
726 3223 834 3276 τῶν
867 3221 1066 3293 μελῶν,
1091 3222 1158 3274 τὰ
1183 3224 1237 3276 δὲ
1269 3239 1332 3274 πε
1343 3223 1494 3292 ριττά
1521 3221 1974 3291 καταλιμπάνειν·

393 3311 566 3365 ταῦτα
603 3313 659 3365 δὲ
682 3314 782 3376 τὰς
807 3312 1098 3376 ἀλώπεκας
1133 3313 1397 3382 εὑρούσας
1440 3312 1672 3366 ἐσθίειν·
1725 3312 1849 3365 ἐπεὶ
1891 3306 1986 3365 οὖν

394 3402 669 3456 ἐσθίουσιν
714 3398 870 3457 αὗται
919 3404 988 3457 τά
1028 3405 1157 3476 παρ’
1189 3405 1416 3468 ἐκείνοις
1459 3405 1559 3474 ἤδη
1603 3403 1982 3475 ἀναιρεθέντα,

391 3495 552 3549 τοῦτό
584 3513 772 3566 φησιν,
820 3496 902 3548 ὅτι
929 3497 1188 3567 τιμωρίαι
1215 3497 1414 3559 αὐτοὺς
1446 3496 1692 3566 διάφοροι
1722 3495 1987 3560 διαδέξον-

391 3605 504 3652 ται,
535 3588 628 3641 καὶ
655 3588 764 3641 ἀπὸ
801 3586 1005 3640 τούτων
1027 3589 1105 3651 εἰς
1135 3589 1351 3660 ἑτέρους
1379 3587 1728 3659 ἐμπεσόντες,
1743 3587 1986 3657 διαφόρῳ

394 3683 463 3751 τῇ
495 3680 737 3752 τιμωρίᾳ
762 3680 1277 3752 περιϐληθήσονται.

475 3772 587 3826 Τοῦ
643 3773 852 3826 αὐτοῦ.
888 3774 1004 3826 Ἵνα
1035 3773 1428 3836 πιστεύσαντες
1475 3773 1588 3844 (19)
1635 3773 1986 3846 σωθῶσιντῷ

396 3864 712 3918 κατελθόντι
741 3867 822 3930 εἰς
853 3865 923 3919 τὰ
951 3864 1237 3938 κατώτερα
1275 3866 1416 3936 μέρη
1452 3866 1551 3937 τῆς
1572 3867 1698 3936 γῆς.

474 3957 584 4013 Τοῦ
613 3958 819 4014 αὑτοῦ.
861 3959 1001 4021 Τοὺς
1042 3957 1435 4029 καταχθονίους
1469 3958 1581 4029 (‘20)
1609 3959 1869 4030 δαίμονας
1890 3959 1986 4014 νῦν

395 4048 686 4115 ἀλώπεκας
713 4052 986 4123 ὀνομάζει,
1016 4046 1098 4116 οἷς
1123 4051 1216 4104 καὶ
1242 4050 1625 4124 παραδίδονται
1656 4052 1794 4125 πρὸς
1825 4052 1985 4108 κόλα-

401 4159 486 4196 σιν
509 4143 559 4197 οἱ
581 4143 812 4213 ἐπίγειοι
831 4143 1108 4214 δαίμονες.

958 4327 1249 4382 ΨΑΛΜΟΣ
1300 4327 1416 4379 EI".
1650 4323 1658 4330 ’
2013 4335 2057 4390 D

467 4417 922 4484 Είσάκουσον,ὁ
974 4417 1280 4488 Θεὸς-,τῆς
1322 4417 1535 4494 φωνῆς,
1558 4436 1699 4488 μου,
1747 4436 1798 4472 κ.
1835 4438 1885 4475 τ.
1927 4422 1976 4477 ἑ.

400 4514 559 4567 Ἐστι
601 4529 686 4575 τις
737 4510 888 4581 φωνὴ
921 4509 1032 4580 (21)
1076 4511 1303 4582 καρδίας
1349 4511 1587 4583 ἀκουστὴ
1641 4512 1788 4584 μόνῳ
1831 4513 1972 4585 Θεῷ.

402 4624 422 4658 ι
467 4603 600 4658 Ἀπὸ
631 4603 796 4672 φόϐου
825 4601 1040 4672 ἐχθροῦ,
1080 4623 1097 4654 ι
1129 4603 1248 4673 ἦτοι
1294 4604 1402 4657 ἀπὸ
1431 4605 1525 4658 τοῦ
1559 4606 1840 4674 φοϐεῖσθαι
1879 4607 1974 4661 τὸν

394 4695 610 4768 ἐχθρὸν,
639 4714 656 4745 ι
681 4692 862 4758 ἐξελοῦ
890 4692 986 4763 τὴν
1011 4693 1191 4764 ψυχήν
1218 4711 1339 4764 μου·
1374 4715 1391 4746 ι
1417 4695 1450 4766 ἢ
1478 4715 1496 4746 ι
1526 4697 1634 4750 ἀπὸ
1655 4697 1842 4768 φόϐου,
1875 4719 1894 4752 ι
1914 4698 1974 4764 ὃς

396 4785 560 4855 φόϐος
595 4784 656 4837 οὐ
691 4783 864 4853 φίλος,
892 4782 1006 4836 ἀλλ’
1051 4783 1243 4855 ἐχθρός
1287 4785 1425 4838 ἐστι.
1471 4784 1627 4850 Φίλος
1675 4787 1772 4859 μὲν
1805 4789 1836 4838 (ο
1875 4787 1971 4842 τοῦ

390 4875 528 4929 θεοῦ
563 4874 984 4945 ὲπιστημονικὸς
1028 4874 1214 4943 φόϐος,
1251 4874 1444 4946 ἐχθρὸς
1471 4875 1526 4928 δὲ
1557 4879 1586 4931 6
1617 4879 1692 4950 μὴ
1733 4880 1972 4945 τοιοῦτος

393 4968 585 5038 φόϐος·
619 4969 802 5030 ὁποῖος
821 4967 850 5018 6
882 4967 990 5020 τῶν
1018 4966 1364 5038 ἑτεροδόξων,
1389 4966 1423 5037 ἦ
1462 4968 1490 5019 6
1511 4967 1620 5021 τῶν
1646 4969 1845 5024 ὁποίων
1878 4971 1971 5044 δη·-

397 5059 618 5124 ποτοῦν,
646 5059 781 5113 ἀλλά
814 5059 966 5130 παρά
998 5059 1088 5112 τὸν
1126 5058 1280 5124 Θεὸν,
1327 5059 1708 5131 φοϐουμένων·
1736 5065 1864 5134 περὶ
1898 5057 1974 5118 ῶν

389 5151 612 5206 δύναται
637 5150 698 5205 τὸ
725 5153 782 5206 ὲν
823 5149 1018 5223 Ἡσαΐᾳ
1053 5150 1269 5223 πνεῦμα
1301 5153 1728 5224 παραστατικῶς
1758 5155 1974 5225 εἰρηκέ-

388 5263 506 5300 ναιο
545 5265 565 5298 ι
605 5245 710 5299 Τὸν
761 5245 817 5298 δὲ
873 5245 1036 5315 φόϐον
1061 5244 1244 5300 αὐτῶν
1277 5246 1338 5298 οὐ
1389 5246 1464 5317 μὴ
1516 5245 1814 5318 φοϐηθῆτε,
1861 5247 1968 5300 οὐδ’

455 5382 500 5414 ’⁷
522 5380 666 5436 Psal.
709 5396 781 5444 vr,
811 5381 864 5435 7.
940 5380 986 5411 ⁷⁸
1015 5380 1031 5433 Ι
1064 5380 1190 5438 Cur.
1221 5397 1291 5448 VI,
1319 5380 1406 5436 17.
1483 5382 1530 5414 ⁷⁸
1562 5380 1664 5437 lsa.
1701 5398 1816 5448 vnt,
1851 5383 1937 5438 l2.

456 5526 570 5594 (16)
603 5524 864 5579 Πιθανύν
886 5525 972 5590 εἷς
996 5524 1265 5589 ἁγνείαν,
1304 5534 1411 5578 rlc.
1452 5525 1656 5580 Catena
1699 5524 1972 5582 Curtlel'ii.

458 5599 570 5664 (17)
606 5600 670 5650 El
692 5600 724 5650 ό
745 5595 1146 5664 κολλώμενος,
1177 5606 1281 5649 c-tr.
1320 5596 1546 5648 Srhedse
1576 5597 1782 5652 Grabii.

461 5668 574 5734 (l8)
612 5671 776 5734 ’Ὧσῳ
799 5665 1004 5734 χεῖται,
1035 5678 1142 5719 etc.
1175 5666 1378 5719 Catena
1406 5665 1674 5720 (Iorderii.

461 5738 569 5804 (11))
601 5741 731 5795 "Ira
764 5739 1226 5802 .·ιιστεί’·σιιγτες,
1259 5749 1363 5793 ctc.
1394 5737 1575 5795 Codex
1600 5737 1968 5796 Cuiinnthtus

2085 1860 2203 1902 cem
2235 1854 2492 1899 vacantes
2518 1843 2773 1898 orationi.

2160 1935 2324 1992 Vsus.
2358 1935 2412 1989 9.
2446 1933 2683 1988 Adhmit
2717 1932 2898 1988 anima
2927 1949 3042 1988 mea
3068 1942 3185 2005 post
3211 1943 3279 2000 te,
3309 1940 3415 1989 etc.
3443 1933 3500 1988 Si
3533 1950 3553 1985 ι
3573 1933 3667 2002 qui

2087 2028 2332 2084 adlueret
2387 2027 2639 2093 Domino,
2685 2042 2824 2082 unus
2892 2026 3122 2096 spiritus
3169 2026 3383 2092 est'3,»
3437 2024 3666 2079 adhaesit

2087 2135 2216 2174 vero
2247 2117 2416 2173 David
2450 2118 2702 2181 Domino,
2749 2133 2888 2172 unus
2937 2117 3104 2188 igitur
3132 2117 3234 2171 fuit
3269 2117 3516 2188 spiritus.
3547 2117 3670 2187 Spio

2090 2213 2251 2266 litum
2281 2221 2461 2266 autem
2485 2219 2646 2266 vocat
2679 2211 2828 2265 illum
2860 2212 2950 2280 qui
2975 2211 3239 2280 spiritalis
3263 2221 3370 2277 est,
3407 2211 3670 2280 quemad-

2090 2303 2308 2357 modum
2340 2315 2393 2356 et
2425 2309 2685 2356 constans
2709 2300 2934 2355 dilectio
2957 2300 3231 2370 significat
3258 2316 3384 2356 cum
3408 2300 3499 2371 qui
3532 2300 3665 2355 cha-

2090 2397 2305 2450 ritalem
2359 2395 2542 2449 habet.
2597 2393 2811 2465 Moyses
2861 2394 3028 2448 etiam
3082 2394 3304 2462 quando
3357 2394 3664 2464 posteriora

2089 2489 2182 2543 Dei
2216 2487 2373 2551 vidit,
2411 2486 2788 2542 tuncadha‘sit
2812 2486 2994 2538 anima
3027 2485 3144 2553 ejus
3173 2495 3295 2555 post
3330 2487 3522 2541 Deum.

2159 2578 2324 2634 Vens.
2381 2581 2469 2634 10.
2517 2579 2822 2634 Inlroibunt
2873 2579 2928 2632 in
2976 2579 3253 2646 inferiora,
3300 2586 3407 2634 etc.
3457 2577 3673 2643 Quanto

2089 2671 2260 2727 fusior
2298 2670 2462 2726 fuerit
2504 2671 2712 2726 malitia
2754 2669 3009 2738 alicujus,
3047 2680 3199 2724 tanto
3238 2668 3463 2724 inferior
3489 2669 3668 2724 factus

2088 2767 2258 2820 intrat
2307 2765 2362 2819 in
2405 2763 2667 2818 inferiora
2715 2771 2898 2817 terrze.
2934 2761 3164 2832 Trepice
3213 2772 3395 2817 autem
3429 2781 3448 2814 ι
3478 2779 3672 2818 manus

2085 2857 2295 2927 gladii»
2353 2855 2632 2922 dicuntur,
2683 2857 2828 2910 sicut
2899 2869 3098 2911 manus
3161 2855 3380 2925 linguar.
3441 2855 3672 2912 «Partes

2087 2951 2328 3020 vulpium
2372 2958 2557 3005 erunt.
2580 2969 2598 3002 ι
2633 2949 2902 3014 Traduut,
2961 2949 3164 3015 leones,
3199 2950 3286 3004 ubi
3335 2949 3534 3003 animal
3570 2949 3672 3002 ali-

2087 3045 2230 3112 quod
2277 3043 2543 3112 ccpcrint,
2602 3043 2925 3113 sanguinem
2966 3057 3255 3111 exsugere,
3298 3051 3351 3095 ct
3403 3045 3674 3108 rapacitcr

2088 3133 2328 3202 praedam
2387 3134 2674 3198 devorare,
2711 3148 2777 3187 ac
2818 3133 3119 3202 prmsertim
3165 3132 3409 3186 metubra
3435 3133 3668 3201 potiora,

2086 3225 2405 3296 relinquere
2471 3241 2602 3282 vero
2667 3227 2974 3296 superﬂua;
3033 3240 3154 3295 qum
3203 3226 3400 3281 deinde
3452 3238 3668 3294 reperta

2084 3318 2279 3386 vulpes
2311 3318 2597 3373 absumant
2628 3335 2644 3374 :
2670 3335 2792 3372 cum
2828 3317 2995 3388 igitur
3020 3319 3103 3372 hac
3127 3318 3389 3372 devorent
3429 3318 3518 3371 illa
3552 3333 3672 3386 qua:

2085 3410 2152 3464 ah
2201 3411 2319 3465 istis
2353 3410 2562 3481 pridem
2609 3411 2938 3479 interempta
2963 3422 3111 3480 sunt,
3141 3412 3244 3467 hoc
3274 3411 3428 3478 dicit,
3466 3410 3581 3465 fore
3613 3419 3673 3464 ut

2084 3503 2314 3559 diverste
2371 3507 2518 3573 ipsos
2564 3520 2741 3574 poma:
2784 3507 3088 3577 excipiant.
3123 3517 3181 3561 ct
3228 3506 3356 3561 dum
3400 3521 3464 3562 ex
3502 3507 3586 3561 his
3615 3509 3669 3561 in

2085 3594 2223 3650 alias
2252 3595 2520 3664 incidunt,
2557 3597 2776 3653 diverso
2807 3598 3076 3668 supplicio
3099 3598 3428 3654 alliciantur.

2159 3777 2434 3850 Ejusdem.
2472 3780 2543 3837 Ut
2592 3779 2882 3837 credentes
2915 3780 2966 3836 ei
3012 3780 3105 3851 qui
3129 3779 3413 3836 descendit
3445 3779 3499 3836 in
3533 3779 3670 3834 infc-

2085 3871 2260 3926 riores
2293 3884 2472 3941 partes
2501 3883 2681 3935 teme,
2717 3872 2850 3928 salvi
2878 3872 3028 3928 ﬁant.

2156 3961 2437 4032 Ejusdem.
2469 3963 2668 4032 Vulpes
2698 3963 2801 4018 ltoc
2846 3963 2965 4018 loco
2997 3969 3154 4018 vocat
3185 3962 3430 4019 infernos
3464 3963 3668 4017 d;cmo-

2084 4069 2200 4119 nos,
2249 4057 2448 4125 quibus
2493 4059 2658 4111 etiam
2703 4056 2965 4128 puniendi
3013 4055 3306 4111 traduntur
3333 4057 3534 4112 terreni
3567 4055 3669 4111 dae.

2083 4162 2291 4202 IIIOIICS.

2502 4326 2665 4400 745
2698 4327 3022 4385 PSALMUS
3063 4327 3244 4384 LXIII.

2163 4419 2325 4477 Vens.
2364 4419 2421 4474 9..
2462 4419 2702 4486 Exaudi,
2753 4421 2913 4488 Deus,
2969 4439 3141 4476 vocem
3187 4437 3376 4487 meam,
3403 4430 3508 4476 etc.
3572 4419 3669 4474 Est

2085 4511 2331 4580 quaedam
2367 4525 2468 4564 vox
2500 4511 2686 4566 cordis
2719 4526 2839 4580 quae
2881 4528 2910 4565 a
2967 4512 3084 4568 Solo
3119 4511 3228 4568 Deo
3257 4511 3435 4568 audiri
3472 4513 3666 4582 possit.

2090 4620 2108 4654 ι
2134 4603 2174 4656 A
2206 4601 2397 4656 timore
2428 4601 2658 4668 inimici,
2682 4621 2700 4654 ι
2737 4603 2852 4658 sive
2883 4617 2911 4657 a
2936 4604 3176 4658 timendo
3202 4602 3480 4657 inimicum
3508 4620 3526 4653 ι
3556 4603 3655 4656 eri-

2084 4707 2150 4764 pe
2191 4692 2429 4747 animam
2478 4709 2690 4760 meam;
2720 4713 2738 4747 ι
2781 4694 2896 4750 sive
2933 4713 2952 4746 ι
2977 4710 3007 4748 a
3061 4695 3278 4757 timore,
3307 4711 3326 4744 ι
3357 4693 3448 4760 qui
3505 4692 3668 4745 timor

2081 4799 2189 4838 non
2227 4783 2460 4850 amicus,
2502 4785 2594 4840 sed
2643 4784 2899 4839 inimicus
2930 4793 3036 4838 est.
3069 4783 3294 4837 Amicus
3332 4781 3549 4850 quidem
3593 4779 3664 4834 ti-

2080 4895 2200 4934 mor
2245 4879 2338 4935 Dei
2389 4882 2628 4952 sapiens,
2675 4882 2770 4935 sed
2827 4879 3086 4934 inimicus
3126 4880 3288 4932 timor
3315 4877 3408 4949 qui
3437 4893 3543 4933 non
3579 4885 3664 4933 est

2075 4971 2422 5039 istiusmodi;
2453 4972 2629 5042 qualis
2653 4981 2736 5025 est
2768 4969 3368 5034 lteterodoxorum,sen
3404 4969 3534 5023 falsa
3563 4952 3693 5023 do-'1

2079 5063 2346 5127 centium,
2366 5061 2447 5116 vel
2476 5076 2664 5116 eorum
2689 5061 2782 5131 qui
2812 5059 3100 5129 quidlibet,
3137 5060 3230 5115 sed
3253 5068 3450 5130 pra'tcr
3468 5058 3662 5126 Deum,
3738 5126 3744 5134 I

2081 5159 2276 5212 timent
2311 5175 2323 5212 :
2353 5158 2418 5212 de
2456 5157 2654 5226 quibus
2686 5158 2790 5214 hoc
2841 5157 3046 5212 diserte
3072 5154 3313 5226 Spiritus
3351 5162 3576 5210 sanctus
3607 5152 3661 5207 in

2079 5247 2217 5304 Isaia
2234 5249 2281 5282 "
2308 5249 2514 5304 dixisse
2548 5249 2760 5319 potuit:
2787 5247 3098 5305 c'l‘ituorem
3147 5254 3333 5303 autem
3377 5258 3564 5302 eorum
3593 5259 3662 5323 ne

2121 5545 2310 5582 I'llIIIlSo

2121 5544 2310 5582 rtmns.

2083 5545 2114 5600 Ρ
2154 5601 2268 5668 (20)
2301 5595 2445 5662 Τοὺς
2479 5595 2931 5668 καταχθονίους,
2957 5607 3060 5650 etc.
3099 5596 3262 5668 Idem.

2157 5663 2268 5740 (21)
2308 5672 2478 5724 Ἔστι
2520 5685 2605 5734 τις
2632 5663 2827 5734 fateri},
2855 5680 2960 5722 ctt'.
2992 5669 3194 5722 Catena
3219 5663 3485 5722 Cot‘dcrii.
