4120 6212
397 348 424 404 ί
436 349 536 405 -ιθδ

1326 344 1639 400 SELlitZTA
1680 343 1745 397 IN
1788 337 2127 398 PSALMOS.
2168 365 2237 377 -—
2271 334 2466 390 PSAL.
2505 331 2687 388 LXIV.

3518 330 3653 391 HM

469 466 582 520 Tui}
629 464 837 518 αὐτοῦ.
890 464 1082 527 Εὖθεῖς
1130 466 1195 535 τῇ
1251 464 1449 535 καρδίᾳ
1481 462 1591 533 (30)
1622 464 1671 515 oi
1708 460 1768 525 ἐξ
1802 458 1973 514 ἐθνῶν

2150 454 2433 525 Ejusdem.
2478 452 2628 507 liccti
2681 449 2846 505 corde
2898 455 3024 501 sunt
3065 448 3116 502 hi
3165 448 3257 518 qui
3303 465 3369 503 ex
3404 450 3658 518 gentibus

395 559 782 623 πιστεύσαντες
804 575 816 587 ·
854 559 902 611 οἱ
942 557 998 609 δὲ
1032 558 1183 610 αὐτοὶ
1217 556 1310 609 καὶ
1333 556 1553 619 δίκαιοι,
1582 555 1657 617 ὼς
1689 556 1756 623 τῇ
1794 552 1975 605 πίστει

393 654 805 717 δικαιωθέντες’
840 654 1017 717 εύθεῖς
1047 653 1127 714 δὲ,
1156 651 1232 714 ὡς
1265 650 1531 721 μηδέποτε
1576 649 1643 718 τῇ
1680 646 1829 717 παρὰ
1878 642 1971 696 τοῦ

395 746 528 799 Θεοῦ
556 746 877 817 διδασκαλίᾳ
923 746 1022 817 τὴν
1058 744 1266 813 πλάνην
1303 743 1412 796 τῶν
1459 739 1692 794 εἰδώλων
1740 734 1975 808 προσμί-

395 838 605 904 ξαντες,
634 842 769 912 ὅπερ
803 839 1063 902 πολλάκις
1112 840 1160 890 οἱ
1195 836 1383 898 παῖδες
1426 834 1537 888 τῶν
1573 831 1841 886 Ἰουδαίων
1873 844 1974 880 πε-

394 931 689 1001 ποιηκότες
731 933 1032 1000 φαίνονται.
1087 923 1247 983 Οὗτοι
1282 928 1459 981 τοίνυν
1508 924 1972 997 εὐφρανθήσονται

393 1022 471 1085 ὡς
496 1023 784 1094 νήψαντες,
829 1025 923 1077 καὶ
952 1024 1050 1094 τὴν
1082 1021 1191 1075 τῶν
1233 1020 1664 1091 ρᾳθυμησάντων
1707 1016 1969 1086 κληρονο-

397 1115 525 1184 μίαν
554 1116 931 1190 κερδάναντες.

964 1296 1255 1350 ΨΑΛΜΟΣ
1292 1296 1406 1351 ΞΣ.

463 1383 566 1438 Σοί
620 1385 829 1453 πρέπει
878 1386 1150 1457 ὕμνος,ὀ
1200 1389 1368 1451 Θεὸς,
1391 1386 1461 1438 ἐν
1512 1385 1684 1447 Σιὼν,
1722 1401 1775 1435 κ.
1819 1400 1868 1435 τ.
1924 1384 1969 1434 ὲ.

396 1494 417 1527 σ
454 1476 542 1531 Ἐν
561 1475 699 1532 Σιὼν
725 1479 857 1551 (5i),
882 1500 902 1532 ι
932 1482 998 1549 τῇ
1035 1478 1342 1549 ἐπουρανίῳ
1363 1476 1584 1548 δηλαδή,
1616 1476 1861 1529 τουτέστι
1896 1474 1974 1544 τῷ

2084 549 2433 603 crediderunt
2473 568 2483 600 :
2519 545 2680 598 iidctn
2734 557 2945 610 quoque
2996 541 3127 609 justi
3159 551 3303 603 sunt,
3332 551 3513 609 utpote
3555 542 3657 593 litlc

2077 639 2394 709 jnstilieati;
2440 638 2573 691 recti
2620 650 2773 701 vero,
2805 644 2862 689 ut
2900 636 2991 703 qni
3029 634 3290 688 doctrinm
3325 634 3414 687 Dei
3449 633 3655 686 nullum

2084 732 2318 800 amplius
2353 730 2618 783 idolorum
2642 745 2884 785 errorem
2921 729 3284 796 admisceant,
3319 728 3461 798 quod
3485 727 3654 781 Judmi

2088 840 2192 877 non
2252 838 2377 877 raro
2428 822 2630 876 fecisse
2676 824 2949 876 videntur.
3006 820 3069 875 Ili
3123 822 3285 891 igitur
3336 819 3659 873 Ιιυιιιιιιιιιιιιιν

2086 926 2345 984 tanquam
2398 914 2593 981 seduli,
2641 924 2694 969 ct
2727 916 2818 985 qui
2858 915 3243 986 negligentiam
3286 912 3660 969 lucreditatem

2080 1007 2270 1061 literati
2301 1006 2429 1061 sint.

2604 1286 2922 1344 PSALMUS
2962 1286 3147 1344 LXIV.

2153 1379 2317 1433 Vens.
2352 1378 2405 1431 Ξ.
2444 1377 2512 1431 Te
2560 1379 2704 1431 decet
2745 1380 2991 1449 hymnus,
3054 1378 3227 1442 Deus,
3256 1379 3308 1433 iu
3360 1376 3511 1441 Sion,
3550 1387 3660 1437 etC.

2086 1488 2102 1519 ι
2133 1469 2187 1522 In
2224 1471 2375 1537 Sion,
2410 1490 2428 1523 ι
2458 1470 2671 1525 scilicet
2717 1472 3114 1540 snpcrccclesti,
3150 1472 3200 1527 id
3224 1482 3306 1527 cst
3342 1473 3392 1525 in
3422 1471 3659 1540 spiritali

392 1568 568 1640 νοητῷ
628 1569 1036 1640 σκοπευτηρίῳ’
1080 1571 1139 1622 ὲν
1184 1569 1294 1639 γὰρ
1347 1568 1623 1637 αἰσθητοῖς
1673 1569 1734 1620 ού
1775 1568 1973 1638 πρέπει

2081 1563 2294 1630 Specnla
2322 1580 2335 1614 :
2363 1564 2628 1631 siquidem
2672 1563 2724 1618 in
2776 1564 3126 1617 sensibilibus
3168 1580 3272 1617 non
3317 1564 3473 1617 decct
3508 1564 3661 1633 ltynt-

392 1658 563 1729 ῦμνος
603 1662 682 1730 τῷ
728 1660 880 1730 Θεῷ·
916 1660 996 1714 διὸ
1028 1662 1088 1713 οὐ
1124 1659 1405 1730 ψαλοῦμεν
1457 1658 1671 1729 σώματι
1722 1660 1754 1729 ἢ
1794 1660 1975 1729 γράμ-

396 1770 549 1824 ματι,
581 1752 718 1805 ἀλλὰ
767 1752 1062 1823 πνεύματι,
1106 1754 1200 1806 καὶ
1236 1754 1339 1805 οὐκ
1385 1752 1657 1823 αἰσθήσει,
1698 1753 1832 1805 ἀλλὰ
1872 1753 1971 1806 νοΐ.

397 1860 419 1892 ι
461 1841 571 1895 Καὶ
606 1841 690 1894 σοὶ
714 1842 1105 1912 ἀποδοθήσεται
1131 1842 1265 1912 εὐχὴ
1294 1842 1351 1896 ὲν
1392 1840 1763 1913 Ἰερουσαλὴμ,
1809 1861 1827 1892 ι
1867 1842 1975 1895 ἀπὸ

391 1931 572 1985 κοινοῦ
612 1952 630 1984 ι
681 1934 737 1986 ἐν
774 1932 942 1987 Σιών·
987 1953 1005 1985 ι
1044 1935 1176 2006 εὐχὴ
1209 1934 1266 1987 δὲ
1292 1933 1452 1987 ὁποία
1482 1935 1629 1987 ἐστὶν
1660 1935 1693 2006 ἡ
1734 1934 1827 1988 τοῦ
1862 1936 1976 1988 Να-

392 2022 655 2094 ζωραίου.

461 2112 850 2169 Είσάκουσον
872 2116 1221 2186 προσευχῆς
1241 2136 1383 2187 μου,
1407 2135 1463 2171 κ.
1497 2136 1546 2173 τ.
1576 2120 1622 2172 ἐ.
1664 2138 1681 2171 ι
1714 2118 1975 2171 Είσάκου-

393 2221 484 2256 σον
509 2205 620 2275 (3'2)
649 2207 956 2277 προσευχῆς
981 2225 1081 2278 μου
1121 2228 1139 2260 ι
1164 2211 1224 2263 ὲν
1255 2209 1414 2266 Σιών*
1450 2232 1467 2262 ι
1500 2212 1644 2283 Πρὸς
1669 2212 1727 2264 σὲ
1757 2233 1775 2263 ι
1805 2210 1861 2263 δὲ
1884 2210 1973 2264 τὸν

390 2295 544 2358 Θεὸν,
580 2297 637 2360 ὃς
672 2297 888 2368 πνεῦμα
917 2302 1109 2363 ποιεῖς,
1152 2321 1170 2352 ‹
1208 2305 1357 2355 πᾶσα
1388 2302 1523 2374 σὰρξ
1556 2301 1692 2373 ἥξει.
1739 2322 1756 2354 ι
1792 2305 1976 2357 Μετα-

391 2387 545 2439 6αλεῖ
572 2387 678 2459 γὰρ
716 2390 749 2459 ή
795 2390 1061 2462 γενομένη
1093 2392 1229 2465 σὰρξ
1272 2393 1338 2446 δι’
1367 2394 1641 2465 ἁμαρτίαν
1672 2393 1842 2467 ψυχὴ.
1880 2397 1973 2447 καὶ

388 2478 542 2533 ἔσται
570 2480 808 2552 πνεῦμα.

461 2573 640 2641 Λόγοι
670 2574 910 2643 ἀνόμων
940 2560 1505 2648 ὐπερεδυνάμωσαι·,
1542 2598 1595 2633 κ.
1634 2599 1682 2634 τ.
1720 2582 1767 2634 ὲ.
1812 2580 1973 2649 Λόγοι

389 2664 610 2735 ἀνόμων
674 2666 790 2737 (55)
856 2669 1204 2739 ἐγγενόμενοι
1275 2672 1409 2741 ἡμῖν
1472 2672 1972 2744 ὑπερεδυνάμωσαν

390 2759 561 2827 ἡμᾶς,
594 2759 660 2811 δι’
708 2760 801 2823 οὓς
833 2762 1137 2833 γεγόναμεν
1174 2765 1393 2833 σάρκες.
1441 2785 1458 2816 ι
1510 2768 1621 2820 Καὶ
1674 2770 1795 2829 ταῖς
1849 2766 1972 2819 ἀσε-

389 2848 570 2913 6είαις
599 2850 757 2921 ήμῶν
791 2854 854 2906 σὺ
887 2853 1066 2924 ίλάση.
1117 2875 1134 2907 ι
1173 2855 1275 2908 Σοῦ
1308 2856 1666 2927 ίλασκομένου
1695 2860 1814 2921 ταῖς
1843 2858 1972 2911 ἀσε-

2081 1668 2182 1706 nus
2217 1652 2384 1705 Deum
2408 1668 2423 1718 ;
2451 1653 2708 1722 quocirca
2732 1669 2838 1708 non
2875 1652 3172 1722 psallemus
3197 1668 3420 1722 corpore
3448 1662 3538 1706 ant
3574 1652 3661 1704 lit-

2081 1753 2217 1806 tera,
2247 1744 2341 1798 sed
2368 1744 2587 1811 spiritu.
2618 1754 2673 1798 et
2706 1760 2813 1799 non
2848 1759 3035 1812 sensu,
3064 1745 3156 1799 sed
3193 1755 3391 1797 mente.
3432 1761 3449 1793 ι
3472 1743 3534 1796 Et
3562 1742 3659 1795 tibi

2080 1835 2337 1887 reddetur
2379 1846 2561 1890 votum
2610 1837 2662 1891 in
2723 1836 3048 1902 Jerusalem,
3077 1856 3094 1888 ι
3150 1837 3526 1892 subaudiendo
3566 1835 3657 1889 (in

2078 1926 2234 1980 Sion.
2260 1945 2278 1976 ι
2314 1925 2512 1983 Votunt
2546 1944 2709 1999 porro
2744 1929 2906 1999 quale
2929 1938 3011 1983 est
3039 1928 3302 1983 Nazarzci.

2148 2111 2310 2167 Vens.
2334 2113 2387 2168 3.
2440 2112 2655 2166 Exaudi
2681 2113 2974 2165 orationem
3024 2128 3219 2176 nteant,
3257 2122 3365 2167 etc.
3401 2130 3418 2162 ι
3450 2111 3659 2166 Exaudi

2077 2208 2377 2259 orationem
2412 2221 2585 2261 meam
2608 2227 2625 2259 ι
2665 2206 2717 2260 in
2752 2206 2881 2261 Sion
2910 2225 2924 2263 :
2962 2225 2977 2259 ι
3007 2208 3087 2261 Ad
3130 2216 3181 2261 te
3204 2224 3225 2258 ι
3255 2216 3433 2261 autem
3466 2209 3659 2271 Dentn,

2078 2299 2168 2367 qni
2212 2298 2464 2367 Spiritum
2503 2298 2696 2363 ellicis,
2732 2317 2749 2350 ι
2782 2301 2961 2355 omnis
2993 2316 3123 2355 caro
3169 2301 3374 2355 veniet.
3402 2320 3423 2352 ι
3461 2300 3656 2354 Anima

2078 2394 2247 2455 enim,
2285 2408 2404 2460 qum
2434 2407 2530 2461 per
2554 2402 2835 2461 peccatum
2863 2408 2993 2447 caro
3028 2391 3169 2447 facta
3194 2391 3397 2458 fuerat,
3425 2392 3655 2446 mutabi-

2082 2492 2170 2537 tur
2196 2494 2248 2538 et
2276 2486 2379 2539 erit
2404 2485 2649 2553 spiritus.

2151 2574 2315 2630 Vens.
2370 2577 2428 2631 4.
2498 2575 2665 2631 Verba
2716 2578 3017 2647 iniquorum
3069 2577 3499 2646 prwvaluerunt.
3549 2589 3658 2637 ctc.

2078 2666 2255 2722 Verba
2287 2668 2595 2738 iniquorum
2635 2686 2755 2740 qua:
2807 2671 2857 2723 in
2901 2666 3058 2724 nobis
3088 2680 3212 2724 sunt
3257 2670 3662 2739 pracvalnerunt

2078 2774 2243 2829 super
2273 2775 2391 2826 nos,
2428 2762 2555 2813 dum
2611 2777 2707 2827 per
2741 2776 2803 2816 ea
2852 2776 3047 2816 carnes
3080 2762 3257 2816 ellecti
3308 2778 3514 2817 smnus.
3549 2783 3566 2815 ι
3602 2765 3667 2817 Et

2080 2850 2456 2920 itnpietatibns
2502 2854 2705 2907 nostris
2754 2861 2808 2906 ttt
2857 2854 3264 2923 propitiaberis.
3294 2872 3313 2905 ι
3348 2853 3481 2921 Nos,
3511 2857 3602 2925 qui
3633 2872 3660 2908 a

391 2942 569 3007 θείαις
610 2944 789 3014 ἡμῶν,
821 2946 929 3002 τῶν
962 2948 1067 3001 ὑπὸ
1118 2948 1291 3017 λόγων
1323 2950 1541 3020 ἀνόμων
1578 2951 1969 3023 ὑπερδυναμω-

2079 2943 2262 2999 verbis
2307 2944 2506 3014 iniquis
2547 2945 2786 3014 superati
2830 2954 2885 3000 et
2933 2962 3127 3002 carnes
3161 2947 3339 3003 cll‘ecti
3365 2963 3573 3015 smnus,
3610 2958 3663 3002 te

390 3036 612 3101 θέντων,
641 3040 735 3092 καὶ
763 3041 1069 3111 γενομένων
1100 3042 1340 3114 σαρκῶν,
1374 3044 1451 3107 ὡς
1469 3044 1625 3115 ήκειν
1657 3046 1807 3115 ἡμᾶς
1836 3047 1973 3117 πρὸς

392 3128 453 3180 σὲ
498 3130 625 3193 τοὺς
684 3132 1012 3201 γενομένους
1063 3134 1295 3204 σάρκας,
1335 3137 1662 3208 πιστεύομεν
1678 3139 1797 3203 ὅτις
1835 3137 1973 3208 πρὸς

392 3218 454 3272 σὲ
485 3222 634 3273 πᾶσα
663 3222 801 3291 σὰρξ
824 3224 963 3291 ἥξει.
1008 3243 1028 3274 ι

460 3309 786 3377 Μακάριος,
822 3310 1189 3376 ὃνέξελέξω,
1214 3332 1269 3369 κ.
1300 3332 1352 3368 τ.
1380 3317 1426 3369 ἑ.
1456 3316 1519 3369 Et
1552 3318 1821 3389 μακάριος
1839 3318 1972 3389 (54),

389 3399 451 3452 ὃν
475 3400 701 3466 ἐξελέξω
734 3404 827 3455 καὶ
883 3404 1222 3473 προσελάϐου
1243 3423 1255 3435 ⁸
1300 3408 1564 3478 μακάριοι
1599 3404 1693 3462 οὖν
1723 3409 1895 3479 ὀλίγοι
1924 3413 1973 3465 οὶ

393 3491 640 3547 ἐκλεκτοί
665 3508 678 3522 ·
717 3493 834 3546 ἀλλ’
872 3495 971 3564 οὐχ
1011 3496 1061 3548 oi
1094 3496 1278 3549 πολλοὶ
1314 3498 1473 3567 μόνον
1508 3499 1716 3571 κλητοί.
1770 3503 1832 3555 Oi
1875 3501 1973 3571 μὲν

401 3582 501 3653 γὰρ
550 3582 720 3651 ὀλίγοι
762 3586 1007 3640 ἐκλεκτοὶ
1062 3588 1355 3661 εὑρήσουσι
1402 3590 1501 3661 τὴν
1542 3591 1759 3645 αίώνιον
1806 3594 1971 3665 ζωὴν,

390 3673 712 3738 ὁδεύσαντες
754 3678 948 3748 στενὴν
978 3678 1070 3731 καὶ
1100 3680 1467 3752 τεθλιμμένην
1494 3684 1613 3736 όδδν
1656 3684 1973 3752 ἀπάγουσαν

396 3765 481 3817 ἐπ’
515 3766 716 3835 αὑτήνο
744 3767 793 3819 oi
835 3766 891 3820 δὲ
923 3768 1109 3821 πολλοὶ
1155 3770 1314 3838 μόνον
1357 3770 1567 3843 κλητοὶ,
1602 3774 1700 3844 τήν
1733 3775 1975 3843 ἀπάγου-

396 3873 497 3910 σαν
527 3857 619 3909 ἐπὶ
652 3856 749 3928 τὴν
791 3857 1067 3913 ἀπώλειαν
1114 3861 1209 3914 καὶ
1256 3861 1567 3935 εὐρύχωρον
1623 3866 1740 3919 ὁδὸν
1776 3867 1975 3921 διοδεύ-

396 3966 608 4013 σαντες,
657 3952 715 4003 ού
754 3950 1270 4021 κατασκηνώσουσιν
1319 3957 1377 4008 ὲν
1416 3960 1535 4020 ταῖς
1567 3958 1757 4023 αύλαῐς
1794 3977 1886 4013 σου
1917 3963 1974 4016 ἐν

395 4041 499 4105 σοὶ,
540 4042 661 4095 οὐδὲ
695 4043 1094 4114 πεφυτευμένοι
1124 4046 1182 4098 ἐν
1203 4045 1280 4116 τῷ
1302 4046 1437 4118 οἴκῳ
1468 4049 1561 4101 τοῦ
1584 4052 1789 4122 Κυρίου
1822 4052 1975 4119 ἐξαν-

393 4132 669 4202 θήσουσιν.
702 4130 871 4188 Λῦται
903 4134 959 4187 δὲ
999 4137 1057 4188 αἱ
1101 4136 1267 4191 πύλαι
1313 4140 1449 4192 εἰσὶν
1496 4143 1551 4194 αί
1594 4142 1786 4197 πολλαὶ
1811 4147 1869 4198 ἐν
1895 4146 1975 4217 τῷ

2078 3033 2453 3103 itnpietatibns
2505 3038 2710 3091 nostris
2766 3038 3025 3106 propitio,
3077 3039 3151 3092 ita
3204 3049 3281 3104 ut,
3336 3040 3427 3108 qui
3465 3054 3664 3094 carnes

2077 3138 2318 3187 eramus,
2354 3126 2419 3178 ad
2466 3135 2518 3181 te
2571 3128 2879 3192 veniamus,
2915 3132 3219 3196 credimus,
3246 3133 3506 3200 quoniam
3548 3151 3569 3184 ι
3593 3135 3673 3186 ad

2080 3225 2131 3269 te
2158 3216 2335 3271 omnis
2367 3230 2496 3271 caro
2520 3218 2719 3271 veniet.
2746 3237 2765 3269 ι

2152 3306 2315 3360 Vens.
2351 3305 2403 3360 5.
2439 3304 2603 3377 746
2632 3305 2847 3371 Beatus,
2877 3325 3028 3379 quem
3050 3311 3272 3381 elegisti,
3302 3320 3412 3368 etc.
3441 3311 3498 3367 Si
3524 3313 3661 3369 bea-

2080 3406 2167 3451 tus
2216 3400 2287 3451 sit
2332 3414 2493 3467 quem
2547 3399 2756 3469 elegisti
2803 3409 2857 3454 et
2911 3397 3282 3469 assumpsisti,
3317 3405 3457 3458 beati
3496 3405 3660 3475 igitur

2078 3492 2234 3561 pauci
2269 3490 2363 3560 qui
2411 3491 2569 3545 electi
2599 3509 2611 3557 ;
2646 3492 2739 3544 sed
2772 3506 2877 3544 non
2910 3490 3065 3545 multi
3120 3495 3211 3561 qui
3262 3493 3436 3549 solum
3486 3496 3662 3571 vocati

2076 3594 2203 3638 sunt
2226 3584 2292 3637 ⁸⁸.
2321 3581 2454 3636 Nam
2490 3585 2647 3653 panci
2682 3583 2755 3637 illi
2789 3582 2946 3638 electi
2996 3586 3272 3655 reperient
3306 3586 3473 3641 vitam
3502 3595 3663 3641 a'tcr-

2079 3693 2226 3742 nam,
2260 3693 2384 3731 cum
2421 3677 2671 3733 incedant
2694 3694 2790 3747 per
2822 3678 2965 3732 viam
3019 3688 3229 3733 arctam
3261 3690 3317 3734 et
3346 3692 3659 3749 angustant,

2076 3784 2197 3839 qme
2219 3768 2449 3823 ducitad
2471 3785 2611 3825 eam.
2643 3771 2795 3827 Multi
2819 3788 2966 3838 vero,
2997 3774 3087 3842 qui
3114 3772 3286 3826 solum
3307 3774 3483 3827 vocati
3509 3785 3656 3837 sunt,

2078 3876 2199 3914 cum
2237 3860 2516 3916 ambulent
2553 3878 2650 3931 per
2682 3864 2820 3917 viam
2853 3863 3020 3918 latam
3060 3879 3179 3933 qua:
3214 3864 3363 3918 ducit
3389 3866 3456 3918 ad
3486 3865 3659 3919 inter-

2078 3954 2236 4022 itum,
2282 3971 2386 4009 non
2437 3955 2761 4012 habitabant
2801 3956 2854 4011 in
2904 3958 3060 4013 atriis
3104 3958 3210 4014 tuis
3255 3959 3307 4012 in
3362 3967 3433 4024 te,
3486 3972 3661 4027 neque

2072 4049 2302 4118 plantati
2338 4048 2389 4104 in
2423 4050 2582 4105 domo
2617 4049 2827 4106 Domini
2860 4051 3221 4108 ﬂorebunt".
3243 4050 3510 4105 Ca-terutn
3532 4066 3661 4119 por-

2080 4152 2143 4196 ttc
2173 4142 2375 4205 multae.
2401 4153 2528 4197 sunt
2565 4143 2747 4199 multa:
2796 4146 2911 4199 ista:
2942 4144 3257 4200 mansiones
3303 4158 3423 4212 qum
3465 4144 3518 4196 in
3559 4142 3656 4196 dn-

393 4220 527 4291 οἴκῳ
557 4220 650 4273 τοῦ
677 4224 893 4293 Πατρὸς
919 4225 1095 4295 μοναί.
1122 4247 1138 4279 ι
1170 4228 1602 4301 Πλησθησόμεθα
1627 4234 1683 4286 ὲν
1707 4239 1817 4299 τοῖς
1843 4238 1973 4306 ἀγα-

2082 4250 2169 4287 tnn
2213 4233 2393 4289 Patris
2436 4235 2653 4290 sunt”.
2713 4236 3101 4306 «chlcbimur
3154 4236 3208 4289 in
3259 4235 3415 4289 bonis
3457 4234 3655 4287 domus

393 4313 506 4375 θοῖς
536 4313 629 4365 τοῦ
679 4316 829 4367 οἴκου
871 4333 983 4369 σου.
1023 4337 1040 4369 ι
1074 4322 1135 4374 Ui
1185 4325 1586 4395 πεφυτευμένοι
1632 4329 1690 4380 ἐν
1724 4329 1801 4398 τῷ
1842 4331 1975 4402 οἴκῳ

396 4406 622 4475 Κυρίου,
656 4407 990 4477 πλησθέντες
1036 4413 1095 4466 ὲν
1140 4418 1251 4479 τοῖς
1280 4417 1507 4486 ἀγαθοῖς
1534 4420 1720 4485 αὑτοῦ,
1749 4421 1976 4495 ἐξανθή-

394 4514 577 4551 σουσιν
610 4501 669 4552 ὲν
702 4494 790 4564 αἷς
818 4503 1233 4573 κατοικήσουσιν
1266 4508 1475 4574 αὐλαῖς.
1515 4530 1532 4562 ι
1574 4512 1759 4581 ’Ἄγιος
1788 4516 1816 4567 ὁ
1848 4515 1973 4579 ναός

395 4608 511 4654 σου,
554 4592 864 4662 θαυμαστὸς
912 4598 970 4648 ὲν
1014 4596 1350 4673 δικαιοσύνῃ.
1392 4622 1410 4653 ι
1452 4604 1512 4656 Ὀ
1559 4606 1811 4676 Χριστος,
1846 4608 1971 4673 ναὸς

392 4682 464 4734 ὢν
490 4684 583 4735 τοῦ
619 4685 830 4757 [ἰατρὸς
858 4686 952 4739 τοῦ
978 4689 1033 4741 ἐν
1060 4690 1228 4760 αὐτῷ,
1260 4694 1349 4746 καὶ
1380 4695 1532 4764 ἅγιός
1560 4699 1674 4751 ἐστι
1716 4700 1810 4753 καὶ
1843 4700 1974 4755 θαυ-

380 4776 597 4861 ςμαστὸς
633 4780 689 4830 ἐν
718 4778 1051 4852 δικαιοσύνῃ.
1100 4784 1211 4853 Οὐχ
1242 4785 1474 4855 ἁρμόζει
1508 4789 1565 4843 δὲ
1612 4791 1671 4844 τὸ
1719 4792 1975 4863 δεύτερον

377 4865 485 4935 ⁹ἐπὶ
508 4866 601 4917 τοῦ
634 4867 892 4939 αἰσθητοῦ
920 4870 1173 4939 λέγεσθαι
1205 4873 1354 4927 ναοῦ.
1392 4894 1408 4926 t
1453 4877 1514 4929 Ἦ
1554 4879 1709 4944 ἐλπὶς
1751 4883 1970 4937 πάντων

390 4954 500 5008 τῶν
535 4958 785 5027 περάτων
808 4960 907 5029 τῆς
942 4962 1065 5031 γῆς,
1100 4981 1119 5013 ι
1152 4964 1246 5017 καὶ
1272 4965 1339 5017 τὰ
1364 4964 1506 5036 ἑξῆς.
1541 4970 1604 5021 Ὃ
1633 4970 1827 5038 λέγων,
1866 4990 1971 5043 μα·-

393 5048 533 5118 κρὰν
562 5049 661 5119 τῆς
688 5051 961 5124 θαλάσσης
984 5052 1081 5118 ὢν,
1112 5059 1443 5128 προ’,;ητεύει
1475 5060 1603 5131 περὶ
1643 5061 1749 5115 τῶν
1783 5065 1841 5116 ἐν
1876 5065 1971 5118 θα-

393 5138 569 5211 λάσσῃ
606 5142 822 5214 μακρὰν
872 5144 1032 5197 αὑτοῦ
1069 5150 1517 5219 κυματουμένων,
1553 5150 1584 5221 ἢ
1615 5152 1870 5222 περὶτῶν
1912 5157 1970 5209 ὲν

392 5229 719 5299 βαθυτάταις
745 5234 915 5287 ὄντων
948 5241 1324 5307 περιστάσεσι,
1362 5242 1453 5294 καὶ
1476 5241 1772 5311 λεγόντων·
1811 5242 1973 5301 Uill-

393 5321 485 5374 θον
516 5324 596 5386 είς
620 5323 687 5377 τὰ
720 5325 857 5396 βάθη
884 5328 985 5397 τῆς
1011 5330 1307 5403 θαλάσσης.
1345 5354 1362 5385 ι

459 5417 927 5473 Ιζαταονκτινώσει
972 5421 1043 5474 ἐν
1086 5424 1213 5490 ταῖς
1258 5427 1474 5494 αὐλαῖς
1516 5430 1723 5495 αὐτοῦ,
1754 5450 1808 5486 κ.
1840 5451 1887 5488 τ.
1919 5436 1964 5488 ὲ.

2082 4338 2203 4382 tum.
2229 4346 2247 4380 ι
2281 4327 2385 4395 Qui
2433 4327 2659 4398 platttati
2693 4340 2818 4383 sunt
2859 4330 2910 4383 in
2941 4329 3103 4383 domo
3142 4327 3353 4382 Domini
3382 4336 3437 4381 et
3472 4327 3656 4380 multi-

2075 4420 2259 4489 plicati
2303 4422 2355 4473 in
2400 4421 2556 4475 bonis
2608 4420 2746 4490 ejus,
2786 4420 3127 4475 cﬂlorcsccnt
3154 4420 3204 4473 in
3243 4419 3398 4473 atriis
3426 4435 3547 4489 qua:
3577 4419 3662 4473 itt-

2084 4512 2428 4566 ltabitabunt.
2478 4513 2789 4568 «Sanctum
2835 4526 2919 4567 est
2974 4513 3230 4581 templum
3291 4525 3462 4577 tuum,
3496 4514 3660 4567 tnira-

2080 4602 2189 4657 bile
2218 4604 2272 4657 in
2310 4602 2549 4671 justitia.
2581 4622 2603 4656 ι
2632 4603 2885 4660 Christus
2918 4620 3043 4658 cum
3079 4605 3337 4674 templum
3371 4605 3443 4659 sit
3482 4602 3663 4656 Patris

2082 4694 2174 4764 qui
2215 4695 2268 4749 in
2297 4696 2417 4765 ipso
2445 4704 2553 4761 est,
2574 4706 2628 4751 ct
2655 4707 2880 4757 sanctus
2910 4706 2964 4751 et
2993 4697 3337 4751 admirabilis
3364 4696 3415 4749 in
3443 4694 3659 4762 justitia

2081 4787 2319 4842 exsistit.
2350 4787 2470 4842 Non
2525 4790 2781 4844 convenit
2824 4801 3007 4843 autem
3058 4790 3199 4843 istttd
3250 4788 3547 4842 secundum
3594 4786 3661 4840 de

2079 4879 2325 4935 sensibili
2361 4880 2564 4951 templo
2618 4882 2746 4938 dici.
2782 4882 2955 4950 «Spes
3001 4882 3247 4934 omnium
3304 4880 3493 4932 Iinium
3547 4887 3659 4931 ter-

2077 4987 2173 5039 rae,
2206 4992 2224 5025 ι
2264 4983 2370 5028 etc.
2404 4972 2532 5029 llazc
2562 4975 2767 5038 dicens,
2799 4989 2920 5028 cum
2953 4973 3137 5041 procul
3173 4974 3387 5027 abesset
3426 4987 3457 5025 ιι
3498 4973 3658 5040 mari,

2077 5066 2415 5121 Vaticinatnr
2441 5067 2508 5120 de
2537 5067 2602 5120 iis
2628 5068 2716 5134 qtti
2750 5068 2935 5135 procul
2980 5067 3049 5122 ab
3085 5067 3200 5135 ipso
3245 5075 3457 5120 stantes
3502 5063 3664 5118 undis

2079 5160 2385 5227 agitantur,
2421 5159 2504 5213 vel
2558 5160 2621 5212 de
2663 5160 2727 5214 iis
2759 5162 2850 5230 qtti
2901 5163 2953 5214 in
2980 5159 3324 5231 gravissimis
3352 5157 3661 5212 aﬂlictioni-
3740 5202 3745 5213 .

2081 5248 2181 5303 bus
2216 5258 2531 5313 versantur,
2577 5261 2739 5318 atquc
2778 5250 2964 5305 dicunt
3002 5268 3017 5305 ;
3062 5269 3079 5301 ι
3125 5248 3251 5305 Vetti
3302 5248 3357 5303 in
3409 5246 3658 5301 altitudi-

2082 5356 2204 5394 nem
2242 5341 2408 5394 maris
2432 5342 2495 5393 ⁸⁵.
2522 5361 2539 5392 ι

2150 5432 2283 5489 luto.
2320 5431 2645 5485 lultnbitubit
2701 5434 2753 5485 in
2807 5434 2959 5486 atriis
3001 5433 3128 5500 luis,
3170 5440 3274 5488 etc.
3318 5428 3531 5486 Atrium
3558 5429 3660 5483 Do-

459 5555 503 5588 ⁸¹
541 5554 726 5609 Matth.
752 5556 940 5622 xx,l6.
1014 5558 1061 5590 "
1098 5560 1242 5614 Psal.
1274 5578 1379 5627 XCI,
1415 5563 1501 5618 Η.
1573 5565 1621 5597 ⁸³
1651 5565 1810 5624 Joan.
1854 5586 1969 5640 xw,

2128 5571 2176 5604 ⁸⁸
2199 5569 2343 5625 Psal.
2388 5583 2578 5633 LXVIII,
2603 5568 2655 5621 5.

459 5674 572 5809 ὶὸυ)
599 5674 808 5739 Ειῖιθεῖς
830 5675 902 5743 τῇ
926 5678 1157 5745 παιδίᾳ.
1183 5690 1288 5731 ctr.
1324 5680 1525 5737 Catena
1556 5682 1822 5742 Cordcrii.

479 5745 570 5809 5|)
616 5746 716 5798 Ἑν
745 5746 915 5809 Σιών,
942 5763 1047 5801 ett'.
1087 5749 1304 5802 Eadem.

479 5745 570 5811 5|)
616 5746 716 5798 Ἑν
745 5746 915 5809 Σιών,
942 5763 1047 5801 ett'.
1087 5749 1304 5802 Eadem.

460 5815 991 5886 (5:3)lz‘ic‘tixcucer,
1030 5833 1137 5876 etc.
1180 5820 1403 5879 Eadem.

2148 5691 2259 5759 (33)
2288 5690 2462 5758 Λόγοι
2491 5689 2749 5757 (iratior.
2782 5699 2883 5742 etc.
2925 5691 3141 5747 l'Izulcttt.

2153 5763 2261 5832 (55)
2290 5764 2355 5816 Ei
2390 5760 2699 5830 μακάριος,
2732 5771 2835 5815 etc.
2872 5760 3087 5816 Eadettt.
