3896 6700
116 224 136 273 ὶ
1133 225 1439 282 SELECTA
1482 226 1547 280 IN
1588 226 1923 283 PSALMUS.
1966 259 2030 268 —
2071 228 2270 283 PSAI..
2302 226 2535 282 LXVIII.
3323 231 3462 284 Iiil-l

100 342 289 395 Δκού
304 361 423 417 an;
437 347 575 400 σοέ
612 364 734 417 μου,
766 346 829 399 τὰ
850 346 1031 414 ἀγαθὰ
1056 346 1153 417 τῆς
1180 347 1285 417 γῆς
1314 347 1576 414 φάγεσοε.
1600 366 1618 399 ι

1920 347 2177 401 omedctis
2207 350 2271 402 ”.
2306 368 2324 398 ι
2368 349 2572 416 Ilaptus
2596 358 2679 401 est
2708 346 2905 401 Paulus
2934 363 3105 419 usque
3126 350 3191 403 ad
3242 352 3458 405 tertimu

94 450 165 502 ἠ
235 434 337 489 δὲ
431 441 475 491 ὁ
522 438 756 501 Παῦλος
799 438 903 501 ἕως
934 437 1119 507 τρίτου
1153 437 1385 509 οὐρανοῦ
1412 478 1427 503 ,
1460 438 1559 508 ἠδη
1586 439 1632 491 ἐς

1669 440 1778 491 »τὸν
1882 436 2100 503 ςωιυηι,
2136 453 2257 491 cum
2281 437 2392 506 jam
2429 453 2486 491 se
2519 438 2627 491 Deo
2668 446 2836 493 totum
2878 440 3207 495 tradidisset.

86 526 499 592 Ξεδωκέυς
546 530 638 598 τῷ
667 529 786 599 Θεῷ

74 621 154 669 Ο
213 621 403 673 Θεό
418 643 497 687 ς,
547 622 642 675 σὺ
676 624 863 692 ἔγνως
896 623 1010 691 τὴν
1040 622 1398 690 ἀφροσύνην
1428 638 1565 686 μου,
1596 639 1612 673 2

1954 619 2119 673 Vens.
2163 619 2216 671 6.
2264 618 2403 671 Deus
2432 660 2447 682 ,
2492 629 2547 670 tu
2586 620 2691 671 scis
2740 618 3096 685 insipientiam
3150 635 3312 672 nteant
3342 660 3356 683 ,
3410 630 3458 674 et

74 710 581 777 ηιιιιέλειαί
601 730 723 780 μου
753 712 871 766 ἀπὸ
904 710 1020 765 σοῦ
1050 712 1161 763 οὐκ
1186 709 1551 776 ἑκρύϐησαν,
1582 726 1612 761 κ

1918 710 2066 764 elicta
2123 727 2238 763 mea
2291 727 2323 762 a
2373 720 2422 763 te
2468 726 2571 763 non
2627 722 2747 763 sunt
2799 713 3127 775 abscondita,
3187 722 3295 766 etc.
3343 711 3456 767 Non

99 799 475 853 πάντων
514 802 609 872 (7)
642 802 744 872 τὴν
780 799 1093 871 ἀφροσύνην
1146 796 1404 866 γινώσκει
1450 797 1604 860 Θεὸς,

1916 801 2116 855 mnium
2150 802 2513 871 insipientiam
2546 804 2823 873 cognoscit
2863 804 3024 867 Deus,
3074 805 3168 859 sed
3212 806 3330 873 ejus
3363 808 3452 876 qui

85 912 96 934 ι
151 893 603 963 γενομένου
631 894 863 963 ἄφρονος
888 891 974 944 διὰ
1003 891 1131 953 τοὺς
1156 890 1417 961 ἄφρονας,
1442 889 1536 941 καὶ
1561 906 1620 941 το

1919 893 2139 961 nsipiens
2164 892 2341 947 factus
2363 904 2445 947 est
2494 904 2713 962 propter
2756 895 3093 964 insipientes,
3137 906 3192 951 et
3221 898 3333 967 ejus
3364 902 3455 969 qui

66 981 327 1034 sévou
378 984 649 1054 ἀνόμου
674 984 761 1036 διὰ
787 985 911 1047 τοὺς
940 982 1197 1052 ἀνόμους,
1228 980 1441 1035 καὶτοῦ
1480 998 1604 1047 γενο

1917 985 2030 1039 slex
2071 984 2245 1040 Iactus
2290 994 2372 1040 est
2404 994 2623 1054 propter
2658 987 2896 1053 cxleges,
2928 997 2983 1042 et
3016 988 3131 1056 ejus
3168 995 3259 1060 qui
3301 992 3455 1047 inlir-

74 1070 381 1137 ὒενοῦς
424 1075 546 1129 διὰ
577 1076 707 1139 τοὺς
738 1075 1003 1139 ἀσθενεῖς.

1876 1089 1998 1128 mus
2034 1074 2209 1129 factus
2232 1084 2314 1129 est
2337 1082 2559 1142 propter
2594 1073 2860 1128 inﬁrmos.

100 1162 281 1217 Τοῦ
336 1165 620 1219 αὐτοῦ.
679 1165 895 1235 Ἐπειδὴ
938 1164 1381 1235 ψευδομάρτυρες
1420 1162 1493 1233 (8)
1538 1162 1638 1216 ἔστι

1944 1165 2225 1233 Ejusdem.
2270 1164 2535 1232 Quoniam
2570 1163 2690 1219 falsi
2744 1172 2909 1219 testes
2961 1176 3231 1222 steterunt
3260 1179 3452 1223 contra

81 1256 148 1306 τ’
200 1257 450 1327 ἐμοῦ,
485 1258 568 1310 σὺ
593 1251 765 1320 οἶδας,
796 1258 825 1309 6
856 1257 1009 1320 Θεὸς,
1035 1257 1087 1309 εί
1106 1256 1227 1309 τινά
1250 1272 1339 1325 μοι
1368 1256 1619 1326 πεπλημι.

1911 1271 1986 1323 te,
2023 1266 2077 1311 tu
2125 1257 2288 1321 nosti,
2333 1255 2497 1323 Deus,
2535 1273 2603 1310 an
2654 1255 2851 1311 delicta
2897 1272 3016 1311 mea
3064 1258 3245 1327 aliqua
3291 1262 3449 1315 sint:

94 1364 116 1396 ι
153 1363 174 1376 ο
226 1348 321 1399 οὐ
383 1348 537 1419 γὰρ
591 1348 662 1402 ἂν
702 1348 1014 1420 ὲκρύϐησάν
1049 1364 1149 1399 σοι.
1183 1347 1293 1399 Καὶ
1335 1346 1511 1409 ἄλλως
1554 1346 1632 1399 δέ⁴

1912 1361 2046 1417 eque
2075 1348 2219 1403 enim
2269 1349 2363 1402 tibi
2408 1347 2731 1402 abscondita
2766 1358 2912 1404 sunt.
2970 1349 3037 1404 Et
3088 1350 3450 1417 ηιξκιε-τριλο-

88 1454 129 1500 ς
176 1439 573 1511 ἡμετέρας
605 1437 896 1502 ἀνεδέξατο
924 1436 1223 1508 ἁμαρτίας,
1252 1436 1345 1488 καὶ
1380 1436 1604 1503 γέγονεν

1914 1438 2018 1491 iam
2056 1448 2277 1507 peccata
2324 1448 2507 1494 nostra
2559 1437 2675 1508 ipse
2726 1440 2988 1508 suscepit,
3046 1452 3101 1495 et
3142 1439 3315 1497 factus
3373 1454 3452 1498 est

76 1527 230 1577 ιῶν
275 1529 569 1599 κατάρα
592 1567 607 1592 ,
638 1529 734 1581 καὶ
765 1527 963 1589 ταύτας
987 1566 1000 1587 ,
1035 1528 1201 1597 φησὶ,
1229 1526 1328 1589 τὰς
1363 1525 1614 1596 πλημμεὶ

1910 1542 1966 1583 ro
1994 1529 2153 1582 nobis
2179 1529 2548 1592 maledictum,
2601 1530 2766 1583 etiam
2821 1528 2958 1594 haec,
3010 1530 3204 1601 inquit,
3254 1532 3448 1588 delicta

132 1619 343 1689 ὑπὲρ
380 1619 732 1691 ἀνθρώπων
758 1618 1117 1689 ἀνεδεξάμην,
1151 1619 1215 1671 σὺ
1248 1618 1444 1685 ἔγνως.

1869 1632 1989 1685 qum
2016 1632 2114 1686 pro
2142 1618 2458 1673 hominibus
2486 1618 2724 1685 suscepi,
2757 1625 2809 1671 tu
2839 1619 3005 1673 nosti.

119 1712 304 1763 "0n
368 1714 415 1765 ό
473 1711 673 1779 ζῆλος
704 1712 810 1765 τοῦ
840 1712 1010 1763 οἴκου
1040 1725 1155 1763 σου
1190 1708 1485 1778 κατέφαγέ
1511 1727 1609 1778 με,

1932 1708 2097 1763 Vsus.
2162 1708 2249 1764 I0.
2294 1707 2561 1773 Quoniam
2612 1708 2757 1762 zelus
2817 1710 3008 1763 domus
3066 1720 3172 1765 tua:
3219 1714 3448 1768 comedit

138 1802 581 1872 ὀνειδισμοὶ
636 1802 754 1855 τῶν
786 1800 1190 1862 ὀνειδιζόντων
1221 1817 1295 1855 σε
1320 1802 1626 1855 ἐπέπεσον
1666 1820 1676 1853 ι

1917 1816 1967 1865 e,
1987 1809 2033 1852 et
2069 1800 2348 1869 opprobria
2376 1799 2811 1867 exprobrantium
2841 1803 2935 1854 tibi
2959 1802 3259 1857 ceciderunt
3288 1821 3450 1873 super

102 1893 203 1957 ιὲ,
242 1912 321 1947 κ.
361 1912 430 1947 τ.
466 1896 521 1946 ὲ.
556 1890 727 1958 Οὗτος
757 1896 785 1946 6
816 1894 997 1964 στίχος
1029 1893 1103 1965 (9)
1138 1893 1371 1946 τέθειται
1402 1894 1461 1946 ὲν
1503 1896 1614 1956 τοῖς

1906 1907 1962 1955 re,
1996 1901 2103 1945 etc.
2142 1891 2240 1945 llic
2260 1907 2451 1945 versus
2480 1891 2687 1961 positus
2710 1900 2795 1946 est
2831 1892 2883 1947 in
2917 1893 3232 1964 Evangeliis
3264 1896 3329 1960 ",
3355 1899 3444 1952 ubi

60 1989 415 2058 ,γγελίοις
451 1990 559 2043 ἐπὶ
604 1993 717 2052 τοῖς
749 1989 1091 2059 ὲκῦληϐεἰσιν
1121 1992 1185 2041 ἐκ
1204 1988 1298 2042 τοῦ
1334 1988 1479 2059 ἱεροῦ
1509 1988 1598 2041 κολ

1908 1996 2043 2035 :rmo
2080 1992 2162 2036 est
2195 1984 2260 2036 de
2307 1982 2494 2050 ejectis
2527 1997 2557 2036 e
2596 1983 2797 2051 templo
2842 1986 3123 2054 trapezitis
3178 1997 3232 2041 et
3285 2003 3446 2042 num-

68 2140 75 2147 _
99 2086 256 2147 ταῖς
284 2084 410 2137 καὶ
437 2082 830 2153 τραπεζίταις.
859 2084 953 2144 Τὸ,
987 2102 1004 2133 ι
1042 2082 1334 2151 Κατέφαγὲ
1367 2099 1431 2151 με
1454 2121 1467 2141 ,
1514 2100 1530 2131 s
1559 2082 1587 2131 6

1904 2074 2128 2129 tutariis.
2168 2074 2325 2140 Illud,
2360 2093 2379 2125 ι
2408 2076 2642 2130 comedit
2675 2091 2781 2143 me,
2808 2095 2827 2128 ι
2872 2076 3232 2148 Symmachus
3259 2083 3442 2147 vertit,

76 2168 314 2243 μοιχος,
375 2193 399 2224 ι
444 2173 863 2235 κατανάλωσεν,
900 2192 917 2224 ι
952 2171 1233 2238 ἐξέδωκεν.

900 2192 917 2224 ι
952 2171 1233 2238 ἐξέδωκεν.
1869 2183 1887 2215 ι
1913 2166 2247 2233 consumpsit
2273 2181 2379 2220 me.
2412 2185 2428 2218 ι

66 2258 69 2261 ’
156 2266 305 2320 Τοῦ
338 2267 581 2321 αὐτοῦ.
618 2266 777 2319 Εἴποι
809 2266 854 2319 δ’
888 2265 953 2319 ἂν
980 2265 1156 2319 ταῦτα
1186 2265 1299 2335 (10)
1333 2266 1429 2318 καὶ
1472 2264 1580 2327 πᾶς

1934 2254 2210 2323 Ejusdem.
2251 2254 2442 2311 Omnis
2478 2257 2640 2310 etiam
2668 2258 2757 2327 qui
2786 2274 2884 2328 pro
2926 2260 3223 2318 Conditore
3268 2263 3444 2334 loqui-

60 2422 77 2429 κ
100 2358 180 2411 οὗ
215 2358 629 2428 Δημιουργοῦ
665 2356 838 2425 λέγων
872 2357 1009 2428 πρὸς
1052 2356 1178 2419 τοὺς
1210 2356 1598 2427 προσκόπτοντε

1906 2360 1946 2400 ll‘
1971 2346 2087 2402 hac
2120 2347 2300 2402 dicere
2336 2348 2508 2415 possit
2535 2348 2599 2402 ad
2635 2349 2998 2405 betcrodoxos
3026 2353 3114 2421 qui
3146 2352 3444 2410 Providen-

66 2444 363 2523 ίὶρονοίᾳ
388 2488 407 2512 ,
461 2448 497 2519 ἢ
552 2448 690 2519 πρὸς
723 2451 847 2512 τοὺς
896 2447 1331 2515 κακολογοῦντας
1359 2447 1452 2500 τὸν
1493 2447 1604 2499 κτίο

1906 2436 2291 2503 aedetrabunt,
2352 2439 2435 2493 vel
2486 2440 2551 2492 ad
2596 2455 2691 2494 eos
2734 2440 2827 2509 qui
2876 2442 3017 2495 male
3072 2443 3138 2498 de
3188 2445 3442 2501 Creatore

66 2544 67 2547 “
92 2537 517 2611 περοδόξους.
552 2541 665 2592 Καὶ
697 2540 928 2610 μάλιστα
958 2541 1101 2612 ὑπὲρ
1128 2539 1222 2593 τοῦ
1258 2538 1392 2592 Θεοῦ
1418 2536 1604 2602 ovum;

1900 2537 2169 2595 iquuntur.
2197 2529 2262 2582 Et
2295 2528 2532 2583 maxime
2564 2543 2684 2582 cum
2722 2545 2821 2598 pro
2844 2529 2954 2585 Deo
2983 2536 3291 2603 opprobriis
3320 2537 3438 2591 alli-

54 2618 69 2643 ί
95 2650 187 2696 »ος
211 2632 395 2699 λέγοι
427 2631 501 2684 ἄν
523 2648 536 2659 ·
583 2649 601 2679 ι
638 2632 699 2682 Οί
735 2630 1051 2701 ὀνειδισμοὶ,
1090 2652 1107 2682 ι
1138 2632 1232 2684 καὶ
1263 2630 1331 2683 τὰ
1358 2629 1504 2699 ἑξῆς.

1855 2615 2018 2682 citur,
2045 2617 2224 2671 dicere
2250 2619 2419 2684 possit
2452 2636 2462 2670 :
2498 2638 2515 2669 ‹
2537 2616 2862 2689 Opprobria,
2895 2640 2913 2672 ι
2948 2632 3054 2677 etc.

56 2730 75 2735 ”“
166 2723 300 2775 Καὶ
349 2719 780 2787 συνεκάλυψα
811 2720 881 2772 ἐν
918 2721 1168 2787 νηστείᾳ
1200 2720 1315 2787 τὴν
1352 2718 1565 2788 ψυχήν

1929 2708 2089 2762 Vsus.
2136 2709 2223 2762 II.
2272 2708 2337 2763 Et
2372 2712 2552 2777 operui
2574 2711 2626 2762 in
2646 2712 2858 2781 jejunio
2886 2714 3121 2767 animum
3155 2732 3344 2785 meum,
3387 2730 3437 2774 et

90 2813 206 2868 καὶ
262 2811 556 2881 ἐγενήθη
602 2812 689 2875 εις
722 2808 1101 2878 ὀνειδισμοὺς
1138 2810 1263 2879 ἐμοὶ
1286 2850 1301 2873 ,
1332 2828 1384 2862 κ.
1413 2828 1463 2865 τ.
1496 2811 1542 2862 ἑ.
1578 2810 1628 2863 Tt

1898 2810 2051 2852 totum
2096 2812 2171 2853 est
2200 2801 2252 2851 in
2283 2801 2619 2868 opprobrium
2651 2804 2804 2867 milii,
2837 2813 2946 2858 etc.
2983 2804 3155 2871 IIujus
3184 2807 3283 2863 loci
3319 2825 3436 2865 tne-

70 2898 152 2958 ‘Vo‘.
189 2904 467 2976 μαθηταὶ
492 2902 604 2973 (II)
635 2900 1097 2973 ἐμνήσθησαν,ὼς
1129 2904 1185 2955 ὲν
1214 2900 1292 2971 τῷ
1316 2901 1457 2954 κατὰ
1494 2902 1608 2955 Ἰωά

1894 2890 2127 2946 tiuerunt
2187 2893 2454 2962 discipuli,
2511 2896 2967 2961 quemadmodum
3030 2898 3083 2952 in
3142 2899 3432 2971 Evangelia

60 2992 73 3021 λ
96 2998 459 3067 γέγραπται
481 3012 493 3024 ·
540 3014 557 3045 ι
597 2994 706 3047 Καὶ
731 2992 1077 3061 συνεκάλυψα
1111 2996 1169 3047 ὲν
1193 2993 1416 3063 νηστεία
1439 2993 1537 3062 τὴν
1566 2992 1598 3060 ψ

1895 2982 2146 3036 :cundum
2178 2980 2444 3036 Joannem
2500 2985 2764 3053 scriptum
2806 2996 2930 3039 est:
2971 3005 2989 3037 ι
3022 2986 3083 3041 Ει
3142 2994 3333 3060 Operui
3382 2995 3433 3049 in

120 3104 232 3156 μου
257 3126 274 3149 ,
310 3087 417 3138 καὶ
466 3082 697 3153 ἐγενήθη
732 3085 812 3145 είς
843 3082 1180 3151 ὀνειδισμοὺς
1211 3082 1369 3151 ἐμοὶ,
1410 3082 1505 3133 καὶ
1542 3081 1598 3133 ὲθ

1891 3072 2046 3142 junio
2077 3074 2315 3127 animam
2346 3088 2617 3139 meam,et
2647 3079 2850 3134 factum
2883 3088 2968 3134 est
3002 3082 3053 3134 in
3080 3084 3429 3149 opprobrium

115 3178 185 3229 τὸ
223 3175 453 3243 ἕνδυμά
485 3191 585 3243 μου
623 3173 846 3237 σάκκον,
888 3173 981 3224 καὶ
1011 3173 1277 3243 ἐγενόμην
1320 3172 1503 3233 αὐτοῖς
1532 3173 1598 3231 εἰς

1894 3166 2001 3231 ιίιιί,
2022 3175 2074 3219 et
2105 3165 2257 3234 posui
2286 3168 2668 3223 vestimentum
2690 3185 2865 3225 meum
2896 3171 3158 3238 ciliciutn,
3184 3175 3432 3230 etractus

75 3274 91 3303 ί
129 3267 409 3339 ραὸολήν.
447 3287 465 3319 s

1847 3272 1964 3311 sum
1997 3258 2099 3312 illis
2130 3258 2182 3311 in
2217 3257 2551 3325 parabolam.
2580 3277 2595 3310 ι

207 3360 330 3415 Τοῦ
366 3358 575 3412 αὐτοῦ.
607 3358 889 3427 Κάλυμμα
931 3357 1030 3427 τῆς
1073 3356 1250 3426 ψυχῆς
1280 3356 1392 3426 (12)
1438 3357 1470 3425 ἡ
1519 3354 1741 3423 νηστεία

1916 3348 2192 3417 Ejusdem.
2224 3348 2630 3419 Operimentum
2662 3352 2857 3407 anima:
2883 3353 3144 3424 jejuniqu
3182 3367 3261 3411 est
3288 3362 3427 3428 quod

56 3448 75 3493 4
130 3446 471 3517 κρύπτουσα
497 3446 563 3498 τὰ
596 3446 741 3515 πάθη
774 3445 945 3514 αὐτῆς
970 3487 983 3509 ,
1013 3446 1291 3497 τουτέστιν
1319 3443 1594 3513 ἐπιθυμίαε

1887 3438 1961 3502 ius
2009 3440 2248 3495 occultat
2306 3440 2577 3508 allectus,
2638 3444 2740 3498 hoc
2796 3455 2877 3500 est
2934 3449 3425 3517 concupiscentiam

51 3540 75 3587 ζ
135 3538 318 3610 σχρὲν
346 3580 361 3603 ,
397 3539 493 3591 καὶ
530 3537 698 3608 Θυμὸν
746 3536 958 3603 ἄλογον.
1006 3537 1062 3587 Ὀ
1102 3537 1281 3589 τοίνυν
1339 3536 1414 3605 μὴ
1464 3550 1589 3604 νηστ

1888 3546 2079 3601 trpem,
2132 3541 2186 3585 et
2239 3531 2477 3587 furorem
2531 3534 2757 3588 rationis
2792 3548 3093 3605 expertem.
3145 3538 3243 3604 Qui
3296 3555 3426 3613 ergo

138 3629 279 3699 γεγὺ
288 3648 501 3699 μνωται
527 3630 667 3699 ἁσχη
676 3631 872 3700 μονῶν.

1844 3638 1946 3679 non
1967 3624 2194 3695 jcjunat,
2236 3626 2489 3680 indecore
2523 3628 2755 3682 nudatus
2790 3638 2893 3684 est.

219 3722 337 3775 Τοῦ
364 3721 565 3775 αὑτοῦ.
603 3722 791 3784 Οὐδὲν,
829 3722 983 3792 φησι,
1016 3722 1168 3788 ξένον
1204 3719 1315 3789 (15)
1347 3721 1591 3788 γέγονεν,
1620 3721 1733 3773 ἀλλ’

1912 3714 2188 3785 Ejusdem.
2221 3716 2384 3781 Nihil,
2417 3718 2621 3787 inquit,
2660 3720 2782 3773 novi
2825 3722 3057 3787 accidit,
3108 3724 3199 3777 sed
3237 3726 3330 3793 qui
3367 3728 3416 3780 in

68 3850 71 3853 »
147 3817 199 3869 οἱ
232 3818 289 3868 ὲν
318 3818 388 3885 τῇ
415 3814 618 3885 Παλαιᾷ
649 3814 1006 3877 ὀνειδίσαντες
1036 3814 1130 3867 καὶ
1164 3812 1486 3883 ὑϐρίσαντες
1520 3829 1600 3878 σε,

1886 3810 2020 3863 eteri
2074 3808 2425 3865 Testamento
2468 3811 2778 3879 opprobriis
2833 3822 2904 3877 te,
2947 3812 3088 3868 Deus
3131 3814 3316 3883 Pater,
3370 3830 3421 3871 et

56 3934 67 3961 ε
154 3908 360 3977 Πάτερ,
392 3900 530 3959 οὗτοι
553 3906 643 3958 καὶ
668 3904 811 3959 κατὰ
839 3906 934 3958 τοῦ
964 3904 1095 3957 Υίοῦ
1124 3921 1217 3956 σου
1241 3902 1375 3973 ἐμοῦ
1405 3899 1587 3974 ἦλθον.

1880 3899 2183 3954 antumeliis
2214 3899 2538 3962 aliieiebant,
2559 3902 2718 3956 iidem
2748 3911 2803 3956 et
2832 3914 3020 3957 contra
3045 3904 3241 3961 Filium
3272 3920 3418 3962 tuum

1837 4005 1924 4044 me
1947 4000 2235 4045 venerunt.

230 4089 335 4143 Kal
360 4090 445 4153 είς
463 4088 557 4156 ἐμὲ
572 4090 849 4156 ἔψαλλον
863 4092 916 4141 οἱ
936 4088 1215 4151 πίνοντες
1235 4086 1342 4139 τὸν
1357 4082 1544 4152 οἶνον,
1565 4089 1726 4141 κ.τ.ὲ.

1910 4084 2075 4138 Vsus.
2116 4084 2204 4138 I5.
2233 4083 2297 4137 Et
2322 4084 2377 4137 in
2402 4101 2481 4138 me
2504 4084 2797 4153 psallebant
2828 4089 2919 4157 qui
2950 4088 3189 4143 bibebant
3215 4093 3413 4157 vinum,

51 4212 63 4243 ῃ
159 4174 329 4243 Οὗτος
360 4182 389 4231 6
417 4176 543 4241 οἶνος
567 4181 675 4246 (Μ)
706 4180 876 4251 θυμός
905 4179 1020 4232 ἐστι
1044 4178 1151 4231 τῶν
1180 4178 1509 4248 δρακόντων.

1315 4178 1509 4233 ίόντων.
1834 4184 1939 4230 etc.
1968 4175 2081 4230 IIoc
2112 4176 2296 4229 vinum
2322 4175 2393 4231 fel
2421 4186 2504 4230 est
2534 4177 2853 4231 draconum.

238 4271 438 4326 Σῶσόν
450 4288 515 4338 με
539 4270 651 4324 ἀπὸ
671 4272 891 4338 πηλοῦ,
914 4272 1014 4324 ἵνα
1028 4270 1114 4339 μὴ
1132 4269 1373 4339 ἑμπαγῶ
1394 4287 1407 4300 °
1434 4272 1730 4339 ρυσθείην

1904 4267 2086 4322 Vens."
2115 4267 2201 4321 I5.
2230 4266 2391 4337 757
2422 4266 2583 4335 Eripe
2607 4284 2687 4321 me
2710 4273 2774 4322 de
2810 4270 2922 4323 luto
2956 4282 3010 4323 ut
3049 4289 3151 4327 non
3178 4274 3306 4341 iuﬁn

53 4396 67 4421 ι,
167 4364 234 4416 ἐκ
280 4361 396 4413 τῶν
420 4362 743 4429 μισούντων
768 4378 866 4429 με,
911 4362 1009 4414 καὶ
1056 4362 1125 4414 ἐκ
1173 4361 1279 4414 τοῦ
1324 4360 1559 4426 βάθους

1681 4381 1725 4416 ,ν
1755 4389 1800 4443 D
1828 4358 1992 4411 libera
2017 4374 2095 4412 me
2130 4359 2194 4411 ab
2234 4360 2300 4411 iis
2336 4359 2425 4427 qui
2448 4358 2671 4412 oderunt
2702 4376 2781 4413 me
2804 4370 2853 4414 et
2877 4362 2941 4415 de
2957 4364 3219 4432 profundo

53 4482 67 4515 ;
175 4453 415 4513 ὑδάτων.
439 4469 486 4505 κ.
512 4470 556 4504 τ.
584 4454 627 4504 ἐ.
661 4453 869 4515 Σκοπὸς
897 4454 995 4523 οὐχ
1042 4456 1071 4506 6
1113 4451 1289 4521 τυγὼν
1335 4452 1446 4522 (15)
1494 4453 1591 4505 ἀλλ

1613 4471 1724 4523 Wo.
1830 4465 1970 4510 rum,
2013 4458 2118 4503 etc.
2156 4447 2444 4518 Allegoriis
2489 4463 2760 4518 exponere
2801 4467 2922 4521 qum
2966 4453 3151 4508 Salva'

177 4546 334 4618 ρῆσαι
360 4544 423 4597 τὰ
451 4545 793 4615 γεγραμμένα
823 4546 915 4597 ἐπὶ
938 4545 1031 4597 τοῦ
1069 4546 1320 4615 Σωτῆρος
1368 4544 1524 4615 ἡμῶν
1562 4562 1715 4614 γεγο-

1562 4562 1721 4614 γεγο-
1833 4546 2049 4602 nerunt,
2101 4552 2202 4591 non
2255 4538 2478 4609 vulgare
2538 4549 2621 4594 est
2678 4543 2992 4598 consilium.
3035 4545 3072 4597 P

179 4635 315 4688 νότα.
340 4630 490 4704 Οἶμαι
517 4635 569 4688 δὲ
614 4634 785 4687 ταῦτα
825 4636 1001 4687 πάντα
1042 4635 1133 4687 ἐπὶ
1159 4638 1226 4705 τῇ
1266 4637 1322 4688 ὲν
1356 4634 1483 4705 ᾅδου
1525 4635 1717 4706 πορείᾳ

1422 4652 1483 4688 ου
1525 4635 1722 4706 πορείᾳ
1833 4631 1948 4685 Ιιωο
1977 4630 2158 4685 omnia
2194 4632 2364 4701 accipi
2404 4633 2471 4688 de
2530 4635 2795 4691 descensu
2842 4636 2960 4705 ejus

180 4723 401 4793 λαμϐάνε
410 4722 532 4776 σθαι.

252 4815 354 4870 Τοῦ
392 4815 573 4870 αὐτοῦ.
618 4815 788 4879 Βάθος
818 4814 1024 4868 ὑδάτων
1057 4812 1168 4885 (16)
1201 4814 1347 4866 ἐστὶν
1373 4818 1453 4877 είς
1482 4814 1510 4867 ὂ
1545 4815 1720 4883 γίνον-

1282 4814 1347 4866 τὶν
1373 4818 1453 4877 είς
1482 4814 1510 4867 ὃ
1545 4815 1720 4883 γίνον-
1898 4811 2173 4884 Ejusdem.
2213 4815 2545 4872 Profundum
2575 4832 2820 4887 aquarur

256 4955 294 4986 ‘7
320 4951 432 5008 Isai.
460 4970 494 5020 ι,
522 4955 603 5010 l9.
681 4955 723 4986 ’⁸
746 4952 904 5010 Joan.
950 4970 1011 5020 II,
1044 4955 1132 5011 I7.

262 5095 423 5174 (_7)_0_b
474 5096 715 5174 miram,
768 5108 873 5157 etc.
929 5099 1157 5157 Schedze
1203 5100 1390 5155 Grabii
1444 5109 1497 5155 et
1542 5100 1712 5156 codex

1030 5101 1157 5156 tedze
1203 5100 1390 5155 Grabii
1444 5109 1497 5155 et
1542 5100 1712 5156 codex
1894 5101 2007 5174 (12)
2039 5101 2334 5174 Κάλυμμιι
2362 5099 2473 5169 τῆς
2500 5104 2568 5169 ψ’

203 5166 521 5223 Coislinianus
542 5170 763 5235 primus.
1821 5180 1875 5227 et
1902 5166 2074 5226 codex
2107 5166 2474 5225 Coisl'inianus

261 5240 327 5307 (8)
366 5238 558 5306 Ἐπειδὴ
588 5238 1094 5310 ψευδομάρτυρες,
1145 5248 1254 5297 etc.
1288 5239 1467 5295 Codex
1522 5239 1715 5294 Coisli-

894 5257 1094 5310 ιτυρες,
1145 5248 1254 5297 etc.
1288 5239 1467 5295 Codex
1522 5239 1715 5294 Coisli-
1889 5240 2004 5311 (I3)
2043 5240 2254 5305 Οὐδὲν,
2285 5242 2432 5310 φησι

207 5311 375 5364 nianus
400 5311 648 5363 secundus.
1818 5326 1921 5365 nus
1945 5314 2239 5365 secundus.

264 5379 328 5449 (9)
347 5374 499 5442 Οὗτος
530 5382 558 5431 ὀ
592 5379 821 5451 στίχος,
853 5390 964 5435 etc.
997 5381 1181 5437 Codex
1209 5380 1578 5435 Coislinianus
1602 5380 1714 5451 pri-

746 5397 821 5445 Ως,
853 5390 964 5435 etc.
997 5381 1181 5437 Codex
1209 5380 1578 5435 Coislinianus
1602 5380 1714 5451 pri-
1890 5380 2003 5449 (II)
2038 5376 2227 5446 Οὗτος
2253 5384 2284 5434 ό

205 5466 324 5510 mus,
352 5459 397 5502 et
422 5452 595 5501 St'ltCtIiB
623 5449 834 5503 Grabii.
1605 5449 1614 5451 ⁷
1820 5465 1959 5511 mus,
1991 5459 2047 5503 et
2083 5450 2246 5503 sched

261 5519 356 5588 lIO)
378 5518 517 5572 Εἴποι
552 5518 594 5570 δ’
641 5518 716 5571 ἂν
746 5520 952 5583 ταῦτα,
985 5529 1095 5575 etc.
1129 5520 1310 5575 Codex
1341 5517 1708 5575 Coislinianus

654 5518 716 5571 ir
746 5520 952 5583 ταῦτα,
985 5529 1095 5575 etc.
1129 5520 1310 5575 Codex
1341 5517 1708 5575 Coislinianus
1890 5520 2002 5587 (15)
2038 5522 2192 5572 Σκοπ

210 5590 451 5642 secundus.
1819 5590 2071 5644 linianus.

265 5659 358 5728 lli)
392 5658 534 5713 Τοῦτο
564 5660 614 5709 oi
656 5660 916 5725 μαθηταί
925 5701 937 5720 ,
963 5670 1069 5713 etc.
1100 5657 1263 5711 Idem.

470 5754 712 5812 PATROL.
758 5754 871 5812 Gn.
908 5754 1045 5814 XII.

1249 6192 1595 6414 Ἰπ

47 6173 532 6690 r
