  <div class='ocr_page' id='page_1' title='image "/cluster/home/n/w/nwhite01/storage/ocr_20150623/12/hvd.32044052796216/775.png"; bbox 0 0 4120 6212; ppageno 0'>
   <div class='ocr_carea' id='block_1_1' title="bbox 497 273 638 328">
    <p class='ocr_par' dir='ltr' id='par_1_1' title="bbox 497 273 638 328">
     <span class='ocr_line' id='line_1_1' title="bbox 497 273 638 328; baseline -0.007 0"><span class='ocrx_word' id='word_1_1' title='bbox 497 273 638 328; x_wconf 73' lang='grc'>1559</span> 
     </span>
    </p>
   </div>
   <div class='ocr_carea' id='block_1_2' title="bbox 1850 263 2276 321">
    <p class='ocr_par' dir='ltr' id='par_1_2' title="bbox 1850 263 2276 321">
     <span class='ocr_line' id='line_1_2' title="bbox 1850 263 2276 321; baseline -0.005 -1"><span class='ocrx_word' id='word_1_2' title='bbox 1850 265 1941 321; x_wconf 79' lang='lat' dir='ltr'><strong>EX</strong></span> <span class='ocrx_word' id='word_1_3' title='bbox 1974 263 2276 321; x_wconf 81' lang='lat' dir='ltr'><strong>ORIGENE</strong></span> 
     </span>
    </p>
   </div>
   <div class='ocr_carea' id='block_1_3' title="bbox 3632 265 3778 319">
    <p class='ocr_par' dir='ltr' id='par_1_3' title="bbox 3632 265 3778 319">
     <span class='ocr_line' id='line_1_3' title="bbox 3632 265 3778 319; baseline 0 -1"><span class='ocrx_word' id='word_1_4' title='bbox 3632 265 3778 319; x_wconf 68' lang='lat' dir='ltr'><strong>15M!</strong></span> 
     </span>
    </p>
   </div>
   <div class='ocr_carea' id='block_1_4' title="bbox 569 380 2085 460">
    <p class='ocr_par' dir='ltr' id='par_1_4' title="bbox 569 389 2076 460">
     <span class='ocr_line' id='line_1_4' title="bbox 569 389 2076 460; baseline -0.003 -15"><span class='ocrx_word' id='word_1_5' title='bbox 569 391 734 446; x_wconf 68' lang='lat' dir='ltr'><strong>Vens.</strong></span> <span class='ocrx_word' id='word_1_6' title='bbox 766 390 819 447; x_wconf 85' lang='lat'><strong>6.</strong></span> <span class='ocrx_word' id='word_1_7' title='bbox 862 390 1101 460; x_wconf 69' lang='lat' dir='ltr'><strong>Cogitaui</strong></span> <span class='ocrx_word' id='word_1_8' title='bbox 1136 390 1247 443; x_wconf 80' lang='lat' dir='ltr'><strong>dies</strong></span> <span class='ocrx_word' id='word_1_9' title='bbox 1280 389 1526 459; x_wconf 81' lang='lat' dir='ltr'><strong>antiquos</strong></span> <span class='ocrx_word' id='word_1_10' title='bbox 1566 398 1614 442; x_wconf 88' lang='lat' dir='ltr'><strong>et</strong></span> <span class='ocrx_word' id='word_1_11' title='bbox 1657 403 1825 442; x_wconf 85' lang='lat' dir='ltr'><strong>annos</strong></span> <span class='ocrx_word' id='word_1_12' title='bbox 1853 397 2076 442; x_wconf 80' lang='lat' dir='ltr'><strong>(eternos</strong></span> 
     </span>
    </p>
   </div>
   <div class='ocr_carea' id='block_1_5' title="bbox 2178 380 3777 460">
    <p class='ocr_par' dir='ltr' id='par_1_5' title="bbox 2250 380 3777 452">
     <span class='ocr_line' id='line_1_5' title="bbox 2250 380 3777 452; baseline -0.001 -16"><span class='ocrx_word' id='word_1_13' title='bbox 2250 380 2684 452; x_wconf 67' lang='grc' dir='ltr'>Διελογισάμην</span> <span class='ocrx_word' id='word_1_14' title='bbox 2718 381 2942 450; x_wconf 81' lang='grc' dir='ltr'><strong>ἡμέρας</strong></span> <span class='ocrx_word' id='word_1_15' title='bbox 2978 381 3233 450; x_wconf 79' lang='grc' dir='ltr'><strong>ἀρχαίας</strong></span> <span class='ocrx_word' id='word_1_16' title='bbox 3267 399 3365 437; x_wconf 80' lang='grc' dir='ltr'><strong>και</strong></span> <span class='ocrx_word' id='word_1_17' title='bbox 3414 384 3516 450; x_wconf 75' lang='grc' dir='ltr'>ἐτη</span> <span class='ocrx_word' id='word_1_18' title='bbox 3559 382 3777 435; x_wconf 70' lang='grc' dir='ltr'>αἰώνια</span> 
     </span>
    </p>
   </div>
   <div class='ocr_carea' id='block_1_6' title="bbox 499 479 2074 547">
    <p class='ocr_par' dir='ltr' id='par_1_6' title="bbox 499 479 2074 547">
     <span class='ocr_line' id='line_1_6' title="bbox 499 479 2074 547; baseline -0.002 -12"><span class='ocrx_word' id='word_1_19' title='bbox 499 485 551 536; x_wconf 82' lang='lat' dir='ltr'><strong>in</strong></span> <span class='ocrx_word' id='word_1_20' title='bbox 574 491 746 537; x_wconf 81' lang='lat' dir='ltr'><strong>mente</strong></span> <span class='ocrx_word' id='word_1_21' title='bbox 771 483 954 547; x_wconf 83' lang='lat' dir='ltr'><strong>habui,</strong></span> <span class='ocrx_word' id='word_1_22' title='bbox 981 491 1086 536; x_wconf 83' lang='lat' dir='ltr'><strong>etc.</strong></span> <span class='ocrx_word' id='word_1_23' title='bbox 1115 481 1216 546; x_wconf 86' lang='lat' dir='ltr'><strong>Qui</strong></span> <span class='ocrx_word' id='word_1_24' title='bbox 1246 481 1449 535; x_wconf 87' lang='lat' dir='ltr'><strong>incerta</strong></span> <span class='ocrx_word' id='word_1_25' title='bbox 1472 479 1752 535; x_wconf 87' lang='lat' dir='ltr'><strong>ctoccnlta</strong></span> <span class='ocrx_word' id='word_1_26' title='bbox 1777 479 1872 534; x_wconf 87' lang='lat' dir='ltr'><strong>Dei</strong></span> <span class='ocrx_word' id='word_1_27' title='bbox 1903 481 2074 542; x_wconf 83' lang='lat' dir='ltr'><strong>novit,</strong></span> 
     </span>
    </p>
   </div>
   <div class='ocr_carea' id='block_1_7' title="bbox 495 572 2072 644">
    <p class='ocr_par' dir='ltr' id='par_1_7' title="bbox 495 572 2072 644">
     <span class='ocr_line' id='line_1_7' title="bbox 495 572 2072 644; baseline -0.001 -16"><span class='ocrx_word' id='word_1_28' title='bbox 495 574 544 628; x_wconf 87' lang='lat' dir='ltr'><strong>is</strong></span> <span class='ocrx_word' id='word_1_29' title='bbox 584 581 639 628; x_wconf 87' lang='lat' dir='ltr'><strong>et</strong></span> <span class='ocrx_word' id='word_1_30' title='bbox 683 574 1082 644; x_wconf 65' lang='lat' dir='ltr'><strong>praeteritorum</strong></span> <span class='ocrx_word' id='word_1_31' title='bbox 1129 573 1477 637; x_wconf 74' lang='lat' dir='ltr'><strong>szeculorum,</strong></span> <span class='ocrx_word' id='word_1_32' title='bbox 1530 583 1582 629; x_wconf 90' lang='lat' dir='ltr'><strong>et</strong></span> <span class='ocrx_word' id='word_1_33' title='bbox 1641 588 1828 628; x_wconf 91' lang='lat' dir='ltr'><strong>eorum</strong></span> <span class='ocrx_word' id='word_1_34' title='bbox 1877 572 1968 642; x_wconf 86' lang='lat' dir='ltr'><strong>qui</strong></span> <span class='ocrx_word' id='word_1_35' title='bbox 2020 573 2072 627; x_wconf 92' lang='lat' dir='ltr'><strong>in</strong></span> 
     </span>
    </p>
   </div>
   <div class='ocr_carea' id='block_1_8' title="bbox 495 663 2073 734">
    <p class='ocr_par' dir='ltr' id='par_1_8' title="bbox 495 663 2073 734">
     <span class='ocr_line' id='line_1_8' title="bbox 495 663 2073 734; baseline -0.002 -15"><span class='ocrx_word' id='word_1_36' title='bbox 495 663 628 732; x_wconf 83' lang='lat' dir='ltr'><strong>ipsis</strong></span> <span class='ocrx_word' id='word_1_37' title='bbox 661 674 788 718; x_wconf 84' lang='lat' dir='ltr'><strong>sunt</strong></span> <span class='ocrx_word' id='word_1_38' title='bbox 819 680 1089 720; x_wconf 83' lang='lat' dir='ltr'><strong>annorum</strong></span> <span class='ocrx_word' id='word_1_39' title='bbox 1117 706 1132 729; x_wconf 88' lang='lat'><strong>,</strong></span> <span class='ocrx_word' id='word_1_40' title='bbox 1183 681 1284 720; x_wconf 88' lang='lat' dir='ltr'><strong>nec</strong></span> <span class='ocrx_word' id='word_1_41' title='bbox 1333 681 1438 721; x_wconf 91' lang='lat' dir='ltr'><strong>non</strong></span> <span class='ocrx_word' id='word_1_42' title='bbox 1487 666 1836 734; x_wconf 89' lang='lat' dir='ltr'><strong>antiquorum</strong></span> <span class='ocrx_word' id='word_1_43' title='bbox 1863 665 2073 718; x_wconf 88' lang='lat' dir='ltr'><strong>dierum</strong></span> 
     </span>
    </p>
   </div>
   <div class='ocr_carea' id='block_1_9' title="bbox 491 755 1954 824">
    <p class='ocr_par' dir='ltr' id='par_1_9' title="bbox 491 755 1954 824">
     <span class='ocr_line' id='line_1_9' title="bbox 491 755 1954 824; baseline 0 -16"><span class='ocrx_word' id='word_1_44' title='bbox 491 769 557 808; x_wconf 85' lang='lat' dir='ltr'><strong>ex</strong></span> <span class='ocrx_word' id='word_1_45' title='bbox 593 755 793 824; x_wconf 79' lang='lat' dir='ltr'><strong>quibus</strong></span> <span class='ocrx_word' id='word_1_46' title='bbox 825 758 951 814; x_wconf 90' lang='lat' dir='ltr'><strong>anni</strong></span> <span class='ocrx_word' id='word_1_47' title='bbox 984 757 1376 821; x_wconf 87' lang='lat' dir='ltr'><strong>constiterunt,</strong></span> <span class='ocrx_word' id='word_1_48' title='bbox 1419 757 1736 811; x_wconf 87' lang='lat' dir='ltr'><strong>memoriam</strong></span> <span class='ocrx_word' id='word_1_49' title='bbox 1769 756 1954 810; x_wconf 87' lang='lat' dir='ltr'><strong>habet.</strong></span> 
     </span>
    </p>
   </div>
   <div class='ocr_carea' id='block_1_10' title="bbox 564 845 2076 909">
    <p class='ocr_par' dir='ltr' id='par_1_10' title="bbox 564 845 2076 909">
     <span class='ocr_line' id='line_1_10' title="bbox 564 845 2076 909; baseline 0.001 -12"><span class='ocrx_word' id='word_1_50' title='bbox 564 845 728 902; x_wconf 72' lang='lat' dir='ltr'><strong>Vens.</strong></span> <span class='ocrx_word' id='word_1_51' title='bbox 761 850 814 903; x_wconf 88' lang='lat'><strong>7.</strong></span> <span class='ocrx_word' id='word_1_52' title='bbox 861 847 1030 902; x_wconf 86' lang='lat' dir='ltr'><strong>Nocte</strong></span> <span class='ocrx_word' id='word_1_53' title='bbox 1075 865 1192 903; x_wconf 81' lang='lat' dir='ltr'><strong>cum</strong></span> <span class='ocrx_word' id='word_1_54' title='bbox 1249 849 1407 903; x_wconf 82' lang='lat' dir='ltr'><strong>corde</strong></span> <span class='ocrx_word' id='word_1_55' title='bbox 1453 864 1568 901; x_wconf 86' lang='lat' dir='ltr'><strong>meo</strong></span> <span class='ocrx_word' id='word_1_56' title='bbox 1612 847 1965 909; x_wconf 73' lang='lat' dir='ltr'><strong>exercitabar,</strong></span> <span class='ocrx_word' id='word_1_57' title='bbox 2025 855 2076 900; x_wconf 87' lang='lat' dir='ltr'><strong>et</strong></span> 
     </span>
    </p>
   </div>
   <div class='ocr_carea' id='block_1_11' title="bbox 492 937 2073 1008">
    <p class='ocr_par' dir='ltr' id='par_1_11' title="bbox 492 937 2073 1008">
     <span class='ocr_line' id='line_1_11' title="bbox 492 937 2073 1008; baseline 0.001 -19"><span class='ocrx_word' id='word_1_58' title='bbox 492 939 785 992; x_wconf 81' lang='lat' dir='ltr'><strong>sarriebam</strong></span> <span class='ocrx_word' id='word_1_59' title='bbox 813 940 1060 1008; x_wconf 76' lang='lat' dir='ltr'><strong>spiritum</strong></span> <span class='ocrx_word' id='word_1_60' title='bbox 1091 957 1285 1004; x_wconf 87' lang='lat' dir='ltr'><strong>meum,</strong></span> <span class='ocrx_word' id='word_1_61' title='bbox 1318 948 1426 993; x_wconf 90' lang='lat' dir='ltr'><strong>etc.</strong></span> <span class='ocrx_word' id='word_1_62' title='bbox 1463 938 1627 1004; x_wconf 82' lang='lat' dir='ltr'><strong>Quasi</strong></span> <span class='ocrx_word' id='word_1_63' title='bbox 1661 939 1868 994; x_wconf 91' lang='lat' dir='ltr'><strong>diceret</strong></span> <span class='ocrx_word' id='word_1_64' title='bbox 1897 955 1909 990; x_wconf 92' lang='lat'>:</span> <span class='ocrx_word' id='word_1_65' title='bbox 1948 937 2073 1008; x_wconf 90' lang='lat' dir='ltr'><strong>Spi-</strong></span> 
     </span>
    </p>
   </div>
   <div class='ocr_carea' id='block_1_12' title="bbox 494 1029 1289 1086">
    <p class='ocr_par' dir='ltr' id='par_1_12' title="bbox 494 1029 1289 1086">
     <span class='ocr_line' id='line_1_12' title="bbox 494 1029 1289 1086; baseline 0.003 -4"><span class='ocrx_word' id='word_1_66' title='bbox 494 1029 600 1082; x_wconf 88' lang='lat' dir='ltr'><strong>ritu</strong></span> <span class='ocrx_word' id='word_1_67' title='bbox 626 1039 680 1083; x_wconf 79' lang='lat' dir='ltr'><strong>et</strong></span> <span class='ocrx_word' id='word_1_68' title='bbox 707 1039 891 1084; x_wconf 91' lang='lat' dir='ltr'><strong>mente</strong></span> <span class='ocrx_word' id='word_1_69' title='bbox 923 1033 1289 1086; x_wconf 69' lang='lat' dir='ltr'><strong>exercitaliar.</strong></span> 
     </span>
    </p>
   </div>
   <div class='ocr_carea' id='block_1_13' title="bbox 565 1119 2077 1189">
    <p class='ocr_par' dir='ltr' id='par_1_13' title="bbox 565 1119 2077 1189">
     <span class='ocr_line' id='line_1_13' title="bbox 565 1119 2077 1189; baseline -0.001 -16"><span class='ocrx_word' id='word_1_70' title='bbox 565 1119 732 1173; x_wconf 68' lang='lat' dir='ltr'><strong>Vnus.</strong></span> <span class='ocrx_word' id='word_1_71' title='bbox 764 1119 821 1175; x_wconf 87' lang='lat'><strong>9.</strong></span> <span class='ocrx_word' id='word_1_72' title='bbox 854 1121 957 1173; x_wconf 72' lang='lat' dir='ltr'><strong>Aut</strong></span> <span class='ocrx_word' id='word_1_73' title='bbox 983 1122 1035 1173; x_wconf 86' lang='lat' dir='ltr'><strong>in</strong></span> <span class='ocrx_word' id='word_1_74' title='bbox 1061 1121 1219 1189; x_wconf 83' lang='lat' dir='ltr'><strong>finem</strong></span> <span class='ocrx_word' id='word_1_75' title='bbox 1243 1119 1659 1173; x_wconf 84' lang='lat' dir='ltr'><strong>misericordiam</strong></span> <span class='ocrx_word' id='word_1_76' title='bbox 1683 1134 1834 1172; x_wconf 86' lang='lat' dir='ltr'><strong>suam</strong></span> <span class='ocrx_word' id='word_1_77' title='bbox 1870 1119 2077 1172; x_wconf 84' lang='lat' dir='ltr'><strong>abscin-</strong></span> 
     </span>
    </p>
   </div>
   <div class='ocr_carea' id='block_1_14' title="bbox 490 1204 2073 1276">
    <p class='ocr_par' dir='ltr' id='par_1_14' title="bbox 490 1204 2073 1276">
     <span class='ocr_line' id='line_1_14' title="bbox 490 1204 2073 1276; baseline 0.002 -20"><span class='ocrx_word' id='word_1_78' title='bbox 490 1204 620 1258; x_wconf 82' lang='lat' dir='ltr'><strong>det?</strong></span> <span class='ocrx_word' id='word_1_79' title='bbox 668 1215 775 1262; x_wconf 87' lang='lat' dir='ltr'><strong>etc.</strong></span> <span class='ocrx_word' id='word_1_80' title='bbox 839 1207 961 1276; x_wconf 85' lang='lat' dir='ltr'><strong>Ipso</strong></span> <span class='ocrx_word' id='word_1_81' title='bbox 1014 1207 1172 1276; x_wconf 76' lang='lat' dir='ltr'><strong>quasi</strong></span> <span class='ocrx_word' id='word_1_82' title='bbox 1224 1208 1580 1263; x_wconf 84' lang='lat' dir='ltr'><strong>abscindente</strong></span> <span class='ocrx_word' id='word_1_83' title='bbox 1638 1206 2073 1262; x_wconf 83' lang='lat' dir='ltr'><strong>misericordiam</strong></span> 
     </span>
    </p>
   </div>
   <div class='ocr_carea' id='block_1_15' title="bbox 488 1299 2075 1364">
    <p class='ocr_par' dir='ltr' id='par_1_15' title="bbox 488 1299 2075 1364">
     <span class='ocr_line' id='line_1_15' title="bbox 488 1299 2075 1364; baseline 0.006 -16"><span class='ocrx_word' id='word_1_84' title='bbox 488 1310 641 1350; x_wconf 87' lang='lat' dir='ltr'><strong>suam</strong></span> <span class='ocrx_word' id='word_1_85' title='bbox 671 1313 699 1350; x_wconf 90' lang='lat' dir='ltr'><strong>a</strong></span> <span class='ocrx_word' id='word_1_86' title='bbox 731 1299 1034 1364; x_wconf 74' lang='lat' dir='ltr'><strong>aonnuliis,</strong></span> <span class='ocrx_word' id='word_1_87' title='bbox 1078 1300 1284 1355; x_wconf 90' lang='lat' dir='ltr'><strong>dictum</strong></span> <span class='ocrx_word' id='word_1_88' title='bbox 1326 1307 1412 1355; x_wconf 90' lang='lat' dir='ltr'><strong>est</strong></span> <span class='ocrx_word' id='word_1_89' title='bbox 1439 1300 1566 1354; x_wconf 87' lang='lat' dir='ltr'><strong>alibi</strong></span> <span class='ocrx_word' id='word_1_90' title='bbox 1597 1301 1642 1334; x_wconf 77' lang='lat'>“</span> <span class='ocrx_word' id='word_1_91' title='bbox 1671 1320 1686 1357; x_wconf 91' lang='lat'><strong>:</strong></span> <span class='ocrx_word' id='word_1_92' title='bbox 1721 1320 1740 1355; x_wconf 85' lang='grc'><em>‹</em></span> <span class='ocrx_word' id='word_1_93' title='bbox 1789 1302 2075 1358; x_wconf 72' lang='lat' dir='ltr'><strong>Prtetende</strong></span> 
     </span>
    </p>
   </div>
   <div class='ocr_carea' id='block_1_16' title="bbox 489 1387 1607 1445">
    <p class='ocr_par' dir='ltr' id='par_1_16' title="bbox 489 1387 1607 1445">
     <span class='ocr_line' id='line_1_16' title="bbox 489 1387 1607 1445; baseline 0.004 -7"><span class='ocrx_word' id='word_1_94' title='bbox 489 1387 918 1443; x_wconf 77' lang='lat' dir='ltr'><strong>misericordiam</strong></span> <span class='ocrx_word' id='word_1_95' title='bbox 963 1398 1110 1444; x_wconf 86' lang='lat' dir='ltr'><strong>tuam</strong></span> <span class='ocrx_word' id='word_1_96' title='bbox 1149 1389 1456 1445; x_wconf 77' lang='lat' dir='ltr'><strong>scientibus</strong></span> <span class='ocrx_word' id='word_1_97' title='bbox 1485 1399 1556 1445; x_wconf 84' lang='lat' dir='ltr'><strong>te.</strong></span> <span class='ocrx_word' id='word_1_98' title='bbox 1588 1409 1607 1443; x_wconf 75' lang='grc' dir='ltr'><strong>ι</strong></span> 
     </span>
    </p>
   </div>
   <div class='ocr_carea' id='block_1_17' title="bbox 561 1474 2074 1550">
    <p class='ocr_par' dir='ltr' id='par_1_17' title="bbox 561 1474 2074 1550">
     <span class='ocr_line' id='line_1_17' title="bbox 561 1474 2074 1550; baseline 0.007 -24"><span class='ocrx_word' id='word_1_99' title='bbox 561 1474 726 1531; x_wconf 77' lang='lat' dir='ltr'><strong>Vens.</strong></span> <span class='ocrx_word' id='word_1_100' title='bbox 759 1479 847 1533; x_wconf 78' lang='grc'><strong>11.</strong></span> <span class='ocrx_word' id='word_1_101' title='bbox 877 1478 944 1532; x_wconf 85' lang='lat' dir='ltr'><strong>Et</strong></span> <span class='ocrx_word' id='word_1_102' title='bbox 970 1480 1105 1545; x_wconf 68' lang='lat' dir='ltr'><strong>dixi,</strong></span> <span class='ocrx_word' id='word_1_103' title='bbox 1124 1479 1275 1534; x_wconf 84' lang='lat' dir='ltr'><strong>Nunc</strong></span> <span class='ocrx_word' id='word_1_104' title='bbox 1309 1481 1443 1550; x_wconf 72' lang='lat' dir='ltr'><strong>ccepi</strong></span> <span class='ocrx_word' id='word_1_105' title='bbox 1472 1482 1626 1536; x_wconf 78' lang='lat' dir='ltr'><strong>:hwc</strong></span> <span class='ocrx_word' id='word_1_106' title='bbox 1649 1483 1876 1536; x_wconf 89' lang='lat' dir='ltr'><strong>mutatio</strong></span> <span class='ocrx_word' id='word_1_107' title='bbox 1896 1481 2074 1536; x_wconf 75' lang='lat' dir='ltr'><strong>dexte-</strong></span> 
     </span>
    </p>
   </div>
   <div class='ocr_carea' id='block_1_18' title="bbox 487 1570 2073 1644">
    <p class='ocr_par' dir='ltr' id='par_1_18' title="bbox 487 1570 2073 1644">
     <span class='ocr_line' id='line_1_18' title="bbox 487 1570 2073 1644; baseline 0.004 -21"><span class='ocrx_word' id='word_1_108' title='bbox 487 1587 562 1625; x_wconf 71' lang='lat' dir='ltr'><strong>rae</strong></span> <span class='ocrx_word' id='word_1_109' title='bbox 585 1570 818 1636; x_wconf 78' lang='lat' dir='ltr'><strong>Excelsi,</strong></span> <span class='ocrx_word' id='word_1_110' title='bbox 850 1583 957 1627; x_wconf 93' lang='lat' dir='ltr'><strong>etc.</strong></span> <span class='ocrx_word' id='word_1_111' title='bbox 987 1572 1274 1642; x_wconf 84' lang='lat' dir='ltr'><strong>Nunquam</strong></span> <span class='ocrx_word' id='word_1_112' title='bbox 1304 1574 1490 1644; x_wconf 74' lang='lat' dir='ltr'><strong>cmpit,</strong></span> <span class='ocrx_word' id='word_1_113' title='bbox 1520 1574 1646 1629; x_wconf 89' lang='lat' dir='ltr'><strong>licet</strong></span> <span class='ocrx_word' id='word_1_114' title='bbox 1671 1573 1988 1629; x_wconf 79' lang='lat' dir='ltr'><strong>clamaverit</strong></span> <span class='ocrx_word' id='word_1_115' title='bbox 2007 1575 2073 1630; x_wconf 91' lang='lat' dir='ltr'><strong>ad</strong></span> 
     </span>
    </p>
   </div>
   <div class='ocr_carea' id='block_1_19' title="bbox 491 1663 2073 1734">
    <p class='ocr_par' dir='ltr' id='par_1_19' title="bbox 491 1663 2073 1734">
     <span class='ocr_line' id='line_1_19' title="bbox 491 1663 2073 1734; baseline 0.005 -19"><span class='ocrx_word' id='word_1_116' title='bbox 491 1663 680 1729; x_wconf 87' lang='lat' dir='ltr'><strong>Deum,</strong></span> <span class='ocrx_word' id='word_1_117' title='bbox 717 1673 772 1718; x_wconf 88' lang='lat' dir='ltr'><strong>et</strong></span> <span class='ocrx_word' id='word_1_118' title='bbox 799 1665 850 1717; x_wconf 90' lang='lat' dir='ltr'><strong>in</strong></span> <span class='ocrx_word' id='word_1_119' title='bbox 881 1665 967 1718; x_wconf 88' lang='lat' dir='ltr'><strong>die</strong></span> <span class='ocrx_word' id='word_1_120' title='bbox 1000 1664 1373 1720; x_wconf 80' lang='lat' dir='ltr'><strong>tribulationis</strong></span> <span class='ocrx_word' id='word_1_121' title='bbox 1405 1681 1528 1720; x_wconf 91' lang='lat' dir='ltr'><strong>eum</strong></span> <span class='ocrx_word' id='word_1_122' title='bbox 1579 1665 1895 1734; x_wconf 78' lang='lat' dir='ltr'><strong>exquisierit</strong></span> <span class='ocrx_word' id='word_1_123' title='bbox 1922 1706 1938 1731; x_wconf 92' lang='lat'><strong>,</strong></span> <span class='ocrx_word' id='word_1_124' title='bbox 1973 1681 2073 1723; x_wconf 86' lang='lat' dir='ltr'><strong>nec</strong></span> 
     </span>
    </p>
   </div>
   <div class='ocr_carea' id='block_1_20' title="bbox 490 1731 2148 1824">
    <p class='ocr_par' dir='ltr' id='par_1_20' title="bbox 490 1731 2148 1824">
     <span class='ocr_line' id='line_1_20' title="bbox 490 1731 2148 1824; baseline 0.006 -19"><span class='ocrx_word' id='word_1_125' title='bbox 490 1754 654 1809; x_wconf 81' lang='lat' dir='ltr'><strong>fuerit</strong></span> <span class='ocrx_word' id='word_1_126' title='bbox 696 1756 994 1824; x_wconf 86' lang='lat' dir='ltr'><strong>deceptus,</strong></span> <span class='ocrx_word' id='word_1_127' title='bbox 1032 1756 1162 1810; x_wconf 89' lang='lat' dir='ltr'><strong>licet</strong></span> <span class='ocrx_word' id='word_1_128' title='bbox 1213 1755 1269 1810; x_wconf 89' lang='lat' dir='ltr'><strong>in</strong></span> <span class='ocrx_word' id='word_1_129' title='bbox 1319 1757 1583 1812; x_wconf 88' lang='lat' dir='ltr'><strong>memoria</strong></span> <span class='ocrx_word' id='word_1_130' title='bbox 1630 1731 1723 1812; x_wconf 71' lang='lat' dir='ltr'><strong>Dei</strong></span> <span class='ocrx_word' id='word_1_131' title='bbox 1771 1758 2073 1814; x_wconf 84' lang='lat' dir='ltr'><strong>delectatus</strong></span> <span class='ocrx_word' id='word_1_132' title='bbox 2104 1731 2148 1792; x_wconf 70' lang='grc' dir='ltr'><strong>Β</strong></span> 
     </span>
    </p>
   </div>
   <div class='ocr_carea' id='block_1_21' title="bbox 489 1845 2072 1916">
    <p class='ocr_par' dir='ltr' id='par_1_21' title="bbox 489 1845 2072 1916">
     <span class='ocr_line' id='line_1_21' title="bbox 489 1845 2072 1916; baseline 0.006 -19"><span class='ocrx_word' id='word_1_133' title='bbox 489 1845 650 1899; x_wconf 78' lang='lat' dir='ltr'><strong>fuerit</strong></span> <span class='ocrx_word' id='word_1_134' title='bbox 681 1854 736 1899; x_wconf 83' lang='lat' dir='ltr'><strong>et</strong></span> <span class='ocrx_word' id='word_1_135' title='bbox 765 1846 980 1915; x_wconf 79' lang='lat' dir='ltr'><strong>vigilias</strong></span> <span class='ocrx_word' id='word_1_136' title='bbox 1026 1848 1454 1916; x_wconf 85' lang='lat' dir='ltr'><strong>anticipaverint</strong></span> <span class='ocrx_word' id='word_1_137' title='bbox 1479 1849 1624 1903; x_wconf 90' lang='lat' dir='ltr'><strong>oculi</strong></span> <span class='ocrx_word' id='word_1_138' title='bbox 1657 1848 1797 1916; x_wconf 81' lang='lat' dir='ltr'><strong>eius.</strong></span> <span class='ocrx_word' id='word_1_139' title='bbox 1839 1849 2072 1906; x_wconf 77' lang='lat' dir='ltr'><strong>Dextera</strong></span> 
     </span>
    </p>
   </div>
   <div class='ocr_carea' id='block_1_22' title="bbox 487 1935 2073 2010">
    <p class='ocr_par' dir='ltr' id='par_1_22' title="bbox 487 1935 2073 2010">
     <span class='ocr_line' id='line_1_22' title="bbox 487 1935 2073 2010; baseline 0.006 -24"><span class='ocrx_word' id='word_1_140' title='bbox 487 1944 670 1988; x_wconf 88' lang='lat' dir='ltr'><strong>autem</strong></span> <span class='ocrx_word' id='word_1_141' title='bbox 705 1935 920 1991; x_wconf 87' lang='lat' dir='ltr'><strong>Excelsi</strong></span> <span class='ocrx_word' id='word_1_142' title='bbox 955 1935 1206 1992; x_wconf 83' lang='lat' dir='ltr'><strong>Salvator</strong></span> <span class='ocrx_word' id='word_1_143' title='bbox 1232 1948 1338 2005; x_wconf 89' lang='lat' dir='ltr'><strong>est,</strong></span> <span class='ocrx_word' id='word_1_144' title='bbox 1393 1939 1484 2008; x_wconf 86' lang='lat' dir='ltr'><strong>qui</strong></span> <span class='ocrx_word' id='word_1_145' title='bbox 1539 1939 1777 2009; x_wconf 84' lang='lat' dir='ltr'><strong>seipsum</strong></span> <span class='ocrx_word' id='word_1_146' title='bbox 1820 1943 2073 2010; x_wconf 82' lang='lat' dir='ltr'><strong>mutavit,</strong></span> 
     </span>
    </p>
   </div>
   <div class='ocr_carea' id='block_1_23' title="bbox 490 2020 2074 2101">
    <p class='ocr_par' dir='ltr' id='par_1_23' title="bbox 490 2020 2074 2101">
     <span class='ocr_line' id='line_1_23' title="bbox 490 2020 2074 2101; baseline 0.009 -28"><span class='ocrx_word' id='word_1_147' title='bbox 490 2020 717 2076; x_wconf 79' lang='lat' dir='ltr'><strong>formam</strong></span> <span class='ocrx_word' id='word_1_148' title='bbox 773 2024 916 2078; x_wconf 85' lang='lat' dir='ltr'><strong>servi</strong></span> <span class='ocrx_word' id='word_1_149' title='bbox 964 2027 1264 2096; x_wconf 86' lang='lat' dir='ltr'><strong>accipiens,</strong></span> <span class='ocrx_word' id='word_1_150' title='bbox 1319 2042 1416 2096; x_wconf 89' lang='lat' dir='ltr'><strong>per</strong></span> <span class='ocrx_word' id='word_1_151' title='bbox 1467 2044 1630 2098; x_wconf 88' lang='lat' dir='ltr'><strong>quem</strong></span> <span class='ocrx_word' id='word_1_152' title='bbox 1682 2031 1952 2101; x_wconf 64' lang='lat' dir='ltr'><strong>capimus</strong></span> <span class='ocrx_word' id='word_1_153' title='bbox 2017 2034 2074 2088; x_wconf 91' lang='lat' dir='ltr'><strong>in</strong></span> 
     </span>
    </p>
   </div>
   <div class='ocr_carea' id='block_1_24' title="bbox 487 2111 2078 2196">
    <p class='ocr_par' dir='ltr' id='par_1_24' title="bbox 487 2111 2078 2196">
     <span class='ocr_line' id='line_1_24' title="bbox 487 2111 2078 2196; baseline 0.009 -30"><span class='ocrx_word' id='word_1_154' title='bbox 487 2111 637 2167; x_wconf 84' lang='lat' dir='ltr'><strong>Novo</strong></span> <span class='ocrx_word' id='word_1_155' title='bbox 687 2113 1038 2173; x_wconf 82' lang='lat' dir='ltr'><strong>Testamento</strong></span> <span class='ocrx_word' id='word_1_156' title='bbox 1082 2119 1288 2176; x_wconf 81' lang='lat' dir='ltr'><strong>hortari</strong></span> <span class='ocrx_word' id='word_1_157' title='bbox 1342 2132 1402 2176; x_wconf 89' lang='lat' dir='ltr'><strong>ut</strong></span> <span class='ocrx_word' id='word_1_158' title='bbox 1446 2121 1632 2193; x_wconf 73' lang='lat' dir='ltr'><strong>ﬁgura:</strong></span> <span class='ocrx_word' id='word_1_159' title='bbox 1671 2123 1836 2180; x_wconf 83' lang='lat' dir='ltr'><strong>ﬁnem</strong></span> <span class='ocrx_word' id='word_1_160' title='bbox 1863 2125 2078 2196; x_wconf 81' lang='lat' dir='ltr'><strong>accipe-</strong></span> 
     </span>
    </p>
   </div>
   <div class='ocr_carea' id='block_1_25' title="bbox 485 2208 1231 2281">
    <p class='ocr_par' dir='ltr' id='par_1_25' title="bbox 485 2208 1231 2281">
     <span class='ocr_line' id='line_1_25' title="bbox 485 2208 1231 2281; baseline 0.011 -22"><span class='ocrx_word' id='word_1_161' title='bbox 485 2216 606 2261; x_wconf 89' lang='lat' dir='ltr'><strong>rent</strong></span> <span class='ocrx_word' id='word_1_162' title='bbox 630 2216 683 2262; x_wconf 87' lang='lat' dir='ltr'><strong>et</strong></span> <span class='ocrx_word' id='word_1_163' title='bbox 708 2208 973 2281; x_wconf 85' lang='lat' dir='ltr'><strong>inciperet</strong></span> <span class='ocrx_word' id='word_1_164' title='bbox 1003 2211 1231 2267; x_wconf 79' lang='lat' dir='ltr'><strong>veritas.</strong></span> 
     </span>
    </p>
   </div>
   <div class='ocr_carea' id='block_1_26' title="bbox 561 2385 2078 2466">
    <p class='ocr_par' dir='ltr' id='par_1_26' title="bbox 561 2385 2078 2466">
     <span class='ocr_line' id='line_1_26' title="bbox 561 2385 2078 2466; baseline 0.009 -28"><span class='ocrx_word' id='word_1_165' title='bbox 561 2385 836 2454; x_wconf 79' lang='lat' dir='ltr'><strong>Ejusdem.</strong></span> <span class='ocrx_word' id='word_1_166' title='bbox 865 2389 1220 2446; x_wconf 75' lang='lat' dir='ltr'><strong>Mutationem</strong></span> <span class='ocrx_word' id='word_1_167' title='bbox 1243 2392 1350 2448; x_wconf 89' lang='lat' dir='ltr'><strong>hoc</strong></span> <span class='ocrx_word' id='word_1_168' title='bbox 1371 2391 1491 2448; x_wconf 92' lang='lat' dir='ltr'><strong>loco</strong></span> <span class='ocrx_word' id='word_1_169' title='bbox 1515 2393 1649 2450; x_wconf 83' lang='lat' dir='ltr'><strong>dicit</strong></span> <span class='ocrx_word' id='word_1_170' title='bbox 1675 2408 1706 2448; x_wconf 86' lang='lat' dir='ltr'><strong>a</strong></span> <span class='ocrx_word' id='word_1_171' title='bbox 1733 2393 1900 2466; x_wconf 81' lang='lat' dir='ltr'><strong>77o</strong></span> <span class='ocrx_word' id='word_1_172' title='bbox 1921 2394 2078 2451; x_wconf 88' lang='lat' dir='ltr'><strong>mali-</strong></span> 
     </span>
    </p>
   </div>
   <div class='ocr_carea' id='block_1_27' title="bbox 488 2480 2074 2552">
    <p class='ocr_par' dir='ltr' id='par_1_27' title="bbox 488 2480 2074 2552">
     <span class='ocr_line' id='line_1_27' title="bbox 488 2480 2074 2552; baseline 0.008 -21"><span class='ocrx_word' id='word_1_173' title='bbox 488 2480 560 2532; x_wconf 85' lang='lat' dir='ltr'><strong>tia</strong></span> <span class='ocrx_word' id='word_1_174' title='bbox 618 2491 674 2534; x_wconf 90' lang='lat' dir='ltr'><strong>et</strong></span> <span class='ocrx_word' id='word_1_175' title='bbox 707 2483 1012 2552; x_wconf 78' lang='lat' dir='ltr'><strong>ignorantia</strong></span> <span class='ocrx_word' id='word_1_176' title='bbox 1064 2484 1130 2538; x_wconf 89' lang='lat' dir='ltr'><strong>ad</strong></span> <span class='ocrx_word' id='word_1_177' title='bbox 1177 2486 1439 2540; x_wconf 78' lang='lat' dir='ltr'><strong>virtutem</strong></span> <span class='ocrx_word' id='word_1_178' title='bbox 1482 2495 1537 2541; x_wconf 90' lang='lat' dir='ltr'><strong>et</strong></span> <span class='ocrx_word' id='word_1_179' title='bbox 1586 2487 1874 2542; x_wconf 77' lang='lat' dir='ltr'><strong>scientiam</strong></span> <span class='ocrx_word' id='word_1_180' title='bbox 1929 2489 2074 2543; x_wconf 79' lang='lat' dir='ltr'><strong>redi-</strong></span> 
     </span>
    </p>
   </div>
   <div class='ocr_carea' id='block_1_28' title="bbox 558 2662 2072 2738">
    <p class='ocr_par' dir='ltr' id='par_1_28' title="bbox 558 2662 2072 2738">
     <span class='ocr_line' id='line_1_28' title="bbox 558 2662 2072 2738; baseline 0.005 -23"><span class='ocrx_word' id='word_1_181' title='bbox 558 2662 723 2718; x_wconf 74' lang='lat' dir='ltr'><strong>Vens.</strong></span> <span class='ocrx_word' id='word_1_182' title='bbox 759 2663 849 2718; x_wconf 73' lang='grc'><strong>14.</strong></span> <span class='ocrx_word' id='word_1_183' title='bbox 913 2665 1074 2729; x_wconf 86' lang='lat' dir='ltr'><strong>Deus,</strong></span> <span class='ocrx_word' id='word_1_184' title='bbox 1114 2666 1167 2719; x_wconf 86' lang='lat' dir='ltr'><strong>in</strong></span> <span class='ocrx_word' id='word_1_185' title='bbox 1223 2676 1408 2722; x_wconf 82' lang='lat' dir='ltr'><strong>sancto</strong></span> <span class='ocrx_word' id='word_1_186' title='bbox 1451 2671 1535 2722; x_wconf 81' lang='lat' dir='ltr'><strong>uia</strong></span> <span class='ocrx_word' id='word_1_187' title='bbox 1587 2678 1712 2734; x_wconf 85' lang='lat' dir='ltr'><strong>tua;</strong></span> <span class='ocrx_word' id='word_1_188' title='bbox 1768 2670 1885 2738; x_wconf 83' lang='lat' dir='ltr'><strong>quis</strong></span> <span class='ocrx_word' id='word_1_189' title='bbox 1935 2670 2072 2724; x_wconf 86' lang='lat' dir='ltr'><strong>Deus</strong></span> 
     </span>
    </p>
   </div>
   <div class='ocr_carea' id='block_1_29' title="bbox 485 2754 2072 2820">
    <p class='ocr_par' dir='ltr' id='par_1_29' title="bbox 485 2754 2072 2820">
     <span class='ocr_line' id='line_1_29' title="bbox 485 2754 2072 2820; baseline 0.006 -16"><span class='ocrx_word' id='word_1_190' title='bbox 485 2768 708 2820; x_wconf 82' lang='lat' dir='ltr'><strong>magnus</strong></span> <span class='ocrx_word' id='word_1_191' title='bbox 735 2754 871 2807; x_wconf 88' lang='lat' dir='ltr'><strong>sicut</strong></span> <span class='ocrx_word' id='word_1_192' title='bbox 901 2754 1039 2809; x_wconf 86' lang='lat' dir='ltr'><strong>Deus</strong></span> <span class='ocrx_word' id='word_1_193' title='bbox 1067 2758 1287 2810; x_wconf 86' lang='lat' dir='ltr'><strong>uoster?</strong></span> <span class='ocrx_word' id='word_1_194' title='bbox 1314 2767 1422 2813; x_wconf 89' lang='lat' dir='ltr'><strong>etc.</strong></span> <span class='ocrx_word' id='word_1_195' title='bbox 1453 2757 1551 2813; x_wconf 84' lang='lat' dir='ltr'><strong>Vel</strong></span> <span class='ocrx_word' id='word_1_196' title='bbox 1589 2760 1641 2812; x_wconf 92' lang='lat' dir='ltr'><strong>in</strong></span> <span class='ocrx_word' id='word_1_197' title='bbox 1688 2760 1836 2813; x_wconf 90' lang='lat' dir='ltr'><strong>omni</strong></span> <span class='ocrx_word' id='word_1_198' title='bbox 1881 2769 2072 2814; x_wconf 87' lang='lat' dir='ltr'><strong>sancto</strong></span> 
     </span>
    </p>
   </div>
   <div class='ocr_carea' id='block_1_30' title="bbox 483 2845 2070 2920">
    <p class='ocr_par' dir='ltr' id='par_1_30' title="bbox 483 2845 2070 2920">
     <span class='ocr_line' id='line_1_30' title="bbox 483 2845 2070 2920; baseline 0.004 -23"><span class='ocrx_word' id='word_1_199' title='bbox 483 2853 569 2898; x_wconf 88' lang='lat' dir='ltr'><strong>est</strong></span> <span class='ocrx_word' id='word_1_200' title='bbox 597 2845 680 2898; x_wconf 92' lang='lat' dir='ltr'><strong>via</strong></span> <span class='ocrx_word' id='word_1_201' title='bbox 719 2845 846 2912; x_wconf 89' lang='lat' dir='ltr'><strong>Dei,</strong></span> <span class='ocrx_word' id='word_1_202' title='bbox 884 2846 967 2901; x_wconf 86' lang='lat' dir='ltr'><strong>vel</strong></span> <span class='ocrx_word' id='word_1_203' title='bbox 1003 2847 1055 2900; x_wconf 92' lang='lat' dir='ltr'><strong>in</strong></span> <span class='ocrx_word' id='word_1_204' title='bbox 1099 2846 1320 2904; x_wconf 84' lang='lat' dir='ltr'><strong>Christo</strong></span> <span class='ocrx_word' id='word_1_205' title='bbox 1350 2849 1575 2904; x_wconf 90' lang='lat' dir='ltr'><strong>verbum</strong></span> <span class='ocrx_word' id='word_1_206' title='bbox 1617 2849 1778 2919; x_wconf 88' lang='lat' dir='ltr'><strong>ejus:</strong></span> <span class='ocrx_word' id='word_1_207' title='bbox 1808 2866 1932 2905; x_wconf 89' lang='lat' dir='ltr'><strong>nam</strong></span> <span class='ocrx_word' id='word_1_208' title='bbox 1978 2852 2070 2920; x_wconf 85' lang='lat' dir='ltr'><strong>qui</strong></span> 
     </span>
    </p>
   </div>
   <div class='ocr_carea' id='block_1_31' title="bbox 484 2933 1758 3003">
    <p class='ocr_par' dir='ltr' id='par_1_31' title="bbox 484 2933 1758 3003">
     <span class='ocr_line' id='line_1_31' title="bbox 484 2933 1758 3003; baseline 0.005 -16"><span class='ocrx_word' id='word_1_209' title='bbox 484 2933 624 2987; x_wconf 80' lang='lat' dir='ltr'><strong>dixit</strong></span> <span class='ocrx_word' id='word_1_210' title='bbox 652 2935 698 2966; x_wconf 82' lang='lat'><strong>&quot;</strong></span> <span class='ocrx_word' id='word_1_211' title='bbox 729 2949 745 2988; x_wconf 91' lang='lat'><strong>:</strong></span> <span class='ocrx_word' id='word_1_212' title='bbox 778 2953 799 2986; x_wconf 83' lang='grc'><em>‹</em></span> <span class='ocrx_word' id='word_1_213' title='bbox 825 2935 935 3003; x_wconf 74' lang='lat' dir='ltr'><strong>Ego</strong></span> <span class='ocrx_word' id='word_1_214' title='bbox 976 2949 1094 2989; x_wconf 87' lang='lat' dir='ltr'><strong>sum</strong></span> <span class='ocrx_word' id='word_1_215' title='bbox 1135 2936 1244 3003; x_wconf 85' lang='lat' dir='ltr'><strong>via,</strong></span> <span class='ocrx_word' id='word_1_216' title='bbox 1272 2956 1291 2989; x_wconf 77' lang='grc' dir='ltr'><strong>ι</strong></span> <span class='ocrx_word' id='word_1_217' title='bbox 1335 2937 1388 2990; x_wconf 92' lang='lat' dir='ltr'><strong>in</strong></span> <span class='ocrx_word' id='word_1_218' title='bbox 1426 2948 1618 2993; x_wconf 90' lang='lat' dir='ltr'><strong>sancto</strong></span> <span class='ocrx_word' id='word_1_219' title='bbox 1654 2949 1758 2995; x_wconf 89' lang='lat' dir='ltr'><strong>est.</strong></span> 
     </span>
    </p>
   </div>
   <div class='ocr_carea' id='block_1_32' title="bbox 560 3023 2074 3098">
    <p class='ocr_par' dir='ltr' id='par_1_32' title="bbox 560 3023 2074 3098">
     <span class='ocr_line' id='line_1_32' title="bbox 560 3023 2074 3098; baseline 0.005 -23"><span class='ocrx_word' id='word_1_220' title='bbox 560 3023 836 3092; x_wconf 79' lang='lat' dir='ltr'><strong>Ejusdem.</strong></span> <span class='ocrx_word' id='word_1_221' title='bbox 875 3023 1010 3081; x_wconf 82' lang='lat' dir='ltr'><strong>Vide</strong></span> <span class='ocrx_word' id='word_1_222' title='bbox 1057 3040 1125 3080; x_wconf 88' lang='lat' dir='ltr'><strong>an</strong></span> <span class='ocrx_word' id='word_1_223' title='bbox 1157 3037 1446 3096; x_wconf 86' lang='lat' dir='ltr'><strong>propterea</strong></span> <span class='ocrx_word' id='word_1_224' title='bbox 1504 3029 1721 3082; x_wconf 69' lang='lat' dir='ltr'><strong>laetatur</strong></span> <span class='ocrx_word' id='word_1_225' title='bbox 1758 3029 1885 3098; x_wconf 86' lang='lat' dir='ltr'><strong>quia</strong></span> <span class='ocrx_word' id='word_1_226' title='bbox 1937 3043 2074 3084; x_wconf 90' lang='lat' dir='ltr'><strong>non-</strong></span> 
     </span>
    </p>
   </div>
   <div class='ocr_carea' id='block_1_33' title="bbox 489 3093 2146 3191">
    <p class='ocr_par' dir='ltr' id='par_1_33' title="bbox 489 3093 2146 3191">
     <span class='ocr_line' id='line_1_33' title="bbox 489 3093 2146 3191; baseline 0.005 -24"><span class='ocrx_word' id='word_1_227' title='bbox 489 3115 618 3169; x_wconf 92' lang='lat' dir='ltr'><strong>nulli</strong></span> <span class='ocrx_word' id='word_1_228' title='bbox 645 3117 866 3186; x_wconf 86' lang='lat' dir='ltr'><strong>quidem</strong></span> <span class='ocrx_word' id='word_1_229' title='bbox 898 3119 969 3172; x_wconf 90' lang='lat' dir='ltr'><strong>dii</strong></span> <span class='ocrx_word' id='word_1_230' title='bbox 1003 3128 1166 3186; x_wconf 90' lang='lat' dir='ltr'><strong>sunt,</strong></span> <span class='ocrx_word' id='word_1_231' title='bbox 1224 3120 1404 3177; x_wconf 87' lang='lat' dir='ltr'><strong>nullus</strong></span> <span class='ocrx_word' id='word_1_232' title='bbox 1462 3137 1593 3176; x_wconf 87' lang='lat' dir='ltr'><strong>vero</strong></span> <span class='ocrx_word' id='word_1_233' title='bbox 1651 3137 1878 3191; x_wconf 86' lang='lat' dir='ltr'><strong>magnus</strong></span> <span class='ocrx_word' id='word_1_234' title='bbox 1934 3123 2076 3176; x_wconf 86' lang='lat' dir='ltr'><strong>sicut</strong></span> <span class='ocrx_word' id='word_1_235' title='bbox 2105 3093 2146 3150; x_wconf 66' lang='grc' dir='ltr'><strong>θ</strong></span> 
     </span>
    </p>
   </div>
   <div class='ocr_carea' id='block_1_34' title="bbox 489 3205 2073 3272">
    <p class='ocr_par' dir='ltr' id='par_1_34' title="bbox 489 3205 2073 3272">
     <span class='ocr_line' id='line_1_34' title="bbox 489 3205 2073 3272; baseline 0.007 -15"><span class='ocrx_word' id='word_1_236' title='bbox 489 3205 627 3260; x_wconf 84' lang='lat' dir='ltr'><strong>Dens</strong></span> <span class='ocrx_word' id='word_1_237' title='bbox 657 3217 862 3272; x_wconf 90' lang='lat' dir='ltr'><strong>noster,</strong></span> <span class='ocrx_word' id='word_1_238' title='bbox 897 3219 950 3262; x_wconf 90' lang='lat' dir='ltr'><strong>et</strong></span> <span class='ocrx_word' id='word_1_239' title='bbox 979 3219 1160 3264; x_wconf 87' lang='lat' dir='ltr'><strong>utrum</strong></span> <span class='ocrx_word' id='word_1_240' title='bbox 1187 3211 1254 3265; x_wconf 89' lang='lat' dir='ltr'><strong>ad</strong></span> <span class='ocrx_word' id='word_1_241' title='bbox 1282 3212 1398 3268; x_wconf 70' lang='lat' dir='ltr'><strong>lucc</strong></span> <span class='ocrx_word' id='word_1_242' title='bbox 1434 3213 1510 3267; x_wconf 90' lang='lat' dir='ltr'><strong>uti</strong></span> <span class='ocrx_word' id='word_1_243' title='bbox 1549 3212 1716 3268; x_wconf 87' lang='lat' dir='ltr'><strong>liceat</strong></span> <span class='ocrx_word' id='word_1_244' title='bbox 1747 3213 1831 3268; x_wconf 88' lang='lat' dir='ltr'><strong>his</strong></span> <span class='ocrx_word' id='word_1_245' title='bbox 1862 3215 2073 3269; x_wconf 86' lang='lat' dir='ltr'><strong>verbis:</strong></span> 
     </span>
    </p>
   </div>
   <div class='ocr_carea' id='block_1_35' title="bbox 490 3295 1722 3368">
    <p class='ocr_par' dir='ltr' id='par_1_35' title="bbox 490 3295 1722 3368">
     <span class='ocr_line' id='line_1_35' title="bbox 490 3295 1722 3368; baseline 0.008 -20"><span class='ocrx_word' id='word_1_246' title='bbox 490 3317 508 3348; x_wconf 74' lang='grc' dir='ltr'><strong>ι</strong></span> <span class='ocrx_word' id='word_1_247' title='bbox 539 3295 1008 3366; x_wconf 77' lang='lat' dir='ltr'><strong>Quemadmodum</strong></span> <span class='ocrx_word' id='word_1_248' title='bbox 1043 3311 1171 3356; x_wconf 87' lang='lat' dir='ltr'><strong>sunt</strong></span> <span class='ocrx_word' id='word_1_249' title='bbox 1195 3301 1269 3357; x_wconf 87' lang='lat' dir='ltr'><strong>dii</strong></span> <span class='ocrx_word' id='word_1_250' title='bbox 1294 3302 1449 3358; x_wconf 89' lang='lat' dir='ltr'><strong>multi</strong></span> <span class='ocrx_word' id='word_1_251' title='bbox 1478 3301 1546 3368; x_wconf 82' lang='grc'>⁸³,</span> <span class='ocrx_word' id='word_1_252' title='bbox 1577 3323 1595 3353; x_wconf 75' lang='grc' dir='ltr'><strong>ι</strong></span> <span class='ocrx_word' id='word_1_253' title='bbox 1619 3312 1722 3358; x_wconf 86' lang='lat' dir='ltr'><strong>etc.</strong></span> 
     </span>
    </p>
   </div>
   <div class='ocr_carea' id='block_1_36' title="bbox 561 3390 2074 3466">
    <p class='ocr_par' dir='ltr' id='par_1_36' title="bbox 561 3390 2074 3466">
     <span class='ocr_line' id='line_1_36' title="bbox 561 3390 2074 3466; baseline 0.005 -22"><span class='ocrx_word' id='word_1_254' title='bbox 561 3390 722 3445; x_wconf 70' lang='lat' dir='ltr'><strong>Vnus.</strong></span> <span class='ocrx_word' id='word_1_255' title='bbox 751 3391 838 3446; x_wconf 77' lang='grc'><strong>15.</strong></span> <span class='ocrx_word' id='word_1_256' title='bbox 877 3391 1075 3446; x_wconf 79' lang='lat' dir='ltr'><strong>Notam</strong></span> <span class='ocrx_word' id='word_1_257' title='bbox 1099 3393 1272 3462; x_wconf 76' lang='lat' dir='ltr'><strong>fecisti</strong></span> <span class='ocrx_word' id='word_1_258' title='bbox 1296 3397 1349 3450; x_wconf 86' lang='lat' dir='ltr'><strong>in</strong></span> <span class='ocrx_word' id='word_1_259' title='bbox 1390 3395 1604 3466; x_wconf 84' lang='lat' dir='ltr'><strong>populis</strong></span> <span class='ocrx_word' id='word_1_260' title='bbox 1632 3399 1876 3451; x_wconf 79' lang='lat' dir='ltr'><strong>virtutem</strong></span> <span class='ocrx_word' id='word_1_261' title='bbox 1904 3407 2074 3464; x_wconf 86' lang='lat' dir='ltr'><strong>tuam,</strong></span> 
     </span>
    </p>
   </div>
   <div class='ocr_carea' id='block_1_37' title="bbox 483 3479 2074 3546">
    <p class='ocr_par' dir='ltr' id='par_1_37' title="bbox 483 3479 2074 3546">
     <span class='ocr_line' id='line_1_37' title="bbox 483 3479 2074 3546; baseline 0.008 -12"><span class='ocrx_word' id='word_1_262' title='bbox 483 3489 592 3534; x_wconf 87' lang='lat' dir='ltr'><strong>etc.</strong></span> <span class='ocrx_word' id='word_1_263' title='bbox 625 3479 736 3536; x_wconf 89' lang='lat' dir='ltr'><strong>Hoc</strong></span> <span class='ocrx_word' id='word_1_264' title='bbox 766 3493 849 3537; x_wconf 90' lang='lat' dir='ltr'><strong>est</strong></span> <span class='ocrx_word' id='word_1_265' title='bbox 885 3483 1166 3540; x_wconf 77' lang='lat' dir='ltr'><strong>Christum</strong></span> <span class='ocrx_word' id='word_1_266' title='bbox 1198 3486 1493 3543; x_wconf 88' lang='lat' dir='ltr'><strong>:Christus</strong></span> <span class='ocrx_word' id='word_1_267' title='bbox 1519 3489 1665 3541; x_wconf 92' lang='lat' dir='ltr'><strong>enim</strong></span> <span class='ocrx_word' id='word_1_268' title='bbox 1698 3488 1875 3543; x_wconf 91' lang='lat' dir='ltr'><strong>virtus</strong></span> <span class='ocrx_word' id='word_1_269' title='bbox 1902 3498 1956 3545; x_wconf 91' lang='lat' dir='ltr'><strong>et</strong></span> <span class='ocrx_word' id='word_1_270' title='bbox 1982 3491 2074 3546; x_wconf 86' lang='lat' dir='ltr'><strong>Dei</strong></span> 
     </span>
    </p>
   </div>
   <div class='ocr_carea' id='block_1_38' title="bbox 485 3575 1876 3642">
    <p class='ocr_par' dir='ltr' id='par_1_38' title="bbox 485 3575 1876 3642">
     <span class='ocr_line' id='line_1_38' title="bbox 485 3575 1876 3642; baseline 0.009 -16"><span class='ocrx_word' id='word_1_271' title='bbox 485 3575 777 3642; x_wconf 85' lang='lat' dir='ltr'><strong>sapientia.</strong></span> <span class='ocrx_word' id='word_1_272' title='bbox 1871 3633 1876 3638; x_wconf 86' lang='lat'><strong>.</strong></span> 
     </span>
    </p>
   </div>
   <div class='ocr_carea' id='block_1_39' title="bbox 559 3663 2071 3741">
    <p class='ocr_par' dir='ltr' id='par_1_39' title="bbox 559 3663 2071 3741">
     <span class='ocr_line' id='line_1_39' title="bbox 559 3663 2071 3741; baseline 0.007 -23"><span class='ocrx_word' id='word_1_273' title='bbox 559 3663 720 3720; x_wconf 73' lang='lat' dir='ltr'><strong>Vsus.</strong></span> <span class='ocrx_word' id='word_1_274' title='bbox 755 3667 842 3720; x_wconf 76' lang='lat' dir='ltr'><strong>l7.</strong></span> <span class='ocrx_word' id='word_1_275' title='bbox 880 3665 1130 3722; x_wconf 74' lang='lat' dir='ltr'><strong>Turbata:</strong></span> <span class='ocrx_word' id='word_1_276' title='bbox 1150 3681 1271 3724; x_wconf 83' lang='lat' dir='ltr'><strong>sunt</strong></span> <span class='ocrx_word' id='word_1_277' title='bbox 1300 3671 1498 3740; x_wconf 80' lang='lat' dir='ltr'><strong>abyssi,</strong></span> <span class='ocrx_word' id='word_1_278' title='bbox 1530 3680 1639 3726; x_wconf 90' lang='lat' dir='ltr'><strong>etc.</strong></span> <span class='ocrx_word' id='word_1_279' title='bbox 1667 3672 1864 3741; x_wconf 85' lang='lat' dir='ltr'><strong>Ahyssi</strong></span> <span class='ocrx_word' id='word_1_280' title='bbox 1897 3673 2071 3728; x_wconf 85' lang='lat' dir='ltr'><strong>virtu-</strong></span> 
     </span>
    </p>
   </div>
   <div class='ocr_carea' id='block_1_40' title="bbox 490 3758 2076 3832">
    <p class='ocr_par' dir='ltr' id='par_1_40' title="bbox 490 3758 2076 3832">
     <span class='ocr_line' id='line_1_40' title="bbox 490 3758 2076 3832; baseline 0.008 -23"><span class='ocrx_word' id='word_1_281' title='bbox 490 3767 570 3813; x_wconf 88' lang='lat' dir='ltr'><strong>tes</strong></span> <span class='ocrx_word' id='word_1_282' title='bbox 606 3758 848 3815; x_wconf 89' lang='lat' dir='ltr'><strong>indicant</strong></span> <span class='ocrx_word' id='word_1_283' title='bbox 870 3759 1114 3815; x_wconf 78' lang='lat' dir='ltr'><strong>infernas</strong></span> <span class='ocrx_word' id='word_1_284' title='bbox 1138 3777 1260 3831; x_wconf 78' lang='lat' dir='ltr'><strong>qua:</strong></span> <span class='ocrx_word' id='word_1_285' title='bbox 1293 3773 1561 3832; x_wconf 62' lang='lat' dir='ltr'><strong>praesente</strong></span> <span class='ocrx_word' id='word_1_286' title='bbox 1590 3765 1809 3820; x_wconf 87' lang='lat' dir='ltr'><strong>Christo</strong></span> <span class='ocrx_word' id='word_1_287' title='bbox 1846 3767 2076 3821; x_wconf 76' lang='lat' dir='ltr'><strong>turbata:</strong></span> 
     </span>
    </p>
   </div>
   <div class='ocr_carea' id='block_1_41' title="bbox 489 3858 638 3905">
    <p class='ocr_par' dir='ltr' id='par_1_41' title="bbox 489 3858 638 3905">
     <span class='ocr_line' id='line_1_41' title="bbox 489 3858 638 3905; baseline -0.007 0"><span class='ocrx_word' id='word_1_288' title='bbox 489 3858 638 3905; x_wconf 87' lang='lat' dir='ltr'><strong>sunt.</strong></span> 
     </span>
    </p>
   </div>
   <div class='ocr_carea' id='block_1_42' title="bbox 561 3942 2074 4012">
    <p class='ocr_par' dir='ltr' id='par_1_42' title="bbox 561 3942 2074 4012">
     <span class='ocr_line' id='line_1_42' title="bbox 561 3942 2074 4012; baseline 0.004 -14"><span class='ocrx_word' id='word_1_289' title='bbox 561 3944 724 3999; x_wconf 78' lang='lat' dir='ltr'><strong>Vens.</strong></span> <span class='ocrx_word' id='word_1_290' title='bbox 759 3944 847 4000; x_wconf 76' lang='lat' dir='ltr'><strong>i9.</strong></span> <span class='ocrx_word' id='word_1_291' title='bbox 883 3942 999 3999; x_wconf 77' lang='lat' dir='ltr'><strong>Vox</strong></span> <span class='ocrx_word' id='word_1_292' title='bbox 1062 3946 1285 3999; x_wconf 86' lang='lat' dir='ltr'><strong>tonitrui</strong></span> <span class='ocrx_word' id='word_1_293' title='bbox 1310 3947 1390 3999; x_wconf 85' lang='lat' dir='ltr'><strong>tui</strong></span> <span class='ocrx_word' id='word_1_294' title='bbox 1417 3947 1470 4000; x_wconf 88' lang='lat' dir='ltr'><strong>in</strong></span> <span class='ocrx_word' id='word_1_295' title='bbox 1502 3959 1619 4002; x_wconf 90' lang='lat' dir='ltr'><strong>rota</strong></span> <span class='ocrx_word' id='word_1_296' title='bbox 1640 3991 1654 4012; x_wconf 91' lang='lat'><strong>,</strong></span> <span class='ocrx_word' id='word_1_297' title='bbox 1680 3960 1786 4003; x_wconf 90' lang='lat' dir='ltr'><strong>etc.</strong></span> <span class='ocrx_word' id='word_1_298' title='bbox 1819 3950 1955 4003; x_wconf 65' lang='lat' dir='ltr'><strong>[tota</strong></span> <span class='ocrx_word' id='word_1_299' title='bbox 1990 3949 2074 4005; x_wconf 85' lang='lat' dir='ltr'><strong>vel</strong></span> 
     </span>
    </p>
   </div>
   <div class='ocr_carea' id='block_1_43' title="bbox 489 4036 2071 4108">
    <p class='ocr_par' dir='ltr' id='par_1_43' title="bbox 489 4036 2071 4108">
     <span class='ocr_line' id='line_1_43' title="bbox 489 4036 2071 4108; baseline 0.004 -20"><span class='ocrx_word' id='word_1_300' title='bbox 489 4036 750 4091; x_wconf 66' lang='lat' dir='ltr'><strong>sz-eculum</strong></span> <span class='ocrx_word' id='word_1_301' title='bbox 794 4036 898 4091; x_wconf 85' lang='lat' dir='ltr'><strong>hoc</strong></span> <span class='ocrx_word' id='word_1_302' title='bbox 941 4037 1250 4108; x_wconf 82' lang='lat' dir='ltr'><strong>signiﬁcat,</strong></span> <span class='ocrx_word' id='word_1_303' title='bbox 1311 4039 1394 4093; x_wconf 89' lang='lat' dir='ltr'><strong>vel</strong></span> <span class='ocrx_word' id='word_1_304' title='bbox 1441 4039 1755 4094; x_wconf 82' lang='lat' dir='ltr'><strong>sensibiletn</strong></span> <span class='ocrx_word' id='word_1_305' title='bbox 1790 4043 2071 4106; x_wconf 89' lang='lat' dir='ltr'><strong>mundum,</strong></span> 
     </span>
    </p>
   </div>
   <div class='ocr_carea' id='block_1_44' title="bbox 491 4129 2072 4200">
    <p class='ocr_par' dir='ltr' id='par_1_44' title="bbox 491 4129 2072 4200">
     <span class='ocr_line' id='line_1_44' title="bbox 491 4129 2072 4200; baseline 0.004 -20"><span class='ocrx_word' id='word_1_306' title='bbox 491 4129 575 4182; x_wconf 87' lang='lat' dir='ltr'><strong>vel</strong></span> <span class='ocrx_word' id='word_1_307' title='bbox 608 4144 796 4198; x_wconf 90' lang='lat' dir='ltr'><strong>puram</strong></span> <span class='ocrx_word' id='word_1_308' title='bbox 826 4138 1196 4196; x_wconf 54' lang='lat' dir='ltr'><strong>aeternamque</strong></span> <span class='ocrx_word' id='word_1_309' title='bbox 1245 4131 1481 4183; x_wconf 80' lang='lat' dir='ltr'><strong>animum</strong></span> <span class='ocrx_word' id='word_1_310' title='bbox 1509 4169 1525 4194; x_wconf 93' lang='lat'><strong>,</strong></span> <span class='ocrx_word' id='word_1_311' title='bbox 1560 4131 1830 4200; x_wconf 83' lang='lat' dir='ltr'><strong>siquidem</strong></span> <span class='ocrx_word' id='word_1_312' title='bbox 1868 4134 2072 4187; x_wconf 87' lang='lat' dir='ltr'><strong>malitia</strong></span> 
     </span>
    </p>
   </div>
   <div class='ocr_carea' id='block_1_45' title="bbox 489 4220 1041 4290">
    <p class='ocr_par' dir='ltr' id='par_1_45' title="bbox 489 4220 1041 4290">
     <span class='ocr_line' id='line_1_45' title="bbox 489 4220 1041 4290; baseline 0 -18"><span class='ocrx_word' id='word_1_313' title='bbox 489 4221 556 4274; x_wconf 88' lang='lat' dir='ltr'><strong>ad</strong></span> <span class='ocrx_word' id='word_1_314' title='bbox 585 4221 839 4290; x_wconf 88' lang='lat' dir='ltr'><strong>angulum</strong></span> <span class='ocrx_word' id='word_1_315' title='bbox 867 4220 1041 4273; x_wconf 86' lang='lat' dir='ltr'><strong>sedet.</strong></span> 
     </span>
    </p>
   </div>
   <div class='ocr_carea' id='block_1_46' title="bbox 561 4309 2072 4376">
    <p class='ocr_par' dir='ltr' id='par_1_46' title="bbox 561 4309 2072 4376">
     <span class='ocr_line' id='line_1_46' title="bbox 561 4309 2072 4376; baseline 0.005 -14"><span class='ocrx_word' id='word_1_316' title='bbox 561 4310 689 4365; x_wconf 82' lang='lat' dir='ltr'><strong>luto.</strong></span> <span class='ocrx_word' id='word_1_317' title='bbox 723 4309 1025 4363; x_wconf 73' lang='lat' dir='ltr'><strong>“luxerunt</strong></span> <span class='ocrx_word' id='word_1_318' title='bbox 1051 4309 1572 4363; x_wconf 74' lang='lat' dir='ltr'><strong>coruscationestua:</strong></span> <span class='ocrx_word' id='word_1_319' title='bbox 1613 4312 1726 4364; x_wconf 81' lang='lat' dir='ltr'><strong>orbi</strong></span> <span class='ocrx_word' id='word_1_320' title='bbox 1753 4323 1926 4376; x_wconf 50' lang='lat' dir='ltr'><strong>terrai,</strong></span> <span class='ocrx_word' id='word_1_321' title='bbox 1960 4322 2072 4368; x_wconf 90' lang='lat' dir='ltr'><strong>etc.</strong></span> 
     </span>
    </p>
   </div>
   <div class='ocr_carea' id='block_1_47' title="bbox 2176 473 3774 546">
    <p class='ocr_par' dir='ltr' id='par_1_47' title="bbox 2176 473 3774 546">
     <span class='ocr_line' id='line_1_47' title="bbox 2176 473 3774 546; baseline -0.001 -17"><span class='ocrx_word' id='word_1_322' title='bbox 2176 475 2511 545; x_wconf 77' lang='grc' dir='ltr'><strong>ἐμνήσθην,</strong></span> <span class='ocrx_word' id='word_1_323' title='bbox 2552 493 2606 528; x_wconf 88' lang='grc' dir='ltr'><strong>κ.</strong></span> <span class='ocrx_word' id='word_1_324' title='bbox 2639 491 2688 528; x_wconf 89' lang='grc' dir='ltr'><strong>τ.</strong></span> <span class='ocrx_word' id='word_1_325' title='bbox 2728 476 2772 528; x_wconf 82' lang='grc' dir='ltr'>ἑ.</span> <span class='ocrx_word' id='word_1_326' title='bbox 2815 476 2874 526; x_wconf 86' lang='lat'><strong>&#39;0</strong></span> <span class='ocrx_word' id='word_1_327' title='bbox 2906 473 2976 527; x_wconf 85' lang='grc' dir='ltr'>τὰ</span> <span class='ocrx_word' id='word_1_328' title='bbox 3009 473 3180 544; x_wconf 78' lang='grc' dir='ltr'>ἄδηλα</span> <span class='ocrx_word' id='word_1_329' title='bbox 3209 475 3321 545; x_wconf 66' lang='grc'>(29)</span> <span class='ocrx_word' id='word_1_330' title='bbox 3345 475 3529 528; x_wconf 76' lang='grc' dir='ltr'>καὶτὰ</span> <span class='ocrx_word' id='word_1_331' title='bbox 3558 474 3774 546; x_wconf 70' lang='grc' dir='ltr'>κρύφια</span> 
     </span>
    </p>
   </div>
   <div class='ocr_carea' id='block_1_48' title="bbox 2176 561 3775 638">
    <p class='ocr_par' dir='ltr' id='par_1_48' title="bbox 2176 561 3775 638">
     <span class='ocr_line' id='line_1_48' title="bbox 2176 561 3775 638; baseline -0.002 -18"><span class='ocrx_word' id='word_1_332' title='bbox 2176 568 2270 620; x_wconf 82' lang='grc' dir='ltr'><strong>τοῦ</strong></span> <span class='ocrx_word' id='word_1_333' title='bbox 2297 566 2432 620; x_wconf 88' lang='grc' dir='ltr'>Θεοῦ</span> <span class='ocrx_word' id='word_1_334' title='bbox 2462 565 2739 635; x_wconf 75' lang='grc' dir='ltr'>ἐγνωκὼς,</span> <span class='ocrx_word' id='word_1_335' title='bbox 2773 561 2928 630; x_wconf 79' lang='grc' dir='ltr'>οὗτος</span> <span class='ocrx_word' id='word_1_336' title='bbox 2971 567 3066 620; x_wconf 75' lang='grc' dir='ltr'><strong>καὶ</strong></span> <span class='ocrx_word' id='word_1_337' title='bbox 3103 567 3204 631; x_wconf 86' lang='grc' dir='ltr'>τὰς</span> <span class='ocrx_word' id='word_1_338' title='bbox 3250 569 3470 638; x_wconf 82' lang='grc' dir='ltr'><strong>μνήμας</strong></span> <span class='ocrx_word' id='word_1_339' title='bbox 3509 565 3620 638; x_wconf 72' lang='grc' dir='ltr'>ἔχει</span> <span class='ocrx_word' id='word_1_340' title='bbox 3655 566 3775 620; x_wconf 76' lang='grc' dir='ltr'>τῶν</span> 
     </span>
    </p>
   </div>
   <div class='ocr_carea' id='block_1_49' title="bbox 2179 657 3775 730">
    <p class='ocr_par' dir='ltr' id='par_1_49' title="bbox 2179 657 3775 730">
     <span class='ocr_line' id='line_1_49' title="bbox 2179 657 3775 730; baseline -0.001 -18"><span class='ocrx_word' id='word_1_341' title='bbox 2179 659 2559 730; x_wconf 82' lang='grc' dir='ltr'><strong>παρελθόντων</strong></span> <span class='ocrx_word' id='word_1_342' title='bbox 2592 657 2804 711; x_wconf 76' lang='grc' dir='ltr'>αἰώνων</span> <span class='ocrx_word' id='word_1_343' title='bbox 2832 697 2846 721; x_wconf 95' lang='grc'><strong>,</strong></span> <span class='ocrx_word' id='word_1_344' title='bbox 2907 659 3000 712; x_wconf 74' lang='grc' dir='ltr'>καὶ</span> <span class='ocrx_word' id='word_1_345' title='bbox 3029 659 3139 712; x_wconf 82' lang='grc' dir='ltr'>τῶν</span> <span class='ocrx_word' id='word_1_346' title='bbox 3166 660 3224 712; x_wconf 83' lang='grc' dir='ltr'><strong>ὲν</strong></span> <span class='ocrx_word' id='word_1_347' title='bbox 3257 659 3439 722; x_wconf 80' lang='grc' dir='ltr'>αὐτοῖς</span> <span class='ocrx_word' id='word_1_348' title='bbox 3469 657 3605 711; x_wconf 83' lang='grc' dir='ltr'><strong>ὲτῶν</strong></span> <span class='ocrx_word' id='word_1_349' title='bbox 3627 697 3643 721; x_wconf 92' lang='grc'><strong>,</strong></span> <span class='ocrx_word' id='word_1_350' title='bbox 3674 659 3775 711; x_wconf 69' lang='grc' dir='ltr'><strong>καὶ</strong></span> 
     </span>
    </p>
   </div>
   <div class='ocr_carea' id='block_1_50' title="bbox 2177 746 3545 824">
    <p class='ocr_par' dir='ltr' id='par_1_50' title="bbox 2177 746 3545 824">
     <span class='ocr_line' id='line_1_50' title="bbox 2177 746 3545 824; baseline 0 -20"><span class='ocrx_word' id='word_1_351' title='bbox 2177 751 2272 815; x_wconf 71' lang='grc' dir='ltr'>τὰς</span> <span class='ocrx_word' id='word_1_352' title='bbox 2297 751 2355 816; x_wconf 80' lang='grc' dir='ltr'><strong>ἐξ</strong></span> <span class='ocrx_word' id='word_1_353' title='bbox 2385 746 2460 804; x_wconf 79' lang='grc' dir='ltr'><strong>ὧν</strong></span> <span class='ocrx_word' id='word_1_354' title='bbox 2490 749 2663 804; x_wconf 87' lang='grc' dir='ltr'>ταῦτα</span> <span class='ocrx_word' id='word_1_355' title='bbox 2696 751 3026 820; x_wconf 83' lang='grc' dir='ltr'><strong>συνέστηκεν</strong></span> <span class='ocrx_word' id='word_1_356' title='bbox 3053 751 3287 821; x_wconf 79' lang='grc' dir='ltr'><strong>ἀρχαίας</strong></span> <span class='ocrx_word' id='word_1_357' title='bbox 3311 751 3545 824; x_wconf 78' lang='grc' dir='ltr'>ἡμέρας.</span> 
     </span>
    </p>
   </div>
   <div class='ocr_carea' id='block_1_51' title="bbox 2248 839 3768 911">
    <p class='ocr_par' dir='ltr' id='par_1_51' title="bbox 2248 839 3768 911">
     <span class='ocr_line' id='line_1_51' title="bbox 2248 839 3768 911; baseline -0.001 -15"><span class='ocrx_word' id='word_1_358' title='bbox 2248 841 2482 908; x_wconf 82' lang='grc' dir='ltr'><strong>Νυκτὸς</strong></span> <span class='ocrx_word' id='word_1_359' title='bbox 2497 841 2650 910; x_wconf 83' lang='grc' dir='ltr'>μετὰ</span> <span class='ocrx_word' id='word_1_360' title='bbox 2676 839 2784 909; x_wconf 76' lang='grc' dir='ltr'><strong>τῆς</strong></span> <span class='ocrx_word' id='word_1_361' title='bbox 2808 841 3055 909; x_wconf 76' lang='grc' dir='ltr'><strong>καρδίας</strong></span> <span class='ocrx_word' id='word_1_362' title='bbox 3071 859 3193 910; x_wconf 85' lang='grc' dir='ltr'><strong>μου</strong></span> <span class='ocrx_word' id='word_1_363' title='bbox 3229 842 3634 911; x_wconf 71' lang='grc' dir='ltr'>ἠδολέσχουν,</span> <span class='ocrx_word' id='word_1_364' title='bbox 3665 844 3768 896; x_wconf 75' lang='grc' dir='ltr'>καὶ</span> 
     </span>
    </p>
   </div>
   <div class='ocr_carea' id='block_1_52' title="bbox 2177 931 3768 1004">
    <p class='ocr_par' dir='ltr' id='par_1_52' title="bbox 2177 931 3768 1004">
     <span class='ocr_line' id='line_1_52' title="bbox 2177 931 3768 1004; baseline 0 -18"><span class='ocrx_word' id='word_1_365' title='bbox 2177 933 2489 988; x_wconf 73' lang='grc' dir='ltr'>ἔσκαλλον</span> <span class='ocrx_word' id='word_1_366' title='bbox 2515 932 2580 986; x_wconf 89' lang='grc' dir='ltr'>τὸ</span> <span class='ocrx_word' id='word_1_367' title='bbox 2604 931 2842 1001; x_wconf 81' lang='grc' dir='ltr'>πνεῦμά</span> <span class='ocrx_word' id='word_1_368' title='bbox 2863 951 3005 1001; x_wconf 80' lang='grc' dir='ltr'>μου,</span> <span class='ocrx_word' id='word_1_369' title='bbox 3041 951 3093 988; x_wconf 88' lang='grc' dir='ltr'><strong>κ.</strong></span> <span class='ocrx_word' id='word_1_370' title='bbox 3119 951 3171 988; x_wconf 87' lang='grc' dir='ltr'><strong>τ.</strong></span> <span class='ocrx_word' id='word_1_371' title='bbox 3195 933 3242 987; x_wconf 81' lang='grc' dir='ltr'>ὲ.</span> <span class='ocrx_word' id='word_1_372' title='bbox 3268 935 3413 987; x_wconf 75' lang='grc' dir='ltr'>Ὠσεὶ</span> <span class='ocrx_word' id='word_1_373' title='bbox 3447 935 3596 1004; x_wconf 77' lang='grc' dir='ltr'>ἔλεγε</span> <span class='ocrx_word' id='word_1_374' title='bbox 3623 933 3768 1004; x_wconf 70' lang='grc' dir='ltr'>(5οΫ</span> 
     </span>
    </p>
   </div>
   <div class='ocr_carea' id='block_1_53' title="bbox 2177 1020 3176 1095">
    <p class='ocr_par' dir='ltr' id='par_1_53' title="bbox 2177 1020 3176 1095">
     <span class='ocr_line' id='line_1_53' title="bbox 2177 1020 3176 1095; baseline 0.002 -19"><span class='ocrx_word' id='word_1_375' title='bbox 2177 1022 2277 1076; x_wconf 76' lang='grc' dir='ltr'><strong>Νοῒ</strong></span> <span class='ocrx_word' id='word_1_376' title='bbox 2305 1023 2400 1076; x_wconf 72' lang='grc' dir='ltr'><strong>καὶ</strong></span> <span class='ocrx_word' id='word_1_377' title='bbox 2431 1022 2510 1092; x_wconf 81' lang='grc' dir='ltr'>τῷ</span> <span class='ocrx_word' id='word_1_378' title='bbox 2537 1021 2805 1093; x_wconf 80' lang='grc' dir='ltr'>πνεύματι</span> <span class='ocrx_word' id='word_1_379' title='bbox 2829 1020 3176 1095; x_wconf 81' lang='grc' dir='ltr'>ὴδολέσχουν.</span> 
     </span>
    </p>
   </div>
   <div class='ocr_carea' id='block_1_54' title="bbox 2253 1114 3766 1186">
    <p class='ocr_par' dir='ltr' id='par_1_54' title="bbox 2253 1114 3766 1186">
     <span class='ocr_line' id='line_1_54' title="bbox 2253 1114 3766 1186; baseline 0.004 -17"><span class='ocrx_word' id='word_1_380' title='bbox 2253 1116 2330 1169; x_wconf 85' lang='grc' dir='ltr'><em>Ἣ</em></span> <span class='ocrx_word' id='word_1_381' title='bbox 2355 1117 2443 1180; x_wconf 75' lang='grc' dir='ltr'><strong>εἰς</strong></span> <span class='ocrx_word' id='word_1_382' title='bbox 2471 1115 2648 1180; x_wconf 79' lang='grc' dir='ltr'>τέλος</span> <span class='ocrx_word' id='word_1_383' title='bbox 2681 1114 2748 1168; x_wconf 84' lang='grc' dir='ltr'>τὸ</span> <span class='ocrx_word' id='word_1_384' title='bbox 2784 1114 2958 1182; x_wconf 80' lang='grc' dir='ltr'>ἕλεος</span> <span class='ocrx_word' id='word_1_385' title='bbox 2986 1115 3173 1171; x_wconf 79' lang='grc' dir='ltr'>αὑτοῦ</span> <span class='ocrx_word' id='word_1_386' title='bbox 3218 1118 3509 1186; x_wconf 64' lang='grc' dir='ltr'>ἀποκόψει</span> <span class='ocrx_word' id='word_1_387' title='bbox 3528 1134 3546 1182; x_wconf 92' lang='grc'><strong><em>;</em></strong></span> <span class='ocrx_word' id='word_1_388' title='bbox 3567 1136 3622 1171; x_wconf 92' lang='grc' dir='ltr'><strong>κ.</strong></span> <span class='ocrx_word' id='word_1_389' title='bbox 3645 1135 3697 1172; x_wconf 90' lang='grc' dir='ltr'><strong>τ.</strong></span> <span class='ocrx_word' id='word_1_390' title='bbox 3715 1119 3766 1175; x_wconf 80' lang='grc' dir='ltr'>ὲ.</span> 
     </span>
    </p>
   </div>
   <div class='ocr_carea' id='block_1_55' title="bbox 2189 1206 3772 1282">
    <p class='ocr_par' dir='ltr' id='par_1_55' title="bbox 2189 1206 3772 1282">
     <span class='ocr_line' id='line_1_55' title="bbox 2189 1206 3772 1282; baseline 0.004 -23"><span class='ocrx_word' id='word_1_391' title='bbox 2189 1207 2276 1270; x_wconf 85' lang='grc' dir='ltr'>Ὣς</span> <span class='ocrx_word' id='word_1_392' title='bbox 2314 1207 2610 1270; x_wconf 81' lang='grc' dir='ltr'><strong>κόπτοντος</strong></span> <span class='ocrx_word' id='word_1_393' title='bbox 2645 1206 2811 1259; x_wconf 79' lang='grc' dir='ltr'>αὐτοῦ</span> <span class='ocrx_word' id='word_1_394' title='bbox 2845 1207 2956 1278; x_wconf 84' lang='grc'>(51)</span> <span class='ocrx_word' id='word_1_395' title='bbox 2986 1209 3048 1260; x_wconf 77' lang='grc' dir='ltr'>τὸ</span> <span class='ocrx_word' id='word_1_396' title='bbox 3077 1207 3225 1282; x_wconf 73' lang='grc' dir='ltr'>ἔλεος</span> <span class='ocrx_word' id='word_1_397' title='bbox 3246 1209 3338 1262; x_wconf 77' lang='grc' dir='ltr'>ἐπί</span> <span class='ocrx_word' id='word_1_398' title='bbox 3360 1225 3519 1274; x_wconf 86' lang='grc' dir='ltr'>τισιν,</span> <span class='ocrx_word' id='word_1_399' title='bbox 3549 1210 3772 1282; x_wconf 78' lang='grc' dir='ltr'>εἴρηται</span> 
     </span>
    </p>
   </div>
   <div class='ocr_carea' id='block_1_56' title="bbox 2176 1281 3767 1372">
    <p class='ocr_par' dir='ltr' id='par_1_56' title="bbox 2176 1281 3767 1372">
     <span class='ocr_line' id='line_1_56' title="bbox 2176 1281 3767 1372; baseline 0.002 -19"><span class='ocrx_word' id='word_1_400' title='bbox 2176 1298 2410 1369; x_wconf 79' lang='grc' dir='ltr'>ἀλλαχοῦ</span> <span class='ocrx_word' id='word_1_401' title='bbox 2444 1299 2532 1364; x_wconf 84' lang='grc' dir='ltr'><strong>τὸ,</strong></span> <span class='ocrx_word' id='word_1_402' title='bbox 2573 1315 2590 1350; x_wconf 79' lang='grc' dir='ltr'><strong>ι</strong></span> <span class='ocrx_word' id='word_1_403' title='bbox 2622 1297 2955 1370; x_wconf 81' lang='grc' dir='ltr'>Παράτεινον</span> <span class='ocrx_word' id='word_1_404' title='bbox 3010 1300 3070 1352; x_wconf 81' lang='grc' dir='ltr'>τὸ</span> <span class='ocrx_word' id='word_1_405' title='bbox 3126 1281 3275 1365; x_wconf 67' lang='grc' dir='ltr'>ἔλεός</span> <span class='ocrx_word' id='word_1_406' title='bbox 3314 1319 3408 1354; x_wconf 87' lang='grc' dir='ltr'><strong>σου</strong></span> <span class='ocrx_word' id='word_1_407' title='bbox 3439 1305 3551 1366; x_wconf 84' lang='grc' dir='ltr'>τοῖς</span> <span class='ocrx_word' id='word_1_408' title='bbox 3597 1281 3767 1372; x_wconf 74' lang='grc' dir='ltr'>γινώ-</span> 
     </span>
    </p>
   </div>
   <div class='ocr_carea' id='block_1_57' title="bbox 2178 1390 2529 1442">
    <p class='ocr_par' dir='ltr' id='par_1_57' title="bbox 2178 1390 2529 1442">
     <span class='ocr_line' id='line_1_57' title="bbox 2178 1390 2529 1442; baseline -0.003 0"><span class='ocrx_word' id='word_1_409' title='bbox 2178 1390 2368 1442; x_wconf 86' lang='grc' dir='ltr'>σκουσί</span> <span class='ocrx_word' id='word_1_410' title='bbox 2401 1405 2479 1441; x_wconf 89' lang='grc' dir='ltr'><strong>σε.</strong></span> <span class='ocrx_word' id='word_1_411' title='bbox 2511 1407 2529 1441; x_wconf 73' lang='grc' dir='ltr'><strong>ι</strong></span> 
     </span>
    </p>
   </div>
   <div class='ocr_carea' id='block_1_58' title="bbox 2246 1478 3764 1554">
    <p class='ocr_par' dir='ltr' id='par_1_58' title="bbox 2246 1478 3764 1554">
     <span class='ocr_line' id='line_1_58' title="bbox 2246 1478 3764 1554; baseline 0.002 -18"><span class='ocrx_word' id='word_1_412' title='bbox 2246 1481 2356 1536; x_wconf 79' lang='grc' dir='ltr'><strong>Καὶ</strong></span> <span class='ocrx_word' id='word_1_413' title='bbox 2379 1478 2538 1536; x_wconf 62' lang='lat' dir='ltr'><strong>ebur</strong></span> <span class='ocrx_word' id='word_1_414' title='bbox 2572 1480 2703 1536; x_wconf 85' lang='grc' dir='ltr'><strong>Νῦν</strong></span> <span class='ocrx_word' id='word_1_415' title='bbox 2733 1481 3032 1552; x_wconf 76' lang='grc' dir='ltr'><strong>ἠρξάμην,</strong></span> <span class='ocrx_word' id='word_1_416' title='bbox 3064 1483 3213 1551; x_wconf 80' lang='grc' dir='ltr'>αὕτη</span> <span class='ocrx_word' id='word_1_417' title='bbox 3235 1484 3274 1552; x_wconf 78' lang='grc' dir='ltr'>ἡ</span> <span class='ocrx_word' id='word_1_418' title='bbox 3295 1485 3622 1552; x_wconf 72' lang='grc' dir='ltr'>ἀλλοίωσις</span> <span class='ocrx_word' id='word_1_419' title='bbox 3650 1486 3764 1554; x_wconf 80' lang='grc' dir='ltr'>τῆς</span> 
     </span>
    </p>
   </div>
   <div class='ocr_carea' id='block_1_59' title="bbox 2175 1570 3759 1646">
    <p class='ocr_par' dir='ltr' id='par_1_59' title="bbox 2175 1570 3759 1646">
     <span class='ocr_line' id='line_1_59' title="bbox 2175 1570 3759 1646; baseline 0.003 -22"><span class='ocrx_word' id='word_1_420' title='bbox 2175 1570 2381 1638; x_wconf 81' lang='grc' dir='ltr'>δεξιᾶς</span> <span class='ocrx_word' id='word_1_421' title='bbox 2405 1573 2512 1626; x_wconf 86' lang='grc' dir='ltr'><strong>τοῦ</strong></span> <span class='ocrx_word' id='word_1_422' title='bbox 2550 1573 2870 1640; x_wconf 56' lang='grc' dir='ltr'>’Υψίστοψ</span> <span class='ocrx_word' id='word_1_423' title='bbox 2903 1591 2958 1626; x_wconf 91' lang='grc' dir='ltr'><strong>κ.</strong></span> <span class='ocrx_word' id='word_1_424' title='bbox 2979 1591 3029 1627; x_wconf 89' lang='grc' dir='ltr'>τ.</span> <span class='ocrx_word' id='word_1_425' title='bbox 3050 1576 3095 1628; x_wconf 87' lang='grc' dir='ltr'>ὲ.</span> <span class='ocrx_word' id='word_1_426' title='bbox 3115 1574 3385 1627; x_wconf 73' lang='grc' dir='ltr'>Οὐδέποτε</span> <span class='ocrx_word' id='word_1_427' title='bbox 3419 1575 3620 1645; x_wconf 72' lang='grc' dir='ltr'>ἦρξατο</span> <span class='ocrx_word' id='word_1_428' title='bbox 3645 1576 3759 1646; x_wconf 64' lang='grc'>(5⁵2)</span> 
     </span>
    </p>
   </div>
   <div class='ocr_carea' id='block_1_60' title="bbox 2176 1663 3761 1738">
    <p class='ocr_par' dir='ltr' id='par_1_60' title="bbox 2176 1663 3761 1738">
     <span class='ocr_line' id='line_1_60' title="bbox 2176 1663 3761 1738; baseline 0.001 -21"><span class='ocrx_word' id='word_1_429' title='bbox 2176 1664 2470 1736; x_wconf 85' lang='grc' dir='ltr'>κεκραγὼς</span> <span class='ocrx_word' id='word_1_430' title='bbox 2493 1663 2631 1737; x_wconf 82' lang='grc' dir='ltr'>πρὸς</span> <span class='ocrx_word' id='word_1_431' title='bbox 2657 1664 2813 1729; x_wconf 82' lang='grc' dir='ltr'>Θεὸν,</span> <span class='ocrx_word' id='word_1_432' title='bbox 2837 1665 2934 1718; x_wconf 78' lang='grc' dir='ltr'><strong>καὶ</strong></span> <span class='ocrx_word' id='word_1_433' title='bbox 2963 1665 3022 1718; x_wconf 81' lang='grc' dir='ltr'><strong>ὲν</strong></span> <span class='ocrx_word' id='word_1_434' title='bbox 3050 1666 3232 1737; x_wconf 79' lang='grc' dir='ltr'><strong>ἡμέρᾳ</strong></span> <span class='ocrx_word' id='word_1_435' title='bbox 3258 1665 3491 1736; x_wconf 80' lang='grc' dir='ltr'><strong>θλίψεως</strong></span> <span class='ocrx_word' id='word_1_436' title='bbox 3519 1666 3761 1738; x_wconf 82' lang='grc' dir='ltr'><strong>ζητήσας</strong></span> 
     </span>
    </p>
   </div>
   <div class='ocr_carea' id='block_1_61' title="bbox 2179 1754 3762 1827">
    <p class='ocr_par' dir='ltr' id='par_1_61' title="bbox 2179 1754 3762 1827">
     <span class='ocr_line' id='line_1_61' title="bbox 2179 1754 3762 1827; baseline 0.001 -19"><span class='ocrx_word' id='word_1_437' title='bbox 2179 1755 2342 1809; x_wconf 78' lang='grc' dir='ltr'>αὑτὸν</span> <span class='ocrx_word' id='word_1_438' title='bbox 2371 1795 2386 1818; x_wconf 93' lang='grc'><strong>,</strong></span> <span class='ocrx_word' id='word_1_439' title='bbox 2443 1755 2536 1808; x_wconf 77' lang='grc' dir='ltr'>καὶ</span> <span class='ocrx_word' id='word_1_440' title='bbox 2587 1755 2660 1826; x_wconf 80' lang='grc' dir='ltr'><strong>μὴ</strong></span> <span class='ocrx_word' id='word_1_441' title='bbox 2693 1754 2994 1824; x_wconf 78' lang='grc' dir='ltr'>ἀπατηθεὶς</span> <span class='ocrx_word' id='word_1_442' title='bbox 3019 1793 3034 1819; x_wconf 96' lang='grc'><strong>,</strong></span> <span class='ocrx_word' id='word_1_443' title='bbox 3071 1757 3164 1808; x_wconf 72' lang='grc' dir='ltr'>καὶ</span> <span class='ocrx_word' id='word_1_444' title='bbox 3197 1755 3291 1808; x_wconf 77' lang='grc' dir='ltr'>ἐπὶ</span> <span class='ocrx_word' id='word_1_445' title='bbox 3327 1755 3404 1827; x_wconf 80' lang='grc' dir='ltr'>τῷ</span> <span class='ocrx_word' id='word_1_446' title='bbox 3451 1755 3762 1826; x_wconf 80' lang='grc' dir='ltr'>μεμνῆσθαι</span> 
     </span>
    </p>
   </div>
   <div class='ocr_carea' id='block_1_62' title="bbox 2179 1847 3764 1920">
    <p class='ocr_par' dir='ltr' id='par_1_62' title="bbox 2179 1847 3764 1920">
     <span class='ocr_line' id='line_1_62' title="bbox 2179 1847 3764 1920; baseline -0.001 -19"><span class='ocrx_word' id='word_1_447' title='bbox 2179 1847 2276 1901; x_wconf 89' lang='grc' dir='ltr'><strong>τοῦ</strong></span> <span class='ocrx_word' id='word_1_448' title='bbox 2307 1847 2444 1901; x_wconf 83' lang='grc' dir='ltr'>Θεοῦ</span> <span class='ocrx_word' id='word_1_449' title='bbox 2473 1847 2818 1920; x_wconf 77' lang='grc' dir='ltr'>εὐφρανθεὶς,</span> <span class='ocrx_word' id='word_1_450' title='bbox 2840 1847 3363 1920; x_wconf 76' lang='grc' dir='ltr'>προκαταλαϐόντων</span> <span class='ocrx_word' id='word_1_451' title='bbox 3382 1847 3627 1918; x_wconf 77' lang='grc' dir='ltr'>φυλακὰς</span> <span class='ocrx_word' id='word_1_452' title='bbox 3652 1849 3764 1901; x_wconf 80' lang='grc' dir='ltr'>τῶν</span> 
     </span>
    </p>
   </div>
   <div class='ocr_carea' id='block_1_63' title="bbox 2179 1938 3763 2013">
    <p class='ocr_par' dir='ltr' id='par_1_63' title="bbox 2179 1938 3763 2013">
     <span class='ocr_line' id='line_1_63' title="bbox 2179 1938 3763 2013; baseline 0.003 -22"><span class='ocrx_word' id='word_1_453' title='bbox 2179 1939 2474 2010; x_wconf 78' lang='grc' dir='ltr'><strong>ὀφθαλμῶν</strong></span> <span class='ocrx_word' id='word_1_454' title='bbox 2503 1939 2689 1994; x_wconf 85' lang='grc' dir='ltr'>αὐτοῦ.</span> <span class='ocrx_word' id='word_1_455' title='bbox 2724 1938 2887 2006; x_wconf 79' lang='grc' dir='ltr'>Δεξιὰ</span> <span class='ocrx_word' id='word_1_456' title='bbox 2912 1939 2970 1993; x_wconf 75' lang='grc' dir='ltr'>δὲ</span> <span class='ocrx_word' id='word_1_457' title='bbox 3003 1938 3098 1993; x_wconf 88' lang='grc' dir='ltr'><strong>τοῦ</strong></span> <span class='ocrx_word' id='word_1_458' title='bbox 3135 1940 3390 2010; x_wconf 75' lang='grc' dir='ltr'>Ὑψίστου</span> <span class='ocrx_word' id='word_1_459' title='bbox 3410 1943 3438 1994; x_wconf 82' lang='grc' dir='ltr'><strong>ὁ</strong></span> <span class='ocrx_word' id='word_1_460' title='bbox 3465 1942 3676 2013; x_wconf 78' lang='grc' dir='ltr'>Σωτὴρ,</span> <span class='ocrx_word' id='word_1_461' title='bbox 3701 1942 3763 2007; x_wconf 80' lang='grc' dir='ltr'>ὃς</span> 
     </span>
    </p>
   </div>
   <div class='ocr_carea' id='block_1_64' title="bbox 2179 2030 3761 2104">
    <p class='ocr_par' dir='ltr' id='par_1_64' title="bbox 2179 2030 3761 2104">
     <span class='ocr_line' id='line_1_64' title="bbox 2179 2030 3761 2104; baseline 0.002 -21"><span class='ocrx_word' id='word_1_462' title='bbox 2179 2031 2472 2101; x_wconf 81' lang='grc' dir='ltr'>ὴλλοίωσεν</span> <span class='ocrx_word' id='word_1_463' title='bbox 2507 2031 2720 2096; x_wconf 77' lang='grc' dir='ltr'>ἑαυτὸν,</span> <span class='ocrx_word' id='word_1_464' title='bbox 2757 2030 2972 2103; x_wconf 73' lang='grc' dir='ltr'>μορφὴν</span> <span class='ocrx_word' id='word_1_465' title='bbox 3003 2031 3188 2084; x_wconf 81' lang='grc' dir='ltr'>δούλου</span> <span class='ocrx_word' id='word_1_466' title='bbox 3233 2031 3414 2086; x_wconf 76' lang='grc' dir='ltr'>λαϐὼν</span> <span class='ocrx_word' id='word_1_467' title='bbox 3435 2073 3449 2097; x_wconf 90' lang='grc'><strong>,</strong></span> <span class='ocrx_word' id='word_1_468' title='bbox 3481 2033 3550 2086; x_wconf 84' lang='grc' dir='ltr'>δι’</span> <span class='ocrx_word' id='word_1_469' title='bbox 3575 2034 3634 2086; x_wconf 71' lang='grc' dir='ltr'><strong>ὃν</strong></span> <span class='ocrx_word' id='word_1_470' title='bbox 3655 2035 3761 2104; x_wconf 70' lang='grc' dir='ltr'><strong>ἠρ-</strong></span> 
     </span>
    </p>
   </div>
   <div class='ocr_carea' id='block_1_65' title="bbox 2181 2123 3765 2196">
    <p class='ocr_par' dir='ltr' id='par_1_65' title="bbox 2181 2123 3765 2196">
     <span class='ocr_line' id='line_1_65' title="bbox 2181 2123 3765 2196; baseline 0 -18"><span class='ocrx_word' id='word_1_471' title='bbox 2181 2124 2390 2196; x_wconf 81' lang='grc' dir='ltr'>ξάμεθα</span> <span class='ocrx_word' id='word_1_472' title='bbox 2417 2125 2476 2177; x_wconf 80' lang='grc' dir='ltr'><strong>ὲν</strong></span> <span class='ocrx_word' id='word_1_473' title='bbox 2506 2127 2573 2196; x_wconf 80' lang='grc' dir='ltr'>τῇ</span> <span class='ocrx_word' id='word_1_474' title='bbox 2612 2125 2790 2195; x_wconf 77' lang='grc' dir='ltr'>Καινῇ</span> <span class='ocrx_word' id='word_1_475' title='bbox 2832 2123 3394 2195; x_wconf 80' lang='grc' dir='ltr'>προευτρεπισάμενοι</span> <span class='ocrx_word' id='word_1_476' title='bbox 3443 2127 3522 2188; x_wconf 84' lang='grc' dir='ltr'><strong>είς</strong></span> <span class='ocrx_word' id='word_1_477' title='bbox 3554 2125 3616 2178; x_wconf 81' lang='grc' dir='ltr'>τὸ</span> <span class='ocrx_word' id='word_1_478' title='bbox 3659 2125 3765 2196; x_wconf 72' lang='grc' dir='ltr'><strong>ἄρα</strong></span> 
     </span>
    </p>
   </div>
   <div class='ocr_carea' id='block_1_66' title="bbox 2182 2215 3760 2289">
    <p class='ocr_par' dir='ltr' id='par_1_66' title="bbox 2182 2215 3760 2289">
     <span class='ocr_line' id='line_1_66' title="bbox 2182 2215 3760 2289; baseline -0.001 -19"><span class='ocrx_word' id='word_1_479' title='bbox 2182 2216 2373 2282; x_wconf 82' lang='grc' dir='ltr'><strong>ξασθαι</strong></span> <span class='ocrx_word' id='word_1_480' title='bbox 2396 2217 2524 2280; x_wconf 80' lang='grc' dir='ltr'>τοὺς</span> <span class='ocrx_word' id='word_1_481' title='bbox 2560 2215 2766 2280; x_wconf 81' lang='grc' dir='ltr'>τύπους</span> <span class='ocrx_word' id='word_1_482' title='bbox 2792 2215 3082 2280; x_wconf 78' lang='grc' dir='ltr'>παύεσθαι,</span> <span class='ocrx_word' id='word_1_483' title='bbox 3124 2215 3388 2286; x_wconf 79' lang='grc' dir='ltr'>ἄρχεσθαι</span> <span class='ocrx_word' id='word_1_484' title='bbox 3410 2217 3467 2270; x_wconf 76' lang='grc' dir='ltr'>δὲ</span> <span class='ocrx_word' id='word_1_485' title='bbox 3497 2217 3594 2288; x_wconf 77' lang='grc' dir='ltr'><strong>τὴν</strong></span> <span class='ocrx_word' id='word_1_486' title='bbox 3623 2217 3760 2289; x_wconf 74' lang='grc' dir='ltr'><strong>ἀλή-</strong></span> 
     </span>
    </p>
   </div>
   <div class='ocr_carea' id='block_1_67' title="bbox 2181 2308 2350 2362">
    <p class='ocr_par' dir='ltr' id='par_1_67' title="bbox 2181 2308 2350 2362">
     <span class='ocr_line' id='line_1_67' title="bbox 2181 2308 2350 2362; baseline -0.006 -1"><span class='ocrx_word' id='word_1_487' title='bbox 2181 2308 2350 2362; x_wconf 75' lang='grc' dir='ltr'>Θείαν.</span> 
     </span>
    </p>
   </div>
   <div class='ocr_carea' id='block_1_68' title="bbox 2257 2398 3760 2471">
    <p class='ocr_par' dir='ltr' id='par_1_68' title="bbox 2257 2398 3760 2471">
     <span class='ocr_line' id='line_1_68' title="bbox 2257 2398 3760 2471; baseline -0.001 -17"><span class='ocrx_word' id='word_1_488' title='bbox 2257 2399 2367 2454; x_wconf 88' lang='grc' dir='ltr'><strong>Τοῦ</strong></span> <span class='ocrx_word' id='word_1_489' title='bbox 2399 2400 2608 2454; x_wconf 86' lang='grc' dir='ltr'>αὐτοῦ.</span> <span class='ocrx_word' id='word_1_490' title='bbox 2669 2398 2978 2453; x_wconf 85' lang='grc' dir='ltr'>Ἀλλοίωσιν</span> <span class='ocrx_word' id='word_1_491' title='bbox 3030 2399 3178 2470; x_wconf 78' lang='grc' dir='ltr'>λέγει</span> <span class='ocrx_word' id='word_1_492' title='bbox 3227 2401 3337 2471; x_wconf 83' lang='grc'>(55)</span> <span class='ocrx_word' id='word_1_493' title='bbox 3380 2399 3611 2454; x_wconf 83' lang='grc' dir='ltr'>ἐνταῦθα</span> <span class='ocrx_word' id='word_1_494' title='bbox 3657 2401 3760 2470; x_wconf 80' lang='grc' dir='ltr'><strong>τὴν</strong></span> 
     </span>
    </p>
   </div>
   <div class='ocr_carea' id='block_1_69' title="bbox 2179 2490 3764 2564">
    <p class='ocr_par' dir='ltr' id='par_1_69' title="bbox 2179 2490 3764 2564">
     <span class='ocr_line' id='line_1_69' title="bbox 2179 2490 3764 2564; baseline -0.001 -18"><span class='ocrx_word' id='word_1_495' title='bbox 2179 2490 2289 2546; x_wconf 72' lang='grc' dir='ltr'>ἀπὸ</span> <span class='ocrx_word' id='word_1_496' title='bbox 2319 2491 2521 2556; x_wconf 77' lang='grc' dir='ltr'>κακίας</span> <span class='ocrx_word' id='word_1_497' title='bbox 2560 2491 2653 2545; x_wconf 79' lang='grc' dir='ltr'>καὶ</span> <span class='ocrx_word' id='word_1_498' title='bbox 2685 2491 2963 2560; x_wconf 79' lang='grc' dir='ltr'><strong>ἀγνωσίας</strong></span> <span class='ocrx_word' id='word_1_499' title='bbox 3020 2494 3108 2546; x_wconf 78' lang='grc' dir='ltr'><strong>ἐπ’</strong></span> <span class='ocrx_word' id='word_1_500' title='bbox 3161 2493 3365 2564; x_wconf 83' lang='grc' dir='ltr'>ἀρετὴν</span> <span class='ocrx_word' id='word_1_501' title='bbox 3420 2494 3515 2546; x_wconf 73' lang='grc' dir='ltr'>καὶ</span> <span class='ocrx_word' id='word_1_502' title='bbox 3561 2491 3764 2560; x_wconf 79' lang='grc' dir='ltr'>γνῶσιν</span> 
     </span>
    </p>
   </div>
   <div class='ocr_carea' id='block_1_70' title="bbox 2181 2582 2461 2637">
    <p class='ocr_par' dir='ltr' id='par_1_70' title="bbox 2181 2582 2461 2637">
     <span class='ocr_line' id='line_1_70' title="bbox 2181 2582 2461 2637; baseline 0.004 -1"><span class='ocrx_word' id='word_1_503' title='bbox 2181 2582 2461 2637; x_wconf 78' lang='grc' dir='ltr'>ἐπάνοδον.</span> 
     </span>
    </p>
   </div>
   <div class='ocr_carea' id='block_1_71' title="bbox 2263 2671 3767 2745">
    <p class='ocr_par' dir='ltr' id='par_1_71' title="bbox 2263 2671 3767 2745">
     <span class='ocr_line' id='line_1_71' title="bbox 2263 2671 3767 2745; baseline 0.003 -19"><span class='ocrx_word' id='word_1_504' title='bbox 2263 2673 2324 2726; x_wconf 80' lang='lat'><strong>&#39;0</strong></span> <span class='ocrx_word' id='word_1_505' title='bbox 2361 2671 2524 2738; x_wconf 85' lang='grc' dir='ltr'>Θεὸς,</span> <span class='ocrx_word' id='word_1_506' title='bbox 2555 2672 2626 2726; x_wconf 84' lang='grc' dir='ltr'><strong>ἐν</strong></span> <span class='ocrx_word' id='word_1_507' title='bbox 2650 2671 2730 2738; x_wconf 82' lang='grc' dir='ltr'>τῷ</span> <span class='ocrx_word' id='word_1_508' title='bbox 2761 2674 2906 2744; x_wconf 72' lang='grc' dir='ltr'>ἁγίῳ</span> <span class='ocrx_word' id='word_1_509' title='bbox 2935 2675 2972 2744; x_wconf 74' lang='grc' dir='ltr'><strong>’ἡ</strong></span> <span class='ocrx_word' id='word_1_510' title='bbox 3009 2675 3149 2742; x_wconf 80' lang='grc' dir='ltr'><strong>ὁδός</strong></span> <span class='ocrx_word' id='word_1_511' title='bbox 3178 2689 3318 2730; x_wconf 84' lang='grc' dir='ltr'>σου·</span> <span class='ocrx_word' id='word_1_512' title='bbox 3355 2677 3443 2742; x_wconf 75' lang='grc' dir='ltr'><strong>τίς</strong></span> <span class='ocrx_word' id='word_1_513' title='bbox 3479 2675 3622 2742; x_wconf 75' lang='grc' dir='ltr'>Θεὸς</span> <span class='ocrx_word' id='word_1_514' title='bbox 3656 2676 3767 2745; x_wconf 73' lang='grc' dir='ltr'><strong>μέ-</strong></span> 
     </span>
    </p>
   </div>
   <div class='ocr_carea' id='block_1_72' title="bbox 2177 2764 3816 2839">
    <p class='ocr_par' dir='ltr' id='par_1_72' title="bbox 2177 2764 3816 2839">
     <span class='ocr_line' id='line_1_72' title="bbox 2177 2764 3816 2839; baseline 0.001 -21"><span class='ocrx_word' id='word_1_515' title='bbox 2177 2781 2289 2834; x_wconf 81' lang='grc' dir='ltr'>γας</span> <span class='ocrx_word' id='word_1_516' title='bbox 2313 2765 2438 2830; x_wconf 87' lang='grc' dir='ltr'><strong>ὡςό</strong></span> <span class='ocrx_word' id='word_1_517' title='bbox 2470 2764 2608 2823; x_wconf 75' lang='grc' dir='ltr'>Θεὸς</span> <span class='ocrx_word' id='word_1_518' title='bbox 2636 2764 2826 2834; x_wconf 75' lang='grc' dir='ltr'><strong>ἡμῶν;</strong></span> <span class='ocrx_word' id='word_1_519' title='bbox 2839 2784 2963 2820; x_wconf 57' lang='lat' dir='ltr'><strong>Itur.</strong></span> <span class='ocrx_word' id='word_1_520' title='bbox 2981 2768 3192 2821; x_wconf 77' lang='grc' dir='ltr'>ὲ.Ἢτοι</span> <span class='ocrx_word' id='word_1_521' title='bbox 3222 2770 3280 2822; x_wconf 82' lang='grc' dir='ltr'><strong>ὲν</strong></span> <span class='ocrx_word' id='word_1_522' title='bbox 3310 2769 3472 2821; x_wconf 74' lang='grc' dir='ltr'>παντὶ</span> <span class='ocrx_word' id='word_1_523' title='bbox 3494 2768 3602 2839; x_wconf 74' lang='grc'>(54)</span> <span class='ocrx_word' id='word_1_524' title='bbox 3622 2769 3766 2839; x_wconf 75' lang='grc' dir='ltr'>ἁγίῳ</span> <span class='ocrx_word' id='word_1_525' title='bbox 3806 2793 3816 2802; x_wconf 70' lang='grc' dir='ltr'><strong><em>ε</em></strong></span> 
     </span>
    </p>
   </div>
   <div class='ocr_carea' id='block_1_73' title="bbox 2180 2854 3764 2931">
    <p class='ocr_par' dir='ltr' id='par_1_73' title="bbox 2180 2854 3764 2931">
     <span class='ocr_line' id='line_1_73' title="bbox 2180 2854 3764 2931; baseline 0.003 -21"><span class='ocrx_word' id='word_1_526' title='bbox 2180 2857 2214 2926; x_wconf 81' lang='grc' dir='ltr'>ἡ</span> <span class='ocrx_word' id='word_1_527' title='bbox 2243 2856 2360 2920; x_wconf 84' lang='grc' dir='ltr'>ὁδὸς</span> <span class='ocrx_word' id='word_1_528' title='bbox 2386 2854 2479 2909; x_wconf 88' lang='grc' dir='ltr'><strong>τοῦ</strong></span> <span class='ocrx_word' id='word_1_529' title='bbox 2511 2857 2668 2922; x_wconf 87' lang='grc' dir='ltr'>Θεοῦ,</span> <span class='ocrx_word' id='word_1_530' title='bbox 2699 2856 2733 2927; x_wconf 83' lang='grc' dir='ltr'>ἢ</span> <span class='ocrx_word' id='word_1_531' title='bbox 2778 2859 2838 2912; x_wconf 78' lang='grc' dir='ltr'><strong>ἐν</strong></span> <span class='ocrx_word' id='word_1_532' title='bbox 2867 2859 2946 2931; x_wconf 83' lang='grc' dir='ltr'><strong>τῷ</strong></span> <span class='ocrx_word' id='word_1_533' title='bbox 2982 2859 3204 2931; x_wconf 81' lang='grc' dir='ltr'>Χριστῷ</span> <span class='ocrx_word' id='word_1_534' title='bbox 3229 2861 3256 2912; x_wconf 84' lang='grc' dir='ltr'>ὁ</span> <span class='ocrx_word' id='word_1_535' title='bbox 3285 2859 3442 2930; x_wconf 83' lang='grc' dir='ltr'>λόγος</span> <span class='ocrx_word' id='word_1_536' title='bbox 3485 2860 3649 2915; x_wconf 81' lang='grc' dir='ltr'>αὑτοῦ</span> <span class='ocrx_word' id='word_1_537' title='bbox 3675 2878 3688 2893; x_wconf 77' lang='lat'><strong><em>°</em></strong></span> <span class='ocrx_word' id='word_1_538' title='bbox 3731 2863 3764 2914; x_wconf 79' lang='grc' dir='ltr'><strong>ὁ</strong></span> 
     </span>
    </p>
   </div>
   <div class='ocr_carea' id='block_1_74' title="bbox 2179 2947 3758 3025">
    <p class='ocr_par' dir='ltr' id='par_1_74' title="bbox 2179 2947 3758 3025">
     <span class='ocr_line' id='line_1_74' title="bbox 2179 2947 3758 3025; baseline 0.006 -25"><span class='ocrx_word' id='word_1_539' title='bbox 2179 2947 2289 3020; x_wconf 83' lang='grc' dir='ltr'>γὰρ</span> <span class='ocrx_word' id='word_1_540' title='bbox 2321 2949 2515 3014; x_wconf 76' lang='grc' dir='ltr'>εἰπὼν,</span> <span class='ocrx_word' id='word_1_541' title='bbox 2552 2970 2569 3002; x_wconf 81' lang='grc' dir='ltr'><strong>ι</strong></span> <span class='ocrx_word' id='word_1_542' title='bbox 2619 2949 2761 3018; x_wconf 88' lang='grc' dir='ltr'><strong>Ἐγώ</strong></span> <span class='ocrx_word' id='word_1_543' title='bbox 2789 2952 2903 3022; x_wconf 76' lang='grc' dir='ltr'>εἰμι</span> <span class='ocrx_word' id='word_1_544' title='bbox 2936 2953 2968 3024; x_wconf 70' lang='grc' dir='ltr'>ἢ</span> <span class='ocrx_word' id='word_1_545' title='bbox 2997 2952 3134 3018; x_wconf 70' lang='grc' dir='ltr'>ὁδὸς,</span> <span class='ocrx_word' id='word_1_546' title='bbox 3168 2972 3187 3004; x_wconf 72' lang='grc' dir='ltr'><strong>ο</strong></span> <span class='ocrx_word' id='word_1_547' title='bbox 3223 2954 3282 3008; x_wconf 82' lang='grc' dir='ltr'>ἐν</span> <span class='ocrx_word' id='word_1_548' title='bbox 3311 2954 3388 3025; x_wconf 78' lang='grc' dir='ltr'><strong>τῷ</strong></span> <span class='ocrx_word' id='word_1_549' title='bbox 3412 2955 3549 3025; x_wconf 83' lang='grc' dir='ltr'>ἁγίῳ</span> <span class='ocrx_word' id='word_1_550' title='bbox 3587 2955 3758 3010; x_wconf 81' lang='grc' dir='ltr'>ἐστίν.</span> 
     </span>
    </p>
   </div>
   <div class='ocr_carea' id='block_1_75' title="bbox 2259 3038 3765 3117">
    <p class='ocr_par' dir='ltr' id='par_1_75' title="bbox 2259 3038 3765 3117">
     <span class='ocr_line' id='line_1_75' title="bbox 2259 3038 3765 3117; baseline 0.006 -25"><span class='ocrx_word' id='word_1_551' title='bbox 2259 3038 2368 3092; x_wconf 86' lang='grc' dir='ltr'><strong>Τοῦ</strong></span> <span class='ocrx_word' id='word_1_552' title='bbox 2405 3041 2614 3095; x_wconf 86' lang='grc' dir='ltr'>αὐτοῦ.</span> <span class='ocrx_word' id='word_1_553' title='bbox 2649 3043 2792 3115; x_wconf 81' lang='grc' dir='ltr'>Ὅρα</span> <span class='ocrx_word' id='word_1_554' title='bbox 2821 3044 2868 3096; x_wconf 85' lang='grc' dir='ltr'><strong>εί</strong></span> <span class='ocrx_word' id='word_1_555' title='bbox 2899 3043 2986 3097; x_wconf 75' lang='grc' dir='ltr'>διὰ</span> <span class='ocrx_word' id='word_1_556' title='bbox 3025 3044 3234 3098; x_wconf 85' lang='grc' dir='ltr'>τούτων</span> <span class='ocrx_word' id='word_1_557' title='bbox 3411 3045 3765 3117; x_wconf 69' lang='grc' dir='ltr'><strong>εὐφραίνεται</strong></span> 
     </span>
    </p>
   </div>
   <div class='ocr_carea' id='block_1_76' title="bbox 2178 3129 3766 3206">
    <p class='ocr_par' dir='ltr' id='par_1_76' title="bbox 2178 3129 3766 3206">
     <span class='ocr_line' id='line_1_76' title="bbox 2178 3129 3766 3206; baseline 0.005 -24"><span class='ocrx_word' id='word_1_558' title='bbox 2178 3129 2260 3182; x_wconf 88' lang='grc' dir='ltr'>ὃτι</span> <span class='ocrx_word' id='word_1_559' title='bbox 2300 3131 2406 3182; x_wconf 74' lang='grc' dir='ltr'>εἰσὶ</span> <span class='ocrx_word' id='word_1_560' title='bbox 2451 3130 2548 3202; x_wconf 84' lang='grc' dir='ltr'><strong>μέν</strong></span> <span class='ocrx_word' id='word_1_561' title='bbox 2584 3149 2729 3195; x_wconf 85' lang='grc' dir='ltr'>τινες</span> <span class='ocrx_word' id='word_1_562' title='bbox 2765 3132 2906 3196; x_wconf 71' lang='grc' dir='ltr'>θεοὶ,</span> <span class='ocrx_word' id='word_1_563' title='bbox 2955 3134 3130 3198; x_wconf 73' lang='grc' dir='ltr'>οὐδεὶς</span> <span class='ocrx_word' id='word_1_564' title='bbox 3177 3133 3233 3187; x_wconf 78' lang='grc' dir='ltr'>δὲ</span> <span class='ocrx_word' id='word_1_565' title='bbox 3275 3135 3440 3206; x_wconf 80' lang='grc' dir='ltr'>μέγας</span> <span class='ocrx_word' id='word_1_566' title='bbox 3467 3135 3540 3198; x_wconf 86' lang='grc' dir='ltr'>ὡς</span> <span class='ocrx_word' id='word_1_567' title='bbox 3562 3137 3590 3187; x_wconf 83' lang='grc' dir='ltr'>ὁ</span> <span class='ocrx_word' id='word_1_568' title='bbox 3621 3135 3766 3202; x_wconf 64' lang='grc' dir='ltr'>Θεὸς</span> 
     </span>
    </p>
   </div>
   <div class='ocr_carea' id='block_1_77' title="bbox 2178 3219 3765 3296">
    <p class='ocr_par' dir='ltr' id='par_1_77' title="bbox 2178 3219 3765 3296">
     <span class='ocr_line' id='line_1_77' title="bbox 2178 3219 3765 3296; baseline 0.006 -24"><span class='ocrx_word' id='word_1_569' title='bbox 2178 3219 2359 3292; x_wconf 77' lang='grc' dir='ltr'>ἡμῶν,</span> <span class='ocrx_word' id='word_1_570' title='bbox 2381 3222 2476 3274; x_wconf 76' lang='grc' dir='ltr'><strong>καὶ</strong></span> <span class='ocrx_word' id='word_1_571' title='bbox 2503 3222 2551 3274; x_wconf 84' lang='grc' dir='ltr'><strong>εί</strong></span> <span class='ocrx_word' id='word_1_572' title='bbox 2583 3223 2996 3294; x_wconf 80' lang='grc' dir='ltr'>συγχρήσασθαι</span> <span class='ocrx_word' id='word_1_573' title='bbox 3024 3225 3104 3288; x_wconf 79' lang='grc' dir='ltr'><strong>εἰς</strong></span> <span class='ocrx_word' id='word_1_574' title='bbox 3127 3224 3301 3279; x_wconf 87' lang='grc' dir='ltr'>ταῦτα</span> <span class='ocrx_word' id='word_1_575' title='bbox 3341 3224 3453 3278; x_wconf 82' lang='grc' dir='ltr'>ἔστι</span> <span class='ocrx_word' id='word_1_576' title='bbox 3476 3225 3572 3296; x_wconf 70' lang='grc' dir='ltr'><strong>τίξν</strong></span> <span class='ocrx_word' id='word_1_577' title='bbox 3603 3227 3765 3281; x_wconf 76' lang='grc' dir='ltr'><strong>«Ἦσ-</strong></span> 
     </span>
    </p>
   </div>
   <div class='ocr_carea' id='block_1_78' title="bbox 2177 3313 3124 3382">
    <p class='ocr_par' dir='ltr' id='par_1_78' title="bbox 2177 3313 3124 3382">
     <span class='ocr_line' id='line_1_78' title="bbox 2177 3313 3124 3382; baseline 0.007 -19"><span class='ocrx_word' id='word_1_578' title='bbox 2177 3328 2280 3382; x_wconf 83' lang='grc' dir='ltr'><strong>περ</strong></span> <span class='ocrx_word' id='word_1_579' title='bbox 2343 3313 2586 3368; x_wconf 59' lang='lat' dir='ltr'><strong>sistet-:01</strong></span> <span class='ocrx_word' id='word_1_580' title='bbox 2617 3314 2821 3378; x_wconf 76' lang='grc' dir='ltr'>πολλοὶ,</span> <span class='ocrx_word' id='word_1_581' title='bbox 2848 3335 2864 3367; x_wconf 81' lang='grc'>›</span> <span class='ocrx_word' id='word_1_582' title='bbox 2903 3333 2954 3370; x_wconf 90' lang='grc' dir='ltr'><strong>κ.</strong></span> <span class='ocrx_word' id='word_1_583' title='bbox 2993 3334 3043 3369; x_wconf 88' lang='grc' dir='ltr'>τ.</span> <span class='ocrx_word' id='word_1_584' title='bbox 3077 3317 3124 3370; x_wconf 81' lang='grc' dir='ltr'><strong>ἐ.</strong></span> 
     </span>
    </p>
   </div>
   <div class='ocr_carea' id='block_1_79' title="bbox 2263 3401 3758 3480">
    <p class='ocr_par' dir='ltr' id='par_1_79' title="bbox 2263 3401 3758 3480">
     <span class='ocr_line' id='line_1_79' title="bbox 2263 3401 3758 3480; baseline 0.009 -26"><span class='ocrx_word' id='word_1_585' title='bbox 2263 3401 2625 3472; x_wconf 80' lang='grc' dir='ltr'><strong>Ἐτ-νώρισας</strong></span> <span class='ocrx_word' id='word_1_586' title='bbox 2669 3407 2740 3460; x_wconf 80' lang='grc' dir='ltr'><strong>ἐν</strong></span> <span class='ocrx_word' id='word_1_587' title='bbox 2782 3405 2907 3473; x_wconf 81' lang='grc' dir='ltr'>τοῖς</span> <span class='ocrx_word' id='word_1_588' title='bbox 2942 3407 3116 3474; x_wconf 73' lang='grc' dir='ltr'>λαοῖς</span> <span class='ocrx_word' id='word_1_589' title='bbox 3162 3407 3278 3476; x_wconf 78' lang='grc' dir='ltr'><strong>τὴν</strong></span> <span class='ocrx_word' id='word_1_590' title='bbox 3327 3410 3590 3480; x_wconf 80' lang='grc' dir='ltr'><strong>δύναμιν</strong></span> <span class='ocrx_word' id='word_1_591' title='bbox 3621 3427 3758 3476; x_wconf 85' lang='grc' dir='ltr'>σου,</span> 
     </span>
    </p>
   </div>
   <div class='ocr_carea' id='block_1_80' title="bbox 2177 3495 3763 3576">
    <p class='ocr_par' dir='ltr' id='par_1_80' title="bbox 2177 3495 3763 3576">
     <span class='ocr_line' id='line_1_80' title="bbox 2177 3495 3763 3576; baseline 0.007 -30"><span class='ocrx_word' id='word_1_592' title='bbox 2177 3511 2231 3547; x_wconf 90' lang='grc' dir='ltr'><strong>κ.</strong></span> <span class='ocrx_word' id='word_1_593' title='bbox 2264 3511 2317 3547; x_wconf 88' lang='grc' dir='ltr'>τ.</span> <span class='ocrx_word' id='word_1_594' title='bbox 2346 3495 2392 3548; x_wconf 82' lang='grc' dir='ltr'><strong>ἑ.</strong></span> <span class='ocrx_word' id='word_1_595' title='bbox 2437 3497 2696 3550; x_wconf 84' lang='grc' dir='ltr'>Τουτέστι</span> <span class='ocrx_word' id='word_1_596' title='bbox 2721 3498 2812 3552; x_wconf 83' lang='grc' dir='ltr'>τὸν</span> <span class='ocrx_word' id='word_1_597' title='bbox 2845 3500 3078 3571; x_wconf 84' lang='grc' dir='ltr'>Χριστόν</span> <span class='ocrx_word' id='word_1_598' title='bbox 3103 3501 3232 3574; x_wconf 85' lang='grc'>(56)·</span> <span class='ocrx_word' id='word_1_599' title='bbox 3263 3502 3501 3574; x_wconf 75' lang='grc' dir='ltr'>Χριστὸς</span> <span class='ocrx_word' id='word_1_600' title='bbox 3528 3505 3636 3576; x_wconf 79' lang='grc' dir='ltr'>γὰρ</span> <span class='ocrx_word' id='word_1_601' title='bbox 3669 3503 3763 3560; x_wconf 75' lang='grc' dir='ltr'><strong>δύο</strong></span> 
     </span>
    </p>
   </div>
   <div class='ocr_carea' id='block_1_81' title="bbox 2177 3588 2838 3661">
    <p class='ocr_par' dir='ltr' id='par_1_81' title="bbox 2177 3588 2838 3661">
     <span class='ocr_line' id='line_1_81' title="bbox 2177 3588 2838 3661; baseline 0.008 -22"><span class='ocrx_word' id='word_1_602' title='bbox 2177 3605 2340 3657; x_wconf 86' lang='grc' dir='ltr'>ναμις</span> <span class='ocrx_word' id='word_1_603' title='bbox 2365 3588 2460 3642; x_wconf 76' lang='grc' dir='ltr'>καὶ</span> <span class='ocrx_word' id='word_1_604' title='bbox 2485 3589 2620 3642; x_wconf 86' lang='grc' dir='ltr'>Θεοῦ</span> <span class='ocrx_word' id='word_1_605' title='bbox 2657 3593 2838 3661; x_wconf 76' lang='grc' dir='ltr'>σοφία.</span> 
     </span>
    </p>
   </div>
   <div class='ocr_carea' id='block_1_82' title="bbox 2259 3679 3758 3759">
    <p class='ocr_par' dir='ltr' id='par_1_82' title="bbox 2259 3679 3758 3759">
     <span class='ocr_line' id='line_1_82' title="bbox 2259 3679 3758 3759; baseline 0.007 -28"><span class='ocrx_word' id='word_1_606' title='bbox 2259 3679 2713 3749; x_wconf 78' lang='grc' dir='ltr'>Ἐταράχθησαν</span> <span class='ocrx_word' id='word_1_607' title='bbox 2733 3683 3014 3752; x_wconf 79' lang='grc' dir='ltr'>ἄϐυσσοι,</span> <span class='ocrx_word' id='word_1_608' title='bbox 3049 3703 3102 3740; x_wconf 84' lang='grc' dir='ltr'><strong>κ.</strong></span> <span class='ocrx_word' id='word_1_609' title='bbox 3136 3704 3186 3740; x_wconf 91' lang='grc' dir='ltr'><strong>τ.</strong></span> <span class='ocrx_word' id='word_1_610' title='bbox 3224 3687 3270 3742; x_wconf 80' lang='grc' dir='ltr'>ὲ.</span> <span class='ocrx_word' id='word_1_611' title='bbox 3299 3689 3367 3740; x_wconf 80' lang='grc' dir='ltr'>Αἱ</span> <span class='ocrx_word' id='word_1_612' title='bbox 3391 3689 3617 3743; x_wconf 78' lang='grc' dir='ltr'>ἄϐυσσοι</span> <span class='ocrx_word' id='word_1_613' title='bbox 3647 3689 3758 3759; x_wconf 81' lang='grc'>(57)</span> 
     </span>
    </p>
   </div>
   <div class='ocr_carea' id='block_1_83' title="bbox 2174 3769 3756 3850">
    <p class='ocr_par' dir='ltr' id='par_1_83' title="bbox 2174 3769 3756 3850">
     <span class='ocr_line' id='line_1_83' title="bbox 2174 3769 3756 3850; baseline 0.008 -28"><span class='ocrx_word' id='word_1_614' title='bbox 2174 3769 2273 3834; x_wconf 81' lang='grc' dir='ltr'><strong>τὰς</strong></span> <span class='ocrx_word' id='word_1_615' title='bbox 2313 3771 2698 3842; x_wconf 84' lang='grc' dir='ltr'>καταχθονίους</span> <span class='ocrx_word' id='word_1_616' title='bbox 2738 3775 2998 3847; x_wconf 82' lang='grc' dir='ltr'>δυνάμεις</span> <span class='ocrx_word' id='word_1_617' title='bbox 3039 3776 3327 3850; x_wconf 82' lang='grc' dir='ltr'>δηλοῦσιν,</span> <span class='ocrx_word' id='word_1_618' title='bbox 3367 3781 3572 3844; x_wconf 79' lang='grc' dir='ltr'>αἵτινες</span> <span class='ocrx_word' id='word_1_619' title='bbox 3603 3781 3660 3834; x_wconf 81' lang='grc' dir='ltr'><strong>ὲν</strong></span> <span class='ocrx_word' id='word_1_620' title='bbox 3689 3782 3756 3850; x_wconf 77' lang='grc' dir='ltr'>τῇ</span> 
     </span>
    </p>
   </div>
   <div class='ocr_carea' id='block_1_84' title="bbox 2176 3863 3268 3943">
    <p class='ocr_par' dir='ltr' id='par_1_84' title="bbox 2176 3863 3268 3943">
     <span class='ocr_line' id='line_1_84' title="bbox 2176 3863 3268 3943; baseline 0.011 -29"><span class='ocrx_word' id='word_1_621' title='bbox 2176 3863 2450 3935; x_wconf 78' lang='grc' dir='ltr'>παρουσίᾳ</span> <span class='ocrx_word' id='word_1_622' title='bbox 2482 3865 2574 3918; x_wconf 88' lang='grc' dir='ltr'><strong>τοῦ</strong></span> <span class='ocrx_word' id='word_1_623' title='bbox 2605 3868 2842 3936; x_wconf 81' lang='grc' dir='ltr'>Χριστοῦ</span> <span class='ocrx_word' id='word_1_624' title='bbox 2868 3871 3268 3943; x_wconf 76' lang='grc' dir='ltr'>ἐταράχθησαν.</span> 
     </span>
    </p>
   </div>
   <div class='ocr_carea' id='block_1_85' title="bbox 2245 3952 3760 4033">
    <p class='ocr_par' dir='ltr' id='par_1_85' title="bbox 2245 3952 3760 4033">
     <span class='ocr_line' id='line_1_85' title="bbox 2245 3952 3760 4033; baseline 0.01 -30"><span class='ocrx_word' id='word_1_625' title='bbox 2245 3953 2419 4021; x_wconf 82' lang='grc' dir='ltr'><strong>Φωνὴ</strong></span> <span class='ocrx_word' id='word_1_626' title='bbox 2457 3952 2566 4023; x_wconf 83' lang='grc' dir='ltr'>τῆς</span> <span class='ocrx_word' id='word_1_627' title='bbox 2604 3956 2874 4027; x_wconf 78' lang='grc' dir='ltr'>,βροντῆς</span> <span class='ocrx_word' id='word_1_628' title='bbox 2915 3974 3033 4015; x_wconf 81' lang='grc' dir='ltr'>σου</span> <span class='ocrx_word' id='word_1_629' title='bbox 3072 3961 3142 4014; x_wconf 78' lang='grc' dir='ltr'><strong>ἐν</strong></span> <span class='ocrx_word' id='word_1_630' title='bbox 3182 3962 3410 4033; x_wconf 82' lang='grc' dir='ltr'>τροχῷ,</span> <span class='ocrx_word' id='word_1_631' title='bbox 3441 3982 3492 4017; x_wconf 91' lang='grc' dir='ltr'><strong>κ.</strong></span> <span class='ocrx_word' id='word_1_632' title='bbox 3523 3982 3573 4016; x_wconf 92' lang='grc' dir='ltr'><strong>τ.</strong></span> <span class='ocrx_word' id='word_1_633' title='bbox 3606 3964 3653 4019; x_wconf 76' lang='grc' dir='ltr'><strong>ι.</strong></span> <span class='ocrx_word' id='word_1_634' title='bbox 3698 3962 3760 4018; x_wconf 76' lang='lat'><strong>&#39;0</strong></span> 
     </span>
    </p>
   </div>
   <div class='ocr_carea' id='block_1_86' title="bbox 2176 4044 3762 4125">
    <p class='ocr_par' dir='ltr' id='par_1_86' title="bbox 2176 4044 3762 4125">
     <span class='ocr_line' id='line_1_86' title="bbox 2176 4044 3762 4125; baseline -0.001 -16"><span class='ocrx_word' id='word_1_635' title='bbox 2176 4044 2366 4116; x_wconf 74' lang='grc' dir='ltr'>τροχὸς</span> <span class='ocrx_word' id='word_1_636' title='bbox 2394 4046 2502 4118; x_wconf 77' lang='grc'>(58)</span> <span class='ocrx_word' id='word_1_637' title='bbox 2537 4048 2572 4118; x_wconf 78' lang='grc' dir='ltr'>ἢ</span> <span class='ocrx_word' id='word_1_638' title='bbox 2603 4047 2694 4101; x_wconf 71' lang='grc' dir='ltr'><strong>τὸν</strong></span> <span class='ocrx_word' id='word_1_639' title='bbox 2723 4049 2897 4104; x_wconf 78' lang='grc' dir='ltr'>αἰῶνα</span> <span class='ocrx_word' id='word_1_640' title='bbox 2927 4055 3184 4125; x_wconf 82' lang='grc' dir='ltr'>σημαίνει</span> <span class='ocrx_word' id='word_1_641' title='bbox 3209 4055 3412 4120; x_wconf 82' lang='grc' dir='ltr'>τοῦτον,</span> <span class='ocrx_word' id='word_1_642' title='bbox 3441 4055 3472 4124; x_wconf 76' lang='grc' dir='ltr'>ἢ</span> <span class='ocrx_word' id='word_1_643' title='bbox 3507 4056 3597 4108; x_wconf 84' lang='grc' dir='ltr'><strong>τὸν</strong></span> <span class='ocrx_word' id='word_1_644' title='bbox 3629 4055 3762 4108; x_wconf 82' lang='grc' dir='ltr'>κόσ-</span> 
     </span>
    </p>
   </div>
   <div class='ocr_carea' id='block_1_87' title="bbox 2179 4137 3758 4218">
    <p class='ocr_par' dir='ltr' id='par_1_87' title="bbox 2179 4137 3758 4218">
     <span class='ocr_line' id='line_1_87' title="bbox 2179 4137 3758 4218; baseline 0.007 -31"><span class='ocrx_word' id='word_1_645' title='bbox 2179 4152 2279 4205; x_wconf 88' lang='grc' dir='ltr'>μον</span> <span class='ocrx_word' id='word_1_646' title='bbox 2325 4137 2416 4214; x_wconf 83' lang='grc' dir='ltr'>τὸν</span> <span class='ocrx_word' id='word_1_647' title='bbox 2462 4137 2752 4211; x_wconf 79' lang='grc' dir='ltr'>αἰσθητὸν,</span> <span class='ocrx_word' id='word_1_648' title='bbox 2789 4143 2821 4214; x_wconf 84' lang='grc' dir='ltr'>ἢ</span> <span class='ocrx_word' id='word_1_649' title='bbox 2856 4143 2955 4215; x_wconf 83' lang='grc' dir='ltr'>τὴν</span> <span class='ocrx_word' id='word_1_650' title='bbox 2997 4145 3245 4218; x_wconf 81' lang='grc' dir='ltr'>καθαρὰν</span> <span class='ocrx_word' id='word_1_651' title='bbox 3285 4147 3375 4200; x_wconf 75' lang='grc' dir='ltr'><strong>καὶ</strong></span> <span class='ocrx_word' id='word_1_652' title='bbox 3405 4144 3618 4198; x_wconf 80' lang='grc' dir='ltr'>αἰώνιον</span> <span class='ocrx_word' id='word_1_653' title='bbox 3646 4145 3758 4216; x_wconf 73' lang='grc' dir='ltr'><strong>ψυ-</strong></span> 
     </span>
    </p>
   </div>
   <div class='ocr_carea' id='block_1_88' title="bbox 2176 4229 3554 4311">
    <p class='ocr_par' dir='ltr' id='par_1_88' title="bbox 2176 4229 3554 4311">
     <span class='ocr_line' id='line_1_88' title="bbox 2176 4229 3554 4311; baseline 0.001 -23"><span class='ocrx_word' id='word_1_654' title='bbox 2176 4229 2298 4300; x_wconf 84' lang='grc' dir='ltr'>χὴν,</span> <span class='ocrx_word' id='word_1_655' title='bbox 2331 4229 2488 4301; x_wconf 74' lang='grc' dir='ltr'>εἴπερ</span> <span class='ocrx_word' id='word_1_656' title='bbox 2521 4235 2554 4303; x_wconf 79' lang='grc' dir='ltr'>ἡ</span> <span class='ocrx_word' id='word_1_657' title='bbox 2600 4234 2769 4286; x_wconf 79' lang='grc' dir='ltr'>κακία</span> <span class='ocrx_word' id='word_1_658' title='bbox 2802 4236 2952 4309; x_wconf 75' lang='grc' dir='ltr'>παρὰ</span> <span class='ocrx_word' id='word_1_659' title='bbox 2984 4238 3186 4306; x_wconf 87' lang='grc' dir='ltr'>γωνίαν</span> <span class='ocrx_word' id='word_1_660' title='bbox 3213 4236 3554 4311; x_wconf 83' lang='grc' dir='ltr'>παρεδρεύει.</span> 
     </span>
    </p>
   </div>
   <div class='ocr_carea' id='block_1_89' title="bbox 2253 4325 3756 4400">
    <p class='ocr_par' dir='ltr' id='par_1_89' title="bbox 2253 4325 3756 4400">
     <span class='ocr_line' id='line_1_89' title="bbox 2253 4325 3756 4400; baseline 0.003 -22"><span class='ocrx_word' id='word_1_661' title='bbox 2253 4325 2521 4392; x_wconf 69' lang='grc' dir='ltr'><em>Ἔφαναν</em></span> <span class='ocrx_word' id='word_1_662' title='bbox 2556 4327 2615 4379; x_wconf 81' lang='lat' dir='ltr'><strong>al</strong></span> <span class='ocrx_word' id='word_1_663' title='bbox 2639 4328 2945 4397; x_wconf 84' lang='grc' dir='ltr'>ἀστραπαί</span> <span class='ocrx_word' id='word_1_664' title='bbox 2965 4347 3082 4386; x_wconf 86' lang='grc' dir='ltr'>σου</span> <span class='ocrx_word' id='word_1_665' title='bbox 3101 4330 3177 4400; x_wconf 82' lang='grc' dir='ltr'>τῇ</span> <span class='ocrx_word' id='word_1_666' title='bbox 3197 4330 3540 4400; x_wconf 72' lang='grc' dir='ltr'>οἰκουμένῃ,</span> <span class='ocrx_word' id='word_1_667' title='bbox 3559 4347 3612 4382; x_wconf 86' lang='grc' dir='ltr'><strong>κ.</strong></span> <span class='ocrx_word' id='word_1_668' title='bbox 3640 4346 3689 4382; x_wconf 88' lang='grc' dir='ltr'><strong>τ.</strong></span> <span class='ocrx_word' id='word_1_669' title='bbox 3709 4329 3756 4383; x_wconf 78' lang='grc' dir='ltr'>ἑ.</span> 
     </span>
    </p>
   </div>
   <div class='ocr_carea' id='block_1_90' title="bbox 492 4400 2085 4498">
    <p class='ocr_par' dir='ltr' id='par_1_90' title="bbox 492 4400 2070 4470">
     <span class='ocr_line' id='line_1_90' title="bbox 492 4400 2070 4470; baseline 0.003 -15"><span class='ocrx_word' id='word_1_670' title='bbox 492 4402 696 4470; x_wconf 82' lang='lat' dir='ltr'><strong>Fulgur</strong></span> <span class='ocrx_word' id='word_1_671' title='bbox 731 4401 885 4470; x_wconf 88' lang='lat' dir='ltr'><strong>prius</strong></span> <span class='ocrx_word' id='word_1_672' title='bbox 931 4409 1014 4454; x_wconf 88' lang='lat' dir='ltr'><strong>est</strong></span> <span class='ocrx_word' id='word_1_673' title='bbox 1062 4400 1470 4468; x_wconf 82' lang='lat' dir='ltr'><strong>cornscatione,</strong></span> <span class='ocrx_word' id='word_1_674' title='bbox 1519 4404 1836 4458; x_wconf 82' lang='lat' dir='ltr'><strong>coruscatio</strong></span> <span class='ocrx_word' id='word_1_675' title='bbox 1890 4417 2070 4460; x_wconf 77' lang='lat' dir='ltr'><strong>autent</strong></span> 
     </span>
    </p>
   </div>
   <div class='ocr_carea' id='block_1_91' title="bbox 2178 4400 3763 4498">
    <p class='ocr_par' dir='ltr' id='par_1_91' title="bbox 2178 4413 3763 4495">
     <span class='ocr_line' id='line_1_91' title="bbox 2178 4413 3763 4495; baseline -0.005 -15"><span class='ocrx_word' id='word_1_676' title='bbox 2178 4413 2376 4486; x_wconf 84' lang='grc' dir='ltr'>Πρώτη</span> <span class='ocrx_word' id='word_1_677' title='bbox 2405 4417 2502 4487; x_wconf 81' lang='grc' dir='ltr'><strong>μὲν</strong></span> <span class='ocrx_word' id='word_1_678' title='bbox 2535 4415 2696 4490; x_wconf 78' lang='grc' dir='ltr'>(59)ἡ</span> <span class='ocrx_word' id='word_1_679' title='bbox 2735 4419 2930 4495; x_wconf 83' lang='grc' dir='ltr'>βροντὴ</span> <span class='ocrx_word' id='word_1_680' title='bbox 2961 4423 3062 4494; x_wconf 78' lang='grc' dir='ltr'>τῆς</span> <span class='ocrx_word' id='word_1_681' title='bbox 3089 4423 3396 4494; x_wconf 82' lang='grc' dir='ltr'>ἀστραπῆς,</span> <span class='ocrx_word' id='word_1_682' title='bbox 3419 4424 3453 4493; x_wconf 79' lang='grc' dir='ltr'>ἡ</span> <span class='ocrx_word' id='word_1_683' title='bbox 3484 4421 3527 4475; x_wconf 83' lang='grc' dir='ltr'>δ’</span> <span class='ocrx_word' id='word_1_684' title='bbox 3560 4423 3763 4491; x_wconf 83' lang='grc' dir='ltr'>ἀστρα-</span> 
     </span>
    </p>
   </div>
   <div class='ocr_carea' id='block_1_92' title="bbox 490 4491 1016 4562">
    <p class='ocr_par' dir='ltr' id='par_1_92' title="bbox 490 4491 1016 4562">
     <span class='ocr_line' id='line_1_92' title="bbox 490 4491 1016 4562; baseline 0 -18"><span class='ocrx_word' id='word_1_685' title='bbox 490 4493 636 4562; x_wconf 86' lang='lat' dir='ltr'><strong>prior</strong></span> <span class='ocrx_word' id='word_1_686' title='bbox 664 4491 1016 4559; x_wconf 89' lang='lat' dir='ltr'><strong>conspicitur.</strong></span> 
     </span>
    </p>
   </div>
   <div class='ocr_carea' id='block_1_93' title="bbox 565 4581 2067 4658">
    <p class='ocr_par' dir='ltr' id='par_1_93' title="bbox 565 4581 2067 4658">
     <span class='ocr_line' id='line_1_93' title="bbox 565 4581 2067 4658; baseline 0.003 -22"><span class='ocrx_word' id='word_1_687' title='bbox 565 4581 724 4638; x_wconf 71' lang='lat' dir='ltr'><strong>Vens.</strong></span> <span class='ocrx_word' id='word_1_688' title='bbox 760 4582 850 4636; x_wconf 75' lang='lat'><strong>20.</strong></span> <span class='ocrx_word' id='word_1_689' title='bbox 884 4581 952 4634; x_wconf 84' lang='lat' dir='ltr'><strong>In</strong></span> <span class='ocrx_word' id='word_1_690' title='bbox 986 4581 1123 4634; x_wconf 86' lang='lat' dir='ltr'><strong>mari</strong></span> <span class='ocrx_word' id='word_1_691' title='bbox 1148 4581 1227 4634; x_wconf 86' lang='lat' dir='ltr'><strong>via</strong></span> <span class='ocrx_word' id='word_1_692' title='bbox 1261 4593 1352 4636; x_wconf 88' lang='lat' dir='ltr'><strong>tua</strong></span> <span class='ocrx_word' id='word_1_693' title='bbox 1380 4595 1427 4638; x_wconf 81' lang='lat' dir='ltr'><strong>et</strong></span> <span class='ocrx_word' id='word_1_694' title='bbox 1456 4588 1657 4641; x_wconf 78' lang='lat' dir='ltr'><strong>semita:</strong></span> <span class='ocrx_word' id='word_1_695' title='bbox 1685 4589 1739 4640; x_wconf 86' lang='lat' dir='ltr'><strong>in</strong></span> <span class='ocrx_word' id='word_1_696' title='bbox 1764 4590 1909 4658; x_wconf 84' lang='lat' dir='ltr'><strong>aquis</strong></span> <span class='ocrx_word' id='word_1_697' title='bbox 1930 4589 2067 4642; x_wconf 86' lang='lat' dir='ltr'><strong>mul-</strong></span> 
     </span>
    </p>
   </div>
   <div class='ocr_carea' id='block_1_94' title="bbox 490 4680 2068 4753">
    <p class='ocr_par' dir='ltr' id='par_1_94' title="bbox 490 4680 2068 4753">
     <span class='ocr_line' id='line_1_94' title="bbox 490 4680 2068 4753; baseline 0.004 -21"><span class='ocrx_word' id='word_1_698' title='bbox 490 4680 579 4745; x_wconf 85' lang='lat' dir='ltr'><strong>tis,</strong></span> <span class='ocrx_word' id='word_1_699' title='bbox 615 4689 661 4733; x_wconf 86' lang='lat' dir='ltr'><strong>et</strong></span> <span class='ocrx_word' id='word_1_700' title='bbox 704 4681 922 4750; x_wconf 75' lang='lat' dir='ltr'><strong>uestigia</strong></span> <span class='ocrx_word' id='word_1_701' title='bbox 976 4689 1065 4736; x_wconf 87' lang='lat' dir='ltr'><strong>tua</strong></span> <span class='ocrx_word' id='word_1_702' title='bbox 1101 4698 1206 4735; x_wconf 83' lang='lat' dir='ltr'><strong>non</strong></span> <span class='ocrx_word' id='word_1_703' title='bbox 1264 4692 1668 4751; x_wconf 77' lang='lat' dir='ltr'><strong>cognoscentur,</strong></span> <span class='ocrx_word' id='word_1_704' title='bbox 1733 4696 1840 4737; x_wconf 89' lang='lat' dir='ltr'><strong>etc.</strong></span> <span class='ocrx_word' id='word_1_705' title='bbox 1895 4683 2068 4753; x_wconf 81' lang='lat' dir='ltr'><strong>Supra</strong></span> 
     </span>
    </p>
   </div>
   <div class='ocr_carea' id='block_1_95' title="bbox 492 4772 2069 4846">
    <p class='ocr_par' dir='ltr' id='par_1_95' title="bbox 492 4772 2069 4846">
     <span class='ocr_line' id='line_1_95' title="bbox 492 4772 2069 4846; baseline 0.003 -20"><span class='ocrx_word' id='word_1_706' title='bbox 492 4772 696 4826; x_wconf 88' lang='lat' dir='ltr'><strong>dictum</strong></span> <span class='ocrx_word' id='word_1_707' title='bbox 723 4783 808 4827; x_wconf 89' lang='lat' dir='ltr'><strong>est</strong></span> <span class='ocrx_word' id='word_1_708' title='bbox 837 4791 850 4826; x_wconf 88' lang='lat'><strong>:</strong></span> <span class='ocrx_word' id='word_1_709' title='bbox 891 4793 910 4825; x_wconf 75' lang='grc' dir='ltr'><strong>ι</strong></span> <span class='ocrx_word' id='word_1_710' title='bbox 939 4773 1100 4838; x_wconf 89' lang='lat' dir='ltr'><strong>Deus,</strong></span> <span class='ocrx_word' id='word_1_711' title='bbox 1131 4774 1182 4827; x_wconf 90' lang='lat' dir='ltr'><strong>in</strong></span> <span class='ocrx_word' id='word_1_712' title='bbox 1207 4783 1399 4828; x_wconf 89' lang='lat' dir='ltr'><strong>sancto</strong></span> <span class='ocrx_word' id='word_1_713' title='bbox 1424 4775 1504 4828; x_wconf 79' lang='lat' dir='ltr'><strong>via</strong></span> <span class='ocrx_word' id='word_1_714' title='bbox 1539 4785 1650 4829; x_wconf 86' lang='lat' dir='ltr'><strong>tua.</strong></span> <span class='ocrx_word' id='word_1_715' title='bbox 1679 4794 1697 4826; x_wconf 85' lang='grc'><strong>›</strong></span> <span class='ocrx_word' id='word_1_716' title='bbox 1727 4773 1819 4829; x_wconf 75' lang='lat' dir='ltr'><strong>Via</strong></span> <span class='ocrx_word' id='word_1_717' title='bbox 1851 4777 2069 4846; x_wconf 89' lang='lat' dir='ltr'><strong>quidem</strong></span> 
     </span>
    </p>
   </div>
   <div class='ocr_carea' id='block_1_96' title="bbox 493 4862 2071 4938">
    <p class='ocr_par' dir='ltr' id='par_1_96' title="bbox 493 4862 2071 4938">
     <span class='ocr_line' id='line_1_96' title="bbox 493 4862 2071 4938; baseline 0.004 -21"><span class='ocrx_word' id='word_1_718' title='bbox 493 4862 586 4917; x_wconf 86' lang='lat' dir='ltr'><strong>Dei</strong></span> <span class='ocrx_word' id='word_1_719' title='bbox 627 4862 725 4918; x_wconf 76' lang='lat' dir='ltr'><strong>fuit</strong></span> <span class='ocrx_word' id='word_1_720' title='bbox 753 4865 806 4918; x_wconf 89' lang='lat' dir='ltr'><strong>in</strong></span> <span class='ocrx_word' id='word_1_721' title='bbox 837 4865 970 4919; x_wconf 87' lang='lat' dir='ltr'><strong>mari</strong></span> <span class='ocrx_word' id='word_1_722' title='bbox 998 4864 1202 4933; x_wconf 82' lang='lat' dir='ltr'><strong>Rubro,</strong></span> <span class='ocrx_word' id='word_1_723' title='bbox 1246 4867 1453 4922; x_wconf 66' lang='lat' dir='ltr'><strong>semita:</strong></span> <span class='ocrx_word' id='word_1_724' title='bbox 1493 4882 1624 4921; x_wconf 80' lang='lat' dir='ltr'><strong>vero</strong></span> <span class='ocrx_word' id='word_1_725' title='bbox 1667 4866 1783 4934; x_wconf 87' lang='lat' dir='ltr'><strong>ejus</strong></span> <span class='ocrx_word' id='word_1_726' title='bbox 1819 4870 1872 4922; x_wconf 90' lang='lat' dir='ltr'><strong>in</strong></span> <span class='ocrx_word' id='word_1_727' title='bbox 1916 4869 2071 4938; x_wconf 85' lang='lat' dir='ltr'><strong>aquis</strong></span> 
     </span>
    </p>
   </div>
   <div class='ocr_carea' id='block_1_97' title="bbox 2179 4505 2725 4582">
    <p class='ocr_par' dir='ltr' id='par_1_97' title="bbox 2179 4505 2725 4582">
     <span class='ocr_line' id='line_1_97' title="bbox 2179 4505 2725 4582; baseline 0.013 -25"><span class='ocrx_word' id='word_1_728' title='bbox 2179 4505 2253 4576; x_wconf 79' lang='grc' dir='ltr'>πὴ</span> <span class='ocrx_word' id='word_1_729' title='bbox 2284 4507 2476 4576; x_wconf 80' lang='grc' dir='ltr'>ὁρᾶται</span> <span class='ocrx_word' id='word_1_730' title='bbox 2514 4508 2725 4582; x_wconf 86' lang='grc' dir='ltr'>πρώτη.</span> 
     </span>
    </p>
   </div>
   <div class='ocr_carea' id='block_1_98' title="bbox 2260 4599 3762 4675">
    <p class='ocr_par' dir='ltr' id='par_1_98' title="bbox 2260 4599 3762 4675">
     <span class='ocr_line' id='line_1_98' title="bbox 2260 4599 3762 4675; baseline 0.003 -23"><span class='ocrx_word' id='word_1_731' title='bbox 2260 4603 2361 4653; x_wconf 87' lang='grc' dir='ltr'><strong>Ἐν</strong></span> <span class='ocrx_word' id='word_1_732' title='bbox 2401 4599 2477 4669; x_wconf 81' lang='grc' dir='ltr'>τῇ</span> <span class='ocrx_word' id='word_1_733' title='bbox 2511 4603 2794 4673; x_wconf 75' lang='grc' dir='ltr'>θαλάσσῃ</span> <span class='ocrx_word' id='word_1_734' title='bbox 2833 4606 2870 4675; x_wconf 74' lang='grc' dir='ltr'>ἡ</span> <span class='ocrx_word' id='word_1_735' title='bbox 2907 4605 3045 4672; x_wconf 82' lang='grc' dir='ltr'><em>ὁδός</em></span> <span class='ocrx_word' id='word_1_736' title='bbox 3070 4623 3206 4672; x_wconf 88' lang='grc' dir='ltr'>σου,</span> <span class='ocrx_word' id='word_1_737' title='bbox 3234 4605 3332 4660; x_wconf 77' lang='grc' dir='ltr'>καὶ</span> <span class='ocrx_word' id='word_1_738' title='bbox 3360 4609 3419 4661; x_wconf 80' lang='lat' dir='ltr'><strong>al</strong></span> <span class='ocrx_word' id='word_1_739' title='bbox 3446 4606 3623 4673; x_wconf 78' lang='grc' dir='ltr'>τρίϐοι</span> <span class='ocrx_word' id='word_1_740' title='bbox 3643 4619 3762 4657; x_wconf 85' lang='grc' dir='ltr'>σου</span> 
     </span>
    </p>
   </div>
   <div class='ocr_carea' id='block_1_99' title="bbox 2175 4690 3763 4767">
    <p class='ocr_par' dir='ltr' id='par_1_99' title="bbox 2175 4690 3763 4767">
     <span class='ocr_line' id='line_1_99' title="bbox 2175 4690 3763 4767; baseline 0.006 -24"><span class='ocrx_word' id='word_1_741' title='bbox 2175 4691 2244 4744; x_wconf 81' lang='grc' dir='ltr'><strong>ἐν</strong></span> <span class='ocrx_word' id='word_1_742' title='bbox 2280 4690 2457 4744; x_wconf 82' lang='grc' dir='ltr'>ὕδασι</span> <span class='ocrx_word' id='word_1_743' title='bbox 2493 4694 2782 4761; x_wconf 76' lang='grc' dir='ltr'>πολλοῖς,</span> <span class='ocrx_word' id='word_1_744' title='bbox 2817 4696 2914 4749; x_wconf 78' lang='grc' dir='ltr'>καὶ</span> <span class='ocrx_word' id='word_1_745' title='bbox 2945 4697 3016 4750; x_wconf 83' lang='grc' dir='ltr'>τὰ</span> <span class='ocrx_word' id='word_1_746' title='bbox 3056 4698 3195 4767; x_wconf 80' lang='grc' dir='ltr'><strong>ἴχνη</strong></span> <span class='ocrx_word' id='word_1_747' title='bbox 3227 4714 3346 4751; x_wconf 88' lang='grc' dir='ltr'>σου</span> <span class='ocrx_word' id='word_1_748' title='bbox 3389 4699 3461 4751; x_wconf 83' lang='grc' dir='ltr'>οὐ</span> <span class='ocrx_word' id='word_1_749' title='bbox 3496 4695 3763 4767; x_wconf 73' lang='grc' dir='ltr'>γνωσθή-</span> 
     </span>
    </p>
   </div>
   <div class='ocr_carea' id='block_1_100' title="bbox 2177 4785 3763 4858">
    <p class='ocr_par' dir='ltr' id='par_1_100' title="bbox 2177 4785 3763 4858">
     <span class='ocr_line' id='line_1_100' title="bbox 2177 4785 3763 4858; baseline 0.005 -27"><span class='ocrx_word' id='word_1_750' title='bbox 2177 4797 2364 4843; x_wconf 76' lang='grc' dir='ltr'>σεται,</span> <span class='ocrx_word' id='word_1_751' title='bbox 2394 4799 2445 4834; x_wconf 84' lang='grc' dir='ltr'><strong>κ.</strong></span> <span class='ocrx_word' id='word_1_752' title='bbox 2477 4799 2526 4834; x_wconf 86' lang='grc' dir='ltr'><strong>τ.</strong></span> <span class='ocrx_word' id='word_1_753' title='bbox 2565 4785 2611 4836; x_wconf 82' lang='grc' dir='ltr'>ὲ.</span> <span class='ocrx_word' id='word_1_754' title='bbox 2657 4786 2936 4857; x_wconf 82' lang='grc' dir='ltr'>’Λνωτὲρω</span> <span class='ocrx_word' id='word_1_755' title='bbox 2967 4788 3178 4858; x_wconf 69' lang='grc' dir='ltr'>εἴρηται</span> <span class='ocrx_word' id='word_1_756' title='bbox 3214 4787 3345 4858; x_wconf 72' lang='grc'>(40)·</span> <span class='ocrx_word' id='word_1_757' title='bbox 3384 4808 3403 4838; x_wconf 75' lang='grc' dir='ltr'><strong>ι</strong></span> <span class='ocrx_word' id='word_1_758' title='bbox 3439 4787 3500 4839; x_wconf 88' lang='grc' dir='ltr'>Ὁ</span> <span class='ocrx_word' id='word_1_759' title='bbox 3523 4785 3675 4848; x_wconf 83' lang='grc' dir='ltr'>Θεὸς,</span> <span class='ocrx_word' id='word_1_760' title='bbox 3705 4785 3763 4837; x_wconf 84' lang='grc' dir='ltr'><strong>ὲν</strong></span> 
     </span>
    </p>
   </div>
   <div class='ocr_carea' id='block_1_101' title="bbox 2177 4870 3760 4948">
    <p class='ocr_par' dir='ltr' id='par_1_101' title="bbox 2177 4870 3760 4948">
     <span class='ocr_line' id='line_1_101' title="bbox 2177 4870 3760 4948; baseline -0.003 -19"><span class='ocrx_word' id='word_1_761' title='bbox 2177 4870 2253 4940; x_wconf 77' lang='grc' dir='ltr'><strong>τῷ</strong></span> <span class='ocrx_word' id='word_1_762' title='bbox 2279 4871 2418 4941; x_wconf 80' lang='grc' dir='ltr'>ἁγίῳ</span> <span class='ocrx_word' id='word_1_763' title='bbox 2465 4873 2498 4942; x_wconf 81' lang='grc' dir='ltr'>ἡ</span> <span class='ocrx_word' id='word_1_764' title='bbox 2539 4873 2656 4938; x_wconf 79' lang='grc' dir='ltr'>ὁδός</span> <span class='ocrx_word' id='word_1_765' title='bbox 2694 4892 2808 4930; x_wconf 79' lang='grc' dir='ltr'>σου.</span> <span class='ocrx_word' id='word_1_766' title='bbox 2844 4898 2859 4927; x_wconf 74' lang='grc' dir='ltr'><strong>ι</strong></span> <span class='ocrx_word' id='word_1_767' title='bbox 2906 4877 2970 4930; x_wconf 83' lang='grc' dir='ltr'>Ἡ</span> <span class='ocrx_word' id='word_1_768' title='bbox 3000 4878 3099 4948; x_wconf 78' lang='grc' dir='ltr'><strong>μὲν</strong></span> <span class='ocrx_word' id='word_1_769' title='bbox 3124 4878 3243 4942; x_wconf 81' lang='grc' dir='ltr'>ὁδὸς</span> <span class='ocrx_word' id='word_1_770' title='bbox 3272 4877 3367 4931; x_wconf 89' lang='grc' dir='ltr'><strong>τοῦ</strong></span> <span class='ocrx_word' id='word_1_771' title='bbox 3411 4877 3545 4930; x_wconf 86' lang='grc' dir='ltr'>Θεοῦ</span> <span class='ocrx_word' id='word_1_772' title='bbox 3579 4879 3638 4930; x_wconf 85' lang='grc' dir='ltr'><strong>ὲν</strong></span> <span class='ocrx_word' id='word_1_773' title='bbox 3662 4873 3760 4927; x_wconf 78' lang='grc' dir='ltr'>Θα-</span> 
     </span>
    </p>
   </div>
   <div class='ocr_carea' id='block_1_102' title="bbox 597 5007 2280 5079">
    <p class='ocr_par' dir='ltr' id='par_1_102' title="bbox 597 5007 2280 5079">
     <span class='ocr_line' id='line_1_102' title="bbox 597 5007 2280 5079; baseline 0.004 -19"><span class='ocrx_word' id='word_1_774' title='bbox 597 5009 641 5039; x_wconf 84' lang='grc'><strong>³¹</strong></span> <span class='ocrx_word' id='word_1_775' title='bbox 690 5007 833 5062; x_wconf 79' lang='lat' dir='ltr'><strong>Psal.</strong></span> <span class='ocrx_word' id='word_1_776' title='bbox 889 5024 1050 5074; x_wconf 88' lang='lat' dir='ltr'><strong>xxxv,</strong></span> <span class='ocrx_word' id='word_1_777' title='bbox 1084 5011 1168 5064; x_wconf 83' lang='grc' dir='ltr'>Η.</span> <span class='ocrx_word' id='word_1_778' title='bbox 1245 5012 1291 5043; x_wconf 71' lang='grc' dir='ltr'><strong><em>δ’</em></strong></span> <span class='ocrx_word' id='word_1_779' title='bbox 1323 5008 1480 5067; x_wconf 86' lang='lat' dir='ltr'><strong>Joan.</strong></span> <span class='ocrx_word' id='word_1_780' title='bbox 1516 5027 1626 5079; x_wconf 81' lang='lat' dir='ltr'><strong>xw,</strong></span> <span class='ocrx_word' id='word_1_781' title='bbox 1665 5013 1719 5066; x_wconf 88' lang='lat'><strong>6.</strong></span> <span class='ocrx_word' id='word_1_782' title='bbox 1794 5012 1840 5043; x_wconf 80' lang='grc'><strong><em>⁸³</em></strong></span> <span class='ocrx_word' id='word_1_783' title='bbox 1870 5009 1886 5063; x_wconf 95' lang='grc'><strong>1</strong></span> <span class='ocrx_word' id='word_1_784' title='bbox 1918 5012 2044 5066; x_wconf 82' lang='lat' dir='ltr'><strong>Cor.</strong></span> <span class='ocrx_word' id='word_1_785' title='bbox 2076 5028 2192 5078; x_wconf 81' lang='lat' dir='ltr'><strong>vin,</strong></span> <span class='ocrx_word' id='word_1_786' title='bbox 2228 5013 2280 5068; x_wconf 83' lang='lat'><strong>5.</strong></span> 
     </span>
    </p>
   </div>
   <div class='ocr_carea' id='block_1_103' title="bbox 565 5140 2079 5221">
    <p class='ocr_par' dir='ltr' id='par_1_103' title="bbox 565 5140 2079 5221">
     <span class='ocr_line' id='line_1_103' title="bbox 565 5140 2079 5221; baseline 0.001 -18"><span class='ocrx_word' id='word_1_787' title='bbox 565 5149 676 5221; x_wconf 71' lang='lat'><strong>(29)</strong></span> <span class='ocrx_word' id='word_1_788' title='bbox 719 5151 772 5202; x_wconf 90' lang='lat'><strong>&#39;0</strong></span> <span class='ocrx_word' id='word_1_789' title='bbox 807 5140 1130 5218; x_wconf 74' lang='grc' dir='ltr'>τδίᾶδηλα,</span> <span class='ocrx_word' id='word_1_790' title='bbox 1165 5161 1271 5207; x_wconf 91' lang='lat' dir='ltr'><strong>etc.</strong></span> <span class='ocrx_word' id='word_1_791' title='bbox 1311 5154 1350 5208; x_wconf 83' lang='lat' dir='ltr'><strong>E</strong></span> <span class='ocrx_word' id='word_1_792' title='bbox 1373 5154 1561 5210; x_wconf 89' lang='lat' dir='ltr'><strong>codice</strong></span> <span class='ocrx_word' id='word_1_793' title='bbox 1587 5154 1922 5209; x_wconf 84' lang='lat' dir='ltr'><strong>Cnisliniano</strong></span> <span class='ocrx_word' id='word_1_794' title='bbox 1967 5153 2079 5220; x_wconf 83' lang='lat' dir='ltr'><strong>pri-</strong></span> 
     </span>
    </p>
   </div>
   <div class='ocr_carea' id='block_1_104' title="bbox 495 5238 1596 5361">
    <p class='ocr_par' dir='ltr' id='par_1_104' title="bbox 495 5238 1596 5361">
     <span class='ocr_line' id='line_1_104' title="bbox 495 5238 1596 5361; baseline 0.002 -16"><span class='ocrx_word' id='word_1_795' title='bbox 495 5238 679 5361; x_wconf 60' lang='grc'><strong>111((50)</strong></span> <span class='ocrx_word' id='word_1_796' title='bbox 726 5291 888 5345; x_wconf 77' lang='grc' dir='ltr'>Ὠσεὶ</span> <span class='ocrx_word' id='word_1_797' title='bbox 917 5293 1111 5361; x_wconf 73' lang='grc' dir='ltr'>ἔλεγε,</span> <span class='ocrx_word' id='word_1_798' title='bbox 1145 5302 1250 5346; x_wconf 89' lang='lat' dir='ltr'><strong>etc.</strong></span> <span class='ocrx_word' id='word_1_799' title='bbox 1279 5293 1352 5346; x_wconf 81' lang='lat' dir='ltr'><strong>Ex</strong></span> <span class='ocrx_word' id='word_1_800' title='bbox 1384 5295 1596 5347; x_wconf 84' lang='lat' dir='ltr'><strong>eodem.</strong></span> 
     </span>
    </p>
   </div>
   <div class='ocr_carea' id='block_1_105' title="bbox 567 5361 1900 5501">
    <p class='ocr_par' dir='ltr' id='par_1_105' title="bbox 567 5361 1900 5501">
     <span class='ocr_line' id='line_1_105' title="bbox 589 5361 1900 5432; baseline 0 -16"><span class='ocrx_word' id='word_1_801' title='bbox 589 5361 678 5432; x_wconf 78' lang='lat' dir='ltr'><strong>3i)</strong></span> <span class='ocrx_word' id='word_1_802' title='bbox 725 5363 820 5426; x_wconf 86' lang='grc' dir='ltr'>Ὡς</span> <span class='ocrx_word' id='word_1_803' title='bbox 853 5365 1184 5427; x_wconf 79' lang='grc' dir='ltr'>κόπτοντος</span> <span class='ocrx_word' id='word_1_804' title='bbox 1203 5363 1412 5427; x_wconf 81' lang='grc' dir='ltr'>αὐτοῦ,</span> <span class='ocrx_word' id='word_1_805' title='bbox 1441 5376 1546 5416; x_wconf 76' lang='lat' dir='ltr'><strong>etc.</strong></span> <span class='ocrx_word' id='word_1_806' title='bbox 1582 5363 1654 5417; x_wconf 80' lang='lat' dir='ltr'><strong>Ex</strong></span> <span class='ocrx_word' id='word_1_807' title='bbox 1687 5365 1900 5418; x_wconf 85' lang='lat' dir='ltr'><strong>eodem.</strong></span> 
     </span>
     <span class='ocr_line' id='line_1_106' title="bbox 567 5361 1900 5501; baseline -0.003 -14"><span class='ocrx_word' id='word_1_808' title='bbox 567 5361 682 5501; x_wconf 69' lang='grc'>(52)</span> <span class='ocrx_word' id='word_1_809' title='bbox 711 5430 1010 5486; x_wconf 79' lang='grc' dir='ltr'>Οὐδέποτε</span> <span class='ocrx_word' id='word_1_810' title='bbox 1035 5431 1280 5500; x_wconf 70' lang='grc' dir='ltr'>ἤρξατο,</span> <span class='ocrx_word' id='word_1_811' title='bbox 1316 5444 1422 5489; x_wconf 83' lang='lat' dir='ltr'><strong>etc.</strong></span> <span class='ocrx_word' id='word_1_812' title='bbox 1460 5434 1503 5489; x_wconf 89' lang='lat' dir='ltr'><strong>E</strong></span> <span class='ocrx_word' id='word_1_813' title='bbox 1534 5435 1723 5489; x_wconf 85' lang='lat' dir='ltr'><strong>codice</strong></span> <span class='ocrx_word' id='word_1_814' title='bbox 1745 5433 1900 5489; x_wconf 69' lang='lat' dir='ltr'><strong>Coisll</strong></span> 
     </span>
    </p>
   </div>
   <div class='ocr_carea' id='block_1_106' title="bbox 592 5430 2078 5504">
    <p class='ocr_par' dir='ltr' id='par_1_106' title="bbox 592 5430 2078 5504">
     <span class='ocr_line' id='line_1_107' title="bbox 592 5430 2078 5504; baseline 0 -17"><span class='ocrx_word' id='word_1_815' title='bbox 592 5430 682 5504; x_wconf 76' lang='lat'><strong>5‘2)</strong></span> <span class='ocrx_word' id='word_1_816' title='bbox 711 5430 1010 5486; x_wconf 79' lang='grc' dir='ltr'>Οὐδέποτε</span> <span class='ocrx_word' id='word_1_817' title='bbox 1035 5431 1280 5500; x_wconf 72' lang='grc' dir='ltr'>ἤρξατο,</span> <span class='ocrx_word' id='word_1_818' title='bbox 1316 5444 1422 5489; x_wconf 82' lang='lat' dir='ltr'><strong>etc.</strong></span> <span class='ocrx_word' id='word_1_819' title='bbox 1460 5434 1503 5489; x_wconf 88' lang='lat' dir='ltr'><strong>E</strong></span> <span class='ocrx_word' id='word_1_820' title='bbox 1534 5435 1723 5489; x_wconf 84' lang='lat' dir='ltr'><strong>codice</strong></span> <span class='ocrx_word' id='word_1_821' title='bbox 1745 5433 2078 5489; x_wconf 84' lang='lat' dir='ltr'><strong>Cuislinianu</strong></span> 
     </span>
    </p>
   </div>
   <div class='ocr_carea' id='block_1_107' title="bbox 495 5505 2074 5652">
    <p class='ocr_par' dir='ltr' id='par_1_107' title="bbox 495 5505 2074 5652">
     <span class='ocr_line' id='line_1_108' title="bbox 495 5505 2074 5652; baseline 0.002 -26"><span class='ocrx_word' id='word_1_822' title='bbox 495 5505 1072 5652; x_wconf 48' lang='grc' dir='ltr'><strong>εθῙὲἓῖρᾸλὶοίωο-ιν</strong></span> <span class='ocrx_word' id='word_1_823' title='bbox 1099 5572 1280 5640; x_wconf 74' lang='grc' dir='ltr'>λέγει,</span> <span class='ocrx_word' id='word_1_824' title='bbox 1318 5584 1423 5627; x_wconf 81' lang='lat' dir='ltr'><strong>etc.</strong></span> <span class='ocrx_word' id='word_1_825' title='bbox 1455 5575 1493 5628; x_wconf 78' lang='grc' dir='ltr'>Ε</span> <span class='ocrx_word' id='word_1_826' title='bbox 1517 5575 1703 5630; x_wconf 88' lang='lat' dir='ltr'><strong>codice</strong></span> <span class='ocrx_word' id='word_1_827' title='bbox 1742 5574 2074 5629; x_wconf 85' lang='lat' dir='ltr'><strong>Coisliniano</strong></span> 
     </span>
    </p>
   </div>
   <div class='ocr_carea' id='block_1_108' title="bbox 497 5653 2074 5776">
    <p class='ocr_par' dir='ltr' id='par_1_108' title="bbox 497 5653 2074 5776">
     <span class='ocr_line' id='line_1_109' title="bbox 497 5653 2074 5776; baseline 0.003 -11"><span class='ocrx_word' id='word_1_828' title='bbox 497 5653 693 5772; x_wconf 47' lang='lat' dir='ltr'><strong>wgf).</strong></span> <span class='ocrx_word' id='word_1_829' title='bbox 720 5709 886 5764; x_wconf 77' lang='grc' dir='ltr'>Ἤτοι</span> <span class='ocrx_word' id='word_1_830' title='bbox 933 5713 1002 5768; x_wconf 83' lang='grc' dir='ltr'><strong>ἐν</strong></span> <span class='ocrx_word' id='word_1_831' title='bbox 1056 5715 1254 5776; x_wconf 79' lang='grc' dir='ltr'>παντί,</span> <span class='ocrx_word' id='word_1_832' title='bbox 1289 5725 1396 5769; x_wconf 88' lang='lat' dir='ltr'><strong>etc.</strong></span> <span class='ocrx_word' id='word_1_833' title='bbox 1451 5715 1490 5769; x_wconf 61' lang='lat' dir='ltr'><strong>l&quot;.</strong></span> <span class='ocrx_word' id='word_1_834' title='bbox 1528 5718 1714 5773; x_wconf 89' lang='lat' dir='ltr'><strong>codice</strong></span> <span class='ocrx_word' id='word_1_835' title='bbox 1739 5715 2074 5772; x_wconf 83' lang='lat' dir='ltr'><strong>Coisliniano</strong></span> 
     </span>
    </p>
   </div>
   <div class='ocr_carea' id='block_1_109' title="bbox 2178 5153 2444 5206">
    <p class='ocr_par' dir='ltr' id='par_1_109' title="bbox 2178 5153 2444 5206">
     <span class='ocr_line' id='line_1_110' title="bbox 2178 5153 2444 5206; baseline 0.004 -1"><span class='ocrx_word' id='word_1_836' title='bbox 2178 5153 2444 5206; x_wconf 84' lang='lat' dir='ltr'><strong>secundo.</strong></span> 
     </span>
    </p>
   </div>
   <div class='ocr_carea' id='block_1_110' title="bbox 2248 5223 3512 5291">
    <p class='ocr_par' dir='ltr' id='par_1_110' title="bbox 2248 5223 3512 5291">
     <span class='ocr_line' id='line_1_111' title="bbox 2248 5223 3512 5291; baseline 0.002 -14"><span class='ocrx_word' id='word_1_837' title='bbox 2248 5223 2365 5291; x_wconf 81' lang='lat'><strong>(&#39;55)</strong></span> <span class='ocrx_word' id='word_1_838' title='bbox 2395 5225 2544 5291; x_wconf 82' lang='lat' dir='ltr'><strong>&quot;Opa</strong></span> <span class='ocrx_word' id='word_1_839' title='bbox 2569 5227 2622 5277; x_wconf 82' lang='grc' dir='ltr'>εὶ</span> <span class='ocrx_word' id='word_1_840' title='bbox 2654 5224 2753 5279; x_wconf 81' lang='grc' dir='ltr'>διὰ</span> <span class='ocrx_word' id='word_1_841' title='bbox 2781 5226 3028 5289; x_wconf 84' lang='grc' dir='ltr'>τούτων,</span> <span class='ocrx_word' id='word_1_842' title='bbox 3056 5236 3163 5279; x_wconf 89' lang='lat' dir='ltr'><strong>etc.</strong></span> <span class='ocrx_word' id='word_1_843' title='bbox 3192 5224 3269 5278; x_wconf 81' lang='lat' dir='ltr'><strong>Ex</strong></span> <span class='ocrx_word' id='word_1_844' title='bbox 3301 5225 3512 5281; x_wconf 87' lang='lat' dir='ltr'><strong>eodem.</strong></span> 
     </span>
    </p>
   </div>
   <div class='ocr_carea' id='block_1_111' title="bbox 2249 5292 3758 5365">
    <p class='ocr_par' dir='ltr' id='par_1_111' title="bbox 2249 5292 3758 5365">
     <span class='ocr_line' id='line_1_112' title="bbox 2249 5292 3758 5365; baseline -0.002 -14"><span class='ocrx_word' id='word_1_845' title='bbox 2249 5292 2362 5360; x_wconf 80' lang='grc'>(56)</span> <span class='ocrx_word' id='word_1_846' title='bbox 2396 5292 2672 5348; x_wconf 87' lang='grc' dir='ltr'>Τουτέστι</span> <span class='ocrx_word' id='word_1_847' title='bbox 2701 5295 2808 5349; x_wconf 81' lang='grc' dir='ltr'><strong>τὸν</strong></span> <span class='ocrx_word' id='word_1_848' title='bbox 2836 5297 3118 5365; x_wconf 79' lang='grc' dir='ltr'>Χριστόν,</span> <span class='ocrx_word' id='word_1_849' title='bbox 3155 5308 3259 5352; x_wconf 90' lang='lat' dir='ltr'><strong>etc.</strong></span> <span class='ocrx_word' id='word_1_850' title='bbox 3294 5296 3369 5350; x_wconf 76' lang='lat' dir='ltr'><strong>Ex</strong></span> <span class='ocrx_word' id='word_1_851' title='bbox 3389 5299 3574 5353; x_wconf 77' lang='lat' dir='ltr'><strong>codice</strong></span> <span class='ocrx_word' id='word_1_852' title='bbox 3597 5295 3758 5354; x_wconf 81' lang='lat' dir='ltr'><strong>Cois-</strong></span> 
     </span>
    </p>
   </div>
   <div class='ocr_carea' id='block_1_112' title="bbox 2180 5363 2609 5431">
    <p class='ocr_par' dir='ltr' id='par_1_112' title="bbox 2180 5363 2609 5431">
     <span class='ocr_line' id='line_1_113' title="bbox 2180 5363 2609 5431; baseline 0.012 -16"><span class='ocrx_word' id='word_1_853' title='bbox 2180 5363 2384 5416; x_wconf 88' lang='lat' dir='ltr'><strong>liniano</strong></span> <span class='ocrx_word' id='word_1_854' title='bbox 2409 5365 2609 5431; x_wconf 87' lang='lat' dir='ltr'><strong>primo.</strong></span> 
     </span>
    </p>
   </div>
   <div class='ocr_carea' id='block_1_113' title="bbox 2255 5433 3248 5500">
    <p class='ocr_par' dir='ltr' id='par_1_113' title="bbox 2255 5433 3248 5500">
     <span class='ocr_line' id='line_1_114' title="bbox 2255 5433 3248 5500; baseline 0.003 -12"><span class='ocrx_word' id='word_1_855' title='bbox 2255 5433 2366 5500; x_wconf 83' lang='grc'>(57)</span> <span class='ocrx_word' id='word_1_856' title='bbox 2390 5436 2459 5488; x_wconf 81' lang='grc' dir='ltr'><strong>Αἱ</strong></span> <span class='ocrx_word' id='word_1_857' title='bbox 2481 5435 2765 5499; x_wconf 79' lang='grc' dir='ltr'>ἄϐυσσοι,</span> <span class='ocrx_word' id='word_1_858' title='bbox 2795 5446 2901 5491; x_wconf 83' lang='lat' dir='ltr'><strong>etc.</strong></span> <span class='ocrx_word' id='word_1_859' title='bbox 2939 5436 3012 5489; x_wconf 83' lang='lat' dir='ltr'><strong>Ex</strong></span> <span class='ocrx_word' id='word_1_860' title='bbox 3039 5437 3248 5492; x_wconf 90' lang='lat' dir='ltr'><strong>eodem.</strong></span> 
     </span>
    </p>
   </div>
   <div class='ocr_carea' id='block_1_114' title="bbox 2256 5503 3208 5575">
    <p class='ocr_par' dir='ltr' id='par_1_114' title="bbox 2256 5503 3208 5575">
     <span class='ocr_line' id='line_1_115' title="bbox 2256 5503 3208 5575; baseline 0.005 -19"><span class='ocrx_word' id='word_1_861' title='bbox 2256 5503 2366 5575; x_wconf 86' lang='grc'>(58)</span> <span class='ocrx_word' id='word_1_862' title='bbox 2402 5504 2464 5556; x_wconf 86' lang='lat'><strong>&#39;0</strong></span> <span class='ocrx_word' id='word_1_863' title='bbox 2489 5509 2722 5575; x_wconf 77' lang='grc' dir='ltr'>τροχός,</span> <span class='ocrx_word' id='word_1_864' title='bbox 2755 5517 2860 5562; x_wconf 89' lang='lat' dir='ltr'><strong>etc.</strong></span> <span class='ocrx_word' id='word_1_865' title='bbox 2901 5508 2972 5560; x_wconf 89' lang='lat' dir='ltr'><strong>Ex</strong></span> <span class='ocrx_word' id='word_1_866' title='bbox 2997 5510 3208 5561; x_wconf 83' lang='lat' dir='ltr'><strong>eodem.</strong></span> 
     </span>
    </p>
   </div>
   <div class='ocr_carea' id='block_1_115' title="bbox 2183 5513 3762 5696">
    <p class='ocr_par' dir='ltr' id='par_1_115' title="bbox 2183 5513 3762 5696">
     <span class='ocr_line' id='line_1_116' title="bbox 2256 5513 3208 5575; baseline 0.005 -19"><span class='ocrx_word' id='word_1_867' title='bbox 2256 5513 2344 5566; x_wconf 72' lang='grc'>(58</span> <span class='ocrx_word' id='word_1_868' title='bbox 2403 5513 2464 5556; x_wconf 87' lang='lat'><strong>&#39;0</strong></span> <span class='ocrx_word' id='word_1_869' title='bbox 2489 5513 2722 5575; x_wconf 86' lang='grc' dir='ltr'>τροχός,</span> <span class='ocrx_word' id='word_1_870' title='bbox 2755 5517 2860 5562; x_wconf 89' lang='lat' dir='ltr'><strong>etc.</strong></span> <span class='ocrx_word' id='word_1_871' title='bbox 2901 5513 2972 5560; x_wconf 89' lang='lat' dir='ltr'><strong>Ex</strong></span> <span class='ocrx_word' id='word_1_872' title='bbox 2997 5513 3208 5561; x_wconf 84' lang='lat' dir='ltr'><strong>eodem.</strong></span> 
     </span>
     <span class='ocr_line' id='line_1_117' title="bbox 2183 5513 3762 5696; baseline 0.001 -66"><span class='ocrx_word' id='word_1_873' title='bbox 2183 5513 2367 5696; x_wconf 51' lang='lat' dir='ltr'><strong>d0(259;</strong></span> <span class='ocrx_word' id='word_1_874' title='bbox 2393 5573 2598 5643; x_wconf 82' lang='grc' dir='ltr'>Πρώτη</span> <span class='ocrx_word' id='word_1_875' title='bbox 2615 5576 2753 5644; x_wconf 79' lang='grc' dir='ltr'><strong>μέν,</strong></span> <span class='ocrx_word' id='word_1_876' title='bbox 2783 5589 2890 5632; x_wconf 88' lang='lat' dir='ltr'><strong>etc.</strong></span> <span class='ocrx_word' id='word_1_877' title='bbox 2921 5577 2962 5630; x_wconf 85' lang='lat' dir='ltr'><strong>E</strong></span> <span class='ocrx_word' id='word_1_878' title='bbox 2993 5579 3182 5634; x_wconf 86' lang='lat' dir='ltr'><strong>codice</strong></span> <span class='ocrx_word' id='word_1_879' title='bbox 3209 5577 3550 5636; x_wconf 80' lang='lat' dir='ltr'><strong>Coisliuiano</strong></span> <span class='ocrx_word' id='word_1_880' title='bbox 3568 5592 3762 5634; x_wconf 75' lang='lat' dir='ltr'><strong>secun-</strong></span> 
     </span>
    </p>
   </div>
   <div class='ocr_carea' id='block_1_116' title="bbox 2222 5660 2254 5697">
    <p class='ocr_par' dir='ltr' id='par_1_116' title="bbox 2222 5660 2254 5697">
     <span class='ocr_line' id='line_1_118' title="bbox 2222 5660 2254 5697; baseline 0 0"><span class='ocrx_word' id='word_1_881' title='bbox 2222 5660 2254 5697; x_wconf 86' lang='grc'>0</span> 
     </span>
    </p>
   </div>
   <div class='ocr_carea' id='block_1_117' title="bbox 2252 5686 3442 5786">
    <p class='ocr_par' dir='ltr' id='par_1_117' title="bbox 2252 5686 3442 5786">
     <span class='ocr_line' id='line_1_119' title="bbox 2252 5686 3442 5786; baseline 0.008 -16"><span class='ocrx_word' id='word_1_882' title='bbox 2252 5686 2364 5783; x_wconf 73' lang='grc'>(40)</span> <span class='ocrx_word' id='word_1_883' title='bbox 2401 5715 2684 5786; x_wconf 79' lang='grc' dir='ltr'>Ἀνωτέρω</span> <span class='ocrx_word' id='word_1_884' title='bbox 2708 5716 2954 5786; x_wconf 76' lang='grc' dir='ltr'>εἴρηται,</span> <span class='ocrx_word' id='word_1_885' title='bbox 2983 5727 3088 5776; x_wconf 90' lang='lat' dir='ltr'><strong>etc.</strong></span> <span class='ocrx_word' id='word_1_886' title='bbox 3125 5717 3201 5774; x_wconf 82' lang='lat' dir='ltr'><strong>Ex</strong></span> <span class='ocrx_word' id='word_1_887' title='bbox 3228 5720 3442 5779; x_wconf 80' lang='lat' dir='ltr'><strong>eodem.</strong></span> 
     </span>
    </p>
   </div>
  </div>
