4066 6236
510 270 646 325 1545
1851 259 1939 313 EX
1974 258 2116 313 0RI(

2206 258 2277 312 ςΕ
3643 249 3812 303 ιῦξιί

584 389 742 438 Vens.
780 384 868 437 57.
908 382 1158 436 Conversi
1197 392 1319 435 sunt
1376 383 1429 433 iu
1490 396 1672 433 nrrum
1705 396 1945 449 prauum,
1979 388 2086 433 etc.
2123 389 2162 444 Α

2262 372 2778 443 Μετεστράφησαν
2832 372 2919 437 εἰς
2970 369 3153 433 τόξον
3195 367 3516 433 στρεϐλόν,
3548 381 3603 416 κ.
3636 382 3694 416 τ.
3753 368 3812 416 ἑ.

506 483 677 534 Arcus
734 492 933 546 pravus
985 479 1165 529 anima
1212 490 1492 542 perversa,
1540 474 1748 542 sagittze
1790 488 1918 525 vero
1968 472 2085 541 ejus

2212 468 2352 531 Γόξον
2382 466 2637 537 στρεϐλὸν
2667 464 2815 535 ψυχὴ
2859 460 3304 533 διεστραμμένη·
3343 458 3471 528 βέλη
3519 456 3575 508 δὲ
3612 454 3818 523 αὐτῆς

502 569 867 638 cogitationes
898 567 1077 620 malze.

2190 559 2441 628 λογισμοὶ
2475 557 2723 627 πονηροί.

576 660 740 713 Vens.
768 658 857 711 60.
895 659 962 710 Et
1022 658 1215 725 repulit
1273 656 1673 710 tabernaculum
1726 656 1929 717 Selom,
1968 666 2077 707 etc.

2260 654 2369 706 Καὶ
2398 653 2685 706 ἀπώσατο
2714 650 2828 716 τὴν
2854 646 3096 716 σκηνὴν
3125 643 3339 715 Σηλὼμ
3360 683 3373 702 ,
3415 660 3469 695 κ.
3503 659 3554 694 τ.
3585 641 3633 694 ὲ.
3674 639 3811 703 Τὴν

502 753 651 819 Quod
680 765 870 819 nempe
898 751 951 802 in
976 749 1160 803 Selom
1190 759 1313 802 erat
1341 751 1530 803 situm.

2188 746 2244 796 ὲν
2274 742 2429 813 Σηλὼ
2436 761 2475 812 μ
2504 741 2768 794 ἑστῶσαν.
3116 810 3138 825 1

570 844 735 896 Vens.
763 843 852 896 (η.
888 841 951 895 Et
984 844 1348 897 [nereditatem
1387 858 1534 894 suam
1559 840 1774 907 sprevit,
1810 848 1916 891 etc.
1958 836 2081 890 Πω-

2258 834 2368 888 Kal
2410 833 2525 901 τὴν
2560 832 2969 900 κληρονομίαν
3018 828 3206 883 αὑτοῦ
3256 824 3589 893 ὑπερεῖδεν,
3630 842 3689 876 κ.
3747 841 3782 875 τ

502 936 783 988 reditatem
820 935 923 988 hoc
954 935 1074 989 loco
1102 934 1326 987 vocatid
1354 934 1496 1001 quod
1534 933 1911 985 hmreditatem
1944 931 2078 983 adit.

2198 928 2234 980 ἒ.
2285 925 2666 998 κληρονομίαν
2718 923 2959 976 ἐνταῦοα
2998 922 3058 974 τὸ
3112 918 3482 990 κληρονομοῦν
3534 918 3804 988 εἴρηκεν.

499 1029 620 1082 Alio
654 1043 818 1081 sensu
868 1026 1158 1081 haereditas
1194 1025 1286 1079 Dei
1319 1034 1445 1079 sunt
1481 1026 1677 1078 animm
1707 1022 2080 1078 rationabiles.

1781 1022 2080 1077 '.i0nabiles.
2193 1017 2400 1081 Ἄλλως
2434 1016 2768 1088 κληρονομία
2792 1014 2927 1067 Θεοῦ
2961 1012 3132 1083 ψυχαὶ
3155 1010 3387 1079 λογικαί.

574 1119 736 1173 Vens.
766 1119 853 1173 63.
892 1118 1115 1171 Iuvenes
1144 1132 1322 1169 eorum
1348 1106 1569 1169 come'dit
1594 1116 1755 1185 ignis,
1780 1124 1887 1170 etc.
1922 1112 2086 1168 Forte

2266 1108 2414 1173 Τοὺς
2444 1109 2809 1173 νεανίσκους
2838 1106 3038 1159 αὐτῶν
3065 1104 3360 1172 κατέφαγε
3392 1102 3534 1168 πῦρ,
3562 1119 3620 1155 κ.
3646 1118 3706 1154 τ.
3749 1102 3802 1151 ὲ.

501 1212 642 1281 ignis
671 1220 797 1264 sunt
824 1210 998 1280 ignita
1039 1207 1218 1276 jacula
1249 1208 1495 1276 maligni.

2199 1201 2344 1270 Τάχα
2383 1200 2493 1270 πῦρ
2556 1201 2675 1252 ἐστι
2730 1199 2799 1253 τὰ
2851 1196 3225 1268 πεπυρωμένα
3284 1195 3413 1265 βέλη
3464 1193 3558 1246 τοῦ
3618 1210 3805 1263 πονη-

2264 1311 2315 1344 υ.

571 1392 737 1445 Vens.
774 1391 863 1445 68.
902 1389 969 1443 Et
1025 1390 1178 1458 etegit
1226 1390 1421 1442 tribum
1470 1389 1640 1448 Juda,
1668 1395 1777 1438 etc.
1818 1382 2085 1437 «Manife-

2264 1311 2315 1344 υ.

2200 1309 2375 1435 poliat
2402 1381 2727 1447 ἐξελέξατο
2755 1379 2869 1447 τὴν
2892 1380 3101 1449 φυλὴν
3124 1378 3333 1441 Ἰούδα,
3364 1396 3418 1430 κ.
3447 1395 3498 1430 τ.
3528 1378 3577 1430 ὲ.
3612 1396 3632 1427 ι
3651 1377 3806 1445 Πρό-

500 1498 641 1540 stum
672 1487 815 1537 enim
841 1493 921 1538 est
952 1485 1095 1551 quod
1125 1498 1189 1537 ex
1220 1481 1358 1536 Juda
1385 1496 1541 1537 ortus
1585 1479 1655 1535 sit
1692 1477 1959 1531 Dominus
1989 1490 2088 1529 no-

2192 1475 2351 1545 δηλον
2400 1475 2545 1545 γὰρ,
2593 1474 2676 1527 ὅτι
2741 1473 2799 1538 ἐξ
2860 1472 3031 1526 Ἰούδα
3089 1469 3453 1526 ἀνατέταλκεν
3498 1472 3527 1522 0
3576 1468 3798 1539 Κύριος

500 1586 633 1642 ster,
659 1596 677 1629 ι
714 1574 890 1643 inquit
912 1572 1202 1642 Apostolus
1227 1574 1295 1625 ⁵⁸.

2191 1567 2369 1636 ἡμῶν,
2400 1586 2416 1617 ι
2458 1566 2622 1636 φησιν
2658 1564 3001 1628 Ἀπὸστολος.
3070 1588 3074 1589 ί

854 1759 1015 1828 772
1054 1757 1379 1814 PSALMUS
1418 1756 1701 1811 LXXVIII.
2128 1762 2169 1813 Β

1624 1757 1701 1810 llI.
2128 1762 2169 1813 Β
2771 1747 3065 1803 ΨΑΛΜΟΣ
3103 1746 3230 1799 OH’.

568 1854 731 1907 Vens.
765 1854 819 1907 8.
877 1852 1017 1917 Quia
1072 1869 1326 1920 pauperes
1376 1851 1505 1919 [acti
1538 1866 1719 1903 sumus
1772 1849 1951 1910 nimis,
1976 1856 2084 1903 etc.

2278 1847 2395 1897 Ὅτι
2457 1842 2924 1912 ἐπτωχεὺσαμεν
2981 1836 3248 1907 σφόδρα,
3298 1852 3352 1887 κ.
3389 1851 3441 1886 τ.
3492 1834 3539 1888 έ.
3583 1832 3802 1903 Στερη-

500 1943 697 1997 I'rivati
725 1942 933 1997 divitiis
963 1942 1207 1998 scientia:
1237 1956 1505 2011 pauperes
1537 1940 1662 1995 facti
1698 1953 1907 1993 sumus.

2198 1936 2383 1999 Οέντες
2447 1933 2542 1988 τοῦ
2616 1931 2849 1987 πλούτου
2927 1931 3027 1999 τῆς
3094 1926 3349 1996 γνώσεως
3432 1924 3800 1993 ὲπτωχεύσα-

2200 2046 2320 2097 μεν.

987 2214 1309 2271 PSALMUS
1349 2214 1588 2270 LXXIX.

2757 2206 3052 2263 ΨΑΛΜΟΣ
3089 2205 3208 2259 ΟΘ’.

565 2306 735 2362 Vens.
764 2308 816 2362 3.
850 2306 1038 2360 Excita
1064 2310 1350 2375 potentiam
1382 2318 1551 2371 tuam,
1582 2318 1690 2363 etc.
1711 2308 1962 2366 Christus
1987 2309 2081 2365 Dei

2275 2304 2608 2374 Ἐξέγειρον
2643 2300 2759 2368 τὴν
2804 2299 3175 2353 δυναστείαν
3215 2312 3354 2360 σου,
3386 2314 3441 2349 κ.
3471 2313 3522 2348 τ.
3562 2296 3610 2348 ὲ.
3652 2297 3789 2367 Χρι-

495 2400 670 2453 virtus
704 2408 786 2452 est
818 2409 873 2452 et
900 2399 989 2452 Dei
1018 2400 1308 2466 sapientia.

2193 2396 2317 2459 στὸς
2348 2394 2484 2448 Θεοῦ
2512 2393 2743 2463 δύναμις
2778 2393 2873 2447 xal.
2901 2391 3037 2445 Θεοῦ
3065 2390 3243 2458 σοφία.

569 2492 733 2546 Vens.
768 2491 822 2543 6.
858 2491 1071 2544 Cibabis
1122 2508 1215 2544 nos
1270 2509 1404 2555 pane
1435 2491 1815 2561 Iacrymarum,
1844 2502 1953 2549 etc.
1985 2493 2082 2549 His

2268 2486 2519 2555 Ψωμιεῖς
2574 2483 2732 2554 ἡμᾶς
2786 2484 2970 2552 ἄρτον
3024 2482 3318 2549 δακρύων,
3377 2497 3434 2531 κ.
3478 2497 3529 2533 τ.
3579 2481 3623 2532 έ.
3674 2480 3776 2531 Διὰ

498 2582 679 2633 verbis
705 2580 1110 2633 amarissimam
1140 2580 1517 2649 pmnitcntiam
1549 2582 1793 2637 exhibet.

2190 2578 2394 2632 τούτων
2447 2576 2555 2629 τῶν
2618 2574 2796 2647 ῥητῶν
2855 2575 3154 2647 παρίστησι
3213 2570 3550 2642 πικροτάτην
3609 2571 3777 2639 μετά-

570 2752 734 2806 Vnns.
762 2754 817 2807 8.
847 2752 914 2806 Et
947 2755 1159 2808 ostende
1187 2754 1379 2820 facient
1418 2764 1587 2819 tuam,
1628 2765 1676 2809 et
1703 2755 1834 2808 salvi
1863 2756 2078 2821 erimus,

2191 2690 2357 2726 νοιαν.

2262 2764 2374 2818 Καὶ
2400 2762 2697 2830 ἐπίφανον
2730 2759 2799 2813 τὸ
2831 2758 3157 2827 πρόσωπόν
3186 2772 3324 2818 σου,
3358 2754 3456 2807 καὶ
3500 2753 3775 2819 σωθησόο

495 2850 603 2895 etc.
634 2839 853 2893 Faciem
885 2840 973 2893 hic
994 2841 1269 2894 Christum
1300 2841 1622 2895 nominavit.
1672 2863 1689 2893 ε
1718 2844 1900 2913 Imago
1932 2849 2076 2900 enim

2183 2858 2358 2924 μεθα,
2396 2872 2451 2907 κ.
2472 2873 2523 2907 τ.
2554 2855 2600 2906 ὲ.
2634 2852 2933 2923 Πρόσωπον
2976 2848 3213 2904 ἐνταῦθα
3246 2848 3337 2900 τὸν
3374 2846 3605 2918 Χριστὸν
3642 2846 3778 2897 ὡνόι

496 2942 577 2985 est
604 2932 695 2985 Dei
727 2931 1040 2996 invisibilis,
1079 2933 1470 3002 primogenitus
1490 2935 1669 2990 omnis
1697 2940 2075 2993 creaturm'ia

2193 2963 2400 3017 μασεν·
2444 2964 2463 2996 ι
2493 2944 2674 2999 Εἰκὼν
2721 2944 2830 3015 γάρ
2880 2944 2996 2995 ἐστι
3042 2941 3136 2995 τοῦ
3190 2940 3325 2994 Θεοῦ
3374 2938 3465 2993 τοῦ
3510 2938 3771 3007 ἀοράτου,

2192 3036 2544 3108 Πρωτότοκος
2584 3035 2767 3104 πάσης
2803 3034 3052 3097 κτίσεως.
3081 3052 3098 3084 ι

569 3112 729 3167 Vens.
758 3112 813 3166 9.
863 3111 1078 3166 Vineam
1097 3112 1160 3165 de
1182 3111 1413 3183 1Egypto
1465 3115 1812 3181 transtulisti,
1857 3127 1962 3173 etc.
1997 3119 2080 3174 Vi-
2106 3108 2148 3165 Ο

2258 3128 2554 3196 Ἄμπελον
2585 3126 2654 3189 ἐξ
2680 3125 2980 3193 Αἰγύπτου
3008 3121 3295 3191 μετῆρας,
3326 3137 3375 3172 κ.
3403 3134 3452 3169 τ.
3489 3116 3534 3168 ὲ.
3555 3116 3777 3184 Ἀμπε-

496 3219 651 3257 neam
683 3205 782 3257 hoc
810 3203 928 3256 loco
962 3213 1119 3257 vocat
1140 3204 1429 3260 duodecim
1460 3207 1638 3260 tribus
1673 3206 1857 3263 Israel.

2181 3216 2271 3270 λον
2302 3216 2449 3284 λέγει
2482 3215 2577 3269 νῦν
2605 3214 2706 3279 τὰς
2735 3213 2945 3267 δώδεκα
2975 3212 3148 3282 φυλὰς
3172 3210 3267 3264 τοῦ
3308 3208 3539 3279 Ἰσραήλ.

569 3292 734 3348 Vens.
763 3294 847 3345 11.
890 3291 958 3345 Et
998 3293 1216 3347 arbusta
1249 3294 1361 3362 ejus
1386 3297 1568 3349 cedro:
1595 3295 1716 3363 Dei,
1750 3307 1857 3353 etc.
1892 3298 2071 3353 Arim-

2252 3309 2361 3362 Καὶ
2392 3312 2450 3362 αἱ
2483 3306 2925 3374 ἀναδενδράδες
2965 3304 3159 3372 αὐτῆς
3211 3303 3318 3368 τὰς
3369 3301 3623 3368 κέδρους
3666 3298 3772 3352 τοῦ

495 3396 577 3441 sta
608 3397 733 3440 sunt
762 3385 837 3439 illi
871 3386 961 3454 qui
991 3388 1445 3454 contemplationi
1476 3389 1640 3443 dediti
1675 3402 1823 3444 sunt.

2186 3398 2354 3462 Θεοῦ,
2382 3414 2436 3449 κ.
2463 3416 2513 3449 τ.
2538 3399 2585 3451 ὲ.
2625 3396 3035 3468 Ἀναδενδράδες
3070 3395 3207 3447 εἰσιν
3236 3394 3284 3446 οἱ
3316 3392 3660 3463 θεωρητικοί.

568 3473 730 3529 Vens.
764 3476 848 3529 18.
908 3474 1028 3529 Fiat
1074 3493 1263 3530 manus
1313 3488 1404 3531 tua
1451 3495 1610 3546 super
1638 3480 1802 3533 virum
1847 3480 2078 3535 dexterte

2258 3489 2578 3557 Γενηθήτω
2606 3491 2643 3557 ἡ
2673 3490 2800 3557 χείρ
2826 3505 2941 3541 σου
2967 3487 3059 3541 ἐπ’
3099 3486 3289 3553 ἄνδρα
3312 3483 3519 3549 δεξιᾶς
3546 3501 3682 3545 σου,
3712 3502 3770 3538 χ.

495 3575 621 3632 (κω,
659 3577 767 3618 etc.
806 3566 996 3619 Virmn
1043 3568 1279 3621 dextera:
1338 3578 1495 3621 vocat
1555 3568 1856 3636 Christum,
1905 3571 1994 3639 qui
2027 3580 2082 3625 et

2188 3597 2238 3635 τ.
2271 3582 2317 3634 ὲ.
2383 3580 2583 3650 Ἄνδρα
2647 3581 2819 3647 δεξιὸν
2863 3580 3012 3649 λέγει
3044 3579 3135 3632 τὸν
3176 3577 3434 3648 Χριστὸν,
3469 3577 3617 3637 ὅστις
3654 3575 3772 3626 ἐστὶ

501 3657 667 3713 Filius
701 3657 936 3712 hominis
957 3666 1060 3713 est.

2189 3673 2283 3726 καὶ
2313 3673 2438 3735 Υίδς
2462 3673 2558 3725 ἀνθ
2566 3672 2768 3743 ρώπου.

575 3747 735 3803 Vens.
775 3748 860 3803 19.
904 3748 1197 3818 I’iviﬁcabis
1233 3768 1347 3818 nos,
1373 3763 1418 3806 et
1473 3769 1659 3808 nomen
1687 3765 1834 3808 tuum
1871 3757 2080 3810 invoca-

2258 3764 2526 3830 Ζωώσεις
2568 3765 2747 3833 ἡμᾶς,
2790 3763 2889 3817 καὶ
2924 3763 2992 3816 τὸ
3040 3762 3226 3831 ὄνομά
3261 3777 3380 3815 σου
3420 3762 3771 3815 examinet-'-

499 3842 691 3903 bimus,
726 3853 830 3896 etc.
855 3841 1024 3896 Nemo
1054 3851 1233 3911 potest
1268 3859 1364 3898 nos
1387 3845 1689 3912 viviﬁcare,
1723 3848 1825 3901 nisi
1864 3848 1953 3902 ille
1983 3848 2072 3917 qui

2177 3858 2351 3925 μεθα,
2381 3873 2435 3908 κ.
2468 3874 2519 3908 τ.
2558 3857 2603 3909 ὲ.
2641 3856 2831 3918 Οὐδεὶς
2877 3855 3100 3909 δύναται
3134 3852 3473 3923 ζωοποιῆσαι
3513 3854 3676 3922 ἡμᾶς,
3719 3853 3767 3905 εί

498 3934 743 3988 dixit":
783 3954 800 3986 ι
831 3933 943 4004 Ego
980 3951 1103 3990 sum
1134 3938 1267 3991 vita.
1301 3957 1317 3988 ι
2184 3946 2259 4019 μὴ
2288 3947 2316 3998 0
2343 3947 2540 4003 εἰπών·
2577 3965 2595 3998 ι
2634 3947 2775 4016 Ἐγώ
2806 3950 2920 4018 εἰμι
2949 3949 2981 4017 ἡ
3010 3946 3146 4016 ζωή.
3169 3965 3188 3997 ι

989 4119 1310 4174 PSALMUS
1349 4118 1565 4176 LXXX.

2772 4126 3067 4180 ΨΑΛΜΟΣ
3105 4126 3189 4179 Π’.

562 4215 729 4268 Vens.
760 4214 814 4267 6.
851 4213 1109 4282 Linguam
1141 4231 1298 4279 quam
1324 4229 1429 4266 non
1454 4224 1665 4268 noverat
1711 4217 1937 4283 audivit,
1966 4229 2073 4274 etc.

2254 4217 2557 4271 Γλῶσσαν
2588 4216 2668 4285 ἢν
2701 4220 2814 4271 οὐκ
2845 4217 2999 4288 ἔγνω
3024 4216 3309 4285 ἤκουσεν,
3333 4232 3387 4267 κ.
3411 4232 3461 4267 τ.
3490 4215 3540 4266 ὲ.
3574 4212 3761 4283 Νόμου

492 4309 690 4377 Legem
727 4323 887 4375 quiam
926 4306 1211 4359 nesciebat
1235 4307 1464 4361 audivit.

1345 4307 1464 4361 ivit.
2108 4337 2150 4392 ο
2179 4310 2238 4365 ὃν
2266 4311 2367 4364 οὐκ
2392 4310 2680 4381 ¹ίγττίστατο,
2702 4310 2951 4380 ἤκουσεν.

566 4399 726 4452 Vens.
761 4397 849 4450 10.
890 4396 1014 4449 Νοη
1046 4395 1147 4449 erit
1174 4397 1296 4449 inte
1320 4395 1463 4450 Deus
1501 4413 1700 4462 recens,
1724 4407 1833 4453 etc.
1862 4398 2073 4456 Recens

2256 4404 2377 4457 οὐκ
2433 4402 2603 4455 ἔσται
2653 4402 2722 4454 ἐν
2754 4402 2853 4454 σοὶ
2903 4401 3048 4466 Θεὸς
3096 4400 3485 4468 πρόσφατος,
3531 4415 3583 4452 κ.
3625 4415 3677 4450 τ.
3710 4400 3760 4450 ἑ.

494 4490 636 4543 Deus
667 4498 757 4543 est
782 4489 826 4541 is
853 4503 882 4541 a
908 4501 1016 4556 quo
1040 4486 1176 4540 nihil
1201 4488 1568 4543 substantiam
1620 4489 1820 4545 habere
1859 4499 2072 4561 potest;

2182 4490 2501 4563 Πρόσφατός
2539 4492 2655 4543 ἐστι
2696 4490 2828 4553 Θεὸς
2856 4491 2885 4543 0
2928 4489 3094 4560 μηδὲν
3135 4489 3401 4542 οὐσιῶσαι
3449 4488 3755 4557 δυνάμενος,

493 4581 576 4636 vel
600 4582 645 4635 is
670 4580 761 4650 qui
790 4579 994 4633 malitia
1033 4577 1267 4632 infectus
1299 4588 1400 4633 est.

1398 4621 1400 4631 ι
2180 4584 2212 4655 ἢ
2239 4584 2267 4635 0
2298 4586 2364 4654 τῇ
2400 4584 2569 4652 κακίᾳ
2610 4582 3004 4652 πεποιωμένος.

564 4675 728 4730 Vnns.
765 4674 855 4730 11.
901 4671 1083 4726 Dilata
1128 4688 1185 4725 os
1214 4680 1387 4737 tuum,
1415 4681 1463 4726 et
1512 4671 1736 4742 implebo
1769 4672 1924 4738 illud,
1958 4681 2069 4728 etc.

2248 4673 2568 4728 Πλάτυνον
2601 4674 2668 4726 τὸ
2695 4675 2890 4742 στόμα
2928 4685 3066 4737 σου,
3113 4672 3209 4725 καὶ
3244 4671 3547 4739 πληρώσω
3591 4669 3755 4731 αὐτὸ,

495 4766 607 4822 Iloc
661 4766 778 4820 loco
808 4780 869 4819 os
921 4771 1154 4818 mentem
1202 4773 1384 4829 vocat,
1416 4764 1503 4818 cui
1538 4764 1882 4833 splendorem
1911 4764 2071 4820 affert

2178 4783 2232 4819 κ.
2258 4783 2311 4820 τ.
2340 4767 2386 4817 ὲ.
2420 4766 2606 4835 Στόμα
2646 4764 2739 4817 νῦν
2770 4766 2862 4819 τὸν
2894 4764 3019 4817 νοῦν
3061 4763 3231 4832 λέγει,
3265 4765 3417 4824 ὅστις
3449 4761 3755 4832 λαμπρύνε·

490 4859 839 4915 conversatio
865 4866 1037 4923 recta,
1064 4865 1120 4909 et
1150 4856 1400 4910 doctrina
1433 4871 1586 4911 vera.

2174 4872 2261 4906 ται
2295 4854 2382 4906 διὰ
2415 4854 2690 4919 πολιτείας
2722 4855 2888 4926 ὀρθῆς
2918 4854 3014 4907 καὶ
3040 4853 3327 4923 δογμάτων
3353 4852 3592 4922 ἀληθῶν.

564 4955 729 5007 Vens.
764 4951 850 5005 I3.
887 4949 953 5002 Et
986 4949 1164 5002 dimisi
1208 4966 1297 5003 eos
1341 4949 1626 5003 secundum
1657 4947 1920 5001 desideria
1948 4965 2068 5003 cor-

2247 4948 2358 5001 Καὶ
2407 4947 2807 5012 ἐξαπέστειλα
2850 4946 3073 5011 αὐτοὺς
3123 4943 3271 4998 κατὰ
3323 4943 3395 4997 τὰ
3447 4942 3756 5010 ἐπιτηδεύο

492 5044 572 5098 dis
596 5059 799 5105 eorum,
834 5048 939 5095 etc.
985 5059 1002 5091 ε
1032 5040 1349 5109 Propterea,
1408 5042 1582 5109 inquit
1617 5038 1815 5095 Paulus
1834 5040 1902 5105 '9,
1950 5051 2065 5096 tra-

2168 5055 2328 5106 ματα
2380 5040 2499 5093 τῶν
2538 5037 2795 5108 καρδιῶν
2830 5036 3048 5099 αὐτῶν,
3096 5054 3150 5089 κ.
3193 5053 3243 5090 τ.
3280 5037 3323 5087 ὲ.
3384 5053 3400 5085 ι
3430 5034 3529 5086 Διὰ
3576 5033 3753 5093 τοῦτο.

493 5132 765 5189 diditillos
797 5132 937 5185 Deus
964 5130 1017 5184 in
1049 5132 1333 5199 passiones
1359 5132 1684 5200 ignominim.
1719 5151 1738 5183 ι

2175 5129 2339 5198 φησὶν
2366 5132 2394 5182 ὁ
2423 5130 2660 5195 Παῦλος,
2706 5128 3022 5200 παρέδωκεν
3057 5128 3254 5189 αὐτοὺς
3283 5127 3312 5179 0
3334 5124 3465 5188 Θεὸς
3502 5127 3582 5188 εἰς
3608 5125 3753 5194 πάθη

2176 5218 2420 5289 ἀτιμίας.
2452 5239 2471 5270 ι

976 5395 1296 5451 PSALMUS
1334 5396 1572 5453 LXXXI.

2739 5404 3029 5458 ΨᾹΛΜΟΣ
3068 5401 3196 5457 HA'.

565 5494 723 5548 \‘sns.
754 5493 807 5549 7.
844 5492 943 5546 Vos
987 5505 1160 5549 autem
1205 5496 1334 5548 sicut
1373 5496 1607 5549 homines
1650 5496 1974 5562 moriemini,
2015 5508 2063 5549 et

2263 5495 2454 5564 Ὑμεῖς
2515 5500 2592 5563 ὡς
2658 5497 2954 5566 ἄνθρωποι
3033 5495 3475 5563 ἀποθνήσκετε,
3521 5495 3619 5548 καὶ
3673 5495 3752 5561 ὡς

558 5680 603 5709 ⁸⁸
629 5679 790 5737 Ilebr.
820 5696 914 5748 vn,
951 5684 1037 5737 14.
1115 5683 1158 5715 ⁸⁷
1194 5681 1402 5737 Coloss.
1436 5699 1474 5746 ι,
1511 5684 1595 5736 15.
1673 5685 1719 5715 ⁵⁸
1748 5684 1903 5738 .Ionn.
1934 5700 2042 5749 xw,
2084 5683 2141 5743 (i.

1115 5683 1158 5715 ⁸⁷
1194 5681 1402 5737 Coloss.
1436 5699 1474 5746 ι,
1511 5684 1595 5736 15.
1673 5685 1719 5715 ⁵⁸
1748 5684 1903 5738 .Io-.m.
1934 5700 2042 5749 xw,
2084 5683 2141 5743 (i.
2238 5685 2284 5719 ⁵⁸
2315 5683 2472 5740 Rom.
2505 5701 2539 5753 ξ,
2581 5684 2670 5740 96.
