4066 6236
480 326 618 383 1547
1862 316 1952 373 EX
1993 316 2083 373 OB

2160 314 2296 369 ENE
3612 310 3762 365 Hb:

476 454 549 499 est
599 446 651 496 in
703 458 786 506 ea,
834 447 940 497 elc.
979 437 1120 493 Puer
1160 436 1316 492 Jesus
1350 436 1597 493 nascitur
1641 435 1694 489 in
1750 433 2048 499 Bethleem,

2154 430 2404 503 ἐγενήθη
2438 430 2504 483 ἐν
2552 431 2727 498 αὐτῇ,
2772 448 2821 483 κ.
2862 448 2906 483 τ.
2936 432 2981 484 ὲ.
3016 430 3090 484 Τὸ
3133 430 3232 500 μὲν
3284 431 3492 485 παιδίον
3539 434 3760 505 Ἰησοῦς

479 534 642 589 homo
664 542 844 586 autem
878 533 930 586 in
960 530 1114 595 Sion,
1147 530 1274 600 quia
1305 530 1448 584 actio
1475 529 1692 599 quidem
1727 527 1969 582 nascitur
1998 528 2050 581 in

2157 525 2408 593 γεννᾶται
2450 524 2506 575 ἐν
2555 522 2831 593 Βηθλεὲμ,
2873 525 2901 575 ὁ
2939 522 2995 575 δὲ
3043 523 3328 593 ἄνθρωπος
3360 530 3417 577 ὲν
3451 524 3611 588 Σιὼν,
3658 527 3763 579 διὰ

476 626 675 691 anima,
704 622 969 694 sapientia
995 637 1123 679 vero
1146 622 1202 677 in
1230 630 1433 677 mente.

2155 616 2216 668 τὸ
2246 615 2443 688 πρᾶξιν
2480 615 2577 685 μὲν
2604 613 2882 667 τίκτεσθαι
2916 615 2973 667 ἐν
3097 614 3264 686 ψυχῇ,
3296 616 3487 684 σοφίαν
3515 616 3573 669 δὲ
3619 634 3729 686 γεν

2157 708 2351 761 νεῖσθαι
2380 709 2436 759 ἐν
2470 706 2547 776 τῷ
2579 706 2673 777 νῷ.

547 805 712 862 γωδ.
738 805 793 859 7.
832 803 987 859 Sicut
1017 804 1309 858 lwtantium
1335 804 1569 857 omnium
1609 802 1867 855 habitatio
1889 810 1965 855 est
1991 803 2046 855 in

2239 802 2331 867 Ὠς
2360 798 2839 869 εὐφραινομένων
2865 796 3107 851 πάντων
3140 798 3178 865 ἡ
3209 799 3499 851 κατοικία.
3518 800 3581 852 ἐν
3617 800 3759 858 σοὶ.

474 908 547 963 te,
580 908 689 953 etc.
738 896 939 951 Omnes
978 896 1069 965 qui
1110 894 1374 949 la‘tantnr
1416 895 1468 947 in
1508 893 1764 957 scientia,
1796 892 2052 947 habitant

2160 910 2214 946 κ.
2247 911 2297 946 τ.
2332 893 2378 945 ὲ.
2412 891 2620 955 Πάντες
2659 892 2709 944 οἱ
2741 890 3156 961 εὐφραινόμενοι
3196 892 3287 943 ἐπὶ
3327 890 3523 958 γνώσει
3558 908 3759 944 κατοι-

473 996 528 1045 in
557 990 845 1061 sapientia,
896 999 948 1044 et
998 1002 1187 1043 omnes
1220 989 1309 1058 qui
1360 986 1609 1042 habitant
1662 986 1715 1039 in
1762 987 2045 1055 sapientia,

2159 986 2346 1039 κοῦσιν
2380 987 2437 1038 ὲν
2467 987 2531 1055 τῇ
2564 984 2752 1053 σοφίᾳ·
2784 984 2881 1036 καὶ
2917 982 3117 1045 πάντες
3165 984 3212 1035 oi
3258 982 3641 1047 κατοικοῦντες
3688 984 3761 1036 ἐν

472 1092 734 1154 tanquam
766 1081 1029 1153 sapientia
1063 1080 1404 1135 delectantur
1429 1077 1676 1133 scientia.

2159 1082 2227 1151 τῇ
2264 1078 2448 1149 σοφίᾳ,
2473 1078 2549 1142 ὡς
2574 1076 2737 1148 σοφίᾳ
2768 1076 3149 1147 εὐφραίνονται
3182 1075 3275 1127 ἐπὶ
3307 1074 3521 1142 γνώσει.

929 1230 1246 1288 PSALMUS
1284 1229 1596 1286 LXXXVII.

1581 1269 1596 1284 .
2724 1233 3021 1287 ΨΔΛΜΟΣ
3058 1234 3180 1287 ΠΖ⁹.

543 1330 709 1384 Vens.
745 1326 800 1380 ι.
826 1322 892 1378 Ει
943 1326 1048 1379 vita
1076 1340 1189 1377 mea
1218 1322 1425 1393 inferno
1448 1323 1916 1393 apprOpinquavit.
1942 1329 2050 1374 elc.

2225 1328 2335 1383 Kal
2383 1327 2421 1397 ἡ
2454 1326 2565 1396 ζωή
2600 1344 2720 1397 μου
2760 1326 2842 1393 τῷ
2881 1326 2994 1395 ᾄδῃ
3033 1325 3462 1395 προσήγγσσεν,
3512 1343 3567 1379 κ.
3601 1340 3658 1379 τ.
3692 1328 3750 1379 ὲ.

468 1422 525 1477 Si
583 1419 777 1474 inferni
838 1416 1057 1472 nomine
1116 1424 1349 1469 mortem
1395 1414 1691 1483 acceperis,
1754 1426 2052 1483 cognosces

2165 1418 2295 1475 Ἐὰν
2328 1418 2637 1491 μεταλάϐῃς
2680 1418 2771 1471 τὸν
2804 1418 2938 1489 ᾅδην
2986 1418 3066 1480 εἰς
3111 1416 3202 1470 τὸν
3248 1416 3497 1482 θάνατον,
3550 1417 3750 1490 γνώσῃ

470 1511 742 1578 quomodo
767 1522 913 1563 mors
946 1508 1112 1560 vitam
1141 1505 1374 1560 hominis
1408 1513 1743 1573 corrumpat.
1775 1502 2047 1557 Inlernmn

2154 1511 2273 1574 πῶς
2311 1510 2343 1564 ὁ
2389 1510 2617 1574 θάνατος
2665 1508 2965 1580 διαφθείρει
3031 1508 3177 1578 ζωὴν
3224 1508 3535 1579 ἀνθρώπου.
3569 1511 3751 1581 ’ᾍδην

470 1617 599 1659 vero
625 1604 723 1657 hoc
752 1601 871 1655 loco
900 1610 1058 1654 vocat
1100 1596 1394 1659 diabolum,
1426 1610 1487 1650 se
1516 1605 1696 1649 autem
1730 1594 1915 1648 vitam.

2152 1603 2210 1656 δὲ
2272 1603 2367 1657 νῦν
2436 1599 2692 1674 ὀνομάζει
2758 1601 2850 1654 τὸν
2921 1599 3204 1664 διάϐολον,
3278 1598 3423 1673 ζωὴν
3478 1600 3535 1652 δὲ
3603 1601 3747 1653 tau-

2153 1695 2261 1749 τόν.

862 1776 892 1798 ..
1260 1782 1273 1793 .
1465 1780 1476 1792 .
1663 1780 1675 1791 .
1804 1760 1812 1767 ·
2078 1724 2121 1780 Β

539 1785 706 1839 Vens.
739 1782 793 1838 6.
834 1781 981 1835 δτι-ιιι
1014 1780 1270 1835 vulnerati
1305 1781 1619 1835 dormientes
1657 1798 1710 1833 in
1749 1780 2043 1847 sepulchro,

2154 1724 2261 1749 'wv.

2229 1785 2388 1841 Ὠσεί
2448 1785 2796 1855 τραυματίαι
2855 1781 3251 1849 καθεύδοντες
3300 1782 3371 1837 ἐν
3416 1782 3601 1852 τάφῳ,
3651 1777 3749 1837 ὧν

467 1890 691 1943 quarunt
741 1889 843 1927 non
896 1888 1095 1926 memor
1144 1887 1198 1925 es
1228 1870 1481 1939 amplius,
1508 1880 1617 1924 etc.
1659 1869 1807 1924 Illius
1852 1870 1902 1923 in
1940 1886 2048 1938 quo

2148 1880 2259 1933 οὐκ
2305 1876 2615 1948 ἐμνήσθης
2660 1876 2778 1939 ἔτι,
2808 1894 2863 1930 κ.
2897 1893 2947 1929 τ.
2979 1876 3027 1929 ὲ.
3070 1874 3310 1927 Ἔκείνου
3355 1875 3685 1946 μνημονεύει
3711 1876 3748 1930 ὁ

471 1967 682 2021 habitat
729 1964 1010 2029 Dominus,
1057 1978 1268 2017 memor
1315 1972 1432 2027 est;
1481 1960 1623 2015 illius
1655 1976 1783 2016 vero
1839 1962 1892 2016 in
1939 1976 2048 2032 quo

2146 1970 2349 2043 Κύριος
2387 1969 2481 2023 τοῦ
2523 1972 2580 2021 ὲν
2610 1963 2654 2037 ᾧ
2710 1969 2926 2037 γίνεται
2952 1984 2964 1998 ⁸
3021 1967 3277 2021 κάκείνου
3307 1970 3369 2021 οὐ
3405 1968 3743 2038 μνημονεύει

478 2074 585 2113 non
618 2057 853 2120 habitat,
894 2056 1181 2109 immemor
1210 2063 1314 2111 est.

1147 2071 1181 2108 ir
1210 2063 1314 2111 est.
2147 2058 2239 2112 τοῦ
2266 2060 2322 2111 ὲν
2356 2051 2399 2126 ᾧ
2426 2059 2487 2112 οὐ
2519 2058 2753 2125 γίνεται.

541 2148 672 2202 IBID.
706 2147 770 2199 Ιίι
800 2146 900 2213 ipsi
939 2144 1003 2200 de
1028 2161 1189 2197 manu
1223 2155 1314 2197 tua
1361 2140 1557 2211 repulsi
1594 2152 1737 2207 sunt,
1774 2151 1884 2196 etc.
1935 2141 2048 2195 Ma-

2215 2151 2325 2205 Kal
2365 2152 2537 2205 αὺτοὶ
2582 2151 2650 2204 ἐκ
2685 2150 2798 2218 τῆς
2838 2151 3039 2221 χειρός
3077 2165 3196 2204 σου
3244 2146 3643 2215 ἀπώσθησαν,
3680 2166 3736 2201 κ.

470 2258 598 2297 num
655 2241 756 2295 hoc
805 2238 926 2295 loco
974 2246 1138 2292 vocat
1178 2237 1541 2308 cognitionem
1574 2236 1689 2299 Dei,
1729 2250 1846 2303 qua!
1881 2251 2053 2305 oppu-

2148 2259 2197 2295 τ.
2221 2244 2266 2295 ἐ.
2301 2244 2472 2314 Χεῖρα
2502 2240 2597 2295 νῦν
2623 2240 2770 2309 λέγει
2803 2240 2900 2312 τὴν
2927 2241 3128 2311 γνῶσιν
3168 2239 3265 2311 τὴν
3296 2239 3391 2293 τοῦ
3426 2238 3583 2303 Θεοῦ,
3610 2240 3737 2311 ἣτις

469 2336 650 2407 gnatis
685 2332 941 2389 auxiliari
969 2332 1126 2388 solet.

2150 2335 2359 2404 πέφυκε
2395 2333 2610 2405 βοηθεῖν
2638 2336 2749 2397 τοῖς
2782 2333 3231 2404 πολεμουμένοις.

544 2425 707 2481 Vens.
731 2424 784 2479 8.
818 2422 989 2493 Super
1013 2440 1094 2478 me
1128 2422 1470 2491 conﬁrmatus
1494 2433 1569 2477 est
1595 2423 1748 2492 {uror
1773 2432 1915 2487 tuus,
1940 2431 2047 2476 etc.

2232 2428 2353 2479 Ἐπ’
2392 2427 2498 2495 ἐμὲ
2543 2426 2947 2494 ἐπεστηρίχθη
3002 2427 3035 2478 ό
3088 2425 3274 2493 θυμός
3321 2438 3462 2485 σου,
3510 2438 3567 2476 κ.
3593 2436 3651 2473 τ.
3684 2421 3731 2474 ἑ.

468 2517 722 2573 Christus
762 2516 901 2571 stitit
950 2516 1190 2570 furorem
1242 2515 1333 2569 Dei
1367 2516 1632 2571 adversus
1652 2531 1841 2570 omnes
1876 2514 2050 2568 homi-

2150 2518 2254 2572 Τὸν
2298 2517 2466 2587 θυμὸν
2500 2516 2612 2569 ’τοῦ
2641 2514 2775 2569 Θεοῦ
2821 2516 3049 2585 ἔστησεν
3084 2516 3113 2569 ὁ
3142 2514 3373 2584 Χριστὸς
3408 2513 3548 2567 κατὰ
3596 2513 3734 2567 rediv-

475 2625 571 2664 nes
600 2610 918 2662 excitatum.
960 2607 1261 2676 Propterea
1318 2622 1545 2661 «omnes
1602 2607 2038 2666 declinaverunt.

2148 2627 2259 2664 των
2291 2609 2612 2680 ὁρμήσαντα
2650 2606 2762 2659 τῶν
2792 2604 3113 2676 ἀνθρώπων.
3152 2604 3295 2658 Διότι
3333 2624 3352 2655 ι
3390 2604 3588 2667 πάντες
3615 2605 3732 2670 ἐξέ-

468 2700 630 2754 simul
680 2699 899 2754 inutiles
955 2697 1082 2755 facti
1140 2708 1285 2764 sunt,
1331 2712 1439 2752 non
1501 2707 1583 2753 est
1612 2699 1704 2767 qni
1751 2697 1917 2753 faciat
1955 2697 2051 2751 bo-

2149 2701 2356 2763 κλιναν,
2383 2699 2502 2771 ἅμα
2556 2696 2970 2771 ἡχρειώθησαν·
3012 2697 3112 2751 οὐκ
3144 2696 3260 2750 ἔστι
3291 2696 3462 2749 ποιῶν
3501 2697 3731 2766 χρηστό-

2144 2805 2312 2846 τοτα.
2337 2809 2357 2844 ἱ

512 2809 600 2845 nm
618 2809 685 2846 ν’.
716 2809 735 2843 ι

470 2809 505 2849 n
545 2882 707 2937 Vens.
749 2880 837 2934 Η.
869 2878 1130 2949 Nunquid
1158 2879 1383 2932 mortuis
1414 2877 1579 2947 facies
1614 2876 1879 2930 mirabilia
1904 2878 2049 2932 ἵεις.

2144 2809 2177 2843 τ
2224 2809 2312 2849 τα.
2337 2809 2358 2844 ν

2185 2809 2313 2949 “Mi;
2358 2880 2486 2948 τοῖς
2530 2880 2765 2951 νεκροῖς
2818 2879 3092 2946 ποιήσεις
3123 2877 3462 2947 θαυμάσια;
3514 2897 3568 2931 κ.
3595 2895 3643 2931 τ.
3674 2880 3725 2935 ὲ.

472 2975 573 3042 Qui
625 2975 729 3027 vita
779 2971 975 3044 privati
1030 2979 1182 3034 sunt,
1215 2969 1403 3023 videre
1454 2978 1728 3038 nequeunt
1774 2969 2048 3023 mirabilia

2147 2972 2219 3028 Ol
2243 2975 2594 3047 ἐστερημένοι
2625 2976 2723 3045 τῆς
2759 2973 2907 3045 ζωῆς
2941 2974 3003 3026 οὐ
3047 2972 3302 3030 δύνανται
3336 2972 3463 3025 ίδεῖν
3496 2972 3559 3025 τὰ
3592 2971 3726 3025 θαυ-

472 3070 595 3121 vitae
622 3082 740 3135 qua:
771 3065 937 3119 dist:
976 3081 993 3114 ι
1020 3061 1132 3129 Ego
1163 3076 1282 3116 sntn
1319 3062 1427 3115 vita
1445 3062 1509 3117 °'.
1543 3080 1563 3113 ι
2075 3088 2078 3114 l

2112 3063 2323 3133 ιμάσια
2388 3061 2486 3132 τῆς
2552 3059 2697 3131 ζωῆς
2752 3060 2850 3130 τῆς
2908 3056 3200 3130 εἰπούσης·
3263 3077 3282 3110 ι
3324 3057 3459 3126 Ἐγώ
3512 3058 3623 3127 εἰμι
3680 3058 3718 3121 ἡ

2144 3152 2279 3222 ζωή.
2304 3170 2323 3202 »

555 3242 727 3298 Vens.
771 3240 855 3293 l2.
886 3238 1142 3308 Nunquid
1188 3236 1425 3289 narrabit
1457 3236 1651 3305 aliquis
1693 3236 1746 3289 in
1774 3234 2049 3304 sepulchro

2213 3243 2312 3313 Μὴ
2346 3243 2700 3313 διηγήσεταί
2731 3260 2819 3309 τις
2854 3242 2925 3295 ὲν
2963 3241 3044 3307 τῷ
3074 3241 3239 3312 τάφῳ
3271 3242 3337 3297 τὸ
3384 3241 3551 3309 ἔλεός
3580 3258 3727 3306 σου,

474 3334 891 3390 misericordiam
922 3342 1067 3384 tuam
1099 3339 1145 3382 et
1193 3330 1464 3382 veritatem
1508 3338 1654 3380 tuam
1690 3328 1744 3381 in
1792 3328 2053 3395 perditio-

2145 3336 2245 3391 καὶ
2282 3334 2398 3403 τὴν
2433 3334 2723 3400 ἀλήθειάν
2746 3351 2863 3389 σου
2908 3333 2980 3386 ἐν
3008 3332 3081 3402 τῇ
3126 3334 3430 3402 ἀπωλείας
3475 3352 3529 3388 κ.
3578 3352 3631 3388 τ.
3675 3335 3727 3389 ἑ.

475 3427 581 3480 ne!
610 3436 717 3479 etc.
769 3421 1231 3491 Quemadmodum
1263 3420 1317 3473 in
1368 3420 1435 3473 iis
1488 3420 1577 3487 qui
1613 3420 1893 3487 perierunt
1940 3433 2047 3473 non

2148 3428 2359 3499 ’Ὥσπερ
2397 3428 2455 3480 ὲν
2487 3428 2600 3489 τοῖς
2641 3424 2977 3479 ἀπολωλόσιν
3021 3426 3119 3477 οὐκ
3167 3424 3314 3477 ἐστιν
3355 3423 3604 3495 ἀλήθεια,
3635 3424 3725 3476 οὖ-

473 3529 557 3572 est
583 3517 803 3580 veritas,
848 3512 927 3567 sic
970 3511 1024 3565 in
1080 3512 1148 3566 iis
1200 3510 1291 3581 qui
1322 3510 1597 3566 obscurati
1623 3519 1748 3565 sunt
1786 3526 1891 3566 non
1921 3523 2051 3567 sunt

1921 3523 2051 3567 sum
2143 3536 2253 3584 τως
2279 3519 2337 3573 ὲν
2366 3520 2481 3581 τοῖς
2508 3516 2911 3587 ὲσκοτισμένοις
2937 3517 3037 3569 οὐκ
3071 3515 3186 3569 ἔστι
3214 3515 3514 3585 θαυμάσια.

474 3607 763 3663 mirabilia.
1150 3612 1157 3620 '

548 3697 709 3752 Vens.
745 3696 827 3750 15.
862 3693 930 3748 Et
958 3691 1175 3765 Iustitia
1208 3704 1301 3745 tua
1332 3692 1386 3745 in
1419 3701 1561 3746 terra
1608 3692 1907 3756 oblivionis,
1938 3702 2045 3746 etc.

2221 3692 2330 3747 Kal
2364 3692 2402 3761 ἡ
2454 3692 2805 3760 δικαιοσύνη
2852 3707 2969 3746 σου
3006 3692 3077 3745 ἐν
3118 3691 3195 3761 γῇ
3250 3692 3724 3759 ἑπιλελησμὲνῃ,

474 3788 644 3843 Terra
675 3787 964 3842 oblivionis
995 3795 1079 3841 est
1109 3788 1287 3839 anima
1317 3784 1602 3839 rationalis
1630 3783 1898 3839 fructibus
1920 3800 2051 3838 san-

2152 3801 2207 3840 κ.
2238 3800 2291 3836 τ.
2320 3785 2366 3836 ὲ.
2397 3784 2476 3853 Γῆ
2506 3783 2906 3855 ὲπιλελησμένη
2946 3784 3062 3836 ἐστὶ
3091 3783 3234 3855 ψυχὴ
3270 3784 3464 3853 λογικὴ
3494 3783 3601 3835 τῶν
3625 3780 3722 3834 τοῦ

473 3880 546 3936 eti
575 3880 807 3950 Spiritus
839 3880 1052 3933 orbata.

2152 3877 2308 3947 ἁγίου
2342 3876 2655 3947 Πνεύματος
2677 3874 3012 3947 ἐστερημένη
3054 3874 3300 3945 καρπῶν.

550 3975 711 4029 Vrsas.
753 3972 837 4027 Π.
874 3970 1118 4026 Terrores
1170 3970 1247 4024 tui
1293 3968 1732 4023 conturbavernnt
1776 3984 1878 4034 me,
1933 3977 2043 4022 etc.

2224 3970 2289 4021 Ol
2319 3967 2670 4037 φοϐερισμοί
2705 3981 2820 4021 σου
2847 3965 3215 4034 ἐξετάραεάν
3248 3982 3344 4035 με,
3384 3982 3437 4019 κ,
3468 3982 3519 4018 τ.
3547 3964 3593 4016 ἑ.
3628 3963 3722 4015 Φο-

476 4069 741 4125 Terrores
791 4075 950 4123 vocat
990 4065 1220 4119 virtutes
1258 4064 1521 4133 quasdam
1577 4062 1817 4131 impuras
1845 4070 1900 4116 et
1933 4068 2046 4115 tur-

2150 4060 2446 4131 6ερισμοὺς
2475 4060 2622 4128 λέγει
2652 4058 2906 4130 δυνάμεις
2943 4057 3094 4121 τινας
3127 4057 3462 4127 ἀκαθάρτους
3494 4056 3585 4107 καὶ
3622 4070 3721 4104 τα·-

476 4162 747 4217 buleutas.

2150 4149 2415 4222 ραχώδεις
2428 4197 2442 4213 ,

827 4339 990 4413 775
1030 4335 1348 4395 PSALMUS
1376 4334 1707 4391 LXXXVIII.
2078 4341 2121 4395 Ι)

1553 4334 1707 4391 LVIII.
2078 4341 2121 4395 Ι)
2704 4330 2844 4384 ΨΔΛ
2854 4330 2995 4385 MOE
3028 4326 3159 4383 HH’.

544 4454 710 4510 Vens.
739 4456 795 4509 2.
835 4452 1225 4508 Misericordias
1259 4464 1399 4515 luas,
1434 4451 1670 4515 Domine,
1706 4452 1761 4505 in
1796 4460 2048 4505 (sternunt

2221 4449 2299 4504 Τὰ
2334 4447 2474 4515 ὲλέη
2517 4462 2653 4510 σου,
2688 4447 2887 4514 Κύριε,
2938 4447 3026 4510 εὶς
3074 4443 3260 4497 αἰῶνα
3316 4440 3556 4507 ᾄσομαι.
3615 4438 3715 4500 Εἰς

471 4547 717 4602 cantabo.
743 4543 810 4598 In
826 4543 1211 4614 generationem
1238 4552 1285 4595 et
1317 4543 1701 4611 generationem
1724 4540 2049 4594 annuntiabo

2148 4541 2360 4611 γενεὰν
2392 4541 2489 4593 καί
2533 4540 2744 4608 γενεὰν
2782 4534 3097 4605 ἀπαγγελῶ
3129 4534 3241 4601 τὴν
3281 4528 3570 4597 ἀλήθειάν
3604 4544 3718 4582 σου

474 4639 744 4695 veritatem
771 4647 919 4689 tuam
942 4634 996 4686 in
1025 4648 1114 4686 ore
1134 4646 1269 4695 meo,
1301 4641 1405 4687 etc.
1440 4631 1805 4686 Misericordia
1834 4631 2049 4701 quidem

2147 4634 2217 4686 ἐν
2252 4630 2331 4697 τῷ
2362 4631 2614 4700 στόματί
2642 4647 2782 4700 μου,
2810 4647 2863 4681 κ.
2891 4646 2943 4682 τ.
2978 4630 3025 4680 ὲ.
3065 4627 3137 4678 Τὸ
3172 4626 3270 4692 μὲν
3306 4624 3453 4687 ἔλεος
3477 4624 3601 4684 τοὺς
3628 4621 3718 4673 dv-

477 4731 725 4786 homines
770 4727 1037 4789 aediﬁcat,
1086 4724 1288 4778 veritas
1343 4733 1525 4778 autem
1566 4734 1787 4779 sanctas
1827 4725 2052 4778 virtutes

2150 4723 2398 4797 θρώπους
2418 4723 2704 4794 οἰκοδομεῖ·
2734 4724 2767 4794 ἡ
2800 4722 2857 4774 δὲ
2874 4720 3100 4791 ἀλήθεια
3132 4714 3410 4787 ἐτοιμάζει
3434 4715 3532 4778 τὰς
3555 4713 3713 4781 ἁγίας

540 4831 759 4877 amarat.
2146 4814 2424 4877 δυνάμεις.

476 4831 759 4892 prmparat.

551 4914 709 4969 Vsus.
742 4912 794 4967 6.
829 4909 1226 4979 Conﬁtebuntur
1287 4906 1399 4962 caeli
1453 4906 1723 4961 mirabilia
1771 4919 1885 4972 tua,
1943 4917 2075 4962 etc.-

2146 4831 2279 4869 ουνα
2324 4831 2370 4867 ει
2409 4852 2424 4868 .

2228 4831 2795 4975 Ἐἒοὶολογήσονται
2858 4905 2912 4956 οὶ
2974 4892 3217 4969 οὐρανοί
3285 4892 3359 4950 τὰ
3423 4891 3718 4963 θαυμὰσίά

481 5022 503 5057 ι
537 5005 949 5060 Conlilebnntut'
984 5020 1002 5052 ι
1037 5015 1137 5070 pro
1171 5018 1188 5051 ι
1226 4999 1476 5053 laudibus
1509 4998 1793 5054 cxtollent.
1825 5016 1842 5049 ι

2144 5014 2285 5061 σου,
2307 5014 2361 5050 κ.
2382 5013 2433 5049 τ.
2462 4998 2505 5049 ὲ.
2538 5016 2555 5047 ι
2607 4996 3121 5066 Ἐξομολογήσονται
3160 5012 3178 5043 ι
3216 4989 3339 5043 ἀντὶ
3366 4987 3460 5043 τοῦ
3498 5005 3518 5039 ι
3563 4985 3718 5050 δοξα-

2148 5107 2320 5144 σουσι.
2361 5109 2379 5141 Ι

547 5181 713 5236 Vnus.
752 5180 838 5234 15.
867 5178 1075 5233 Thabor
1102 5188 1152 5234 et
1182 5176 1415 5233 Hermon
1438 5179 1493 5232 in
1522 5181 1731 5234 nomine
1758 5191 1846 5234 tuo
1873 5185 2049 5236 exsul-

2221 5182 2421 5249 Θαϐὼρ
2453 5180 2553 5234 καὶ
2601 5179 2822 5249 Ἑρμὼν
2869 5178 2939 5231 ἐν
2979 5176 3062 5242 τῷ
3093 5173 3340 5243 ὀνόματί
3380 5186 3497 5226 σου
3532 5170 3718 5237 ἀγαλ-

478 5271 685 5334 tabunt,
718 5280 824 5324 etc.
859 5268 1079 5324 Thabor
1101 5270 1314 5323 electus.
1338 5268 1556 5324 Thabor
1584 5279 1759 5325 autem
1793 5282 2047 5329 estmons

2149 5271 2495 5334 λιάσονται,
2547 5290 2601 5326 κ.
2651 5289 2701 5325 τ.
2761 5272 2807 5323 ὲ.
2877 5267 3076 5339 Θαὸὼρ
3146 5264 3454 5337 ἐκλεκτόν.
3522 5258 3720 5329 Θαϐὼρ

476 5362 714 5417 ϐοιὶιωω
745 5361 797 5416 in
829 5376 937 5430 quo
966 5359 1383 5429 transﬁguratus
1408 5370 1491 5415 est
1515 5359 2044 5418 Jesuleermoniim

2150 5360 2209 5414 δέ
2260 5363 2375 5415 ἐστι
2419 5362 2480 5415 τὸ
2534 5362 2655 5434 ὄρος
2718 5361 2816 5431 τῆς
2874 5357 3162 5419 Γαλιλαίας
3245 5357 3328 5423 ἐφ’
3384 5347 3447 5407 οὗ
3513 5366 3719 5434 μεμορέ

478 5469 610 5508 vero
641 5469 794 5508 mons
821 5462 903 5507 est
928 5452 982 5506 in
1010 5466 1117 5520 quo
1142 5453 1247 5505 sita
1272 5462 1355 5506 est
1385 5454 1513 5510 urbs
1540 5453 1724 5521 haim,
1756 5455 1807 5509 in
1835 5470 1939 5524 qua
1969 5457 2047 5509 vi~

2152 5452 2305 5524 φὼθη
2336 5433 2585 5525 Χριστός.
2633 5452 2966 5525 Ἐρμωνιεὶμ
3003 5451 3060 5503 δέ
3094 5451 3212 5503 ἐστι
3243 5446 3305 5499 τὸ
3341 5444 3465 5515 ὅρος
3533 5442 3617 5509 ἐφ’
3659 5433 3722 5494 οὗ

477 5546 595 5599 duae
630 5545 796 5598 ﬁliuni
825 5542 1107 5598 suscitavit
1137 5542 1401 5598 Christus.

2154 5547 2329 5597 κεῖται
2354 5546 2385 5613 ἡ
2421 5545 2572 5607 πόλις
2596 5544 2763 5615 Ναῒμ,
2797 5545 2854 5597 ὲν
2935 5543 3120 5613 ήγειρε
3149 5539 3239 5593 τὸν
3259 5537 3358 5606 τῆς
3402 5535 3576 5605 χήρας
3607 5531 3722 5583 υἱδν

2154 5634 2182 5684 ὁ
2213 5635 2462 5703 Χριστός.

550 5744 594 5775 ⁶¹
622 5742 763 5797 Psal.
803 5758 920 5806 xm,
947 5743 998 5795 ’5.
1068 5742 1110 5771 δ’
1138 5739 1269 5793 Joan
1321 5756 1427 5805 xiv,
1458 5739 1514 5792 6.
