4066 6236
470 363 594 417 1551

1853 365 1936 418 EX
1981 365 2279 422 OliICENE

3580 374 3607 428 1
3620 374 3732 430 53⁸1

541 483 701 538 νεεδ.
737 483 786 536 θ.
820 482 957 535 Αιιηὶ
997 482 1157 535 nostri
1205 481 1334 534 sicut
1380 499 1576 536 aranea
1614 485 2030 548 meditabantur,

2214 487 2288 539 Τὰ
2320 487 2423 552 ἔτη
2461 486 2787 554 ἡμῶιιοώσεὶ
2833 485 3064 556 ἀράχνῃ
3107 487 3423 556 ἐμελέτων,
3468 506 3524 544 κ.
3570 507 3622 542 τ.
3670 491 3724 544 ἑ.

467 583 575 630 etc.
607 593 623 626 ι
667 572 864 627 Umbra
903 591 921 624 ι
951 572 1305 642 cnim,iuquit
1337 572 1437 628 Job
1471 574 1537 639 Ν,
1569 591 1585 623 ι
1612 583 1695 627 est
1718 575 1824 628 \‘ita
1853 586 2036 628 nostra

467 682 628 735 super
660 675 882 720 terram.
925 683 942 716 ι

543 754 705 810 Vsus.
737 755 822 810 10.
859 753 925 807 Et
977 755 1202 824 amplius
1251 772 1431 810 eorum
1469 755 1620 809 labor
1645 767 1691 810 et
1732 757 1905 823 dolor,
1929 767 2035 813 etc.

470 849 722 916 Majorem
757 863 1019 902 annorum
1048 848 1138 918 qui
1171 848 1548 917 praeterierunt
1569 857 1772 917 partem
1807 851 1859 904 in
1893 849 2040 906 labo-

470 938 617 992 ribus
646 953 708 993 ac
739 938 1012 993 doloribus
1046 938 1414 1008 transigimus.

540 1030 703 1084 Vsus.
747 1028 831 1082 l2.
862 1028 1144 1083 Dexteram
1175 1039 1318 1082 tuam
1344 1031 1418 1084 sic
1438 1039 1613 1084 notam
1650 1031 1755 1099 fac,
1781 1042 1887 1086 etc.
1925 1031 2037 1086 Non

469 1123 642 1191 [urnis
675 1120 1106 1191 intligendis,sed
1137 1121 1473 1190 benignitate
1522 1131 1647 1177 nota
1698 1125 1788 1177 Iiat
1815 1125 2038 1182 dextera

469 1225 580 1268 tua.

541 1306 704 1361 Vens.
734 1304 819 1358 17.
837 1300 903 1356 Ει
935 1304 1035 1358 erit
1058 1303 1304 1372 splendor
1332 1303 1545 1359 Domini
1574 1303 1670 1359 Dei
1694 1307 1862 1361 nostri
1887 1324 2041 1375 super

468 1417 586 1464 nos,
612 1409 718 1455 etc.
757 1398 1025 1467 Splendor
1066 1408 1147 1450 est
1179 1398 1404 1452 scientia
1437 1397 1529 1452 Dei
1562 1415 1578 1452 :
1629 1413 1752 1452 nam
1793 1401 1883 1470 qui
1925 1399 2041 1468 ejus

469 1491 764 1561 participes
797 1499 946 1555 smn,
981 1499 1244 1543 vocantur
1279 1488 1618 1558 splendores.
1656 1506 1676 1538 ι
1709 1489 1763 1542 lu
1789 1491 2038 1558 splendo-

470 1585 638 1643 rihus,
670 1581 844 1649 inquit
871 1580 960 1644 °°',
987 1587 1298 1633 sanctorttm
1326 1592 1392 1632 ex
1437 1589 1588 1637 utero
1607 1590 1731 1634 ante
1757 1579 2039 1635 luciferum

466 1675 626 1744 genui
665 1685 736 1726 te.
779 1691 798 1724 ›

539 1766 668 1819 Ιιιιι).
701 1762 767 1816 Et
799 1779 928 1832 opus
959 1777 1210 1816 manuum
1239 1773 1536 1815 nostrarum
1559 1762 1862 1832 dirige,etc.
1899 1761 2040 1830 Ope-

2147 597 2165 627 ι
2200 577 2332 629 Σκιὰ
2365 576 2473 648 γὰρ
2501 577 2708 647 ὴμῶν,›
2732 579 2893 648 φησὶν
2921 577 3061 642 Ἰὼϐ,
3089 597 3106 629 ι
3137 578 3282 632 ἐστὶν
3306 579 3334 631 ό
3359 579 3470 648 βίος
3502 581 3596 633 ἐπὶ
3620 581 3730 650 τῆς

2140 686 2261 740 γης·
2305 689 2322 720 ι

2209 764 2318 816 Kal
2347 763 2412 816 τὸ
2449 764 2660 818 πλεῖον
2686 762 2885 817 αὐτῶν
2914 766 3103 830 κόπος
3132 765 3232 818 καὶ
3262 765 3470 832 πόνος,
3501 781 3558 819 κ.
3585 782 3640 818 τ.
3670 765 3723 818 ι.

2140 856 2213 908 Τὸ
2251 856 2432 910 πλεῖον
2459 856 2566 910 τῶν
2595 856 2972 928 παρελθόντων
3001 856 3138 912 ἑτῶν
3172 860 3230 910 ὲν
3269 857 3458 921 κόποις
3495 857 3589 911 καὶ
3625 857 3728 910 πό-

2137 960 2251 1007 νοις
2268 944 2547 1015 γινόμεθα.

2217 1033 2336 1102 Τὴν
2374 1032 2579 1097 δεξιάν
2621 1047 2736 1087 σου
2770 1033 2959 1099 οὕτως
2995 1033 3290 1104 γνώρισόν
3329 1053 3453 1105 μοι,
3487 1053 3541 1088 κ.
3571 1052 3626 1090 τ.
3671 1036 3724 1090 ἑ.

2139 1125 2231 1196 Μὴ
2266 1126 2358 1178 ἐπὶ
2387 1125 2627 1190 κολάσει,
2661 1123 2774 1179 ἀλλ’
2807 1126 2900 1179 ἐπὶ
2941 1126 3321 1199 φιλανθρωπίᾳ
3358 1126 3723 1199 γνωρισάσθω

2143 1233 2236 1268 σου
2269 1217 2301 1287 ἠ
2323 1215 2493 1281 δεξιά.

2211 1308 2325 1361 Kal
2357 1308 2527 1362 ἔσται
2562 1310 2600 1376 ἡ
2633 1307 2974 1377 λαμπρότης
3002 1310 3223 1376 Κυρίου
3248 1309 3354 1362 τοῦ
3381 1309 3527 1364 Θεοῦ
3552 1309 3721 1378 ἡμῶν

2139 1398 2231 1467 ἐφ’
2262 1393 2439 1467 rjtfdc,
2476 1417 2529 1452 κ.
2568 1416 2617 1452 τ.
2668 1401 2716 1453 ὲ.
2761 1400 3096 1470 Λαμπρότης
3148 1400 3264 1452 ἐστὶ
3305 1400 3503 1468 γνῶσις
3551 1401 3713 1454 Beat?-

2141 1493 2236 1546 καὶ
2264 1493 2374 1564 γὰρ
2411 1495 2459 1545 ol
2505 1492 2822 1564 μετέχοντες
2857 1491 3026 1563 αὐτῆς
3073 1492 3362 1546 καλοῦνται
3396 1492 3721 1565 λαμπρότη-

2139 1597 2258 1644 τες·
2308 1600 2325 1631 ι
2373 1582 2459 1634 Ἐν
2505 1584 2624 1646 ταῖς
2669 1581 3037 1654 λαμπρότησι,
3079 1583 3232 1652 φησι,
3278 1582 3386 1634 τῶν
3441 1581 3607 1650 ἁγίων
3658 1587 3725 1638 ἐκ

2141 1669 2380 1740 γαστρὸς
2405 1671 2510 1742 πρὸ
2544 1672 2822 1742 ἑωσφόρον
2853 1672 3118 1742 ἐγέννησα
3148 1689 3228 1724 σε.
3260 1691 3277 1723 ι

2210 1760 2326 1814 Καὶ
2367 1761 2431 1814 τὸ
2472 1763 2648 1831 ἔργον
2686 1763 2805 1816 τῶν
2842 1763 3057 1833 χειρῶν
3106 1762 3279 1832 ἡμῶν
3313 1765 3687 1818 κατεύθυνοφο
3704 1805 3722 1832 ,

471 1873 528 1910 ra
557 1870 808 1910 tmtnuum
859 1854 1003 1909 actio
1029 1863 1113 1908 est
1149 1868 1268 1922 qute
1298 1855 1444 1906 circa
1482 1868 1570 1907 res
1595 1853 1833 1922 singulas
1865 1867 2046 1905 versa-

2150 1869 2200 1905 κ.
2252 1869 2308 1906 τ.
2350 1853 2397 1907 ὲ.
2439 1854 2613 1924 Ἔργα
2673 1854 2769 1924 μὲν
2824 1831 3021 1924 χειρῶν
3071 1831 3218 1906 ἐστιν
3261 1856 3294 1924 ἡ
3347 1853 3468 1906 καθ’
3519 1831 3727 1906 ἕκαστα

469 1959 599 2013 ιυι·;
633 1962 767 2016 opus
801 1961 928 2000 vero
965 1959 1220 1998 manuum
1259 1957 1322 1998 ea
1352 1951 1433 1998 est
1460 1944 1696 2012 cognitio
1728 1959 1844 2011 quae
1870 1959 1934 1996 ex
1969 1943 2049 1998 eis

466 2039 682 2093 accidit.

1024 2213 1248 2271 PSALM
1260 2212 1343 2271 US
1373 2213 1484 2269 XC.

542 2313 701 2368 Vens.
737 2309 794 2364 4.
818 2308 962 2364 Inter
1000 2309 1245 2377 scapulas
1270 2325 1396 2362 suas
1440 2307 1765 2362 obumbraln’t
1790 2309 1903 2372 tibi,
1931 2319 2038 2365 etc.

469 2406 716 2475 Scapula:
747 2401 1050 2475 symbolum
1081 2411 1206 2456 sunt
1239 2401 1442 2455 cordis.

542 2499 702 2551 Vens.
810 2493 970 2549 Scuto
1005 2492 1348 2546 circumdabit
1380 2501 1428 2546 tc
1462 2492 1650 2547 veritas
1681 2492 1814 2562 ejus,
1852 2510 1953 2547 non
1977 2495 2043 2547 ti-

469 2592 627 2643 mebis
654 2607 684 2642 a
713 2590 900 2641 timore
923 2596 1198 2648 nocturno,
1221 2593 1326 2641 etc.
1353 2585 1574 2640 Scutum
1608 2586 1807 2640 Christi
1865 2586 2042 2640 scicn-

470 2686 542 2736 tia
580 2697 744 2743 vera,
771 2689 826 2735 et
876 2679 966 2748 qui
1003 2677 1071 2731 ab
1111 2676 1200 2730 illa
1248 2677 1619 2733 circumdatur
1664 2692 1768 2732 non
1821 2692 2046 2746 expave-

467 2783 602 2832 πει.
1385 2814 1397 2831 ι

540 2863 704 2918 Vens.
750 2861 803 2916 6.
837 2861 876 2914 Α
929 2859 1125 2928 sagitta
1152 2856 1356 2910 volante
1405 2856 1459 2908 in
1504 2855 1608 2918 die,
1636 2865 1741 2910 etc.
1772 2854 2042 2923 Impuram

472 2957 704 3026 aliquam
745 2954 996 3005 virtutem
1043 2949 1143 3002 hoc
1177 2948 1292 3001 loco
1322 2947 1576 3016 sagittam
1621 2945 1937 2998 nominavit.

543 3049 670 3103 IBID.
708 3047 784 3098 Ab
821 3047 1034 3099 incursu
1063 3053 1109 3096 et
1140 3042 1400 3096 dwmonio
1447 3041 1756 3102 meridiano,
1788 3049 1894 3093 etc.
1926 3038 2047 3092 Dte-
2077 3070 2119 3128 ο

473 3156 687 3196 tnonetn
746 3136 1102 3193 meridianum
1163 3135 1350 3190 dicunt
1399 3147 1522 3188 esse
1565 3133 1858 3186 daemonem
1902 3129 2050 3184 desi-

473 3233 594 3286 ιΙίίῐξ.
655 3239 658 3242 ’

546 3322 706 3377 Vens.
743 3320 830 3376 10.
877 3318 942 3374 Et
974 3317 1240 3389 ﬂagellum
1281 3333 1382 3371 non
1417 3317 1850 3386 appropinquabit
1876 3317 2050 3371 taber-

473 3415 661 3468 naculo
697 3422 808 3477 tuo,
845 3423 953 3466 etc.
991 3411 1048 3464 Si
1093 3410 1215 3478 quis
1269 3409 1500 3464 voluerit
1531 3409 1581 3463 in
1625 3406 1893 3478 ﬂagellum
1938 3420 2046 3462 non

473 3506 732 3569 incidere,
759 3506 851 3557 liat
877 3503 1067 3558 domus
1103 3501 1218 3555 Dei.

543 3596 704 3667 777
747 3594 908 3648 Vnus.
947 3590 1032 3645 Η.
1062 3589 1127 3644 Ut
1161 3591 1458 3644 custodiant
1493 3600 1541 3642 te
1586 3587 1641 3641 in
1675 3588 1912 3642 omnibus
1957 3588 2051 3643 viis

474 3689 599 3750 tuis,
655 3696 760 3739 etc.
817 3684 917 3752 Qui
952 3684 1003 3738 in
1051 3683 1194 3737 nulla
1238 3698 1294 3737 re
1343 3680 1605 3745 offendit,
1638 3681 1946 3736 custoditur
1996 3681 2049 3736 in

474 3783 724 3836 omnibus
754 3780 854 3833 viis
880 3779 1012 3834 suis.

545 3875 709 3928 Vens.
744 3873 830 3926 12.
872 3871 952 3926 Ne
988 3871 1124 3939 forte
1171 3867 1406 3937 oﬂcndas
1461 3867 1528 3921 ad
1588 3863 1812 3934 lapidem
1873 3863 2051 3930 pedem

475 3976 642 4032 tuum,
676 3975 779 4019 etc.
810 3963 909 4018 Pes
938 3961 1174 4015 animam
1202 3959 1511 4030 signiﬁcat,
1542 3957 1676 4028 lapis
1715 3967 2015 4028 peccatum.

547 4141 692 4198 VEBS
717 4139 802 4194 16.
827 4138 892 4192 Et
924 4139 1196 4192 ostendam
1223 4138 1304 4191 illi
1335 4137 1569 4191 salutare
1591 4151 1781 4202 meum,
1809 4145 1915 4192 etc.
1949 4134 2046 4191 Sa-

373 4246 375 4248 '
478 4232 652 4287 lutare
685 4231 778 4286 Dei
815 4231 1063 4285 Christus
1090 4238 1194 4283 est.

1024 4409 1345 4466 PSAL'llUb
1376 4410 1505 4464 XCI.

551 4506 712 4561 Vens.
741 4504 889 4561 4.1»
918 4503 1241 4557 decachordo
1289 4503 1537 4566 psalterio
1583 4519 1700 4555 cum
1751 4507 1954 4559 cantico
2001 4507 2054 4559 in

474 4603 701 4658 cithara.
724 4609 832 4652 etc.
853 4594 1174 4650 Psalterium
1205 4602 1286 4648 est
1315 4608 1466 4648 mens
1486 4608 1616 4663 pura
1647 4609 1808 4664 quam
1839 4597 2056 4664 spirita-

479 4694 544 4748 lis
577 4692 803 4748 scientia
837 4696 1052 4754 movet;
1097 4687 1309 4742 cithara
1336 4698 1512 4741 autem
1541 4695 1623 4743 est
1653 4689 1831 4742 anima
1855 4690 2052 4754 actrix,

478 4801 637 4856 quam
675 4793 892 4840 movent
935 4779 1186 4834 mandata
1231 4778 1456 4834 Christi.

545 4956 713 5012 Vens.
757 4957 812 5010 7.
859 4952 950 5006 Vir
995 4954 1245 5020 insipiens
1287 4969 1388 5007 non
1437 4960 1728 5021 cognoscet,
1776 4959 1880 5005 etc.
1916 4950 2054 5005 lnsiw

477 5051 691 5120 pientite
721 5047 948 5111 malitia,
984 5047 1204 5100 malitiae
1243 5054 1421 5099 autem
1456 5046 1756 5114 ignorantia
1797 5044 1904 5098 ﬁlia
1945 5053 2049 5099 est.

553 5143 715 5198 Vens.
747 5142 829 5196 10.
871 5141 1131 5205 Quoniam
1158 5156 1272 5193 ecce
1305 5141 1505 5192 inimici
1541 5139 1619 5192 tui
1651 5137 1913 5206 peribunt,
1943 5147 2046 5195 etc.

479 5238 704 5293 Periens
743 5233 994 5288 inimicus
1035 5230 1094 5285 lit
1140 5232 1368 5297 amicus,
1402 5247 1524 5285 nam
1557 5231 1894 5286 inimicitiam
1935 5229 2051 5298 ejus

477 5328 748 5385 destruxit
782 5328 940 5381 Deus.

556 5419 718 5473 Vitas.
750 5418 836 5472 Η.
876 5415 941 5470 Et
967 5424 1201 5468 senectus
1249 5429 1363 5466 mea
1392 5412 1445 5465 in
1480 5410 1843 5465 misericordia
1884 5410 2056 5474 uberi,

481 5521 587 5567 etc.
611 5511 870 5566 Senectus
886 5507 1016 5577 justi
1042 5506 1264 5559 scicntia
1295 5519 1442 5571 vera,
1461 5513 1515 5556 et
1533 5503 1789 5572 juventus
1807 5501 1927 5571 ejus
1945 5512 2054 5555 sta-

488 5612 573 5658 tus
596 5603 788 5656 mentis
810 5609 898 5656 est
922 5614 1114 5654 carens
1135 5598 1278 5650 omni
1312 5596 1598 5650 alfectuum
1624 5593 2053 5663 perturbatiore.

557 5759 601 5789 “
631 5761 752 5818 Joh.
779 5779 891 5819 vnn.
921 5762 973 5816 9.
1051 5763 1114 5792 “3‘
1138 5759 1274 5814 Psal.
1305 5774 1412 5823 eux,
1446 5760 1498 5816 5,

2148 1946 2363 2017 πρᾶξις·
2400 1945 2561 2018 ἔργον
2582 1946 2638 2000 δὲ
2671 1944 2868 2018 χειρῶν
2891 1949 2924 2017 ἡ
2946 1947 3008 2000 ὲκ
3032 1945 3235 1998 τούτων
3257 1944 3729 2014 ὲπισυμόαίνουσα

2143 2051 2365 2104 γνωσις.

2730 2221 3026 2275 ΨΑΛΜΟΣ
3075 2225 3147 2287 ιη’.

2230 2315 2328 2368 Ἐν
2356 2313 2480 2380 τοῖς
2526 2311 2921 2383 μεταφρένοις
2962 2311 3148 2366 αὑτοῦ
3199 2311 3538 2367 ἐπισκιάσει
3590 2326 3730 2379 σοι,

2148 2425 2202 2460 κ.
2228 2424 2278 2459 τ.
2305 2408 2352 2461 ὲ.
2381 2407 2454 2460 Τὸ
2485 2406 2817 2476 μετάφρενον
2851 2404 3120 2475 σύμϐολόν
3150 2405 3264 2457 ἐστι
3291 2405 3536 2475 καρδίας.

2223 2498 2420 2567 Ὄπλῳ
2443 2494 2741 2550 κυκλώσει
2775 2511 2849 2548 σε
2894 2497 2932 2564 ἠ
2972 2493 3222 2562 ἀλήθεια
3258 2494 3464 2557 αὑτοῦ,
3503 2504 3576 2548 οι)
3621 2511 3732 2563 5:0-

2152 2587 2385 2656 ϐηθήσῃ
2431 2587 2550 2642 ἀπὸ
2600 2588 2788 2656 φόϐου
2829 2585 3203 2654 νυκτερινοῦ,
3244 2603 3298 2637 κ.
3346 2603 3396 2638 τ,
3436 2587 3483 2639 ὲ.
3528 2587 3731 2640 ’Όπλον

2152 2678 2384 2751 Χριστοῦ
2409 2679 2610 2747 γνῶσις
2635 2679 2858 2751 ἀληθὴς,
2882 2680 2974 2733 καὶ
2997 2679 3025 2730 ὁ
3049 2677 3414 2747 κυκλούμενος
3441 2678 3531 2730 ὑπ’
3555 2679 3731 2749 αὐτῆς

2152 2773 2212 2824 οὐ
2248 2772 2628 2843 πτοηθήσεται.

2234 2860 2367 2925 Ἀπὸ
2437 2861 2668 2928 ,βέλους
2735 2859 3064 2931 πετομένου
3133 2859 3390 2930 ἡμέρας,
3461 2878 3516 2913 κ.
3565 2878 3615 2914 τ.
3675 2868 3729 2922 ἐ,

2163 2935 2495 3022 Ἀκάθαρτόν
2525 2969 2646 3006 τινα
2678 2951 2904 3023 δύναμιν
2931 2952 3026 3004 νῦν
3057 2951 3209 3022 βέλος
3235 2953 3501 3023 ὠνόμασε.

2234 3041 2366 3094 Ἀπὸ
2412 3042 2850 3112 συμπτώματος
2901 3045 2997 3096 καὶ
3051 3043 3360 3111 δαιμονίου
3399 3044 3720 3111 μεσημϐρι-

2151 3133 2262 3188 νοῦ
2290 3173 2304 3196 ,
2336 3151 2390 3186 κ.
2423 3152 2472 3188 τ.
2507 3136 2554 3188 ὲ.
2587 3135 2691 3188 Τὺν
2727 3133 3092 3206 μεσημϐρινὸν
3123 3134 3351 3205 δαίμονά
3382 3151 3534 3192 φασιν
3581 3129 3729 3186 εἶναι

2149 3226 2240 3282 τὸν
2272 3227 2370 3296 τῆς
2402 3228 2648 3298 ἀκηδίας.

2221 3325 2327 3379 Καὶ
2359 3323 2586 3394 μάστιξ
2636 3326 2747 3378 οὐκ
2805 3323 2992 3394 ἐγγιεῐ
3043 3324 3122 3389 τῷ
3178 3339 3324 3392 σκηι
3341 3323 3524 3394 ὠματί
3576 3341 3731 3387 σου,

2148 3434 2204 3471 κ.
2238 3433 2287 3470 τ.
2320 3417 2365 3468 ὲ.
2397 3417 2460 3468 Et
2496 3415 2733 3485 βούλοιτό
2773 3432 2855 3478 τις
2891 3415 2966 3486 μὴ
2999 3418 3314 3487 περιπεσεῖν
3357 3417 3603 3486 μάστιγι,
3639 3433 3733 3484 γε-

2150 3509 2322 3563 νέσθω
2353 3505 2498 3570 οἶκος
2531 3506 2687 3560 Θεοῦ.

2229 3599 2340 3651 Τοῦ
2366 3597 2728 3667 διαφυλάξαι
2757 3611 2831 3650 σε
2857 3597 2926 3649 ἐν
2959 3595 3182 3662 πάσαις
3219 3596 3348 3663 ταῖς
3390 3596 3552 3663 ὁδοῖς
3589 3612 3728 3661 σου,

2155 3709 2209 3746 κ.
2239 3709 2290 3745 τ.
2323 3693 2369 3746 ὲ.
2425 3693 2484 3745 Ὀ
2515 3693 2571 3743 ὲν
2607 3691 2795 3763 μηδενὶ
2844 3691 3072 3756 πταίων,
3111 3686 3269 3756 οὗτος
3307 3692 3734 3762 διαφυλάσσεται

2155 3785 2214 3835 ὲν
2255 3785 2457 3846 πάσαις
2489 3785 2607 3846 ταῖς
2641 3782 2780 3845 ὁδοῖς
2808 3780 2995 3835 αὑτοῦ.

2228 3870 2475 3939 Μήποτε
2510 3858 2871 3940 armanda-nc
2896 3871 3046 3939 πρὸς
3069 3872 3241 3924 λίθον
3270 3871 3377 3925 τὸν
3405 3872 3560 3925 πόδα
3584 3888 3730 3941 σου,

2158 3980 2210 4016 κ.
2244 3980 2294 4015 τ.
2329 3965 2375 4016 ἑ.
2425 3963 2480 4016 ὐ
2512 3963 2645 4028 ποῦς
2673 3963 2770 4033 μὲν
2805 3963 2905 4034 τὴν
2930 3962 3105 4033 ψυχὴν
3133 3964 3407 4034 σημαίνει,
3441 3967 3470 4016 ό
3496 3964 3552 4016 δὲ
3585 3965 3733 4028 λίθος

2154 4051 2250 4121 τὴν
2271 4052 2561 4123 ἁμαρτίαν.
3581 4111 3594 4116 _

2224 4144 2332 4197 Kal
2375 4143 2551 4208 δείξω
2593 4142 2753 4207 αὐτῷ
2787 4143 2852 4196 τὸ
2882 4141 3179 4210 σωτήριόν
3205 4161 3338 4213 μου,
3363 4161 3417 4198 κ.
3445 4159 3494 4195 τ.
3524 4142 3572 4196 ὲ.
3610 4142 3732 4195 Σω-

2153 4233 2340 4304 τήριον
2365 4234 2456 4288 τοῦ
2490 4233 2622 4286 Θεοῦ
2647 4234 2792 4286 ἐστιν
2819 4235 2847 4286 ὁ
2872 4233 3123 4302 Χριστός.

2076 4353 2144 4367 ..-

2710 4418 3004 4471 ΨΑΛΜΟΣ
3045 4419 3163 4486 ιΑν.

2241 4510 2336 4561 Ἐν
2366 4507 2704 4576 δεκαχόρδῳ
2735 4510 3044 4577 ψαλτηρίῳ
3063 4511 3191 4580 μετ’
3222 4510 3372 4580 ᾠδῆς
3407 4513 3477 4566 ἐν
3500 4512 3728 4582 κιθάρᾳ,

2159 4617 2212 4652 κ.
2249 4616 2294 4651 τ.
2331 4601 2378 4652 ὲ.
2411 4597 2718 4671 Ψαλτήριόν
2751 4601 2864 4653 ἐστι
2901 4601 3024 4664 νοῦς
3058 4600 3298 4673 καθαρὸς
3337 4605 3443 4657 ὑπὸ
3485 4622 3731 4678 πνευμα-

2155 4693 2311 4762 τικῆς
2366 4689 2680 4760 κινούμενος
2725 4691 2999 4761 γνώσεως
3060 4693 3260 4766 κιθάρα
3316 4695 3374 4749 δέ
3425 4698 3538 4751 ἐστι
3585 4697 3733 4769 ψυχὴ

2159 4779 2437 4853 πρακτικὴ
2492 4780 2598 4834 ὑπὸ
2650 4780 2757 4834 τῶν
2814 4783 3042 4837 ἐντολῶν
3099 4783 3195 4837 τοῦ
3249 4785 3489 4858 Χριστοῦ
3557 4804 3738 4841 κινου-

2163 4872 2321 4940 μένη.

2242 4965 2410 5032 Ἀνὴρ
2456 4963 2659 5034 ἄφρων
2693 4967 2764 5019 οὐ
2823 4965 3132 5036 γνώσεται,
3169 4984 3225 5021 κ.
3269 4985 3321 5020 τ.
3369 4969 3416 5021 ὲ.
3471 4970 3734 5039 Ἔκγονος

2158 5052 2465 5125 ἀφροσύνης
2498 5054 2684 5116 κακία,
2726 5055 2922 5118 κακίας
2953 5055 3011 5108 δὲ
3043 5055 3307 5123 ἀγνωσία.

2232 5143 2349 5195 Ὅτι
2385 5141 2512 5195 ἰδοὺ
2551 5144 2605 5195 ol
2646 5141 2846 5210 ἐχθροί
2888 5158 3004 5196 σου
3037 5143 3427 5209 ἀπολοῦνται,
3476 5159 3530 5196 κ.
3585 5158 3637 5196 τ.
3684 5141 3736 5198 ὲ.

2167 5233 2387 5304 Ἐχθρὸς
2410 5233 2778 5304 ἀπολλύμενος
2804 5233 3010 5302 γίνεται
3044 5234 3216 5303 φίλος
3255 5233 3352 5305 τὴν
3388 5235 3496 5306 γὰρ
3533 5232 3738 5304 ἔχθραν

2155 5323 2320 5376 αὑτοῦ
2353 5325 2612 5394 ἠφάνισεν
2636 5327 2664 5379 ὁ
2689 5326 2840 5389 Θεός.

2225 5415 2334 5468 Καὶ
2357 5414 2423 5468 τὸ
2443 5414 2631 5485 γῆράς
2647 5435 2765 5486 μου
2802 5418 2872 5470 ἐν
2889 5417 3068 5481 ἐλαίῳ
3098 5417 3282 5483 πίονι,
3306 5435 3359 5471 κ.
3393 5434 3445 5471 τ.
3477 5419 3522 5469 ὲ.
3551 5417 3739 5487 Γῆρας

2157 5504 2362 5576 δικαίου
2408 5507 2608 5575 γνῶσις
2655 5507 2880 5580 ἀληθής·
2927 5509 3019 5564 καὶ
3073 5509 3260 5580 νεότης
3288 5508 3453 5564 αὐτοῦ
3496 5507 3736 5564 ἀπάθεια

2159 5595 2358 5668 ψυχῆςο
