4066 6236
501 259 634 314 I555

1858 248 1947 304 EX
1982 246 2142 304 ORIG
2151 246 2281 302 ENE

3602 244 3761 303 I556

493 377 611 429 illos
646 373 900 429 Dominus
929 373 1089 440 Deus,
1129 382 1232 427 etc.
1264 370 1542 440 Disperdet
1576 367 1694 423 illos
1727 366 1914 431 malos,
1944 380 2043 420 eun

2170 366 2382 432 Κύριος
2404 369 2437 419 ό
2465 366 2629 434 Θεὸς,
2661 385 2716 420 κ.
2746 383 2796 420 τ.
2840 368 2885 419 ὲ.
2932 367 3173 435 ’Λφανιεῖ
3192 365 3386 428 αὐτοὺς
3418 366 3621 429 κακοὺς
3651 364 3754 419 όν-

492 463 739 521 videlicet
763 465 931 520 bonos
964 464 1165 518 reddet.

1024 648 1342 706 PSALMUS
1372 649 1550 706 XCIV.

568 739 727 796 Vens.
762 744 815 797 ό.
848 742 988 808 Quia
1019 742 1071 795 in
1095 757 1253 794 manu
1291 741 1404 810 ejus
1435 749 1555 793 sunt
1595 754 1768 791 omnes
1803 736 1930 804 lines
1956 745 2055 789 ter-

493 847 588 894 ηε,
618 840 722 887 etc.
748 832 963 886 Manum
993 833 1095 887 hoc
1125 831 1241 885 loco
1264 830 1396 909 dicit
1426 828 1810 901 providentiam
1837 827 1950 882 Dei.

568 923 732 979 Vens.
761 926 813 978 (ἱ.
865 924 1083 985 Venite,
1124 927 1401 977 adoremus
1453 933 1502 976 et
1554 922 1888 989 procidamus
1937 929 2059 973 ante

490 1031 629 1078 eum,
654 1024 758 1069 etc.
784 1015 878 1069 Ille
904 1015 1132 1085 procidit
1162 1024 1286 1069 ante
1319 1013 1624 1077 Dominum,
1650 1013 1742 1082 qui
1766 1010 2055 1067 elationem

490 1107 753 1175 superbiat.
786 1108 1095 1175 aereltquit.

566 1197 727 1251 Vens.
755 1196 808 1251 8.
846 1196 1018 1249 Hodie
1043 1199 1086 1249 si
1110 1211 1280 1249 vocem
1304 1196 1419 1264 ejus
1449 1194 1747 1259 audieritis,
1765 1201 1871 1248 etc.
1902 1210 1920 1244 ι
1947 1191 2055 1246 IIo-

493 1290 581 1341 die
617 1305 637 1339 ι
676 1289 837 1341 vitam
869 1289 1006 1342 hanc
1033 1288 1321 1356 signiticet.
1346 1286 1479 1342 Nam
1525 1305 1545 1338 α
1592 1285 1747 1340 Jesus
1781 1284 2051 1347 Christus,

493 1379 663 1445 inquit
688 1379 757 1443 "°,
788 1379 902 1433 heri
932 1387 985 1433 et
1013 1377 1188 1441 hodie,
1221 1377 1351 1433 etin
1382 1376 1597 1433 saecula.
1629 1394 1648 1429 ›
1671 1375 1736 1431 Ει
1769 1375 2052 1431 rursus“:

496 1486 514 1519 ι
551 1470 731 1525 Donec
764 1469 922 1524 hodie
953 1468 1384 1539 cognominatur.
1419 1486 1438 1521 ι

2167 472 2283 521 τας,
2316 456 2556 527 δηλονότι
2579 458 2777 521 καλοὺς
2806 456 2995 512 ποιῶν.

2728 641 3018 695 “mox
3061 643 3174 707 ιιΑο.

2241 735 2357 787 Ὅτι
2399 734 2468 787 ἐν
2513 733 2587 802 τῇ
2635 734 2784 802 χειρὶ
2821 731 3011 788 αὑτοῦ
3051 730 3125 784 τὰ
3172 730 3397 798 πέρατα
3440 728 3551 797 τῆς
3585 728 3752 799 τῆς,

2166 846 2219 881 κ.
2253 845 2301 880 τ.
2325 828 2371 880 ὲ.
2408 828 2577 897 Χεῖρα
2595 826 2688 879 νῦν
2718 828 2816 898 την
2854 824 3113 895 πρόνοιαν
3142 821 3291 890 λέγει
3313 822 3410 875 τοῦ
3431 820 3589 875 Θεοῦ.

2233 918 2430 985 Δεῦτε,
2482 918 2998 986 προσκυνήσωμεν
3025 918 3125 971 καὶ
3164 915 3601 984 προσπέσωμεν
3624 917 3750 970 αὐ·-

2162 1008 2263 1074 τῷ,
2289 1026 2341 1061 κ.
2370 1026 2420 1061 τ.
2448 1009 2495 1062 ὲ.
2528 1003 2693 1071 Οὗτος
2717 1008 3050 1079 προσπίπτει
3070 1007 3148 1078 τῷ
3171 1008 3361 1078 Κυρίῳ
3382 1010 3411 1061 6
3434 1009 3531 1081 τὴν
3558 1008 3751 1081 Emp-

2161 1114 2245 1151 σιν
2273 1098 2649 1169 ὑπερηφανίας
2682 1097 2981 1153 ἀπολιπών.

2228 1189 2499 1259 Σήμερον
2549 1188 2661 1242 ἐὰν
2717 1189 2828 1257 τῆς
2895 1189 3099 1259 φωνῆς
3158 1191 3346 1245 αὐτοῦ
3396 1192 3743 1257 ἀκούσητε,

2156 1300 2210 1335 κ.
2240 1298 2289 1334 τ.
2325 1282 2372 1334 ὲ.
2410 1281 2484 1333 Τὸ
2506 1281 2744 1351 σήμερον
2774 1280 2864 1333 τὸν
2894 1279 3007 1350 βίον
3034 1279 3222 1333 τοῦτον
3257 1280 3529 1352 σημαίνει’
3573 1300 3592 1332 ι
3638 1282 3748 1351 Ἰη-

2158 1372 2285 1435 σοῦς
2320 1372 2449 1443 γὰρ,
2493 1372 2646 1443 φησὶ,
2686 1372 2919 1441 Χριστὸς
2958 1370 3085 1441 χθὲς
3133 1372 3225 1425 καὶ
3266 1375 3503 1443 σήμερον
3532 1373 3630 1427 καὶ
3657 1374 3746 1436 εἰς

2158 1463 2285 1526 τοὺς
2316 1463 2536 1527 αἰῶνας·
2581 1483 2599 1514 ι
2636 1464 2729 1516 καὶ
2770 1463 2949 1517 πάλιψ
2993 1481 3011 1515 t
3054 1463 3246 1533 Ἀχρις
3290 1456 3351 1516 οῦ
3385 1463 3449 1517 τὸ
3491 1464 3742 1538 σήμερον

2159 1571 2402 1609 καλειται
2410 1595 2422 1608 .
2468 1573 2486 1606 ι

558 1644 721 1701 Vens.
746 1647 830 1700 1Ι.
855 1646 969 1714 Ipsi
990 1661 1110 1699 vero
1136 1662 1238 1699 non
1267 1651 1617 1713 cognoverunt
1634 1644 1746 1698 vias
1766 1658 1926 1707 meas,
1944 1650 2043 1697 etc.

2228 1645 2407 1699 Αὐτοὶ
2434 1644 2504 1698 δὲ
2528 1647 2637 1699 οὐκ
2670 1644 2945 1715 ἔγνωσαν
2990 1644 3097 1709 τὰς
3135 1643 3313 1710 ὁδούς
3339 1661 3477 1713 μου,
3505 1661 3559 1699 κ.
3590 1661 3647 1697 τ.
3682 1644 3738 1699 ἑ.

486 1738 597 1791 Vim
629 1737 841 1791 Domini
871 1745 993 1790 sunt
1030 1736 1283 1805 practice:
1332 1737 1562 1791 virtutes
1589 1748 1710 1804 qua:
1742 1737 1946 1789 ducunt
1982 1735 2050 1787 ad

486 1842 708 1895 regnum
738 1827 1019 1882 cmlorum.

554 1919 683 1971 IBID.
715 1918 863 1972 Sicut
885 1917 1066 1987 juravi
1103 1918 1159 1971 in
1199 1918 1279 1970 ira
1313 1933 1426 1971 mea
1454 1934 1473 1972 :
1501 1913 1865 1970 Siintrmbunt
1891 1917 1945 1971 in
1971 1933 2053 1972 re-

482 2013 651 2079 quiem
702 2026 904 2073 meam,
959 2020 1064 2064 etc.
1118 2009 1356 2079 Requies
1403 2010 1615 2064 Domini
1658 2008 1896 2078 cognitio
1936 2007 2052 2076 ejus

481 2113 585 2156 est.
615 2100 714 2168 Qui
746 2109 922 2155 autem
958 2101 1256 2170 ingreditur
1283 2101 1335 2155 in
1367 2102 1579 2167 eam,in
1612 2101 1696 2155 illa
1721 2100 2047 2170 requiescet.

900 2365 1063 2435 779
1104 2364 1423 2420 PSALMUS
1466 2364 1623 2419 xcv.

553 2452 717 2509 Vens.
752 2454 799 2507 I.
842 2454 1066 2508 Cantate
1115 2453 1337 2507 Domino
1374 2455 1640 2508 canticum
1674 2472 1857 2510 novum
1882 2496 1898 2522 ,
1940 2466 2045 2512 etc.

483 2541 647 2597 Vetus
684 2543 844 2595 homo
868 2581 883 2607 ,
919 2541 1010 2610 qui
1042 2542 1413 2612 corrumpitur
1452 2543 1747 2597 secundum
1781 2543 2046 2599 deSideria

475 2633 698 2698 erroris,
739 2648 843 2686 non
878 2641 1052 2702 potest
1089 2641 1309 2687 cantare
1345 2633 1615 2688 canticum
1656 2648 1874 2689 novum.
1909 2634 2044 2690 Novi

476 2722 623 2776 enim
678 2722 931 2787 hominis,
965 2723 1091 2777 facti
1126 2722 1422 2777 secundum
1460 2721 1749 2792 imaginem
1778 2722 1925 2779 illius
1953 2723 2044 2794 qui

476 2811 716 2866 condidit
746 2826 893 2873 eum,
927 2819 1007 2866 est
1033 2811 1304 2866 canticum
1340 2825 1563 2865 novum.

546 2901 709 2957 Vens.
750 2903 805 2957 4.
840 2900 1108 2957 Terribilis
1141 2912 1217 2957 est
1251 2917 1408 2971 super
1444 2917 1621 2956 omnes
1667 2904 1810 2966 deos,
1849 2913 1954 2959 etc.
1986 2902 2043 2958 Si

476 2994 734 3049 terribilis
762 3004 845 3050 est
870 2994 1128 3051 Dominus
1152 3010 1314 3066 super
1345 3009 1537 3052 omnes
1570 2995 1719 3061 deos,
1749 3009 1939 3051 omnes
1972 2996 2042 3052 dii

480 3083 672 3137 timent
712 3084 1017 3137 Dominum.

548 3174 708 3229 Vens.
729 3174 813 3229 10.
836 3173 1006 3229 Dicite
1026 3175 1080 3228 in
1096 3174 1355 3245 gentibus,
1369 3174 1491 3245 quia
1513 3173 1768 3228 Dominus
1786 3174 2038 3241 regnavit,

474 3276 579 3321 etc.
622 3265 793 3320 Dicite
827 3265 1061 3334 iujustis,
1086 3268 1207 3335 quia
1234 3265 1441 3335 justitia
1473 3266 1746 3336 regnavit;
1779 3264 2040 3332 insipien-

476 3358 644 3420 tibus,
676 3357 800 3425 quia
834 3357 1139 3410 dominatur
1167 3356 1488 3426 prudentia;
1523 3354 1889 3415 mendacibus,
1914 3354 2039 3423 quia

475 3449 706 3518 imperat
738 3448 976 3507 veritas:
1019 3458 1074 3503 et
1100 3449 1326 3517 ignaris,
1359 3448 1485 3518 quia
1526 3446 1658 3502 vicit
1691 3446 1939 3501 scientia.

546 3626 708 3681 Vens.
746 3626 828 3680 11.
862 3624 1132 3681 ιωιεηιωο
1152 3628 1292 3690 caeli,
1318 3635 1427 3684 etc.
1459 3625 1515 3681 Id
1543 3636 1645 3693 est,
1677 3625 1767 3695 qui
1798 3624 2045 3680 habitant

474 3716 527 3772 in
553 3716 725 3771 cadis.

545 3807 710 3863 Vens.
738 3809 823 3863 ιε.
849 3809 993 3865 Tunc
1028 3810 1363 3865 exsultabant
1397 3812 1574 3865 omnia
1600 3810 1742 3880 ligna
1763 3809 2038 3874 silvarum,

471 3908 579 3953 etc.
618 3899 804 3964 Qualia
845 3900 986 3969 ligna
1033 3900 1421 3956 exsultabant?
1460 3900 1654 3955 Dieant
1704 3899 1793 3968 qui
1834 3898 2042 3968 allego-

473 3988 608 4043 riam
650 4000 921 4046 recusant.

980 4167 1296 4223 PSALMUS
1348 4166 1529 4223 XCVI.

545 4262 706 4315 Vens.
753 4262 802 4315 I.
835 4260 1102 4314 Ltetentur
1140 4258 1328 4311 insula:
1356 4258 1556 4320 multm,
1593 4266 1701 4309 etc.
1743 4255 1919 4310 Insula
1953 4265 2037 4310 est

472 4364 625 4405 mens
660 4353 811 4404 lirma
838 4360 893 4406 et
926 4350 1155 4416 stabilis,
1191 4364 1310 4418 qua:
1342 4348 1411 4403 ab
1440 4347 1598 4418 huius
1628 4348 1752 4403 vita:
1783 4350 2036 4404 ﬂuctibus

472 4443 708 4511 undique
734 4443 1049 4510 percutitur.

2172 1735 2309 1790 Ὀδοί
2349 1736 2456 1788 εἱσι
2486 1734 2581 1788 τοῦ
2615 1735 2818 1805 Κυρίου
2853 1736 2908 1788 αἱ
2938 1734 3238 1805 πρακτικαὶ⁵
3270 1733 3461 1803 ἀρεταὶ
3488 1734 3546 1788 αἱ
3577 1733 3736 1787 άπά-

2155 1842 2345 1893 γουσαι
2371 1826 2449 1888 εἰς
2482 1826 2581 1896 τὴν
2611 1823 2881 1895 βασιλείαν
2908 1822 3017 1877 τῶν
3039 1822 3305 1894 οὐρανῶν.

2242 1915 2337 1982 Ὠς
2373 1914 2579 1985 ὤμοσα
2605 1914 2675 1969 ἐν
2700 1913 2777 1983 τῇ
2816 1914 2963 1985 ὀργῆ
2991 1931 3132 1983 μου,
3161 1911 3233 1967 Εἰ
3276 1912 3736 1968 εἰσελεύσονται

2155 2007 2242 2072 εὶς
2290 2005 2404 2074 τὴν
2452 2006 2836 2061 κατάπαυσιν
2875 2024 3027 2075 μου,
3080 2023 3136 2059 κ.
3180 2023 3229 2059 τ.
3276 2006 3323 2060 ὲ.
3365 2005 3733 2070 Κατάπαυσις

2156 2097 2383 2166 Κυρίου.
2407 2096 2609 2166 γνῶσις
2637 2096 2821 2151 αὐτοῦ’
2857 2097 2887 2150 6
2914 2096 2971 2151 δὲ
3001 2094 3257 2150 εἰσελθὼν
3278 2098 3358 2161 εἰς
3384 2096 3556 2167 αὐτὴν
3585 2097 3725 2150 άνα-

2157 2188 2421 2242 παύσεται
2444 2188 2529 2241 ἐπ’
2561 2189 2752 2260 αὐτῆς.

2690 2364 2982 2419 mmo:
3022 2365 3141 2431 τεν.

2224 2461 2444 2530 ’ᾼσατε
2476 2455 2554 2523 τῷ
2580 2457 2776 2525 Κυρίῳ
2805 2450 2969 2526 ᾆσμα
3002 2455 3232 2520 καινὸν,
3275 2472 3328 2509 κ.
3362 2473 3415 2509 τ.
3445 2456 3489 2508 ὲ.
3529 2455 3588 2509 ’0
3618 2472 3723 2510 πα-

2149 2548 2298 2612 λαιὸς
2323 2548 2607 2620 ἄνθρωπος
2628 2587 2645 2613 ,
2681 2550 2710 2601 6
2743 2545 3095 2618 φθειρόμενος
3133 2544 3273 2599 κατὰ
3308 2545 3407 2609 τὰς
3435 2546 3723 2615 ἐπιθυμίας

2149 2640 2251 2711 τῆς
2273 2640 2492 2709 ἀπάτης
2513 2679 2528 2702 ,
2557 2639 2618 2693 οὐ
2649 2637 2871 2693 δύναται
2902 2633 3031 2708 ᾆσαι
3064 2634 3214 2710 ᾆσμα
3243 2637 3459 2691 καινόν·
3486 2636 3580 2690 τοῦ
3611 2638 3721 2708 γάρ

2152 2729 2339 2784 καινοῦ
2367 2727 2656 2801 ἀνθρώπου
2698 2728 2815 2782 ἐστὶ
2851 2725 2914 2781 τδ
2958 2723 3111 2799 ᾆσμα
3137 2725 3199 2780 τὸ
3227 2727 3411 2781 καινὸν
3439 2725 3531 2780 τοῦ
3565 2743 3718 2795 γενο-

2154 2820 2315 2891 μένου
2344 2821 2463 2874 κατ’
2486 2819 2672 2873 εἰκόνα
2691 2818 2784 2873 τοῦ
2808 2818 3092 2883 κτίσαντος
3122 2817 3305 2873 αὐτόν.

2221 2911 2473 2977 Φοϐερός
2501 2909 2673 2963 ἐστιν
2700 2908 2799 2962 ἐπὶ
2828 2906 3058 2974 πάντας
3088 2906 3231 2973 τοὺς
3266 2907 3469 2973 θεοὺς,
3504 2924 3556 2960 κ.
3577 2924 3629 2960 τ.
3663 2910 3718 2963 ἑ.

2152 3000 2215 3053 Εἰ
2249 2999 2475 3070 φοϐερός
2509 3001 2654 3053 ἐστιν
2695 3000 2724 3053 6
2765 2996 2967 3071 Κύριος
2997 2998 3091 3051 ἐπὶ
3125 2997 3334 3063 πάντας
3376 2998 3496 3061 τοὺς
3530 2996 3714 3062 Θεοὺς,

2151 3091 2349 3155 πάντες
2381 3092 2429 3144 ο1
2462 3090 2573 3144 Θεοὶ
2601 3089 2890 3159 φοϐοῦνται
2921 3089 3015 3143 τὸν
3042 3089 3268 3162 Κύριον.

2216 3181 2438 3235 Εἴπατε
2457 3180 2526 3234 ἐν
2541 3181 2664 3248 τοῖς
2681 3183 2922 3236 ἔθνεσιν
2940 3221 2955 3246 ,
2980 3180 3069 3234 ὅτι
3100 3181 3315 3248 Κύριος
3332 3177 3711 3241 ἐϐασίλευσε,

2148 3288 2201 3323 κ.
2236 3288 2285 3323 τ.
2340 3273 2385 3324 ὲ.
2422 3272 2623 3325 Εἴπατε
2656 3274 2769 3335 τοῖς
2798 3271 3032 3338 ἀδίκοις,
3066 3272 3148 3324 ὅτι
3179 3268 3490 3339 δικαιοσύνη
3527 3267 3717 3321 ἐϐασί-

2147 3362 2300 3415 λευσε
2323 3380 2336 3394 ο
2372 3363 2464 3415 καὶ
2490 3365 2601 3425 τοῖς
2629 3362 2881 3433 ἄφροσιν,
2909 3364 2991 3416 ὅτι
3023 3361 3263 3434 κυριεύει
3297 3360 3586 3431 φρόνησις·
3618 3358 3718 3411 καὶ

2148 3450 2262 3511 τοῖς
2320 3448 2611 3517 ψεύσταις,
2663 3450 2745 3502 ὅτι
2794 3450 3043 3514 δεσπόζει
3091 3451 3125 3520 ἡ
3176 3448 3434 3520 ἀλήθεια·
3481 3447 3716 3511 καὶτοῖς

2144 3538 2457 3607 ἀγνοοῦσιν,
2486 3540 2568 3593 ὅτι
2602 3541 2942 3612 κεκράτηκεν
2972 3543 3004 3611 ἡ
3036 3540 3257 3609 γνῶσις.

2213 3629 2759 3698 Εὐφραινέσθωσαν
2788 3634 2843 3686 οἱ
2868 3633 3108 3714 οὐρανοὶ
3129 3671 3145 3697 ,
3177 3650 3233 3686 κ.
3262 3649 3314 3686 τ.
3340 3633 3387 3686 ὲ.
3406 3630 3715 3693 Τουτέστιν,

2142 3718 2192 3771 οἱ
2219 3717 2595 3781 κατοικοῦντες
2622 3718 2680 3771 ἐν
2705 3722 2819 3783 τοῖς
2848 3720 3114 3791 οὐρανοῖς.

2220 3806 2357 3858 Τότε
2378 3806 2847 3874 ἀγαλλιάσονται
2866 3808 3065 3862 πάντα
3086 3809 3157 3863 τὰ
3172 3808 3329 3873 ξύλα
3346 3809 3452 3865 τοῦ
3466 3810 3713 3879 δρυμοῦ,

2145 3912 2199 3949 κ.
2228 3912 2280 3948 τ.
2315 3896 2360 3948 ὲ.
2391 3897 2524 3949 Ποῖα
2553 3897 2971 3964 ἀγαλλιάσονται
3005 3898 3137 3967 ξύλα
3161 3916 3175 3965 ;
3199 3900 3506 3970 λεγέτωσαν
3537 3903 3586 3955 oi
3609 3902 3715 3972 τὴν

2146 3986 2471 4058 άλληγορίαν
2496 3988 2939 4059 παραιτούμενοι.

2701 4166 2992 4221 “mox
3029 4171 3160 4237 uq'.

2214 4255 2737 4325 Εὐφρανθήτωσαν
2761 4256 2942 4325 νῆσοι
2970 4262 3227 4325 πολλοὶ,
3263 4276 3319 4314 κ.
3350 4276 3402 4314 τ.
3436 4257 3482 4312 ἐ.
3524 4257 3711 4325 Νῆσός

2144 4345 2259 4398 ἐστι
2287 4346 2410 4410 νοῦς
2441 4347 2684 4419 ἀκλινὴς,
2708 4348 2812 4402 ὑπὸ
2839 4347 2944 4403 τῶν
2967 4348 3061 4401 τοῦ
3083 4349 3199 4419 βίου
3233 4349 3419 4404 τούτου
3450 4350 3709 4420 κυμάτων

2144 4453 2211 4489 πε
2219 4438 2478 4507 ρικτυπού
2488 4456 2663 4509 μενος.

542 4531 705 4585 Vens.
739 4533 791 4585 3.
831 4528 897 4582 Et
927 4531 1063 4599 ignis
1098 4539 1217 4583 ante
1242 4532 1411 4600 ipsum
1450 4532 1727 4599 prtecetlet,
1753 4539 1860 4584 etc.
1892 4530 2038 4598 Ignis

2210 4528 2316 4581 Καὶ
2346 4529 2465 4598 πῦρ
2487 4531 2738 4585 ἐνώπιον
2762 4533 2949 4587 αὐτοῦ
2974 4534 3469 4602 προπορεύσεται,
3497 4552 3550 4587 κ.
3578 4552 3628 4589 τ.
3655 4535 3709 4587 ὲ.

469 4622 573 4677 iste
611 4622 721 4676 urit
760 4620 924 4692 ligna,
974 4620 1192 4688 fenum,
1222 4618 1507 4689 stipulam,
1540 4620 1642 4674 hoc
1690 4628 1773 4675 est
1822 4620 2037 4675 habitus

469 4713 706 4861 magis.
760 4805 845 4860 10.
889 4804 993 4870 Qui
1042 4802 1263 4873 diligitis
1311 4800 1593 4855 Dominum
1620 4839 1634 4864 ,
1668 4800 1808 4853 adite
1848 4797 1990 4853 mala
2020 4837 2035 4863 ,

468 4906 575 4952 etc.
615 4896 727 4952 Hoc
752 4908 857 4962 est,
899 4897 989 4966 qui
1015 4895 1237 4967 diligitis
1274 4894 1583 4957 scientiam,
1616 4891 1763 4948 edite
1795 4891 1957 4946 mala.

499 5079 701 5143 .VERS.
730 5078 818 5132 12.
850 5077 917 5131 Et
948 5076 1266 5143 conﬁtemini
1296 5075 1558 5129 memoria:
1596 5073 2032 5140 sanctiﬁcationis

2144 4617 2217 4671 Τὸ
2255 4619 2367 4691 πῦρ
2404 4620 2561 4675 τοῦτο
2600 4622 2745 4677 καίει
2786 4624 2946 4689 ξύλα,
2986 4626 3211 4696 χόρτον,
3259 4626 3548 4698 καλάμην,
3586 4643 3710 4680 του-

2142 4708 2290 4762 τέστι
2316 4710 2416 4775 τὰς
2446 4712 2587 4777 ἔξεις
2618 4713 2716 4778 τὰς
2741 4716 3038 4788 μοχθηρᾶς.

2218 4805 2281 4857 Ol
2307 4803 2651 4872 ἀγαπῶντες
2678 4809 2783 4861 τὸν
2802 4810 3037 4877 Κύριον,
3049 4809 3279 4878 μισεῖτε
3301 4810 3551 4879 πονηρὰ,
3584 4826 3704 4863 κ.τ.

2144 4893 2189 4944 ὲ.
2224 4893 2531 4961 Τουτέστιν,
2554 4899 2602 4950 οἱ
2624 4898 2943 4967 ἀγαπῶντες
2972 4899 3069 4971 τὴν
3100 4900 3321 4969 γνῶσιν,
3358 4904 3563 4970 μισεῖτε
3607 4916 3707 4960 ἰω-

2139 4984 2299 5054 νηρά.

2205 5076 2316 5130 Καὶ
2360 5076 2823 5149 ,ἐξομολογεῖσθε
2864 5079 2939 5149 τῇ
2968 5080 3176 5150 μνήμῃ
3211 5080 3324 5150 τῆς
3368 5080 3709 5151 ἁγιωσύνης

466 5174 579 5243 ejus
609 5210 624 5234 ,
671 5180 778 5224 etc.
822 5168 1205 5232 Conﬁtcmini,
1246 5169 1299 5221 in
1341 5166 1660 5222 memoriam
1713 5172 2033 5221 revocantes

2152 5167 2353 5232 ιύτοῦ,
2386 5187 2439 5223 κ.
2470 5186 2520 5224 τ.
2554 5171 2600 5223 ἐ.
2646 5170 3102 5242 Ἐξομολογεῑσθε,
3147 5170 3570 5243 ιινημονεύοντες
3608 5168 3711 5240 τῆς

468 5262 635 5317 sancti
648 5270 808 5315 tatem
842 5258 978 5327 ejus.

969 5438 1092 5493 PSA
1102 5437 1286 5494 LMUS
1326 5437 1528 5493 XCVII.

542 5528 703 5580 Vens.
734 5528 789 5580 2.
830 5526 892 5581 In
923 5536 1197 5593 conspectu
1228 5528 1459 5595 gentium
1496 5525 1736 5582 reuelauit
1758 5525 2025 5595 justitiam

544 5642 587 5669 ’⁸
628 5641 787 5696 llehr.
817 5658 933 5697 xm.
968 5646 1021 5697 8.
1098 5643 1140 5675 "
1176 5643 1304 5697 ibid.
1341 5657 1426 5700 Ill,
1462 5641 1546 5695 15.

2143 5258 2451 5331 ἁγιωσύνης
2475 5261 2659 5317 αὑτοῦ.

2682 5445 2972 5499 ΨΑΛΜΟΣ
3020 5447 3131 5513 ιιΖο.

2220 5530 2526 5587 Ἐναντίον
2571 5533 2684 5589 τῶν
2735 5536 2924 5591 ἐθνῶν
2954 5536 3312 5606 ἀπεκτίνῑυψε
3348 5535 3457 5604 τὴν
3490 5532 3713 5586 δικαιο-
