4066 6236
380 232 512 287 1557

1364 220 1672 279 SELECTA
1709 218 1773 274 IN
1816 215 2149 271 PSALIIOS.
2191 245 2257 255 —
2297 212 2493 268 PSAL.
2527 208 2611 266 Cl.

3492 198 3629 251 1558

374 352 574 417 σύνην
614 349 834 411 αὑτοῦ,
885 365 938 401 κ.
974 364 1024 401 τ.
1056 348 1101 400 ὲ.
1160 365 1176 395 ι
1206 344 1526 412 Δικαιοσύνη
1569 340 1677 410 γὰρ
1713 337 1849 391 Θεοῦ
1890 338 1946 388 ὲν

2057 349 2199 386 suam
2227 371 2240 395 ,
2282 340 2390 385 etc.
2424 328 2556 382 Nam
2609 344 2627 377 ι
2658 322 2870 395 justitia
2913 320 3006 376 Dei
3060 319 3112 373 in
3152 332 3219 372 eo
3259 312 3529 370 rCVeIatur
3558 328 3623 367 ex

373 442 524 511 αὐτῷ
555 439 998 494 ἀποκαλύπτεται
1026 441 1089 492 ὲκ
1122 439 1359 500 πίστεως
1390 438 1468 499 εἰς
1492 435 1694 487 πίστιν.
1737 451 1754 481 ι

446 532 704 603 Ποταμοὶ
722 532 1089 601 κροτήσουσι
1106 529 1253 599 χειρί
1273 525 1373 581 ἐπὶ
1396 526 1462 579 τὸ
1487 524 1654 589 αὐτὸ,
1673 542 1727 579 κ.
1750 542 1800 577 τ.
1818 525 1845 575 ὲ
1884 523 1946 575 El

374 625 443 680 τά
460 625 771 696 χαρίσματα
785 622 879 675 τοῦ
897 621 1034 675 Πνεύ
1042 637 1207 690 ματος
1227 619 1322 673 τοῦ
1339 618 1493 689 ἁγίου
1516 616 1747 685 ποταμοὶ
1765 615 1947 683 λέγον-

374 733 464 769 ται
487 714 626 768 κατὰ
652 714 732 767 τό·
773 733 790 765 ι
819 711 1060 783 Ποταμοὶ
1081 713 1145 765 ὲκ
1170 711 1271 781 τῆς
1297 710 1503 773 κοιλίας
1536 706 1699 762 αὐτοῦ
1723 707 1947 779 ῥεύσου-

379 822 460 857 σιν
494 803 682 866 ῦδατος
704 800 923 867 ζῶντος,
954 820 973 853 ι
998 800 1177 862 καλῶς
1204 801 1253 853 οἱ
1278 797 1589 870 μεθέξοντες
1619 795 1822 850 τούτων
1840 794 1948 849 τῶν

377 894 634 965 ποταμῶν
660 894 755 948 καὶ
779 892 931 946 αὐτοὶ
960 891 1192 961 ποταμοὶ
1221 889 1487 958 λέγονται.
1523 886 1862 959 Σημειωτέον
1893 885 1949 938 δὲ

376 987 469 1038 καὶ
502 986 563 1039 τὸ
593 1003 611 1037 t
648 986 741 1037 ἐπὶ
771 984 832 1037 τὸ
869 982 1000 1052 αὐτὸ
1041 1000 1061 1035 ι
1093 977 1231 1035 εἶναι
1261 980 1385 1044 τοὺς
1424 979 1719 1050 ποταμοὺς,
1764 979 1851 1031 ἴνα
1896 977 1949 1030 τὸ

374 1078 504 1132 αὐτὸ
549 1078 747 1146 λέγωσι
781 1076 999 1141 πάντες,
1041 1074 1134 1128 καὶ
1173 1072 1248 1145 μὴ
1288 1071 1322 1147 ᾖ
1353 1074 1411 1126 ἐν
1437 1072 1621 1135 αὐτοῖς
1650 1071 1946 1141 σχίσματα.

962 1255 1250 1310 “mox
1282 1255 1405 1321 una

448 1348 529 1401 Σὺ
558 1348 888 1416 ήτοψασας
930 1346 1291 1413 εὐθύτητας,
1326 1363 1381 1399 κ.
1430 1362 1483 1399 τ.
1531 1346 1579 1400 ὲ.
1638 1344 1950 1415 Εὑθύτητας

375 1440 491 1508 ἦτοι
525 1438 648 1500 τοὺς
676 1436 881 1499 εὐθείς,
910 1436 1026 1506 ἦτοι
1062 1435 1163 1498 τὰς
1195 1435 1416 1505 ἀρετάς.

441 1529 549 1583 Καὶ
566 1525 958 1596 προσκυνεῖτε
978 1526 1059 1591 τῷ
1076 1525 1381 1591 ὑποποδίῳ
1396 1527 1515 1581 τῶν
1524 1528 1725 1583 ποδῶν
1737 1529 1944 1591 αὑτοῦ,

372 1637 497 1674 κ.τ.
525 1621 571 1672 ὲ.
618 1619 691 1671 Τὸ
722 1618 1013 1671 ὑποπόδιον
1053 1617 1163 1671 τῶν
1211 1617 1388 1671 ποδῶν
1428 1615 1578 1672 εἶπόν
1622 1637 1766 1683 τινες
1809 1616 1947 1674 εἶναι

370 1712 467 1782 τὴν
511 1712 692 1783 σάρκα
734 1710 834 1781 τὴν
880 1708 976 1762 τοῦ
1013 1708 1288 1787 Χριστοῦ,
1334 1711 1454 1781 ητις
1480 1711 1569 1764 διὰ
1598 1711 1689 1764 τὸν
1719 1712 1948 1782 Χριστόν

370 1804 486 1855 ἔστι
519 1803 864 1873 προσκυνητή
889 1817 904 1831 ’
936 1803 966 1854 6
996 1801 1054 1855 δὲ
1087 1802 1321 1872 Χριστὸς
1353 1803 1723 1875 προσκυνητὸς
1750 1803 1837 1858 διὰ
1860 1805 1949 1858 τὸν

373 1898 432 1949 ὲν
465 1895 614 1965 αὐτῷ
644 1896 816 1964 Λόγον
836 1895 994 1948 Θεοῦ.

444 1985 553 2039 Καὶ
582 1985 865 2055 Σαμουὴλ
900 1986 969 2039 ἐν
986 1987 1110 2054 τοῖς
1135 1985 1634 2056 ἐπικαλουμένοις
1663 1987 1731 2040 τὸ
1762 1988 1948 2055 ὄνομα

370 2076 556 2130 αὐτοῦ
579 2116 593 2141 ,
624 2094 678 2131 κ.
717 2095 765 2129 τ.
797 2079 846 2131 ὲ.
890 2070 1062 2142 Οὗτος
1094 2078 1430 2133 ἐπικαλεῖται
1464 2079 1564 2148 τὴν
1605 2078 1948 2150 δικαιοσύνην

370 2168 399 2219 6
426 2167 850 2238 δικαιοπραγῶν,
882 2169 976 2223 κα)⁸
998 2170 1095 2240 τὴν
1129 2170 1386 2243 ἀλήθειαν
1431 2172 1460 2224 6
1495 2170 1568 2242 μὴ
1599 2170 1948 2241 ψευδόμενος,

373 2257 465 2309 καὶ
493 2257 590 2329 τὴν
618 2259 836 2331 ἀγάπην
862 2261 890 2313 6
922 2259 995 2330 μὴ
1031 2259 1229 2330 μισῶν.
1858 2308 1859 2311 η

455 2349 549 2400 Ἐν
575 2350 782 2416 στύλῳ
812 2348 1074 2417 νεφέλης
1114 2347 1318 2402 ἐλάλει
1355 2347 1503 2415 πρὸς
1529 2347 1770 2412 αὐτοὺς,
1813 2364 1865 2400 κ.
1894 2364 1945 2399 τ.

370 2443 417 2496 ἑ.
457 2443 513 2495 '0
544 2440 732 2503 στῦλος
769 2441 861 2494 καὶ
897 2443 930 2510 ἡ
961 2439 1158 2509 νεφέλη
1202 2438 1418 2506 λογικαὶ
1460 2438 1648 2506 φύσεις
1690 2436 1830 2500 εἰσὶ,
1881 2436 1948 2489 δι’

368 2527 443 2587 ὧν
486 2532 664 2585 ἐλάλει
696 2532 833 2602 πρὸς
860 2532 989 2594 τοὺς
1022 2530 1208 2599 ἁγίους
1237 2532 1265 2584 6
1284 2530 1507 2600 Κύριος.

449 2622 697 2690 Ὑψοῦτε
733 2622 952 2689 Κύριον
986 2620 1093 2674 τὸν
1143 2620 1293 2674 Θεὸν
1325 2620 1511 2690 ἡμῶν,
1547 2638 1600 2673 κ.
1636 2637 1686 2673 τ.
1724 2620 1771 2673 ὲ.
1812 2616 1951 2670 Ὑπὸ

373 2714 614 2788 καθαροῦ
648 2715 741 2771 νοῦ
773 2715 1016 2785 πέφυκεν
1047 2714 1311 2785 ὑψοῦσθαι
1334 2714 1489 2778 Θεός.

934 2923 1230 2977 ΨΔΛΜΟΣ
1263 2923 1378 2989 κιο.

444 3015 757 3070 Εὶσέλθετε
786 3018 873 3081 εὶς
900 3015 1004 3081 τὰς
1046 3016 1246 3080 πύλας
1277 3014 1494 3078 αὑτοῦ,
1524 3031 1666 3107 κ.
1697 3014 1741 3067 ὲ,
1772 3013 1946 3065 Πύλαι

373 3106 585 3173 σοφίας,
614 3106 801 3175 ἀρεταί
828 3122 841 3135 ·
876 3104 963 3158 διὰ
992 3104 1100 3175 γὰρ
1132 3104 1310 3157 αὐτῶν
1341 3100 1697 3174 εἰσερχόμὲθα
1733 3104 1811 3165 εἰς
1851 3100 1949 3171 τὴν

374 3195 649 3265 βασιλείαν
672 3196 779 3249 τῶν
808 3196 1067 3266 οὐρανῶν.

964 3360 1062 3411 ΨΑ
1072 3358 1256 3411 ΛΜοΣ
1298 3356 1374 3411 P’.

452 3451 670 3503 Ἔλεον
697 3449 793 3503 καὶ
826 3450 1029 3517 κρίσιν
1066 3448 1289 3517 ᾄσομαι
1315 3464 1413 3503 σοι
1434 3490 1448 3513 ,
1481 3450 1657 3517 Κύριε
1679 3489 1692 3513 ,
1744 3466 1797 3501 κ.
1830 3466 1879 3501 τ.
1908 3448 1956 3502 ὲ.

374 3542 482 3598 Τὸν
520 3542 649 3613 περὶ
683 3542 947 3613 Προνοίας
974 3541 1068 3595 καὶ
1097 3542 1331 3612 κρίσεως
1359 3537 1488 3613 ᾆσαι
1535 3541 1678 3594 θέλει
1712 3542 1889 3609 λόγον.

454 3723 563 3777 Τὸν
592 3723 1049 3778 καταλαλοῦντα
1089 3721 1279 3790 λάθρα
1311 3723 1417 3777 τοῦ
1447 3724 1715 3790 πλησίον
1742 3726 1950 3791 αὐτοῦ,

378 3816 594 3869 τοῦτον
630 3814 967 3879 ἐξεδίωκον,
998 3833 1053 3869 κ.
1078 3833 1128 3870 τ.
1164 3816 1212 3869 ὲ.
1232 3815 1516 3887 Χρήσιμον
1535 3816 1595 3869 τὸ
1626 3817 1788 3887 ῥητὸν
1814 3818 1950 3889 πρὸς

375 3906 504 3968 τοὺς
531 3903 989 3968 καταλαλοῦντας.

448 3995 856 4062 Πορευόμενος
888 3992 959 4046 ἐν
986 3991 1103 4057 όδῷ
1149 3986 1386 4061 ἀμώμῳ,
1436 3989 1615 4059 οὗτός
1645 4012 1747 4064 μοι
1799 3996 1952 4049 ἑλει-

378 4086 631 4156 τούργει,
672 4104 725 4141 κ.
758 4104 810 4141 τ.
839 4086 885 4137 ὲ.
920 4084 1199 4156 Χρηστέον
1224 4086 1284 4139 τὸ
1312 4086 1473 4157 ῥητὸν
1497 4086 1631 4158 πρὸς
1647 4088 1775 4150 τοὺς
1809 4088 1954 4159 ἱερα-

378 4180 561 4240 τικοὺς
583 4178 857 4247 ὑπηρετου
865 4177 1058 4247 μένους
1080 4175 1185 4229 ὑπὸ
1210 4175 1409 4230 δούλων
1430 4178 1832 4249 πονηροτάτων.

2056 424 2157 477 lide
2189 425 2239 477 in
2270 423 2427 475 [idem
2453 422 2519 471 ⁷³.
2556 439 2573 471 ι

2126 514 2290 569 Vens.
2318 512 2372 568 8.
2403 511 2660 566 Flumina
2687 508 2935 577 plaudcut
2967 518 3125 557 manu
3150 502 3203 554 in
3234 499 3484 567 idipsum,
3513 506 3620 551 etc.

2055 611 2112 666 Si
2152 608 2386 676 Spiritus
2418 606 2592 662 sancti
2636 604 2779 659 dona
2819 600 3041 655 ﬂumina
3071 597 3345 661 dicuntur,
3366 594 3521 665 juxta
3563 592 3633 645 il-

2056 699 2177 754 lud:
2210 717 2229 751 ι
2260 696 2507 753 Flumina
2536 696 2602 750 de
2633 700 2819 747 ventre
2837 688 2954 759 ejus
2979 680 3146 742 ﬂuent
3166 699 3321 754 aquae
3346 682 3483 737 vivat
3501 680 3573 747 ",
3597 697 3621 734 ι

2055 790 2279 861 pulchre
2328 788 2418 859 qui
2470 788 2664 842 horum
2698 781 2980 837 ﬂuminum
3031 777 3329 849 participes
3367 780 3540 841 sunt,
3569 779 3629 829 et

2053 887 2154 959 ipsi
2189 884 2408 939 [lumina
2439 881 2717 937 dicuntur.
2760 876 2889 931 Illud
2920 887 3138 945 quoque
3181 868 3580 927 observandum
3605 904 3626 931 ,

2060 996 2078 1030 ι
2110 978 2163 1033 in
2190 977 2419 1045 idipsum
2454 993 2474 1027 ι
2506 988 2626 1028 esse
2653 971 2896 1035 ﬂumina,
2941 976 3000 1022 ut
3031 966 3172 1021 idem
3203 963 3386 1020 dicant
3411 973 3628 1027 omnes,

2054 1082 2109 1128 et
2140 1086 2245 1125 non
2277 1070 2383 1123 sint
2420 1068 2473 1121 in
2504 1066 2583 1121 eis
2612 1063 2932 1120 schismata.

2441 1244 2606 1315 τεο
2645 1238 2961 1295 essurus
2992 1233 3219 1293 xcvm.

2126 1343 2291 1398 Vens.
2332 1340 2386 1393 4.
2420 1337 2497 1391 Τιι
2545 1337 2744 1404 parasti
2771 1334 3081 1388 directiones
3108 1372 3124 1398 ,
3165 1341 3271 1385 etc.
3300 1329 3628 1400 [eqtitates,

2056 1435 2140 1490 vel
2171 1442 2374 1495 rectos,
2405 1428 2489 1484 vel
2518 1428 2770 1483 virtutes.

2124 1525 2287 1580 Vens.
2336 1522 2389 1576 5.
2427 1520 2495 1574 Et
2525 1519 2744 1573 adorate
2774 1516 3065 1571 scabellum
3102 1515 3293 1583 pedum
3322 1514 3434 1584 ejus
3459 1554 3473 1577 ,
3519 1520 3627 1569 etc.

2051 1616 2356 1674 Scabellum
2409 1612 2608 1683 pedum
2656 1609 2876 1679 quidam
2932 1607 3189 1662 dixerunt
3234 1620 3357 1660 esse
3406 1620 3628 1660 carnem

2048 1707 2276 1769 Christi,
2304 1718 2424 1774 qua:
2456 1711 2677 1771 propter
2710 1698 2988 1754 Christum
3019 1706 3103 1752 est
3130 1696 3425 1751 adoranda.
3462 1694 3627 1751 Chri-

2050 1809 2166 1854 stus
2188 1806 2369 1851 autem
2395 1802 2479 1849 est
2502 1791 2814 1848 adorandus
2842 1800 3063 1860 propter
3092 1788 3335 1845 Verbum
3358 1786 3453 1843 Dei
3480 1786 3629 1857 quod

2051 1892 2102 1946 in
2139 1892 2256 1960 ipso
2289 1900 2392 1944 est.

2124 1980 2286 2035 Vens.
2327 1980 2379 2036 6.
2412 1978 2478 2032 Et
2512 1977 2729 2034 Samuel
2763 1978 2901 2032 inter
2929 1992 3017 2030 eos
3047 1977 3139 2047 qui
3172 1975 3414 2030 invocant
3444 1989 3633 2027 nomen

2050 2072 2185 2142 (jus,
2211 2083 2315 2127 etc.
2350 2071 2449 2138 Qui
2478 2072 2622 2140 juste
2654 2071 2786 2140 agit,
2813 2069 3127 2139 justitiam;
3158 2069 3248 2137 qui
3286 2083 3390 2122 non
3426 2068 3624 2121 menti-

2054 2174 2162 2229 tur,
2193 2165 2509 2231 veritatem;
2530 2163 2696 2233 etqui
2724 2178 2828 2217 non
2850 2163 2987 2226 odit,
3012 2161 3336 2216 charitatem
3386 2160 3626 2215 invocat.

2123 2347 2286 2402 Vens.
2312 2348 2365 2400 7.
2396 2346 2465 2400 In
2494 2346 2740 2400 columna
2769 2346 2923 2400 nubis
2951 2345 3264 2415 loquebatur
3286 2345 3355 2398 ad
3384 2360 3494 2404 eos.
3522 2353 3608 2399 etc

2051 2438 2315 2494 Columna
2349 2449 2402 2492 et
2452 2440 2624 2494 nubes
2671 2449 2880 2492 natura:
2923 2447 3053 2491 sunt
3102 2436 3314 2490 ratione
3352 2434 3627 2503 pendite,

2053 2544 2148 2598 per
2174 2543 2309 2598 quas
2344 2529 2411 2584 ad
2448 2539 2668 2585 sanctos
2703 2529 2961 2584 Dominus
3000 2528 3346 2596 loquebatur.

2130 2619 2292 2675 Vens.
2331 2620 2386 2675 9.
2420 2619 2670 2675 Exaltate
2712 2621 2993 2675 Dominum
3028 2621 3195 2675 Deum
3229 2622 3491 2685 nostrum,
3522 2626 3630 2674 etc.

2051 2710 2193 2766 Pura
2234 2728 2389 2768 mens
2418 2714 2556 2769 solet
2591 2714 2835 2769 exaltare
2864 2715 3057 2769 Deum.

2588 2921 2814 2978 PSALM
2825 2920 2914 2979 US
2953 2920 3117 2977 XCIX

2134 3011 2293 3067 Vens.
2323 3014 2377 3066 l.
2406 3013 2628 3068 lntroite
2649 3025 2826 3082 portas
2847 3013 2982 3083 ejus,
3014 3025 3120 3068 etc.
3150 3011 3328 3066 Porta:
3351 3008 3635 3081 sapientia:

2056 3110 2182 3153 sunt
2219 3102 2445 3157 virtutes
2470 3144 2486 3169 ,
2537 3118 2661 3157 nam
2694 3117 2790 3170 per
2819 3116 2913 3156 cas
2940 3101 3274 3170 ingredimur
3302 3101 3356 3154 in
3406 3113 3637 3170 regnum

2056 3192 2339 3246 caelorum.

2626 3350 2945 3407 PSAL'iIUS
3001 3350 3064 3406 C.

2139 3446 2298 3499 Vens.
2328 3446 2379 3499 l.
2411 3445 2837 3498 Misericordiam
2876 3456 2924 3499 et
2950 3444 3215 3513 judicium
3242 3444 3465 3498 cantabo
3500 3446 3637 3510 tibi,

2058 3534 2281 3590 Domine
2302 3547 2454 3605 ,.etc.
2491 3535 2853 3590 Providentia:
2883 3544 2939 3590 et
2964 3536 3159 3606 judicii
3203 3538 3473 3591 rationem
3503 3551 3635 3591 ean-

2060 3638 2177 3682 tare
2210 3630 2345 3682 vult.

2135 3723 2296 3777 Vens.
2337 3723 2392 3776 5.
2433 3722 2803 3776 Detrahcntem
2841 3732 3057 3796 secreto
3071 3723 3313 3791 proximo
3345 3739 3464 3790 suo,
3497 3723 3636 3777 hunc

2057 3816 2418 3884 persequebar,
2445 3824 2550 3869 etc.
2574 3814 2715 3870 Utile
2743 3815 2845 3869 hoc
2869 3814 3037 3872 fuerit
3062 3823 3251 3870 contra
3273 3814 3638 3870 detractores.

2137 3994 2298 4048 Vens.
2334 3994 2387 4048 6.
2419 3992 2713 4049 Ambulans
2749 3994 2801 4048 in
2847 4009 2931 4047 vta
2970 3992 3352 4057 immaculata,
3386 3991 3470 4045 hic
3506 3990 3637 4044 mihi

2063 4084 2433 4149 ministrabat,
2473 4092 2580 4137 etc.
2634 4081 2730 4137 llis
2764 4081 2947 4137 verbis
2978 4080 3237 4135 utendum
3289 4093 3417 4150 erga
3452 4091 3638 4132 sacer-

2062 4178 2219 4231 dotes
2250 4178 2451 4246 quibus
2501 4174 2817 4246 nequissimi
2840 4175 2986 4230 servi
3020 4171 3359 4227 ministrant.

456 4269 565 4324 Τοῦ
584 4240 1011 4336 ἐξολοθρεῦσαι
1037 4268 1107 4322 ἐκ
1154 4269 1406 4335 πόλεως,
1439 4287 1494 4323 κ.
1620 4270 1667 4325 ὲ.
1701 4269 1815 4323 Νῦν
1857 4271 1950 4323 πό‹

2136 4240 2299 4323 Vens.
2327 4268 2381 4322 8.
2418 4267 2485 4321 Ut
2511 4240 2863 4338 dis—perderem
2900 4267 2967 4321 de
2988 4266 3223 4330 civitate,
3244 4273 3354 4320 etc.
3377 4261 3490 4318 Huc
3514 4259 3633 4315 loco

378 4361 461 4414 λιν
490 4361 694 4432 Κυρίου
739 4360 887 4429 λέγει
940 4361 1039 4433 τὴν
1079 4360 1275 4415 ἑαυτοῦ
1327 4360 1524 4434 ψυχὴν,
1561 4362 1619 4415 ὲν
1749 4364 1955 4428 πάντας

378 4453 668 4509 ἀπέκτεινε
689 4452 981 4523 λογισμοὺς
1012 4454 1382 4525 παρανόμους.

946 4642 1241 4695 ΨΛΛΜΟΣ
1274 4644 1398 4697 PA'.

464 4735 849 4804 ἰιγρύπνησα
877 4733 971 4788 καὶ
995 4734 1291 4803 ἐγενόμην
1317 4734 1397 4799 ὠς
1425 4739 1745 4804 στρουθίον
1768 4739 1953 4808 μονά-

380 4826 480 4886 ζον
508 4826 608 4880 ἐπὶ
637 4826 877 4896 δώματι,
909 4844 963 4879 κ.
991 4843 1041 4878 τ.
1078 4826 1123 4878 ὲ.
1163 4825 1330 4878 Οὐδὲν
1364 4825 1490 4880 ἄλλο
1517 4827 1607 4882 τὸν
1635 4829 1760 4883 νοῦν
1783 4830 1954 4894 οὕτως

381 4914 752 4987 ἀπεργάζεται
785 4915 985 4985 κοῦφον
1009 4916 1084 4979 ὼς
1113 4914 1409 4985 ἀγρυπνία.

457 5007 584 5059 Ὅτι
617 5006 853 5060 σποδὸν
880 5006 1023 5061 ὡσεὶ
1057 5005 1242 5074 ἄρτον
1265 5006 1491 5075 ἔφαγον
1515 5046 1530 5072 ,
1563 5010 1661 5061 καὶ
1688 5008 1753 5062 τὸ
1792 5013 1954 5081 πόμα

374 5115 493 5167 μου
537 5098 689 5166 μετὰ
731 5097 1041 5167 κλαυθμοῦ
1073 5097 1362 5166 ἐκίρνων,
1398 5113 1451 5149 κ.
1486 5114 1534 5149 τ.
1571 5097 1618 5152 ὲ.
1673 5099 1957 5169 Χρήσιμον

379 5190 440 5245 τὸ
465 5190 626 5262 ῥητὸν
654 5189 789 5261 πρὸς
816 5190 942 5253 τοὺς
965 5191 1115 5263 παρὰ
1138 5190 1228 5243 τὸν
1254 5189 1440 5260 καιρὸν
1467 5190 1561 5243 τοῦ
1584 5189 1747 5243 πότου
1775 5192 1957 5257 αὐλοῖς

381 5286 475 5339 καὶ
493 5284 661 5355 ᾠδαῖς
683 5286 1071 5357 τερπομένους.

452 5378 623 5449 Κάγὼ
669 5378 812 5433 ὡσεὶ
861 5379 1075 5448 χόρτος
1107 5377 1445 5447 ἐξηράνθην
1466 5397 1481 5410 ο
1530 5380 1611 5435 σὺ
1640 5380 1727 5447 δὲ,
1759 5381 1955 5449 Κύριε,

381 5466 466 5530 εἰς
498 5463 606 5517 τὸν
632 5463 816 5517 αἰῶνα
861 5462 1097 5533 μένεις,
1153 5481 1205 5517 κ.
1239 5480 1289 5518 τ.
1330 5465 1375 5516 ὲ.
1439 5464 1578 5533 Ἐγὼ
1638 5466 1733 5537 μὲν
1796 5464 1961 5536 πρόσ-

456 5622 499 5653 ⁷²
536 5620 693 5677 Βυυι.
730 5637 767 5690 ι,
810 5622 887 5677 l7.
968 5623 1011 5653 ⁷³
1036 5622 1192 5679 Joan.
1227 5638 1321 5692 vn,
1351 5624 1441 5679 58.

2061 4362 2336 4416 civitatem
2371 4359 2581 4413 Domini
2620 4369 2775 4414 vocat
2815 4359 3055 4412 animam
3089 4373 3282 4419 suam.
3311 4355 3368 4410 in
3402 4369 3510 4425 qua
3553 4352 3635 4407 in-

2062 4450 2373 4510 terﬁciebat
2399 4466 2591 4507 omnes
2623 4465 2908 4521 perversos
2939 4449 3320 4521 cogitationes.

2627 4637 2949 4694 PSALMUS
2986 4636 3071 4691 CI.

2133 4738 2301 4793 Vens.
2333 4735 2386 4791 8.
2428 4733 2656 4805 Vigilavi
2704 4742 2751 4785 et
2786 4730 2960 4800 factus
2987 4743 3102 4782 sum
3131 4728 3267 4780 sicut
3297 4738 3480 4793 passer
3504 4724 3638 4777 soli-

2064 4832 2234 4885 tarius
2262 4829 2315 4882 in
2347 4836 2500 4890 lecto,
2528 4835 2633 4879 etc.
2669 4820 2812 4875 Nihil
2836 4830 2992 4886 atque
3022 4822 3254 4869 mentem
3279 4811 3456 4867 levem
3476 4811 3643 4867 cilicii

2065 4937 2129 4977 ac
2163 4918 2509 4975 insomnium.

2136 5014 2299 5069 Vens.
2338 5009 2425 5064 IO.
2462 5007 2601 5072 Quia
2633 5017 2859 5058 cinerem
2899 5010 3151 5070 tanquam
3184 5012 3371 5067 panem
3399 4995 3640 5049 'mandu-

2065 5104 2247 5157 cabam
2277 5141 2292 5166 ,
2337 5110 2384 5154 et
2415 5110 2595 5167 potum
2638 5110 2810 5148 meum
2844 5108 2964 5146 cum
3008 5091 3137 5161 ﬂetu
3174 5089 3454 5143 miscebant
3480 5125 3496 5153 ,
3528 5094 3641 5140 etc.

2068 5193 2209 5249 Utile
2237 5193 2337 5245 hoc
2364 5188 2527 5243 fuerit
2554 5195 2742 5241 contra
2773 5200 2870 5240 eos
2900 5184 2994 5254 qui
3025 5191 3270 5253 tempore
3301 5177 3551 5235 convivii.
3571 5177 3641 5231 ti-

2066 5285 2171 5343 biis
2207 5292 2262 5337 et
2289 5280 2521 5337 canticis
2550 5279 2907 5333 delectantur.
3152 5274 3155 5275 ⁷

2136 5375 2295 5445 78],
2332 5371 2490 5427 Vens.
2522 5372 2609 5438 l2,
2646 5371 2731 5425 I3.
2767 5370 2835 5423 Et
2863 5385 2959 5440 ego
3003 5367 3139 5422 sicut
3172 5365 3350 5434 fenum
3388 5359 3529 5415 arui.
3563 5357 3641 5412 Tu

2066 5475 2261 5533 autem,
2291 5464 2531 5531 Domine,
2557 5464 2611 5517 in
2640 5474 2895 5517 a'tcrnum
2924 5474 3214 5525 permanet,
3244 5466 3350 5513 etc.
3386 5453 3497 5524 Ego
3521 5451 3643 5521 qni-
