4066 6236
442 224 580 279 1559

1794 233 1881 286 EX
1923 232 2221 290 ORIGENE

3568 237 3717 290 15ῦο

442 348 565 398 dem
614 355 1004 415 tempomnrus
1048 356 1099 401 et
1131 350 1415 417 mortalis,
1446 361 1498 407 tu
1532 368 1666 407 vero
1706 365 1941 410 mternus
1978 366 2030 411 et

2138 375 2323 429 καιρος
2380 362 2471 413 καὶ
2534 360 2724 430 Ονητὸς
2753 400 2765 421 ,
2824 361 2887 413 σὺ
2945 360 2997 412 δὲ
3052 360 3219 415 ἀΐδιος
3276 360 3369 413 καὶ
3418 360 3713 424 ἀθάνατος.

445 438 791 491 immortalis.
1012 498 1017 501 _

516 527 680 582 Vens.
714 529 803 582 εδ.
848 528 928 585 Ne
956 546 1160 585 revoces
1190 549 1270 587 me
1308 533 1359 587 iu
1390 535 1614 589 dimidio
1646 538 1850 590 dierum
1885 553 2017 590 tueo-

443 634 585 683 rum,
628 629 733 675 etc.
775 622 989 675 Dierum
1029 639 1222 693 nempe
1257 641 1395 694 quos
1432 626 1596 681 eﬂicit
1630 629 1707 682 sol
1740 630 1985 698 justitim.

518 710 681 763 Vens.
705 710 791 763 27.
816 710 928 774 Ipsi
955 714 1220 781 peribunt,
1252 725 1307 767 tu
1338 726 1512 769 autem
1540 718 1886 784 permnnebis.
1911 730 2016 773 etc.

448 802 708 858 Peribunt
748 805 868 859 cceli
907 822 1009 859 non
1051 808 1348 861 secundum
1383 808 1762 871 substantiam,
1796 812 1888 863 sed
1936 825 2023 865 se-

444 895 683 948 candum
732 896 952 964 ﬁguram
980 914 991 949 :
1043 916 1061 948 α
1090 897 1334 953 Prmterit
1365 900 1507 953 enim
1534 939 1549 963 ,
1584 899 1756 968 inquit
1791 903 2022 971 Aposto-

446 984 529 1039 lus
554 985 621 1052 ⁷⁸,
653 986 820 1056 ﬁgura
855 988 1016 1056 hujus
1042 989 1242 1042 mundi.
1279 1009 1296 1039 ι

989 1176 1304 1233 PSALMUS
1349 1182 1455 1235 Cll.

521 1265 681 1321 Vens.
715 1270 763 1322 1.
809 1269 1058 1335 Benedic,
1097 1270 1273 1323 animo
1316 1288 1454 1337 mea,
1490 1271 1731 1337 Domino,
1772 1284 1820 1329 et
1849 1293 2023 1330 omnia

440 1374 562 1428 qua:
584 1360 725 1412 intra
753 1377 833 1413 me
856 1372 976 1413 sunt
1014 1364 1212 1417 nomini
1239 1375 1420 1416 sancto
1446 1364 1584 1433 ejus,
1618 1375 1722 1420 etc.
1758 1367 1901 1421 Intra
1929 1369 2022 1423 ho-

448 1450 649 1502 minem
696 1449 1011 1505 iutcrinrem
1059 1464 1185 1506 sunt
1224 1455 1506 1509 facultates
1548 1456 1900 1525 intelligendi,
1933 1474 2023 1513 co-

445 1539 671 1610 gitandi,
708 1541 976 1607 intuendi,
1020 1544 1438 1614 interpretandi,
1495 1546 1820 1615 imaginandi
1851 1561 1905 1603 et
1936 1565 2023 1603 re-

447 1630 795 1685 minisceudi.

522 1722 686 1776 Vens.
716 1722 769 1775 5.
809 1723 1165 1777 Renovubitur
1195 1734 1249 1777 ut
1283 1725 1475 1792 aquilre
1497 1726 1748 1793 juventus
1776 1740 1888 1791 tua,
1919 1738 2024 1783 elc.

448 1812 796 1867 Senecuttem
837 1817 987 1869 exuit
1021 1817 1198 1886 aquila
1223 1857 1238 1881 ,
1279 1816 1733 1892 quemadmodum
1770 1829 1826 1873 et
1868 1820 2029 1874 homo

445 1914 681 1959 veterem
718 1907 989 1961 hominem
1031 1909 1182 1963 exuit
1211 1908 1300 1977 qui
1331 1909 1699 1977 corrumpitur
1728 1911 2025 1964 secundum

446 1995 652 2049 erroris
685 1996 975 2052 desideria.

526 2087 686 2144 Vens.
723 2088 808 2141 11.
867 2088 1133 2153 Quoniam
1162 2091 1448 2144 secundum
1476 2089 1811 2143 altitudinem
1837 2089 1953 2142 caeli
1995 2106 2028 2142 ιι

451 2190 595 2233 terra
626 2180 981 2233 corroboravit
1014 2180 1270 2235 Dominus
1310 2182 1725 2235 misericordiam
1760 2196 1909 2233 suam
1940 2197 2029 2233 su-

448 2286 540 2337 per
578 2271 815 2324 timentes
862 2288 936 2336 se,
980 2281 1087 2326 etc.
1124 2271 1587 2338 Quemadmodum
1627 2271 1886 2325 exultavit
1935 2285 2027 2324 eos

446 2363 540 2430 qui
576 2364 627 2415 in
660 2362 815 2417 caelis
852 2373 1018 2429 sunt,
1067 2363 1148 2418 sic
1198 2364 1455 2419 misertus
1493 2371 1575 2418 est
1614 2377 1801 2417 eorum
1836 2363 1926 2431 qui
1974 2364 2026 2416 in

451 2464 594 2506 terra
630 2453 818 2507 timent
852 2468 997 2508 eum.

526 2545 685 2600 νειιε.
730 2545 817 2600 15.
855 2544 1028 2600 Ilonto
1069 2548 1207 2601 sicut
1263 2551 1440 2617 [cuum
1468 2549 1581 2601 dies
1612 2549 1751 2616 ejus,
1779 2558 2029 2617 tauquam

448 2636 550 2703 [los
580 2638 698 2704 agri
726 2637 802 2688 sic
835 2637 1109 2707 eﬁiorcbit,
1139 2652 1245 2695 etc.
1289 2640 1399 2695 lloc
1433 2641 1556 2695 loco
1590 2641 1751 2695 homo
1783 2652 2028 2694 naturam

452 2728 505 2779 in
540 2742 739 2796 genere
772 2732 1013 2785 ostendit
1048 2750 1060 2784 :
1096 2746 1219 2784 nam
1246 2733 1424 2786 omnis
1457 2733 1619 2786 homo
1649 2744 2031 2802 temporaneus

455 2828 511 2870 et
541 2819 807 2885 mortalis,
843 2820 1001 2876 facile
1026 2836 1372 2876 marcescens
1399 2832 1453 2876 et
1481 2822 1739 2878 caducus.

530 2999 688 3054 Vens.
722 2999 808 3054 16.
842 2998 1105 3065 Quoniam
1137 3000 1353 3069 spiritus
1388 3000 1692 3069 pertransiit
1725 3002 1777 3055 in
1810 3001 1902 3055 illo
1923 3041 1940 3067 ,
1976 3012 2024 3056 et
2053 3025 2095 3083 ρ

454 3106 556 3151 non
600 3092 870 3155 subsistet,
902 3101 1009 3146 etc.
1045 3092 1171 3146 Post
1213 3100 1443 3147 mortem
1493 3093 1673 3148 anima
1714 3108 1819 3149 non
1848 3094 2027 3150 subsi-

455 3184 550 3236 stit
587 3182 636 3235 iu
674 3183 775 3236 hac
807 3184 935 3235 vita.

530 3273 690 3327 Vens.
721 3272 810 3327 17.
839 3273 1207 3327 Misericordia
1238 3271 1452 3326 Domini
1474 3274 1537 3327 ab
1570 3284 1764 3329 (eterna
1790 3288 1836 3329 et
1868 3294 2030 3345 usque

456 3370 511 3419 in
540 3376 791 3421 wleruum
827 3380 983 3432 super
1013 3364 1251 3417 timentes
1278 3380 1417 3428 eum,
1450 3374 1557 3419 etc.
1602 3363 1717 3417 Vita
1757 3366 2029 3421 sensibilis

442 3472 563 3510 .non
618 3466 843 3520 :eterna,
894 3454 1263 3510 misericordia
1329 3465 1508 3511 autem
1562 3456 1773 3511 Domini
1824 3468 2027 3512 mterna

446 3552 557 3597 est.

530 3632 688 3687 Vens.
729 3636 808 3689 18.
842 3634 907 3687 Ει
949 3634 1155 3703 iustitia
1192 3633 1335 3687 illius
1363 3636 1417 3688 iu
1459 3637 1601 3705 ﬁlios
1628 3616 1885 3706 ﬁliorum,
1920 3648 2027 3693 etc.

460 3726 582 3780 Filii
616 3728 848 3781 ﬁliorum
882 3738 1009 3781 sunt
1034 3725 1129 3795 qui
1151 3726 1399 3781 eumdem
1428 3727 1691 3797 Spiritum
1722 3730 2032 3799 adoptionis

459 3822 695 3875 tlliorum
734 3833 1084 3890 receperunt.

527 3915 655 3970 IBID.
701 3916 768 3970 Et
800 3934 1052 3972 memores
1097 3927 1218 3973 sunt
1266 3918 1640 3970 mandatorum
1685 3918 1873 3985 ipsius,
1921 3927 2029 3972 etc.

456 4007 548 4062 llle
574 4010 949 4065 mandatorum
977 4028 1181 4067 memor
1200 4020 1303 4075 est,
1330 4011 1417 4078 qui
1439 4011 1737 4064 secundum
1763 4009 1848 4063 illa
1880 4010 2028 4063 vivit.

529 4101 696 4155 Vens.
733 4102 816 4157 l9.
851 4103 919 4155 Et
943 4120 1155 4173 regnum
1185 4104 1346 4170 ipsius
1374 4102 1612 4155 omnibus
1647 4101 2030 4165 dominabitur,

457 4200 560 4243 etc.
604 4191 729 4258 Ejus
762 4208 983 4262 regnum
1011 4209 1119 4262 quo
1148 4193 1403 4246 mundum
1452 4192 1695 4245 condidit
1722 4233 1736 4256 ,
1778 4190 2032 4245 omnibus

456 4284 673 4349 quidem
704 4286 1040 4348 dominatur;
1084 4287 1226 4355 quod
1254 4300 1382 4338 vero
1415 4283 1710 4337 sccuudutn
1744 4284 2031 4337 scientiam

460 4373 627 4427 habet
675 4391 902 4443 regnum
930 4419 946 4443 ,
989 4392 1094 4430 non
1149 4377 1401 4431 omnibus
1448 4390 1565 4443 qua:
1597 4374 1648 4427 in
1700 4378 1858 4429 terris
1884 4412 1900 4437 ,
1942 4373 2035 4427 sed

461 4467 716 4521 omnibus
746 4482 866 4535 qum
900 4470 949 4522 in
983 4470 1135 4524 caelis
1166 4478 1311 4531 sunt,
1346 4468 1675 4522 dominatur.

886 4646 1048 4716 782
1092 4644 1214 4699 PSA
1228 4642 1415 4698 LMUS
1459 4641 1589 4697 Clll.

535 4742 692 4796 Vens.
716 4744 771 4797 2.
804 4744 1039 4795 Amictus
1064 4742 1258 4794 lumine
1280 4740 1413 4794 sicut
1449 4741 1767 4803 vestimento,
1799 4751 1907 4801 etc.
1939 4744 2041 4795 Ve-

424 4864 425 4869 η
459 4834 772 4885 stintcultttn
824 4832 1032 4885 ltomiui
1096 4830 1324 4885 scientia
1364 4844 1523 4883 vera:
1562 4844 1668 4897 quo
1706 4830 1796 4895 qui
1852 4833 2040 4887 amici-

460 4936 581 4985 tur,
615 4926 680 4977 ah
709 4941 771 4977 eo
800 4925 1149 4979 illuminatur.

539 5015 699 5067 \‘rzns.
759 5015 811 5067 5.
878 5015 1176 5069 Extendens
1229 5014 1413 5069 coelum
1469 5015 1604 5068 sicut
1652 5013 1873 5081 peilem.
1929 5020 2033 5065 etc.

460 5115 641 5178 Quiro
672 5124 775 5160 non
806 5108 961 5172 dixit,
1000 5126 1020 5157 σ
1050 5108 1139 5176 qui
1181 5107 1490 5170 extendisti,
1526 5125 1543 5157 ι
1594 5107 1706 5172 sed,
1760 5124 1779 5156 ι
1818 5105 1909 5175 qui
1942 5120 2038 5159 ex-

463 5201 680 5255 tendis?
714 5221 729 5249 ι
773 5199 853 5252 Αη
908 5198 1073 5252 semel
1124 5199 1342 5266 quidem
1385 5198 1511 5251 illud
1554 5199 1857 5251 ﬁscundum
1907 5198 2037 5249 sult-

463 5298 717 5345 stantiam
747 5289 1007 5351 extendit,
1031 5302 1243 5354 semper
1269 5296 1446 5341 autem
1473 5289 1718 5342 extendit
1738 5288 2034 5343 secundum

466 5382 908 5451 gn-m-identiam?
962 5380 1239 5449 Ejusmodi
1277 5388 1358 5433 est
1405 5380 1573 5431 etiam
1626 5380 1675 5432 id
1712 5380 1854 5446 quod
1896 5376 2034 5443 apud

461 5473 559 5525 δυ’»
592 5476 793 5527 dictum
824 5484 904 5527 cst
930 5474 1007 5526 7°;
1048 5490 1065 5522 ι
1088 5472 1185 5536 Qui
1212 5470 1339 5524 facit
1370 5470 1603 5531 Pleiada,
1633 5481 1683 5524 et
1718 5470 2034 5539 Hesperum,

464 5578 514 5618 et
552 5569 860 5628 Arcturum,
898 5576 945 5617 et
990 5565 1243 5619 interiora
1275 5563 1521 5617 Austri.»

533 5658 580 5687 ’⁵
609 5658 626 5710 l
658 5659 779 5709 (lor.
823 5674 915 5719 νιι,
957 5658 1044 5710 51.
1122 5658 1167 5685 ’⁸⁸
1200 5655 1295 5709 ,Ιιιιι
1327 5672 1396 5722 ιι,
1433 5656 1483 5709 9.

2070 4655 2114 4708 D

2198 533 2292 601 Μὴ
2316 534 2617 603 ἀναγάγῃς
2634 552 2709 602 με
2730 535 2799 586 ἐν
2829 536 3031 601 ἡμίσει
3062 533 3295 603 ἡμερῶν
3311 553 3430 602 μου
3451 576 3465 599 ,
3498 551 3552 587 κ.
3577 551 3627 587 τ.
3652 547 3713 589 ε.

2128 624 2246 675 Τῶν
2269 625 2564 694 γινομένων
2581 627 2687 694 ἡμε
2699 623 2805 695 ρῶν
2827 624 2931 677 ὑπὸ
2948 624 3041 677 τοῦ
3059 625 3209 694 ἡλίου
3229 626 3325 695 τῆς
3339 624 3716 696 δικαιοσύνης.

2198 717 2373 769 Αὐτοὶ
2422 715 2827 779 ἀπολοῦνται,
2874 716 2955 769 σὺ
2988 716 3055 767 δὲ
3087 715 3411 784 διαμενεῖς,
3474 734 3525 769 κ.
3562 734 3611 769 τ.
3654 720 3714 769 ὲ.

2143 807 2490 859 Ἀπολοῦνται
2534 808 2583 859 οἱ
2620 807 2839 877 οὐρανοὶ
2874 807 2934 858 οὑ
2976 806 3094 859 κατ’
3132 806 3353 867 οὐσίαν,
3398 806 3530 859 ἀλλὰ
3561 808 3718 861 κατὰ

2130 898 2192 951 τὸ
2216 900 2435 969 σχῆμα.
2477 917 2496 950 ι
2534 900 2779 970 Παράγει
2844 901 2992 972 γὰρ,
3087 902 3249 971 φησιν
3289 902 3317 952 6
3364 900 3723 966 Ἀπόστολος,

2132 995 2194 1048 τὸ
2234 994 2419 1064 σχῆμα
2456 992 2547 1045 τοῦ
2597 990 2799 1059 κόσμου
2834 990 3048 1043 τούτου.
3086 1010 3104 1040 ι

2668 1180 2959 1235 ΨΑΛΜΟΣ
3000 1180 3119 1232 PB’.

2189 1274 2435 1341 Εὐλόγει
2484 1274 2522 1340 ἢ
2563 1272 2732 1341 ψυχή
2772 1290 2891 1341 μου
2929 1272 3037 1325 τὸν
3074 1272 3329 1338 Κύριον,
3372 1269 3469 1323 καὶ
3511 1267 3723 1323 πάντα

2123 1368 2195 1419 τὰ
2228 1365 2397 1429 ἐντός
2449 1381 2568 1432 μου
2602 1363 2668 1437 τὸ
2708 1364 2895 1431 ὄνομα
2920 1361 2983 1415 τὸ
3015 1362 3185 1430 ἅγιον
3209 1360 3427 1451 autcf),
3477 1377 3531 1413 κ.
3570 1377 3627 1411 τ.
3660 1360 3713 1414 ἑ.

2124 1456 2203 1509 Τὰ
2245 1455 2393 1518 ἐντὸς
2425 1454 2518 1508 τοῦ
2558 1454 2664 1507 ἔσω
2705 1452 2991 1525 ἀνθρώπου
3028 1455 3173 1505 ἐστὶν
3207 1455 3240 1522 ἡ
3286 1451 3507 1522 νοητικὴ
3545 1451 3719 1504 δύνα-

2137 1566 2226 1618 μις
2245 1587 2260 1611 ,
2295 1549 2388 1601 καὶ
2414 1546 2746 1617 διανοητικὴ,
2780 1546 2873 1598 καὶ
2896 1545 3278 1615 ὲπιϐλεπτικὴ,
3314 1544 3409 1597 καὶ
3438 1544 3719 1614 ἑρμηνευ-

2133 1639 2257 1709 τικὴ
2278 1679 2290 1699 ,
2318 1640 2411 1691 καὶ
2437 1640 2469 1707 ἡ
2498 1636 2866 1707 φανταστικὴ,
2894 1637 2989 1690 καὶ
3020 1639 3051 1706 ἡ
3089 1636 3515 1706 μνημονευτική.

2218 1729 2813 1794 ’Λνακαινισθήσεται
2859 1730 2939 1794 ὡς
2976 1728 3153 1782 ἀετοῦ
3196 1728 3233 1793 ἠ
3293 1729 3505 1793 νεότης
3566 1740 3715 1789 σου,

2131 1839 2186 1875 κ.
2213 1839 2263 1874 τ.
2292 1823 2339 1874 ὲ.
2367 1821 2439 1874 Τὸ
2474 1820 2652 1890 γῆρας
2685 1818 2977 1873 ἀποδύεται
3006 1821 3034 1872 6
3075 1820 3231 1882 ἀετὸς
3252 1859 3268 1882 ,
3326 1819 3402 1881 ὡς
3434 1820 3531 1870 καὶ
3554 1818 3582 1870 6
3613 1818 3719 1871 ἄν-

2131 1912 2345 1983 Θρωπος
2380 1912 2472 1964 τὸν
2514 1911 2733 1964 παλαιὸν
2780 1910 3064 1981 ἄνθρωπον
3103 1909 3393 1964 ἀποδύεται
3437 1909 3527 1962 τὸν
3561 1907 3722 1976 905t-

2136 2002 2362 2072 ρόμενον
2380 2001 2521 2056 κατὰ
2546 2002 2642 2064 τὰς
2671 2000 2965 2071 ἐπιθυμίας
2998 2001 3093 2071 τῆς
3119 2000 3355 2069 ἀπάτης.

2207 2093 2333 2145 Ὅτι
2376 2094 2526 2145 κατὰ
2564 2092 2629 2144 τὸ
2672 2092 2829 2161 ὕψος
2868 2092 2971 2145 τοῦ
2999 2089 3257 2158 οὐρανοῦ
3298 2088 3418 2143 ἀπὸ
3450 2086 3557 2155 τῆς
3596 2086 3715 2157 γῆς

2129 2183 2490 2251 ἐκραταίωσε
2536 2184 2749 2251 Κύριος
2784 2183 2851 2237 τὸ
2890 2184 3060 2248 ἕλεος
3093 2181 3277 2235 αὐτοῦ
3305 2180 3405 2233 ἐπὶ
3436 2181 3576 2246 τοὺς
3602 2197 3710 2249 φο-

2131 2273 2462 2343 ϐουμένους
2485 2275 2706 2338 αὐτὸν,
2754 2290 2809 2327 κ.
2842 2289 2894 2327 τ.
2929 2273 2977 2326 ἑ.
3008 2274 3218 2344 Ὠσπερ
3261 2271 3442 2341 ὓψωσε
3490 2272 3615 2335 τοὺς
3655 2273 3715 2326 ὲν

2129 2366 2414 2439 οὐρανοῖς,
2451 2365 2624 2429 οὕτως
2668 2364 2857 2435 ἐλέησε
2890 2366 3017 2428 τοὺς
3074 2365 3168 2418 ἐπὶ
3206 2364 3310 2435 τῆς
3346 2363 3713 2435 φοϐουμένους

2133 2459 2317 2514 αὐτόν.

2207 2552 2553 2618 Ἀνθρωπος
2582 2549 2723 2603 ὡσεὶ
2746 2548 2960 2618 χόρτος
2981 2552 3039 2602 αι
3074 2549 3285 2617 ἡμέραι
3316 2546 3504 2602 αὑτοῦ
3525 2587 3539 2610 ,
3566 2545 3711 2599 ὡσεὶ

2131 2646 2312 2710 ἄνθος
2344 2644 2450 2698 τοῦ
2473 2643 2655 2713 ἁῃοοῦ
2686 2642 2875 2708 οὕτως
2905 2640 3227 2707 ὲξανθήσει
3251 2680 3267 2704 ,
3305 2657 3361 2694 κ.
3402 2657 3455 2692 τ.
3503 2640 3550 2692 ὲ.
3600 2640 3713 2690 Ἐνο

2130 2736 2302 2790 ταῦθα
2325 2736 2353 2787 6
2386 2730 2669 2806 ἄνθρωπος
2688 2733 2786 2805 τὴν
2821 2732 3049 2787 καθόλου
3075 2732 3235 2802 φύσιν
3260 2730 3427 2802 δηλοῖ·
3461 2732 3567 2793 πᾶς
3600 2730 3710 2801 γὰρ

2130 2828 2415 2896 ἄνθρωπος
2455 2826 2786 2897 πρόσκαιρος
2830 2825 2923 2878 καὶ
2972 2824 3195 2894 Θνητὸς,
3234 2822 3568 2893 εὺμὰραντος
3614 2822 3711 2873 καὶ¹

2138 2918 2491 2990 πρόσκαιρος.

2203 3011 2322 3062 Ὅτι
2371 3008 2607 3077 πνεῦμα
2643 3004 2886 3074 διῆλθεν
2925 3005 2996 3058 ἐν
3025 3001 3206 3069 αὐτῷ,
3248 3004 3343 3057 καὶ
3376 3004 3481 3068 οὐχ
3520 2998 3711 3067 iunip-

2137 3101 2248 3167 εει,
2302 3119 2355 3153 κ.
2386 3095 2513 3155 τᾶ.
2545 3099 2699 3154 Μετὰ
2737 3098 2963 3152 Θάνατον
2995 3098 3029 3168 ἡ
3060 3096 3206 3167 ψυχὴ
3241 3096 3339 3166 οὺχ
3378 3093 3597 3163 ὑπάρχει
3641 3093 3705 3142 ὲν

2136 3192 2214 3264 τῷ
2244 3191 2341 3262 βίῳ
2368 3192 2559 3262 τούτῳ.

2214 3285 2283 3338 T6
2319 3283 2386 3336 δὲ
2436 3285 2608 3347 ἕλεος
2652 3280 2759 3335 τοῦ
2807 3280 3028 3347 Κυρίου
3062 3276 3180 3331 ἀπὸ
3217 3276 3323 3331 τοῦ
3351 3274 3561 3340 αἰῶνος
3607 3276 3710 3328 καὶ

2138 3372 2250 3439 ἕως
2304 3372 2411 3427 τοῦ
2467 3370 2682 3436 αἰῶνος
2733 3371 2820 3435 εἰς
2850 3368 2993 3435 τοὺς
3046 3367 3457 3437 φοϐουμένους
3504 3367 3713 3425 αὑτὸν,

2141 3482 2194 3519 κ.
2224 3483 2273 3517 τ,
2310 3466 2355 3517 ὲ.
2394 3465 2459 3516 'H
2483 3463 2579 3534 μὲν
2606 3462 2840 3534 αἰσθητὴ
2866 3461 2978 3533 ζωὴ
3011 3461 3112 3513 οὑκ
3141 3459 3309 3521 ἀΐδιος
3328 3498 3344 3521 ,
3385 3458 3446 3511 τὸ
3474 3457 3530 3510 δὲ
3563 3457 3710 3519 ἕλεος

2137 3556 2231 3609 τοῦ
2254 3555 2456 3625 Κυρίου
2486 3554 2672 3608 ἀΐδιον.

2206 3646 2315 3700 Καὶ
2338 3648 2377 3715 ἠ
2407 3646 2757 3713 δικαιοσύνη
2781 3640 2965 3698 αὑτοῦ
2995 3640 3091 3697 ἐπὶ
3127 3642 3276 3709 υἱοῖς
3298 3642 3476 3698 υἱῶν.
3513 3660 3546 3695 κ
3594 3645 3711 3698 1.1:.

2138 3736 2260 3791 Υἱοὶ
2292 3738 2423 3791 υἱῶν
2465 3740 2601 3791 εἰσιν
2634 3740 2681 3791 οἱ
2722 3737 2815 3791 τοῦ
2843 3735 3007 3790 αὑτοῦ
3041 3736 3347 3805 πνεύματος
3390 3734 3490 3805 τῆς
3538 3732 3715 3786 υἱοθε-

2141 3829 2261 3892 σίας
2288 3830 2604 3900 ἠξιωμένοι.

2210 3919 2319 3972 Kal
2351 3919 2753 3987 μεμνημένοις
2782 3915 2898 3970 τῶν
2922 3912 3185 3970 ἐντολῶν
3233 3914 3419 3968 αὐτοῦ
3438 3953 3453 3977 ,
3486 3931 3541 3967 κ.
3574 3929 3625 3964 τ.
3654 3910 3710 3964 ἐ..

2139 4000 2309 4070 Οὗτος
2341 4008 2609 4078 μέμνηται
2634 4006 2741 4060 τῶν
2772 4005 2997 4059 ἐντολῶν
3020 4044 3035 4068 ,
3063 4008 3091 4057 6
3114 4004 3220 4070 ζῶν
3254 4004 3373 4055 κατ’
3402 4001 3587 4062 αὑτάς.

2212 4098 2323 4151 Καὶ
2357 4099 2394 4166 ἡ
2423 4097 2711 4161 ,ϐασιλεία
2730 4096 2921 4150 αὐτοῦ
2951 4094 3190 4148 πάντων
3215 4089 3510 4152 δεσπόζει,
3566 4105 3615 4141 κ.
3654 4105 3708 4142 τ.

2141 4191 2188 4242 ὲ.
2232 4190 2297 4241 'H
2333 4189 2430 4259 μὲν
2475 4187 2837 4259 δημιουργικὴ
2881 4185 3044 4239 αὐτοῦ
3088 4184 3328 4255 βασιλεία
3369 4181 3582 4234 πάντων
3624 4177 3712 4230 δε-

2142 4280 2364 4343 σπόζει’
2416 4282 2448 4350 ἡ
2486 4280 2543 4331 δὲ
2579 4279 2718 4332 κατὰ
2770 4279 2969 4346 γνῶσιν
2998 4276 3245 4346 βασιλεία
3272 4274 3331 4327 οὐ
3359 4274 3572 4327 πάντων
3601 4268 3713 4323 τῶν

2144 4374 2238 4425 ἐπὶ
2259 4372 2363 4441 γῆς
2386 4412 2400 4435 ,
2433 4371 2646 4425 πάντων
2678 4371 2735 4424 δὲ
2766 4370 2873 4424 τῶν
2900 4371 2958 4423 ἐν
2985 4370 3230 4440 οὐρανοῖς
3260 4365 3523 4429 δεσπόζει.

2713 4645 3005 4698 ΨΑΛΜΟΣ
3036 4642 3149 4695 PI".

2229 4736 2743 4804 Ἀναϐαλλόμενος
2767 4734 2892 4803 φῶς
2911 4734 2991 4799 ὼς
3019 4731 3276 4801 induor,
3311 4748 3364 4784 κ.
3396 4748 3447 4785 τ.
3477 4732 3525 4783 ὲ.
3572 4729 3717 4799 ’ἰμά-

2145 4845 2260 4882 τιον
2281 4827 2482 4897 Κυρίου
2510 4827 2710 4895 γνῶσις
2734 4825 2957 4896 ἀληθήςο
2981 4826 3008 4877 6
3034 4824 3091 4877 δὲ
3118 4822 3433 4893 ἐνδυόμενος
3452 4821 3582 4875 αὐτὸ
3607 4838 3717 4889 φὺς·

2144 4920 2459 4991 τισΟήσεται
2491 4920 2581 4975 ὑπ’
2607 4918 2793 4972 αὑτοῦ.
3518 4944 3522 4953 ο

2230 5014 2543 5067 Ἐκτείνων
2586 5013 2691 5065 τὸν
2736 5009 2995 5078 οἰιοανὸν
3032 5008 3173 5063 ὡσεὶ
3222 5006 3449 5075 sepem,
3486 5023 3538 5058 κ.
3586 5022 3636 5056 τ.
3665 5003 3713 5057 ἑ.

2145 5107 2243 5158 Διά
2277 5102 2327 5157 τί
2371 5104 2472 5155 οὐκ
2506 5097 2686 5164 εἶπεν,
2727 5121 2745 5152 ‹
2779 5101 3056 5163 ἐκτείνας,
3098 5120 3116 5149 ›
3167 5100 3279 5153 ἀλλ’
3324 5119 3341 5148 ι
3370 5098 3655 5159 ἐκτείνων;
3689 5113 3710 5148 s

2143 5199 2176 5267 ἢ
2210 5196 2352 5261 ἆπαξ
2378 5195 2474 5265 μὲν
2501 5195 2659 5247 αὐτὸν
2686 5195 2803 5247 κατ’
2828 5193 3015 5246 οὐσίαν
3032 5191 3294 5257 ἐξέτεινεν
3320 5228 3335 5251 ,
3358 5190 3442 5242 ἀεὶ
3470 5189 3525 5241 δὲ
3557 5186 3717 5239 αὑτὸν

2145 5287 2373 5340 ἐκτείνει
2424 5288 2563 5339 κατὰ
2602 5286 2697 5355 τὴν
2744 5284 3026 5355 πρόνοιαν;
3062 5281 3314 5335 Τοιοῦτόν
3365 5282 3481 5332 ἐστι
3525 5278 3616 5331 καὶ
3656 5275 3717 5329 ἰδ

2157 5378 2274 5431 Ἰὼϐ
2304 5378 2623 5448 εἰρημένον·
2654 5380 2681 5430 6
2720 5397 2736 5427 ι
2774 5376 2951 5429 Ποιῶν
2987 5374 3218 5428 Πλειάδα
3242 5413 3256 5433 ,
3292 5374 3384 5426 καὶ
3425 5372 3714 5441 Ἕσπερον,

2149 5470 2239 5522 καὶ
2282 5470 2600 5540 ’Λρκτοῦρον
2630 5471 2720 5523 καὶ
2751 5470 2945 5539 ταμεία
2976 5467 3167 5521 Νότου.
3200 5486 3215 5518 ι
