4066 6236
390 213 514 272 1561

384 424 527 489 τοὺς
567 424 953 492 λειτουργοὺς
1001 423 1187 476 αὐτοῦ
1239 424 1429 490 πυρὸς
1461 424 1694 492 φλόγα,
1739 441 1790 475 κ.
1834 441 1884 477 τ.
1915 426 1960 476 ὲ.

385 511 476 580 Τῷ
523 512 620 582 μὲν
687 512 937 583 Ἀϐραὰμ
983 513 1031 564 ot
1077 512 1298 580 ἄγγελοι
1332 512 1408 575 ὡς
1439 510 1726 582 πνεύματα
1764 513 1966 584 ἐφάνη-

387 620 487 658 σαν
507 643 522 665 ,
551 606 660 666 τοῖς
684 604 741 656 δὲ
769 604 1088 674 Σοδομίταις
1115 603 1304 672 ὥσπερ
1338 601 1449 673 πῦρ
1484 602 1702 671 φλέγον.

465 691 520 744 '0
541 691 829 760 θεμελιῶν
847 693 961 759 τὴν
979 691 1095 761 γῆν
1116 692 1213 744 ἐπὶ
1240 691 1354 758 τὴν
1369 691 1715 760 ἀσφάλειαν
1736 691 1926 760 αὐτῆς
1946 711 1958 724 ο

385 782 460 836 οὐ
482 780 828 848 κλιθήσεται
855 785 942 847 είς
968 781 1075 834 τὸν
1107 779 1290 834 αἰῶνα
1323 781 1429 834 τοῦ
1457 781 1673 847 αἰῶνος
1692 823 1705 847 ,
1747 799 1802 835 κ.
1835 801 1884 835 τ.
1911 785 1959 837 ὲ.

395 871 456 926 '0
489 872 588 943 μὲν
628 872 750 926 Ἰὼϐ
781 869 900 925 εἷπε
926 890 939 904 ·
975 892 994 924 ι
1031 873 1329 945 Κρεμάσας
1373 873 1472 943 τὴν
1508 873 1614 943 γῆν
1663 875 1756 927 ἐπὶ
1801 876 1964 946 μηδε-

383 964 515 1027 νὸςο
552 982 570 1014 ι
617 965 645 1016 ὁ
701 963 758 1016 δὲ
787 963 982 1029 Δαυῖδ,
1029 984 1046 1014 ι
1081 965 1173 1017 ἐπὶ
1211 963 1306 1033 τὴν
1362 963 1659 1032 ἀσφάλειαν
1708 965 1897 1035 αὐτῆς.
1937 983 1956 1015 ι

396 1051 675 1125 Ἐκάτεροι
707 1055 762 1107 δὲ
795 1056 1072 1126 ἀναιροῦσι
1098 1055 1158 1108 τὸ
1185 1054 1322 1108 εἶναι
1353 1055 1516 1126 σῶμά
1559 1073 1612 1108 τι
1651 1057 1834 1127 ἕτερον
1865 1057 1962 1127 βα-

388 1145 583 1209 στάζον
630 1147 798 1218 αὐτὴν
847 1148 1137 1200 ὑποκάτω·
1181 1149 1214 1218 ἡ
1251 1146 1357 1218 γὰρ
1380 1147 1647 1215 ἀσφάλεια
1685 1149 1785 1200 οὐκ
1817 1148 1962 1201 ἔστιν

384 1238 541 1290 ούσία
568 1279 583 1302 ,
619 1238 754 1292 ἀλλὰ
803 1237 965 1308 τέχνη
1011 1238 1180 1303 Θεοῦ,
1213 1239 1467 1308 ἀκίνητον
1515 1239 1610 1310 τὴν
1654 1240 1756 1310 γῆν
1790 1243 1850 1293 ὲν
1893 1242 1959 1310 τῇ

386 1331 591 1401 σφαίρᾳ
619 1329 979 1399 διαφυλάττον
988 1347 1072 1382 σα.

456 1422 764 1486 Ἀϐυσσος
821 1421 901 1485 ὡς
951 1419 1183 1488 ἱμάτιον
1228 1419 1294 1471 τὸ
1340 1421 1719 1487 περιϐόλαιον
1751 1421 1958 1483 αὑτοῦ,

380 1530 433 1564 κ.
460 1531 506 1565 τ.
535 1514 581 1566 ὲ.
609 1513 682 1565 Τὸ
720 1511 1103 1581 ἀκατάληπτον
1144 1511 1246 1580 τῆς
1290 1509 1544 1578 γνώσεως
1582 1510 1676 1564 τοῦ
1710 1510 1844 1564 Θεοῦ
1874 1511 1961 1564 διὰ

378 1602 479 1672 τῆς
509 1602 748 1655 ἀϐύσσου
783 1602 1101 1672 παρίστησι.

462 1694 920 1747 Ἀναϐαίνουσιν
947 1693 1055 1761 ὄρη
1085 1693 1183 1745 καὶ
1213 1693 1639 1746 καταϐαίνουσι
1666 1691 1843 1745 πεδία
1873 1693 1960 1758 είς
1990 1696 2033 1750 Β

379 1787 485 1836 τὸν
517 1786 702 1838 τόπον
721 1785 794 1838 ὃν
807 1785 1208 1853 ἐθεμελίωσας
1226 1783 1428 1850 αὐτοῖς
1445 1825 1458 1849 ,
1491 1802 1544 1837 κ.
1570 1802 1620 1836 τ.
1645 1785 1691 1836 ὲ.
1718 1783 1955 1852 Λογικάς

375 1894 529 1940 τινας
566 1877 653 1930 διὰ
679 1877 787 1931 τῶν
810 1877 982 1945 λόγων
1006 1879 1209 1930 τούτων
1234 1877 1531 1929 αἰνίττεται
1560 1877 1772 1944 φύσεις.

451 1972 656 2038 Ὅριον
685 1972 825 2024 ἔθου
861 1971 891 2023 ὃ
918 1971 990 2024 οὐ
1016 1970 1522 2038 παρελεύσονται,
1558 1987 1611 2023 κ.
1652 1987 1700 2023 τ.
1739 1971 1784 2022 ἐ.
1819 1969 1954 2040 Περὶ

375 2061 485 2116 τῶν
513 2062 880 2133 καταχθονίων
906 2063 1175 2134 δαιμόνων
1198 2060 1372 2115 ταῦτα
1400 2060 1652 2130 λέγεσθαί
1675 2077 1828 2129 φασι.

372 2265 374 2270 ·
446 2244 701 2305 Ποτίζων
731 2244 837 2313 ὄρη
890 2245 958 2298 ἐκ
986 2244 1102 2298 τῶν
1144 2244 1428 2313 ὑπερῴων
1472 2245 1661 2300 αὑτοῦ
1684 2263 1783 2310 ,κδ
1815 2263 1866 2299 τ.
1901 2248 1955 2302 ἐ.

387 2333 640 2407 Ὕπερῷα
673 2334 808 2388 Θεοῦ
832 2333 1022 2402 φύσεις
1047 2333 1285 2405 καθαραὶ
1311 2335 1624 2399 ποτίζουσαι
1658 2337 1782 2390 τοὺς
1807 2335 1951 2409 ὑψη-

373 2426 629 2496 λοτέρους
658 2429 722 2496 τῇ
753 2426 971 2498 καρδίᾳ.

446 2518 931 2588 Χορτασθήσεται
979 2517 1051 2572 τὰ
1082 2517 1253 2584 ,ξύλα
1299 2519 1408 2574 τοῦ
1450 2519 1693 2587 πεδίου,
1729 2536 1784 2572 κ.
1813 2537 1863 2573 τ.
1901 2525 1950 2574 ἐ.

386 2609 444 2665 Ὀ
474 2611 532 2664 δὲ
581 2611 828 2682 Ἐϐραῖος
866 2612 960 2664 καὶ
999 2614 1047 2664 oi
1087 2611 1265 2664 λοιποὶ
1315 2631 1333 2662 ι
1362 2610 1456 2665 τοῦ
1488 2613 1693 2683 Κυρίου
1723 2630 1742 2662 ›
1779 2609 1950 2663 τεθεί-

375 2720 552 2757 κασιν.
590 2703 883 2768 Διεξελθὼν
923 2703 992 2757 τὰ
1043 2703 1330 2774 κάρπιμα,
1381 2702 1693 2770 ἀναγκαίως
1744 2716 1951 2772 μνημο-

374 2794 518 2848 νεύει
545 2796 638 2849 καὶ
668 2795 773 2849 τῶν
802 2797 1066 2866 ἀκάρπων
1089 2834 1104 2859 ,
1139 2796 1214 2858 ὡς
1255 2796 1550 2862 ἀναγκαῖον
1592 2798 1710 2856 τοῖς
1735 2792 1947 2862 ἀνθρὼ-

373 2903 496 2950 ποις
543 2887 635 2941 καὶ
675 2886 815 2940 αὐτὰ
854 2885 1200 2957 παρεχόντων
1250 2885 1459 2956 χρείαν.
1504 2883 1603 2937 Διὰ
1653 2883 1809 2936 τοῦτο
1854 2883 1948 2938 καὶ

376 2998 396 3029 ι
423 2979 626 3051 Κυρίου
666 2999 684 3031 ι
713 2979 850 3032 αύτά
878 2962 1318 3050 προσηγόρευσεν
1338 3018 1353 3043 ,
1387 2977 1462 3040 ὡς
1489 2978 1732 3045 αὑτοφυᾶ
1762 2978 1860 3030 καὶ
1885 2977 1945 3030 ού

1345 211 1655 268 SELECTA
1695 213 1759 267 ΙΝ
1799 205 2167 266 ΡΒΛΙᾸΞΟΒῘ
2200 204 2245 252 ὲ-
2282 211 2476 266 PSAL.
2524 209 2653 266 CIII.

466 329 530 385 ὀ
557 333 742 386 ποιῶν
775 333 915 398 τοὺς
944 332 1238 402 ἁῖηιέλους
1272 333 1458 386 αὐτοῦ
1490 337 1798 402 πνεύματα
1819 375 1832 397 ,
1866 333 1959 385 καὶ
1991 338 2034 390 Α

3505 212 3643 268 i362

2140 330 2298 385 Vens.
2347 334 2392 386 ί.
2438 333 2540 396 Qui
2581 332 2708 384 ’ucis
2740 331 2951 399 angelos
2981 340 3099 384 tuos
3139 329 3377 398 spiritus,
3411 340 3459 384 et
3493 333 3647 385 mim-

2067 435 2204 474 δινσε
2239 434 2354 474 tuos
2393 424 2561 490 ignem
2615 422 2884 485 urenti-nt,
2935 432 3040 474 etc.
3084 420 3394 473 Abrahamo
3423 423 3642 490 quidem

2065 511 2238 580 angeli
2288 512 2429 563 sicut
2464 513 2688 577 spiritus
2735 518 3142 578 apparuerunt;
3189 509 3479 565 Sodomitis
3516 527 3644 566 vero

2064 601 2127 654 sit
2147 611 2202 652 ιιι
2236 601 2372 668 ignis
2399 603 2618 652 arduus.

2137 691 2299 744 Vens.
2338 691 2393 744 5.
2440 691 2541 754 Qui
2591 691 2832 760 fundasti
2880 702 3071 744 terram
3116 707 3274 760 super
3301 691 3643 748 stabiiitatem

2063 799 2214 836 suam
2241 798 2258 834 :
2288 799 2389 835 non
2421 783 2767 839 i‘ltdillllbllltr
2801 783 2854 835 in
2892 783 3143 834 sa’culum
3174 783 3374 845 sa'culi,
3401 793 3509 836 etc.
3541 782 3644 839 Job

2063 873 2281 938 quidem
2321 872 2515 925 dixit"
2557 888 2569 923 :
2611 890 2627 921 ι
2663 871 2762 937 Qui
2815 873 3071 940 appendit
3123 884 3324 926 terram
3367 888 3527 942 super
3555 873 3639 928 ni-

2065 963 2231 1015 hilum
2259 978 2274 1026 ;
2302 980 2321 1014 s
2360 962 2524 1014 David
2560 973 2764 1028 autem,
2801 981 2816 1011 ι
2844 979 3008 1031 super
3040 961 3388 1018 stabilitatem
3414 981 3586 1018 suam.
3615 984 3635 1017 s

2069 1051 2308 1120 Uterque
2342 1063 2521 1105 autem
2571 1062 2730 1120 negat
2761 1069 2885 1104 esse
2915 1068 3110 1120 corpus
3140 1052 3282 1106 aliud
3324 1054 3462 1121 quod
3497 1054 3638 1108 illam

2063 1142 2204 1197 infra
2238 1143 2525 1196 sustineat.
2569 1143 2851 1196 Stabilitas
2883 1145 3026 1196 enim
3068 1159 3173 1195 non
3206 1155 3283 1197 est
3315 1145 3639 1210 substantia,

2060 1235 2154 1287 sed
2189 1250 2281 1288 ars
2312 1233 2432 1298 Dei,
2459 1249 2580 1303 qua:
2609 1234 2936 1288 immobilem
2965 1243 3160 1286 terram
3191 1234 3241 1288 in
3273 1235 3480 1304 sphtcra
3512 1252 3642 1291 cou-

2060 1339 2261 1383 εει-νηί.

2139 1419 2308 1475 Vens.
2348 1418 2399 1473 ϐ.
2436 1419 2668 1490 Abyssns
2698 1422 2834 1474 sicut
2864 1423 3223 1475 vestimtntum
3251 1433 3471 1475 annctus
3500 1425 3637 1492 ejus,

2060 1523 2166 1567 etc.
2217 1511 2822 1578 lncompreheusibilem
2872 1513 3156 1568 scientiam
3193 1513 3283 1568 Dei
3328 1528 3423 1582 per
3477 1517 3642 1585 abys-

2061 1622 2178 1660 sum
2209 1607 2432 1658 indicat.

2137 1696 2296 1749 Vens.
2341 1699 2394 1750 8.
2438 1697 2734 1749 Ascendunt
2775 1705 2972 1749 montes
3011 1705 3058 1748 et
3097 1695 3416 1748 descendunt
3466 1692 3636 1759 campi

2063 1790 2117 1843 in
2149 1789 2322 1842 locum
2351 1805 2500 1858 quem
2549 1788 2786 1856 fundasti
2826 1790 2920 1849 eis.
2953 1800 3061 1844 etc.
3113 1786 3347 1841 Naturas
3377 1789 3637 1856 quasdam

2063 1886 2272 1934 ratione
2303 1880 2556 1948 praeditas
2589 1879 2671 1933 his
2709 1879 2890 1934 verbis
2919 1879 3148 1934 indicat.

2133 1970 2298 2023 Vsus.
2328 1969 2382 2024 9.
2423 1969 2720 2022 Terminum
2766 1969 2988 2038 posuisti
3021 1984 3173 2038 quem
3223 1983 3329 2021 nou
3373 1977 3637 2038 transgre-

2059 2061 2273 2114 dientur
2302 2101 2317 2127 ,
2358 2071 2464 2115 etc.
2490 2059 2617 2115 Haec
2644 2060 2820 2114 aiunt
2856 2060 2922 2114 de
2946 2057 3315 2114 subterraneis
3355 2057 3638 2113 daemoniis

2060 2153 2186 2209 dici.

2137 2243 2300 2301 Vens.
2330 2245 2415 2301 15.
2451 2243 2645 2313 [ligans
2671 2253 2870 2297 montes
2893 2243 2958 2297 de
2985 2241 3341 2313 superioribus
3365 2241 3497 2308 suis,
3526 2249 3635 2294 elc.

2063 2337 2358 2405 Superiora
2399 2335 2488 2391 Dei
2519 2344 2648 2390 sunt
2685 2343 2888 2389 natura:
2919 2349 3066 2404 pura:
3115 2335 3356 2404 rigantes
3386 2331 3634 2388 excelsos

2057 2429 2240 2485 corde.

2134 2520 2296 2575 Vens.
2337 2521 2424 2575 16.
2478 2519 2881 2574 Saturabuntur
2930 2518 3073 2589 ligna
3108 2519 3320 2586 campi,
3366 2527 3473 2572 etc.
3531 2516 3634 2572 Hc-

2060 2613 2238 2665 bra'us
2272 2621 2450 2665 textus
2475 2649 2490 2673 ,
2525 2620 2579 2665 et
2612 2609 2802 2678 reliqui
2835 2649 2851 2674 ,
2901 2628 2919 2660 ι
2953 2608 3164 2663 Domini
3194 2646 3210 2671 ,
3252 2627 3271 2660 ι
3313 2619 3630 2676 posuerunt.

2057 2703 2352 2772 Postquam
2387 2703 2664 2759 recensuit
2702 2701 3004 2765 fructifera,
3034 2701 3340 2756 necessario
3367 2710 3635 2756 memorat

2056 2799 2220 2849 etiam
2256 2795 2616 2859 infructuosa,
2647 2794 2844 2864 quippe
2891 2809 3010 2863 qua:
3060 2795 3424 2848 necessarium
3459 2795 3633 2848 burni-

2058 2886 2215 2940 nibus
2243 2895 2297 2939 et
2326 2885 2440 2954 ipsa
2475 2885 2750 2954 pratbcant
2781 2899 2958 2939 usmn.
3012 2881 3306 2952 Propterea
3339 2891 3393 2936 et
3429 2901 3447 2934 ι
3485 2883 3631 2953 ligna

2057 2975 2270 3029 Domini
2297 2996 2316 3027 ι
2351 2979 2460 3044 ipsa
2494 2976 2804 3044 appellavit,
2834 2975 3032 3043 quippe
3053 2989 3174 3043 quae
3203 2983 3395 3041 Sponte
3420 2985 3630 3030 naturte

369 3071 709 3140 χειρόκμητα
737 3112 750 3136 ,
784 3069 919 3123 ἀλλὰ
958 3069 1035 3139 τῷ
1084 3069 1213 3138 θείῳ
1246 3069 1388 3138 λόγῳ
1429 3068 1839 3137 βλαστήσαντα·
1869 3069 1948 3122 διὸ

2057 3069 2399 3136 proveniant,
2425 3083 2522 3120 nec
2551 3082 2709 3118 manu
2737 3066 3110 3127 elaborentur,
3141 3065 3235 3117 sed
3257 3065 3444 3117 divino
3465 3067 3629 3121 verbc

369 3159 462 3211 καὶ
511 3160 825 3229 ἐπήγαγεν·
874 3179 891 3208 t
925 3161 989 3211 At
1038 3159 1220 3228 κέδροι
1267 3159 1362 3210 τοῦ
1411 3158 1643 3211 Λιϐάνου
1696 3159 1762 3221 ἃς
1812 3160 1946 3228 ἐφύ-

368 3263 588 3311 τευσας.
627 3268 645 3299 ι

445 3338 558 3393 Τοῦ
596 3339 803 3394 αὑτοῦ.
843 3341 1051 3412 Ὥσπερ
1090 3339 1206 3392 ἐστί
1241 3357 1364 3394 τινα
1392 3339 1522 3403 ξύλα
1553 3339 1647 3394 τοῦ
1691 3339 1949 3412 παραδεί-

371 3450 466 3487 σου
489 3473 503 3498 ,
532 3431 676 3486 οὕτω
703 3432 796 3485 καὶ
826 3430 957 3495 ξύλα
982 3430 1183 3484 πεδίου.

363 3536 367 3548 ‘
438 3525 630 3593 Πέτρα
666 3522 977 3593 καταφυγὴ
1012 3522 1136 3587 τοῖς
1176 3522 1648 3591 χοιρογρυλλίοις
1672 3561 1686 3584 ,
1719 3539 1774 3574 κ.
1806 3537 1859 3573 τ.
1896 3521 1943 3575 ὲ.

380 3617 438 3671 '0
475 3615 884 3688 χοιρογρυλλίον
920 3614 1059 3685 ἔχων
1100 3613 1434 3666 κατάστασιν
1465 3609 1830 3682 προσφυγέτω
1877 3612 1944 3680 τῇ

368 3710 710 3780 πνευματικῇ
736 3707 912 3778 πέτρα
937 3709 1002 3776 τῇ
1027 3703 1394 3775 ἀκολουθούσῃ
1424 3705 1482 3757 ὲν
1511 3705 1577 3774 τῇ
1610 3704 1821 3774 ἐρήμῳ,
1853 3701 1947 3755 καὶ

368 3798 661 3869 ποτιζούσῃ
691 3798 782 3850 τὸν
823 3795 1059 3867 Ἰσραήλ.

449 3893 504 3943 '0
533 3889 705 3957 ἣλιος
722 3888 875 3958 ἔγνω
903 3886 1018 3955 τὴν
1035 3886 1214 3939 δύσιν
1230 3882 1437 3950 αὑτοῦ,
1468 3900 1522 3936 κ.
1554 3900 1605 3935 τ.
1629 3883 1673 3936 ὲ.
1719 3882 1776 3935 Ὁ
1797 3881 1946 3951 ἥλιος

367 3985 466 4054 τῆς
489 3981 834 4053 δικαιοσύνης
870 3978 1010 4048 ἔγνω
1042 3977 1136 4032 νῦν
1168 3979 1293 4042 τοὺς
1317 3978 1374 4030 ὲν
1405 3973 1486 4040 οἷς
1517 3975 1604 4027 ἔδυ
1636 3974 1786 4029 ποτέ.

483 4075 816 4129 Ἀνέτειλεν
843 4075 875 4125 ό
907 4072 1080 4140 ἣλιος
1129 4070 1226 4123 καί
1259 4067 1694 4137 συνήχθησαν,
1729 4084 1780 4120 κ.
1809 4083 1860 4120 τ.
1893 4067 1941 4120 ὲ.

377 4167 464 4219 Ἐν
496 4162 576 4228 οἷς
618 4165 898 4218 ἀνατέλλει
925 4165 952 4215 ὁ
979 4163 1128 4234 ἥλιος
1170 4161 1271 4231 τῆς
1317 4159 1660 4229 δικαιοσύνης
1681 4199 1696 4222 ,
1729 4160 1786 4213 ἐν
1829 4157 1945 4212 τού-

364 4275 477 4320 τοις
509 4258 600 4311 uati.
620 4257 675 4308 αἱ
702 4256 890 4309 κακίαι
918 4255 1057 4308 κατὰ
1085 4253 1312 4324 δύναμιν
1342 4252 1696 4321 ὑπάρχουσιν.

457 4349 863 4412 Ἐξελεύσεται
907 4347 1212 4414 ἅνθρωπος
1251 4345 1348 4398 ἐπὶ
1388 4345 1451 4397 τὸ
1501 4345 1676 4412 ἔργον
1731 4343 1936 4407 αὐτοῦ,
1975 4384 2017 4438 D

363 4443 464 4499 καί
510 4442 607 4494 ἐπὶ
648 4439 762 4508 τὴν
789 4441 1075 4508 ἐργασίαν
1102 4438 1286 4493 αὑτοῦ
1325 4437 1435 4502 ἓως
1471 4437 1752 4503 ἑσπέρας,
1789 4453 1841 4487 κ.
1890 4452 1940 4488 τ.

365 4535 412 4586 ὲ.
453 4534 651 4604 Ἔργον
679 4529 774 4583 νῦν
803 4529 946 4598 λέγει
973 4528 1140 4598 αὐτὴν
1173 4528 1269 4598 τὴν
1305 4525 1452 4596 ὓληνθ
1464 4527 1591 4597 περὶ
1619 4525 1684 4596 ἣν
1716 4527 1749 4596 ἠ
1778 4526 1944 4596 ὲργα-

365 4624 483 4677 σία·
523 4621 785 4694 ἐργασίαν
825 4620 882 4673 δὲ
923 4619 1091 4690 αὐτὴν
1138 4619 1234 4690 τὴν
1285 4619 1480 4688 τέχνην
1528 4618 1625 4688 τὴν
1671 4619 1798 4689 περὶ
1846 4616 1945 4687 τὴν

365 4717 498 4786 ὓλην
528 4713 838 4784 γινομένην.

452 4805 610 4860 Ἐκεῖ
656 4804 871 4871 ἑρπετὰ
918 4796 1006 4856 ὧν
1049 4803 1159 4854 οὐκ
1211 4800 1382 4853 ἔστιν
1424 4799 1688 4869 ἀριθμὸς,
1728 4818 1781 4853 κ.
1815 4817 1864 4852 τ.
1897 4801 1944 4852 ὲ.

364 4898 485 4951 Τῶν
524 4895 766 4967 ἑρπετῶν
805 4893 1106 4964 ἀνθρώπων
1146 4893 1233 4946 διὰ
1273 4892 1370 4962 τὴν
1415 4892 1610 4944 κακίαν
1657 4892 1756 4944 οὐκ
1803 4891 1947 4944 ἔστιν

361 4988 619 5060 ἀριθμός·
657 5006 674 5038 ι
717 4989 772 5040 '0
807 4985 914 5058 γὰρ
960 4985 1227 5056 ἀριθμῶν,
1276 4984 1446 5055 φησὶ,
1492 4983 1670 5055 πλήθη
1709 4985 1944 5056 ἄστρων,

361 5083 456 5135 καὶ
486 5082 652 5132 πᾶσιν
679 5080 862 5141 αὐτοῖς
893 5078 1134 5147 ὀνόματα
1163 5075 1364 5129 καλῶν.
1414 5093 1434 5128 ›

444 5167 805 5234 Ἀντανελεῖς
830 5168 896 5220 τὸ
923 5167 1155 5236 πνεῦμα
1187 5165 1403 5233 αὐτῶν,
1432 5166 1527 5219 καὶ
1561 5165 1938 5235 ἑκλείψουσι,

361 5261 459 5315 καὶ
487 5264 570 5326 εἱς
603 5259 707 5313 τὸν
745 5258 896 5328 χοῦν
922 5258 1120 5311 αὐτῶν
1150 5256 1605 5325 ἐπιστρέφουσι,
1639 5274 1692 5309 κ.
1723 5273 1773 5309 τ.
1804 5259 1850 5310 ὲ.
1879 5258 1944 5310 Oi.

360 5353 715 5415 ἐκπίπτοντες
767 5350 859 5403 τοῦ
920 5349 1066 5421 παρά
1113 5348 1206 5401 τοῦ
1266 5349 1401 5402 Θεοῦ
1457 5348 1698 5411 δοθέντος
1759 5349 1940 5412 αὐτοῖς

361 5444 662 5514 πνεύματος
695 5443 931 5510 γίνονται
966 5441 1156 5513 χοϊκοί.

428 5639 468 5667 ⁷⁷
505 5636 603 5692 Job
637 5653 778 5698 sxw,
821 5635 870 5691 'i.
951 5636 993 5665 7“
1025 5633 1161 5689 Psal.
1202 5649 1378 5698 exul,
1420 5633 1432 5686 i

951 5636 993 5665 7“
1025 5633 1161 5689 Psal.
1202 5649 1378 5698 exul,
1420 5633 1460 5687 i.

2063 3159 2392 3223 germinent.
2428 3157 2786 3221 Quamobrem
2817 3156 2982 3210 etiam
3013 3154 3254 3209 addidit:
3295 3171 3315 3206 ι
3344 3156 3508 3211 Ccdri
3533 3155 3631 3212 Li-

2049 3247 2176 3301 bani
2211 3263 2346 3316 quas
2380 3247 2650 3316 plantasti.
2684 3265 2704 3299 ι

2123 3338 2394 3407 Ejusdem.
2429 3337 2894 3405 Quemadmodum
2921 3337 3167 3406 quazdam
3210 3339 3352 3412 ligna
3378 3349 3508 3395 sunt
3535 3354 3627 3411 pa-

2051 3429 2235 3493 radisi,
2266 3429 2344 3482 sic
2377 3429 2542 3482 etiam
2579 3439 2706 3482 sunt
2735 3427 2872 3497 ligna
2909 3429 3104 3497 campi.

2120 3520 2282 3574 Vsus.
2309 3520 2394 3576 18.
2429 3517 2592 3573 Petra
2624 3519 2883 3588 refugium
2918 3518 3221 3587 heriuaciis,
3253 3531 3360 3576 etc.
3399 3520 3498 3588 Qui
3529 3521 3632 3576 lteo'

2050 3612 2242 3666 riuacii
2281 3612 2446 3667 habet
2478 3611 2735 3676 indolem,
2770 3610 3046 3682 confugiat
3086 3614 3154 3666 ad
3188 3613 3488 3681 spiritalem
3522 3627 3614 3683 pe-

2050 3711 2186 3755 tram
2225 3712 2651 3772 consequentem
2685 3703 2738 3756 in
2769 3701 2984 3758 deserto
3015 3713 3070 3758 et
3121 3704 3385 3775 rigantem
3428 3703 3618 3761 Israel.

2119 3882 2283 3937 Vsus.
2329 3883 2414 3938 19.
2465 3883 2557 3938 Sol
2609 3885 2846 3953 cognovit
2886 3900 3127 3938 occasura
3169 3903 3346 3952 suum,
3391 3896 3498 3943 etc.
3531 3886 3624 3942 Sol

2039 3975 2267 4048 justitiu:
2299 3977 2448 4030 novit
2471 3991 2613 4029 nunc
2649 3992 2745 4031 eos
2772 3977 2824 4030 in
2857 3978 3056 4046 quibus
3083 3977 3373 4047 aliquando
3401 3979 3623 4036 occidit.

2117 4070 2280 4124 Vens.
2311 4068 2402 4122 22.
2435 4068 2594 4122 Ortus
2627 4078 2701 4121 est
2738 4069 2842 4134 sol,
2884 4078 2932 4122 et
2965 4072 3268 4140 congregati
3314 4082 3458 4137 sunt,
3511 4081 3617 4128 etc.

2045 4160 2099 4214 In
2143 4161 2342 4230 quibus
2382 4160 2544 4230 783
2591 4161 2836 4214 exoritur
2890 4160 2967 4214 sol
3006 4161 3276 4230 justitiaz,
3334 4163 3400 4219 iis
3451 4163 3616 4217 etiam

2045 4251 2260 4304 malitim
2292 4253 2588 4305 secundum
2626 4251 2877 4306 virtutem
2913 4253 3119 4306 insunt.

2113 4328 2290 4392 Vsus?
2311 4341 2400 4393 25.
2436 4339 2611 4393 Exibit
2638 4338 2791 4394 homo
2830 4342 2900 4393 ad
2929 4357 3056 4407 opus
3091 4357 3265 4404 suunt,
3300 4351 3346 4394 et
3387 4341 3455 4393 ad
3495 4357 3620 4409 ope-

2053 4432 2309 4483 rationem
2337 4447 2487 4483 suam
2519 4447 2678 4498 usque
2707 4433 2778 4482 ad
2807 4446 3094 4498 vesperum,
3129 4440 3236 4485 etc.
3286 4433 3432 4500 Opus
3479 4445 3620 4486 nunc

2055 4522 2336 4576 materiam
2368 4523 2508 4575 circa
2546 4539 2707 4591 quant
2735 4523 2977 4591 operatio
3014 4532 3292 4588 versatur;
3345 4524 3620 4592 Operatio-

2055 4627 2174 4666 ncm
2206 4622 2386 4666 autem
2415 4624 2567 4666 vocat
2597 4622 2765 4666 artem
2799 4628 2918 4682 qua:
2948 4615 3230 4666 materiam
3283 4612 3614 4683 aggreditur.

2121 4795 2285 4850 Vens.
2326 4796 2418 4853 23.
2444 4796 2564 4849 Illic
2597 4798 2806 4864 rapti/ia
2830 4812 3051 4864 quarunt
3087 4811 3191 4847 non
3221 4802 3296 4847 est
3344 4809 3613 4860 numerus,

2051 4897 2158 4944 etc.
2195 4889 2512 4958 Repentinus
2542 4888 2818 4941 hominum
2851 4894 3068 4956 propter
3110 4885 3370 4938 malitiam
3399 4901 3502 4939 non
3534 4894 3619 4940 est

2054 4999 2334 5038 numerus.
2365 5002 2383 5035 ι
2421 4983 2520 5050 Qui
2563 4992 2811 5036 numerat
2851 4982 3016 5047 enim,
3047 4981 3224 5050 inquit
3264 4981 3325 5042 ⁷⁸,
3375 4980 3611 5034 multitu-

2047 5076 2201 5131 dines
2230 5075 2532 5137 stellarum,
2559 5087 2613 5128 et
2645 5073 2894 5127 omnibus
2923 5073 3003 5126 eis
3028 5073 3245 5125 nomina
3272 5080 3445 5126 vocat.
3487 5089 3505 5122 ι

2118 5167 2282 5221 Vens.
2309 5166 2400 5221 29.
2430 5165 2650 5234 Auferes
2673 5165 2919 5232 spiritum
2967 5165 3201 5228 illorum,
3251 5173 3298 5217 et
3347 5163 3608 5231 deficient,

2048 5270 2094 5313 et
2129 5260 2180 5312 in
2207 5259 2470 5327 pulverem
2503 5275 2655 5311 suum
2686 5268 3030 5320 revertentur,
3081 5265 3188 5310 etc.
3233 5255 3334 5322 Qui
3367 5256 3548 5308 datum
3587 5275 3616 5313 ει

2053 5353 2162 5406 Deo
2195 5350 2326 5420 ipsis
2355 5349 2602 5418 spiritum
2625 5348 2899 5416 atnittont,
2935 5349 3067 5401 tiuut
3096 5345 3317 5401 terreni.
