4066 6236
466 232 603 288 1565

529 350 691 404 νεικε.
725 349 814 404 50.
848 344 1064 399 Entitles
1090 347 1333 413 spiritum
1361 351 1584 402 tttttm,et
1613 342 1954 404 creabantur,
1977 354 2022 394 et
2053 350 2096 402 Α

458 441 730 497 renovabis
763 438 948 506 [aciem
996 446 1171 500 terrre,
1207 445 1316 490 etc.
1363 433 1534 500 Quam
1565 441 1789 487 sanctus
1834 431 2032 486 Paulus

457 529 916 585 resurrectionem
967 534 1168 591 vocat,
1212 525 1354 579 hanc
1401 521 1569 576 David
1620 521 2029 577 renovationcm

457 618 766 675 appellavit.

564 634 766 675 enavit.

493 634 692 764 petens.
725 705 816 763 52.
853 707 957 773 Qui
1009 707 1182 778 tangit
1224 719 1442 773 montes,
1495 714 1544 761 et
1600 704 1884 775 fumigant,
1923 711 2028 758 etc.

1871 221 1956 277 EX
1986 220 2287 278 ORIGENE

3588 227 3746 282 1564

2209 339 2668 406 Ἐξαποστελεῖς
2703 340 2768 394 τὸ
2791 339 3026 410 πνεῦμά
3058 355 3197 406 σου,
3226 341 3322 397 καί
3355 341 3739 409 κτισθήσωει

2136 448 2248 492 ται,
2282 432 2380 484 καὶ
2411 430 2774 498 ἀνακαινιεῖς
2809 429 2876 485 τὸ
2919 431 3242 500 πρόσωπον
3267 432 3378 500 τῆς
3407 432 3539 503 γῆς,
3577 450 3636 486 κ.
3678 450 3737 488 τ.

2136 520 2183 572 ὲ.
2219 520 2320 572 Ἦν
2368 519 2578 583 Παῦλος
2615 521 2644 572 ὁ
2675 519 2828 588 ἅγιος
2865 519 3218 585 ἐξανάστασιν
3268 523 3478 594 εἴρηκε,
3505 519 3738 593 ταύτην

2137 608 2298 662 Δαυῒδ
2329 608 2720 680 ἀνακαινισμὸν
2755 608 3215 680 προσηγόρευσεν.

2220 699 2274 751 '0
2301 699 2635 769 ἁπτόμενος
2676 697 2794 752 τῶν
2829 699 3035 768 ὀρέων,
3079 699 3178 753 καὶ
3228 697 3632 763 καπνίζονται,
3661 715 3726 754 κ.

457 799 803 870 Fumigantes
857 807 1066 853 montes
1115 798 1374 867 abjiciunt
1433 795 1722 856 malitiam.
1775 804 2019 866 tangente

2136 801 2189 839 τ.
2226 786 2274 839 ὲ.
2327 786 2407 840 Τὰ
2449 785 2817 857 καπνιζόμενα
2864 787 2966 859 ὅρη
3004 787 3297 842 ἀποϐάλλει
3343 788 3439 860 τὴν
3489 788 3733 854 κακίαν,

457 893 580 948 illos
617 893 738 963 igne
769 892 1000 956 spiritali
1027 891 1119 962 qui
1151 891 1332 962 jactus
1355 899 1440 946 est
1472 891 1526 945 in
1558 897 1782 948 terram.

529 1071 688 1124 Vens.
748 1071 837 1126 '55.
896 1070 1154 1138 De/iciant
1203 1081 1498 1137 peccatores
1535 1085 1567 1122 a
1611 1077 1779 1134 terra,
1815 1079 1923 1122 etc.
1977 1065 2031 1120 Id

454 1171 537 1214 cst
567 1163 844 1226 desinant,
881 1175 985 1215 non
1012 1160 1228 1229 quidem
1261 1159 1582 1225 subsistere,
1615 1162 1707 1215 sed
1741 1163 1864 1213 esse
1902 1169 2031 1226 pec-

453 1263 693 1309 calores.

992 1423 1312 1481 PSALMUS
1350 1423 1488 1480 CIV.

523 1519 687 1575 Vens.
715 1519 772 1574 2.
807 1518 1042 1573 Narrate
1078 1517 1253 1572 omnia
1294 1517 1562 1571 mirabilia
1599 1517 1737 1586 ejns,
1780 1527 1889 1572 etc.
1923 1517 2028 1584 Qui

448 1627 664 1666 onmem
710 1611 997 1666 scientiam
1032 1609 1126 1663 Dei
1173 1609 1273 1663 sibi
1320 1609 1677 1679 comparavit,
1713 1608 1760 1664 is
1802 1623 2030 1665 narrare

450 1711 629 1771 potest
650 1703 832 1756 omnia
865 1699 1132 1753 mirabilia
1157 1700 1292 1768 ejus.

523 1792 682 1845 Vens.
731 1791 786 1844 4.
842 1789 1076 1855 Quaerite
1125 1789 1429 1855 Dominum,
1477 1797 1586 1843 etc.
1634 1787 1738 1856 Qui
1773 1790 2024 1845 mandata

450 1881 541 1936 Dei
574 1881 910 1951 exsequitur,
937 1880 1024 1935 hic
1052 1880 1244 1950 quaerit
1277 1893 1422 1933 eum.

519 1973 645 2026 luto.
681 1971 916 2037 Quterite
945 1970 1132 2041 faciem
1167 1970 1282 2040 ejus
1311 1985 1536 2038 semper,
1579 1978 1687 2026 etc.
1729 1968 1883 2025 lianc
1939 1969 2012 2024 fa-

448 2061 583 2118 ciem
611 2077 856 2132 quaerere
876 2077 974 2118 nos
993 2061 1166 2133 jubet,
1189 2075 1354 2132 quam
1378 2062 1552 2133 angeli
1577 2077 1794 2134 semper
1817 2063 2021 2118 vident.

521 2241 680 2296 Vens.
714 2241 766 2297 6.
800 2241 988 2297 Semen
1014 2241 1280 2297 Abraham
1308 2243 1440 2298 servi
1482 2242 1617 2308 eius,
1663 2254 1770 2298 etc.
1823 2241 1924 2310 Qui
1951 2256 2021 2298 ex

443 2337 650 2391 stamine
677 2346 802 2389 sunt
831 2336 1081 2399 Abrahae,
1106 2334 1307 2389 virtute
1333 2346 1458 2390 sunt
1487 2335 1667 2390 electi.

517 2426 679 2481 Vens.
706 2426 759 2480 8.
789 2426 992 2481 Memor
1033 2425 1221 2495 fuitin
1265 2427 1523 2482 sweulum
1575 2426 1872 2482 testamenti
1913 2426 2020 2490 sui,

445 2518 585 2572 verbi
613 2520 753 2588 quod
789 2518 1060 2572 mandavit
1091 2519 1146 2571 in
1173 2519 1318 2572 mille
1337 2517 1721 2587 generationes,
1743 2527 1852 2572 etc.
1879 2515 2022 2571 Mille

445 2609 821 2677 generationes
876 2609 966 2662 alii
1017 2609 1240 2678 quidem
1292 2608 1554 2677 plurimas
1607 2608 1783 2676 ipsum
1834 2607 2019 2661 dicere

443 2700 823 2766 genuerat‘ones
867 2707 1147 2768 putarunt,
1198 2699 1290 2754 alii
1334 2713 1463 2755 vero
1491 2713 1585 2754 eas
1617 2713 1738 2768 qua:
1780 2698 1882 2753 hoc
1915 2713 2018 2752 nu-

447 2804 596 2843 tnero
625 2789 1030 2844 describuntur.

514 2880 679 2938 Vens.
707 2885 792 2937 ll.
841 2881 1028 2936 Dieens
1059 2896 1078 2937 :
1113 2881 1228 2935 Tibi
1275 2882 1415 2936 dabo
1469 2890 1662 2936 terram
1721 2878 2014 2943 Chanaan,

442 2973 739 3042 funiculum
767 2974 1093 3029 ha'retlitatis
1124 2983 1327 3039 vestra,
1354 2985 1466 3030 etc.
1505 2975 1650 3029 Ante
1681 2973 1886 3029 Christi
1921 2974 2017 3028 ad-

441 3075 661 3120 ventum
693 3067 902 3121 animas
937 3078 1158 3124 nostras
1189 3069 1538 3138 possidebant
1565 3067 1886 3124 Chananazi.
1914 3083 2016 3123 nec

440 3157 691 3212 sinebant
719 3172 820 3212 nos
847 3157 1057 3216 fructus
1089 3161 1360 3229 spiritales
1391 3160 1557 3216 l‘erre.

517 3249 675 3304 Vens.
707 3250 794 3304 14.
822 3249 944 3306 Non
973 3253 1182 3323 reliquit
1210 3253 1470 3308 hominem
1527 3268 1713 3308 nocere
1750 3268 1851 3319 ets,
1903 3262 2018 3308 etc.

441 3339 577 3395 llinc
614 3342 996 3412 cognoscimus
1026 3344 1093 3400 iis
1121 3344 1319 3416 quibus
1368 3352 1564 3400 nocent
1604 3343 1876 3410 homines,
1905 3342 2015 3398 Deo

439 3433 744 3494 deserente.
783 3435 990 3490 noceri.

507 3524 674 3596 784
709 3524 871 3581 Vens.
943 3527 1029 3582 15.
1066 3525 1248 3580 Nolite
1306 3536 1520 3592 tangere
1577 3529 1800 3582 ehristos
1848 3543 2012 3592 meos,

437 3626 540 3670 etc.
567 3616 631 3670 Hi
655 3616 844 3671 christi
880 3618 972 3688 qui
999 3617 1205 3673 Citriin
1240 3627 1366 3673 sunt
1418 3619 1732 3689 participes,
1761 3619 2013 3673 dicuntur

436 3707 659 3773 christi;
691 3706 943 3763 Christus
969 3723 1101 3764 vero
1129 3707 1303 3764 Patris
1325 3709 1598 3778 particeps
1626 3709 1830 3764 dicitur
1851 3710 2013 3765 Chri-

437 3807 578 3852 stus.
615 3799 890 3854 Christum
941 3815 1071 3856 vero
1101 3799 1388 3855 Dominum
1437 3799 1562 3855 dico
1612 3799 1703 3869 qui
1745 3815 1868 3855 cum
1916 3800 2010 3856 Dci

439 3889 616 3945 Verbo
642 3892 879 3945 advenit.

508 3982 672 4037 Vens.
721 3982 815 4037 24.
847 3983 917 4038 Et
976 3984 1207 4054 ﬁrmarit
1235 4002 1356 4040 eum
1401 4001 1556 4054 super
1599 3985 1840 4039 inimicos
1869 3983 2008 4053 ejus,

434 4085 541 4128 etc.
573 4074 790 4142 Absque
814 4075 1012 4130 virtute
1040 4089 1094 4132 et
1121 4076 1349 4132 scientia
1399 4076 1490 4132 Dei
1523 4091 1682 4132 nemo
1713 4076 1804 4129 lict
1836 4075 2008 4130 hosti-

434 4163 536 4218 bus
568 4165 841 4233 superior.

510 4252 670 4309 Vens.
723 4256 813 4309 51.
850 4255 1020 4321 Dixit,
1074 4265 1123 4310 et
1156 4255 1298 4310 venit
1330 4256 1631 4327 cynomyia,
1680 4265 1790 4311 etc.
1823 4255 2004 4326 Cyno-

438 4344 638 4414 myiam
679 4347 883 4400 llebrtei
919 4345 1342 4416 interpretantur
1383 4331 1794 4401 multitudinea?
1827 4346 2006 4400 omnis

434 4438 651 4504 generis
711 4439 1004 4505 agrestium
1061 4449 1119 4493 et
1165 4441 1575 4496 carnivororum
1637 4438 2002 4505 animalium;

432 4525 606 4584 Graeci
649 4541 775 4582 vero
819 4529 1156 4599 cynotnyiatn
1191 4532 1378 4588 dicunt
1419 4533 1569 4588 canis
1601 4531 1852 4587 latrantis
1891 4545 2007 4585 mu-

435 4637 521 4675 sca
532 4635 603 4676 m.

509 4713 668 4766 Vens.
698 4712 786 4767 53.
821 4712 888 4767 Et
922 4715 1176 4783 percussit
1207 4714 1382 4769 vineas
1421 4731 1624 4780 eorum,
1651 4723 1758 4770 etc.
1799 4715 1875 4770 De
1924 4712 2004 4767 vi-

433 4819 530 4858 nea
557 4804 700 4858 enim
729 4804 1089 4860 Sodomorum
1116 4816 1274 4860 erant.
1320 4805 1490 4861 vinem
1516 4820 1733 4870 eorum,
1782 4816 1840 4860 et
1887 4820 2005 4860 sar-

435 4905 614 4948 menta
647 4909 836 4949 eorum
869 4910 934 4950 ex
959 4895 1262 4953 Gomorrha
1284 4898 1354 4954 τ’.

504 4985 667 5044 Vens.
718 4987 807 5041 54.
839 4986 1009 5054 Dixit,
1057 5001 1106 5043 et
1163 4989 1299 5044 venit
1351 4989 1582 5057 locusta,
1629 4998 1739 5048 etc.
1769 4989 2005 5045 Locusta

432 5077 547 5132 lucc
582 5078 819 5134 comedit
845 5093 1028 5134 semen
1061 5079 1283 5135 malum.

983 5259 1205 5316 PSALM
1217 5261 1301 5318 US
1337 5261 1448 5321 CV.

500 5347 666 5406 Vens.
699 5351 755 5406 8.
787 5350 853 5405 Et
888 5352 1112 5406 saluauit
1139 5369 1226 5408 eos
1259 5361 1471 5423 propter
1515 5371 1703 5410 nomen
1745 5372 1920 5420 suum,
1949 5367 2001 5409 ut

433 5452 609 5496 nutant
635 5443 829 5511 faceret
857 5446 1143 5512 potentiam
1176 5461 1346 5511 suam,
1373 5454 1475 5503 etc.
1509 5446 1798 5518 Propterea
1827 5447 2000 5504 salvat

503 5609 546 5639 "
576 5612 732 5669 Deut.
770 5630 941 5687 xxxii,
972 5617 1060 5678 32.

2137 877 2441 948 ἁπτομένου
2485 877 2663 932 αὐτῶν
2695 877 2788 932 τοῦ
2833 878 3206 951 πνευματικοῦ
3241 878 3412 952 πυρὸς
3449 879 3548 933 τοῦ
3585 878 3735 951 βλη-

2130 969 2315 1034 Θέντος
2352 969 2446 1023 ἐπὶ
2474 969 2574 1042 τὴν
2605 969 2729 1040 γῆν.

2214 1061 2636 1116 Ἐκλείποισαν
2661 1060 2994 1131 ἁμαρτωλοί
3022 1060 3143 1115 ἀπὸ
3187 1059 3299 1130 τῆς
3328 1059 3462 1130 γῆς,
3489 1078 3546 1114 κ.
3575 1076 3629 1114 τ.
3665 1058 3726 1116 ι.

2129 1153 2265 1223 Οὑχὶ
2297 1153 2371 1224 μὴ
2405 1152 2671 1224 ὑπάρχειν
2697 1153 2919 1217 αὐτοὺς,
2943 1151 3081 1206 ἀλλὰ
3119 1153 3196 1225 μὴ
3222 1153 3487 1225 ὑπάρχειν
3509 1152 3726 1216 αὑτοὺς

2130 1242 2507 1314 ἁμαρτωλούς.

2699 1419 2995 1473 ΨᾹΛΜΟΣ
3037 1421 3152 1474 ΡΔ’.

2199 1510 2576 1581 Διηγὴσασθε
2599 1508 2797 1563 πάντα
2823 1510 2894 1565 τὰ
2920 1511 3219 1581 θαυμάσια
3245 1513 3451 1577 αὐτοῦ,
3481 1531 3533 1568 κ.
3575 1533 3631 1570 τ.
3661 1520 3728 1572 ἑ.

2141 1603 2200 1654 Ὁ
2222 1602 2560 1672 κτησάμενος
2579 1602 2759 1654 πᾶσαν
2775 1600 2871 1672 τὴν
2893 1601 3092 1670 γνῶσιν
3115 1602 3214 1674 τὴν
3241 1603 3336 1656 τοῦ
3375 1604 3530 1669 Θεοῦ,
3555 1599 3727 1670 οὗτος

2127 1693 2353 1748 δύναται
2383 1691 2686 1762 διηγεῖσθαι
2713 1692 2891 1746 πάντα
2916 1692 2985 1746 τὰ
3009 1692 3287 1765 Θαυμάσια
3309 1695 3492 1749 αὑτοῦ.

2196 1783 2512 1852 Ζητήσατε
2555 1783 2664 1836 τὸν
2696 1783 2935 1852 Κύριον,
2979 1801 3036 1838 κ.
3079 1802 3132 1838 τ.
3183 1787 3229 1840 ὲ.
3277 1786 3334 1840 '0
3368 1786 3464 1852 τὰς
3491 1788 3726 1853 ἐντολὰς

2125 1876 2296 1930 ποιῶν
2327 1875 2421 1930 τοῦ
2451 1874 2610 1939 Θεοῦ,
2651 1867 2807 1938 οὗτος
2845 1875 2999 1946 ζητεῖ
3026 1877 3210 1933 αὐτόν.

2195 1966 2504 2035 Ζητήσατε
2534 1968 2600 2021 τὸ
2632 1969 2958 2037 πρόσωπον
2985 1968 3173 2024 αὑτοῦ
3201 1968 3542 2038 διαπαντὸς,
3566 1988 3628 2025 κ.
3658 1988 3720 2027 τ’.

2124 2057 2174 2112 ὲ.
2205 2057 2376 2111 Τοῦτο
2403 2057 2550 2126 λέγει
2577 2059 2638 2112 τὸ
2667 2059 2956 2130 πρόσωπον
2983 2059 3164 2132 ζητεῖν
3191 2062 3359 2133 ἡμᾶς,
3381 2063 3517 2136 ὅπερ
3533 2065 3583 2115 οἱ
3613 2065 3724 2134 ἆγ-

2038 2199 2042 2204 ,
2124 2149 2274 2219 γελοι
2305 2148 2561 2219 βλέπουσι
2581 2149 2894 2215 διαπαντός.

2154 2297 2160 2304 ,
2189 2242 2436 2310 Σπέρμα
2468 2241 2714 2311 Ἀϐραὰμ
2755 2241 2964 2300 δοῦλοι
3015 2243 3223 2310 αὐτοῦ,
3257 2263 3310 2298 κ.
3349 2263 3399 2302 τ.
3435 2246 3484 2300 έ.
3511 2248 3574 2300 Ol
3613 2245 3719 2300 τοῦ

2123 2331 2436 2404 σπέρματος
2453 2331 2604 2395 ὄντες
2619 2331 2714 2386 τοῦ
2741 2332 3012 2406 Ἁϐραάμ,
3033 2335 3260 2408 δυνάμει
3285 2338 3420 2392 εἰσιν
3441 2339 3718 2396 ἐκλεκτοί.

2205 2419 2511 2489 Ἐμνήσθη
2534 2421 2621 2486 είς
2641 2420 2749 2475 τὸν
2766 2421 2952 2478 αἰῶνα
2968 2423 3263 2495 ,διαθήκης
3287 2427 3498 2492 αὐτοῦ,
3519 2429 3712 2498 λόγου

2120 2503 2193 2565 οὗ
2219 2509 2554 2564 ἐνετείλατο
2582 2512 2670 2577 είς
2705 2512 2908 2582 χιλίας
2931 2514 3162 2584 γενεὰς,
3198 2532 3253 2570 κ.
3293 2533 3347 2570 τ.
3390 2518 3439 2572 ὲ.
3478 2517 3588 2581 Τὰς
3633 2537 3715 2588 χι-

2095 2600 2243 2665 λίας
2269 2601 2463 2669 γενεὰς
2491 2603 2540 2656 οἱ
2583 2601 2683 2673 μὲν
2719 2602 2820 2668 τὰς
2859 2603 3061 2670 πολλὰς
3103 2607 3264 2663 αὑτὸν
3295 2607 3474 2677 λέγειν
3513 2610 3707 2678 γενεὰς

2120 2691 2401 2762 ἐνόμισαν,
2432 2694 2482 2748 ol
2506 2693 2565 2748 δὲ
2590 2693 2688 2760 τὰς
2716 2695 2823 2750 ὑπὸ
2845 2695 3036 2752 τούτου
3057 2698 3152 2753 τοῦ
3173 2699 3407 2772 ἀριθμοῦ
3441 2718 3708 2774 περιγρα-

2050 2781 2093 2840 C
2127 2785 2390 2857 φομένας.

2188 2876 2390 2946 Aerem
2407 2893 2422 2907 '
2455 2877 2556 2933 Σοὶ
2583 2877 2755 2934 δώσω
2781 2879 2896 2950 τὴν
2922 2882 3040 2953 γῆν
3081 2885 3346 2949 Χαναὰν,
3375 2884 3708 2955 σχοίνισμα

2119 2968 2522 3037 κληρονομίας
2567 2968 2770 3040 ὑμῶν,
2819 2989 2874 3026 κ.
2917 2990 2969 3026 τ.
3013 2974 3061 3027 έ.
3097 2973 3214 3047 Πρὸ
3261 2975 3361 3045 τῆς
3406 2974 3702 3046 ἐπιδημίας

2118 3057 2354 3128 Χριστοῦ
2377 3061 2426 3113 οἱ
2464 3061 2758 3116 Χαναναῖοι
2799 3066 3050 3136 κατεῖχον
3082 3065 3239 3136 ἡμῶν
3264 3068 3363 3131 τὰς
3395 3065 3580 3137 ψυχὰς,
3614 3067 3695 3138 μὴ

2118 3148 2317 3214 ἐῶντες
2347 3152 2496 3222 ἡμᾶς
2523 3155 2768 3225 καρποὺς
2807 3156 3059 3228 ἐκφέρειν
3086 3157 3504 3227 πνευματικῶς.

2189 3242 2311 3296 Οὐκ
2346 3243 2584 3312 ἀφῆκεν
2615 3245 2929 3315 ἄνθρωπον
2967 3247 3252 3316 ἀδικῆσαι
3284 3248 3527 3315 αὐτοὺς,
3551 3266 3604 3301 κ.
3641 3268 3694 3303 τ.

2115 3331 2164 3385 ὲ.
2211 3333 2488 3388 Ἐντεῦθεν
2513 3335 2878 3408 γινώσκομεν,
2907 3339 2989 3393 ὅτι
3015 3339 3064 3392 οί
3101 3338 3442 3410 ἀδικούμενοι
3479 3339 3583 3393 ὑπὸ
3603 3341 3700 3394 ἁν-

2115 3422 2348 3495 Θρώπων
2377 3427 2498 3482 κατ’
2521 3429 2907 3499 ὲγκατάλειψιν
2934 3430 3246 3485 ἀδικοῦνται
3271 3431 3430 3486 Θεοῦ.

2187 3512 2283 3582 Μὴ
2317 3513 2576 3570 ἅπτεσθε
2628 3515 2747 3570 τῶν
2785 3516 3051 3593 χριστῶν
3086 3536 3227 3588 μου,
3270 3535 3325 3571 κ.
3356 3536 3410 3571 τ.
3452 3518 3501 3570 έ.
3543 3512 3699 3572 Οὗτοι

2113 3605 2164 3657 οἱ
2193 3604 2404 3676 χριστοὶ
2424 3605 2663 3676 Χριστοῦ
2697 3608 3012 3679 μετέχοντες
3040 3607 3289 3678 λέγονται
3326 3609 3562 3681 χριστοί·
3585 3609 3613 3661 ὁ
3639 3607 3700 3662 δὲ

2116 3693 2349 3766 Χριστὸς
2371 3692 2466 3747 τοῦ
2500 3693 2713 3768 Πατρδς
2752 3695 2993 3766 μετέχων
3037 3695 3253 3764 λέγεται
3290 3695 3543 3767 Χριστός.
3567 3695 3702 3765 Χρι-

2115 3784 2240 3836 στὸν
2271 3783 2328 3837 δέ
2355 3801 2499 3856 φημι
2523 3785 2615 3839 τὸν
2645 3785 2786 3856 μετὰ
2813 3785 2909 3840 τοῦ
2931 3785 3067 3840 Θεοῦ
3091 3785 3266 3856 Λόγου
3287 3787 3702 3859 ἐπιδημήσαντα

2113 3873 2340 3947 Κύριον.

2181 3964 2293 4018 Kal
2319 3965 2722 4034 ἐκραταίωσεν
2755 3966 2943 4022 αὐτὸν
2969 3967 3121 4037 ὑπὲρ
3151 3967 3293 4034 τοὺς
3313 3965 3562 4037 ἐχθροὺς
3585 3967 3695 4018 αὑ-

2113 4055 2242 4118 τοῦ,
2277 4071 2332 4109 κ.
2366 4072 2418 4109 τ.
2462 4057 2508 4108 ἐ.
2540 4055 2722 4127 Χωρὶς
2754 4057 2955 4128 ἀρετῆς
2993 4057 3086 4109 καὶ
3123 4056 3372 4125 γνώσεως
3412 4052 3544 4107 Θεοῦ
3587 4053 3690 4104 οὑκ

2039 4123 2088 4182 D
2112 4145 2178 4201 ἄν
2209 4162 2292 4209 τις
2323 4145 2530 4214 γένοιτο
2557 4123 2665 4199 τῶν
2696 4123 2920 4219 ἐχθρῶν
2939 4123 3299 4221 ἰσχυρότερος.

2181 4233 2330 4290 Εἷπε
2357 4237 2454 4291 καὶ
2483 4233 2628 4308 ἦλθε
2649 4239 2966 4308 κυνάμυια,
2998 4257 3052 4293 κ.
3083 4258 3132 4293 τ.
3168 4241 3213 4293 ὲ.
3245 4237 3357 4310 Τὴν
3395 4237 3689 4308 κυνόμυιαν

2109 4329 2159 4381 οῖ
2214 4329 2451 4400 Ἑϐραῖοι
2500 4330 2862 4402 ἐρμηνεύουσι
2909 4331 3109 4402 πλῆθος
3165 4334 3447 4405 πάμμιγον
3486 4333 3690 4405 ἀγρίων

2111 4422 2206 4475 καὶ
2241 4423 2587 4494 σαρκοϐόρων
2621 4423 2824 4495 Θηρίων
2845 4441 2858 4454 ⁸
2890 4424 2940 4478 οἱ
2973 4424 3030 4478 δὲ
3057 4425 3316 4496 Ἕλληνες
3347 4425 3559 4494 λέγουσι
3595 4443 3689 4478 κυ-

2109 4512 2338 4583 νόμυιαν
2366 4512 2462 4584 τὴν
2488 4514 2582 4568 τοῦ
2599 4513 2776 4578 ,κυνὸς
2805 4514 2900 4569 τοῦ
2934 4515 3291 4582 ὑλακτοῦντος
3322 4521 3503 4589 μυῖαν.

2179 4713 2286 4768 Kal
2316 4713 2576 4781 ἐπάταξε
2625 4720 2732 4788 τὰς
2748 4718 3056 4792 ἀμπέλους
3072 4722 3303 4785 αὐτῶν,
3329 4737 3382 4774 κ.
3418 4736 3468 4776 τ.
3512 4719 3558 4772 ὲ.
3598 4720 3692 4772 Ἐκ

2104 4804 2214 4876 γάρ
2245 4804 2490 4875 ἀμπέλου
2524 4805 2771 4876 Σοδόμων
2817 4802 2957 4877 ἦσαν
3006 4809 3062 4860 αἱ
3100 4807 3335 4878 ἄμπελοι
3366 4808 3563 4876 αὑτῶν,
3597 4808 3692 4863 καὶ

2107 4895 2165 4948 αἱ
2194 4894 2522 4965 κληματίδες
2552 4896 2730 4950 αὐτῶν
2761 4898 2825 4950 ὲκ
2854 4898 2893 4949 Γ
2895 4898 3156 4970 ομόρῤας.

2179 4982 2349 5051 Eine,
2389 4987 2487 5041 καί
2517 4984 2704 5059 ἦλθεν
2731 4988 2921 5056 ἀκρίς,
2973 5007 3028 5044 κ.
3063 5007 3112 5043 τ.
3151 4991 3199 5046 ὲ.
3247 4992 3311 5046 Ἡ
3343 4993 3506 5065 ἀκρὶς
3551 4991 3688 5065 αὕτη

2117 5079 2393 5133 κατεσθίει
2426 5081 2486 5134 τὸ
2521 5081 2743 5153 σπέρμα
2773 5081 2834 5136 τὸ
2859 5082 3115 5154 πονηρόν.

2673 5266 2817 5320 ΨΑΛ
2825 5267 2963 5320 MOE
2994 5268 3116 5321 PE'.

2179 5355 2289 5412 Kal
2315 5355 2549 5411 ἔσωσεν
2573 5357 2794 5424 αὐτοὺς
2804 5357 3016 5412 ἕνεκεν
3041 5357 3147 5411 τοῦ
3163 5357 3455 5427 ὀνόματος
3481 5359 3684 5424 αὐτοῦ,

2108 5447 2213 5503 τοῦ
2249 5449 2530 5518 γνωρίσαι
2567 5447 2676 5519 τὴν
2709 5448 3075 5506 δυναστείαν
3101 5448 3309 5520 αὐτοῦ,
3343 5467 3394 5504 κ.
3428 5467 3478 5506 τ.
3511 5451 3562 5507 ὲ.
3593 5451 3686 5505 Διὶ
