4066 6236
396 230 533 287 1563

1388 217 1700 282 δΕιΕοΤΑ
1739 225 1807 283 ΙΝ
1845 225 2185 283 PSALMOS.
2221 255 2294 270 —
2329 226 2521 282 PSAL.
2561 224 2696 282 CVI.

3517 231 3652 288 1566

391 347 548 401 τοῦτο
591 345 750 412 σώζει
800 348 946 418 ἡμᾶς
989 345 1016 398 ὁ
1066 348 1292 418 Κύριος,
1333 345 1422 402 ἵνα
1460 348 1658 417 γνῶσιν
1710 351 1840 423 ἡμῖν
1877 351 1962 422 τῆς

2081 365 2177 406 nos
2206 350 2464 406 Dominus
2515 360 2573 406 ut
2626 347 2987 421 cognitionem
3041 350 3196 407 nobis
3241 353 3490 422 potentia:
3536 369 3651 408 sua:

391 438 708 502 δυναστείας
732 439 902 493 αὐτοῦ
928 439 1243 510 χαρίσηται.

460 527 566 598 Εἷς
582 531 653 595 ἐξ
685 531 882 584 αὐτῶν
912 533 1025 600 οὐχ
1055 531 1408 600 ὑπελείφθη,
1440 548 1494 586 κ.
1527 549 1578 585 τ.
1614 533 1660 585 ὲ.
1693 531 1978 604 Μακάριος

391 613 568 687 οὗτος,
595 617 640 692 ᾧ
668 623 853 694 μηδεὶς
879 621 989 676 τῶν
1023 622 1234 694 ἐχθρῶν
1263 623 1631 678 ὑπολείπεται.

471 717 593 783 Οὐκ
629 715 961 794 ᾥπέμειναν
992 713 1104 782 τὴν
1125 713 1369 782 ,βουλὴν
1399 716 1608 780 αὐτοῦ,
1639 717 1732 769 καὶ
1767 715 1976 769 ἐπεθύ-

391 823 597 879 μησαν
619 807 943 876 ἐπιθυμίαν
969 806 1038 858 ἐν
1066 804 1138 874 τῇ
1165 806 1380 875 ἐρήμῳ,
1425 825 1481 861 κ.
1526 825 1578 862 τ.
1621 809 1668 861 ὲ.
1705 808 1818 862 Οὐκ
1855 807 1977 861 ἀνέ-

395 914 585 968 μειναν
615 898 714 969 τὴν
734 898 893 969 χάριν
922 897 1106 959 αὑτοῦ,
1139 897 1253 951 ἀλλ’
1292 897 1614 952 ἐπελάθοντο
1655 899 1763 954 τῶν
1797 899 1974 972 ἔργων

393 987 559 1041 αὐτοῦ
599 988 692 1042 καὶ
721 987 1257 1062 ἐπεθύμησανλὲῆπιθυ
1267 989 1394 1058 μίαν
1423 991 1620 1061 κακήν.

463 1081 574 1135 Καὶ
610 1080 956 1151 ἠλλάξαντο
987 1080 1104 1149 τὴν
1129 1081 1318 1146 δόξαν
1343 1081 1542 1136 αὐτῶν
1567 1083 1638 1135 ἐν
1661 1081 1975 1152 ὁμοιώματι

390 1173 626 1240 μόσχου
670 1172 979 1238 ἐσθίοντος
1007 1172 1241 1240 χόρτον,
1282 1190 1337 1227 κ.
1378 1190 1431 1227 τ.
1469 1174 1515 1226 ἐ.
1554 1173 1620 1234 ΟΞ.
1663 1172 1975 1238 δοξάζοντες

392 1265 598 1334 κτίσμα
624 1263 775 1336 παρὰ
803 1263 894 1318 τὸν
924 1266 1206 1328 κτίσαντα,
1236 1256 1380 1320 οὗτοι
1411 1265 1735 1320 ἀλλάσσουσι
1761 1264 1858 1336 τὴν
1891 1265 1976 1318 δό-

395 1353 491 1420 ξαν
509 1355 707 1410 αὐτῶν.
731 1375 749 1407 ι
783 1357 892 1410 Καὶ
916 1356 1172 1426 ἤλλαξαν,
1199 1356 1362 1428 φησὶν
1386 1357 1414 1410 ὁ
1447 1356 1678 1421 Παῦλος,
1695 1357 1793 1426 τὴν
1817 1355 1974 1420 δόξαν

390 1445 484 1498 τοῦ
511 1446 788 1519 ἀφθάρτου
819 1447 953 1501 Θεοῦ
981 1451 1039 1501 ἐν
1071 1447 1375 1519 ὁμοιώματι
1398 1447 1638 1518 φθαρτοῦ
1661 1447 1970 1520 ἀνθρώπου,

391 1540 486 1593 καὶ
520 1539 803 1601 πετεινῶν,
835 1539 927 1593 καὶ
955 1539 1318 1610 τετραπόδων,
1350 1540 1446 1594 καὶ
1475 1540 1744 1612 ἑρπετῶν.
1779 1559 1798 1592 ι

2081 444 2361 513 largiatur.

2150 536 2315 590 Vens.
2345 537 2430 589 Η.
2456 530 2604 590 Unus
2631 549 2696 590 ex
2719 534 2794 589 eis
2821 549 2925 588 non
2978 533 3253 600 remansit,
3287 543 3396 590 ctc.
3455 533 3652 592 Beatus

2076 626 2166 682 ille
2187 627 2274 682 cui
2305 627 2483 681 nullus
2519 626 2862 681 inimicorum
2905 625 3190 680 remansit.

2148 717 2313 774 Vens.
2349 719 2529 781 ιλιι.
2564 716 2686 772 Non
2715 718 3075 772 sustinuerunt
3115 714 3393 770 consilium
3431 715 3566 785 ejus,
3597 723 3649 770 et

2076 808 2449 879 concupierunt
2491 808 2964 872 concupiscentiam
3005 807 3060 860 in
3113 805 3340 867 deserto,
3388 815 3496 860 etc.
3531 804 3646 860 Non

2075 907 2533 968 exspectaverunt
2565 907 2798 964 gratiam
2830 894 2969 963 ejus,
3023 895 3116 950 sed
3165 894 3321 951 obliti
3353 904 3479 950 sunt
3523 909 3649 965 ope-

2074 1002 2193 1042 rum
2226 987 2364 1056 ejus,
2393 997 2446 1044 et
2471 987 2866 1052 concupierunt
2888 987 3390 1056 concupiscentiam
3428 986 3643 1042 malam.

2144 1077 2305 1131 Vens.
2338 1077 2432 1131 20.
2461 1076 2527 1130 Et
2567 1083 2902 1130 mutaverunt
2932 1076 3156 1146 gloriam
3182 1093 3335 1131 suam
3368 1078 3421 1130 in
3452 1076 3642 1131 simil’-

2071 1170 2304 1222 tudinem
2331 1168 2481 1223 vituli
2523 1169 2838 1223 comedenlis
2898 1169 3098 1235 fenum,
3135 1177 3242 1223 etc.
3292 1168 3392 1232 Oui
3443 1168 3649 1238 gloriﬁ-

2074 1270 2201 1314 cant
2226 1270 2536 1316 creaturam
2564 1269 2761 1330 praeter
2809 1260 3148 1325 Creatorem,
3208 1259 3265 1314 hi
3299 1269 3647 1313 mutaverunt

2075 1353 2300 1423 gloriam
2337 1367 2511 1407 suam.
2552 1371 2571 1404 ι
2605 1351 2670 1405 Et
2720 1359 3088 1418 mutaverunt,
3138 1350 3316 1422 inquit
3357 1350 3555 1406 Paulus
3577 1351 3644 1416 ⁸⁸,

2073 1444 2298 1514 gloriam
2333 1441 2760 1512 incorruptibilis
2791 1441 2882 1495 Dei
2925 1441 2978 1494 in
3005 1441 3414 1496 similitudinem
3458 1456 3647 1496 corru-

2071 1532 2274 1602 ptibilis
2299 1531 2556 1597 hominis,
2601 1540 2660 1586 et
2691 1531 2995 1596 volucrum,
3028 1540 3080 1586 et
3133 1531 3565 1601 quadrupedum,
3592 1539 3648 1586 ct

2071 1623 2428 1692 Serpentium.
2467 1642 2487 1675 ι

461 1716 568 1771 Kal
610 1713 739 1771 εἶπε
777 1717 882 1772 τοῦ
918 1718 1343 1787 ἐξολοθρεῦσαι
1373 1721 1614 1788 αὐτοὺς,
1649 1739 1704 1776 κ.
1738 1739 1790 1776 τ.
1821 1723 1868 1776 ἐ.
1905 1722 1962 1776 Ἦ

2149 1713 2308 1769 Vens.
2331 1715 2423 1769 25.
2452 1713 2523 1768 Et
2549 1714 2682 1768 dixit
2713 1723 2771 1767 ut
2800 1713 3124 1784 disperderet
3151 1731 3258 1780 eos,
3292 1723 3401 1770 etc.
3456 1713 3646 1770 Perdi-

390 1809 757 1880 ὲξολόθρευσις
787 1808 882 1864 νῦν
908 1810 1006 1883 τὴν
1040 1810 1327 1882 μετάθεσιν
1348 1812 1449 1884 τὴν
1474 1814 1538 1868 ὲκ
1569 1811 1664 1866 τοῦ
1699 1813 1815 1884 βίου
1846 1813 1971 1868 τού-

356 1959 363 1967 ,
389 1912 481 1949 του
517 1897 789 1968 σημαίνει.

462 1990 531 2042 El
559 1987 646 2058 μὴ
685 1989 946 2059 Μωϋσῆς
990 1994 1024 2046 ό
1071 1992 1354 2060 ἐκλεκτὸς
1384 1994 1568 2048 αὑτοῦ
1612 1994 1760 2063 ἔστη
1787 1995 1859 2048 ἐν
1894 1993 1970 2065 τῇ

391 2083 634 2149 θραύσει
667 2082 920 2138 ἐνώπιον
955 2085 1162 2148 αὐτοῦ,
1192 2084 1298 2139 τοῦ
1331 2086 1708 2154 ἀποστρέψαι
1733 2087 1840 2140 τὸν
1869 2091 1969 2142 θυ-

381 2173 503 2242 μὸν
532 2174 738 2237 αὐτοῦ,
769 2173 876 2228 τοῦ
891 2174 976 2244 μὴ
999 2174 1428 2242 ἐξολοθρεῦσαι
1456 2175 1700 2240 αὐτοὺς,
1747 2193 1800 2229 κ.
1831 2193 1882 2230 τ.
1917 2178 1965 2231 ἐ.

387 2264 748 2336 Σημειωτέον,
779 2265 860 2319 ὅτι
893 2265 988 2318 καὶ
1013 2260 1093 2329 εἷς
1118 2265 1290 2334 ἅγιος,
1311 2265 1386 2329 ὡς
1409 2268 1438 2319 ὀ
1458 2267 1718 2336 Μωῦσῆς,
1746 2266 1965 2331 δυνατός

387 2356 532 2410 ἐστιν
558 2358 896 2430 ἀποστρέψαι
947 2356 1114 2428 ὀργὴν
1163 2358 1467 2429 φερομένην
1515 2359 1601 2412 ἐπ’
1642 2358 1792 2423 ἔθνος
1826 2359 1964 2415 ὅλον.

387 2472 396 2477 -
455 2447 564 2500 Kal
609 2446 1027 2510 ἐξουδένωσαν
1058 2447 1176 2516 γῆν
1214 2449 1606 2518 ἐπιθυμητὴν,
1634 2467 1687 2503 κ.
1732 2467 1784 2506 τ.
1816 2451 1862 2505 ἐ.
1902 2453 1967 2506 Ἡ

385 2536 454 2608 γῆ
481 2536 788 2609 ὲπιθυμητὴ
816 2538 850 2610 ἡ
883 2537 1130 2608 βασιλεία
1162 2538 1278 2593 ἐστὶ
1303 2539 1413 2594 τῶν
1441 2540 1706 2614 οὐρανῶν.

456 2721 564 2775 Kal
591 2721 775 2794 ἐπῆρε
796 2723 911 2792 τὴν
939 2725 1108 2795 χεῖρα
1132 2727 1319 2781 αὐτοῦ
1345 2727 1438 2781 ἐπ’
1467 2728 1710 2794 αὐτοὺς,
1737 2744 1790 2780 κ.
1824 2743 1876 2780 τ.
1913 2727 1960 2782 ὲ.

382 2811 555 2883 Χεῖρα
585 2812 731 2882 λέγει
760 2814 861 2878 τὰς
890 2816 1218 2881 κολαστικὰς
1244 2818 1406 2873 αὐτοῦ
1437 2818 1714 2890 δυνάμεις.

449 2905 560 2959 Kal
597 2905 1007 2976 ἐτελέσθησαν
1037 2909 1118 2974 τῷ
1155 2909 1520 2980 Βεελφεγὼρ,
1555 2928 1611 2964 κ.
1643 2928 1696 2966 τ.
1725 2912 1771 2965 ὲ.
1806 2912 1964 2966 Βεελσ-

377 2995 568 3070 φεγὼρ
596 2999 811 3053 εἴδωλον
843 2998 934 3053 τοῦ
968 3000 1077 3072 Βὴλ
1104 3001 1162 3054 ὲν
1191 3000 1270 3072 τῷ
1306 3001 1453 3073 τόπῳ
1481 3000 1574 3055 τοῦ
1606 3002 1816 3073 Φεγὼρ.

450 3089 559 3140 Kal
606 3089 831 3158 ἔφατον
883 3092 1099 3156 θυσίας
1135 3091 1385 3159 νεκρῶν,
1439 3109 1494 3145 κ.
1537 3110 1587 3144 τ.
1635 3095 1681 3146 ὲ.
1726 3094 1956 3158 Τελετὰς

377 3175 584 3242 ἤγαγον
631 3176 709 3244 τῷ
754 3177 1092 3248 Βεελφεγὼρ,
1149 3179 1478 3249 μνησθέντες
1513 3179 1571 3232 ὲν
1606 3182 1719 3244 τοῖς
1752 3198 1959 3253 μυστη-

380 3261 517 3330 ρίοις
547 3261 732 3316 αὐτοῦ.

447 3353 557 3407 Kal
592 3353 741 3420 ἔστη
770 3353 992 3422 Φινεὲς,
1023 3354 1122 3408 καὶ
1163 3355 1512 3421 ἐξιλάσατο,
1542 3373 1597 3411 κ.
1629 3373 1680 3410 τ.
1709 3358 1756 3410 ἑ.
1793 3361 1956 3411 Ἀνω-

375 3445 521 3515 τέρω
565 3445 661 3516 μὲν
686 3446 852 3515 λέγει,
902 3447 982 3500 ὅτι
1042 3447 1174 3518 ἔστη
1223 3449 1464 3520 Μωῦσῆς
1506 3450 1603 3504 καὶ
1649 3450 1955 3522 ἀπέστρεψε

375 3534 472 3608 τὴν
503 3535 748 3607 θραῠσιν,
779 3535 894 3590 ἀλλ’
926 3536 1198 3594 ἐκόπασεν
1231 3539 1265 3612 ἡ
1295 3538 1541 3612 θραῢσις.

445 3712 556 3768 Kal
582 3712 877 3782 ἐμίγησαν
901 3711 972 3765 ἐν
1011 3710 1134 3778 τοῖς
1172 3711 1396 3776 ἔθνεσι,
1430 3730 1484 3767 κ.
1523 3731 1574 3768 τ.
1605 3714 1652 3768 ἑ.
1685 3714 1954 3784 Μίγνυταί

372 3823 457 3871 τις
482 3808 593 3869 τοῖς
625 3805 800 3858 ἔθνεσι
828 3803 1092 3858 δουλεύων
1123 3805 1400 3874 γλυπτοῖς.

441 3899 551 3953 Kal
587 3898 968 3968 ἐπόρνευσαν
993 3898 1064 3951 ἐν
1091 3898 1216 3963 τοῖς
1239 3897 1708 3967 ἐπιτηδεύμασιν
1733 3899 1949 3965 αὐτῶν,

371 4009 425 4045 κ.
453 4008 504 4044 τ.
539 3990 588 4043 ἑ.
627 3989 883 4061 Πορνεύει
931 3987 1076 4059 ψυχὴ
1127 3987 1416 4060 σπέρματα
1464 3987 1814 4059 λαμϐάνουσα
1854 3991 1952 4061 τῆς

368 4081 753 4151 ἀντικειμένης
782 4079 1080 4150 δυνάμεως,
1111 4080 1205 4132 καὶ
1236 4078 1684 4132 τίκτουσα·τέκνα
1717 4081 1946 4152 πονηρά.

439 4171 544 4223 Kal
583 4169 949 4234 ἐϐδελύξατο
989 4168 1103 4236 τὴν
1134 4169 1538 4237 κληρονομίαν
1565 4167 1772 4236 αὐτοῦ,
1808 4186 1863 4223 κ.
1895 4186 1946 4222 τ.

371 4258 416 4312 ἑ.
451 4276 470 4308 ι
508 4257 854 4328 κληρονομία
885 4257 1089 4329 Κυρίου
1122 4257 1292 4327 ψυχαὶ⁵
1317 4256 1551 4325 λογικαί.
1587 4276 1607 4309 ι

2071 1803 2146 1859 ιὶο
2178 1805 2281 1860 hoc
2311 1804 2430 1861 loco
2461 1805 2750 1862 transitum
2778 1818 2844 1861 es
2870 1804 2974 1862 bac
3000 1805 3110 1860 vita
3143 1805 3433 1875 signiﬁcat.

2137 1983 2270 2040 lam.
2306 1983 2366 2041 Si
2401 2003 2506 2042 non
2538 1987 2748 2056 Moyses
2771 1986 2966 2041 electus
2988 1987 3101 2056 ejus
3153 1987 3380 2042 stetisset
3426 1987 3481 2040 in
3519 2001 3645 2040 cou-

2068 2076 2328 2147 [ractione
2353 2080 2408 2132 in
2440 2089 2717 2147 conspectu
2766 2081 2882 2150 ejus
2922 2088 2978 2131 ut
3031 2088 3280 2133 averteret
3315 2079 3449 2132 iram
3491 2093 3641 2131 suam

2069 2186 2135 2223 ne
2179 2170 2497 2239 disperderet
2549 2186 2662 2234 eos,
2699 2179 2806 2225 etc.
2875 2169 3288 2226 Observandum
3335 2180 3417 2224 est
3474 2170 3640 2224 etiam

2069 2275 2234 2315 unum
2260 2271 2526 2326 sanctum,
2555 2261 2730 2330 qualis
2757 2271 2877 2315 erat
2921 2261 3153 2331 Moyses,
3191 2277 3350 2330 posse
3391 2271 3644 2316 avertere

2070 2354 2206 2406 iram
2239 2352 2290 2406 in
2320 2363 2534 2423 gentem
2565 2353 2874 2408 universam
2902 2354 3217 2408 excitatam.

2137 2442 2298 2499 Vens.
2320 2444 2410 2499 24.
2449 2443 2515 2498 Et
2555 2461 2651 2514 pro
2680 2445 2843 2499 nihilo
2878 2445 3174 2498 habuerunt
3211 2453 3404 2499 terram
3437 2444 3642 2499 deside-

2067 2533 2304 2599 rabilem,
2339 2547 2444 2590 etc.
2475 2533 2645 2591 Terra
2675 2534 3056 2592 desiderabilis
3086 2545 3174 2591 est
3221 2551 3445 2605 regnum
3471 2534 3642 2592 coelo-

2069 2639 2206 2678 1⁵11111.

2136 2714 2301 2772 Vens.
2328 2717 2418 2772 26.
2454 2715 2520 2770 Et
2541 2716 2756 2772 elevavit
2785 2732 3000 2772 manum
3025 2734 3175 2772 suam
3198 2734 3353 2787 super
3373 2734 3484 2780 eos,
3525 2725 3636 2774 etc.

2065 2805 2280 2860 Manum
2314 2806 2446 2861 dicit
2468 2806 2702 2862 virtutes
2725 2807 2840 2876 ejus
2866 2821 2986 2877 qua:
3010 2821 3198 2876 poenas
3222 2806 3493 2878 inﬂigunt.

2134 2899 2296 2956 Vens.
2326 2899 2416 2955 τε.
2446 2898 2513 2953 Et
2544 2900 2744 2954 initiati
2769 2909 2893 2955 sunt
2926 2899 3268 2971 Beelphegor,
3313 2909 3425 2956 etc.
3479 2899 3638 2956 Beel-

1986 3025 2030 3082 c
2061 2991 2269 3082 phegor
2297 2990 2647 3082 simulacrum
2670 3001 2756 3047 est
2784 2989 2899 3046 Beli
2927 2990 2986 3082 in
3003 2989 3123 3046 loco
3156 2989 3389 3061 Phegor.

2129 3080 2262 3136 lstn.
2315 3079 2385 3134 Et
2429 3084 2765 3138 comederunt
2812 3081 3082 3151 sacriﬁcia
3128 3092 3482 3145 mortuorum,
3522 3089 3640 3140 etc.

2060 3170 2222 3241 785
2255 3170 2456 3226 lnitiati
2489 3179 2617 3226 sunt
2674 3170 3025 3242 Beelpbegor,
3078 3168 3234 3240 cujus
3271 3171 3636 3226 meminerunt.

2059 3258 2112 3312 in
2146 3259 2441 3330 mysteriis.

2131 3347 2294 3403 Vens.
2317 3347 2408 3407 50.
2437 3347 2505 3402 Et
2533 3347 2675 3403 stetit
2706 3346 2956 3412 Phineu,
2980 3356 3030 3402 et
3074 3347 3326 3417 placavit.
3357 3355 3465 3402 etc.
3523 3346 3632 3402 Su-

2057 3454 2152 3508 pra
2179 3438 2397 3508 qnidem
2433 3438 2568 3492 dicit
2599 3438 2819 3494 stetisse
2860 3437 3080 3510 Moysen
3104 3447 3162 3492 et
3191 3437 3460 3493 avertisse
3492 3437 3628 3493 iram

2056 3529 2173 3598 ejus
2216 3543 2232 3583 :
2270 3529 2358 3585 hic
2389 3539 2573 3584 autem
2608 3529 2824 3584 stetisse
2853 3527 3119 3595 Phineen,
3149 3539 3204 3584 et
3227 3544 3334 3584 non
3367 3530 3630 3589 avertisse

2054 3620 2478 3691 quassationem,
2512 3623 2604 3677 sed
2633 3635 2881 3676 cessasse
2905 3621 3335 3690 quassationem.

2129 3712 2289 3769 Vens.
2345 3713 2433 3768 55.
2483 3713 2548 3766 Et
2591 3711 2849 3768 commisti
2886 3723 3010 3767 sunt
3061 3713 3198 3768 inter
3247 3725 3460 3782 gentes,
3516 3722 3625 3770 etc.

2053 3804 2314 3860 Gentibus
2337 3805 2721 3858 commiscetur
2765 3804 2856 3874 qui
2887 3803 3058 3858 servit
3090 3802 3449 3874 scnlptilibns.

2129 3895 2286 3949 Vsus.
2335 3895 2425 3950 '59.
2475 3894 2546 3948 Et
2592 3895 2845 3963 fornicati
2895 3904 3018 3949 sunt
3075 3897 3128 3950 in
3175 3894 3627 3950 adirwentiouibus

2051 3985 2182 4052 suis,
2209 3995 2314 4041 etc.
2341 3985 2666 4043 Foruicatur
2714 3987 2895 4041 anima
2943 4003 3068 4042 cum
3113 3986 3442 4041 adversaria:
3474 3997 3628 4056 pote-

2051 4079 2208 4132 statis
2234 4079 2442 4132 semina
2469 4078 2718 4148 suscipit,
2739 4087 2794 4133 et
2825 4077 2998 4134 malos
3021 4079 3162 4148 parit
3195 4079 3354 4133 ﬁlios.

2120 4167 2283 4224 Vens.
2316 4169 2404 4224 40.
2443 4168 2508 4223 Et
2542 4170 2874 4225 abominatus
2923 4180 2999 4225 est
3051 4170 3416 4226 hareditatem
3444 4185 3624 4236 suam,

2048 4260 2484 4316 ctc.ll:ereditas
2531 4259 2742 4315 Domini
2769 4271 2896 4316 sunt
2925 4262 3119 4316 anima:
3171 4260 3543 4316 rationabiles.

434 4348 544 4402 Kal
577 4347 937 4414 ἐκυρίευσαν
963 4346 1159 4402 αὐτῶν
1188 4351 1241 4402 οἱ
1266 4348 1591 4418 μισοῦντες
1623 4348 1862 4414 αὐτοὺς,
1890 4367 1943 4404 κ.

2123 4352 2285 4407 Vsus.
2307 4353 2396 4408 41.
2422 4353 2491 4407 Et
2513 4351 2769 4407 dominari
2797 4363 2919 4407 sunt
2942 4370 3123 4408 eorum
3155 4353 3245 4422 qni
3267 4354 3490 4408 oderunt
3512 4367 3622 4414 eos,

363 4455 415 4492 τ.
446 4439 492 4491 ὲ.
530 4437 788 4507 Δαίμονές
816 4438 952 4490 εἰσιν
979 4439 1026 4490 οἱ
1059 4439 1339 4509 μισοῦντες
1370 4441 1518 4512 ἡμᾶς
1549 4442 1644 4494 καὶ
1674 4440 1946 4508 θλίϐοντες

364 4529 461 4592 τὰς
489 4527 666 4598 ψυχὰς
1422 4547 1431 4552 '

433 4619 542 4672 Kal
593 4618 816 4673 ἔδωκεν
867 4617 1086 4684 αὐτοὺς
1139 4620 1227 4685 εις
1285 4621 1617 4690 οἰκτιρμοὺς
1667 4620 1946 4675 ἐναντίον

363 4709 605 4763 πάντων
648 4709 767 4764 τῶν
794 4709 1408 4780 αἱχμαλωτευσάντων
1437 4711 1675 4777 αὐτοὺς,
1705 4730 1760 4766 κ.
1800 4729 1852 4766 τ.
1891 4713 1938 4767 ὲ.

375 4801 651 4854 Ἐντεῦθεν
686 4802 1048 4873 μανθάνομεν,
1085 4804 1167 4858 ὅτι
1212 4803 1308 4856 καὶ
1347 4802 1442 4856 τοῦ
1491 4800 1755 4860 ἐλεεῖσθαι
1795 4805 1941 4876 ἡμᾶς

359 4893 390 4946 ὁ
420 4892 622 4964 Κύριος
650 4892 833 4959 ἀξίους
862 4897 1025 4949 ποιεί.

918 5100 1210 5155 mmo}:
1240 5102 1379 5168 Ρςῖο.

433 5195 553 5246 Ὅτι
579 5191 869 5260 ἐχόρτασε
901 5189 1113 5259 ψυχὴν
1135 5188 1341 5258 κενὴν,
1373 5207 1427 5242 κ.
1463 5205 1513 5243 τ.
1543 5190 1589 5242 ὲ.
1619 5189 1780 5261 Ψυχὴ
1814 5191 1942 5261 κενή

357 5287 475 5342 ἐστι
506 5283 776 5354 ἡάρετῶν
809 5282 905 5336 καὶ
936 5279 1189 5350 γνώσεως
1215 5281 1575 5352 ἑστερημένη.

423 5377 529 5431 Kal
555 5374 848 5444 ἐξήγαγεν
873 5373 1094 5440 αὐτοὺς
1123 5373 1188 5427 ἐκ
1221 5374 1482 5440 σκότους
1513 5373 1608 5427 καὶ
1631 5372 1810 5441 σκιᾶς
1839 5379 1939 5430 θα-

2047 4452 2154 4498 etc.
2212 4444 2495 4500 Daemones
2525 4445 2766 4517 suntqui
2820 4445 3053 4501 oderunt
3105 4461 3207 4501 nos
3252 4455 3308 4501 et
3364 4444 3620 4501 tribulant

2047 4550 2257 4588 ammas
2291 4547 2526 4590 ηοειτθε.

2121 4624 2283 4680 Vens.
2332 4627 2424 4681 46.
2461 4627 2526 4680 Et
2575 4628 2717 4681 dedit
2756 4644 2843 4681 eos
2874 4628 2928 4682 in
2969 4627 3364 4682 misericordias
3417 4626 3470 4678 in
3497 4640 3625 4678 con-

2047 4728 2224 4783 specta
2256 4717 2483 4772 omnium
2516 4718 2603 4788 qui
2628 4727 2870 4786 ceperant
2899 4735 3008 4781 eos,
3037 4727 3142 4771 ctc.
3179 4716 3316 4770 llinc
3361 4714 3620 4770 discimus

2049 4824 2147 4864 nos
2185 4809 2348 4865 etiam
2387 4811 2760 4866 misericordia
2787 4810 2976 4878 dignos
3007 4823 3034 4861 a
3070 4806 3181 4862 Deo
3205 4807 3369 4863 cllici.

2583 5102 2708 5158 PSA
2717 5101 2904 5160 LMUS
2940 5104 3074 5160 CVI.

2109 5193 2275 5248 Vens.
2308 5196 2359 5248 9.
2397 5194 2536 5260 Quia
2567 5195 2777 5250 satiavit
2803 5197 3042 5250 animam
3072 5198 3304 5264 inanem,
3337 5207 3448 5254 etc.
3491 5198 3611 5253 lua-

2037 5285 2122 5339 nis
2145 5295 2229 5339 est
2261 5287 2440 5339 anima
2475 5301 2593 5353 qua:
2621 5286 2912 5342 virtutibus
2935 5299 2988 5342 et
3019 5288 3249 5343 scientia
3277 5291 3482 5360 privata
3501 5297 3606 5344 est.

2112 5378 2272 5432 Vens.
2311 5379 2394 5432 Η.
2423 5378 2488 5433 Et
2516 5381 2696 5434 eduxit
2726 5398 2814 5435 eos
2850 5382 2914 5434 de
2943 5381 3164 5436 tenebris
3189 5393 3235 5436 ct
3264 5383 3446 5436 umbra
3467 5397 3607 5436 mor-

358 5471 558 5537 νιὶτου,
592 5485 646 5522 κ.
686 5484 736 5521 τ.
781 5468 826 5520 ὲ.
875 5465 1024 5522 Καθδ
1073 5465 1185 5536 φῶς
1234 5467 1377 5520 ἐστιν
1409 5467 1437 5519 ὁ
1478 5466 1700 5538 Κύριος,
1754 5466 1935 5538 ἐξάγει

2064 5471 2124 5536 is,
2151 5478 2255 5525 etc.
2314 5471 2594 5538 Quatenus
2621 5471 2711 5527 lux
2759 5481 2842 5528 est
2891 5472 3172 5540 Dominus,
3205 5473 3386 5529 educit
3417 5486 3514 5528 nos
3539 5471 3605 5529 de

424 5631 467 5661 ⁸⁸
499 5631 649 5688 Rom.
681 5647 716 5690 t.
744 5630 834 5687 23.
