4066 6236
441 279 579 334 1567
1854 272 1940 328 EX
1982 272 2016 328 Ο

2128 269 2284 326 :ENE
3587 257 3750 312 ‘508

441 396 713 460 tenebris;
747 405 1010 464 quatenus
1034 396 1166 456 vita,
1198 395 1262 448 de
1307 406 1518 456 morte;
1569 405 1620 448 et
1659 409 1846 448 rursus
1878 411 2010 462 qua-

2128 392 2257 460 ᾐμᾶς
2292 393 2355 444 ἐκ
2389 388 2482 442 τοῦ
2519 389 2761 450 σκότους,
2788 385 2919 440 καθὸ
2949 384 3005 437 δέ
3037 382 3171 454 ζωὴ.
3208 384 3274 436 ἐκ
3299 379 3550 436 Θανάτου
3571 395 3587 408 ·
3637 380 3747 428 καὶ

437 495 600 542 tenus
629 498 817 556 potens
844 497 948 550 est,
986 487 1195 540 vincula
1225 486 1536 552 disrumpit.

2128 485 2276 538 πάλιν
2302 485 2376 546 ὡς
2405 482 2626 544 δυνατὸς
2649 480 2966 550 διαρρἡσει
2995 476 3246 546 δεσμούς.

513 578 674 632 Vens.
723 581 808 633 18.
869 578 1086 632 Omnem
1130 596 1306 632 escam
1371 580 1673 632 abominata
1713 589 1786 631 est
1833 579 2012 630 anima

2185 574 2311 628 Πάν
2333 571 2544 641 ,βρῶμα
2572 571 2934 634 ἐϐδελύξατο
2969 571 3006 636 ἡ
3037 567 3206 638 ψυχὴ
3233 565 3454 631 αὐτῶν,
3485 582 3547 618 κ.
3592 580 3649 616 τ.
3678 563 3736 616 ἐ.

439 687 636 727 eorum.
702 679 808 728 etc.
859 670 1322 738 Quemadmodum
1375 671 1501 740 πει-ἰ
1559 685 1772 724 onmem
1831 685 2010 724 escam

2128 665 2326 735 Ὠσπερ
2355 664 2404 716 οἱ
2437 662 2716 724 νοσοῦντες
2760 662 2868 713 πᾶν
2920 659 3112 730 βρῶμα
3147 658 3529 728 βδελύσσονται
3557 695 3573 718 ,
3627 653 3738 708 οὖ-

441 764 847 830 nlumiinantur,
891 764 970 820 sic
1018 764 1278 819 immundi
1324 779 1537 817 omnem
1565 765 1849 819 scientiam
1885 763 2012 832 reji-

2128 771 2220 818 τως
2249 755 2296 807 οἱ
2327 753 2627 823 ἀκάθαρτοι
2661 753 2842 805 πᾶσαν
2865 749 3068 819 γνῶσιν
3097 747 3463 805 ἀπωθοῦνται,

438 856 611 907 ciunt.

513 950 675 1000 γιιῖιις.
707 947 798 1003 2i.
836 947 948 1015 Ipsi
978 948 1213 1000 ridernttl
1244 963 1402 1012 opera
1435 947 1646 999 Dounai
1670 955 1716 999 et
1745 944 2011 998 mirabilia

438 1037 551 1103 ejus
586 1039 636 1088 in
673 1038 958 1104 profundo,
1011 1047 1120 1091 etc.
1168 1037 1488 1104 Quicunque
1521 1035 1572 1088 in
1609 1035 1804 1088 mullus
1837 1045 1891 1088 et
1924 1049 2013 1085 va-

443 1127 572 1190 rias,
606 1141 722 1193 qua:
756 1142 820 1179 ex
869 1127 1016 1179 curis
1071 1137 1126 1179 et
1168 1127 1400 1193 negotiis
1465 1125 1694 1177 diversis
1739 1124 2010 1176 oriuntur.

439 1220 819 1285 occupationes
848 1232 942 1284 per
979 1215 1196 1268 virtutis
1223 1217 1597 1283 operationem
1641 1215 1904 1280 incidunt,
1959 1215 2009 1267 hi

439 1307 621 1359 vident
683 1323 843 1374 opera
894 1307 1124 1371 Dotnini,
1182 1308 1233 1361 id
1278 1316 1361 1360 est
1392 1307 1633 1360 rationes
1661 1321 1849 1360 eorum
1887 1322 2006 1375 qua:

439 1393 582 1449 facta
615 1407 736 1449 sunt
776 1407 827 1452 et
856 1414 1042 1451 eorum
1075 1413 1192 1465 qua!
1220 1398 1373 1450 tiunt.

516 1486 675 1540 Vens.
704 1489 790 1541 ‘27.
825 1489 889 1540 Et
917 1493 1085 1541 omnis
1131 1490 1391 1557 sapientia
1424 1505 1604 1539 eorum
1634 1487 1880 1540 devorata
1913 1496 2009 1549 est,

2183 952 2359 1007 Αὐτοὶ
2391 946 2552 1006 εἶδον
2586 951 2656 1005 τὰ
2692 951 2834 1020 ἔργα
2871 952 3090 1019 Κιιρίου
3140 951 3234 1004 καὶ
3275 951 3346 1005 τὰ
3394 949 3738 1020 θαυμάσια

2113 1041 2298 1094 αὑτοῦ
2324 1041 2394 1093 ἐν
2417 1039 2494 1105 τῷ
2518 1040 2709 1105 βυθῷ,
2733 1059 2789 1094 κ.
2813 1059 2862 1094 τ.
2895 1043 2940 1095 ἐ.
2959 1041 3112 1094 Ὅσοι
3139 1043 3544 1112 περισπασμοῖς
3582 1041 3737 1092 πολ-

2113 1131 2223 1194 λοῖς
2249 1132 2342 1185 καὶ
2371 1133 2630 1196 ποικίλοις
2653 1132 2742 1186 διά
2772 1133 2871 1204 τὴν
2896 1134 2994 1204 τῆς
3024 1133 3224 1205 ἀρετῆς
3253 1131 3516 1203 ἐργασίαν
3544 1150 3736 1203 περι-

2114 1221 2421 1286 πίπτουσιν,
2471 1216 2617 1294 οῦτοι
2670 1221 2837 1292 ὁρῶσι
2881 1223 2947 1276 τά
2993 1223 3129 1294 ἔργα
3181 1223 3407 1293 Κυρίου,
3447 1221 3732 1275 τουτέστι

2112 1311 2236 1374 τοῦς
2266 1311 2454 1380 λόγους
2482 1311 2589 1364 τῶν
2622 1311 2924 1380 γεγονότων
2957 1313 3051 1365 καὶ
3076 1311 3392 1382 γινομένων.

2182 1471 2290 1540 Καὶ
2326 1485 2492 1540 πᾶσα
2536 1487 2572 1553 ἡ
2606 1486 2792 1554 σοφία
2840 1485 3037 1539 αὐτῶν
3085 1488 3402 1554 κατεπόθη,
3451 1505 3508 1540 κ.
3549 1505 3610 1542 τ.
3669 1490 3725 1544 ἐ.

439 1589 544 1633 e:e.
581 1580 908 1647 Sapientiam
939 1582 1029 1636 Dei
1061 1583 1286 1636 devorat
1315 1580 1517 1634 malitia
1573 1580 1787 1648 justitia
1829 1590 2010 1632 autent

2128 1578 2310 1647 Σοφίαν
2336 1577 2472 1630 Θεοῦ
2508 1577 2792 1630 καταπίνει
2825 1576 3024 1631 κακία·
3059 1577 3372 1649 δικαιοσύνη
3401 1578 3457 1631 δέ
3491 1581 3726 1651 Κυρίου

444 1673 650 1725 Domitii
683 1675 943 1742 disperdit
985 1675 1267 1730 malitiam.

2128 1669 2415 1740 Βιαφθείρει
2450 1671 2667 1723 κακίαν.

514 1760 674 1815 Vens.
708 1763 794 1816 29.
825 1762 890 1814 Et
922 1765 1179 1818 siluerunt
1203 1767 1397 1833 [luctus
1427 1765 1563 1834 ejus,
1586 1774 1691 1821 etc.
1724 1765 2007 1819 Flucluum

2182 1762 2290 1816 Kal
2338 1761 2588 1831 ἐσίγησε
2632 1763 2704 1817 τὰ
2747 1764 2977 1832 κύματα
3017 1763 3226 1831 αὐτῆς,
3271 1781 3325 1818 κ.
3366 1781 3417 1818 τ,
3452 1765 3499 1819 ἐ.
3533 1767 3726 1840 Σιγὴ-δ

440 1853 709 1906 silentium
741 1858 1138 1922 corruptionem
1173 1857 1384 1910 vocavit
1416 1859 1796 1910 tentatiouum.

2128 1854 2224 1908 τῶν
2253 1855 2511 1924 κυμάτων
2549 1854 2648 1925 τὴν
2694 1855 2896 1927 φθορὰν
2920 1855 3168 1926 ὠνόμασε
3200 1855 3307 1908 τῶν
3353 1860 3721 1928 πειρασμῶν.

515 1943 675 1998 Vens.
723 1945 809 1998 40.
863 1945 929 1998 Et
981 1964 1160 2000 errare
1192 1947 1312 2015 fecit
1345 1965 1430 2000 eos
1459 1949 1510 2001 in
1554 1949 1720 2008 invio,
1744 1958 1788 2001 et
1823 1963 1926 1999 non
1957 1947 2009 2000 in

2188 1945 2299 1998 Kal
2323 1945 2671 2012 ἐπλάνησεν
2692 1946 2912 2012 αὐτοὺς
2939 1947 3009 2000 ἐν
3037 1946 3252 2012 ἀϐάτῳ,
3285 1949 3381 2003 καί
3416 1952 3528 2019 οὐχ
3559 1952 3720 2019 ὀδῷ,

442 2035 542 2097 t-ia,
573 2045 676 2088 etc.
708 2036 997 2104 Uereliqttil
1023 2052 1118 2090 eos
1141 2051 1404 2104 errantes,
1445 2049 1498 2092 et
1526 2055 1630 2093 non
1656 2037 1893 2107 suscepit
1916 2051 2012 2091 eos

2128 2053 2172 2089 ιι.
2203 2054 2254 2090 τ.
2287 2037 2334 2090 ἐ.
2373 2037 2759 2102 Ἐγκατέλιπεν
2803 2039 2998 2102 αὐτοὺς
3033 2038 3438 2110 πλανωμένους,
3467 2044 3561 2097 καὶ
3600 2047 3722 2100 οὐκ

441 2137 658 2196 propter
681 2144 866 2182 eorum
897 2129 1182 2186 malitiam.

2128 2127 2441 2182 ἀντελάϐετο
2469 2127 2646 2182 αὐτῶν
2675 2129 2764 2183 διὰ
2785 2127 2883 2200 τὴν
2907 2128 3103 2184 κακίαν
3127 2129 3326 2184 αὐτῶν.

877 2361 1042 2432 786
1075 2359 1393 2418 PSALMUS
1431 2363 1586 2420 CVII.

517 2448 763 2502 “415.2.
823 2447 1077 2504 Paratum
1108 2469 1199 2505 cor
1247 2469 1438 2512 meum,
1479 2463 1583 2508 cte.
1647 2453 1748 2520 Qui
1789 2451 2014 2508 allectus

442 2538 712 2607 deposuit,
752 2542 841 2594 hic
871 2558 964 2594 cor
989 2544 1200 2610 paravit
1230 2545 1360 2598 Deo.
1668 2591 1676 2601 ,

518 2632 675 2686 Vens.
735 2636 820 2686 I0.
880 2633 1032 2687 Moab
1071 2636 1204 2688 lebes
1262 2636 1372 2702 spei
1399 2653 1546 2702 mea',
1593 2646 1698 2691 etc.
1734 2635 1906 2690 Lebes
1932 2647 2016 2690 est

443 2723 530 2790 qui
564 2725 754 2789 spiritu
811 2727 979 2779 fervet
1027 2737 1079 2779 et
1112 2736 1294 2794 sperat
1341 2728 1392 2781 in
1428 2727 1698 2782 Domino:
1741 2744 1853 2798 qua
1890 2743 2014 2785 spes

443 2822 752 2879 Sperantem
786 2830 892 2867 non
918 2816 1221 2870 confundit.

515 2904 647 2958 IBID.
677 2903 741 2958 In
766 2904 1057 2959 ldumwam
1082 2909 1358 2962 extendant
1386 2909 1792 2964 calceamentum
1820 2925 2009 2972 nteant,

443 3005 550 3048 etc.
586 2995 1018 3053 Calceamentmn
1051 3000 1250 3054 Christi
1301 3017 1428 3055 caro
1458 3011 1562 3068 est,
1602 3019 1705 3070 qua
1754 3018 1884 3059 usus
1913 3005 2014 3056 Do-

444 3086 622 3148 minus
659 3087 710 3141 in
745 3088 844 3143 hac
881 3089 1160 3144 hominum
1193 3091 1298 3144 vita
1323 3103 1678 3147 conversatus
1702 3102 1804 3148 est.

960 3405 1281 3464 PSALMUS
1319 3407 1498 3466 CVIII.

518 3501 680 3556 Vens.
711 3499 762 3555 6.
798 3498 864 3553 Et
899 3501 1138 3554 diabolus
1168 3511 1262 3554 stet
1287 3519 1318 3554 a
1348 3501 1550 3555 dextris
1581 3502 1717 3571 ejus,
1744 3511 1850 3556 etc.
1870 3500 2016 3568 Quo-

449 3607 568 3644 rttm
620 3606 781 3659 opera
839 3593 1026 3644 dextra
1085 3591 1354 3645 exscindit
1403 3591 1674 3653 Satanas,
1741 3606 1928 3646 eorum
1985 3607 2016 3646 ε

446 3683 654 3736 dextris
697 3690 823 3735 stat.
881 3681 936 3734 In
997 3681 1262 3736 Zacharia
1313 3691 1492 3736 autem
1548 3685 1678 3738 dicit
1705 3684 1748 3714 ⁸¹
1808 3701 1822 3739 :
1881 3704 1898 3736 ι
1953 3683 2019 3737 Ει

445 3773 682 3827 ostendit
710 3772 837 3827 tnihi
881 3774 1141 3828 Dominus
1179 3771 1361 3827 Jesuxn
1395 3775 1730 3828 sacerdotem
1762 3791 2018 3844 magnum

445 3875 679 3919 stantem
713 3881 896 3918 coram
929 3865 1119 3935 angelo
1145 3866 1380 3931 Domini,
1421 3876 1477 3921 et
1502 3867 1752 3922 diabolus
1778 3868 1958 3922 stabat
1986 3883 2016 3922 a

447 3958 654 4011 dextris
679 3957 816 4027 ejus,
851 3977 866 4009 ι
903 3975 1008 4013 non
1038 3959 1375 4026 simpliciter,
1424 3960 1518 4014 sed
1559 3978 1577 4009 ι
1617 3969 1675 4014 ιιι
1701 3960 2020 4015 adversare-

448 4058 535 4103 tur
567 4051 638 4104 ei.
676 4069 695 4102 ι
729 4049 846 4106 Νοιι
879 4054 1198 4106 adversatur
1227 4061 1406 4107 autem
1440 4051 1612 4107 Indae.

519 4230 680 4282 Vens.
710 4228 763 4282 9.
793 4227 952 4282 Fiant
980 4229 1082 4294 ﬁlii
1122 4229 1234 4295 ejus
1267 4229 1492 4295 orphani
1535 4238 1584 4282 et
1617 4243 1752 4280 uxor
1795 4229 1908 4296 ejus
1943 4229 2022 4281 vi-

447 4320 572 4382 dua.
601 4328 707 4374 etc.
738 4318 849 4372 Non
878 4319 1008 4373 diris
1039 4319 1325 4386 devovere,
1356 4320 1450 4373 sed
1481 4321 1690 4386 precari
1722 4321 1850 4374 mihi
1882 4321 2021 4375 vide-

449 4409 760 4479 tnrjustus.
794 4427 812 4459 ι
843 4409 1154 4464 Benedieile
1185 4412 1326 4466 enim
1378 4412 1628 4466 inimicos
1669 4423 1901 4473 vestros,
1941 4413 2021 4464 iu-

447 4501 566 4567 quit
593 4501 879 4568 Apostolus
903 4502 970 4565 δ’,
1008 4501 1312 4556 benedicite
1343 4515 1396 4556 ct
1423 4503 1590 4557 nolite
1617 4504 1962 4556 maledicere.
1994 4523 2014 4557 ι

449 4592 609 4645 Οιὺτε
633 4601 758 4646 sunt
783 4592 1140 4660 cogitationes
1175 4593 1324 4646 malae
1363 4609 1482 4662 qua:
1508 4604 1716 4662 patrem
1746 4611 1899 4646 suum
1928 4595 2018 4647 Sa-

453 4699 630 4740 tanam
667 4685 968 4752 sepeliant;
1005 4685 1167 4738 vidua
1197 4697 1378 4739 autem
1406 4689 1606 4750 anitna,
1664 4703 1784 4755 qua:
1811 4689 2016 4742 semina

2689 2357 2982 2412 ΨΑΛΜΟΣ
3014 2358 3132 2411 PZ'.

2199 2453 2436 2524 Ἐτοίμη
2457 2451 2497 2520 ἡ
2519 2449 2730 2519 καρδιά
2759 2467 2899 2519 μου,
2926 2467 2980 2502 κ.
3008 2467 3059 2502 τ.
3096 2451 3142 2502 ἐ.
3184 2449 3241 2504 Ὀ
3267 2450 3600 2521 ἀποθέμενος
3633 2452 3709 2504 τὰ

2119 2545 2287 2616 παθη,
2319 2539 2474 2608 οὗτος
2499 2543 2762 2615 ἡτοίμασε
2793 2541 2888 2612 τὴν
2924 2541 3150 2613 καρδίαν
3182 2541 3261 2612 τῷ
3290 2542 3428 2614 Θεῷ.

2190 2635 2372 2689 Μωὰὸ
2397 2634 2580 2702 λέϐης
2615 2633 2723 2702 τῆς
2748 2632 2995 2698 ἐλπίδος
3033 2651 3173 2702 μου,
3227 2651 3280 2687 κ.
3328 2651 3378 2687 τ.
3421 2635 3466 2687 ἐ.
3520 2634 3704 2704 Λέϐης

2121 2726 2268 2779 ἐστὶν
2300 2729 2328 2780 ὁ
2357 2725 2434 2796 τῷ
2463 2724 2732 2795 πνεύματι
2765 2723 2921 2788 ζέων,
2953 2725 3046 2778 καὶ
3077 2723 3312 2787 ἐλπίζων
3335 2725 3426 2777 ἐπὶ⁵
3468 2725 3557 2778 τὸν
3587 2725 3703 2779 Κύ-

2123 2831 2265 2886 ριονο
2295 2816 2416 2884 ἥτις
2448 2816 2602 2879 ἐλπὶς
2640 2816 2700 2869 ού
2731 2815 3078 2885 καταισχύνει
3109 2815 3200 2867 τὸν
3235 2815 3537 2878 ἐλπίζοντα.

2204 2906 2333 2959 Ἐπὶ
2364 2907 2477 2974 τὴν
2507 2907 2838 2976 Ἰδουμαίαν
2867 2907 3129 2964 ἐπιϐαλῶ
3171 2906 3237 2960 τὸ
3259 2907 3525 2975 ὑπόδημὰ
3541 2925 3696 2973 μου,

2123 3015 2178 3052 κ.
2225 3016 2276 3051 τ.
2317 3000 2365 3052 ἐ.
2405 3000 2468 3052 Ἠ
2517 3000 2660 3071 σάρξ
2714 3003 2830 3054 ἐστι
2864 3001 2925 3054 τὸ
2960 3002 3209 3071 ὑπόδημα
3244 2999 3331 3052 τοῦ
3371 2999 3621 3069 Χριστοῦ,

2120 3091 2460 3160 χρησάμενος
2511 3094 2540 3146 ό
2586 3091 2788 3164 Κύριος
2827 3093 3138 3164 ἐπεδήμησε
3181 3091 3256 3162 τῷ
3299 3090 3395 3162 βίῳ
3433 3090 3534 3144 τῶν
3583 3091 3688 3144 ἀν-

2129 3179 2384 3253 ορώιαυν.

2687 3409 2980 3465 ΨΑΛΜΟΣ
3021 3411 3146 3465 PIl'.

2194 3498 2302 3553 Kal
2330 3496 2606 3564 διάϐολος
2647 3499 2846 3565 στήτω
2887 3500 2957 3554 ἐκ
2999 3500 3210 3565 δεξιῶν
3236 3503 3445 3568 αὑτοῦ,
3477 3523 3530 3558 κ.
3564 3523 3614 3559 τ.
3651 3509 3702 3561 ἑ.

2124 3581 2224 3643 Ὧν
2257 3589 2511 3642 ἐκκόπτει
2540 3591 2568 3642 ό
2598 3589 2840 3653 Σατανᾶς
2891 3591 2960 3644 τά
3000 3591 3134 3663 ἔργα
3179 3593 3245 3646 τά
3285 3594 3454 3658 δεξιὰ,
3498 3595 3703 3652 τούτων

2120 3675 2350 3748 ἔστηκεν
2384 3681 2448 3732 ἐκ
2483 3677 2690 3744 δεξιῶν.
2730 3681 2816 3732 Ἐν
2852 3681 2909 3734 δέ
2949 3681 3025 3752 τῷ
3063 3684 3302 3754 Ζαχαρία
3339 3686 3502 3755 φησί·
3540 3705 3558 3736 ι
3591 3688 3699 3740 Καὶ

2125 3768 2290 3833 ἔδειξέ
2347 3787 2436 3839 μοι
2494 3768 2696 3841 Κύριος
2752 3771 2956 3841 Ἰησοῦν
3017 3773 3108 3826 τὸν
3173 3775 3322 3846 ἱερέα
3371 3776 3463 3830 τὸν
3528 3778 3704 3847 μέγαν

2126 3859 2334 3911 ἐστῶτα
2364 3859 2469 3930 πρὸ
2502 3859 2792 3930 προσώπου
2816 3861 3045 3930 ἀγγέλου
3077 3865 3304 3935 Κυρίου,
3329 3867 3424 3919 καὶ
3461 3868 3488 3920 ὁ
3523 3867 3704 3920 διάδο-

2125 3949 2216 4012 λος
2243 3951 2480 4020 εἱστήκει
2511 3950 2574 4002 ἐκ
2598 3949 2785 4015 δεξιῶν
2819 3952 2982 4006 αὐτοῦ
3001 3970 3014 3984 ⁸
3056 3973 3074 4006 ι
3105 3955 3203 4025 οὐχ
3244 3956 3430 4020 ἁπλῶς
3461 3958 3536 4023 δὲ,
3563 3957 3700 4012 ἀλλὰ

2131 4057 2150 4091 ι
2213 4039 2292 4110 τῷ
2346 4041 2680 4095 ἀντικεῖσθαι
2735 4043 2908 4115 αὐτῷ’
2958 4063 2977 4098 ι
3017 4045 3117 4100 οὐκ
3166 4047 3463 4101 ἀντίκειται
3511 4049 3565 4101 δὲ
3614 4048 3698 4118 τῷ

2139 4130 2333 4203 Ἰούδᾳ.

2196 4226 2634 4294 Γενηθήτωσαν
2670 4227 2785 4282 υἱοὶ
2818 4228 3002 4282 αὑτοῦ
3038 4229 3308 4299 ὀρφανοὶ,
3338 4233 3436 4286 καὶ
3474 4232 3510 4300 ἡ
3544 4231 3697 4302 γυνὴ

2126 4317 2312 4372 αὑτοῦ
2336 4317 2512 4387 χήρα,
2540 4336 2594 4372 κ.
2620 4336 2671 4372 τ.
2706 4320 2752 4372 ἐ.
2789 4320 2902 4373 Οὐκ
2933 4321 3236 4391 ἐπαρᾶσθαι
3268 4323 3296 4374 ό
3327 4324 3547 4388 δίκαιος,
3567 4324 3702 4378 ἀλλά

2127 4407 2519 4478 προσεύχεσθαί
2544 4426 2631 4478 μοι
2661 4409 2822 4461 δοκεῖ.
2851 4427 2867 4459 ι
2891 4409 3174 4478 Εὐλογεῖτε
3203 4411 3312 4485 γὰρ
3333 4413 3460 4476 τοὺς
3480 4414 3701 4483 ἐχθροὺς

2127 4497 2299 4568 ὑμῶν,
2367 4497 2531 4570 φησιν
2567 4502 2595 4554 ὁ
2645 4499 2965 4566 ’Λπόστολος
2985 4540 2998 4561 .
3046 4501 3312 4569 εὐλογεῖτε
3341 4505 3434 4556 καὶ
3463 4503 3536 4574 μὴ
3566 4521 3700 4557 κατ-

2126 4592 2346 4664 αρᾶσθε.
2387 4611 2405 4642 ι
2447 4593 2700 4662 ὐρφανοὶ
2735 4592 2913 4645 τοίνυν
2957 4593 3062 4646 εἰσὶ
3087 4594 3334 4665 λογισμοὶ
3368 4597 3590 4667 πονηροὶ
3615 4597 3705 4648 τὸν

2126 4683 2332 4736 ἑαυτῶν
2357 4681 2625 4750 θάψαντες
2653 4683 2863 4754 πατέρα
2887 4683 2977 4736 τὸν
3003 4686 3243 4738 Σατανᾶν
3261 4702 3274 4715 ·
3310 4688 3453 4758 χήρα
3477 4687 3532 4738 δὲ
3557 4685 3702 4757 ψυχὴ

453 4795 481 4831 a
515 4777 724 4831 diabolo
771 4794 876 4832 non
927 4781 1182 4848 suscepit.
1241 4777 1386 4833 Bene
1426 4789 1604 4832 autem
1630 4779 1798 4832 series
1834 4781 2015 4833 habet.

2128 4777 2158 4846 ἡ
2191 4775 2264 4846 μὴ
2303 4775 2636 4828 ἐπιλαϐοῦσα
2678 4775 2966 4846 σπέρματα
3016 4777 3165 4849 παρὰ
3203 4778 3294 4830 τοῦ
3336 4778 3601 4832 διαϐόλου.
3629 4773 3701 4830 Εὖ

455 4871 610 4923 I’rius
636 4870 780 4922 enim
839 4880 1056 4937 peccata
1089 4870 1228 4926 tollit
1284 4887 1403 4940 utne
1438 4885 1603 4940 opere
1635 4885 2019 4925 consumman-

455 4974 564 5027 tur,
595 4963 794 5018 deinde
826 4965 1041 5017 illortnn
1076 4966 1246 5020 malas
1271 4966 1645 5034 cogitationes.

525 5137 690 5194 Vens.
727 5141 806 5196 I9.
835 5139 960 5194 Fiat
999 5140 1046 5193 ei
1074 5144 1209 5193 sicut
1245 5141 1601 5195 vestimentum
1640 5154 1742 5209 quo
1764 5136 2022 5206 operitur,

454 5243 502 5286 et
534 5234 666 5284 sicut
701 5251 832 5288 zona
864 5250 968 5301 qua
992 5247 1192 5301 semper
1209 5232 1574 5302 pra'cingitur,
1599 5241 1707 5286 etc.
1740 5229 1863 5285 Ilaec
1890 5246 2024 5286 zona

457 5331 728 5399 signiticet
757 5328 1215 5397 concupisuontite
1248 5324 1679 5380 irrationabiletn
1734 5324 2028 5378 inﬂamma-

460 5427 679 5477 tionem.

534 5513 806 5576 Vens.2-I.
839 5513 1022 5566 Genua
1067 5526 1179 5564 mea
1230 5510 1500 5578 infirmata
1546 5518 1664 5562 sunt
1716 5508 2025 5577 ajejunio,

534 5685 573 5712 "‘
630 5682 856 5738 Zachar.
887 5698 967 5748 ut,
999 5685 1041 5736 I.
1118 5682 1159 5711 ⁸²
1187 5679 1342 5735 Rom.
1385 5695 1478 5746 an,
1519 5677 1599 5732 Η.

2121 4866 2178 4918 δὲ
2201 4867 2292 4918 καὶ
2321 4867 2354 4937 ἡ
2385 4865 2536 4930 τάξις
2566 4866 2697 4936 ἔχει.
2731 4868 3002 4938 Πρότερον
3032 4869 3129 4938 μὲν
3163 4869 3270 4940 γὰρ
3303 4871 3575 4938 περιαιρεῐ
3605 4868 3703 4930 τὰς

2125 4960 2242 5011 κατ’
2289 4958 2570 5030 ἐνέργειαν
2617 4959 2909 5030 ἁμαρτίας,
2943 4959 3132 5013 ἔπειτα
3170 4960 3226 5013 δὲ
3275 4961 3368 5014 καὶ
3405 4962 3472 5015 τά
3506 4959 3702 5014 τούτων

2127 5047 2305 5118 φαῦλα
2347 5051 2613 5121 νοήματα.

2201 5143 2522 5211 Γενηθήτω
2570 5143 2731 5206 αὐτῷ
2773 5144 2853 5209 ὡς
2909 5145 3143 5214 Ιμιὶτιον
3189 5144 3220 5199 ὃ
3269 5143 3700 5214 περιϐάλλεται,

2129 5235 2226 5289 καὶ
2255 5236 2396 5288 ὡσεὶ
2429 5233 2576 5303 (tom
2612 5233 2692 5302 ἦν
2722 5234 2820 5290 διὰ
2856 5236 3082 5302 παντὸς
3109 5236 3544 5304 περιζώννυται,
3567 5254 3618 5290 κ.
3651 5252 3702 5289 τ.

2131 5329 2176 5381 ἐ.
2203 5327 2348 5399 Αὖτη
2384 5330 2416 5399 η
2452 5327 2595 5398 ζώνη
2625 5327 2878 5398 σημαίνει
2905 5328 3002 5400 τὴν
3039 5329 3131 5383 τοῦ
3164 5328 3560 5400 ἐπιθυμητικοῦ
3584 5328 3706 5382 ἄλο-

2131 5437 2226 5488 γον
2260 5421 2524 5492 πύρωσιν.

2211 5513 2282 5565 Τὰ
2317 5512 2534 5580 γόνατά
2562 5532 2679 5582 μου
2713 5512 3060 5582 ᾐσθένηστιν
3089 5513 3206 5572 ἀπὸ
3236 5514 3537 5583 νηστείας,
3571 5528 3622 5567 κ.
3651 5527 3704 5566 τ.
