4066 6236
381 298 522 355 {569

1377 250 1685 350 seniora
1723 294 1786 349 IN
1824 295 2161 351 nsanos.
2203 330 2268 337 —
2307 298 2501 353 PSAL.
2540 298 2676 354 exn.

3506 301 3639 354 1570

369 422 421 473 ὲ.
452 419 727 491 Χρηστέον
762 419 836 491 τῷ
871 420 1016 491 ρητῷ
1046 419 1180 491 πρὸς
1207 419 1329 482 τοὺς
1362 419 1831 489 καταφρονοῦντας
1864 419 1952 489 τῆς

2067 428 2171 474 etc.
2206 420 2316 473 Iloe
2353 421 2469 474 loco
2503 422 2757 475 utendum
2792 421 3050 476 adversus
3080 436 3173 474 eos
3222 421 3309 489 qui
3358 420 3627 475 abstinen-

374 513 475 581 ἑγκ
484 513 722 581 ρατείας.

446 602 891 670 Καταράσονται
915 602 1104 667 αὐτοὶ,
1129 602 1224 654 καὶ
1252 600 1332 654 σὺ
1356 600 1730 669 εὐλογήσεις,
1755 619 1806 654 κ.
1832 619 1880 655 τ.
1906 602 1953 653 ὲ.

375 691 574 749 Τοῦτον
599 695 812 764 εὐλογεί
843 694 1066 765 Κύριος,
1099 695 1158 747 ὃν
1188 695 1548 764 ἀντικείμενοι
1590 694 1951 765 καταρῶνται.

942 879 1239 932 ΨΑΛΜΟΣ
1269 879 1390 933 ΡΘθ.

444 967 605 1022 Μετὰ
636 967 751 1022 σοῦ
783 969 820 1037 ἡ
853 967 1008 1037 ἀρχὴ
1041 969 1111 1020 ἐν
1147 968 1336 1037 ἡμέρᾳ
1364 969 1473 1038 τῆς
1502 971 1807 1041 δυνάμεώς
1837 991 1953 1029 σου

374 1054 445 1108 ἐν
475 1055 601 1121 ταῖς
635 1058 1012 1125 λαμπρότησι
1044 1058 1162 1111 τῶν
1196 1061 1396 1129 ἁγίων,
1433 1078 1486 1113 κ.
1524 1079 1573 1113 τ.
1622 1062 1669 1113 ὲ.
1706 1063 1769 1114 Ei
1808 1064 1951 1134 ἀρχὴ

379 1145 473 1198 τοῦ
510 1147 638 1199 Υίοῦ
664 1149 692 1199 6
722 1148 927 1218 Πατὴρ,
958 1151 990 1219 ἡ
1016 1149 1070 1201 δὲ
1095 1149 1243 1221 ἀρχὴ
1282 1146 1350 1221 ἦν
1383 1152 1519 1220 μετά
1555 1152 1649 1204 τοῦ
1693 1153 1950 1223 Χριστοῦ,

375 1239 553 1302 καλῶς
589 1240 734 1310 λέγει
763 1243 821 1294 ὲν
852 1244 964 1305 τοῖς
998 1243 1350 1311 Εὑαγγελίοις
1381 1244 1469 1297 τό·
1508 1265 1525 1295 ι
1557 1246 1668 1299 Οὐκ
1707 1247 1821 1316 είμὶ
1856 1245 1953 1316 μό-

374 1348 483 1394 νος,
531 1332 643 1384 ἀλλ’
684 1332 794 1400 ἐγὼ
826 1334 923 1386 καὶ
950 1333 977 1384 6
1004 1333 1225 1402 πέμψας
1275 1351 1341 1403 με
1399 1335 1605 1405 Πατήρ.
1642 1354 1661 1386 ι
1712 1335 1953 1407 Ἠμὲραν

374 1421 431 1473 δὲ
480 1422 759 1493 δυνάμεως
804 1420 923 1475 εἷπε
968 1425 1066 1494 τὴν
1110 1424 1323 1495 ἡμέραν
1362 1424 1455 1477 τοῦ
1506 1426 1758 1496 σταυροῦ,
1789 1425 1821 1496 ῆ
1855 1426 1954 1497 τῆς

374 1513 691 1588 ὲνανθρωπή
704 1532 860 1577 σεως.

2069 513 2199 565 tiam
2230 522 2605 565 contemnunt.

2137 602 2301 657 Vens.
2332 605 2423 658 “.28.
2452 604 2763 658 Maledicent
2788 604 2886 669 illi,
2910 615 2955 657 et
2980 614 3033 657 lu
3059 607 3346 669 benedices,
3369 603 3630 659 ete.iluic

2066 696 2335 749 bcnedicit
2382 696 2670 755 Dominus.
2694 697 2778 749 cui
2808 697 3101 750 adversarii
3139 696 3484 750 maledicunt.

2602 878 2920 933 PSALMUS
2958 876 3092 932 CIX.

2134 973 2299 1027 Vens.
2331 971 2383 1024 5.
2418 968 2608 1023 Tecum
2650 969 2964 1036 principium
2988 970 3041 1020 iu
3077 969 3161 1022 die
3203 970 3414 1022 virtutis
3440 978 3543 1023 tum
3578 972 3632 1024 in

2062 1064 2425 1131 splendoribus
2476 1070 2798 1121 sanctorum,
2858 1071 2963 1113 etc.
3018 1059 3071 1113 Si
3136 1061 3456 1129 principium
3513 1062 3630 1115 Filii

2066 1155 2223 1207 Pater
2246 1163 2345 1214 est,
2379 1150 2701 1220 principium
2735 1158 2914 1203 autem
2943 1158 3060 1203 erat
3088 1166 3209 1203 cum
3240 1152 3480 1213 Christo,
3516 1158 3631 1219 pul-

2059 1244 2190 1299 cltrc
2224 1244 2355 1297 dicit
2386 1243 2439 1295 in
2472 1241 2778 1310 Evangeliis
2799 1240 2883 1293 ⁸³ι
2918 1259 2935 1290 t
2973 1238 3087 1293 Non
3119 1258 3235 1294 sntn
3272 1243 3434 1311 787
3461 1243 3627 1305 solus,

2058 1337 2149 1389 sed
2180 1351 2279 1404 ego
2304 1345 2357 1387 et
2382 1336 2468 1403 qui
2500 1334 2645 1387 misit
2675 1348 2759 1386 me
2798 1333 2974 1387 Pater.
3017 1353 3034 1385 ι
3071 1334 3217 1386 Diem
3248 1346 3425 1405 autem
3458 1336 3629 1387 virtu-

2061 1426 2127 1481 tis
2155 1427 2289 1480 dixit
2314 1426 2457 1481 diem
2483 1428 2684 1492 crucis,
2714 1427 2795 1479 vel
2834 1426 3246 1479 [neat-nationis.

458 1607 552 1659 Ἐκ
606 1608 863 1675 γαστρὸς
922 1606 1035 1673 πρὸ
1083 1608 1428 1678 Ἑωσφόρου
1487 1606 1789 1678 ἐγέννησὰ
1848 1622 1943 1666 σε.

2120 1600 2287 1658 Vens.
2330 1604 2383 1657 5.
2434 1602 2517 1657 Ea:
2555 1612 2703 1657 utero
2735 1616 2859 1657 ante
2886 1602 3191 1673 Luciferum
3235 1606 3388 1673 genui
3420 1614 3488 1669 te,
3521 1615 3627 1659 etc.

374 1710 430 1747 κ.
463 1712 511 1747 τ.
547 1697 592 1749 ὲ.
640 1697 784 1750 Ἀντλ⁵
814 1697 929 1760 τοῦ,
953 1698 1068 1769 Πρὸ
1100 1698 1281 1769 πάσης
1314 1698 1535 1767 λογικῆς
1566 1697 1779 1767 φύσεως
1801 1697 1951 1764 ὲγέν-

376 1783 514 1851 νησά
537 1800 617 1837 σε.
647 1785 719 1837 Τὸ
751 1786 857 1857 γὰρ
903 1787 1195 1858 βαθύτερον
1224 1786 1683 1859 περιεργάζεσθαι
1731 1788 1829 1856 τὴν
1861 1786 1953 1853 γέ-

377 1891 519 1929 νεσιν
541 1876 634 1929 τοῦ
666 1879 900 1943 Χριστοῦ
935 1880 1143 1933 καὶτοῦ
1176 1880 1505 1953 Ἑωσφόρου,
1541 1881 1603 1933 οὐ
1629 1878 1727 1948 τῆς
1753 1879 1958 1948 ἡμετέ-

378 1986 477 2039 ρας
502 1970 617 2022 ἐστὶ
644 1972 942 2041 δυνάμεως.
975 1970 1147 2035 Πολὺς
1174 1973 1281 2043 γὰρ
1323 1974 1351 2024 6
1383 1971 1511 2032 περὶ
1556 1968 1745 2021 τούτου
1790 1967 1945 2028 λόνος

377 2060 468 2112 καὶ
497 2060 887 2133 δυσθεώρητος.

444 2152 645 2219 Κρινεῖ
707 2155 777 2205 ἐν
818 2154 941 2219 τοῖς
995 2155 1216 2219 ἔθνεσι,
1276 2154 1580 2223 πληρώσει
1637 2152 1939 2220 πτώματα,

378 2256 431 2293 κ.
487 2257 539 2294 τ.
585 2244 631 2295 ἑ.
683 2244 885 2314 Πληροῖ
928 2242 1196 2313 πτώματα
1241 2244 1334 2295 τοῦ
1379 2241 1611 2295 παλαιοῦ
1662 2239 1953 2311 ἀνθρώπου

373 2330 472 2384 τοῦ
504 2331 856 2405 φθειρομένου
883 2333 1020 2387 κατά
1046 2334 1143 2397 τὰς
1170 2334 1461 2404 ἐπιθυμίας
1482 2335 1579 2403 τῆς
1606 2333 1842 2401 ἀπάτης.

940 2516 1232 2569 ΨΑΛΜΟΣ
1286 2516 1388 2568 Pl'.

461 2627 557 2678 Ἐν
594 2626 799 2694 βουλῇ
838 2626 1060 2682 εῠθέων
1103 2628 1200 2679 καὶ
1241 2623 1565 2694 συναγωγῇ
1605 2622 1838 2693 μεγάλα
1884 2622 1953 2675 τὰ

377 2717 521 2787 ἔργα
551 2719 792 2786 Kvplov,
853 2737 907 2772 κ.
963 2736 1015 2773 τ.
1067 2720 1114 2773 ἑ.
1163 2718 1388 2786 Μεγάλα
1434 2718 1503 2770 τά
1557 2717 1695 2787 ἔργα
1745 2715 1951 2787 Κυρίου

376 2806 464 2859 διὰ
497 2805 594 2877 τὴν
618 2808 987 2878 ἀποκειμένην
1010 2810 1066 2859 ὲν
1099 2808 1283 2870 αὐτοῖς
1318 2805 1511 2874 σοφίαν
1541 2805 1815 2873 ὠνόμασε.

452 2896 687 2965 Τροφὴν
715 2898 898 2951 ἔδωκε
918 2898 1041 2964 τοῖς
1072 2896 1462 2966 φοϐουμένοις
1507 2895 1715 2958 αὐτὸν,
1746 2912 1799 2947 κ.
1822 2911 1871 2946 τ.
1903 2893 1949 2946 ὲ.

388 2988 450 3041 Ἡ
483 2989 654 3060 τροφὴ
691 2989 797 3041 τῶν
821 2988 1167 3059 φοϐουμένων
1191 2989 1280 3041 τὸν
1311 2987 1513 3056 Κύριον
1546 2988 1578 3056 ἡ
1628 2986 1793 3054 σοφία
1830 2985 1947 3037 ἐστὶ

377 3080 469 3133 τοῦ
495 3081 659 3133 θεοῦ·
698 3100 715 3131 ι
761 3080 928 3150 Ἀρχὴ
953 3080 1061 3150 γὰρ
1096 3079 1287 3147 σοφίας
1313 3078 1473 3146 φόϐος
1504 3077 1731 3146 Κυρίου.
1766 3095 1783 3125 ι

459 3169 657 3236 Ἰσχὺν
695 3169 883 3236 ἔργων
915 3167 1099 3220 αὑτοῦ
1133 3166 1448 3234 ἀνήγγειλε
1475 3163 1555 3229 τῷ
1585 3164 1712 3228 λαῷ
1744 3162 1951 3229 αὐτοῦ,

378 3273 433 3309 κ.
464 3273 515 3308 τ.
549 3258 595 3308 ὲ.
633 3256 742 3323 Τὴν
789 3256 1020 3324 θεωρίαν
1071 3255 1179 3308 τῶν
1233 3254 1536 3322 γεγονότων
1588 3256 1739 3322 ἰσχὺν
1776 3253 1953 3323 ἔργων

376 3344 541 3399 αὐτοῦ
569 3345 820 3415 ὀνομάζει
845 3362 858 3375 ·
910 3346 1061 3414 ἰσχὺς
1088 3344 1145 3397 δὲ
1176 3344 1389 3414 εἴρηται
1424 3346 1456 3414 ἡ
1499 3344 1721 3411 γνῶσις,
1760 3343 1848 3397 διὰ
1895 3342 1954 3396 τὸ

381 3438 537 3508 ἰσχὺν
564 3436 827 3490 ἐντιθέναι
861 3438 927 3505 τῇ
959 3434 1117 3504 φύσει
1148 3438 1214 3505 τῇ
1245 3437 1454 3505 λογικῇ.

455 3616 643 3684 Ἔργα
671 3613 1080 3682 χειρῶναὺτοῦ
1105 3614 1354 3679 ἀλήθεια
1387 3615 1483 3667 καὶ
1509 3614 1726 3681 κρίσις,
1756 3631 1808 3665 κ.
1834 3631 1883 3666 τ.
1903 3616 1949 3667 ὲ.

386 3705 452 3760 Ἦ
479 3707 578 3777 μὲν
606 3705 832 3777 ἀλήθεια
861 3707 917 3758 ὲν
939 3708 1049 3769 τοῖς
1081 3706 1258 3775 ὀρθοῖς
1296 3705 1527 3775 δόγμασι
1575 3704 1874 3776 θεωρεῖται,
1919 3708 1951 3777 ὴ

376 3795 431 3849 δὲ
477 3796 658 3866 κρίσις
684 3797 741 3848 ὲν
778 3798 844 3867 τῇ
880 3798 1171 3867 πρακτικῇ.
1214 3814 1231 3844 t
1270 3795 1463 3847 Πισταὶ
1506 3797 1674 3847 πᾶσαι
1709 3797 1763 3846 αἱ
1799 3797 1946 3847 ἐντο-

378 3888 467 3940 λαί
500 3886 685 3950 αὑτοῦ,
713 3886 1099 3957 ὲστηριγμέναι
1124 3889 1201 3950 είς
1236 3886 1325 3938 τὸν
1360 3886 1527 3939 αἰῶνα
1559 3887 1651 3939 τοῦ
1687 3888 1899 3950 αἰῶνος.
1929 3907 1946 3938 ι

379 3984 583 4047 Πιστάς
612 3979 731 4036 εἷπε
755 3982 851 4045 τὰς
881 3979 1118 4043 ἐντολὰς,
1145 3980 1264 4033 ἀντὶ
1296 3978 1388 4031 τοῦ
1421 3978 1656 4041 πίστεως
1692 3978 1846 4044 ἀξίας
1870 3995 1882 4007 '
1924 3977 1952 4030 ὃ

377 4077 487 4149 γὰρ
517 4074 923 4145 ὑπισχνοῦνται,
954 4071 1111 4124 τοῦτο
1139 4072 1234 4124 καὶ
1260 4069 1502 4123 ποιοῦσιν
1523 4088 1535 4100 ·
1568 4070 1950 4141 ὑπισχνοῦνται

376 4170 434 4224 δὲ
467 4170 731 4241 κάθαρσιν
752 4166 930 4238 ψυχῆς
952 4165 1175 4234 λογικῆς
1204 4167 1312 4226 τοῖς
1340 4163 1574 4233 γνησίως
1597 4164 1951 4232 φυλάττουσιν

379 4262 567 4323 αὐτάς.

919 4436 1209 4487 ΨΛΛΜΟΣ
1257 4436 1405 4487 PIA'.

460 4546 562 4600 Ἕν
599 4543 728 4607 ταῖς
793 4540 1067 4606 ἐντολαῖς
1126 4541 1317 4595 αὑτοῦ
1378 4542 1621 4608 θελήσει
1674 4542 1942 4611 σφόδρα,

376 4656 432 4695 κ.
466 4656 518 4692 τ.
543 4639 589 4691 ἑ.
632 4629 799 4698 Οὗτος
829 4634 971 4687 θέλει
1014 4636 1070 4686 ἐν
1102 4637 1221 4697 ταῖς
1254 4636 1492 4699 ἐντολαῖς
1543 4635 1711 4689 αὑτοῦ
1742 4636 1945 4707 σφόδρα

376 4732 406 4785 6
438 4729 575 4796 μετά
603 4730 781 4798 πάσης
815 4727 1100 4798 ἀκριϐείας
1128 4726 1413 4794 φυλάσσων
1439 4728 1624 4790 αὑτάς.

449 4822 601 4885 Δόξα
634 4819 728 4873 καὶ
766 4818 1027 4883 πλοῦτος
1074 4818 1143 4869 ἐν
1192 4814 1271 4881 τῷ
1316 4818 1458 4883 οἴκῳ
1500 4820 1707 4881 αὑτοῦ,
1735 4836 1787 4873 κ.
1816 4836 1865 4871 τ.
1896 4821 1943 4874 ὲ.

387 4912 453 4965 Ἦ
488 4911 647 4980 σοφία
673 4910 766 4963 τοῦ
800 4907 954 4973 Θεοῦ,
985 4908 1118 4961 καθὸ
1154 4908 1250 4977 μὲν
1277 4907 1534 4967 ἀφθονίαν
1556 4910 1782 4981 παρέχει
1817 4911 1949 4963 θεω-

378 5003 656 5074 ρημάτων,
695 5001 918 5062 πλοῦτος
953 4998 1217 5059 καλεῖται,
1266 4997 1401 5049 καθὸ
1437 4996 1491 5049 δὲ
1542 5000 1951 5069 παρασκευάζει

374 5095 499 5157 τοὺς
532 5090 847 5163 ἀνθρώπους
876 5089 1114 5154 δοξάζειν
1132 5088 1221 5140 τὸν
1252 5086 1590 5157 κεκτημένον
1616 5090 1804 5160 αὐτὴν,
1831 5090 1949 5142 ὀνο-

379 5182 611 5254 μάζεται
639 5181 784 5246 δόξα.

458 5273 865 5340 Ἑξανέτειλεν
926 5271 995 5323 ἐν
1042 5272 1244 5324 σκότει
1315 5268 1441 5338 φῶς
1501 5267 1626 5334 τοῖς
1683 5268 1945 5332 εὺθέσιν,

373 5385 427 5422 κ.
466 5384 517 5421 τ.
557 5366 603 5418 ἑ.
652 5364 709 5416 Ὀ
750 5362 937 5433 Σωτὴρ
976 5364 1032 5415 ὲν
1064 5365 1174 5424 τοῖς
1221 5361 1570 5429 Εὑαγγελίοις
1629 5363 1761 5431 φησὶ
1811 5360 1945 5431 πρὸς

371 5458 496 5519 τοὺς
539 5452 811 5525 μαθητάς·
850 5470 867 5502 t
906 5453 971 5503 ’Ὁ
1014 5450 1283 5520 ἠκούσατε
1315 5451 1372 5503 ὲν
1402 5453 1466 5520 τῇ
1504 5451 1716 5520 σκοτίᾳ,
1760 5452 1940 5503 εἵπετε

373 5550 431 5603 ὲν
463 5548 538 5618 τῷ
567 5546 724 5616 φωτί.
767 5564 786 5595 ι

445 5689 487 5720 ³³
520 5696 669 5743 toan.
708 5703 817 5752 xt’t,
844 5688 929 5741 52.
1012 5686 1056 5717 "
1090 5684 1223 5739 Psal.
1264 5700 1350 5750 cx,
1388 5688 1473 5742 Η).
1542 5684 1584 5714 ⁸⁵
1622 5684 1805 5736 Matth.
1842 5699 1893 5745 ς,
1924 5683 2014 5739 ‘27.

2055 1696 2135 1751 Ac
2183 1698 2227 1751 si
2286 1698 2433 1752 dicat
2474 1715 2487 1750 :
2537 1695 2671 1748 Ante
2705 1712 2919 1749 onmem
2959 1696 3334 1750 rationabilem
3378 1706 3628 1749 naturam

2056 1787 2214 1854 genui
2266 1798 2336 1840 te.
2382 1787 2558 1841 Altius
2610 1788 3018 1856 generationem
3068 1786 3269 1841 Christi
3301 1795 3353 1840 et
3394 1786 3628 1840 Luciferi

2057 1877 2313 1938 scrutari,
2344 1892 2505 1945 supra
2551 1878 2700 1929 vires
2737 1886 2951 1930 nostras
2997 1885 3099 1928 est.
3158 1874 3354 1928 Multus
3386 1875 3527 1927 enim
3566 1889 3630 1927 ea

2053 1967 2121 2021 de
2157 1983 2213 2022 re
2239 1982 2416 2021 sermo
2447 1978 2530 2021 est
2557 1978 2609 2020 et
2639 1966 3000 2036 contemplatu
3034 1966 3283 2019 diliicilis.

2128 2149 2291 2201 Vens.
2319 2146 2371 2201 6.
2400 2147 2673 2202 Jutlicabit
2701 2149 2755 2202 in
2786 2149 3085 2201 nationibus
3113 2187 3126 2209 ,
3154 2147 3388 2215 implebit
3422 2149 3625 2214 ruinas,

2052 2245 2161 2294 etc.
2194 2239 2379 2307 Implet
2411 2240 2595 2292 ruinas
2622 2240 2822 2293 veteris
2859 2240 3095 2292 hominis
3136 2240 3227 2307 qui
3260 2242 3629 2308 corrumpitur

2059 2332 2355 2385 secundum
2382 2332 2583 2385 erroris
2607 2330 2894 2384 desideria.

2605 2502 2926 2558 PSALMUS
2969 2503 3081 2558 CX.

2128 2619 2289 2671 Vens.
2318 2617 2369 2681 1,
2411 2616 2464 2669 2.
2506 2616 2571 2668 lu
2602 2616 2823 2669 consilio
2845 2617 3118 2684 justorum
3149 2628 3195 2671 et
3230 2620 3629 2687 congregatione

2055 2725 2245 2777 magna
2273 2724 2432 2771 opera
2464 2706 2699 2771 Domini,
2764 2718 2869 2764 etc.
2917 2708 3107 2779 Magna
3143 2709 3278 2762 dixit
3324 2724 3486 2778 Opera
3524 2710 3625 2763 Do-

1980 2826 2022 2883 ρ
2057 2800 2185 2853 mini
2218 2810 2436 2867 propter
2469 2799 2801 2852 reconditam
2830 2800 2882 2851 in
2910 2800 3017 2853 illis
3046 2800 3392 2869 sapientiam.

2135 2890 2293 2943 \‘ens.
2340 2889 2393 2943 5.
2446 2888 2631 2942 lis-ram
2678 2890 2821 2943 dedit
2874 2890 3179 2945 timentibus
3224 2908 3301 2957 se,
3342 2902 3448 2946 etc.
3493 2892 3629 2948 Esca

2056 2982 2356 3035 timentium
2387 2979 2677 3033 Dominum
2715 2982 2978 3050 sapientia
3010 2992 3094 3036 est
3132 2981 3228 3037 Dei
3264 3001 3279 3037 :
3311 2999 3435 3038 natn
3469 3002 3488 3036 ι
3523 2983 3627 3038 ini-

2056 3074 2184 3124 tintn
2210 3072 2488 3137 sapientia:
2518 3071 2679 3122 timor
2711 3072 2918 3124 Domini
2969 3072 3038 3123 ⁸⁸.
3077 3090 3096 3122 ο

2125 3163 2288 3216 Vens.
2350 3162 2405 3214 6.
2470 3161 2725 3214 Virtutem
2767 3178 2982 3228 operum
3032 3177 3249 3215 suorum
3294 3166 3626 3218 annuntiaoit

2050 3256 2241 3319 pomi/0
2280 3269 2396 3315 suo,
2440 3262 2546 3305 etc.
2596 3252 2793 3303 Eorum
2846 3268 2966 3319 qua;
3004 3254 3349 3321 contigerunt
3385 3264 3629 3308 contem-

2050 3342 2344 3410 plationetn
2407 3344 2658 3397 virtutem
2713 3358 2937 3411 operum
3004 3344 3122 3412 ejus
3198 3354 3370 3397 vocat.
3434 3343 3621 3400 Virtus

2053 3444 2229 3487 autem
2263 3434 2407 3488 dicta
2460 3445 2543 3487 est
2594 3435 2845 3496 scientia,
2899 3435 3023 3502 quia
3070 3433 3378 3488 rationabili
3415 3446 3625 3491 natura:

2052 3527 2303 3580 virtutem
2335 3528 2543 3582 inserit.

2125 3618 2289 3672 Vsus.
2321 3620 2373 3673 7.
2423 3619 2595 3688 Opera
2627 3636 2878 3672 manuum
2906 3622 3019 3689 ejus
3052 3622 3241 3675 veritas
3268 3620 3625 3690 etjudicium,

2051 3720 2162 3763 etc.
2201 3711 2411 3762 Veritas
2453 3712 2504 3763 in
2544 3712 2710 3765 rectis
2743 3713 3016 3779 decretis,
3045 3714 3306 3783 judicium
3348 3715 3398 3766 in
3433 3716 3624 3783 agendi

2052 3800 2263 3852 ratione
2306 3801 2657 3868 conspicitur.
2699 3818 2718 3851 ι
2749 3800 2949 3853 Fidelia
2982 3804 3163 3855 omnia
3201 3805 3453 3856 mandata
3484 3803 3622 3871 ejus,

2049 3891 2366 3944 conﬁt-mala
2402 3894 2450 3944 itt
2488 3892 2742 3946 Saeculum
2775 3894 2977 3946 saeculi.
3009 3913 3028 3946 ι
3070 3895 3271 3949 Fidelia
3301 3896 3437 3949 dixit
3474 3913 3624 3949 man-

2051 3979 2175 4030 data
2208 3978 2344 4045 ejus,
2393 3996 2454 4035 ac
2503 3982 2545 4033 si
2594 3983 2821 4035 dixisset
2876 3982 2978 4036 lide
3027 3983 3211 4051 digna.
3271 3984 3425 4048 Quod
3480 3986 3623 4038 enim

2052 4070 2388 4135 pollicentur.
2442 4074 2541 4126 hoc
2582 4082 2635 4127 et
2684 4082 2971 4141 praestant.
3033 4076 3395 4129 Rationabilis
3445 4088 3623 4130 autem

2052 4164 2247 4216 aninne
2292 4166 2583 4235 puritatem
2634 4166 2958 4235 pollicentur
3005 4168 3072 4223 iis
3116 4169 3207 4238 qui
3265 4171 3476 4225 sincere
3533 4170 3622 4224 illa

2053 4269 2108 4308 SC
2118 4266 2290 4310 rvunt.

2583 4440 2910 4498 PSALMUS
2964 4443 3095 4498 CXI.

2123 4556 2291 4611 Vens.
2336 4558 2386 4612 1.
2450 4552 2515 4613 ιη
2550 4559 2816 4613 mandatis
2864 4577 2977 4628 ejus
3022 4561 3153 4615 volet
3180 4561 3356 4626 nimis,
3412 4573 3519 4615 etc.
3567 4562 3621 4616 in

2050 4649 2320 4703 mandatis
2348 4648 2464 4718 ejus
2491 4650 2603 4704 vult
2631 4652 2790 4706 nimis
2830 4652 2876 4707 is
2908 4652 2997 4721 qui
3039 4669 3101 4706 ea
3156 4669 3277 4707 cum
3325 4653 3470 4707 etnni
3503 4653 3625 4708 dilio

2050 4740 2229 4810 gentia
2260 4741 2517 4795 custodit.

2127 4832 2286 4887 Vsus.
2323 4831 2377 4886 3.
2417 4830 2599 4885 Gloria
2640 4846 2687 4886 et
2716 4832 2918 4885 divititr
2959 4831 3013 4881 in
3042 4837 3194 4882 domo
3217 4830 3355 4900 ejus,
3381 4841 3489 4885 etc.
3516 4833 3622 4887 Sa-

2053 4926 2254 4994 pientia
2298 4924 2412 4989 Dei,
2447 4933 2717 4993 quatenus
2763 4920 3149 4975 abundantiam
3206 4924 3620 4993 contemplatio-

2051 5035 2180 5071 num
2248 5019 2471 5085 pra-bit,
2525 5025 2749 5069 vocatur
2813 5015 3054 5079 divitiae;
3108 5026 3376 5085 quatenus
3438 5027 3620 5071 autent

2053 5110 2300 5163 homines
2334 5118 2598 5178 prmparat
2635 5108 2701 5160 ad
2744 5108 3159 5176 elot‘iiicattdum
3206 5124 3327 5162 eum
3378 5108 3470 5177 qui
3502 5123 3620 5162 eam

2051 5211 2329 5254 assecutus
2353 5210 2453 5263 est,
2489 5199 2787 5268 appellatur
2815 5200 3019 5270 gloria.

2123 5292 2279 5347 Vens.
2314 5293 2368 5345 4.
2428 5292 2686 5345 Exortum
2736 5304 2808 5347 est
2855 5295 2907 5346 in
2964 5294 3190 5347 tenebris
3218 5294 3391 5347 lumen
3446 5294 3620 5359 rectis,

2050 5395 2155 5437 etc.
2198 5385 2446 5436 Salvator
2480 5384 2530 5436 in
2566 5384 2871 5454 Evangeliis
2900 5385 2977 5438 ait
3008 5386 3287 5453 discipulis
3316 5386 3394 5438 ⁸³ε
3422 5405 3439 5437 t
3468 5385 3617 5454 Quod

2051 5472 2275 5526 audistis
2301 5472 2351 5524 in
2390 5474 2647 5541 tenebris,
2680 5473 2842 5530 dicite
2876 5474 2928 5529 in
2963 5474 3185 5529 lutnine.
3220 5494 3239 5527 ι
