4066 6236
462 318 591 373 1571

1875 310 1965 367 EX
2001 308 2303 366 ORIGENE

3586 315 3740 368 157?.

528 440 692 494 Vens.
733 438 787 492 5.
827 439 1072 505 Disponet
1112 448 1378 488 sermones
1408 448 1532 487 suos
1569 435 1621 487 in
1664 433 1892 502 ¹ναίὴ-ἕο,
1927 441 2021 487 elei

2214 432 2609 501 Οἰκονομήσει
2666 431 2807 497 τοὺς
2863 434 3091 501 λόγους
3141 433 3329 488 αὐτοῦ
3389 435 3460 487 ἐν
3500 437 3735 502 κρίσει,

452 535 547 591 llis
579 536 835 590 utemlum
871 534 1050 588 verbis
1081 542 1268 585 contra
1297 543 1390 581 eos
1419 528 1510 597 qui
1546 526 1945 580 inconsiderate
1978 533 2033 577 ct

452 636 657 682 tenuere
690 627 885 680 divitiae
925 624 1221 693 Scriptura:
1270 621 1532 689 mysteria
1589 617 1872 687 proferunt
1905 638 1915 670 :
1950 626 2030 668 ct-

450 720 592 774 enim
620 717 818 772 Paulus
847 718 923 770 ait
952 716 999 747 ⁶⁵⁶
1038 734 1051 769 :
1089 715 1211 769 «Sic
1249 729 1348 768 nos
1378 714 1648 766 existimet
1686 710 2032 779 738homu

450 821 507 865 ut
536 811 812 865 ministros
842 809 1047 865 Christi
1092 817 1148 862 et
1189 807 1594 875 dispensatores
1646 802 2031 872 mysteriorum

452 903 564 957 Dei.
606 921 624 953 ι

521 995 686 1052 Vnus.
731 979 784 1049 ’Τί
829 995 907 1048 Ab
931 995 1203 1048 auditione
1230 991 1371 1043 mala
1398 1006 1500 1043 non
1524 988 1747 1051 timebit,
1782 995 1887 1040 etc.
1924 986 2030 1037 An-

449 1089 677 1149 ditione,
717 1088 766 1139 id
802 1097 885 1141 est
918 1088 1083 1150 fama,
1105 1083 1563 1155 quemadmodqu
1590 1079 1756 1133 etiam
1788 1077 1838 1129 in
1859 1075 2030 1129 Evan-

448 1179 589 1249 gelia
620 1178 881 1245 scriptum
917 1184 1004 1229 est
1045 1175 1089 1205 ⁸⁷
1126 1191 1139 1227 :
1177 1192 1195 1225 ι
1226 1172 1371 1226 Exiit
1419 1169 1624 1225 auditio
1667 1166 1784 1232 ejus
1822 1165 1873 1217 in
1909 1162 2028 1216 uui-

448 1286 660 1324 versam
714 1268 950 1339 Syriam.
981 1287 999 1319 ι
1050 1266 1115 1321 Ει
1176 1280 1366 1320 rursus
1396 1264 1488 1317 ⁸⁸ε
1538 1278 1556 1312 ι
1587 1255 1839 1314 Audituri
1897 1254 2030 1309 estis

450 1363 633 1432 pratlia
662 1372 718 1415 et
741 1361 1067 1438 .auditioues
1104 1359 1435 1429 pra-lioruni.
1463 1375 1482 1407 ι

522 1454 681 1507 Vsus.
726 1455 778 1506 9.
817 1452 992 1506 Cornu
1034 1452 1149 1520 ejus
1202 1449 1521 1504 exaltabitur
1566 1445 1619 1497 in
1669 1441 1875 1511 gloria,
1916 1446 2024 1491 etc.

447 1546 589 1601 Nihil
624 1561 776 1613 aeque
820 1546 1077 1599 formidat
1110 1544 1342 1598 Satanas
1370 1557 1432 1595 ac
1451 1549 1684 1592 tuentem
1709 1535 1761 1588 in
1794 1530 2024 1587 scientia

446 1638 541 1693 Dei
576 1638 900 1691 exaltatam.

518 1732 685 1787 Vens.
727 1731 815 1785 10.
861 1728 1191 1783 Desiderium
1235 1724 1529 1795 peccatoris
1572 1719 1783 1790 peribit,
1820 1726 1925 1772 etc.
1966 1712 2022 1767 Si

2139 543 2194 578 κ.
2223 543 2273 578 τ.
2305 526 2350 577 ὲ.
2387 524 2669 596 Χρηστέον
2694 523 2769 594 τῷ
2805 524 2954 594 ῥητῷ
2980 525 3115 595 πρὸς
3150 526 3277 590 τούς
3299 528 3736 599 ἀπερισκέπτως

2136 617 2467 687 ἐκφέροντας
2487 615 2554 668 τὰ
2570 614 2690 667 θεῖα
2725 617 3001 685 μυστήρια
3041 616 3138 686 τῆς
3165 616 3313 681 θείας
3345 620 3591 690 Γραφῆς,
3628 621 3741 676 ml

2136 708 2463 779 ἁδιακρίτως
2486 725 2498 737 ·
2532 707 2628 760 καὶ
2654 708 2762 778 γὰρ
2793 709 2821 760 6
2850 707 3060 771 Παῦλος
3084 726 3277 779 φησιν’
3315 730 3332 760 ι
3363 711 3549 775 Οῦτως
3576 714 3737 783 ἡμᾶς

2134 798 2432 868 λογιζέσθω
2458 798 2745 867 ἄνθρωπος
2768 798 2843 861 ὠς
2870 799 3151 869 ὑπηρέτας
3183 802 3418 870 Χριστοῦ
3446 804 3541 856 καὶ
3570 807 3734 858 οίκο-

2135 895 2334 964 νόμους
2367 893 2476 946 τῶν
2513 893 2828 963 μυστηρίων
2861 891 3019 946 Θεοῦ.
3058 914 3076 946 ι

2218 984 2352 1037 Ἀπὸ
2376 982 2567 1051 ἀκοῆς
2599 982 2866 1051 πονηρᾶς
2897 986 2968 1037 οὐ
3007 984 3434 1053 φοϐηθήσονται,
3481 1004 3535 1040 κ.
3572 973 3625 1042 τ.
3668 988 3727 1043 ἑ.

2144 1076 2336 1146 Ἀκοῆς
2382 1076 2501 1128 ἀντὶ
2547 1074 2665 1137 τοῦ,
2702 1076 2909 1145 φήμης,
2941 1074 3018 1138 ὡς
3052 1076 3147 1129 καὶ
3188 1076 3246 1128 ὲν
3274 1077 3353 1148 τῷ
3394 1079 3730 1151 Εὐαγγελιῳ

2130 1167 2475 1238 γέγραπται·
2519 1185 2537 1216 ι
2575 1162 2826 1235 Ἐξῆλθεν
2872 1167 2905 1235 ἡ
2940 1166 3078 1237 ἀκοὴ
3108 1166 3271 1220 αὐτοῦ
3317 1170 3398 1230 είς
3447 1167 3575 1238 ὃλην
3612 1170 3728 1241 τὴν

2131 1258 2360 1331 Συρίαν
2402 1277 2421 1309 ι
2479 1257 2575 1310 καὶ
2608 1256 2803 1311 πάλιν
2837 1274 2855 1307 ι
2894 1255 3132 1310 Μέλλετε
3174 1258 3393 1312 ἀκούειν
3439 1260 3725 1331 πολέμους

2128 1349 2224 1402 καὶ
2248 1347 2419 1412 ἀκοὰς
2443 1347 2712 1417 πολέμων.
2760 1365 2779 1398 ι

2204 1441 2273 1494 Τὸ
2313 1440 2491 1506 κέρας
2530 1437 2718 1494 αὐτοῦ
2760 1437 3140 1507 ὑψωθήσεται
3180 1439 3250 1492 ἐν
3274 1439 3447 1509 δόξῃ,
3483 1458 3535 1494 κ.
3574 1460 3630 1496 τ.
3661 1443 3722 1501 ἐ.

2128 1529 2295 1583 Οὐδὲν
2330 1528 2474 1582 οὕτω
2514 1527 2761 1596 φοϐεῖται
2794 1530 2822 1581 6
2848 1529 3108 1591 Σατανᾶς,
3162 1528 3239 1592 ὡς
3270 1528 3392 1583 νοῦν
3427 1530 3723 1600 Osi/odiem

2127 1624 2187 1675 ὲν
2223 1620 2423 1689 γνώσει
2456 1620 2613 1674 Θεοῦ.

2214 1712 2532 1782 Ἐπιθυμία
2571 1707 2928 1779 ἁμαρτωλοί)
2969 1709 3299 1775 ἀπολεῖται,
3332 1730 3387 1766 κ.
3415 1730 3463 1766 τ.
3498 1714 3545 1766 ἑ.
3578 1715 3646 1768 Ei
3670 1717 3711 1787 ἠ

445 1824 771 1878 desiderium
832 1819 1142 1892 peccatoris
1194 1817 1416 1887 peribit,
1482 1810 1786 1882 peccatoris
1841 1815 2019 1860 autem

2128 1802 2394 1872 ἐπιθυμία
2416 1777 2742 1872 ἆμαρτωλοῦ
2768 1800 3126 1873 ἀπολεῖται,η
3154 1802 3207 1855 δὲ
3236 1804 3555 1873 ἁμαρτωλοῦ
3585 1777 3719 1860 tm;

444 1915 770 1970 desiderium
802 1923 885 1968 est
923 1911 1127 1967 malitia
1155 1951 1171 1975 ,
1206 1912 1388 1977 utique
1431 1913 1779 1975 [occatorutu
1813 1897 2018 1953 malitia

444 2005 664 2073 peribit.

977 2179 1298 2237 PSALMUS
1357 2177 1515 2234 CXII.

514 2282 681 2337 Vnus.
714 2281 769 2335 3.
804 2280 842 2333 Α
876 2276 1004 2333 solis
1032 2285 1150 2330 ortu
1190 2289 1353 2344 usque
1379 2274 1447 2324 ad
1475 2284 1719 2324 occasum
1751 2265 2026 2323 laudabile

441 2391 629 2429 nonum
658 2373 866 2427 Domini
891 2411 907 2436 ,
932 2382 1039 2425 etc.
1070 2367 1235 2424 Ortus
1261 2374 1386 2419 sunt
1418 2372 1627 2416 natura:
1658 2360 2007 2413 intellectua-

440 2466 522 2521 les
550 2466 605 2519 in
641 2464 837 2533 quibus
880 2460 961 2516 sol
1002 2459 1234 2528 iustitia:
1276 2458 1486 2519 oritur;
1535 2452 1793 2507 occidens
1830 2459 2012 2503 autem

440 2568 571 2613 sunt
597 2558 761 2610 etiam
804 2554 1081 2607 hominum
1116 2550 1334 2610 animze,
1386 2547 1441 2600 in
1473 2545 1673 2615 quibus
1724 2538 2018 2609 aliquando

439 2645 638 2701 occidit
666 2643 924 2712 spiritalis
948 2650 1005 2695 et
1030 2638 1269 2694 caelestis
1295 2638 1397 2691 sol.

512 2736 677 2792 Vnus.
708 2735 764 2797 5,
816 2734 871 2788 6.
904 2734 1009 2799 Qui
1033 2734 1087 2786 in
1107 2732 1229 2785 altis
1251 2729 1451 2783 habitat
1481 2735 1528 2781 et
1554 2722 1780 2777 humilia
1811 2717 2017 2786 respicit

441 2832 497 2885 in
517 2829 643 2884 caelo
674 2828 811 2883 etin
861 2837 1025 2888 terra,
1080 2831 1190 2876 etc.
1247 2819 1469 2874 Habitat
1522 2816 1662 2869 Deus
1722 2812 1776 2865 iu
1813 2807 2018 2864 sanctis

441 2919 800 2992 potestatibus
829 2935 843 2972 :
869 2913 1117 2986 providet
1147 2922 1327 2965 autem
1358 2905 1649 2963 humilibus
1683 2900 2016 2967 hominibus,

442 3021 499 3067 ut
524 3014 615 3067 list
636 3010 882 3067 voluntas
922 3005 1041 3075 ejus
1065 3004 1211 3060 sicut
1246 3004 1297 3057 in
1336 2999 1476 3055 cmlo
1506 3007 1563 3053 et
1586 2997 1640 3052 iu
1670 3004 1836 3050 terra.

510 3192 673 3248 Vens.
699 3191 755 3248 7.
798 3188 1075 3245 Suscitaus
1100 3185 1166 3240 de
1195 3193 1337 3238 terra
1367 3181 1595 3249 inopem,
1624 3186 1670 3230 et
1703 3174 1767 3228 de
1793 3182 2019 3228 stercore

438 3286 642 3356 erigens
672 3297 978 3352 pauperem,
1007 3288 1114 3334 etc.
1166 3275 1419 3331 Animam
1455 3270 1675 3342 quidem
1727 3283 1758 3322 α
1808 3264 2015 3321 malitia

440 3379 506 3431 ad
538 3377 791 3430 virtutem
821 3373 1049 3428 suscitat
1080 3369 1245 3433 Deus,
1278 3373 1516 3421 mentem
1566 3375 1695 3416 vero
1750 3358 1817 3413 ab
1868 3357 2018 3420 igno-

439 3468 615 3523 rantia
646 3465 714 3518 ad
749 3464 1036 3520 scientiam
1066 3466 1351 3528 provocat.

510 3559 672 3613 Vsus.
697 3560 753 3612 9.
785 3556 891 3621 Qui
918 3554 1158 3607 habitare
1188 3550 1317 3619 facit
1344 3546 1575 3603 sterilem
1605 3545 1660 3598 in
1697 3543 1874 3606 domo,
1912 3554 2023 3591 ma-

438 3662 570 3705 trem
600 3654 663 3703 de
698 3648 827 3717 ﬁliis
868 3647 1157 3709 (celantem,
1184 3654 1290 3698 etc.
1315 3660 1334 3693 ι
1360 3640 1589 3702 Laetare,
1642 3635 1865 3700 sterilis,
1900 3646 2021 3700 qute

438 3759 545 3799 non
579 3742 745 3812 paris,
789 3753 977 3810 rumpe
1006 3748 1061 3793 et
1089 3737 1284 3801 clama,
1309 3748 1429 3803 quae
1470 3745 1573 3784 non
1603 3724 1860 3796 parturis,
1889 3722 2017 3791 quia

438 3833 591 3887 multi
644 3831 738 3886 lilii
787 3830 1019 3886 desertas
1069 3827 1243 3897 magis
1290 3838 1453 3894 quam
1506 3821 1624 3889 ejus
1675 3830 1794 3885 quae
1855 3813 2018 3867 habet

436 3926 612 3979 virum
645 3925 711 3977 ³⁸.
744 3941 763 3976 ι
821 3922 890 3977 Ει
939 3920 1144 3977 sterilis
1184 3918 1402 3987 quidem
1456 3913 1741 3969 desereute
1792 3906 1903 3960 Deo
1958 3904 2016 3956 tit

436 4017 642 4085 anima,
668 4025 844 4072 mater
872 4028 1002 4070 vero
1029 4012 1371 4082 inoperante.

952 4178 1280 4238 PSALMUS
1330 4173 1521 4233 CXIII.

507 4278 673 4334 Vsus.
711 4278 766 4340 1,
802 4274 858 4329 2.
912 4272 982 4327 In
1028 4272 1170 4326 exitu
1196 4267 1371 4323 Israel
1416 4268 1480 4320 de
1524 4263 1781 4334 JEgypto,
1827 4262 2013 4316 domus
2045 4255 2091 4311 D

434 4371 601 4425 Iacob
638 4370 701 4422 de
728 4365 922 4437 populo
963 4363 1210 4427 barbaro,
1246 4360 1393 4429 facta
1428 4366 1506 4412 est
1545 4357 1736 4411 Judaza
1769 4353 2012 4421 sanctiﬁ-

435 4462 574 4516 catio
607 4460 747 4528 ejus,
777 4466 887 4511 etc.
912 4454 971 4510 Si
1003 4451 1365 4509 sanctiﬁcatio
1410 4449 1506 4505 Dei
1544 4446 1733 4503 Judaaa
1763 4455 1870 4509 est,
1918 4444 2016 4498 .lu-

435 4550 549 4602 daea
606 4559 739 4600 vero
797 4544 1187 4613 interpretatur
1219 4538 1495 4607 conﬁtens,
1542 4536 1720 4594 omnis
1749 4533 2015 4591 conﬁtens

437 4639 612 4693 anima
639 4633 1001 4692 sanctificatio
1024 4631 1119 4687 Dei
1152 4640 1261 4686 est.

508 4731 668 4786 Vsus.
706 4730 763 4785 ι.
791 4726 1001 4783 Montes
1030 4723 1425 4779 exsultaverunt
1454 4732 1514 4776 ut
1544 4721 1759 4787 arietes,
1778 4732 1834 4776 et
1857 4715 2014 4773 colles

437 4823 571 4877 sicut
599 4822 723 4892 agni
752 4821 959 4884 ovium,
991 4824 1100 4872 etc.
1132 4815 1346 4871 Montes
1381 4823 1436 4869 et
1477 4812 1646 4867 colles
1687 4820 1816 4865 sunt
1854 4808 2015 4879 spiri-

437 4915 573 4969 tales
599 4923 807 4968 naturze
830 4925 950 4981 qua:
978 4911 1043 4965 de
1069 4909 1246 4964 salute
1276 4904 1447 4962 Israel
1478 4905 1753 4959 laetantur.
1781 4901 1840 4957 Si
1869 4900 2016 4956 enim

433 5007 527 5074 qui
556 5004 609 5059 in
644 5004 802 5060 caelis
843 5011 972 5058 sunt
1021 5002 1257 5073 gaudent
1291 5014 1457 5070 super
1490 5012 1599 5053 uno
1628 4994 1795 5066 789
1841 4993 2015 5063 poeni-

436 5102 660 5158 tentiam
713 5110 931 5168 agcnte,
984 5107 1188 5168 quanto
1236 5096 1409 5166 magis
1454 5107 1621 5162 super
1656 5102 1739 5147 tot
1782 5089 2017 5145 millibus

437 5192 715 5248 hominum
749 5189 841 5259 qui
877 5204 906 5242 a
937 5187 1068 5242 vitio
1096 5185 1162 5240 ad
1195 5186 1477 5247 virtutem,
1507 5192 1562 5237 et
1596 5181 1666 5236 ab
1707 5177 2014 5249 ignorantia

437 5286 504 5338 ad
530 5281 816 5348 scientiam
845 5279 939 5334 Dei
974 5276 1337 5350 gradiuntur!

506 5368 675 5427 Vnus.
701 5370 757 5427 8.
788 5370 894 5437 Qui
926 5369 1173 5425 convertit
1208 5377 1410 5438 petram
1439 5367 1492 5421 in
1515 5379 1703 5437 stagna
1733 5376 2010 5435 aquarum,

434 5470 483 5514 et
513 5478 687 5532 rupem
714 5464 765 5516 in
798 5462 967 5532 fontes
1000 5476 1283 5532 aquarum,
1313 5468 1423 5514 etc.
1450 5460 1722 5525 Quantum
1748 5456 1813 5510 ad
1847 5454 2016 5509 histo-

437 5550 571 5606 riam
605 5552 857 5622 pertinet,
888 5552 1055 5609 semel
1084 5552 1136 5606 iu
1173 5552 1389 5607 deserto
1417 5561 1681 5604 conversa
1727 5554 1880 5617 petra
1912 5559 2011 5615 po-

2128 1893 2297 1963 θυμία
2328 1893 2445 1946 ἐστὶ
2475 1892 2714 1962 κακία,ὴ
2745 1893 2915 1947 κακία
2945 1892 3053 1963 ἄρα
3081 1893 3359 1947 ἀπολεῖται
3389 1896 3495 1950 τῶν
3519 1897 3716 1970 ἁμαρ·

2125 1985 2331 2040 τωλῶν.

2691 2162 2986 2216 ΨΑΛΜΟΣ
3024 2162 3169 2215 PIB'.

2207 2256 2342 2312 Ἀπὸ
2392 2253 2706 2311 ἀνατολῶν
2751 2254 2932 2323 ἡλίου
2960 2254 3136 2323 μέχρι
3186 2254 3432 2325 δυσμῶν
3467 2259 3712 2314 αίνετόν

2126 2350 2189 2403 τὸ
2214 2349 2399 2417 ὄνομα
2422 2346 2663 2414 Κυρίου,
2692 2363 2747 2399 κ.
2776 2361 2827 2398 τ.
2859 2346 2906 2398 ὲ.
2946 2345 3227 2400 Ἀνατολαὶ
3259 2348 3357 2416 μέν
3380 2349 3484 2401 εἱσι
3512 2349 3710 2416 φύσεις

2124 2443 2181 2497 αἱ
2213 2440 2418 2511 νοεραὶ,
2446 2440 2503 2491 ἐν
2535 2433 2623 2502 αῖς
2645 2440 2673 2491 6
2699 2437 2798 2507 τῆς
2825 2438 3174 2509 δικαιοσύνης
3202 2438 3350 2509 ἦλιος
3388 2441 3707 2495 ἀνατέλλει·

2124 2534 2325 2604 δυσμαὶ
2360 2531 2416 2584 δὲ
2469 2531 2524 2583 αἱ
2558 2530 2664 2582 τῶν
2689 2528 2992 2597 ἀνθρώπων
3020 2529 3211 2600 ψυχαὶ,
3244 2531 3301 2583 ὲν
3326 2526 3414 2595 αἷς
3436 2532 3522 2586 ἔδυ
3574 2536 3706 2588 ποτὲ

2126 2624 2155 2676 6
2180 2621 2545 2693 πνευματικὸς
2578 2619 2672 2673 καὶ
2698 2620 3018 2692 ἐπουράνιος
3054 2619 3223 2689 ἥλιος.

2208 2712 2262 2765 Ὁ
2288 2712 2358 2764 ἐν
2381 2709 2643 2779 ὑψηλοῖς
2668 2707 2960 2762 κατοικῶν
2976 2709 3073 2762 καὶ
3102 2710 3174 2761 τὰ
3202 2712 3451 2765 ταπεινὰ
3472 2712 3705 2782 ἐφορῶν

2125 2801 2196 2854 ἐν
2220 2798 2299 2864 τῷ
2335 2797 2568 2866 οὐρανῷ
2599 2797 2695 2850 καὶ
2724 2797 2795 2850 ἐν
2825 2795 2899 2865 τῇ
2930 2795 3028 2866 τῇ,
3057 2815 3109 2850 κ.
3153 2816 3203 2851 τ.
3237 2800 3282 2851 ἑ.
3330 2800 3483 2852 υίκεῑ
3528 2800 3625 2870 μὲν
3672 2803 3703 2853 6

2127 2892 2260 2955 Θεὸς
2289 2891 2347 2943 ὲν
2372 2891 2490 2952 ταῖς
2522 2887 2707 2956 ἁγίαις
2737 2887 2997 2957 δυνάμεσι
3015 2904 3029 2916 ’
3060 2892 3366 2960 προνοεῖται
3394 2888 3448 2942 δὲ
3473 2890 3581 2942 τῶν
3602 2908 3702 2942 τα-

2049 3003 2091 3061 C
2128 2983 2328 3038 πεινῶν
2362 2983 2687 3055 ἀνθρώπων,
2721 2982 2806 3034 ἵνα
2833 2982 3056 3053 γένηται
3087 2982 3150 3036 τὸ
3186 2981 3387 3053 θέλημα
3418 2981 3579 3036 αὐτοῦ
3613 2983 3698 3045 ὡς·

2128 3078 2186 3129 ὲν
2212 3075 2428 3148 οὐρανῷ
2454 3076 2548 3130 καὶ
2575 3076 2668 3128 ἐπὶ
2699 3068 2797 3145 τῆς
2818 3074 2942 3145 γῆς.

2208 3169 2261 3222 Ὁ
2310 3169 2551 3237 ἐγείρων
2576 3168 2693 3221 ἀπὸ
2724 3165 2836 3238 γῆς
2865 3166 3124 3233 πτωχὸν,
3167 3166 3268 3219 καὶ
3300 3166 3410 3220 ἀπὸ
3445 3166 3697 3234 κοπρίας

2125 3258 2381 3328 ἀνυψῶν
2428 3258 2680 3326 πένητα,
2720 3274 2772 3310 κ.
2827 3273 2877 3308 τ.
2915 3257 2960 3307 ὲ.
2997 3254 3188 3325 Ψυχὴν
3220 3256 3319 3325 μὲν
3358 3256 3556 3327 ἐγείρει
3590 3258 3702 3310 ἀπὸ

2125 3351 2323 3414 κακίας
2356 3349 2442 3402 ἐπ’
2473 3348 2671 3419 ἀρετὴν
2703 3348 2730 3399 6
2754 3347 2905 3410 Θεὸς,
2930 3348 3054 3401 νοῦν
3086 3347 3141 3400 δὲ
3176 3347 3283 3400 ἀπὸ
3312 3348 3582 3416 ἀγνωσίας
3618 3352 3701 3412 είς

2124 3445 2326 3514 γνῶσιν
2354 3430 2743 3513 προτρέπεται.

2206 3535 2259 3586 Ὁ
2288 3529 2629 3591 κατοικίζων
2671 3530 2918 3598 στειζραν
2940 3528 3010 3581 ἐν
3034 3528 3195 3593 οἴκῳ,
3224 3530 3453 3599 μητέρα
3482 3530 3577 3583 ἐπὶ
3610 3531 3701 3584 τέ-

2122 3643 2286 3691 κνοις
2303 3620 2798 3693 εἰνρραινομένην,
2827 3637 2890 3672 κ.
2912 3636 2964 3673 τ.
2996 3620 3043 3672 ἑ.
3069 3639 3086 3669 ι
3116 3619 3489 3690 Εὐφράνθητι,
3513 3620 3700 3691 στείρα

2123 3719 2156 3786 ἡ
2185 3716 2244 3768 οὐ
2278 3714 2557 3776 τίκτουσα,
2616 3710 2775 3783 ῥῆξον
2811 3710 2904 3763 καὶ
2938 3709 3152 3780 βόησον,
3200 3711 3233 3779 ἡ
3276 3710 3378 3763 οὐκ
3416 3710 3699 3773 ὠδίνουσα,

2123 3810 2204 3862 ὅτι
2232 3806 2402 3860 πολλὰ
2424 3805 2671 3858 τὰτέκνα
2701 3803 2803 3873 τῆς
2828 3803 3035 3872 ἐρήμου
3065 3801 3263 3871 μᾶλλον
3290 3802 3325 3871 ἢ
3354 3802 3450 3872 τῆς
3474 3801 3700 3873 ἐχούσης

2122 3901 2213 3954 τὸν
2241 3899 2430 3970 ἄνδρα.
2476 3916 2495 3948 ι
2528 3896 2637 3951 Kal.
2675 3895 2866 3964 στείρα
2918 3894 3016 3965 μὲν
3063 3894 3521 3963 ἐγκαταλιπόντος
3560 3893 3697 3947 Θεοῦ

2123 3992 2331 4061 γίνεται
2364 3989 2532 4058 ψυχὴ,
2564 3988 2745 4059 μήτηρ
2776 3986 2833 4038 δὲ
2865 3984 3235 4057 ἐνεργοῦντος.

2675 4160 2967 4215 ΨΑΛΜΟΣ
3004 4159 3147 4213 PII".

2202 4260 2296 4312 Ἐν
2317 4257 2507 4321 ἐξόδῳ
2556 4253 2796 4323 Ἰσραὴλ
2837 4252 2905 4317 ἐξ
2926 4253 3254 4322 Αἰγύπτου,
3288 4251 3455 4305 οἴκου
3495 4248 3693 4305 Ἰακὼϐ

2117 4352 2187 4405 ἐκ
2238 4348 2392 4404 λαοῦ
2434 4344 2763 4414 βαρϐάρου,
2810 4342 3062 4412 ἐγενήθη
3125 4342 3375 4397 Ἰουδαία
3436 4342 3694 4410 (ig-[arma

2118 4438 2327 4503 αὑτοῦ,
2390 4456 2446 4491 κ.
2487 4455 2536 4490 τ.
2600 4437 2645 4489 ὲ.
2710 4435 2773 4487 Εἰ
2803 4434 3047 4505 ἁγίασμα
3068 4433 3162 4486 τοῦ
3194 4433 3327 4486 Θεοῦ
3380 4436 3414 4504 ἡ
3472 4434 3694 4487 Ἰουδαία

2118 4533 2284 4598 ἐστὶν,
2315 4532 2350 4601 ὴ
2375 4530 2431 4583 δὲ
2469 4528 2700 4582 Ἰουδαία
2734 4526 3280 4596 ἐξομολογούμενος
3309 4526 3687 4597 ἑρμηνεύεται,

2118 4623 2268 4675 πᾶσα
2301 4617 2768 4691 ἐξομολογουμένη
2800 4616 2948 4688 ψυχὴ
2969 4618 3216 4687 ἁγίασμα
3236 4617 3331 4669 τοῦ
3362 4617 3496 4671 Θεοῦ
3522 4619 3654 4671 ἐστι.

2193 4714 2272 4768 Τὰ
2303 4712 2409 4781 ὄρη
2440 4712 2813 4779 ἐσκίρτησαν
2848 4710 2992 4764 ὡσεὶ
3020 4710 3193 4777 κριοὶ,
3238 4711 3338 4763 καὶ
3378 4712 3433 4764 οἱ
3478 4710 3694 4773 βουνοί

2116 4806 2198 4872 ὡς
2228 4805 2409 4873 ἀρνία
2444 4802 2775 4872 προϐάτων,
2804 4820 2857 4857 κ.
2883 4820 2933 4855 τ.
2973 4804 3019 4857 ὲ.
3052 4802 3133 4855 Τὰ
3163 4802 3266 4873 ὅρη
3309 4804 3402 4855 καὶ
3435 4804 3484 4855 οἱ
3520 4802 3694 4873 βουνοί

2117 4894 2301 4967 νοεραὶ
2354 4892 2543 4963 φύσεις
2585 4892 2691 4945 εἰσὶ
2742 4891 3028 4962 χαίρουσαι
3051 4890 3143 4943 ἐπὶ
3192 4894 3260 4961 τῇ
3308 4892 3553 4962 σωτηρίᾳ
3601 4891 3692 4942 τοῦ

2130 4982 2368 5056 Ἰσραήλ.
2388 4982 2451 5037 Ei
2475 4981 2582 5055 γὰρ
2611 4981 2893 5054 χαίρουσιν
2922 4981 2972 5033 oi
3001 4982 3060 5033 ὲν
3081 4983 3191 5044 τοῖς
3218 4980 3465 5052 οὐρανοῖς
3497 4980 3588 5032 ἐπὶ
3616 4980 3694 5033 ἑνὶ

2121 5077 2484 5149 μετανοοῦντι,
2516 5075 2667 5146 πόσῳ
2713 5073 2912 5145 μᾶλλον
2946 5072 3043 5126 ἐπὶ
3086 5072 3377 5135 τοσαύταις
3439 5072 3695 5143 μυριάσιν

2115 5168 2425 5233 ὣευούσαις
2447 5166 2556 5222 ἀπὸ
2577 5166 2774 5229 κακίας
2790 5164 2925 5237 πρὸς
2942 5163 3161 5236 ἀρετὴν,
3185 5164 3279 5218 καὶ
3301 5164 3408 5218 ἀπὸ
3423 5162 3693 5232 ἀγνωσίας

2117 5263 2209 5317 ἐπὶ
2232 5261 2433 5332 γνῶσιν
2454 5259 2588 5314 Θεοῦ
2616 5262 2628 5314 !

2194 5353 2303 5408 Τοῦ
2335 5350 2712 5421 στρέψαντος
2745 5348 2860 5419 τὴν
2890 5348 3116 5418 πέτραν
3164 5349 3253 5413 είς
3291 5345 3511 5417 λίμνας
3557 5340 3694 5398 ὑδά-

2116 5463 2253 5512 των,
2312 5445 2411 5499 καὶ
2467 5444 2582 5512 τὴν
2636 5444 2974 5513 ἁκρότομον
3030 5443 3117 5507 είς
3186 5440 3385 5509 πηγὰς
3437 5436 3691 5499 ὑδάτων,

2119 5558 2170 5594 κ.
2212 5558 2261 5593 τ.
2299 5539 2346 5592 ἐ.
2384 5537 2471 5601 Ὦς
2514 5536 2613 5608 μὲν
2643 5535 2777 5607 πρὸς
2806 5534 2904 5605 τὴν
2936 5531 3178 5605 ἱστορίαν
3206 5528 3353 5595 ἅπαξ
3387 5531 3444 5582 ὲν
3470 5531 3537 5599 τῇ
3568 5526 3691 5597 ἐρή-

506 5739 551 5770 ⁶⁸
580 5738 597 5795 Ι
626 5738 750 5797 Cor.
781 5756 851 5805 tv,
879 5742 929 5795 1.
1006 5743 1049 5774 ⁸⁷
1078 5742 1269 5797 Matth.
1304 5757 1375 5809 tv,
1407 5739 1501 5799 Si.
1575 5738 1623 5773 ⁸⁵
1651 5740 1781 5794 ibid.
1812 5752 1957 5805 xxiv,
1994 5737 2021 5791 (Ξ

2125 5737 2169 5769 ⁸⁹
2197 5734 2313 5790 Gal.
2343 5750 2415 5801 tv,
2442 5734 2529 5789 27.
