4066 6236
346 311 487 366 1573
1300 300 1611 359 SELECTA
1652 300 1716 355 IN
1757 298 2093 355 PSALMOS.
2132 330 2200 342 -—
2240 301 2433 359 PSAL.
2473 302 2658 358 CXIV.
3463 303 3599 358 1576

343 447 428 501 μῳ
465 426 700 498 στρέψας
726 424 821 496 τὴν
858 422 1061 493 πέτραν
1086 420 1306 476 ἐπότισε
1339 420 1432 472 τὸν
1479 417 1694 490 Ἰσραήλ
1715 435 1726 447 ·
1760 418 1835 480 ὡς
1860 417 1915 470 δὲ

1991 468 1993 474 λ
2024 420 2154 474 tavit
2182 418 2437 475 lsraelem
2461 437 2475 482 ;
2504 420 2801 475 scentulum
2828 427 3007 475 autem
3033 418 3330 489 spiritalem
3357 435 3597 484 sensum,

342 520 477 591 πρὸς
530 518 590 571 τὸ
641 517 851 588 πνεῦμα
907 516 997 568 ἀεὶ
1054 514 1273 586 στρέφει
1341 513 1438 582 τὴν
1497 512 1740 583 πέτραν,
1798 510 1918 579 ἥτις

2023 526 2236 581 semper
2266 514 2533 567 convertit
2566 523 2790 581 petram,
2821 528 2941 583 qua:
2957 510 3213 566 Christus
3235 521 3338 574 est.
3364 522 3419 565 et
3449 524 3596 580 potat

342 611 491 664 ἐστὶν
524 611 553 663 6
610 609 862 680 Χριστὸς,
914 609 1007 661 καὶ
1046 605 1253 669 ποτίζει
1289 604 1379 657 τὸν
1414 602 1781 674 πνευματικὸν
1827 602 1921 653 Ἰσ-

930 609 1007 661 (ad.
1046 605 1253 669 ποτίζει
1289 604 1379 657 τὸν
1414 602 1781 674 πνευματικὸν
1827 602 1921 653 Ἰσ-
2020 603 2319 672 Spiritalem
2358 603 2536 659 Israisl.

344 702 507 773 ραήλ.

405 791 721 859 Εὺλόγησε
753 789 897 855 τοὺς
926 786 1335 857 φοϐουμένους
1360 785 1466 838 τὸν
1506 784 1746 851 Κύριον,
1779 780 1919 846 τοὺς

2093 790 2255 843 Vnus.
2302 789 2391 844 15.
2442 788 2717 843 Benedixit
2759 790 2823 843 iis
2875 793 2966 860 qui
3030 792 3211 845 timent
3280 789 3598 856 Dominum,

338 883 592 953 μικροὺς
607 881 759 953 μετὰ
784 882 903 936 τῶν
923 881 1223 951 μεγάλων,
1258 897 1313 933 κ.
1348 897 1399 932 τ.
1435 880 1482 931 ἐ.
1514 878 1626 947 Οὐχ
1657 878 1705 929 οἱ
1747 874 1918 945 μεγά-

2017 881 2226 949 pusillis
2287 897 2404 934 cum
2462 880 2775 949 majoribus,
2833 893 2941 936 etc.
3006 882 3123 936 Non
3186 881 3422 950 majores
3476 899 3596 934 eum

340 975 422 1029 λοι
476 975 615 1047 μετὰ
658 976 767 1029 τῶν
800 975 1011 1048 μικρῶν
1054 972 1423 1042 εὐλογοῦνται,
1460 968 1576 1023 ἀλλ’
1626 968 1675 1020 οἱ
1732 964 1920 1037 μικροὶ

2019 971 2228 1042 pusillis
2285 971 2705 1036 benedicuntur,
2747 973 2845 1027 sed
2892 975 3070 1042 pusilli
3118 990 3238 1027 cum
3277 966 3599 1039 u’tajorihns,

345 1069 484 1139 μετὰ
513 1069 618 1123 τῶν
643 1068 915 1140 μεγάλων,
947 1068 1034 1121 ἵνα
1059 1067 1153 1120 καὶ
1187 1065 1339 1120 αὐτοὶ
1361 1062 1626 1131 γένωνται
1670 1057 1915 1131 μεγάλοι.

2019 1075 2077 1117 ιιι
2115 1073 2169 1119 et
2202 1065 2301 1132 ipsi
2333 1066 2468 1117 ﬂant
2513 1062 2765 1132 majores.
2810 1064 3068 1119 Pusillum
3121 1075 3301 1119 autem
3342 1065 3443 1119 hoc
3480 1065 3598 1117 Ιοιοιι

342 1162 415 1213 Τὸ
435 1160 493 1213 δὲ
512 1160 704 1231 μικρὸν
734 1158 967 1213 ἐνταῦθα
994 1158 1088 1211 καὶ
1106 1156 1169 1210 τὸ
1201 1156 1344 1227 μέγα
1368 1156 1468 1209 οὐκ
1491 1153 1586 1207 ἐπὶ
1617 1151 1709 1205 τοῦ
1737 1150 1915 1215 ἐκτὸς,

2017 1163 2072 1209 et
2103 1170 2353 1222 maguum
2391 1169 2494 1206 non
2529 1153 2594 1207 de
2627 1168 2693 1207 eo
2728 1157 2869 1223 quod
2916 1165 3091 1220 extra,
3134 1157 3228 1210 sed
3264 1158 3329 1213 de
3360 1172 3426 1211 eo
3456 1159 3598 1225 quod

340 1252 454 1306 ἀλλ’
482 1253 577 1306 ἐπὶ
604 1252 698 1306 τοῦ
720 1250 871 1315 ἐντὸς
905 1250 1143 1321 νοητέον.

1136 1290 1143 1303 ,
2020 1245 2161 1299 intra
2189 1261 2239 1299 e:
2254 1253 2292 1309 t,
2318 1243 2742 1314 intelligemlum.

412 1346 537 1415 Οὐχ
563 1346 617 1398 οἱ
641 1344 839 1412 νεκροὶ
871 1339 1189 1397 αἱνέσουονί
1208 1356 1303 1404 σε,
1321 1340 1516 1407 Κύριε,
1532 1338 1676 1393 οὐδὲ
1696 1338 1917 1405 πάντες

2092 1338 2255 1393 νειμ..
2290 1339 2380 1399 17,
2412 1338 2494 1391 18.
2529 1336 2654 1389 Νοη
2683 1342 2877 1392 mortui
2908 1340 3199 1396 laudabunt
3240 1353 3341 1425 ιε..
3358 1344 3599 1410 Domine,

339 1437 394 1488 oi
419 1435 885 1500 καταϐαίνοντες
904 1436 993 1499 εις
1021 1432 1189 1500 ᾅδου.
1238 1432 1389 1485 Ἀλλ’
1428 1429 1602 1499 ἡμεῖς
1621 1433 1674 1483 οἱ
1704 1428 1917 1496 ζῶντες

2018 1448 2179 1499 neque
2207 1446 2386 1483 omnes
2426 1430 2513 1497 qui
2556 1430 2878 1483 descendunt
2922 1432 2979 1484 in
3011 1432 3303 1497 infernum.
3351 1434 3455 1488 Sed
3504 1452 3597 1487 nos

338 1526 755 1595 εὐλογήσομεν
791 1525 898 1579 τὸν
946 1524 1165 1592 Κύριον
1189 1522 1310 1577 ἀπὸ
1359 1521 1466 1576 τοῦ
1511 1521 1630 1575 νῦν
1655 1521 1753 1574 καὶ
1804 1520 1917 1586 ἓως

2014 1522 2108 1589 qui
2135 1520 2375 1580 vivimus,
2412 1521 2773 1573 benedicemus
2824 1520 3197 1576 Dominumea:
3219 1523 3315 1575 hoc
3364 1541 3501 1577 nunc
3550 1533 3598 1578 et

338 1615 446 1669 τοῦ
474 1616 705 1682 αἰῶνος,
741 1634 794 1669 κ.
824 1632 875 1668 τ.
904 1616 950 1668 ἐ.
1000 1616 1074 1669 Οὐ
1116 1614 1336 1669 δύναται
1358 1612 1554 1685 νεκρὸς
1576 1612 1788 1668 αἰνέσαι
1816 1613 1915 1683 τὴν

2017 1627 2183 1676 usque
2213 1612 2267 1664 in
2296 1610 2572 1672 arculum,
2602 1620 2707 1664 etc.
2745 1610 2861 1665 Non
2897 1623 3073 1681 potest
3102 1623 3349 1667 mortuus
3376 1614 3599 1669 laudare

340 1705 484 1778 ζωὴν
514 1707 612 1779 τὴν
638 1708 919 1771 εἰποῦσαν,
958 1726 976 1758 ι
1018 1706 1159 1777 Ἐγώ
1180 1710 1297 1780 εἰμι
1322 1710 1356 1778 ή
1398 1707 1533 1780 ζωή.
1578 1727 1597 1758 ι
1630 1736 1701 1748 -ο
1721 1725 1740 1757 ι
1781 1704 1914 1758 Οὐδὲ

2016 1703 2181 1755 vitam
2236 1715 2357 1770 qua:
2408 1700 2542 1752 dixit
2571 1700 2617 1731 ⁹⁰
2649 1717 2663 1753 :
2700 1718 2717 1749 ι
2748 1698 2859 1769 Ego
2903 1717 3021 1755 sum
3097 1704 3225 1757 vita.
3261 1720 3391 1755 i—i
3418 1702 3600 1771 Neque

339 1799 560 1864 πάντες,
596 1819 614 1852 ι
663 1799 762 1854 οὐκ
807 1795 982 1867 εἶπεν,
1017 1819 1037 1853 ι
1074 1802 1125 1854 oi
1169 1800 1527 1864 καταϐάντες,
1580 1820 1599 1851 ι
1633 1799 1748 1854 ἀλλ’
1797 1816 1817 1851 ι
1861 1801 1911 1851 οἱ

2016 1806 2228 1855 omnes,
2263 1806 2281 1841 ι
2311 1802 2414 1841 ιιοη
2446 1788 2602 1856 dixit,
2637 1805 2657 1839 ι
2689 1789 2781 1858 qui
2814 1790 3240 1852 descenderunt.
3268 1809 3287 1841 ι
3326 1792 3443 1855 sed,
3479 1795 3597 1861 «qui

327 1902 764 1966 καταϐαίνοντες.
803 1920 822 1951 ι
861 1929 930 1942 --
971 1918 989 1950 ι
1024 1898 1165 1951 Ἀλλ’
1211 1898 1372 1968 ἡμεῖς
1418 1896 1469 1951 οἱ
1513 1893 1744 1959 ζῶντες,
1782 1910 1802 1942 ι
1835 1890 1911 1953 ὡς

2018 1887 2378 1943 descendunt.
2419 1905 2436 1935 ι
2471 1916 2540 1924 ——
2576 1904 2594 1935 ι
2635 1883 2740 1939 Sed
2788 1900 2887 1937 nos
2919 1883 3010 1951 qui
3061 1883 3309 1947 vivimus,
3351 1904 3369 1934 ι
3405 1900 3600 1954 quem-

330 1996 424 2049 καὶ
460 1993 687 2057 Παῦλος⁸
727 2010 745 2043 ι
787 1992 1021 2046 Ἔπειτα
1055 1991 1213 2060 ἡμεῖς
1253 1989 1303 2042 οἱ
1335 1987 1556 2052 ζῶντες,
1589 1985 1640 2038 οἱ
1668 1981 1910 2053 περιλει-

2016 1979 2307 2035 admodum
2330 1979 2492 2032 etiam
2518 1976 2717 2031 Paulus
2742 1977 2896 2030 ait".
2930 1995 2947 2026 ι
2968 1974 3074 2030 Sed
3104 1991 3205 2031 nos
3228 1977 3319 2046 qui
3346 1978 3595 2043 vivimus,

328 2087 576 2157 πὸμενοι.
615 2104 633 2135 ι

2018 2072 2111 2143 ιιιιί
2143 2069 2345 2126 residui
2371 2083 2580 2124 sumus.
2617 2086 2634 2119 ι

895 2263 1188 2319 ΨᾹΛΜΟΣ
1226 2265 1369 2319 PIA'.

2552 2251 2871 2310 PSALMUS
2928 2232 3134 2311 cxrv.'

418 2368 534 2422 Ὅτι
560 2369 762 2424 ἔκλινε
786 2371 852 2425 τὸ
877 2367 987 2439 οὖς
1006 2374 1193 2427 αὐτοῦ
1218 2373 1369 2442 ἐμοὶ,
1396 2372 1496 2427 καὶ
1531 2373 1604 2427 ἐν
1621 2372 1752 2439 ταῖς
1780 2373 1934 2445 mue.

2099 2369 2263 2424 Vens.
2291 2368 2346 2424 2.
2375 2370 2515 2434 Quia
2551 2368 2819 2423 inclinavit
2853 2385 3032 2423 aurem
3060 2385 3210 2423 suam
3256 2371 3408 2438 milii,
3450 2382 3499 2426 σι
3552 2372 3606 2423 in

337 2475 474 2528 ραις
495 2478 615 2528 μου
646 2462 1092 2532 ἐπικαλέσομαι,
1110 2482 1165 2519 κ.
1199 2483 1250 2518 τ.
1278 2467 1324 2519 ἐ.
1367 2466 1520 2519 Ἐπεὶ
1549 2466 1622 2538 μὴ
1644 2466 1920 2535 δυνάμεθα

2027 2464 2212 2517 diebus
2253 2463 2382 2515 meis
2419 2462 2696 2523 invocabo,
2733 2469 2840 2512 etc.
2897 2459 3345 2530 Quandoquidem
3390 2472 3609 2516 orantes

344 2548 570 2613 ἐαυτοὺς
589 2552 851 2605 ἐκτείνειν
883 2555 1019 2626 πρὸς
1041 2555 1173 2609 Θεὸν
1208 2556 1510 2627 εὐχόμενοι,
1545 2556 1709 2619 αὐτὸς
1739 2557 1800 2609 τὸ
1821 2552 1916 2620 οὖς

2030 2554 2253 2610 minime
2290 2553 2532 2608 valemus
2562 2553 2922 2621 nosmetipsos
2974 2554 3041 2606 ad
3091 2552 3257 2606 Deum
3290 2556 3603 2621 extendere,

342 2637 509 2692 αὑτοῦ
541 2640 713 2695 κλίνει
741 2642 877 2714 πρὸς
902 2645 1048 2715 ἡμᾶς
1076 2646 1170 2699 καὶ
1192 2646 1401 2715 ἐγγίζει
1434 2647 1578 2718 ἡμῖν.

2025 2648 2254 2716 ipsemet
2279 2659 2462 2700 aurem
2490 2661 2642 2700 suam
2666 2647 2731 2701 ad
2760 2658 2857 2699 nos
2885 2642 3110 2698 inclinat
3133 2644 3394 2714 nobisque
3413 2659 3608 2714 appro-

2065 2740 2275 2793 inuuaL

418 2820 528 2875 Τοῦ
560 2824 767 2880 αὐτοῦ.
814 2824 872 2879 '0
897 2826 988 2880 τὸν
1024 2827 1174 2898 ἥλιον
1210 2827 1310 2898 τῆς
1337 2829 1683 2900 δικαιοσύνης
1722 2832 1919 2885 ἐπικα-

2065 2754 2114 2791 ιη
2161 2753 2275 2793 ual.

2022 2754 2059 2808 Ρ
2097 2753 2373 2899 Ejusdem.
2408 2828 2510 2895 Qui
2557 2828 2725 2884 solem
2774 2826 2998 2897 iustitia:
3046 2826 3285 2891 invocat,
3328 2828 3382 2880 in
3416 2824 3606 2880 diebus

344 2913 604 2983 λούμενος
638 2918 696 2969 ἐν
734 2919 857 2981 ταῖς
894 2918 1127 2990 ἡμέραις
1155 2920 1344 2973 τούτου
1377 2920 1471 2974 τοῦ
1514 2920 1663 2992 ἡλίου
1713 2921 1950 2991 διάγων⁴

1212 2920 1344 2973 ιύτου
1377 2920 1471 2974 τοῦ
1514 2920 1663 2992 ἡλίου
1713 2921 1917 2991 διάγων
1944 2910 1987 2970 C
2022 2922 2183 2992 hujus
2217 2921 2349 2977 solis
2383 2936 2552 2991 agens
2581 2922 2818 2976 invocet.

344 3004 730 3061 ἐπικαλείσθω.

412 3096 745 3165 Περιέσχωρ
761 3115 838 3168 με
865 3099 1072 3167 ὠδῖνες
1094 3102 1374 3167 θανάτου,
1404 3122 1459 3157 κ.
1485 3122 1537 3158 τ.
1556 3106 1609 3160 ἐ.
1642 3106 1702 3159 '0
1730 3107 1788 3158 ἐν
1822 3106 1919 3175 βα-

2097 3101 2264 3156 VERS.
2295 3102 2350 3155 ⁸5.
2384 3099 2859 3155 Circumdederunt
2892 3116 2971 3152 me
2996 3099 3205 3152 dolores
3245 3100 3451 3163 mortis,
3493 3107 3600 3154 etc.

346 3185 591 3255 ρυτέροις
610 3187 898 3257 γενόμενος
920 3196 1262 3261 πειρασμοῖς,
1285 3194 1379 3245 καὶ
1404 3194 1636 3262 βάσανον
1657 3196 1715 3247 ἐν
1735 3196 1919 3259 αὐτοῖς

2020 3188 2121 3254 Qui
2156 3189 2209 3242 iu
2249 3187 2507 3257 gravibus
2542 3187 2936 3241 tentationibus
2980 3196 3264 3251 versatus,
3317 3187 3370 3240 in
3406 3188 3599 3242 iisdem

343 3272 520 3337 διδους
547 3277 648 3346 τῆς
679 3279 1049 3349 προαιρέσεως
1084 3281 1299 3345 ἐαυτοῦ,
1347 3282 1423 3345 ὡς
1465 3284 1560 3337 καὶ
1606 3286 1665 3337 ἐν
1688 3286 1919 3357 κινδύνῳ

2021 3280 2187 3333 animi
2240 3278 2323 3333 sui
2383 3279 2816 3347 experimentum
2863 3277 3032 3340 dedit.
3088 3287 3348 3345 tanquam
3406 3278 3498 3348 qui
3552 3280 3603 3333 in

343 3363 437 3415 τοῦ
468 3363 751 3435 νικηθῆναι
784 3366 1056 3435 γενέσθαι,
1087 3369 1222 3423 ἀλλὰ
1260 3369 1333 3441 μὴ
1368 3373 1632 3444 νικηθεὶς,
1674 3372 1817 3444 λέγοι
1851 3377 1918 3430 ἂν

2021 3370 2267 3440 pericqu
2300 3368 2464 3423 fuerit
2501 3384 2568 3425 ne
2606 3369 2939 3431 vinceretur,
2967 3368 3191 3421 minime
3220 3376 3400 3422 tamen
3429 3370 3606 3424 victus

344 3454 439 3507 c6'
477 3474 495 3507 ι
537 3456 829 3528 Περιέσχον
878 3475 944 3529 με
990 3459 1176 3524 ὠδῖνες
1213 3460 1466 3526 Θανάτου,
1518 3464 1750 3519 κίνδυνοι
1790 3467 1916 3539 ᾅδου

2019 3461 2117 3523 sit,
2150 3461 2194 3515 is
2224 3460 2408 3515 dicere
2455 3461 2626 3529 possit
2657 3476 2673 3514 :
2707 3476 2725 3509 ι
2755 3458 3243 3513 Circumdederunt
3275 3475 3362 3514 me
3392 3460 3607 3518 dolores

345 3543 576 3616 εὖροσάν
629 3563 716 3616 με.
758 3567 776 3598 ι
809 3548 882 3600 Οὐ
916 3548 1109 3601 ταυτὸν
1153 3550 1210 3602 δέ
1251 3552 1366 3604 ἐστι
1403 3552 1484 3617 τὸ,
1517 3572 1536 3605 ι
1574 3554 1741 3625 ᾍδης
1792 3552 1917 3628 εὖρέ

2021 3552 2234 3616 mortis,
2274 3540 2510 3620 pericula
2544 3550 2744 3604 inferni
2797 3549 3123 3604 invenerunt
3150 3566 3255 3604 me.
3289 3569 3306 3601 ι
3337 3550 3603 3607 Caeterum

347 3654 437 3708 με,
476 3656 495 3688 ι
526 3636 657 3707 τῷ,ι
692 3638 944 3691 Κίνδυνοι
975 3638 1101 3711 ᾅδου
1134 3640 1365 3713 εὕροσάν
1397 3660 1496 3714 με.
1517 3662 1539 3697 ι
1578 3645 1637 3699 'O
1661 3646 1792 3717 ᾅδης
1818 3650 1918 3719 μέν

2023 3642 2440 3710 haudquaquam
2474 3642 2612 3696 idem
2644 3651 2749 3705 est,
2783 3657 2801 3691 ι
2830 3639 3072 3695 infernus
3096 3640 3304 3696 invenit
3338 3658 3445 3707 me,
3477 3660 3496 3694 ι
3541 3659 3605 3697 ac

342 3726 453 3798 γὰρ
485 3727 728 3797 εὑρίσκει
766 3727 975 3793 τοῦτον,
1001 3724 1061 3784 οὗ
1088 3732 1473 3801 κατισχύουσιν
1502 3735 1559 3787 αἱ
1603 3736 1769 3790 πύλαι
1815 3740 1917 3792 αύ-

2022 3733 2170 3796 illud,
2246 3730 2530 3787 «Pericula
2595 3731 2791 3786 inferni
2854 3731 3177 3787 invenerunt
3234 3748 3388 3787 me.»
3468 3735 3603 3789 Nam

342 3818 474 3871 τοῦο
507 3819 741 3873 κίνδυνοι
785 3820 842 3873 δὲ
880 3820 1008 3891 ᾅδου
1039 3821 1198 3892 μόνον
1239 3823 1553 3895 εὑρίσκουσι
1598 3829 1689 3883 τὸν
1729 3829 1816 3884 διὰ
1858 3830 1917 3885 τὸ

2022 3822 2269 3878 infernus
2301 3823 2514 3877 invenit
2544 3822 2690 3875 illum
2716 3834 2906 3877 contra
2951 3838 3112 3891 quem
3149 3824 3446 3892 praevalent
3481 3842 3604 3895 por-

348 3909 576 3979 μέγεοος
621 3909 727 3963 τῶν
763 3913 1086 3983 πειρασμῶν
1119 3915 1538 3973 κινδυνεύσαντα
1578 3919 1678 3989 μὲν
1706 3937 1917 3993 κρατη-

2022 3925 2087 3969 tae
2142 3914 2281 3982 ejus,
2340 3914 2576 3984 pericula
2637 3929 2769 3967 vero
2829 3914 3026 3968 inferni
3085 3915 3259 3969 solum
3323 3919 3605 3985 reperiunt

344 3998 503 4068 οῆναι
539 4000 645 4053 ὑπὸ
665 4000 775 4054 τῶν
801 4001 894 4055 τοῦ
918 4002 1045 4074 ᾅδου
1086 4003 1290 4071 πυλῶν,
1320 4004 1383 4057 ού
1430 4006 1529 4077 μὲν
1567 4006 1663 4061 καὶ
1713 4026 1917 4080 κρατη-

2018 4005 2168 4059 illum
2212 4006 2301 4073 qui
2335 4007 2405 4058 ob
2451 4004 2877 4072 magnitudinem
2913 4007 3270 4060 tentationum
3301 4008 3600 4077 periculum

344 4088 503 4144 Θέντα
536 4091 626 4144 ὑπ’
656 4090 854 4145 αὐτῶν.

2017 4097 2235 4165 quidem
2265 4097 2448 4161 subiit,
2483 4111 2551 4150 ne
2577 4097 2749 4164 portis
2768 4095 2963 4151 inferni
2985 4097 3356 4168 subigeretur,
3381 4101 3601 4157 minime

2021 4196 2200 4241 tamen
2236 4186 2304 4237 ab
2344 4185 2409 4239 iis
2436 4186 2697 4239 subactus
2726 4193 2833 4239 est.

416 4273 636 4340 Θλίψιν
663 4273 759 4326 καὶ
791 4273 1019 4343 ὀδύνην
1046 4268 1246 4343 εὗρον,
1281 4291 1335 4328 κ.
1364 4289 1418 4329 τ.
1446 4275 1493 4330 ἐ.
1522 4275 1753 4348 Εὖρημά
1774 4278 1920 4330 ἐστιν
1951 4279 1995 4334 D

2094 4276 2228 4329 Isto.
2268 4275 2684 4330 Tribulatiouem
2710 4284 2757 4329 el
2786 4276 3020 4330 dolorem
3047 4277 3240 4344 inveni,
3279 4288 3387 4332 etc.
3420 4276 3605 4332 luven-

344 4365 378 4435 ἡ
412 4363 590 4433 θλίψις
611 4363 690 4433 τῷ
721 4365 1042 4435 ὑπομένοντι
1096 4368 1288 4439 αὐτὴν,
1341 4368 1435 4421 καὶ
1477 4369 1814 4440 καυχωμένῳ
1857 4372 1915 4424 ἐν

2021 4377 2130 4421 tum
2161 4366 2430 4435 quoddam
2477 4376 2559 4421 est
2609 4366 2886 4421 tribulatio
2926 4366 2976 4421 ei
3022 4367 3112 4436 qui
3149 4367 3385 4422 sustinet
3434 4367 3600 4429 illam,

345 4457 466 4517 ταῖς
511 4453 743 4523 θλίψεσι,
778 4457 873 4508 καὶ
909 4456 1143 4511 ὁδεύοντι
1186 4459 1287 4531 τὴν
1335 4458 1655 4527 άπάγουσαν
1699 4463 1778 4524 είς
1816 4461 1916 4532 τὴν

2019 4469 2074 4513 et
2107 4460 2159 4513 iu
2193 4458 2637 4513 tribulationibus
2676 4458 2962 4528 gloriatur,
2992 4469 3156 4530 atque
3181 4460 3423 4514 ambulat
3455 4460 3593 4514 viam

344 4544 510 4615 ζωὴν,
536 4541 702 4599 οὖσαν
734 4546 925 4617 στενὴν
950 4548 1045 4600 καὶ
1066 4548 1433 4621 τεθλιμμένην
1460 4550 1595 4604 ὁδόν.
1630 4550 1786 4604 Οὕτω
1818 4571 1917 4605 κα-

2020 4567 2143 4618 qua:
2167 4552 2314 4605 ducit
2342 4552 2409 4606 ad
2443 4552 2630 4618 vitam,
2660 4568 2779 4622 qua!
2811 4563 2893 4607 est
2919 4554 3005 4606 via
3037 4562 3185 4607 arcta
3218 4563 3274 4607 et
3307 4552 3596 4606 laboriosa.

344 4635 433 4689 λὸν
456 4636 520 4707 δὴ
547 4636 766 4707 εὕρημα
793 4638 887 4691 καὶ
906 4637 1087 4709 ὀδύνη,
1121 4639 1209 4692 ὅτε
1237 4640 1304 4693 δι’
1336 4640 1555 4711 ἀγάπην
1604 4657 1686 4704 τις
1727 4642 1917 4696 ὀδυνᾶ-

2022 4644 2099 4696 lta
2146 4658 2362 4711 quoque
2406 4642 2724 4712 prmelarum
2778 4659 2912 4698 sane
2977 4645 3257 4697 inventum
3306 4653 3389 4697 est
3424 4642 3596 4705 dolor,

343 4744 434 4781 ται
470 4727 545 4790 ὡς
578 4720 806 4781 ὁέίπὼν
843 4726 1053 4792 Παῦλος
1076 4745 1090 4760 ’
1118 4747 1138 4780 ι
1189 4729 1346 4800 Δύπη
1394 4731 1483 4799 μοί
1531 4732 1649 4783 ἐστι
1680 4732 1914 4802 μεγάλη,

2021 4734 2237 4802 quando
2271 4733 2393 4802 quis
2424 4749 2489 4787 ex
2522 4734 2811 4789 dilectione
2840 4733 3003 4804 790
3024 4733 3191 4795 dolet,
3231 4734 3371 4786 sicut
3401 4731 3601 4788 Paulus

345 4820 439 4873 καὶ
488 4819 815 4892 ὰδιάληπτος
868 4821 1031 4892 ὀδύνη
1073 4824 1138 4893 τῇ
1194 4822 1385 4892 καῴἱᾳ
1453 4841 1574 4894 μου,
1637 4844 1656 4876 ›
1713 4826 1914 4880 καὶτὰ

2026 4833 2213 4887 dicens
2247 4833 2292 4863 ⁹²
2327 4847 2340 4885 :
2377 4852 2394 4883 ι
2430 4832 2674 4888 Tristitia
2709 4834 2838 4886 mihi
2874 4845 3065 4901 magna
3086 4838 3194 4894 est,
3228 4838 3284 4884 et
3308 4830 3599 4883 continuus

345 4910 495 4981 ἑξῆς·

2024 4923 2178 4977 dolor
2205 4924 2353 4979 cordi
2385 4940 2524 4990 meo,
2557 4943 2575 4976 ι
2611 4934 2717 4979 etc.

414 5003 528 5057 Kal
571 5002 636 5057 τὸ
680 5002 867 5073 ὄνομα
901 5004 1123 5071 Kvplov
1160 5005 1642 5078 ἐπεκαλεσάμην,
1688 5030 1741 5066 κ.
1778 5030 1827 5066 τ.
1867 5015 1914 5068 ἐ.

2096 5017 2259 5071 Vens.
2294 5017 2347 5071 4.
2390 5014 2456 5069 Et
2494 5031 2680 5068 nomen
2709 5012 2920 5068 Domini
2951 5012 3202 5074 invocavi.
3234 5020 3342 5067 etc.
3375 5009 3597 5067 «Omnis

349 5114 369 5149 ι
408 5096 524 5158 Πᾶς
549 5094 676 5167 γὰρ,
699 5096 884 5167 φησὶν,
920 5095 979 5158 ὃς
1016 5095 1082 5149 ἂν
1116 5095 1502 5167 ἐπικαλέσηται
1531 5099 1591 5151 τὸ
1609 5100 1777 5172 ὄνομα
1809 5104 1920 5155 Κυ-

2023 5110 2190 5175 enim,
2216 5108 2390 5178 inquit
2424 5107 2490 5172 ",
2520 5107 2609 5175 qui
2638 5106 2975 5161 invocaverit
3002 5121 3196 5160 nomen
3233 5104 3446 5160 Domini
3490 5104 3599 5157 sal-

343 5188 460 5260 ρίου
492 5188 811 5259 σωθήσεται.
843 5207 861 5241 ι
895 5189 1195 5260 Τοιγαροῦν
1222 5189 1250 5242 6
1276 5188 1523 5260 ἐλεήμων
1555 5192 1918 5248 ἐπικαλείσοω

2025 5213 2121 5252 vus
2153 5199 2278 5254 erit.
2318 5218 2337 5251 ι
2394 5197 2706 5253 Misericors
2734 5198 2898 5268 igitur
2943 5197 3386 5259 misericordem,
3416 5204 3469 5251 et
3506 5196 3596 5264 ju-

340 5284 433 5337 τὸν
466 5282 753 5354 ἐλεήμονα,
785 5284 878 5337 καὶ
902 5284 1001 5356 τὴν
1040 5282 1387 5353 δικαιοσύνην
1427 5287 1456 5338 6
1487 5285 1714 5350 δίκαιος.
1770 5278 1914 5359 Ἠχὼ

2023 5290 2229 5342 stitiam
2267 5289 2480 5343 invocet
2502 5289 2703 5356 justus.
2730 5287 2862 5341 Nam
2888 5288 3123 5357 justitia,
3163 5289 3351 5358 prima:
3374 5287 3599 5355 justitiae

340 5376 449 5448 γάρ
475 5374 663 5447 ὥσπερ
684 5377 820 5447 τιςὴ
853 5376 912 5429 ἐν
940 5376 1071 5445 ἡμῖν
1094 5374 1430 5449 δικαιοσύνη,
1455 5376 1555 5446 τῆς
1588 5376 1810 5449 πρώτης
1837 5378 1914 5431 διο

2021 5380 2187 5434 veluti
2242 5380 2381 5435 echo
2431 5382 2702 5450 (lltufdutll,
2740 5380 2893 5436 nobis
2962 5396 3060 5449 per
3129 5380 3593 5450 repercussionein

341 5466 634 5537 καιοσύνης
662 5468 802 5520 κατὰ
825 5466 1121 5520 ἀνάκλασιν
1154 5468 1285 5538 ἡμῖν
1311 5466 1714 5537 ἐπισυμῧαίνει.
2020 5473 2253 5526 advenit.

422 5558 727 5630 Ἐλεήμων
775 5562 809 5614 ό
847 5560 1060 5628 Κύριος
1089 5558 1187 5613 καὶ
1235 5558 1485 5625 δίκαιος,
1543 5559 1639 5613 καὶ
1690 5563 1723 5614 ό
1769 5560 1912 5627 Θεὸς

2095 5562 2255 5617 Vens.
2306 5562 2359 5618 5.
2410 5563 2710 5620 Misericors
2758 5564 3010 5622 Dominus
3054 5573 3103 5620 et
3144 5565 3345 5635 iustus,
3376 5574 3422 5619 et
3458 5562 3593 5620 Deus

410 5722 454 5754 '°
480 5722 633 5777 Joan.
662 5738 775 5790 xlv,
805 5722 857 5777 6.
934 5725 975 5756 ’¹
1016 5724 1033 5777 1
1068 5724 1257 5780 Thess.
1295 5740 1369 5791 iv,
1406 5724 1488 5777 14.
1567 5724 1609 5756 ⁹²
1642 5722 1797 5780 Raro.
1827 5737 1901 5786 Iv,
1929 5721 1981 5774 ‘2.

934 5725 975 5756 "
1016 5724 1033 5777 1
1068 5724 1257 5780 Thess.
1295 5740 1369 5791 tv,
1406 5724 1488 5777 14.
1567 5724 1609 5756 ⁹²
1642 5722 1797 5780 Raro.
1827 5737 1901 5786 Iv,
1929 5721 1981 5774 ρ.
2062 5722 2104 5754 ⁸³
2131 5723 2262 5778 ibid.
2294 5739 2347 5791 κ,
2385 5725 2472 5778 15.-
