4066 6236
525 328 654 381 ίὺῖῦ
1936 318 2019 371 EX
2063 320 2095 373 Ο

2200 316 2361 371 IENE
3660 322 3828 372 1576

521 452 696 495 rtuslt’r
748 440 1041 503 miseretur,
1080 445 1185 491 etc.
1225 437 1665 505 Quamloquidem
1721 450 1843 488 cum
1876 433 2087 502 jnstitia

2201 432 2361 499 ἡμῶν
2380 432 2552 495 ἐλεεῖ,
2586 451 2637 485 κ.
2668 450 2715 485 τ.
2754 435 2797 486 ὲ.
2848 434 2998 485 Ἐπεὶ
3027 436 3162 503 μετὰ
3198 434 3547 505 δικαιοσύνης
3587 436 3759 487 ἐλεεῖ
3794 440 3832 489 ὁ

520 533 807 585 miseretur
841 529 1097 583 Dominus
1117 567 1129 591 ,
1175 527 1487 581 misericors
1514 536 1596 579 est
1625 534 1677 577 et
1699 525 1897 593 justus.
1958 524 2088 575 Saul

2202 522 2424 593 Κύριος,
2456 524 2701 593 ἐλεήμων
2728 526 2845 576 ἐστὶ
2878 526 2968 577 καὶ
3002 526 3211 588 δίκαιος
3238 542 3251 554 '
3280 526 3340 577 ού
3372 525 3583 588 δίκαιος
3636 526 3706 578 δὲ
3751 529 3825 577 ἐν

518 632 695 676 autem
736 621 961 673 minime
983 620 1163 688 justus
1189 628 1304 672 erat
1343 618 1396 670 in
1428 616 1799 671 misericordia
1827 654 1841 677 ,
1878 614 2091 681 quando

2200 610 2271 680 τῷ
2303 610 2472 663 ἐλεεῖν
2495 607 2561 680 ἦν
2583 614 2609 664 ό
2641 612 2831 674 Σαοὺλ,
2862 612 3025 666 ἐλεῶν
3059 616 3149 667 τὸν
3183 616 3379 682 Ἀγαγ.
3414 616 3523 675 Καὶ
3560 618 3614 667 εἰ
3640 611 3721 685 ἦν
3754 617 3824 667 δὲ

516 712 683 782 Agagi
736 711 1112 768 miserebatur.
1150 710 1361 763 Etenim
1400 710 1444 764 si
1488 710 1668 763 omnis
1723 704 2091 761 misericordia

2200 704 2306 755 πᾶν
2340 703 2399 755 τὸ
2430 704 2596 756 ἐλεεῖν
2624 703 2849 769 δίκαιον,
2876 706 2976 758 ούκ
3005 706 3070 759 ἂν
3109 709 3236 777 περί
3262 726 3421 761 τινων
3444 704 3603 761 εἶπεν
3641 711 3676 761 ὁ
3710 710 3821 761 νό-

511 803 657 873 justa
693 802 853 865 foret,
907 816 1248 869 nequaquam
1279 801 1361 853 lex
1393 800 1439 831 θ’
1470 800 1537 853 de
1564 797 1882 865 quibusdam
1926 794 2094 847 dixis-

2202 809 2296 860 μος
2327 792 2406 857 τὸ,
2437 811 2455 844 ι
2489 794 2601 845 Ούκ
2634 792 2872 865 ὲλεήσεις
2906 796 3086 851 αὐτόν.
3124 816 3141 848 ι
3175 799 3330 850 Ἔστι
3350 798 3407 851 δὲ
3435 800 3528 851 καὶ
3561 801 3656 863 τδ,
3699 818 3718 850 ι
3747 800 3819 853 Ὀ

515 901 601 947 set
636 910 648 946 :
684 912 701 944 ι
728 892 843 945 Non
897 892 1241 945 misereberis
1282 891 1415 955 ejus.
1452 909 1470 941 ι
1509 888 1603 941 Est
1631 888 1796 941 etiam
1837 884 1963 937 illud
1995 884 2039 914 ⁸⁸
2075 898 2088 935 :

520 1001 541 1035 ι
566 983 667 1048 Qui
711 983 999 1037 miseretur
1050 981 1103 1033 in
1142 980 1435 1043 hilaritate,
1463 997 1482 1029 ι
1528 992 1650 1032 cum
1688 974 1895 1044 justitia
1928 972 2091 1027 mise-

518 1086 690 1130 retur.

589 1160 754 1216 Vsus.
785 1162 838 1214 7.
876 1160 1208 1222 Convertere,
1246 1158 1423 1210 anima
1445 1173 1579 1219 mea,
1610 1158 1664 1209 in
1706 1155 1956 1224 requiem,
1982 1162 2091 1206 etc.

522 1255 753 1323 Requies
791 1253 984 1305 animte
1007 1260 1090 1305 est
1128 1261 1472 1319 peccatorum
1501 1248 1829 1301 abstinentia
1863 1260 2093 1315 :pecca-

518 1357 629 1401 tum
661 1346 807 1411 enim
841 1344 985 1397 illam
1012 1343 1215 1411 dejicit,
1241 1351 1293 1395 et
1318 1357 1509 1395 omnes
1530 1340 1646 1409 ejus
1675 1339 1815 1392 vires
1838 1336 2087 1393 conterit.

520 1439 670 1493 Unde
700 1404 862 1488 etiam
899 1435 1185 1503 baptisma,
1234 1441 1419 1502 utpote
1468 1404 1609 1501 quod
1654 1431 2028 1485 liberationem
2064 1445 2091 1483 a

517 1530 755 1598 peccatis
811 1527 1115 1588 contineat,
1175 1525 1343 1579 David
1416 1540 1657 1593 «aquam
1720 1522 2031 1577 refectiouis
2069 1540 2086 1572 ι

514 1620 830 1691 appellavit.
887 1619 1138 1672 Animam
1204 1618 1366 1688 igitur
1423 1618 1473 1670 in
1532 1617 1768 1685 peccatis
1818 1624 2090 1670 errantem

526 1712 679 1781 jubet
710 1710 947 1764 converti
992 1710 1043 1763 in
1083 1710 1342 1777 requiem.
1374 1709 1488 1763 sive
1520 1724 1613 1777 per
1641 1706 1904 1777 baptisma
1934 1746 1948 1771 ,
1979 1708 2093 1761 sive

523 1818 622 1873 per
649 1802 920 1872 laetymas
955 1809 1008 1854 et
1042 1798 1437 1870 pmnitentiam.

593 1983 753 2037 Vens.
783 1983 837 2038 8.
872 1981 1009 2047 Quia
1056 1980 1250 2049 eripuit
1300 1981 1534 2033 animum
1585 1996 1776 2045 meum,
1810 1988 1917 2035 etc.
1966 1980 2092 2049 Ejus

518 2076 769 2130 videlicet
796 2074 888 2144 qui
921 2090 1024 2129 non
1074 2074 1307 2142 amplius
1338 2082 1545 2139 peccat.
1596 2090 1615 2121 ι
1650 2071 1843 2125 Anima
1948 2072 2091 2127 enim

516 2181 634 2233 qua:
672 2162 1007 2233 peccaverit,
1083 2166 1196 2234 ipsa
1228 2164 1489 2218 morietur
1516 2163 1583 2215 “.
1616 2181 1634 2214 ι
1671 2161 1772 2228 Qui
1812 2170 1992 2215 autem
2025 2162 2092 2214 ad

519 2258 619 2310 hoc
648 2258 888 2326 pervenit
926 2266 982 2309 ιιι
1033 2257 1274 2311 dolorum
1342 2257 1413 2310 sit
1465 2270 1683 2325 expers,
1739 2255 1903 2317 dicet,
1962 2252 2091 2323 quia

523 2350 779 2401 Dominus
804 2348 1202 2415 eripuitoculos
1236 2364 1382 2402 meos
1415 2364 1444 2401 a
1483 2346 1759 2417 lacrymis.
1788 2346 1930 2400 ltletn
1960 2360 2090 2399 vero

519 2439 683 2492 etiam
717 2439 855 2493 dicet
885 2440 977 2507 qui
1014 2440 1174 2494 beato
1208 2439 1353 2493 luctu
1390 2440 1563 2507 luget,
1590 2438 1804 2506 quando
1841 2437 2009 2491 risum
2041 2446 2095 2491 et

518 2529 945 2582 consolationem
980 2528 1295 2583 obtinuerit.
1325 2529 1425 2595 Qui
1457 2538 1634 2583 autem
1660 2529 1891 2583 audierit
1917 2546 1931 2582 :
1960 2546 1977 2578 ι
2013 2526 2093 2581 Τιι

521 2634 647 2673 vero
690 2620 778 2674 hic
808 2630 889 2673 sta
937 2635 1145 2673 tnecum
1173 2622 1239 2683 97,
1284 2640 1301 2671 ι
1357 2622 1501 2674 dicet
1540 2638 1552 2671 :
1589 2620 1794 2688 Eripuit
1836 2620 2092 2675 Dominus

520 2710 685 2778 pedes
724 2726 871 2765 meos
903 2725 930 2764 a
962 2712 1131 2781 lapsu.

1056 2889 1383 2945 PSALMUS
1420 2890 1579 2946 cxv.
2125 2902 2167 2958 α

594 3006 758 3061 Vens.
792 3005 843 3058 1.
876 3002 1111 3067 Credidi,
1144 3013 1357 3071 propter
1385 3003 1521 3072 quod
1559 3004 1764 3059 locutus
1801 3021 1939 3071 sum,
1988 3016 2094 3062 etc.

524 3100 635 3155 Nisi
684 3099 807 3168 quis
853 3097 1082 3151 ﬁrmiter
1145 3107 1572 3165 constanterque
1641 3096 1973 3161 crediderit,
2033 3112 2099 3153 ne

525 3194 742 3246 doceat.
798 3191 1004 3245 Sinceri
1037 3189 1181 3243 enim
1224 3188 1577 3258 praeceptoris
1608 3202 1710 3241 vox
1750 3197 1835 3243 est.
1872 3206 1885 3242 :
1921 3208 1938 3240 ι
1962 3189 2096 3245 ϐιοῖο

523 3284 657 3347 didi,
686 3292 909 3353 propter
938 3281 1080 3351 quod
1119 3281 1329 3335 locutus
1352 3296 1493 3334 sum.
1536 3299 1555 3332 ι
1606 3279 1878 3335 Modestia:
1917 3290 2097 3336 autem

522 3374 759 3444 ejusdem
792 3382 847 3427 et
878 3372 1203 3426 humilitatis
1236 3371 1495 3424 imlicium
1529 3378 1632 3433 est,
1680 3370 1826 3437 quod
1858 3371 2099 3426 docendo

526 3465 746 3518 minime
777 3464 1121 3526 intumescat,
1154 3477 1278 3517 cum
1299 3462 1445 3515 dicat
1476 3479 1488 3514 :
1532 3478 1549 3510 ι
1580 3460 1698 3532 Ego
1714 3470 1893 3517 autem
1925 3462 2100 3517 ltumi-

525 3556 685 3609 liatus
708 3571 824 3610 Slllll
850 3555 1028 3607 nimis.
1068 3571 1085 3604 ι

596 3644 871 3714 Ejusdem.
933 3643 1094 3699 Fides
1144 3652 1229 3698 est
1277 3643 1472 3697 anima:
1522 3643 1707 3700 liberae
1758 3645 2099 3701 rationabilis

524 3735 792 3790 assensio.

600 3828 761 3883 Vens.
796 3828 851 3881 2.
895 3828 1005 3897 Ego
1046 3828 1161 3881 dixi
1195 3829 1248 3880 in
1294 3842 1507 3881 excessu
1536 3843 1687 3880 meo:
1730 3826 1915 3881 Omnis
1945 3828 2098 3882 homo

526 3923 773 3984 mendax,
802 3931 908 3976 etc.
947 3920 1001 3974 Si
1029 3921 1192 3975 homo
1225 3920 1385 3974 etiam
1417 3918 1581 3973 David
1604 3929 1706 3985 est,
1736 3920 1961 3974 mendax
1994 3928 2095 3975 est.

530 4013 586 4067 Si
617 4014 844 4067 mendax
877 4022 978 4077 est,
1013 4029 1135 4067 cum
1167 4014 1405 4082 seipsmu
1448 4013 1763 4066 mendacem
1798 4011 1958 4076 dicit,
1993 4025 2097 4065 non

528 4105 799 4169 mendax,
832 4104 927 4159 sed
970 4120 1129 4158 verax
1161 4116 1264 4160 est.
1314 4108 1368 4159 Si
1420 4114 1599 4158 autem
1648 4119 1807 4157 verus
1850 4114 1933 4158 est
1975 4118 2097 4156 cum

526 4197 758 4264 seipsum
798 4196 1110 4249 mendacem
1155 4197 1309 4262 dicit,
1354 4197 1514 4249 homo
1558 4210 1678 4249 cum
1724 4195 1831 4256 sit,
1865 4209 1969 4247 non
2020 4203 2101 4248 est

528 4286 783 4339 mendax.
830 4282 1072 4337 Vertitur
1114 4283 1295 4350 itaque
1337 4282 1515 4335 Oratio
1559 4282 1624 4333 ad
1662 4290 1987 4349 utrumque,
2027 4280 2097 4332 ita

528 4385 587 4427 ut
616 4376 686 4428 sit
719 4390 904 4439 verax,
934 4373 1091 4443 791
1132 4374 1178 4427 si
1221 4373 1379 4426 homo
1423 4382 1507 4426 est
1538 4390 1551 4437 ;
1603 4382 1655 4425 et
1704 4372 1817 4438 ipse
1847 4372 1912 4424 sit
1950 4385 2098 4423 men-

527 4462 657 4517 dax.
704 4462 772 4516 Et
819 4462 906 4516 hic
939 4478 1119 4517 sermo
1163 4478 1193 4516 a
1241 4460 1539 4516 dialecticis
1583 4472 1811 4515 vocatur
1845 4459 2094 4514 dillicilis.

617 4639 893 4709 Ejusdem.
923 4640 1201 4707 Quatenus
1246 4641 1407 4694 homo
1435 4642 1557 4708 quis
1588 4651 1691 4705 est,
1728 4644 1958 4697 mendax
1991 4650 2095 4705 est,
2128 4650 2137 4659 '

531 4745 696 4785 verax
726 4741 905 4784 autem
935 4731 979 4784 si
1000 4730 1361 4785 desieritesse
1382 4731 1560 4783 homo.
1589 4731 1720 4783 Nam
1740 4748 1841 4785 vox
1860 4750 1877 4783 ι
1905 4733 2093 4786 homo.

532 4820 822 4890 aliquando
854 4818 1220 4874 substantiam
1252 4820 1546 4889 signiﬁcat,
1590 4830 1653 4872 nt
1681 4834 1803 4873 cum
1848 4821 2045 4874 dicitur
2081 4836 2093 4873 :

536 4931 557 4964 ι
594 4912 765 4967 llomo
811 4912 1032 4983 quidam
1082 4919 1202 4967 erat
1254 4911 1307 4965 in
1364 4920 1503 4963 terra
1556 4909 1799 4964 Ausitide
1822 4911 1901 4975 ’3;
1953 4929 1971 4961 ι
2004 4910 2101 4963 ali-

534 5006 750 5073 quando
790 5014 967 5059 autem
1000 5004 1289 5073 pessimum
1316 5002 1723 5072 babitumjuxta
1754 5001 1883 5056 illud
1912 5019 1925 5056 :
1952 5019 1969 5053 ι
1997 5000 2103 5058 Vos

535 5107 713 5150 autem
747 5096 889 5152 sicut
929 5096 1179 5152 homines
1230 5095 1558 5158 moriemini,
1599 5105 1655 5149 et
1690 5094 1828 5149 sicut
1861 5110 1999 5149 unus
2038 5096 2103 5149 de

536 5186 868 5255 principibus
904 5186 1193 5241 cadetis”.
1248 5204 1267 5238 ι
1319 5184 1475 5241 Prior
1503 5185 1645 5240 enim
1676 5182 1824 5240 lo'cus
1852 5186 2103 5241 substan-

539 5275 689 5339 tiam,
717 5276 853 5330 alter
881 5293 1008 5331 vero
1038 5276 1328 5346 pessimum
1355 5276 1594 5331 habitum
1626 5277 1888 5334 declarat.

613 5369 777 5423 Vens.
813 5366 866 5420 5.
900 5366 1038 5431 Quid
1067 5369 1347 5421 retribuam
1381 5364 1643 5418 Domino?
1675 5374 1781 5421 etc.
1810 5367 1865 5420 In
1894 5367 1976 5421 Itis
2005 5364 2105 5435 igi-

542 5469 629 5513 tur
658 5470 910 5527 tanquam
946 5476 974 5511 a
1004 5458 1238 5512 Domino
1262 5457 1486 5511 aﬂ'ectus
1513 5472 1703 5527 magno
1742 5459 2022 5521 benellcio,
2049 5466 2101 5512 et

546 5551 730 5606 Valens
759 5564 915 5604 sumn
946 5549 1344 5604 benefactorem
1375 5550 1731 5616 remunerari,
1774 5552 1841 5605 de
1867 5551 1980 5620 ipso
2022 5566 2103 5606 re-

616 5704 664 5733 ”
696 5703 847 5759 Deut.
886 5721 997 5771 XIX,
1024 5705 1109 5761 15.
1187 5708 1229 5737 ³⁸
1269 5704 1422 5759 Rom.
1455 5720 1552 5773 xu,
1584 5707 1637 5760 8.
1713 5707 1759 5738 "
1791 5704 1984 5764 Ezeclt.
2007 5722 2095 5763 xvt

2200 5711 2245 5765 ί.
2323 5712 2365 5742 ’³⁷
2396 5712 2548 5767 Dent.
2579 5728 2658 5779 nt,
2683 5712 2769 5767 5|.

2198 882 2361 936 ἐλεῶν
2392 885 2447 936 ὲν
2485 883 2780 955 ἱλαρότητι,
2800 908 2816 936 ι
2850 887 2987 955 μετὰ
3008 887 3353 959 δικαιοσύνης
3382 889 3538 942 ἐλεεῖ.

2280 1152 2703 1221 Ἐπίστρεψον,
2742 1154 2911 1222 ψυχή
2950 1173 3091 1224 μου,
3136 1157 3223 1223 είς
3254 1157 3366 1225 τὴν
3399 1158 3795 1225 ἀνάπαυσιν,

2198 1260 2249 1296 κ.
2286 1261 2336 1296 τ.
2368 1245 2415 1297 ὲ.
2457 1244 2785 1309 Ἀνὰπαυσις
2816 1246 2917 1317 τῆς
2944 1247 3122 1318 ψυχῆς
3150 1251 3182 1320 ὴ
3210 1249 3317 1301 τῶν
3354 1252 3793 1322 ἁμαρτημάτων

2197 1336 2446 1407 ἀποκοπή
2468 1353 2483 1369 ·
2509 1338 2812 1391 κατατείνει
2843 1339 2950 1410 γὰρ
2987 1342 3159 1411 αὐτὴν
3188 1345 3219 1413 ἠ
3255 1343 3515 1414 ἁμαρτία,
3548 1347 3647 1399 καὶ
3676 1346 3793 1399 πά-

2199 1444 2297 1491 σας
2327 1428 2495 1497 αὐτῆς
2518 1429 2617 1492 τὰς
2639 1429 2896 1501 δυνάμεις
2930 1434 3226 1504 συντρίϐει.
3256 1437 3416 1489 Ὅθεν
3448 1438 3541 1490 καὶ
3574 1438 3634 1490 τὸ
3685 1439 3790 1510 βά-

2199 1536 2431 1590 πτισμα,
2464 1520 2538 1583 ὡς
2567 1520 2885 1592 ἀπαλλαγὴν
2928 1524 3339 1595 ἁμαρτημάτων
3384 1527 3523 1597 ἔχον,
3568 1547 3588 1579 ‹
3625 1528 3785 1601 ὕδωρ

2195 1610 2550 1673 ἀναπαύσεως
2569 1630 2585 1662 ι
2620 1614 2649 1664 ὁ
2680 1611 2841 1664 Δαυῒδ
2872 1615 3299 1685 προσηγόρευσε.
3337 1616 3446 1687 Τὴν
3471 1618 3651 1688 ψυχὴν
3676 1621 3789 1671 τοία

2196 1718 2290 1753 νυν
2326 1700 2401 1764 ὼς
2434 1702 2490 1754 ἐν
2517 1702 2814 1772 ἁμαρτίαις
2852 1703 3215 1775 πλανηθεῖσαν
3267 1708 3590 1778 ἐπιστρέψαι
3636 1710 3789 1778 πρὸς

2124 1803 2166 1858 Β
2194 1793 2291 1863 τὴν
2312 1791 2637 1857 ἀνάπαυσιν,
2668 1792 2701 1863 ἢ
2724 1793 2811 1846 διά
2833 1793 2926 1845 τοῦ
2946 1794 3340 1865 βαπτίσματος,
3366 1797 3398 1867 ἢ
3433 1797 3520 1849 διά
3539 1797 3650 1849 τῶν
3679 1798 3786 1850 δα-

2198 1885 2379 1955 κρύων
2413 1886 2506 1937 καὶ
2529 1885 2629 1955 τῆς
2651 1887 2960 1956 μετανοίας,
2996 1890 3385 1959 προτρέπεται.

2273 1976 2391 2028 Ὀτι
2414 1975 2679 2039 ἐξείλετο
2723 1976 2837 2046 τὴν
2864 1979 3074 2047 ψυχήν
3099 1998 3239 2048 μου,
3265 1998 3317 2035 κ.
3348 1997 3397 2033 τ.
3430 1982 3475 2035 ὲ.
3512 1982 3621 2035 Τοῦ
3661 2002 3784 2055 μη·

2202 2064 2318 2117 κέτι
2352 2066 2755 2137 ἁμαρτάνοντος
2808 2068 3070 2139 δηλονότι.
3111 2089 3129 2121 ι
3168 2071 3329 2142 Ψυχὴ
3382 2074 3489 2144 γάρ
3516 2075 3786 2145 ἁμαρτά-

2202 2176 2366 2212 νουσα
2394 2159 2761 2213 ἀποθανεῖται.
2802 2178 2819 2211 ι
2871 2160 2927 2214 '0
2960 2160 3016 2214 δὲ
3049 2161 3284 2217 ἀλυπίαν
3323 2164 3603 2218 ἀναλαϐὼν
3633 2169 3782 2237 ἐρεῖ,

2199 2251 2279 2303 ὅτι
2302 2252 2504 2322 Κύριος
2522 2251 2755 2317 ἐξείλετο
2770 2252 2897 2316 τοὺς
2920 2252 3231 2324 ὀφθαλμούς
3251 2273 3349 2325 μου
3368 2257 3475 2310 ἀπὸ
3493 2258 3776 2329 δακρύων.

2213 2344 2356 2416 Ἐρεῖ
2386 2345 2443 2398 δὲ
2462 2345 2590 2398 αὐτὸ
2628 2345 2723 2399 καὶ
2748 2347 2776 2398 ό
2795 2346 2854 2399 τὸ
2884 2346 3319 2417 μακαριζόμενον
3347 2348 3536 2412 πένθος
3568 2350 3780 2421 πενθή-

2202 2454 2320 2500 σας,
2343 2438 2470 2491 δταν
2495 2437 2735 2508 τυγχάνῃ
2765 2436 3224 2504 τοῦ,γελάσονται,
3248 2439 3343 2492 καί
3376 2440 3781 2511 τοῦ,παρακλη-

2202 2527 2475 2598 θήσονται.
2513 2529 2570 2582 Ὀ
2616 2528 2674 2581 δὲ
2720 2526 2959 2591 ἀκούσας
2989 2528 3102 2592 τοῦ,
3143 2547 3161 2579 ι
3209 2530 3282 2584 Σὺ
3310 2530 3368 2583 δὲ
3406 2533 3569 2595 αὐτὸς
3616 2534 3782 2602 στῆθι

2204 2622 2323 2690 μετ’
2346 2620 2501 2691 ἐμοῦ,
2538 2639 2556 2672 ι
2591 2622 2726 2693 ἐρεῖο
2776 2618 3039 2684 Ἐξείλετο
3070 2620 3271 2691 Κύριος
3313 2625 3438 2687 τοὺς
3472 2624 3637 2685 πόδας
3669 2641 3779 2695 μου

2202 2712 2311 2765 ἀπὸ
2345 2712 2735 2782 ὀλισθήματος.

2756 2897 3045 2952 ΨΔΛΜΟΣ
3085 2899 3230 2953 ΡΙΕ¹.

2282 3008 2669 3073 Ἐπίστευσα,
2695 3005 2787 3060 διὸ
2820 3007 3259 3075 ἐλάλησα,κ.τ.
3283 3008 3325 3062 ἑ.
3355 3007 3412 3059 ΕΞ
3432 3006 3504 3076 μὴ
3530 3004 3784 3075 βεϐαίως

2198 3118 2280 3164 τις
2331 3101 2426 3153 καὶ
2484 3099 2909 3172 ἀπερισπάστως
2971 3099 3279 3162 ἐπίστευσε,
3312 3098 3385 3169 μὴ
3432 3096 3724 3149 διδασκέτω
3753 3112 3775 3127 ο

2199 3192 2423 3262 γνησίου
2455 3192 2563 3261 γὰρ
2593 3192 2911 3247 διδασκάλου
2939 3191 3089 3262 φωνὴ
3111 3192 3201 3244 τό·
3243 3210 3263 3242 ι
3312 3189 3654 3251 Ἐπίστευσα,
3689 3186 3784 3240 διὸ

2199 3283 2457 3354 ἐλάλησα.
2500 3302 2517 3335 ι
2557 3283 2731 3336 Αὐτοῦ
2776 3284 2833 3336 δὲ
2863 3283 3051 3335 τούτου
3080 3283 3181 3352 τῆς
3210 3281 3440 3351 ἀτυφίας
3478 3281 3569 3333 καὶ
3593 3295 3788 3331 ταπει-

2199 3372 2530 3443 νοφροσύνης
2560 3373 2777 3442 δεῖγμα,
2818 3371 3081 3442 μηδαμῶς
3114 3372 3207 3424 ἐπὶ
3246 3370 3320 3439 τῷ
3360 3369 3632 3423 διδάσκειν
3667 3386 3780 3436 φυ-

2200 3458 2483 3528 σιουμένου
2510 3461 2573 3511 ὲκ
2596 3458 2688 3512 τοῦ
2708 3476 2721 3489 ·
2754 3478 2773 3511 ‹
2824 3458 2965 3528 Ἐγὼ
2990 3460 3046 3513 δὲ
3076 3458 3447 3529 ὲταπεινὼθην
3478 3458 3705 3529 σφόδρα.
3750 3476 3772 3507 ι

2276 3638 2384 3693 Τοῦ
2412 3637 2619 3693 αὐτοῦ.
2638 3640 2827 3703 Πίστις
2853 3641 2969 3693 ἐστὶ
2999 3640 3175 3711 ψυχῆς
3205 3638 3557 3706 αύτεξουσίου
3584 3640 3777 3710 λογικὴ

2202 3728 2617 3795 συγκατάθεσις.

2284 3819 2425 3889 Ἐγὼ
2459 3818 2527 3871 δὲ
2555 3816 2693 3874 εἶπα
2726 3821 2793 3874 ἐν
2817 3820 2892 3889 τῇ
2912 3821 3197 3877 ἐκστάσει
3224 3839 3343 3890 μου
3362 3839 3379 3854 ο
3404 3820 3526 3885 Πᾶς
3559 3821 3775 3886 ἄνθρω-

2198 3926 2313 3974 πος
2336 3912 2628 3979 ψεύστης.
2654 3928 2708 3966 κ.
2726 3928 2776 3965 τ.
2797 3914 2843 3965 ὲ.
2876 3913 2938 3965 Et
2956 3911 3052 3966 ἄνθ
3062 3929 3237 3983 ρωπος
3265 3912 3361 3965 καὶ
3393 3915 3421 3965 ὁ
3442 3910 3620 3973 Δαυῒδ,
3642 3909 3773 3977 ψεύ-

2203 4017 2331 4070 στης
2366 4000 2511 4055 ὲστίν
2537 4018 2549 4031 ·
2586 4002 2634 4054 εί
2666 4001 2723 4054 δὲ
2756 4001 2994 4072 ψεύστης
3026 4003 3164 4067 ἐστὶ,
3198 4002 3374 4070 λέγων
3422 4002 3609 4053 ἑαυτὸν
3639 3999 3771 4067 ψεύ-

2204 4110 2354 4163 στην,
2401 4094 2502 4146 ούκ
2536 4092 2649 4146 ἔστι
2692 4094 2952 4163 ψεύστης,
2988 4094 3102 4147 ἀλλ’
3142 4094 3341 4163 ἀληθής
3382 4096 3544 4144 ἐστιν.
3593 4093 3655 4143 Εἰ
3709 4093 3767 4143 δὲ

2207 4185 2412 4257 ἀληθής
2456 4188 2571 4239 ἐστι
2621 4186 2795 4254 λέγων
2836 4187 3024 4239 ἑαυτὸν
3072 4185 3329 4256 ψεύστην,
3366 4184 3644 4253 ἄνθρωπος
3690 4182 3770 4234 ὢν

2205 4278 2304 4329 οὐκ
2330 4277 2443 4329 ἔστι
2485 4276 2744 4348 ψεύστης.
2780 4277 3140 4349 Περιστρὲφει
3174 4280 3283 4348 ἄρα
3318 4280 3345 4329 ὁ
3383 4277 3534 4345 λόγος
3564 4277 3640 4337 εἰς
3668 4277 3770 4344 ἀμ-

2205 4370 2426 4439 φότερα,
2452 4370 2543 4421 καὶ
2564 4370 2641 4431 είς
2670 4368 2730 4421 τὸ
2750 4363 2885 4421 εἶναι
2916 4367 3078 4421 αὐτὸν
3106 4368 3427 4437 ἁληθευτὴν,
3453 4368 3546 4420 ἐὰν
3570 4367 3764 4436 ἄνθρω-

2204 4471 2303 4517 πος
2323 4450 2379 4526 ᾗ,
2411 4455 2506 4507 καὶ
2530 4458 2609 4519 εἰς
2643 4456 2704 4508 τὸ
2745 4452 2882 4508 εἶναι
2910 4457 3069 4510 αὐτὸν
3098 4456 3362 4529 ψεύστην.
3390 4458 3497 4509 Καὶ
3526 4457 3759 4509 καλεῖται

2203 4548 2230 4598 ὁ
2252 4545 2406 4613 λόγος
2432 4541 2585 4609 οὗτος
2608 4565 2682 4599 πα
2690 4548 2757 4618 ρὰ
2788 4552 2900 4611 τοῖς
2920 4549 3278 4612 διαλεκτικοῖς
3310 4552 3531 4621 ἄπορος.

2280 4636 2386 4689 Τοῦ
2416 4637 2619 4690 αὐτοῦ.
2651 4639 2764 4705 Ἐφ’
2798 4640 2919 4692 ὅσον
2950 4639 3231 4711 ἅνθρωπός
3257 4656 3341 4703 τις
3370 4642 3510 4704 ἐστὶ,
3539 4641 3769 4710 ψεύστης

2202 4727 2377 4780 ἐστίν·
2406 4726 2500 4780 ἐὰν
2538 4726 2593 4779 δὲ
2627 4728 2895 4799 ἀπόθηται
2931 4730 2990 4782 τὸ
3018 4726 3155 4784 εἶναι
3188 4729 3496 4801 ἄνθρωπος,
3548 4730 3768 4801 ἀληθευ-

2200 4820 2299 4890 τής
2327 4820 2461 4873 ἐστι.
2494 4820 2566 4872 Τὸ
2600 4820 2707 4891 γὰρ
2742 4839 2759 4870 ι
2798 4820 3079 4891 ἄνθρωπος
3121 4840 3139 4874 ι
3173 4821 3344 4891 ὄνομα
3378 4822 3511 4874 ποτὲ
3556 4823 3652 4891 μὲν
3692 4823 3771 4873 ού-

2206 4910 2324 4963 σίαν
2359 4909 2527 4980 δηλοῖ,
2564 4910 2639 4974 ὡς
2665 4912 2751 4965 τό·
2793 4912 3142 4983 «Ἄνθρωπός
3175 4931 3257 4976 τις
3285 4910 3352 4984 ἦν
3389 4916 3447 4966 ἐν
3501 4914 3654 4984 χώρα
3707 4915 3767 4983 τῇ

2204 5001 2444 5054 Αύσίτιδι
2470 5020 2481 5032 ·
2528 5021 2545 5053 ι
2578 5004 2707 5056 ποτὲ
2740 5003 2795 5057 δὲ
2825 5005 3103 5077 χειρίστην
3137 5006 3489 5071 κατάστασιν,
3520 5005 3661 5058 κατὰ
3681 5006 3767 5057 τό⁸

2215 5113 2231 5145 ι
2257 5094 2442 5165 Ὑμεῖς
2492 5095 2548 5148 δὲ
2592 5096 2667 5159 ὼς
2698 5095 2973 5166 ἄνθρωποι
3028 5098 3420 5168 ἀποθνήσκετε,
3456 5098 3549 5149 καὶ
3587 5096 3664 5159 ὡς
3698 5090 3771 5157 εἷς

2208 5185 2315 5237 τῶν
2350 5185 2624 5257 ἀρχόντων
2650 5185 2901 5239 πίπτετε.
2934 5206 2951 5235 ι
2992 5187 3065 5239 Τὸ
3097 5188 3193 5256 μὲν
3221 5188 3331 5259 γάρ
3381 5187 3589 5247 οὐσίαν,
3619 5186 3677 5239 τὸ
3720 5186 3771 5238 δὲ

2208 5279 2470 5350 κακίστην
2496 5278 2607 5344 ἕξιν
2634 5279 2799 5348 δηλοῖ.

2277 5370 2339 5422 Τί
2361 5370 2765 5424 ἀνταποδώσω
2789 5369 2869 5435 τῷ
2895 5372 3092 5439 Κυρίῳ
3110 5412 3124 5433 ,
3154 5389 3211 5428 κ.
3234 5388 3286 5425 τ.
3315 5372 3359 5426 ὲ.
3402 5372 3487 5435 Ὠς
3510 5370 3655 5441 μέγα
3686 5362 3774 5422 οὖν

2206 5461 2264 5512 ἐν
2293 5459 2500 5522 τούτοις
2529 5460 2635 5513 ἀπὸ
2665 5460 2866 5531 Κυρίου
2902 5461 3300 5532 εύεργετηθεὶς,
3325 5461 3418 5514 καὶ
3463 5460 3773 5530 βουλόμενος

2211 5550 2546 5619 ἀμείψασθαι
2576 5551 2666 5603 τὸν
2702 5552 3016 5624 εὐεργέτην,
3043 5552 3265 5623 ἀπορῶν
3291 5555 3418 5623 περὶ
3450 5551 3544 5604 τοῦ
3576 5549 3774 5622 τρόπου

2848 5714 2892 5744 ⁸⁸
2922 5712 3041 5768 Job.
3070 5730 3106 5780 ι,
3134 5715 3183 5768 1.
3263 5716 3307 5746 ³³
3333 5713 3476 5769 Psal.
3502 5723 3691 5780 sum,
3719 5708 3773 5765 7.
