4066 6236
347 355 486 410 1577

1297 353 1599 409 SELECTA
1641 352 1704 404 IN
1746 349 2080 404 PSALMOS.
2116 383 2183 391 -—
2218 349 2423 405 PSAL.
2452 351 2616 408 CXV.

3440 359 3574 413 1578

342 475 440 542 τῆς
465 471 698 542 ἀμοιϐῆς
730 489 894 543 φησι·
932 492 947 521 ι
981 472 1044 523 Τί
1074 471 1433 525 ἀνταποδώσω
1461 469 1537 537 τῷ
1566 470 1753 540 Κυρίῳ
1779 469 1904 537 περὶ

2012 468 2326 523 munerandi
2364 468 2523 523 modo
2562 468 2839 537 ambigens
2874 469 2948 521 ait
2982 486 2994 521 :
3045 489 3061 519 ι
3102 468 3239 536 Quid
3278 475 3572 531 retribuam

344 564 560 615 πάντων
603 556 677 615 ὧν
720 562 1065 614 ἀνταπέδωκέ
1124 578 1256 631 μοι;
1291 581 1309 612 ι
1366 562 1453 623 Εἰς
1500 559 1747 628 αἴσθησιν
1799 560 1905 628 γὰρ

342 653 511 706 ἐλθὼν
543 654 649 705 τῶν
681 654 887 722 μυρίων
920 653 1069 723 παρά
1094 652 1226 703 Θεοῦ
1250 651 1462 720 δωρεῶν
1484 667 1496 679 ·
1516 650 1595 702 ὅτι
1626 651 1689 701 ἐκ
1717 649 1807 701 τοῦ
1834 649 1906 719 μὴ

341 744 493 806 ὄντος
513 745 591 806 είς
610 744 670 795 τὸ
699 738 834 795 εἶναι
860 742 1112 813 παρήχθη
1133 759 1146 772 ·
1180 743 1259 794 ὅτι
1283 742 1387 793 ἀπὸ
1414 742 1513 810 γῆς
1538 739 1902 803 διαπλασθεὶς,

342 832 487 905 λόγῳ
509 834 811 905 τετίμηται,
846 836 902 886 ὲν
998 835 1090 887 καὶ
1121 833 1217 902 τὴν
1246 833 1426 884 εἰκόνα
1472 834 1655 900 φορεῖν
1687 830 1905 883 δύναται

342 924 436 978 τοῦ
466 924 805 994 ἐπουρανίου·
828 924 1014 976 ἔπειτα
1046 924 1137 975 καλ⁴
1164 923 1295 992 πρὸς
1316 922 1412 993 τὴν
1442 923 1580 991 ὑπὲρ
1599 921 1692 973 τοῦ
1719 922 1905 988 γένους

342 1014 450 1066 τῶν
487 1013 789 1084 ἀνθρώπων
821 1014 1129 1084 οἰκονομίαν
1156 1012 1382 1077 ἀπιδὼν,
1412 1015 1492 1065 ὅτι
1524 1014 1711 1066 ἑαυτὸν
1737 1014 1765 1066 ὁ
1796 1013 1907 1065 Κύ-

346 1121 458 1173 ριος
492 1104 655 1156 ἔδωκε
686 1104 877 1175 λύτρον
906 1105 1025 1157 ἀντὶ
1059 1104 1264 1157 πολλῶν
1294 1104 1468 1174 ἡμῶν,
1493 1106 1775 1174 ἐπαπορεῖ,
1812 1103 1905 1156 κα)⁸

343 1189 497 1259 ζητεῖ
516 1192 573 1244 ἐν
600 1194 732 1245 πᾶσι
754 1191 959 1255 τούτοις
987 1194 1098 1256 τοῖς
1121 1193 1456 1263 ὑπάρχουσιν
1490 1194 1657 1263 αὐτῷ,
1680 1194 1732 1246 τί
1758 1193 1905 1259 ἀξιον

343 1281 552 1352 ἐξεύροι
579 1283 746 1354 δῶρον
770 1280 1111 1354 τῷΔεσπότῃ
1130 1300 1144 1313 ·
1189 1283 1249 1335 οῦ
1292 1283 1498 1346 Θυσίας,
1531 1284 1648 1336 οὐδὲ
1678 1284 1904 1336 ὁλοκαυ-

342 1371 550 1436 τώσεις,
586 1374 700 1427 ἀλλ’
731 1373 895 1444 αὐτὴν
923 1375 1100 1426 πᾶσαν
1120 1373 1217 1444 τὴν
1242 1374 1433 1426 ἑαυτοῦ
1460 1373 1623 1444 ζωήν.

412 1546 729 1615 Διέρῤηξας
754 1549 896 1614 τοὺς
917 1549 1180 1619 δεσμούς
1200 1569 1339 1619 μου.
1377 1569 1429 1603 κ.
1448 1569 1497 1604 τ.
1522 1553 1569 1604 ὲ.
1633 1550 1773 1619 Πρὸς
1824 1552 1903 1614 τὸ,

346 1655 366 1686 ι
398 1638 462 1688 Τί
487 1635 849 1690 ἀνταποδώσω
879 1639 955 1709 τῷ
980 1640 1168 1711 Κυρίῳ
1189 1657 1234 1705 ;ι
1271 1642 1416 1694 δοκεῖ
1444 1659 1532 1712 μοι
1566 1642 1905 1694 ἀποδίδοσθαι

339 1725 552 1794 πρῶτον
579 1727 696 1795 μὲν,
736 1747 754 1779 r
790 1730 1043 1799 ποτήριον
1076 1731 1339 1802 σωτηρίου
1362 1732 1625 1803 λήψομαι·
1668 1751 1686 1784 ι
1722 1732 1904 1785 δεύτε-

2016 555 2245 609 Dotnino
2292 571 2387 624 pro
2421 558 2670 611 omnibus
2712 574 2831 627 qua:
2864 559 3118 614 retribuit
3162 563 3328 619 mihi?
3358 584 3376 618 ι
3410 566 3573 622 Innu-

2002 659 2159 697 mera
2192 645 2333 698 enim
2381 647 2471 701 Dei
2514 662 2733 702 munera
2763 651 3091 717 expendens,
3126 654 3270 721 quod
3297 655 3366 711 de
3406 658 3574 713 nihilo

2012 732 2065 786 in
2111 732 2283 786 lucem
2331 736 2626 803 productus
2664 737 2735 789 sit
2767 754 2781 789 :
2813 739 2954 806 quod
2999 753 3063 793 ex
3108 748 3249 795 terra
3284 742 3572 812 formatus,

2013 823 2218 877 ratione
2244 825 2497 892 praeditus
2524 826 2614 888 sit,
2636 826 2686 878 in
2720 841 2823 895 qua
2848 829 3087 884 caelestis
3120 832 3411 903 imaginem
3433 838 3575 894 ferre

2011 913 2187 967 valeat
2218 932 2232 967 :
2260 913 2455 968 deinde
2486 916 2577 970 Dei
2606 931 2820 985 quoque
2852 934 2947 986 pro
2978 921 3216 977 humano
3239 939 3436 992 genere
3459 928 3572 983 dis-

2012 1006 2379 1073 pensationem
2418 1006 2709 1074 inspiciens
2730 1046 2744 1071 ,
2791 1011 3060 1077 quomodo
3092 1011 3352 1068 Dominus
3376 1029 3574 1072 semet-

2013 1096 2185 1163 ipsum
2226 1097 2435 1149 dederit
2464 1096 2515 1149 in
2550 1097 2972 1165 redemptionem
3009 1115 3105 1167 pro
3150 1104 3331 1159 multis
3379 1107 3570 1173 nobis,

2011 1185 2204 1239 anxius
2239 1186 2450 1240 b:esitat
2476 1194 2531 1238 et
2575 1187 2765 1254 quaerit
2796 1188 2846 1241 in
2878 1189 2964 1243 his
3016 1192 3267 1249 omnibus
3306 1210 3426 1264 quae
3470 1199 3572 1267 ipsi

2011 1283 2320 1343 suppetunt,
2360 1276 2631 1343 quodnam
2665 1285 2812 1330 tanto
2838 1278 3066 1334 Domino
3094 1281 3312 1351 dignum
3339 1289 3576 1356 reperiat

2012 1363 2209 1416 donum
2238 1380 2250 1413 :
2284 1379 2389 1418 non
2416 1366 2706 1432 sacriﬁcia,
2734 1382 2838 1421 non
2867 1368 3207 1439 holocausta,
3236 1377 3332 1430 sed
3363 1376 3570 1446 ipsam-

2011 1463 2121 1507 met
2152 1463 2316 1508 totam
2344 1455 2509 1509 vitam
2538 1471 2712 1510 suam.

2085 1544 2250 1598 Vens.
2282 1544 2336 1598 8.
2385 1545 2648 1613 Dirupisti
2690 1546 2894 1603 vincula
2941 1565 3079 1616 mea,
3131 1561 3235 1608 etc.
3270 1555 3351 1611 Ad
3398 1557 3567 1625 illud,

2016 1653 2034 1685 ι
2070 1634 2208 1700 Quid
2243 1636 2539 1690 retribuam
2585 1638 2854 1693 Domino?
2887 1659 2906 1693 ι
2944 1642 3165 1697 videtur
3213 1647 3342 1700 mihi
3380 1650 3569 1706 referri

2012 1724 2241 1792 primum
2290 1727 2530 1794 quidem,
2568 1744 2588 1777 ι
2625 1728 2850 1783 calicem
2899 1730 3155 1787 salutaris
3197 1737 3501 1806 accipiam;
3542 1759 3561 1792 ι

347 1831 435 1884 ρον
467 1814 629 1881 δὲτὸ,
660 1835 677 1867 ι
717 1817 814 1881 τὰς
864 1820 1027 1888 εὐχάς
1064 1838 1163 1889 μου
1196 1820 1491 1875 ἀποδώσω·
1531 1841 1550 1874 ι
1579 1823 1757 1893 τρίτον
1820 1823 1903 1889 τὸ,

2009 1815 2246 1868 secundo
2277 1815 2441 1889 istud,
2472 1833 2491 1866 ‹
2532 1826 2652 1871 vota
2703 1834 2823 1873 mea
2865 1822 3121 1887 reddam;
3154 1841 3174 1875 ι
3205 1826 3365 1879 tertio
3414 1826 3569 1892 illud,

347 1923 363 1953 ι
404 1904 486 1956 σοὶ
520 1904 665 1958 θύσω
701 1908 890 1961 θυσίαν
927 1909 1186 1973 αἰνέσεως
1208 1928 1222 1942 ·
1267 1930 1286 1964 ι
1321 1912 1576 1983 τέταρτον
1617 1913 1697 1974 τὸ,
1755 1931 1771 1961 r
1805 1912 1904 1975 τὰς

344 1994 505 2062 εὐχάς
537 2012 636 2063 μου
665 1997 747 2069 τῷ
777 1999 963 2068 Κυρίῳ
987 1999 1269 2055 ἀποδώσω.
1296 2019 1314 2051 ι
1355 2001 1513 2055 Ἀλλά
1545 2002 1605 2055 τὸ
1635 2004 1733 2072 μὲν
1771 2003 1904 2073 πρό-

341 2101 516 2155 τερον,
546 2106 564 2136 ε
597 2085 692 2149 τὰς
729 2088 892 2157 εὐχάς
938 2106 1039 2157 μου
1093 2089 1374 2152 ἀποδώσω,
1409 2110 1426 2140 ι
1464 2092 1623 2161 μόνον
1669 2092 1780 2162 ἔχει
1822 2093 1903 2156 τὸ,

345 2193 364 2225 ε
406 2177 638 2230 ἐναντίον
673 2179 870 2241 παντὸς
890 2179 983 2232 τοῦ
1007 2179 1134 2231 λαοῦ
1159 2179 1322 2233 αὑτοῦ
1347 2198 1361 2211 ·
1389 2200 1407 2231 ι
1460 2180 1521 2234 τὸ
1561 2182 1617 2235 δὲ
1656 2181 1906 2253 δεύτερον

342 2266 436 2316 καὶ
459 2265 538 2327 τὸ,
576 2284 593 2315 ι
632 2268 689 2318 ὲν
741 2267 930 2329 αὐλαῖς
978 2268 1126 2320 οἷκου
1175 2267 1401 2339 Κυρίου,
1464 2288 1481 2321 ι
1514 2271 1606 2322 καὶ
1638 2270 1717 2333 τὸ,
1790 2289 1808 2319 ι
1848 2273 1905 2324 ὲν

343 2356 493 2425 μέσῳ
544 2374 665 2419 σου,
704 2359 1072 2429 Ἰερουσαλήμ.
1130 2380 1147 2412 ι
1204 2362 1314 2415 Καὶ
1370 2361 1432 2414 τὸ
1485 2361 1582 2431 μὲν
1621 2364 1904 2431 πρότερον,

344 2464 363 2496 ι
396 2447 493 2508 τὰς
517 2447 681 2517 εὐχάς
703 2465 804 2517 μου
837 2450 914 2520 τῷ
964 2452 1153 2521 Κυρίῳ
1204 2451 1483 2517 ἀποδώσω,
1518 2470 1537 2502 ›
1590 2453 1905 2520 ἐπιφέρεται

341 2538 418 2606 τῷ
453 2539 695 2609 ποτηρίῳ
724 2539 815 2593 τοῦ
850 2543 1118 2612 σωτηρίου
1140 2560 1153 2573 ·
1185 2544 1247 2595 τὸ
1283 2544 1339 2596 δὲ
1360 2544 1608 2614 δεύτερον
1630 2544 1721 2596 ἐπὶ
1773 2546 1906 2596 πᾶσι

339 2628 434 2680 καὶ
462 2630 818 2699 συνημμένως
846 2631 939 2701 τῷ,
982 2651 1000 2683 ‹
1036 2632 1320 2703 διέρῤηξας
1341 2633 1464 2697 τοὺς
1489 2634 1718 2703 δεσμούς
1744 2651 1899 2703 μου,ι

342 2717 433 2768 καὶ
466 2718 562 2787 τῷ,
598 2738 615 2769 ι
660 2721 742 2771 σοὶ
771 2720 915 2773 θύσω
940 2721 1126 2775 θυσίαν
1160 2723 1416 2786 αἰνέσεως
1439 2742 1452 2753 ·
1492 2743 1510 2775 ι
1551 2724 1610 2775 τὸ
1643 2725 1698 2776 δὲ
1725 2762 1739 2786 ,
1788 2744 1806 2774 ‹
1841 2726 1905 2777 σὺ

340 2805 627 2877 διέρῤηξας
657 2809 783 2871 τοὺς
826 2809 1057 2880 δεσμούς
1087 2829 1207 2881 μου,
1251 2832 1268 2862 ι
1326 2813 1403 2882 τῷ
1462 2813 1626 2882 τιμίῳ
1665 2815 1904 2867 ἐναντίον

343 2896 529 2966 Κυρίῳ
559 2896 802 2967 θανάτῳ·
831 2899 860 2951 δ
906 2900 1132 2964 δοξάσας
1175 2901 1265 2953 τοῦ
1309 2902 1604 2973 μαρτυρίου
1648 2903 1737 2957 τὸν
1775 2904 1906 2958 Θεὸν

339 2986 484 3053 λέγει
520 2987 611 3039 ἐπὶ
645 2988 723 3058 τῷ
753 2989 840 3043 διὰ
892 2991 1189 3061 μαρτυρίου
1230 2992 1328 3056 τὰς
1364 2996 1766 3065 προγενομένας
1802 3014 1907 3051 σει-

345 3075 441 3141 ρὰς
467 3077 573 3129 τῶν
603 3079 881 3148 ἁμαρτιῶν
907 3081 1071 3135 αὐτοῦ
1110 3082 1423 3152 διερῤἦχθαι
1474 3085 1581 3137 ἀπὸ
1622 3086 1778 3149 Θεοῦ,
1826 3088 1903 3150 ὡς

2012 1921 2030 1955 ι
2068 1904 2165 1959 tibi
2202 1905 2523 1961 sacriﬁcabo
2550 1907 2784 1961 hostiam
2823 1908 3036 1975 laudis;
3069 1929 3089 1963 ι
3114 1920 3307 1979 quarto
3340 1914 3569 1984 denique

2008 1994 2175 2057 ismd,
2213 2012 2231 2045 ι
2266 2003 2388 2049 vota
2447 2011 2567 2051 mea
2603 1998 2832 2053 Domino
2863 2001 3104 2055 reddam.
3143 2021 3163 2055 ι
3199 2002 3305 2058 Sed
3336 2006 3567 2074 primum

2007 2083 2247 2151 quidem,
2281 2100 2300 2134 ι
2329 2094 2451 2138 vota
2490 2100 2606 2141 mea
2646 2087 2889 2156 reddam,
2920 2107 2939 2141 ι
2971 2099 3174 2145 tantum
3207 2093 3369 2148 habet
3398 2095 3530 2151 illud
3551 2138 3568 2164 ,

2012 2193 2031 2225 ι
2071 2176 2123 2229 in
2145 2184 2440 2243 conspectu
2469 2177 2647 2232 omnis
2675 2179 2853 2246 populi
2878 2180 3026 2248 ejus;
3065 2200 3085 2235 ι
3117 2186 3411 2239 secundum
3438 2203 3569 2244 vero

2006 2273 2060 2319 et
2092 2265 2252 2329 istud,
2289 2283 2307 2316 ι
2346 2266 2398 2319 in
2432 2268 2588 2322 atriis
2611 2269 2801 2324 domus
2825 2269 3069 2338 Domini,
3100 2290 3122 2325 ι
3154 2281 3206 2327 et
3254 2275 3419 2343 istud,
3456 2296 3476 2329 ι
3513 2279 3567 2332 ἰη

2008 2352 2186 2407 medio
2217 2354 2311 2418 tui,
2339 2352 2661 2413 Jerusalem.
2695 2376 2717 2411 ι
2745 2359 2823 2413 Ac
2854 2359 3093 2426 primum
3122 2361 3363 2430 quidem,
3391 2383 3411 2416 ‹
3442 2376 3568 2421 vota

2008 2457 2125 2496 mea
2158 2444 2383 2499 Domino
2417 2448 2671 2514 reddam,
2710 2466 2728 2499 ι
2758 2448 2912 2503 calici
2947 2450 3238 2520 salutaris;
3272 2457 3567 2510 secundum

2009 2548 2136 2589 vero
2171 2535 2221 2589 in
2265 2538 2370 2592 line
2403 2547 2457 2592 et
2494 2548 2739 2593 connexa
2776 2539 2919 2594 serie
2949 2540 3294 2612 subjungitur
3332 2546 3416 2602 his
3445 2563 3568 2602 ver-

2005 2627 2110 2691 bis,
2148 2646 2165 2678 ι
2206 2628 2454 2696 dirupisti
2489 2630 2701 2684 vincula
2728 2645 2868 2697 mea,
2900 2649 2919 2683 ι
2954 2643 3008 2687 et
3035 2634 3137 2689 his.
3181 2654 3199 2686 ι
3241 2638 3334 2693 tibi
3362 2641 3569 2695 sacrili-

2007 2717 2143 2771 cabo
2178 2718 2408 2773 hostiam
2435 2719 2648 2785 laudis;
2686 2739 2705 2772 ι
2754 2721 2884 2775 illud
2918 2738 3069 2787 vero,
3107 2741 3127 2775 ι
3165 2725 3416 2795 dirupisti
3452 2730 3569 2785 vina

2005 2806 2123 2860 cula
2158 2822 2301 2871 mea,
2334 2827 2353 2860 ι
2399 2810 2653 2876 pretiosae
2687 2811 2739 2863 in
2793 2823 3085 2881 conspectu
3145 2815 3356 2873 Domini
3403 2822 3567 2875 morti

2004 2899 2381 2952 subnectitur:
2409 2900 2553 2968 quod
2582 2899 2782 2955 dicitur
2813 2903 2881 2957 ab
2909 2917 2975 2958 eo
2998 2906 3089 2975 qui
3127 2910 3370 2979 martyrii
3397 2912 3560 2967 Deum

2004 2987 2288 3056 gloriﬁcat,
2312 2990 2438 3057 quia
2469 3005 2566 3058 per
2594 2992 2912 3059 martyrium
2944 2996 3188 3062 pristina:
3217 3008 3563 3067 peccatorum

2005 3076 2122 3143 ejus
2137 3086 2345 3129 catena:
2365 3092 2392 3128 a
2424 3079 2531 3131 Deo
2562 3078 2817 3147 disrupta:
2832 3093 2978 3146 sunt,
3007 3083 3079 3135 ita
3112 3094 3169 3137 ut
3200 3102 3305 3141 non
3334 3092 3567 3158 amplius

346 3167 541 3233 μηκέτι
571 3142 733 3219 αὐτὸν
760 3168 901 3236 ἔχειν
933 3169 1161 3237 δεσμοὺς
1191 3142 1494 3239 ’ἀμαρτίας
1531 3174 1601 3223 Ἦ
1636 3175 1683 3224 εἰ
1718 3142 1903 3243 δεσμοί

2008 3142 2199 3215 habeat
2244 3164 2457 3216 vincula
2484 3168 2714 3233 peccati.
2757 3168 2850 3221 Vel
2882 3169 2927 3223 si
2969 3171 3162 3225 animm
3192 3173 3400 3228 vincula
3425 3142 3564 3232 rsunt

342 3256 438 3323 τῆς
458 3256 633 3325 ψυχῆς
663 3260 710 3309 ot
755 3259 1052 3327 σωματικοὶ
1088 3258 1194 3310 τῶν
1223 3260 1493 3329 διαφόρων
1552 3261 1729 3331 μελῶν
1768 3265 1905 3315 εἰσιν

343 3344 516 3410 ὖγκοι,
550 3344 726 3407 καλῶς
752 3344 816 3397 ἂν
840 3346 934 3398 καὶ
954 3345 1124 3408 οὕτως
1153 3347 1360 3415 λέγοιτο
1386 3350 1441 3400 ἐν
1471 3350 1751 3421 μαρτυρίῳ
1774 3353 1906 3403 ἀπο-

344 3434 520 3496 λυθεὶς
550 3435 655 3487 τῶν
688 3435 900 3505 δεσμῶν
928 3436 984 3488 ἐν
1037 3438 1228 3510 εἰρήνῃ
1255 3433 1389 3490 εἶναι
1413 3477 1428 3501 ,
1481 3440 1692 3504 οὐδενὸς
1736 3442 1768 3511 ἢ
1811 3441 1903 3493 τοῦ

344 3524 480 3576 Θεοῦ
510 3524 898 3594 διαρῤήξαντος
958 3525 1172 3588 αὐτούς.
1217 3527 1291 3579 Οὐ
1324 3528 1430 3598 γὰρ
1461 3530 1554 3581 καὶ
1597 3530 1703 3582 τῶν
1730 3531 1796 3583 δι’
1840 3533 1906 3602 ἣν

343 3616 541 3685 δήποτε
569 3614 746 3667 αἰτίαν
770 3614 1255 3686 ἀπαλλαττομένων
1291 3618 1384 3670 τοῦ
1427 3618 1675 3689 σώματος
1721 3621 1906 3690 βιαίως

342 3709 372 3758 ὁ
392 3705 523 3767 Θεὸς
546 3705 901 3776 διαρρήγνυσι
924 3706 1048 3768 τοὺς
1074 3706 1324 3776 δεσμούς.
1356 3709 1492 3761 Ποτὲ
1520 3711 1616 3779 μὲν
1637 3707 1729 3765 οῦν
1768 3713 1903 3764 ἀποσ

345 3795 542 3849 κτείνει
568 3795 596 3847 δ
624 3794 774 3857 Θεὸς,
798 3795 858 3847 οὐ
890 3794 1218 3865 διαρῤηγνὺς
1249 3796 1411 3849 αὐτοῦ
1468 3800 1591 3862 τοὺς
1634 3800 1863 3870 δεσμούς
1888 3817 1902 3831 ·

342 3886 434 3938 τὸν
476 3885 530 3937 δὲ
590 3885 837 3955 μάρτυρα
889 3886 989 3938 οὐκ
1034 3887 1388 3947 ἀποκτείνει,
1447 3889 1604 3956 μόνον
1667 3891 1723 3942 δὲ
1781 3892 1907 3954 τοὺς

341 3976 569 4046 δεσμοὺς
588 3976 750 4028 αὑτοῦ
776 3976 1147 4046 διαρῤήγνυσι.
1180 3978 1288 4031 Καὶ
1322 3978 1429 4049 γάρ
1474 3978 1561 4031 διὰ
1588 3980 1646 4031 τὸ
1705 3983 1907 4053 μαρτυ-

346 4083 460 4137 ριον
484 4068 512 4119 ὁ
540 4067 765 4128 ἕκαστος
795 4066 1083 4136 μαρτυρῶν
1125 4067 1310 4119 ἑαυτὸν
1339 4069 1635 4139 προσφέρει
1678 4069 1907 4139 ἄμωμον

345 4157 533 4209 θυσίαν
574 4155 652 4225 τῷ
679 4156 816 4226 Θεῷ,
848 4156 1079 4224 Χριστὸν
1116 4157 1443 4227 μιμούμενος
1465 4175 1478 4188 ·
1535 4158 1679 4226 λέγει
1730 4175 1790 4210 τε
1822 4160 1904 4219 τὸ,

348 4269 365 4297 ι
400 4249 489 4299 Σοὶ
520 4247 888 4299 θύσω”θυσίαν
914 4248 1188 4311 αἰνέσεως.
1224 4269 1241 4299 ι
1299 4250 1385 4301 Ἐν
1421 4250 1773 4320 Ἰερουσαλὴμ
1799 4251 1906 4320 γὰρ

343 4337 668 4406 ἐπουρανίῳ,
689 4340 754 4407 τῇ
776 4337 887 4389 ἀνω
923 4339 1088 4407 μητρὶ
1118 4339 1294 4409 ἡμῶν,
1328 4339 1595 4392 ἀποδώσει
1642 4344 1670 4393 ὁ
1700 4342 1905 4403 δίκαιος

340 4428 439 4490 τὰς
472 4428 633 4497 εὐχὰς
653 4428 730 4497 τῷ
762 4430 949 4498 Κυρίῳ
976 4432 1065 4483 ἐπὶ
1103 4430 1300 4493 παντὸς
1327 4431 1601 4502 μάρτυρος
1628 4431 1720 4483 τοῦ
1778 4431 1904 4485 λαοῦ

341 4518 435 4572 τοῦ
466 4518 598 4570 Θεοῦ
639 4518 732 4571 καὶ
765 4520 863 4588 τῆς
914 4520 1278 4591 Ἰερουσαλὴμ,
1324 4522 1382 4573 ὲν
1421 4523 1569 4590 τόπῳ
1620 4522 1856 4591 ἐκλεκτῷ
1880 4535 1899 4554 ⁸

342 4608 496 4674 οὗτος
523 4612 579 4663 δέ
604 4613 748 4663 ἐστιν
784 4630 801 4661 ι
840 4612 898 4663 ὲν
920 4611 1106 4672 αὐλαῖς
1125 4610 1272 4662 οἴκου
1304 4612 1507 4682 Κυρίου
1543 4614 1601 4665 ὲν
1632 4612 1779 4682 μέσῳ
1802 4614 1901 4683 τῆς

348 4702 717 4774 Ἰερουσαλήμ.
754 4720 772 4753 ι

416 4794 529 4849 Τοῦ
566 4792 767 4849 αὐτοῦ.
813 4812 831 4843 ‹
862 4791 1157 4862 Διέῤῥηξας
1182 4791 1305 4852 τοὺς
1326 4790 1554 4861 δεσμούς
1583 4810 1701 4862 μου.
1740 4811 1757 4843 ›
1788 4794 1899 4845 Οὐκ

343 4882 511 4946 εἶπεν,
539 4885 767 4947 ἔλυσας,
814 4884 944 4935 ἀλλὰ
993 4902 1010 4932 ι
1051 4882 1357 4953 διέρῤηξας.
1408 4901 1425 4933 ι
1478 4884 1551 4945 ὡς
1598 4886 1902 4954 ἀχρήστους

341 4975 609 5044 γενέσθαι.
646 4975 885 5043 Δεσμοὺς
911 4972 1139 5026 ἐνταῦθα
1164 4972 1261 5035 τὰς
1291 4972 1494 5041 θλίψεις
1552 4974 1715 5040 λέγει.
1746 4976 1901 5027 Ἐστι

341 5067 451 5138 γὰρ
484 5067 577 5119 καὶ
628 5065 821 5134 δεσμὸς
872 5062 1052 5126 καλὸς,
1111 5063 1186 5125 ὼς
1232 5064 1357 5116 ὅταν
1405 5062 1570 5135 λέγῃ·
1633 5084 1649 5115 ι
1698 5065 1782 5117 Ἐν
1826 5064 1904 5134 τῷ

343 5157 623 5227 συνδέσμῳ
649 5156 745 5225 τῆς
770 5155 1004 5221 ἀγάπης.
1050 5172 1066 5203 ι
1103 5154 1301 5223 Δεσμοὶ
1322 5154 1379 5206 δὲ
1404 5153 1498 5206 καὶ
1528 5154 1582 5206 αἱ
1616 5156 1904 5223 προσγινό-

345 5267 500 5317 μεναι
531 5249 707 5317 σειραὶ
734 5246 840 5297 τῶν
875 5244 1284 5314 ἁμαρτημάτων
1303 5260 1317 5275 ⁸
1352 5245 1545 5306 οἵτινες
1573 5244 1632 5295 οὐ
1680 5243 1767 5295 διά
1811 5242 1903 5296 τοῦ

343 5339 487 5392 θείου
523 5337 680 5408 μόνον
730 5336 1101 5406 βαπτίσματος
1158 5336 1590 5406 διαρρήσσονται,
1643 5335 1777 5388 ἀλλά
1810 5337 1905 5389 καὶ

339 5430 427 5485 διὰ
450 5431 545 5482 τοῦ
566 5429 705 5499 ὑπὲρ
734 5428 964 5499 Χριστοῦ
1002 5427 1319 5497 μαρτυρίου,
1369 5427 1461 5479 καὶ
1515 5425 1601 5479 διά
1651 5426 1900 5497 δακρύων

340 5521 445 5574 τῶν
472 5523 536 5573 ὲκ
568 5518 873 5588 μετανοίας.

414 5714 556 5771 'Ose.
583 5729 657 5779 xl,
688 5711 743 5768 4.

619 5813 881 5871 ΡΑτκοι.
930 5812 1045 5872 (in.
1096 5811 1235 5869 Xll.

2006 3252 2312 3319 corporalia
2338 3252 2672 3309 diversorum
2721 3258 3084 3312 membrorum
3111 3275 3302 3329 onera,
3335 3266 3563 3333 pulchre

2004 3341 2166 3393 etiam
2198 3342 2300 3396 hoc
2345 3344 2505 3397 modo
2530 3344 2635 3399 dici
2669 3345 2840 3412 possit
2864 3347 2917 3399 in
2964 3351 3225 3417 martyrio
3251 3365 3282 3406 a
3334 3355 3563 3411 vinculis

2005 3430 2279 3484 absolutus
2313 3432 2364 3484 in
2412 3448 2546 3500 pace
2576 3433 2861 3501 exsistere,
2901 3452 3021 3491 cum
3056 3440 3235 3496 nullus
3275 3444 3378 3500 nisi
3423 3446 3565 3504 Deus

2004 3534 2068 3575 ea
2099 3520 2411 3591 disruperit.
2440 3521 2556 3577 Non
2583 3524 2726 3579 enim
2751 3538 2935 3580 eorum
2966 3529 3055 3595 qui
3090 3545 3467 3605 quamcunque
3494 3541 3566 3595 ob

2006 3627 2225 3667 causam
2246 3612 2511 3683 violenter
2530 3629 2560 3667 a
2586 3629 2813 3685 corpore
2843 3616 3159 3687 liberantur,
3186 3624 3326 3681 Deus
3351 3628 3564 3685 vincula

2006 3702 2314 3772 disrumpit.
2338 3705 2645 3773 Aliquando
2661 3706 2913 3762 nimirum
2931 3710 3162 3779 aliquem
3194 3717 3395 3773 occidit
3424 3700 3567 3776 Deus

2006 3809 2104 3849 nec
2157 3806 2443 3864 propterea
2475 3799 2763 3868 disrumpit
2797 3802 2939 3870 ejus-
2967 3802 3214 3871 vincula;
3273 3817 3564 3880 martyrem

2006 3900 2136 3940 vero
2165 3900 2268 3940 non
2290 3886 2503 3950 occidit.
2520 3890 2612 3943 sed
2635 3890 3004 3945 tantummodo
3030 3890 3145 3958 ejus
3172 3893 3379 3949 vincula
3404 3898 3564 3969 792

2008 3977 2542 4045 disrumpit.Etenim
2567 3994 2663 4047 per
2689 3983 3005 4051 martyrium
3031 3985 3401 4056 unusquisque
3429 4005 3569 4044 mar-

2010 4074 2185 4134 tyrum
2234 4067 2587 4136 semetipsum
2639 4068 2793 4123 oll’ert
2865 4071 3095 4125 hostiam
3163 4076 3564 4133 immacula'tam

2008 4151 2137 4217 Deo,
2186 4153 2463 4208 Christum
2517 4157 2795 4225 imitando,
2829 4160 3112 4229 dicitque:
3155 4183 3173 4215 ι
3212 4166 3330 4221 Tibi
3357 4171 3568 4223 sacriﬁ-

2007 4242 2140 4297 cabo
2177 4244 2408 4299 hostiam
2457 4246 2653 4303 laudis.
2688 4265 2707 4299 ι
2739 4249 2795 4301 ln
2827 4248 3126 4307 Jerusalem
3153 4256 3297 4309 enim
3338 4258 3565 4324 caalesti,

2008 4347 2243 4401 superna
2290 4343 2463 4404 matre
2492 4348 2699 4399 nostra,
2730 4338 2920 4393 reddet
2961 4340 3144 4409 justus
3177 4354 3301 4397 vota
3340 4345 3568 4401 Domino

2008 4436 2170 4490 super
2205 4424 2350 4477 omni
2378 4433 2613 4494 martyre
2644 4426 2820 4495 populi
2854 4426 2978 4493 Dei,
3015 4430 3473 4503 etHierosolymae
3512 4437 3568 4490 in

2010 4513 2127 4568 loco
2158 4515 2367 4579 electo;
2406 4516 2491 4569 hic
2519 4525 2698 4570 autem
2729 4527 2813 4572 est
2848 4538 2866 4570 c
2899 4520 2950 4574 in
2975 4522 3128 4577 atriis
3166 4524 3355 4579 domus
3388 4527 3568 4581 Domi-

2008 4603 2086 4669 ni,
2120 4603 2172 4657 in
2207 4605 2384 4659 medio
2413 4604 2737 4664 Jerusalem.
2762 4626 2782 4660 ι

2079 4794 2352 4863 Ejusdem.
2398 4812 2417 4845 ι
2458 4793 2715 4861 Dirupisti
2753 4791 2965 4846 vincula
3008 4805 3147 4844 mea.
3190 4810 3209 4843 ι
3237 4792 3352 4847 Non
3377 4792 3564 4849 dixit:

2009 4885 2245 4949 solvisti,
2275 4885 2369 4939 sed
2398 4903 2416 4936 ‹
2456 4884 2732 4952 dirupisti,
2768 4901 2787 4933 ι
2822 4883 2890 4935 ita
2932 4890 2992 4935 ut
3018 4881 3225 4936 inutilia
3260 4882 3400 4937 facta
3431 4884 3565 4944 sint.

2012 4975 2236 5030 Vincula
2288 4977 2390 5029 hoc
2445 4975 2562 5029 loco
2617 4972 2992 5027 tribulationes
3052 4981 3231 5027 vocat.
3288 4973 3383 5028 Est
3419 4976 3564 5029 enim

2005 5066 2165 5119 etiam
2193 5064 2462 5119 vinculum
2496 5067 2716 5126 bonum,
2746 5072 2805 5116 ut
2833 5078 2953 5117 cum
2994 5063 3124 5117 dicit
3157 5081 3170 5115 :
3207 5081 3225 5113 ι
3266 5062 3320 5115 1η
3349 5064 3568 5118 vinculo

2004 5158 2288 5212 charitatis
2314 5158 2352 5209 ⁸.
2395 5173 2413 5207 ι
2450 5154 2676 5208 Vincula
2708 5163 2837 5209 sunt
2881 5156 3043 5209 etiam
3083 5164 3427 5224 peccatorum
3477 5170 3567 5209 ca-

2008 5255 2142 5300 tenae
2177 5263 2191 5299 :
2221 5259 2339 5314 quae
2361 5243 2577 5312 quidem
2612 5241 2823 5295 vincula
2858 5257 2961 5296 non
2995 5246 3165 5296 solum
3200 5257 3297 5311 per
3318 5243 3564 5297 divinum

2006 5337 2289 5405 baptisma,
2318 5334 2412 5387 sed
2440 5343 2495 5387 et
2530 5347 2626 5401 per
2656 5332 2970 5403 martyrium
2992 5348 3087 5402 pro
3115 5333 3329 5389 Christo
3359 5333 3564 5390 obitum

2006 5436 2059 5481 et
2097 5442 2192 5496 per
2216 5424 2544 5495 paenitentiae
2572 5424 2835 5494 lacrymas
2863 5424 3287 5493 disrumpuntur.

3179 5803 3257 5866 50
