4066 6236
479 387 613 442 1579

975 485 1292 543 PSALMUS
1330 482 1531 539 CXVII.

558 598 719 651 Vens.
771 592 827 645 ‘2.
874 590 1024 641 Dicat
1074 600 1210 637 nunc
1258 582 1443 635 demus
1494 575 1685 641 Israel,
1731 585 1836 628 etc.
1887 573 2035 634 Illud,

492 706 510 737 ι
548 686 699 740 Dicat
732 692 874 734 nunc
907 675 1091 737 Israel,
1134 690 1151 722 ι
1187 682 1239 725 ει
1267 672 1318 723 in
1350 671 1451 723 hoc
1473 667 1680 736 psalmo
1713 666 1912 719 dictum
1960 670 2042 714 est

484 786 540 830 et
579 774 633 828 in
668 772 839 825 altero
878 782 939 819 τ(
968 761 1082 817 Nisi
1128 762 1253 830 quia
1295 759 1551 812 Dominus
1590 764 1709 810 erat
1760 754 1813 807 in
1866 752 2041 816 nobis,

487 867 635 920 dicat
666 872 808 915 nunc
829 856 995 911 lsrael
1027 872 1040 908 :
1082 872 1101 905 ι
1139 852 1225 920 qui
1260 859 1341 904 est
1379 847 1709 903 centesimus
1755 842 2044 896 vicesimus

486 960 674 1009 sextus
714 957 767 1003 et
801 943 1133 1016 gradualium
1180 940 1399 1007 quintus
1433 952 1445 987 :
1490 936 1616 987 item
1650 934 1699 984 in
1750 931 2045 985 centesimo

486 1041 743 1097 vicesimo
781 1048 997 1096 octavo,
1030 1032 1116 1099 qui
1162 1041 1245 1082 est
1272 1024 1607 1097 gradualium
1640 1022 1916 1084 decimus,
1952 1035 2046 1074 cu-

486 1136 575 1203 jus
624 1126 948 1200 principium
997 1132 1101 1185 est,
1156 1139 1175 1172 ι
1228 1120 1381 1185 Smpe
1430 1122 1876 1185 expugnaverunt
1937 1122 2046 1175 me,

491 1226 636 1278 dicat
667 1226 809 1275 nunc
837 1216 1024 1270 Israel.
1066 1231 1086 1264 ›

564 1313 723 1369 Vttlts.
744 1312 801 1365 3.
835 1309 982 1362 Dicat
1014 1320 1149 1357 nunc
1176 1304 1358 1354 domus
1396 1300 1575 1351 Aaron
1595 1336 1610 1361 ,
1640 1304 1742 1350 etc.
1776 1294 1887 1348 Nisi
1930 1292 2052 1362 quis

493 1397 874 1461 fuerit‘lsrael,
912 1394 995 1449 vel
1026 1395 1215 1447 domus
1257 1390 1462 1452 Aaron,
1494 1388 1577 1441 vel
1622 1388 1819 1439 timens
1871 1384 2053 1437 Domi-

492 1507 645 1554 num,
694 1503 797 1542 non
846 1493 1027 1553 gustat
1080 1480 1471 1549 benignitatem
1526 1476 1773 1540 Domini,
1811 1476 1966 1542 cujus
1997 1474 2048 1527 in

494 1577 747 1636 sreculum
790 1572 1168 1630 misericordia
1220 1576 1321 1624 est.
1358 1567 1697 1634 Quapropter
1734 1565 1809 1619 illi
1842 1566 1939 1619 soli
1975 1560 2055 1617 di-

494 1681 646 1725 cent:
688 1688 705 1720 ‹
726 1669 781 1721 In
802 1665 1053 1722 swculum
1074 1658 1437 1717 misericordia
1461 1657 1626 1726 ejus»
1648 1656 1853 1720 Quibus
1886 1654 2056 1706 tribus

494 1761 776 1815 ordinibus
804 1755 1054 1811 existimo
1074 1767 1192 1806 esse
1208 1761 1318 1804 tres
1335 1748 1735 1802 misericordias
1751 1744 2052 1815 generales.

1875 362 1959 416 EX
2001 359 2297 416 OlllGENE

3576 358 3596 409 ι
3610 355 3733 409 580

2684 474 2972 527 ΨᾹᾹΜΟΣ
3012 472 3153 524 l‘lZ'.

2214 568 2444 622 Ειπὰτω
2471 567 2546 633 δὴ
2574 564 2736 629 οἶκος
2777 566 3033 631 Ἰσραὴλ,
3065 581 3099 615 κ
3154 581 3180 614 τ
3235 563 3281 614 ὲ.
3325 562 3397 613 Τὸ
3426 601 3439 619 ,
3479 582 3494 609 ι
3537 563 3731 618 Είπά-

2146 678 2220 711 τω
2248 659 2310 729 δὴ
2356 658 2591 728 Ἰσραὴλ,
2633 677 2649 708 ι
2688 658 2743 708 ἐν
2767 655 2940 723 τούτῳ
2982 655 3216 723 εἴρηται.
3247 652 3342 704 καὶ
3374 650 3555 719 ἐντῷ·
3594 672 3612 702 ι
3652 654 3729 705 Et

2151 750 2222 819 μὴ
2244 750 2323 801 ὅτι
2354 748 2555 817 Κύριος
2587 742 2653 816 ἦν
2682 748 2737 797 ἐν
2760 748 2913 814 ἡμῖν,
2940 746 3145 796 εἰπάτω
3178 742 3241 810 δὴ
3277 742 3515 811 Ἰσραὴλ,
3552 762 3569 792 ι
3600 743 3732 795 ὄντα

2152 847 2299 910 ρκς¹,
2329 838 2441 891 ύντι
2469 837 2577 890 τῶν
2613 835 2816 889 ἀναϐαθ
2828 836 2939 905 μῶν
2972 842 3010 885 ε’
3032 852 3043 863 ·
3081 834 3172 886 καὶ
3200 834 3255 885 ἐν
3288 833 3365 900 τῷ
3403 839 3540 901 ρκη’,
3602 833 3731 885 ὅντε,

2148 932 2251 983 τῶν
2273 928 2600 998 ἀναϐαθμῶν
2638 927 2698 979 ι”
2745 921 2805 980 οὗ
2833 928 2866 995 ἡ
2895 926 3072 995 ἀρχή·
3126 943 3143 973 ε
3178 924 3471 985 Πλεονάκις
3522 923 3731 977 ἐπολὲ-

2152 1019 2330 1088 μησάν
2368 1035 2457 1088 με,
2487 1016 2692 1070 εἰπάτω
2723 1014 2786 1085 δὴ
2827 1014 3062 1084 Ἰσραήλ.
3086 1034 3103 1064 ι

2221 1256 2455 1327 Elatde
2482 1270 2556 1337 δὴ
2584 1270 2747 1334 οἶκος
2785 1268 3018 1337 Ἀαρὼν,
3053 1285 3106 1321 κ.
3140 1285 3185 1320 τ.
3212 1269 3257 1319 ὲ.
3295 1267 3419 1319 Ἐάν
3451 1267 3522 1336 μή
3552 1284 3641 1329 τις

2164 1362 2397 1433 Ἰσραὴλ,
2424 1362 2456 1431 ἢ
2481 1358 2625 1422 οἶκος
2676 1358 2882 1428 Ἀαρὼν
2903 1399 2916 1419 ,
2948 1360 2980 1429 ἢ
3013 1358 3341 1427 φοϐούμενος
3373 1358 3461 1411 τὸν
3488 1358 3728 1428 Κύριον,

2153 1454 2212 1505 ού
2240 1452 2458 1519 γεύεται
2483 1450 2578 1519 τῆς
2608 1450 2971 1521 χρηστότητος
3003 1449 3227 1518 Κυρίου,
3252 1444 3311 1501 οὗ
3343 1450 3421 1511 εἰς
3454 1449 3629 1501 αἰῶνα
3664 1449 3735 1500 τὺ

2154 1544 2298 1604 ἔλεός
2321 1544 2453 1594 ἐστι.
2487 1541 2573 1593 Διὸ
2601 1535 2745 1593 οὗτοι
2774 1540 2921 1608 μόνοι
2942 1540 3121 1609 ἐροῦσι
3154 1539 3234 1604 τὸ,
3266 1556 3286 1590 ι
3318 1540 3413 1600 Εἰς
3438 1539 3527 1590 τὸν
3548 1540 3733 1593 αἰῶνα.

2154 1633 2213 1685 τὸ
2237 1632 2382 1694 ἔλεος
2423 1630 2607 1683 αὑτοῦ.
2657 1649 2675 1680 ι
2732 1625 2826 1691 Οἷς
2886 1625 3036 1703 οἶμαι
3088 1628 3263 1696 τρισὶν
3309 1623 3428 1679 οὖσι
3478 1627 3733 1697 τάγμασι

2156 1724 2301 1792 τρεῖς
2338 1718 2474 1772 εἶναι
2507 1719 2750 1786 γενικοὺς
2775 1716 2973 1778 ἐλέους.
3010 1717 3159 1768 Ἑοτεὶ
3195 1716 3252 1768 δέ
3282 1711 3427 1779 οἶκός
3468 1719 3581 1769 ἐστι
3630 1716 3735 1769 σύ-

492 1853 624 1907 Cum
645 1859 822 1901 autem
853 1844 1043 1900 domus
1070 1843 1141 1896 sit
1169 1839 1519 1910 congregatio
1546 1836 1781 1906 legitime
1798 1836 1863 1888 ad
1892 1835 2052 1886 vitam

2165 1829 2336 1882 πημα
2362 1811 2604 1880 νομίμως
2636 1809 2915 1879 ἱδρυμένον
2945 1808 3079 1876 πρὸς
3106 1806 3247 1875 βίον,
3278 1806 3365 1859 διὰ
3412 1806 3570 1859 τοῦτο
3625 1807 3732 1859 νῦν

495 1942 753 2003 stabilita,
786 1936 985 1992 idcirco
1012 1949 1164 1988 nunc
1198 1932 1310 1987 hate
1341 1946 1442 1985 vox
1474 1947 1491 1980 ι
1528 1930 1723 1983 domus
1763 1944 1782 1977 ι
1816 1926 1868 1979 in
1900 1925 2057 1978 domo

497 2036 676 2089 Aaron
707 2031 879 2102 posita
897 2034 996 2082 est.
1028 2026 1094 2081 Et
1121 2024 1242 2079 vide
1259 2030 1383 2077 num
1398 2020 1575 2091 possit
1605 2017 1864 2085 templum
1895 2016 2055 2070 etiam

497 2126 618 2181 esse
649 2126 841 2177 domus
877 2122 1073 2180 Maron,
1100 2115 1193 2168 ubi
1228 2112 1539 2168 sacerdotes
1588 2108 1681 2161 Dei
1729 2106 1932 2162 cultum
1967 2105 2058 2158 ad-

500 2214 826 2271 ministrant.
868 2210 1127 2264 Scortum
1159 2206 1323 2276 igitur
1354 2203 1667 2257 sacerdotes
1720 2200 1786 2253 ad
1832 2199 2059 2268 hymno-

500 2309 643 2362 diam
677 2298 950 2365 invitavit,
974 2306 1038 2354 eo
1068 2299 1211 2367 quod
1242 2296 1342 2366 ipsi
1374 2302 1592 2364 quoque
1632 2294 1888 2361 majorem
1938 2298 2061 2343 sunt

503 2398 758 2448 honorem
791 2388 1097 2451 consecuti,
1147 2386 1251 2439 non
1297 2382 1466 2437 solum
1503 2383 1713 2435 ratione
1748 2378 2059 2442 sacerdotii,

501 2496 688 2536 verum
711 2482 871 2536 etiam
892 2477 1067 2547 quoad
1092 2475 1193 2529 alia
1219 2475 1418 2528 omnia.
1451 2472 1660 2528 Etenim
1689 2471 1903 2540 quando
1925 2468 2062 2538 ignis

501 2572 767 2626 demissus
797 2577 902 2630 est,
942 2571 1165 2635 propter
1194 2574 1287 2618 eos
1331 2564 1598 2616 demissus
1650 2571 1754 2623 est,
1810 2569 2063 2625 terraque

502 2667 647 2712 mota
694 2664 800 2719 est,
844 2664 899 2707 et
950 2654 1098 2722 virga
1154 2650 1503 2715 germinavit,
1538 2663 1602 2703 ac
1648 2648 1791 2701 mille
1824 2646 1927 2699 alia
1970 2659 2065 2713 per

503 2749 647 2816 ipsos
666 2756 722 2799 et
751 2740 848 2813 pro
879 2743 1009 2811 ipsis
1037 2743 1294 2796 miracula
1325 2741 1692 2808 contigerunt.

574 2837 740 2891 Vnus.
768 2835 822 2887 4.
852 2835 1039 2886 Dicant
1064 2844 1200 2885 nunc
1224 2846 1401 2884 omnes
1424 2830 1513 2899 qui
1542 2830 1719 2881 timent
1756 2828 2062 2887 Dominum,

505 2938 611 2983 etc.
646 2922 913 2996 Superius
945 2930 1161 2992 quoque
1190 2922 1429 2975 dicitur:
1465 2919 1629 2974 lsrael
1652 2918 1887 2987 speravit
1910 2919 2063 2970 invo-

506 3031 631 3073 care
685 3016 996 3076 Dominum,
1045 3013 1241 3067 deinde
1264 3010 1460 3065 domus
1495 3012 1699 3072 Aaron,
1750 3007 1943 3061 deinde
1990 3005 2063 3058 illi

506 3108 598 3178 qui
657 3107 849 3161 tim‘eut
897 3103 1203 3158 Dominum.
1242 3100 1405 3168 Atqui
1438 3099 1717 3162 timentes,
1747 3105 1803 3151 et
1849 3098 2063 3151 domum
2094 3131 2136 3187 ϐ

506 3200 714 3261 Aaron,
739 3204 793 3250 et
816 3194 977 3249 Israel
1005 3200 1170 3246 unum
1206 3190 1334 3259 quid
1369 3196 1423 3243 et
1459 3190 1600 3242 idem
1633 3196 1752 3242 esse
1786 3188 1839 3240 in
1866 3200 2069 3255 prame-

509 3286 759 3344 dentibus
816 3292 1030 3354 quoque
1080 3281 1338 3335 diximus.
1385 3279 1725 3347 Quapropter
1786 3282 2069 3330 commune

511 3374 781 3434 canticum
815 3375 958 3443 ipSos
1002 3370 1249 3441 proferre
1296 3370 1455 3439 jussit
1513 3369 1601 3422 Dei
1645 3365 2067 3420 misericordiam

511 3463 903 3518 annuntiaudo.
960 3458 1330 3512 Misericordia
1412 3456 1559 3510 enim
1651 3455 1858 3508 Domini
1909 3466 2072 3519 super

510 3554 721 3607 omnem
751 3564 990 3613 carnem,
1018 3557 1072 3602 et
1101 3556 1274 3617 neque
1304 3546 1648 3601 circumcisio
1672 3550 1843 3612 neque
1868 3550 2075 3611 prapo-

514 3646 646 3698 tium
688 3645 802 3695 sine
830 3638 1202 3693 misericordia
1238 3636 1434 3690 salvari
1481 3642 1675 3703 potest.

584 3732 743 3804 793
770 3730 926 3784 Vsus.
953 3730 1006 3783 5.
1043 3728 1119 3782 De
1153 3728 1490 3780 tribulatione
1507 3724 1740 3778 invocavi
1764 3724 2070 3784 Dominum,

516 3829 620 3880 etc.
670 3823 773 3890 Qui
826 3830 1108 3890 angustam
1140 3826 1197 3871 et
1224 3827 1428 3870 arctam
1461 3817 1601 3869 viam
1650 3814 1970 3884 ingreditur,
2004 3812 2072 3865 dc

519 3911 874 3968 tribulatione
898 3913 1111 3964 invocat
1147 3907 1461 3970 Dominum;
1490 3905 1584 3975 qui
1619 3918 1743 3959 vero
1771 3903 1954 3968 latam,
2008 3916 2074 3969 ne

515 4006 733 4075 quidem
774 4000 1009 4056 introeat.
1043 4016 1063 4050 ι
1098 3997 1288 4053 Omnis
1322 3998 1470 4051 enim
1510 3996 1816 4065 quicunque
1860 3995 2074 4049 invoca-

516 4098 652 4150 verit
681 4104 873 4148 nomen
913 4091 1121 4144 Domini
1152 4089 1331 4143 salvus
1361 4089 1530 4141 erit’.
1567 4095 1586 4139 δ

591 4183 747 4236 Vens.
784 4182 835 4234 6.
879 4180 999 4232 Non
1033 4179 1222 4231 timebo
1248 4172 1372 4244 quid
1402 4176 1568 4244 faciat
1599 4177 1726 4228 mihi
1760 4176 1934 4235 homo,
1966 4186 2069 4227 etc.

520 4273 797 4327 Hominem
831 4276 989 4322 vocat
1013 4266 1303 4333 Scriptura
1362 4263 1658 4327 diabolum,
1690 4262 1843 4331 juxta
1894 4258 2020 4314 illud
2058 4276 2071 4313 :

521 4384 538 4415 ι
577 4364 829 4416 Inimicus
860 4361 1021 4412 homo
1050 4358 1156 4411 hoc
1204 4355 1395 4417 fecit',
1432 4373 1450 4406 ι
1499 4366 1691 4422 netupe
1742 4354 2072 4406 zizaniorum

515 4462 829 4510 sementem.

588 4544 746 4597 Vnus.
789 4541 875 4594 10.
905 4539 1098 4594 Omnes
1137 4548 1310 4607 gentes
1342 4536 1659 4589 circuierunt
1693 4549 1797 4599 me,
1826 4542 1874 4586 et
1900 4533 1952 4584 in
1980 4548 2073 4584 no-

516 4636 655 4690 mine
706 4630 914 4685 Domini
957 4628 1097 4681 ultus
1124 4643 1238 4681 sum
1268 4628 1322 4681 in
1371 4640 1483 4691 eos,
1538 4636 1644 4679 etc.
1675 4625 1956 4679 Dzmnones
1982 4622 2069 4675 alii

517 4729 711 4797 ipsum.
733 4734 788 4778 ut
822 4721 1045 4786 actioni,
1092 4720 1179 4773 alii
1229 4728 1287 4773 ut
1335 4718 1780 4786 contemplationi
1827 4715 2070 4768 deditum

514 4816 929 4887 impugnabant;
964 4821 1017 4866 et
1047 4812 1253 4882 priores
1276 4809 1489 4880 quidem
1513 4809 1747 4875 iustitia,
1784 4805 1919 4859 alios
1944 4817 2072 4857 vero

516 4906 774 4978 sapientia
809 4904 1194 4959 ulciscebatur.

588 4994 859 5065 Ejusdem.
888 4994 1102 5048 Christo
1133 4996 1199 5045 ab
1223 4990 1471 5045 omnibus
1501 4988 1752 5062 gentibus
1766 4994 2075 5056 oppugnata

523 5089 691 5157 magis
736 5087 980 5155 congruit
1035 5086 1147 5139 luec
1172 5087 1371 5139 dicere.
1408 5082 1567 5136 Multa
1605 5088 1733 5133 sunt
1764 5079 2073 5145 dogmatum

518 5193 713 5250 genera
740 5182 858 5246 quae
897 5178 979 5230 vir
1022 5183 1242 5230 sanctus
1282 5174 1548 5244 sapientia
1606 5170 1694 5225 Dei
1734 5169 1964 5239 repellit,
2019 5176 2075 5219 ct

518 5267 684 5319 Verbo
714 5274 843 5317 sano
874 5266 1084 5319 avertit.

582 5355 748 5411 Vitas.
791 5354 878 5409 12.
937 5352 1405 5406 Circumdederunt
1454 5366 1534 5403 me
1587 5351 1721 5401 sicut
1768 5363 1911 5413 apes,
1965 5356 2070 5397 etc.

516 5443 800 5511 Quodlibet
842 5444 1032 5511 dogma
1063 5439 1340 5509 gentilium
1368 5439 1523 5492 dulce
1559 5439 1685 5506 quid
1721 5436 1902 5497 eﬂicit,
1933 5433 2072 5502 quod

519 5535 752 5590 suaviter
788 5533 950 5587 allicit
994 5543 1048 5586 et
1080 5531 1319 5585 oblectat
1357 5531 1683 5583 auditorem.
1734 5528 2075 5595 Quapropter

579 5704 600 5733 ¹
634 5702 788 5757 Rom.
824 5722 878 5769 ι,
912 5706 995 5758 l3.
1074 5706 1093 5735 ³
1121 5705 1309 5758 Matth.
1349 5720 1465 5763 xm,
1503 5706 1587 5759 Q8.

2135 1908 2180 1954 ἰ
2223 1906 2250 1956 ὁ
2270 1900 2413 1964 οἶκος
2445 1920 2463 1951 ι
2500 1901 2591 1953 ἐπὶ
2613 1899 2704 1952 τοῦ
2730 1900 2879 1951 οἴκου
2909 1896 3115 1967 Ἀαρὼν
3140 1897 3414 1951 τέτακται.
3453 1899 3561 1950 Καὶ⁵
3592 1899 3730 1950 σκό-

2160 2009 2249 2045 πει
2284 1995 2332 2044 εἱ
2363 1991 2585 2043 δύναται
2621 1990 2649 2040 ὁ
2678 1988 2803 2050 ναὸς
2831 1983 2966 2038 εἶναι
3020 1984 3165 2050 οἶκος
3206 1986 3433 2059 Ἀαρὼν,
3485 1990 3621 2040 ὅπου
3679 1992 3731 2040 οἱ

2160 2084 2322 2152 ἱερεῖς
2352 2081 2448 2149 τὴν
2473 2077 2725 2146 λατρείαν
2755 2075 3082 2129 ἐπιτελοῦσι.
3131 2079 3579 2148 Κεχωρισμένους
3631 2076 3732 2133 οὖν

2157 2175 2281 2235 τοὺς
2306 2174 2467 2241 ἱερεῖς
2500 2173 2579 2232 εἰς
2610 2171 2708 2240 τὴν
2736 2170 3005 2239 ὑμνῳδίαν
3028 2168 3229 2231 ἐκάλει,
3261 2170 3342 2221 ὅτι
3368 2169 3460 2221 καὶ
3484 2170 3732 2233 πλείονος

2160 2263 2436 2332 ἁπήλαυον
2467 2261 2619 2314 αὐτοὶ
2645 2260 2829 2329 τιμῆς,
2853 2259 2912 2310 οὺ
2953 2260 3109 2329 μόνον
3150 2258 3287 2310 κατὰ
3323 2259 3413 2310 τὸν
3447 2260 3544 2329 τῆς
3571 2261 3734 2331 ἱερω-

2164 2354 2325 2423 σύνης
2349 2352 2525 2419 λόγον,
2552 2350 2688 2403 ἀλλὰ
2718 2352 2811 2404 καὶ
2844 2350 2983 2404 κατὰ
3008 2350 3075 2402 τὰ
3098 2347 3231 2401 ἄλλα
3252 2348 3447 2401 πάντα.
3475 2352 3583 2403 Καὶ
3617 2351 3731 2421 γὰρ

2162 2445 2322 2515 ἡνίκα
2350 2443 2459 2513 πῦρ
2491 2442 2815 2512 κατηνέχθη,
2846 2442 2912 2494 δι’
2936 2442 3130 2504 αὐτοὺς
3155 2440 3483 2510 κατηνέχθη,
3528 2442 3619 2495 καὶ
3655 2444 3726 2511 γῆ

2163 2534 2396 2605 ἐσείσθη,
2419 2534 2511 2587 καὶ
2544 2532 2733 2603 ῥάϐδος
2763 2533 3056 2601 ἐϐλάστησε
3077 2548 3090 2561 ·
3127 2532 3219 2583 atat
3243 2532 3413 2601 μυρία
3444 2532 3602 2600 ἕτερα
3627 2531 3726 2598 γέ-

2163 2640 2285 2690 γονε
2317 2624 2382 2675 δι’
2415 2621 2591 2673 αὐτῶν
2621 2622 2712 2673 καὶ
2742 2621 2877 2691 ὑπὲρ
2918 2621 3093 2674 αὐτῶν
3124 2620 3395 2690 θαύματα.

2237 2798 2591 2852 Εὶπάτωσιιν
2633 2797 2710 2864 δὴ
2758 2797 2978 2863 πάντες
3005 2800 3058 2849 οἱ
3097 2799 3445 2865 φοϐούμενοι
3480 2796 3585 2848 τὸν
3612 2798 3735 2850 Κύ-

2158 2904 2312 2954 ριον,
2351 2904 2404 2938 κ.
2434 2903 2486 2937 τ.
2516 2886 2561 2937 ἐ.
2599 2886 2704 2937 Καὶ
2726 2886 2979 2956 ἀνωτέρω
3007 2884 3223 2952 λέγεται
3252 2903 3263 2915 ο
3309 2884 3517 2954 Ἰσραὴλ
3566 2884 3738 2952 ἤλπι-

2170 2994 2257 3029 σεν
2287 2974 2663 3028 ἐπικαλεῖσθαι
2704 2974 2793 3026 τὸν
2850 2975 3081 3045 Κύριονο
3115 2971 3235 3027 εἶτα
3290 2968 3427 3035 οἶκος
3491 2971 3737 3042 Ἀαρὼν,

2170 3065 2289 3120 εἶτα
2321 3069 2369 3118 οἱ
2405 3066 2725 3136 φοϐούμενοι
2757 3065 2847 3117 τὸν
2902 3065 3126 3135 Κύριον,
3172 3065 3266 3118 καὶ
3309 3065 3363 3118 ’ἐν
3409 3060 3545 3117 εἶναι
3602 3067 3738 3128 τοὺς

2171 3158 2532 3229 φοϐουμένους
2563 3157 2651 3209 τὸν
2685 3156 2906 3226 Κύριον,
2944 3158 3038 3209 καὶ
3072 3157 3161 3209 τὸν
3196 3153 3338 3208 οἷκον
3376 3154 3584 3226 ’Δαρὼν
3637 3160 3739 3209 καὶ

2168 3250 2257 3302 τὸν
2304 3247 2515 3319 Ἰσραὴλ
2550 3246 2905 3317 προλαϐόντες
2950 3248 3279 3317 εἰρήκαμεν·
3322 3247 3399 3299 διὸ
3432 3245 3608 3315 κοινὴν
3643 3250 3741 3299 αύ-

2170 3342 2293 3400 τοὺς
2324 3339 2464 3409 ᾠδὴν
2505 3337 2795 3408 προφέρειν
2822 3337 3068 3389 ἐκέλευσε
3118 3338 3207 3389 τὸν
3264 3338 3411 3390 ἔλεον
3450 3336 3543 3389 τοῦ
3596 3336 3739 3390 Θεοῦ

2170 3430 2654 3496 καταγγέλλοντας.
2714 3430 2898 3493 Ἔλεος
2955 3429 3061 3499 γὰρ
3108 3427 3311 3500 Κυρίου
3369 3429 3503 3499 ὑπὲρ
3555 3430 3739 3481 πᾶσαν

2172 3520 2370 3590 σάρκα,
2398 3519 2491 3571 καὶ
2534 3518 2657 3571 οὔτε
2700 3520 2984 3590 περιτομὴ,
3013 3518 3135 3571 οὔτε
3183 3519 3515 3589 ἀκροϐυστία
3568 3520 3741 3587 χωρὶς

2172 3613 2353 3675 ἐλέους
2385 3612 2621 3682 σωθῆναι
2646 3612 2888 3665 δύναται.

2254 3706 2345 3758 Ἐκ
2369 3706 2625 3772 θλίψεως
2645 3704 3102 3774 ἐπεκαλεσνάμην
3130 3704 3234 3756 τὸν
3268 3705 3502 3769 Κύριον,
3528 3716 3561 3755 κ
3602 3718 3651 3754 τ.
3681 3703 3735 3753 ἐ.

2184 3797 2241 3849 '0
2266 3796 2361 3867 τὴν
2391 3797 2579 3865 στενὴν
2620 3797 2713 3849 καὶ
2749 3795 3112 3867 τεθλιμμένην
3151 3792 3350 3847 ὁδεύων
3408 3797 3471 3846 ἐκ
3508 3792 3738 3861 θλίψεως

2172 3888 2510 3941 ἐπικαλεῖται
2533 3887 2623 3940 τδν
2652 3887 2851 3956 Κύριον
2877 3905 2888 3915 ·
2928 3890 2956 3939 ὁ
2980 3887 3037 3938 δέ
3065 3885 3161 3955 τὴν
3191 3884 3445 3937 πλατεῖαν
3468 3885 3585 3936 οὐδὲ
3612 3886 3736 3935 ἐπι-

2173 3979 2412 4033 καλεῖται
2465 3980 2623 4040 ιΠᾶς
2644 3977 2751 4047 γὰρ
2781 3979 2839 4039 ὃς
2903 3978 2969 4031 ἂν
3019 3976 3405 4044 ἐπικαλέσηται
3451 3975 3507 4027 τὸ
3564 3974 3739 4043 ὄνομα

2172 4072 2377 4140 Κυρίου
2422 4069 2747 4137 σωθήσεται.
2792 4087 2809 4118 ι

2246 4164 2326 4214 Οὐ
2384 4160 2793 4228 φοϐηθήσομαι
2844 4158 2899 4211 τί
2945 4158 3181 4222 ποιήσει
3232 4173 3329 4225 μοι
3379 4154 3732 4220 ἄνθρωπος,

2175 4271 2226 4306 κ.
2254 4269 2285 4304 τ
2332 4254 2377 4304 ἐ.
2420 4250 2736 4321 ’Ἄνθρωπον
2760 4250 2959 4318 λέγειὴ
2990 4248 3181 4319 Γραφὴ
3221 4247 3308 4300 τὸν
3358 4243 3617 4306 διάϐολον,
3656 4246 3737 4308 ὡς

2173 4342 2254 4401 τὸ,
2289 4361 2306 4392 ι
2361 4341 2580 4410 Ἐχθρὸς
2615 4339 2894 4410 ἅνθρωπος
2945 4338 3100 4391 τοῦτο
3130 4339 3376 4407 ἐποίησε·
3416 4356 3434 4388 ι
3493 4335 3589 4398 τὴν
3627 4336 3738 4389 τῶν

2106 4454 2146 4507 D
2176 4430 2425 4494 ζιζανίων
2452 4432 2676 4501 σποράν.

2244 4522 2442 4575 Πάντα
2473 4523 2544 4575 τὰ
2575 4524 2716 4588 ἔθνη
2744 4522 3096 4576 ἐκύκλωσαν
3120 4535 3227 4589 με,
3256 4519 3350 4572 καί
3392 4518 3471 4583 τῷ
3500 4519 3739 4586 ὀνόματι

2180 4615 2398 4681 Κυρίου
2424 4612 2742 4681 ἠμυνάμην
2788 4612 3030 4677 αὐτοὺς,
3064 4629 3115 4663 κ.
3142 4628 3188 4664 τ.
3212 4612 3256 4662 ἐ.
3296 4609 3417 4661 Τῶν
3477 4608 3742 4677 δαιμόνωθ

2180 4709 2227 4759 οἱ
2260 4707 2357 4775 μὲν
2378 4704 2450 4767 ὡς
2481 4704 2797 4774 πρακτικὸν,
2828 4706 2873 4755 οἱ
2906 4703 2959 4754 δέ
2989 4703 3063 4765 ὡς
3092 4700 3420 4771 θεωρητικὸν
3448 4699 3743 4768 ἐπολέμουν

2180 4798 2337 4850 αὐτόν
2357 4814 2368 4826 ”
2409 4797 2500 4849 καὶ
2531 4798 2655 4858 τοὺς
2689 4796 2785 4866 μὲν
2820 4795 3118 4866 προτέρους
3146 4796 3211 4863 τῇ
3241 4792 3552 4862 δικαιοσύνη
3573 4830 3587 4851 ,
3616 4793 3740 4854 τοὺς

2179 4890 2234 4941 δέ
2261 4888 2543 4957 δευτέρους
2571 4890 2635 4958 τῇ
2660 4887 2820 4956 σοφίᾳ
2857 4885 3119 4955 ἠμύνατο.

2259 4979 2366 5032 Τοῦ
2405 4979 2608 5034 αὑτοῦ.
2643 4977 2862 5048 Χριστῷ
2914 4976 3112 5046 μᾶλλον
3157 4973 3262 5026 ὑπὸ
3313 4972 3530 5026 πάντων
3576 4969 3743 5023 ἐθνῶν

2184 5071 2571 5139 πολεμουμένῳ
2628 5068 2854 5139 ἁρμόζει
2903 5067 3075 5120 ταῦτα
3142 5064 3341 5131 λέγειν.
3407 5062 3585 5115 Πολλά
3628 5061 3745 5113 ἐστι

2174 5162 2458 5231 δογμάτων
2499 5161 2611 5229 εἴδη
2671 5159 2826 5212 ἅτινα
2883 5161 2911 5211 ὁ
2965 5158 3117 5225 ἅγιος
3152 5159 3217 5226 τῇ
3266 5154 3426 5224 σοφίᾳ.
3477 5152 3570 5206 τοῦ
3607 5149 3744 5203 Θεοῦ

2176 5253 2456 5323 ἀμύνεται,
2482 5251 2796 5321 ἀνατρέπων
2818 5250 2959 5316 ὑγιεῖ
2986 5248 3147 5316 λόγῳ,

2258 5338 2641 5393 Ἐκύκλωσάν
2666 5355 2742 5406 με
2772 5338 2911 5390 ὡσεί
2938 5336 3243 5406 μέλισσαι,
3269 5351 3323 5387 κ.
3353 5350 3405 5386 τ.
3440 5332 3489 5385 ἐ.
3516 5330 3665 5382 Ποιεῖ
3691 5345 3745 5381 τι

2177 5433 2346 5501 γλυκὺ
2382 5430 2610 5483 ἕκαστον
2640 5429 2747 5481 τῶν
2775 5429 3055 5498 δογμάτων
3084 5425 3189 5479 τῶν
3240 5423 3427 5487 ἐθνῶν,
3477 5419 3745 5491 γλυκάζον

2178 5524 2270 5575 καὶ
2301 5522 2498 5591 τέρπον
2546 5520 2633 5573 τὸν
2683 5520 2956 5589 ἀκροατήν
2983 5536 2994 5548 ·
3034 5518 3222 5587 διόπερ
3258 5516 3308 5568 οἱ
3355 5510 3745 5585 πρεσϐεύοντες
