4066 6236
518 334 654 389 1535

1855 323 1939 374 [CX
1984 321 2280 375 ()liitiiCNE

3622 328 3781 380 158$

518 454 650 519 citat
704 445 1039 516 prOpltetiam
1109 443 1382 496 dicens”:
1421 460 1437 492 t
1484 440 1769 508 Nunquam
1830 440 2034 509 legistis
2069 455 2074 489 :

2189 440 2294 499 τοῖς
2345 439 2691 506 Εύαγγελίοις
2739 440 2939 510 ταύτην
2992 440 3227 511 παράγει
3267 439 3364 512 τὴν
3424 444 3788 514 προφητείαν

516 541 774 609 Lapidem
824 552 982 606 quem
1024 537 1452 605 reprobaverunt
1494 532 1851 593 aedificantes,
1888 532 1973 584 hic
2004 528 2083 582 fa-

521 638 641 683 ctus
669 636 753 681 cst
792 627 845 679 in
892 635 1055 694 caput
1087 623 1312 692 anguli?
1352 641 1369 672 ι
1403 620 1757 675 ΑΞιΙίΙίεειιιιιιε
1787 630 1969 672 autem
2001 618 2086 671 hic

517 720 647 773 dicit
683 717 919 778 Judtcos,
958 717 1167 770 scribas
1210 726 1257 767 et
1290 712 1617 776 Pltarismos,
1648 708 2084 780 quandoquidem

518 809 875 877 reprobarunt
914 808 1090 875 ipsum
1123 806 1361 858 dicentes
1398 822 1411 857 :
1455 822 1472 855 ι
1514 802 1888 857 Samaritanus
1912 813 1970 853 es
2003 810 2082 863 tu,

516 909 570 953 et
603 898 925 952 dzemnnium
980 898 1147 950 habes
1177 896 1219 950 ⁸.
1256 914 1273 945 ι
1315 897 1379 948 Ει
1412 908 1635 948 rursus:
1672 910 1689 943 t
1720 890 1815 945 llic
1849 905 1952 944 non
2002 898 2085 945 est

516 1006 579 1042 es
609 988 739 1053 Deo,
768 989 861 1042 sed
888 987 1095 1042 seducit
1125 987 1337 1039 turbam
1362 988 1403 1037 ³.
1435 1004 1451 1035 ι

590 1171 750 1224 Vens.
789 1168 879 1223 ‘25.
922 1169 963 1220 Α
1005 1167 1228 1221 Domino
1266 1166 1463 1234 factum
1501 1174 1575 1219 est
1623 1166 1784 1228 istud,
1825 1173 1933 1217 etc.
1966 1162 2081 1215 Non

516 1272 634 1315 crat
657 1262 949 1315 humanum
982 1261 1083 1314 hoc
1109 1260 1252 1328 quod
1283 1258 1480 1309 fuctnnt
1507 1268 1607 1321 est,
1638 1272 1742 1309 non
1775 1266 1892 1309 erat
1926 1256 2085 1308 unius

517 1367 581 1405 ex
634 1351 854 1405 multis:
888 1366 991 1403 non
1037 1361 1152 1403 erat
1192 1348 1529 1417 angelorum,
1575 1362 1681 1401 non
1708 1355 1825 1401 erat
1855 1346 2083 1399 archan-

516 1442 755 1510 gelorum
817 1441 975 1495 talem
1032 1440 1284 1507 angulum
1321 1454 1665 1507 componere.
1722 1437 1887 1492 Nemo
1940 1437 2081 1490 enim

517 1534 619 1586 hoc
643 1532 834 1600 potuit,
859 1545 965 1584 non
995 1530 1202 1599 justus,
1229 1543 1331 1581 non
1371 1528 1630 1596 propheta
1653 1567 1667 1591 ,
1707 1542 1812 1581 non
1838 1527 2080 1597 angelus,

517 1638 622 1677 non
646 1622 1021 1691 archangelus,
1054 1621 1146 1675 sed
1169 1620 1336 1674 solius
1370 1619 1460 1673 Dei
1488 1630 1608 1675 erat
1638 1620 1740 1674 hoc
1765 1618 2081 1689 praclarum

518 1716 729 1767 facinus
763 1731 775 1766 :
805 1722 922 1767 eral
948 1712 1047 1766 hoc
1071 1712 1284 1780 proprie
1311 1711 1480 1779 ipsius
1506 1726 1663 1780 opus.

2189 530 2389 597 λέγων’
2432 550 2450 582 ι
2494 532 2758 585 Οὐδέποτε
2794 534 3093 601 ἀνέγνωτε·
3132 533 3292 585 Λίθον
3331 534 3388 586 6v
3419 530 3785 605 ἀπεδοκίμα-

2192 639 2286 673 σαν
2324 625 2375 675 οἱ
2433 624 2855 693 οἰκοδομοῦντες,
2902 620 3054 688 οὗτος
3096 624 3326 694 ἐγενήθη
3382 627 3461 685 είς
3513 626 3784 697 κεφαλὴν

2188 715 2419 780 γωνίαςς
2450 734 2467 766 ι
2502 715 2927 785 Οἰκοδομοῦντας
2973 716 3027 767 δὲ
3070 718 3193 777 τοὺς
3258 714 3541 777 Ἰουδαίους
3583 717 3780 783 λέγει,

2186 808 2308 868 τοὺς
2329 810 2691 876 γραμματεῖς,
2726 807 2849 869 τοὺς
2882 806 3226 875 Φαρισαίους,
3257 808 3336 858 ὅτι
3358 806 3782 876 ἀπεδοκίμαζον

2187 898 2348 952 αὑτὸν
2422 898 2706 965 λέγοντες’
2768 920 2785 948 ι
2842 898 3184 968 Σαμαρείτης
3238 894 3307 958 εἴ,
3352 899 3445 949 καὶ
3482 898 3783 967 δαιμόνιον

2187 990 2347 1059 ἔχεις.
2386 1008 2404 1039 ι
2446 990 2555 1041 Καὶ
2589 988 2781 1042 πάλιψ
2815 1006 2831 1037 t
2862 983 3028 1050 Οὗτος
3052 988 3151 1039 ούκ
3183 988 3327 1040 ἔστιν
3362 990 3427 1040 ἐκ
3456 986 3549 1040 τοῦ
3598 987 3779 1050 Θεοῦ,

2186 1081 2318 1134 ἀλλά
2342 1080 2515 1151 πλανᾷ
2533 1081 2620 1133 τὸν
2646 1080 2817 1150 ὄχλον.
2862 1099 2881 1131 ι

2256 1170 2423 1237 Παρὰ
2468 1170 2689 1237 Κυρίου
2720 1170 2953 1238 ἐγένετο
3005 1169 3177 1233 αὕτη,
3213 1187 3265 1221 κ.
3293 1186 3341 1220 τ.
3366 1171 3409 1221 ἐ.
3441 1170 3551 1221 Ούκ
3576 1166 3649 1240 ἦν
3677 1173 3778 1224 ἀνι

2187 1260 2453 1332 θρὼπινον
2478 1260 2540 1312 τὸ
2567 1260 2863 1330 γινόμενον,
2890 1260 2988 1313 ούκ
3016 1256 3082 1330 ἧν
3114 1261 3230 1323 ἐνὸς
3262 1261 3369 1313 τῶν
3397 1262 3624 1314 πολλῶν
3660 1263 3777 1314 οὐκ

2184 1347 2251 1422 ἦν
2279 1351 2543 1419 ἀγγέλων,
2571 1351 2671 1403 ούκ
2697 1346 2764 1421 ἦν
2797 1350 3153 1420 ἀρχαγγέλων
3178 1350 3238 1402 τὸ
3258 1350 3513 1421 τοιαύτην
3562 1350 3774 1414 πλέξαι

2184 1443 2385 1511 γωνίαν
2411 1459 2424 1472 ⁸
2450 1442 2622 1505 οὐδεὶς
2654 1441 2762 1512 γὰρ
2799 1440 2999 1511 ἴσχυεν,
3021 1442 3081 1493 ού
3103 1440 3326 1505 δίκαιος,
3352 1442 3411 1492 ού
3448 1442 3767 1512 προφήτης,

2184 1534 2284 1588 ούκ
2335 1533 2584 1601 ἅγγελος,
2629 1532 2730 1585 οὐκ
2780 1530 3138 1601 ἀρχάγγελος,
3186 1532 3323 1585 ἀλλὰ
3362 1531 3455 1584 τοῦ
3505 1532 3645 1585 Θεοῦ
3697 1534 3772 1585 τὸ

2186 1622 2515 1695 κατόρθωμα
2540 1639 2553 1653 ’
2596 1620 2753 1675 τοῦτο
2773 1617 2841 1692 ἧν
2869 1622 3032 1675 αὑτοῦ
3065 1622 3245 1686 ίδικῶς
3270 1622 3329 1674 τὸ
3356 1622 3538 1693 ἔργον.

588 1803 751 1857 Vens.
780 1804 872 1857 24.
911 1801 1039 1856 ch
1083 1812 1157 1855 est
1204 1802 1312 1855 dies
1334 1818 1491 1870 quam
1510 1801 1634 1869 fecit
1665 1801 1936 1865 Dominus,
1968 1810 2074 1855 etc.

2251 1804 2411 1872 Αὕτη
2444 1806 2479 1872 ἠ
2519 1804 2707 1872 ἡμέρα
2740 1802 2819 1871 ἣν
2850 1804 3140 1870 ἐποίησεν
3171 1806 3204 1856 ό
3255 1805 3486 1871 Κύριος,
3528 1820 3581 1856 κ.
3612 1822 3665 1856 τ.
3704 1806 3759 1857 ἑ.

519 1896 668 1949 Hanc
704 1896 845 1950 diem
888 1910 993 1949 non
1051 1892 1418 1963 legislatores,
1469 1908 1577 1947 non
1630 1893 1905 1962 prapltetaa
1944 1893 2081 1946 fece-

521 1996 669 2050 runt,
695 1987 793 2041 sed
817 1987 929 2054 ipse
956 1985 1035 2040 sol
1058 1984 1301 2054 justitic.
1335 1983 1485 2039 Diem
1514 1993 1692 2037 autem
1720 1993 1879 2037 vocat
1900 1983 2084 2053 cogni-

515 2079 720 2132 tionem
745 2077 966 2132 Christi.

586 2169 865 2239 Ejusdem.
895 2168 1010 2222 Non
1050 2167 1181 2222 solis
1212 2182 1428 2221 cursum
1461 2168 1563 2221 hoc
1592 2168 1706 2223 loco
1732 2167 1870 2222 diem
1901 2174 2079 2229 vocat,

512 2262 606 2315 sed
634 2262 887 2330 prteclara
910 2259 1144 2313 facinora
1170 2274 1290 2327 qum
1332 2260 1384 2312 in
1419 2274 1485 2313 eo
1521 2268 1672 2326 gesta
1702 2267 1847 2312 sunt.
1885 2260 2081 2323 Quent-

509 2351 802 2405 admodum
838 2351 980 2404 enim
1020 2350 1112 2418 qui
1154 2350 1293 2404 diem
1348 2350 1545 2402 malum
1597 2348 1752 2413 dicit,
1804 2362 1909 2400 non
1954 2346 2082 2400 solis

514 2456 755 2504 cursum,
795 2442 887 2494 sed
944 2442 1084 2494 mala
1133 2456 1253 2510 quae
1300 2440 1353 2493 in
1388 2441 1504 2508 ipso
1540 2448 1665 2494 sunt
1698 2437 1971 2507 intelligit,
2006 2438 2079 2489 ita

510 2534 675 2587 etiam
706 2534 905 2587 bonum
941 2533 1102 2596 diem,
1139 2534 1398 2601 przeclara
1434 2530 1574 2584 facta
1596 2543 1715 2597 quae
1747 2529 1798 2581 in
1831 2528 1919 2579 illo
1948 2542 2079 2580 con-

514 2624 769 2691 tigerunt.
801 2622 955 2686 Quod
986 2632 1166 2675 autem
1200 2621 1354 2684 dicit,
1408 2628 1491 2673 est
1539 2618 1802 2686 ejusmodi
1838 2632 1851 2667 :
1888 2616 2078 2670 Omnia

513 2712 769 2781 pra'clara
802 2712 1044 2768 facinora
1081 2728 1199 2781 quae
1242 2713 1293 2765 in
1326 2726 1390 2765 eo
1428 2720 1576 2780 gesta
1629 2718 1775 2775 sunt,
1818 2708 1958 2763 Deus
2000 2708 2079 2762 fe-

512 2807 587 2861 cit
618 2823 633 2862 :
665 2815 784 2860 erat
805 2806 949 2860 enim
975 2805 1118 2858 illius
1146 2803 1313 2857 solius
1336 2815 1530 2855 manus
1561 2800 1774 2854 edicere
1794 2814 1913 2867 qua:
1936 2798 2077 2852 facta

510 2907 658 2953 sunt.
706 2895 843 2962 Quid
879 2895 1024 2950 enim
1064 2894 1234 2963 possit
1283 2908 1404 2947 cum
1459 2893 1559 2947 hoc
1590 2891 1677 2945 die
1702 2888 1963 2953 conferri,
2021 2891 2075 2942 in

511 3003 618 3058 quo
644 3002 767 3043 cum
816 2986 1133 3042 hominibus
1174 2986 1318 3039 facta
1352 2995 1438 3039 est
1472 2983 1566 3037 Dei
1598 2980 1988 3046 reconciliatio,
2024 2989 2079 3033 ct

510 3080 820 3134 diuturnum
855 3077 1053 3133 bellum
1105 3077 1207 3130 fuit
1234 3077 1582 3145 diremptum,
1608 3082 1663 3127 et
1698 3080 1842 3127 terra
1876 3070 2072 3124 caelum

510 3174 713 3232 evasit,
738 3180 791 3224 et
820 3168 1069 3223 homines
1095 3167 1253 3238 795
1285 3178 1431 3222 terra
1474 3164 1675 3233 indigni
1724 3177 1890 3233 regno
1923 3162 2070 3231 digni

510 3264 608 3318 visi
663 3269 814 3325 sunt,
839 3268 893 3314 et
924 3270 1127 3315 nostra:
1179 3268 1384 3312 naturae
1411 3255 1661 3326 primitias
1706 3269 1870 3325 super
1907 3252 2075 3307 ccelos

507 3358 732 3414 sublatae
766 3364 912 3419 sunt,
939 3367 994 3411 et
1040 3351 1324 3425 paradisus
1362 3358 1579 3420 apertus
1611 3356 1716 3412 est,
1759 3356 1813 3400 et
1838 3353 2073 3399 veterem

511 3448 741 3517 patriam
777 3447 1103 3516 recepimus,
1141 3457 1195 3500 et
1227 3454 1554 3515 expunctum
1601 3450 1684 3495 est
1730 3439 2073 3495 maledictum

513 3548 567 3594 ct
598 3538 866 3594 sublatum
902 3536 1227 3606 peccatum?
1283 3537 1394 3590 Etsi
1449 3536 1594 3591 enim
1642 3548 1830 3589 onmes
1858 3542 2076 3601 quoque

510 3631 627 3685 dies
652 3628 867 3691 fecerit,
905 3628 1053 3682 illutn
1092 3636 1273 3681 tamen
1298 3626 1517 3692 eximie,
1554 3622 1987 3695 quandoquidem
2020 3618 2072 3671 in

506 3724 603 3781 illo
655 3723 891 3778 maxime
944 3737 1041 3776 sua
1096 3721 1353 3790 mysteria
1412 3718 1675 3787 implevit.
1734 3715 2076 3785 Quapropter

507 3817 668 3871 etiam
705 3830 803 3869 nos
844 3812 1179 3868 exsultemus
1228 3818 1282 3863 et
1318 3810 1563 3863 laetemur
1595 3807 1645 3859 in
1685 3820 1771 3869 eo,
1808 3803 2072 3872 duplicem

505 3904 794 3976 quamdam
824 3903 1222 3957 solemnitatem
1252 3899 1798 3953 celebrantesmnam
1827 3893 2072 3962 quidem,

504 3998 647 4069 quod
676 4012 705 4051 a
734 3994 1053 4064 captivitate
1096 3990 1293 4046 diaboli
1336 3990 1507 4045 simus
1561 3986 1811 4049 liberati;
1843 3984 2071 4037 alteram

502 4099 652 4147 vero,
706 4083 851 4151 quod
900 4082 1065 4136 etiam
1122 4080 1189 4134 ad
1246 4093 1466 4149 regnum
1522 4076 1785 4131 caelorum
1840 4072 2073 4126 adduca-

500 4195 641 4237 mur.

574 4273 738 4327 Vens.
771 4269 862 4324 26.
895 4268 1211 4323 Benedictus
1230 4269 1319 4335 qui
1353 4265 1485 4318 venit
1512 4266 1567 4317 in
1591 4263 1800 4316 nomine
1830 4260 2069 4325 Domini,

500 4375 608 4419 etc.
643 4360 795 4414 Hanc
823 4360 986 4413 etiam
1016 4369 1201 4410 vocem
1232 4354 1297 4408 de
1325 4352 1545 4406 Christo
1577 4350 1920 4422 prephetiam
1946 4364 2068 4403 esse

2183 1894 2396 1964 Ταύτην
2422 1894 2517 1965 τὴν
2539 1896 2751 1965 ἡμέραν
2777 1896 2837 1947 ού
2869 1892 3185 1960 νομοθέται,
3221 1896 3282 1947 ού
3335 1896 3606 1965 προφῆται
3659 1913 3765 1948 πε-

2182 1989 2493 2056 ποιήκασιν,
2527 1986 2639 2038 ἀλλ’
2668 1986 2827 2048 αὐτὸς
2859 1986 2886 2035 6
2910 1984 3006 2053 τῆς
3034 1984 3371 2053 δικαιοσύνης
3399 1986 3568 2056 ἥλιος.
3587 1986 3759 2056 Ἡμέ-

2185 2096 2283 2150 ραν
2316 2078 2372 2130 δὲ
2407 2077 2548 2145 λέγει
2572 2078 2670 2148 τὴν
2692 2076 2890 2144 γνῶσιν
2912 2077 3003 2128 τοῦ
3034 2077 3287 2148 Χριστοῦ.

2258 2169 2367 2222 Τοῦ
2389 2168 2595 2221 αὐτοῦ.
2630 2169 2873 2239 Ἦμέραν
2897 2166 3129 2220 ἐνταῦθα
3156 2169 3276 2237 οὐχὶ
3309 2169 3399 2220 τὸν
3420 2168 3614 2240 δρόμον
3664 2170 3757 2223 λέ-

2181 2274 2265 2325 γει
2290 2257 2381 2309 τὸν
2412 2257 2657 2327 ἡλιακὸν,
2689 2258 2823 2310 ἀλλὰ
2847 2258 2915 2311 τὰ
2948 2257 3346 2328 κατορθώματα
3388 2260 3453 2311 τά
3494 2261 3551 2312 ἐν
3606 2262 3748 2331 αὐτῇ

2180 2349 2461 2418 γινόμενα.
2496 2349 2704 2418 Ὥσπερ
2728 2347 2838 2419 γάρ
2862 2348 3072 2418 ἡμέραν
3108 2348 3349 2418 πονηρὰν
3381 2348 3523 2415 λέγει
3551 2350 3611 2401 ού
3657 2350 3750 2402 τὶν

2179 2440 2375 2511 δρόμον
2407 2438 2499 2491 τοῦ
2539 2439 2707 2508 ἡλίου,
2760 2439 2894 2491 ἀλλά
2944 2438 3011 2491 τὰ
3063 2440 3119 2491 ἐν
3155 2442 3291 2509 αὐτῇ
3343 2439 3522 2492 κακά’
3575 2440 3747 2503 οὕτως

2180 2534 2270 2585 καὶ
2293 2532 2503 2603 ἡμέραν
2529 2530 2734 2601 ἀγαθὴν
2765 2531 2832 2584 τά
2858 2534 2914 2584 ἐν
2948 2532 3080 2601 αὐτῇ
3114 2530 3533 2601 κατορθώματα.
3582 2535 3641 2584 ’0
3687 2533 3745 2585 δὲ

2178 2624 2323 2692 λέγει
2352 2622 2591 2676 τοιοῦτόν
2622 2625 2738 2675 ἐστι
2761 2639 2774 2652 ’
2822 2623 3005 2675 Πάντα
3047 2622 3113 2674 τὰ
3140 2622 3538 2692 κατορθώματα
3576 2622 3642 2674 τὰ
3687 2624 3746 2675 ἐν

2179 2716 2314 2784 αὐτῇ
2342 2713 2598 2783 γινόμενα
2623 2716 2651 2765 6
2674 2713 2805 2773 Θεὸς
2826 2712 3065 2781 ἐποίησε·
3084 2713 3181 2782 τῆς
3202 2711 3309 2783 γὰρ
3334 2713 3513 2783 χειρὸς
3534 2712 3745 2783 ἐκείνης

2182 2805 2349 2875 μόνης
2382 2800 2449 2875 ἧν
2480 2803 2549 2856 τὰ
2572 2803 2847 2873 γινόμενα,
2890 2803 2953 2853 Τί
2992 2802 3098 2873 γὰρ
3145 2804 3242 2873 τῆς
3285 2804 3493 2873 ἡμέρας
3541 2803 3747 2874 ταύτης

2178 2896 2289 2948 ἴσον
2309 2894 2514 2962 γένοιτο
2537 2895 2623 2959 ἂν,
2648 2897 2704 2946 ἐν
2732 2888 3092 2967 καταλλαγὴ
3110 2892 3244 2946 Θεοῦ
3267 2894 3399 2963 πρὸς
3424 2893 3747 2964 ἀνθρώπους

2177 2986 2410 3054 ἐγένετο,
2427 2988 2519 3039 καὶ
2540 2989 2567 3039 6
2592 2986 2799 3057 χρόνιος
2828 2983 3093 3054 κατελύθη
3126 2985 3375 3055 πόλεμος,
3394 2985 3482 3038 καὶ
3510 2985 3750 3055 οὐρανὸς

2177 3079 2469 3150 ἀπεδείχθη
2505 3081 2537 3149 ἡ
2573 3080 2663 3149 γῆ,
2694 3080 2784 3131 καὶ
2803 3079 2851 3131 οἱ
2872 3079 2967 3148 τῆς
2990 3079 3092 3148 γῆς
3119 3078 3323 3144 ἀνάξιοι
3353 3077 3619 3149 ἄνθρωποι
3640 3078 3750 3149 τῆς

2178 3171 2454 3242 βασιλείας
2488 3171 2761 3239 ἐφάνησαν
2786 3169 2941 3235 ἄξιοι,
2968 3171 3060 3222 καὶ
3091 3170 3122 3239 ἡ
3154 3168 3374 3239 ἀπαρχὴ
3404 3169 3501 3237 τῆς
3529 3168 3747 3236 φύσεως

2175 3262 2271 3331 τῆς
2297 3259 2571 3331 ἡμετέρας
2605 3260 2858 3329 ὑπεράνω
2900 3258 3009 3311 τῶν
3039 3258 3282 3328 οὐρανῶν
3326 3256 3608 3327 ἀνηνέχθη,
3644 3259 3746 3309 καὶ

2175 3350 2498 3422 παράδεισος
2555 3351 2745 3420 ἠνοίγη
2769 3389 2783 3413 ,
2824 3350 2916 3402 καὶ
2966 3349 3064 3418 τὴν
3118 3348 3351 3418 ἀρχαίαν
3399 3348 3745 3417 ἀπελάϐομεν

2177 3443 2431 3514 πατρίδα,
2472 3442 2567 3494 καὶ
2599 3441 2810 3509 κατάρα
2839 3439 3109 3509 ἠφανίσθη
3132 3478 3146 3502 ,
3176 3440 3269 3491 καὶ
3296 3441 3329 3509 ἡ
3360 3440 3596 3509 ἁμαρτία
3620 3437 3746 3490 ἐλύ-

2177 3536 2279 3605 θη;
2312 3535 2372 3586 Εἰ
2416 3531 2523 3603 γὰρ
2577 3532 2669 3583 καὶ
2703 3533 2880 3593 πάσας
2912 3531 3010 3592 τάς
3042 3529 3253 3599 ἡμέρας
3300 3530 3573 3600 ἐποίησεν,
3620 3529 3741 3583 ἀλλ’

2174 3625 2386 3694 ἐκείνην
2417 3622 2728 3695 ἐξαιρέτως,
2755 3621 2942 3691 ἐπειδὴ
2972 3621 3040 3673 τὰ
3074 3620 3303 3690 μέγιστα
3336 3622 3393 3674 ἐν
3444 3621 3578 3691 αύτῇ
3627 3619 3742 3672 τῶν

2172 3716 2383 3768 οἰκείων
2444 3714 2754 3785 μυστηρίων
2816 3712 3117 3782 ἐπλήρωσε.
3172 3710 3367 3781 Διόπερ
3424 3712 3515 3763 καὶ
3576 3713 3739 3779 ἡμεῖς

2173 3804 2626 3875 ἀγαλλιασώμεθα
2659 3806 2752 3858 καὶ
2800 3802 3188 3874 εὐφρανθῶμεν
3235 3804 3292 3854 ἐν
3352 3803 3486 3871 αὐτῇ
3545 3801 3740 3870 διπλῆν

2172 3914 2291 3950 τινα
2333 3895 2508 3967 χαρὰν
2557 3896 2858 3965 πανήγυριν
2892 3894 3113 3962 ἄγοντες
3137 3909 3151 3922 ·
3186 3891 3311 3962 μίαν
3344 3892 3461 3961 μὲν,
3510 3892 3589 3942 ὅτι
3637 3892 3738 3959 τῆς

2175 3989 2549 4059 αἰχμαλωσίας
2570 3988 2663 4041 τοῦ
2687 3987 2930 4041 διαϐόλου
2963 3984 3336 4055 ἐρῤύσθημενο
3372 3983 3626 4053 δευτέραν
3676 3981 3736 4034 δὲ

2171 4082 2250 4135 ὃτι
2276 4081 2369 4133 καὶ
2398 4080 2532 4149 πρὸς
2557 4077 2831 4148 βασιλείαν
2854 4075 3096 4145 οὐρανῶν
3122 4073 3443 4143 ἀναγόμεθα.

2244 4259 2661 4328 Εὐλογημένος
2695 4261 2727 4311 ὀ
2759 4258 3077 4326 ἐρχόμενος
3108 4255 3176 4307 ἐν
3206 4254 3440 4322 ὀνόματι
3481 4250 3732 4319 Κυρίου,

2171 4370 2224 4404 κ.
2248 4371 2297 4406 τ.
2330 4352 2374 4403 ἐ.
2401 4352 2508 4403 Καὶ
2532 4348 2732 4421 ταύτην
2760 4348 2857 4418 τὴν
2892 4348 3073 4417 φωνὴν
3094 4347 3142 4399 oi
3176 4343 3553 4413 εύαγγελισταὶ
3602 4343 3731 4413 περὶ

498 4458 866 4520 exposuerunt
911 4445 1264 4515 evangelium
1288 4460 1302 4497 :
1336 4444 1449 4511 ipse
1472 4443 1615 4496 enim
1643 4456 1831 4496 revera
1856 4448 1939 4495 est
1967 4439 2059 4507 qui

2175 4443 2398 4515 Χριστοῦ
2448 4425 2782 4514 προφητείαν
2814 4436 2951 4493 εἶναι
2990 4439 3332 4508 ἐξειλὴφασιν
3360 4455 3373 4467 ·
3416 4436 3576 4498 αὐτὸς
3621 4436 3726 4506 γάρ

498 4557 622 4597 cum
687 4538 1009 4592 auctoritate
1062 4535 1211 4590 venit
1263 4536 1317 4588 in
1366 4533 1585 4587 nomine
1638 4529 1882 4593 Domini,
1937 4544 2059 4584 cum

497 4645 687 4688 omnes
739 4628 808 4683 ab
872 4628 988 4697 ipso
1048 4636 1157 4679 tam
1207 4625 1309 4679 viri
1363 4638 1525 4693 quam
1585 4621 1759 4690 angeli
1810 4619 2061 4675 venerint

499 4736 754 4793 tanquam
801 4721 942 4776 servi
981 4718 1212 4783 Domini.
1242 4717 1475 4785 Quilibet
1520 4714 1663 4769 enim
1691 4728 1876 4768 eorum
1909 4711 2059 4765 dice-

496 4818 590 4870 bat
622 4831 636 4867 :
671 4813 794 4868 Hmc
822 4813 951 4867 dicit
980 4810 1239 4866 Dominus
1269 4826 1283 4863 :
1325 4818 1379 4863 et
1422 4806 1788 4874 unusquisque
1833 4801 2055 4874 angelo-

497 4922 615 4961 rum
647 4906 695 4960 ei
745 4905 811 4958 ad
841 4919 1001 4974 quem
1038 4902 1271 4957 mittitur
1312 4902 1411 4967 ait,
1458 4898 1721 4954 Dominus
1754 4898 1900 4952 misit
1946 4912 2055 4952 me.

498 4995 691 5050 Verum
746 4996 833 5050 ille
878 4995 970 5064 qui
1010 4994 1156 5048 venit
1187 4992 1241 5046 in
1284 4992 1501 5047 nomine
1549 4989 1780 5051 Domini,
1830 4989 2054 5042 benedi-

494 5098 615 5142 ειυς
643 5096 745 5140 881.

565 5178 731 5234 Vns.
769 5179 859 5231 27.
898 5182 1034 5230 Deus
1063 5174 1319 5229 Dominus
1349 5184 1395 5228 et
1433 5173 1609 5227 illuxit
1638 5172 1805 5237 nobis,
1839 5182 1945 5226 etc.
1974 5170 2056 5241 Ip-

492 5287 612 5327 sum
675 5269 818 5325 enim
870 5267 1089 5331 venire,
1150 5282 1255 5319 non
1289 5273 1375 5317 est
1424 5264 1598 5318 locum
1655 5272 1869 5315 mutare
1906 5302 1919 5326 ,
1965 5263 2058 5316 sed

2167 4534 2379 4606 ἀληθῶς
2404 4536 2549 4587 ἐστιν
2580 4535 2608 4585 6
2633 4530 2962 4594 αύθεντικῶς
2991 4530 3085 4583 καὶ
3124 4531 3182 4581 ἐν
3229 4528 3455 4598 ὀνόματι
3496 4527 3589 4580 τοῦ
3628 4528 3730 4579 Κυ-

2169 4625 2283 4696 ρίου
2311 4625 2617 4695 ἐρχόμενος,
2646 4623 2863 4677 πάντων
2889 4622 2994 4675 τῶν
3018 4620 3143 4691 παρ’
3175 4619 3341 4672 αὑτοῦ
3374 4619 3577 4688 ἀνδρῶν
3593 4618 3728 4687 ὁμοῦ

2166 4716 2260 4785 καὶ
2282 4714 2525 4783 ἀγγέλων
2552 4713 2884 4784 ἐληλυθότων
2911 4711 2986 4774 ὼς
3014 4710 3213 4781 Κυρίου
3250 4708 3470 4762 δούλων.
3516 4708 3729 4777 Ἀμέλει

2165 4805 2289 4858 τάδε
2315 4804 2461 4871 λέγει
2493 4803 2727 4874 Κύριος,
2774 4803 2999 4864 ἕκαστος
3023 4800 3124 4869 ἔφη
3153 4817 3163 4827 ·
3221 4799 3317 4852 καὶ
3360 4798 3585 4861 ἕκαστος
3620 4799 3730 4850 τῶν

2166 4895 2410 4964 ἀγγέλων
2433 4895 2565 4964 φησὶ
2591 4895 2725 4963 πρὸς
2749 4894 2806 4945 ὃν
2830 4893 3046 4963 ἔρχεται
3068 4908 3080 4922 ’
3126 4891 3182 4944 '0
3210 4890 3417 4961 Κύριος
3441 4888 3728 4942 ἀπέστειλέ

2167 5005 2254 5059 με.
2300 4986 2439 5039 Ἀλλ’
2468 4986 2629 5048 αὐτὸς
2660 4988 2688 5038 6
2727 4987 2783 5038 ἐν
2812 4984 3033 5054 ὀνόματι
3065 4983 3269 5053 Κυρίου
3309 4982 3601 5052 ἐρχόμενος
3630 4978 3723 5032 εὐ-

2162 5080 2293 5149 λογη
2301 5079 2459 5149 μένος
2483 5077 2617 5130 ἐστί.

2236 5170 2377 5234 Θεὸς
2397 5169 2607 5235 Κύριος
2638 5163 2732 5218 καὶ
2759 5164 3058 5231 ἑπέφανεν
3088 5163 3247 5231 ἡμῖν,
3270 5180 3323 5215 κ.
3353 5180 3403 5214 τ.
3441 5162 3487 5217 ἐ.
3514 5162 3587 5213 Τὸ
3616 5160 3727 5233 γὰρ

2156 5259 2329 5311 ἐλθεῖν
2366 5259 2524 5311 αὑτὸν
2555 5258 2615 5309 ού
2644 5256 2804 5307 τόπον
2837 5253 2985 5305 ἐστὶν
3011 5252 3261 5322 ἀμεῖψαι,
3297 5249 3410 5304 ἀλλ’
3456 5250 3723 5321 ἐπιφανῆ-

2156 5367 2265 5414 ναι,
2295 5349 2553 5419 πρότερον
2578 5347 2675 5415 ούχ
2693 5343 2965 5415 ὁρώμενον
2988 5360 3002 5373 ο
3044 5343 3305 5413 ὑπάρχων
3336 5341 3445 5412 γὰρ
3472 5342 3725 5409 ἀόρατος,

2154 5441 2232 5511 τῷ
2266 5436 2403 5493 εἶναι
2426 5438 2585 5491 εἰκὼν
2615 5435 2748 5489 Θεοῦ
2776 5434 3031 5505 ἀοράτου,
3077 5431 3289 5504 μορφὴν
3316 5430 3500 5482 δούλου
3524 5427 3725 5490 λαϐὼν,

2156 5533 2248 5585 καὶ
2271 5530 2555 5599 γενόμενος
2593 5530 2621 5581 6
2654 5526 2823 5593 Λόγος
2848 5524 2983 5594 σὰρξ
3016 5523 3192 5594 ὤφθη,
3222 5524 3311 5589 ἵν’,
3341 5522 3480 5575 οὕτω
3514 5521 3729 5590 φανεὶς,

503 5374 790 5433 apparere,
827 5358 919 5428 qui
950 5368 1107 5413 antea
1156 5356 1380 5410 minime
1413 5354 1697 5408 videbatur
1725 5371 1739 5406 :
1781 5368 1903 5405 nam
1932 5367 2055 5406 cum

497 5454 789 5511 invisibilis
820 5460 990 5515 esset,
1026 5466 1093 5505 eo
1119 5449 1262 5519 quod
1292 5458 1437 5502 esset
1475 5447 1653 5515 imago
1682 5444 1773 5499 Dei
1813 5444 2057 5498 invisibi-

489 5546 575 5610 lis,
601 5544 831 5597 formam
866 5539 1007 5595 servi
1038 5538 1399 5607 accipiens,et
1430 5533 1662 5589 Verbum
1698 5548 1825 5586 caro
1857 5532 2055 5586 factum

559 5707 577 5736 "
606 5704 793 5757 Matth.
821 5720 933 5767 χχι,
965 5703 1051 5757 62.
1135 5703 1155 5733 ⁸
1186 5700 1335 5756 Joan.
1371 5714 1490 5763 vm,
1522 5698 1608 5751 $8.
1687 5696 1707 5727 ’
1738 5696 1894 5751 Joan.
1928 5712 2017 5757 vn.
2053 5697 2134 5749 l2.
