4066 6236
355 227 496 282 1585

1280 223 1595 279 SELMZTA
1641 225 1705 278 IN
1748 224 2084 280 PSALMOS.
2123 256 2190 264 -η
2224 222 2418 277 PSAL.
2462 222 2693 280 CXVIII.

3465 230 3596 284 I586

354 345 738 417 χειραγωγήσῃ
764 344 912 414 ἡμᾶς
940 344 1028 396 διὰ
1060 344 1261 415 ταύτης
1294 347 1390 416 τῆς
1429 347 1808 417 κατανοήσεως
1846 349 1899 399 el

2029 345 2307 416 apparuit,
2338 352 2395 399 ut
2424 345 2527 399 hoc
2561 344 2720 399 modo
2747 358 3035 419 apparens,
3056 360 3155 400 nos
3186 345 3476 401 adduceret
3506 362 3599 414 per

348 434 412 488 τὸ
450 435 541 486 καὶ
579 434 676 503 τὴν
709 433 864 498 δόξαν
894 433 1056 486 αὐτοῦ
1085 433 1378 488 θεάσασθαι
1406 476 1421 500 ,
1460 454 1476 486 ι
1516 435 1672 500 δόξαν
1709 436 1784 499 ὡς
1817 438 1928 489 Μο-

350 523 601 593 νογενοῦς
635 526 783 595 παρὰ
836 526 1069 597 Πατρὸς,
1134 527 1345 597 πλήρης
1403 528 1622 598 χάριτος
1665 530 1757 581 καὶ
1798 530 1928 599 άλη-

351 616 521 679 θείας.
542 637 561 669 ι

422 711 776 778 Συστήσατε
796 709 1013 778 ἑορτὴν
1049 710 1120 762 ἐν
1152 708 1274 775 τοῖς
1297 708 1759 776 πυκάζουσιν,κ.
1793 729 1842 763 τ.
1874 713 1920 764 ὲ.

350 795 508 855 Οὗτοι
549 800 899 866 πυκάζουσιν,
925 801 973 852 οἱ
1010 800 1228 870 φύλλοις
1258 800 1349 852 καὶ
1370 805 1601 871 καρποῖς
1624 802 1921 873 κομῶντες

350 890 568 960 φύλλοις
609 892 708 962 μὲν
744 895 855 954 τοῖς
887 890 1207 961 καθήκουσι,
1254 895 1485 963 καρποῖς
1515 893 1573 945 δὲ
1628 895 1748 957 ταῖς
1796 895 1924 965 άρε-

348 984 467 1044 ταῖς
488 998 500 1010 ·
539 984 630 1035 καὶ
658 983 765 1054 γὰρ
804 1002 821 1035 ι
846 984 907 1036 τὸ
938 983 1130 1052 φύλλον
1164 983 1343 1036 αὐτῶν
1370 984 1467 1036 οὐκ
1490 984 1921 1055 άπορρυήσεταυ

351 1070 443 1121 καὶ
486 1070 577 1123 τὸν
633 1072 845 1142 καρπὸν
892 1071 1069 1123 αὐτῶν
1107 1071 1365 1124 δώσουσιν
1393 1075 1450 1125 ὲν
1474 1074 1650 1145 καιρῷ
1682 1075 1918 1139 αὐτῶν,›

348 1161 436 1215 διὰ
464 1162 525 1214 τὸ
555 1162 879 1233 γεγενῆσθαι
909 1163 1105 1227 αὐτοὺς
1132 1182 1150 1213 t
1182 1163 1315 1230 ξύλα
1344 1165 1728 1235 πεφυτευμένα
1772 1166 1922 1237 παρὰ

349 1250 447 1314 τὰς
479 1252 743 1316 διεξόδους
765 1252 872 1306 τῶν
905 1253 1130 1307 ὑδάτων.
1178 1275 1197 1305 ι

425 1340 533 1394 Τοῦ
554 1342 762 1395 αὑτοῦ.
811 1361 829 1394 ι
872 1343 1192 1407 Πυκάζοντα
1220 1363 1238 1393 ι
1274 1342 1330 1395 δὲ
1357 1342 1425 1395 τὰ
1476 1343 1742 1414 χερουϐίμ
1786 1362 1919 1415 φησι

346 1430 413 1483 τὰ
445 1432 826 1496 ὲπισκιάζοντα
856 1428 916 1485 τδ
954 1434 1287 1504 ἱλαστήριονο
1343 1433 1501 1486 τοῦτο
1548 1434 1656 1504 γάρ
1692 1436 1808 1487 ἐστι
1860 1437 1920 1488 τὸ

350 1539 368 1571 ι
404 1520 726 1585 πυκάζουσι.
773 1542 791 1574 ι
822 1522 1091 1586 Πυκάζειν
1124 1523 1233 1592 γὰρ
1262 1521 1320 1576 τὸ
1346 1523 1586 1577 σκέπειν.
1615 1523 1694 1577 Τὰ
1730 1541 1921 1595 χερου-

345 1610 443 1681 ϐὶμ
474 1612 529 1664 δὲ
551 1612 782 1665 ἔσκεπον
813 1616 937 1675 ταῖς
971 1612 1195 1685 πτέρυξι
1214 1616 1274 1666 τὸ
1301 1614 1632 1687 ἱλαστήριον.

2030 438 2170 491 hanc
2211 436 2578 507 cognitionem
2630 435 2696 489 ad
2752 436 2976 506 gloriam
3010 452 3230 507 quoque
3265 439 3434 508 ipsius
3465 453 3594 493 con-

2030 526 2392 596 templandam
2417 567 2433 592 ,
2474 545 2493 578 ι
2553 526 2778 596 gloriam
2824 529 2981 596 quasi
3026 528 3298 598 Uttigeniti
3329 543 3360 583 a
3392 528 3555 584 Patre
3581 568 3596 591 .

2025 618 2242 689 plenum
2282 618 2473 688 gratia:
2501 627 2557 673 et
2583 617 2833 672 veritatis
2867 618 2930 671 '°.
2978 636 2996 668 ι

2096 708 2225 762 lam.
2268 706 2585 761 Constituite
2633 708 2771 761 diem
2831 706 3113 761 solemnem
3169 707 3221 761 in
3282 707 3576 761 condensis.

2032 794 2094 848 Hi
2126 796 2464 850 condensam
2492 796 2584 864 qui
2631 795 2774 849 loliis
2803 804 2858 850 et
2897 794 3168 851 fructibus
3190 810 3483 863 ornantur;
3511 794 3597 850 fo-

2025 886 2110 941 liis
2136 886 2380 956 quidem,
2414 887 2468 941 id
2514 895 2598 941 est
2631 886 2823 941 olIiciis
2844 926 2859 952 ,
2898 886 3167 943 fructibus
3207 902 3360 953 vero,
3388 889 3492 943 hoc
3512 896 3591 942 est

2014 979 2319 1035 virtutibus.
2352 980 2561 1034 Etenim
2604 1000 2622 1031 ι
2666 981 2851 1035 folium
2893 996 3078 1036 corum
3126 999 3234 1037 non
3264 982 3493 1045 detinet,
3527 992 3582 1034 et

2019 1071 2255 1125 fructum
2290 1088 2446 1126 suum
2494 1072 2697 1127 dabunt
2726 1073 2781 1125 in
2820 1082 3059 1143 tempore
3094 1090 3212 1140 suo,
3247 1092 3264 1123 ι
3299 1084 3582 1144 prOptcrea

2018 1163 2163 1231 quod
2190 1172 2316 1218 sunt
2345 1162 2443 1233 ipsi
2476 1183 2493 1215 ι
2527 1164 2665 1234 ligna
2691 1166 2927 1233 plantata
2950 1181 3104 1219 secus
3127 1166 3387 1219 decursus
3416 1180 3583 1233 aqua-

2021 1270 2141 1308 rum
2177 1256 2239 1308 “.
2276 1273 2295 1306 ι

2096 1334 2372 1404 Ejusdem.
2436 1356 2453 1389 ι
2514 1338 2795 1394 (Iondensa
2849 1358 2868 1392 ι
2927 1349 3085 1395 vocat
3114 1341 3438 1405 cherubim,
3475 1354 3592 1409 qua:

2020 1426 2457 1494 prepitiatorium
2496 1431 2939 1497 obumbrabant;
2980 1432 3084 1486 hoc
3135 1435 3281 1487 enim
3324 1443 3410 1488 est
3458 1450 3476 1484 t
3537 1434 3591 1487 in

2023 1518 2331 1573 condensis.
2369 1538 2387 1571 ι
2428 1521 2781 1577 Condensare
2831 1524 2976 1577 enim
3005 1533 3087 1578 est
3125 1535 3309 1594 legere
3340 1544 3354 1581 :
3388 1528 3590 1582 cheru-

2019 1609 2127 1664 bim
2161 1622 2340 1666 autem
2369 1613 2470 1667 alis
2504 1615 2755 1683 tegebant
2786 1617 3247 1686 propitiatorium.

418 1703 560 1768 Θεός
575 1721 695 1770 μου
712 1700 772 1756 εἷ
795 1704 898 1769 σὺ,
918 1704 1014 1757 καὶ
1037 1705 1556 1775 ἐξομολογήσομαι
1572 1723 1689 1770 σοι,
1719 1725 1771 1759 κ.
1794 1724 1845 1759 τ.
1866 1708 1891 1758 ὲ

2090 1702 2254 1758 Vens.
2291 1704 2382 1759 28.
2418 1705 2558 1760 Deus
2586 1723 2732 1762 meus
2758 1725 2811 1762 es
2835 1719 2913 1773 tu,
2941 1720 2988 1763 et
3019 1711 3307 1779 conﬁtebor
3336 1712 3451 1775 tibi,
3478 1722 3585 1765 etc.

357 1788 617 1842 Ἐνταῦθα
653 1790 922 1843 δείκνυσιν
943 1834 957 1856 ,
992 1793 1071 1848 ὅτι
1113 1792 1205 1843 καὶ
1236 1791 1405 1862 χωρὶς
1431 1791 1539 1843 τῶν
1588 1791 1914 1861 εὐεργεσιῶν

342 1871 423 1924 δεῖ
442 1874 785 1945 εὐχαριστεῖν
810 1876 887 1946 τῷ
925 1876 1061 1946 Θεῷ,
1108 1877 1203 1931 καὶ
1232 1877 1317 1931 διὰ
1358 1877 1519 1931 τοῦτο
1567 1879 1726 1930 αὐτὸν
1765 1876 1915 1942 δοξά-

341 1962 475 2026 ζειν,
505 1964 592 2017 διὰ
612 1965 710 2035 τὴν
744 1966 1113 2039 μεγαλοσύνην
1136 1969 1300 2022 αὐτοῦ
1333 1970 1431 2040 τῆς
1461 1971 1665 2036 οὐσίας,
1690 1970 1777 2023 διὰ
1815 1971 1913 2040 τὴν

339 2056 646 2126 ἀπόρρητον
678 2055 854 2121 δόξαν.
874 2059 1043 2113 Τοῦτο
1072 2060 1200 2128 γοῦν
1226 2062 1317 2115 καὶ
1349 2060 1581 2115 ἐνταῦθα
1598 2063 1911 2124 αἰνίττεται,

339 2144 507 2198 εἰπὼν
536 2147 633 2210 τὰς
677 2149 996 2220 εὐεργεσίας
1046 2150 1112 2214 ἃς
1172 2152 1532 2225 εὐηργετήθη.
1590 2155 1699 2207 Ka‘t
1745 2155 1914 2225 χωρὶς

336 2237 557 2299 τούτων,
589 2238 740 2309 φησὶ,
771 2241 863 2293 καὶ
895 2242 1273 2313 εὐχαριστήσω
1302 2246 1392 2298 καὶ
1425 2245 1911 2317 ἐξομολογήσομαι,

335 2330 419 2381 ὅτι
442 2330 679 2384 τοιοῦτον
709 2332 815 2401 ἔχω
832 2336 1132 2407 Δεσπότην,
1173 2337 1346 2401 οὕτως
1382 2338 1604 2408 ὑψηλὸν,
1634 2338 1777 2391 οὕτω
1824 2341 1913 2409 μέ-

335 2435 470 2486 γαν,
504 2419 671 2485 οὕτως
730 2423 980 2493 ἀόρατον,
1035 2428 1440 2501 ἀκατάληπτον.
1494 2431 1567 2484 Τὸ
1602 2429 1656 2482 δὲ
1696 2426 1919 2498 ὐφώσω,

340 2530 358 2561 ι
394 2512 601 2579 δοξάσω
637 2532 655 2564 ι
687 2516 824 2569 ἐστί.

414 2694 895 2764 Ἐξομολογεῖσθε
926 2697 1006 2762 τῷ
1032 2702 1245 2768 Κυρίῳ,
1280 2701 1368 2755 ὅτι
1401 2701 1620 2771 ἀγαθὸς
1638 2744 1651 2767 ,
1679 2722 1732 2756 κ.
1776 2721 1826 2756 τ.
1855 2704 1903 2756 ἐ.

329 2783 403 2835 Οὐ
441 2784 618 2853 μάτην
647 2786 711 2837 ὲκ
742 2787 996 2859 δευτέρου
1023 2791 1165 2845 κατὰ
1188 2793 1278 2843 τὸν
1312 2793 1555 2863 παρόντα
1576 2794 1789 2863 ψαλμὸν
1812 2794 1904 2846 τὸν

330 2874 509 2944 στίχον
539 2878 567 2929 6
589 2875 887 2949 Ψαλμῳδὸς
915 2880 1161 2947 ἐνέταξεν
1180 2900 1193 2912 ⁸
1224 2886 1370 2954 ἡμᾶς
1401 2885 1456 2937 δὲ
1500 2885 1757 2949 πολλάκις
1805 2886 1904 2956 τὴν

329 2966 500 3037 αὐτὴν
525 2966 668 3039 ᾠδὴν
728 2962 1091 3044 μελετᾷνάρα
1144 2974 1482 3046 βουλόμενος,
1527 2978 1633 3040 ἵνα,
1692 2994 1896 3047 μεμνη-

329 3058 476 3125 μένοι
501 3059 583 3121 τίς
608 3061 762 3130 ἡμῶν
789 3064 821 3131 ή
850 3066 1091 3135 σωτηρία
1123 3066 1356 3132 ἐγένετο,
1395 3068 1590 3136 μηκέτι
1622 3069 1758 3138 πρὸς
1809 3070 1900 3121 τὸν

329 3147 518 3216 ἐχθρὸν
563 3150 1108 3222 παλινδρομήσωμεν,
1144 3155 1315 3223 ὅσπερ
1349 3156 1477 3222 ἡμῖν
1506 3157 1583 3218 εἰς
1629 3154 1900 3209 ἀπώλειαν

330 3237 568 3303 γέγονεν.

864 3418 1153 3473 ΨΑΛΜΟΣ
1198 3424 1350 3476 PIH’.

396 3502 678 3572 Μακάριοι
708 3508 762 3560 οὶ
789 3508 1012 3578 ἄμωμοι
1047 3511 1117 3563 ἐν
1149 3512 1292 3578 ὀδῷ,
1324 3532 1377 3567 κ.
1400 3532 1450 3567 τ.
1482 3517 1528 3567 ὲ.
1558 3516 1638 3569 Τά
1661 3519 1896 3586 στοιχεῖα

320 3592 420 3662 τῆς
450 3595 622 3667 ἀρχῆς
669 3596 777 3650 τῶν
821 3599 994 3668 λόγων
1024 3601 1115 3654 τοῦ
1156 3603 1287 3657 Θεοῦ
1320 3608 1347 3659 6
1381 3606 1519 3670 θεῖός
1545 3610 1660 3660 ἐστι
1700 3607 1892 3670 τόποςο

324 3685 451 3754 περὶ
482 3678 556 3737 ὧν
584 3687 679 3741 καὶ
715 3688 1066 3760 διαλαμϐάνει
1094 3695 1121 3744 6
1160 3694 1446 3757 ἐκατοστὸς
1500 3696 1895 3750 ὀκτωκαιδέκα-

318 3793 409 3837 τος
437 3776 667 3847 ψαλμὸς,
704 3781 845 3833 κατὰ
889 3782 1151 3852 Ἐϐραίων
1200 3789 1434 3856 στοιχεῖα
1482 3791 1886 3861 γεγραμμένος,

320 3866 460 3919 ὥστε
482 3870 606 3933 τοὺς
636 3870 733 3940 μὲν
782 3873 1029 3943 πρώτους
1062 3875 1224 3927 αὐτοῦ
1286 3878 1501 3946 στίχους
1552 3877 1689 3933 εἶναι
1746 3881 1889 3936 ὀκτὼ

318 3958 426 4010 ἀπὸ
459 3957 551 4011 τοῦ
588 3960 785 4031 Ἀλεφ·
821 3964 848 4015 ὃ
873 3965 1019 4015 ἐστιν
1054 3965 1195 4036 ἀρχὴ
1218 3966 1322 4019 τῶν
1356 3969 1484 4038 παρ’
1514 3969 1695 4032 αὐτοῖς
1750 3988 1890 4024 στοι-

318 4045 477 4115 χείων
498 4063 511 4075 ο
547 4048 672 4111 τοὺς
710 4050 765 4102 δὲ
809 4050 1091 4122 δευτέρους
1122 4053 1265 4107 ὀκτὼ
1300 4056 1405 4108 ἀπὸ
1440 4057 1570 4128 Βὴθ,
1618 4060 1710 4111 καὶ
1748 4059 1891 4114 οὕτω

2019 1795 2116 1849 llic
2142 1796 2402 1861 ostendit,
2433 1798 2595 1852 etiam
2649 1801 2855 1869 absque
2903 1802 3183 1858 beneﬁciis
3214 1804 3422 1872 gratias
3469 1818 3589 1857 esse

2017 1888 2256 1956 agendas
2310 1887 2447 1953 Deo,
2497 1890 2786 1959 ipsumque
2836 1903 3127 1961 propterea
3179 1894 3588 1963 gloriﬁcandum

2020 1987 2243 2048 prOpter
2292 1979 2637 2049 majestatem
2690 1990 2896 2034 natura:
2926 1982 3068 2051 ejus,
3110 1993 3331 2052 propter
3356 1985 3587 2053 gloriam

2018 2067 2369 2124 ineffabilem.
2390 2068 2502 2123 Hoc
2533 2070 2697 2139 igitur
2722 2071 2885 2125 etiam
2909 2071 2996 2125 ltic
3029 2072 3586 2141 insinttat,postquam

2014 2160 2291 2212 enarravit
2322 2158 2585 2213 beneﬁcia
2614 2158 2815 2228 quibus
2848 2159 3073 2215 allectus
3108 2162 3226 2215 fuit.
3259 2163 3436 2216 Etiam
3466 2162 3589 2216 sine

2015 2249 2121 2314 bis,
2160 2250 2361 2318 inquit,
2401 2252 2611 2320 gratias
2662 2267 2816 2321 agam
2866 2261 2919 2305 et
2948 2254 3269 2317 conﬁtebor,
3315 2255 3461 2323 quod
3507 2263 3587 2307 ta-

2014 2338 2117 2393 lem
2151 2340 2381 2394 habeam
2419 2342 2721 2407 Dominum,
2767 2343 2903 2398 adeo
2947 2344 3256 2410 sublimem,
3294 2348 3430 2401 adeo
3463 2362 3580 2401 ma-

2013 2445 2174 2498 gnum
2205 2470 2219 2495 ,
2275 2433 2410 2488 adeo
2456 2433 2783 2488 invisibilem
2835 2444 2891 2489 et
2940 2435 3578 2505 ittcomprebensibilem.

2012 2516 2146 2573 lllud
2193 2530 2373 2575 autem
2412 2540 2429 2574 ι
2470 2524 2724 2579 exaltabo
2758 2544 2777 2577 ι
2827 2513 2968 2579 Idem
3005 2536 3090 2581 est
3133 2528 3278 2597 quod
3313 2545 3332 2580 ‹
3372 2528 3582 2599 gloriﬁ-

2012 2609 2171 2664 cabo.
2227 2630 2247 2663 ι

2085 2699 2245 2755 Vens.
2272 2701 2359 2756 29.
2390 2702 2723 2771 Conﬁtemim‘
2744 2705 3242 2779 Dominoquoniam
3267 2710 3453 2775 bonus,
3473 2727 3581 2771 etc.

2010 2791 2175 2862 796
2214 2792 2329 2846 Non
2368 2804 2570 2849 temere
2604 2794 2894 2851 Psalmista
2936 2801 3176 2856 secundo
3225 2801 3371 2857 hunc
3412 2803 3584 2859 versi-

2007 2883 2186 2938 culum
2231 2885 2356 2940 buic
2408 2885 2618 2955 psalmo
2658 2887 2930 2955 inseruit,
2969 2891 3155 2948 volens
3197 2894 3449 2950 videlicet
3482 2911 3579 2949 nos

2008 2974 2321 3044 frequenter
2388 2976 2494 3031 hoc
2562 2980 2829 3034 canticum
2896 2982 3191 3046 meditari.
3264 2996 3320 3042 ut
3389 2989 3579 3043 memi-

2011 3066 2252 3120 nerimus
2304 3067 2426 3135 quis
2480 3068 2623 3123 salus
2675 3081 2860 3126 nostra
2893 3077 3187 3139 exstiterit,
3242 3092 3413 3145 neque
3462 3096 3579 3133 am-

2010 3154 2154 3224 plius
2200 3157 2267 3211 ad
2316 3157 2594 3213 inimicum
2652 3173 3003 3219 recurramus
3061 3165 3152 3233 qui
3204 3166 3357 3221 nobis
3411 3171 3578 3225 exitio

2013 3244 2135 3300 fuit.

2492 3431 2815 3487 PSALMUS
2860 3432 3088 3490 CXVIII.

2082 3517 2251 3574 Vens.
2291 3520 2336 3573 I.
2374 3520 2520 3575 Beati
2557 3524 2884 3578 immaculata"
2932 3528 2987 3579 in
3021 3527 3123 3592 via,
3152 3535 3256 3581 etc.
3295 3527 3574 3583 Elemcnta

2004 3611 2254 3681 principii
2286 3627 2597 3667 sermonum
2643 3616 2734 3670 Dei
2766 3617 2983 3673 divinus
3013 3627 3097 3673 est
3138 3618 3286 3674 locus
3319 3638 3332 3672 :
3359 3620 3424 3674 dc
3454 3623 3574 3690 qui-

2002 3702 2103 3756 bus
2158 3704 2322 3756 etiam
2372 3704 2595 3759 disserit
2654 3708 2986 3765 centesimus
3053 3710 3293 3765 decimus
3343 3721 3571 3766 octavus

2000 3796 2257 3863 psalmus,
2291 3797 2381 3866 qui
2422 3801 2721 3853 secundum
2766 3800 3117 3857 Hebraeorum
3140 3804 3407 3858 elementa
3433 3804 3568 3857 scri-

1998 3895 2119 3952 plus
2144 3896 2252 3953 est,
2302 3889 2375 3942 ita
2407 3897 2465 3942 ut
2513 3890 2671 3959 primi
2719 3892 2837 3962 ejus
2878 3904 3001 3948 octo
3040 3894 3301 3951 versiculi
3338 3896 3448 3949 sint
3502 3896 3570 3947 ab

1997 3977 2168 4046 Aleph
2203 3998 2215 4033 :
2252 3996 2373 4049 qua:
2402 3980 2583 4034 littera
2612 3983 2753 4051 apud
2806 3984 2956 4053 ipsos
2988 3986 3313 4055 principium
3340 3994 3424 4041 est
3451 3986 3565 4039 ele-

1999 4078 2298 4122 mentorum
2327 4085 2342 4134 ;
2369 4082 2663 4139 sequentes
2687 4087 2817 4128 vero
2853 4082 2978 4127 octo
3006 4074 3118 4128 sint
3149 4090 3177 4126 a
3204 4074 3358 4137 Beth,
3393 4081 3448 4128 ct
3484 4074 3567 4126 sic

315 4135 569 4205 καθεξῆς.
603 4139 712 4192 Καὶ
753 4141 992 4213 περιέχει
1030 4161 1091 4211 γε
1124 4148 1151 4198 6
1186 4146 1398 4217 ψαλμὺς
1442 4142 1594 4212 οὗτος
1638 4150 1756 4203 ὅλον
1797 4152 1889 4205 τὸν

2005 4158 2267 4228 .leinceps.
2298 4161 2475 4229 Atque
2502 4162 2588 4215 ltic
2613 4163 2850 4231 psalmus
2874 4167 3187 4220 universum
3217 4167 3390 4220 locum
3446 4180 3565 4219 mo-

313 4224 477 4277 τόπον
514 4227 603 4279 τὸν
641 4230 826 4298 ἠθικὸν
862 4234 997 4302 μετὰ
1032 4235 1213 4307 πάσης
1243 4235 1473 4305 θεωρίας
1503 4239 1600 4310 τῆς
1625 4240 1748 4311 περὶ
1779 4241 1886 4293 τῶν

314 4314 587 4386 διαφόρων
627 4321 684 4371 ἐν
713 4324 823 4385 τοῖς
868 4325 1076 4391 ἠθικοῖς
1113 4327 1299 4390 τόποις
1344 4328 1625 4400 ὀνομάτων
1658 4332 1714 4383 ἐν
1766 4336 1883 4396 ταῖς

316 4404 578 4474 Γραφαῖς.
628 4410 821 4464 ’ἰστέον
875 4414 929 4465 δὲ
981 4416 1056 4478 ὡς
1100 4417 1227 4470 ἄλλο
1282 4419 1381 4488 μὲν
1433 4421 1615 4491 νόμος,
1658 4422 1783 4477 ἄλλο
1828 4423 1884 4475 δὲ

310 4492 607 4567 δικαίωμα,
667 4499 794 4553 ἄλλο
853 4505 1198 4575 πρόσταγμα,
1242 4509 1368 4563 ἄλλο
1403 4515 1719 4586 μαρτύριον,
1757 4516 1884 4570 ἄλλο

313 4589 507 4658 κρῖμα.
544 4590 651 4673 mar
673 4592 828 4645 τοῦτο
874 4595 927 4646 δὲ
967 4597 1198 4651 ἐνταῦθα
1236 4601 1303 4653 τά
1347 4610 1581 4677 στοιχεῖα
1625 4608 1883 4679 προτέτα-

312 4693 456 4740 κται,
493 4681 578 4732 ἵνα
598 4682 808 4754 δηλωθῇ
838 4688 947 4749 τοῖς
981 4689 1411 4759 ἐντυγχάνουσιν,
1448 4696 1529 4749 ὅτι
1553 4698 1619 4750 τὰ
1646 4701 1883 4769 στοιχεῖά

309 4767 455 4819 ἐστιν
484 4771 515 4838 ἡ
553 4772 750 4837 γνῶσις
783 4776 874 4827 τοῦ
912 4777 1104 4847 ἠθικοῦ
1145 4782 1331 4835 τόπου.
1389 4785 1544 4841 Οὕτω
1576 4790 1669 4842 καὶ
1690 4792 1738 4843 οί
1764 4767 1879 4861 pta’

308 4859 403 4950 ac—a‘t
434 4862 534 4930 ρι6⁹
564 4862 796 4935 ψαλμοὶ,
831 4869 951 4922 τινὰ
982 4872 1179 4941 τρόπον
1213 4875 1453 4930 κάκεῖνοι
1493 4881 1672 4949 ἠθικοὶ
1706 4859 1876 4950 ὄντες,

308 4944 451 5019 εἶχον
602 4956 777 5027 ἀρχὴν
802 4958 910 5012 τῶν
942 4963 1138 5032 στίχων
1171 4965 1276 5017 ἀπὸ
1308 4966 1416 5020 τῶν
1446 4944 1572 5040 παρ’
1613 4944 1879 5045 Ἐὁραίοις

308 5041 605 5109 στοιχείων.
652 5046 798 5099 Ἐκεῖ
834 5048 931 5117 μὲν
954 5045 1047 5104 οὖν
1077 5053 1109 5121 ἡ
1146 5055 1480 5123 στοιχείωσις
1528 5060 1627 5111 οὐκ
1661 5062 1878 5116 ἐκτέτα-

304 5148 414 5196 ται,
448 5133 580 5188 ἀλλὰ
608 5137 695 5191 διὰ
732 5138 975 5210 βραχέων
1003 5144 1378 5213 παραδέδοται.
1429 5148 1624 5200 Ἰστὲον
1678 5153 1873 5219 τοίνυν,

304 5222 493 5294 ὥσπερ
525 5226 679 5291 ἄλλα,
732 5229 873 5283 οὕτω
926 5234 1018 5285 καὶ
1075 5234 1245 5288 ταῦτα
1292 5239 1348 5290 ὲν
1403 5240 1678 5311 Πνεύματι
1735 5246 1875 5317 ἁγίῳ

304 5315 631 5384 γεγράφθαι,
662 5317 815 5387 λόγον
841 5338 898 5373 τε
935 5322 1079 5392 ἔχειν
1111 5325 1210 5378 οὐκ
1234 5327 1721 5401 εὐκαταφρόνητον.
1767 5315 1872 5388 Kal.

304 5404 511 5472 ήαίτία
556 5408 647 5461 τοῦ
696 5408 922 5465 ἕκαστον
973 5414 1081 5469 τῶν
1134 5420 1411 5489 στοιχείων
1473 5423 1693 5489 ὀκτάκις
1742 5432 1869 5501 παρ’

387 5580 429 5605 ’θ
460 5584 614 5636 Joatt.
653 5598 708 5645 I.
750 5584 831 5640 Η.
914 5589 951 5620 ¹¹
1000 5589 1140 5647 Psal.
1183 5608 1219 5647 l.

1995 4249 2159 4303 ralem
2208 4251 2584 4321 complectitur
2616 4269 2737 4307 cum
2773 4256 2920 4309 omni
2973 4256 3429 4325 contemplatione
3460 4272 3557 4309 no-

1993 4338 2196 4392 minum
2244 4354 2363 4407 qua:
2398 4341 2451 4395 in
2482 4341 2614 4397 locis
2663 4344 2958 4400 moralibus
2992 4347 3211 4402 adhibet
3256 4346 3558 4416 Scriptura.

1992 4425 2279 4484 Sciendum
2325 4440 2505 4486 autem
2555 4434 2825 4502 quomodo
2874 4436 3018 4491 aliud
3064 4438 3283 4507 quidem
3324 4442 3405 4499 ~sit
3448 4438 3560 4502 lex,

1989 4519 2132 4573 aliud
2167 4536 2292 4576 vero
2321 4521 2640 4590 justilicatio
2664 4566 2679 4591 ,
2711 4528 2857 4583 aliud
2902 4540 3254 4599 prmecptum,
3287 4529 3434 4585 aliud
3467 4539 3553 4584 te-

1988 4612 2323 4678 stimonium,
2357 4614 2500 4668 aliud
2533 4616 2815 4683 judicium.
2845 4618 3053 4674 Idcirco
3081 4630 3260 4675 autem
3282 4620 3555 4674 elementa

1990 4700 2076 4755 hic
2103 4704 2388 4771 praeposita
2419 4714 2565 4769 sunt,
2591 4716 2647 4758 ut
2673 4705 2972 4776 legentibus
3012 4710 3413 4761 demonstretur
3445 4707 3557 4763 ele-

1990 4804 2169 4847 menta
2201 4809 2321 4850 esse
2352 4798 2573 4853 moralis
2600 4799 2698 4853 loci
2734 4800 3043 4853 scientiam.
3089 4798 3181 4851 Sic
3212 4800 3375 4851 etiam
3408 4800 3555 4868 psal-

1987 4883 2058 4937 mi
2114 4888 2448 4942 centesimus
2492 4889 2809 4941 undecimus
2840 4898 2895 4941 et
2923 4888 3253 4943 centesimus
3298 4891 3554 4947 duodeci-

1985 4992 2125 5043 mus,
2154 4993 2275 5032 cum
2318 4989 2374 5033 et
2416 4980 2489 5032 illi
2529 4979 2926 5047 quodammodo
2971 4981 3204 5035 morales
3231 4982 3362 5047 sint,
3401 4984 3550 5051 prin-

1983 5069 2180 5137 cipium
2231 5070 2621 5123 versiculorum
2673 5070 2979 5125 habuerunt
3012 5073 3080 5126 ab
3124 5072 3407 5129 elementis
3443 5075 3547 5129 He-

1983 5160 2269 5215 brmorum.
2302 5161 2376 5217 Ibi
2425 5162 2587 5229 igitur
2614 5164 2961 5218 eletnetttatio
3008 5182 3113 5219 non
3162 5177 3240 5220 est
3273 5169 3541 5236 exposita,

1982 5252 2076 5305 sed
2119 5252 2359 5306 breviter
2396 5256 2613 5323 quidem
2651 5256 2869 5309 tradita.
2921 5257 3211 5311 Sciendum
3254 5260 3418 5331 igitur
3464 5264 3540 5314 uti

1980 5339 2084 5394 alia
2113 5379 2129 5405 ,
2175 5342 2254 5396 sic
2295 5352 2349 5396 ct
2377 5344 2489 5398 haec
2518 5345 2570 5399 in
2613 5345 2817 5414 Spiritu
2846 5356 3038 5402 sancto
3060 5349 3260 5417 scripta
3289 5363 3410 5402 esse
3438 5388 3453 5413 ,
3488 5360 3545 5404 et

1983 5432 2202 5487 minimc
2254 5440 2701 5494 contemnendam
2767 5440 2967 5495 habere
3018 5441 3301 5496 rationem.
3363 5442 3541 5512 Atque
