4066 6236
483 99 612 153 ΙΞΒῙ

1821 101 1911 154 EX
1951 98 2254 155 URIGENE

3585 105 3729 161 1588

477 219 508 275 Ιι
531 233 589 274 ec
622 228 701 274 cst
735 234 895 276 causa
944 237 1043 278 cur
1073 222 1280 296 singula
1330 223 1594 278 elementa
1628 224 1798 286 octies
1840 225 1906 283 ab
1940 224 2015 279 lle

2161 220 2431 291 Ἑϐραίοις
2453 220 2705 292 εἰρῆσθαι
2727 223 2782 273 ἐν
2803 220 2973 291 τούτῳ
2998 220 3074 291 τῷ
3107 221 3326 292 ψαλμῷ.
3359 221 3508 276 Ἐλθὲ
3542 225 3727 278 τοίνυν

479 316 636 374 bracis
676 318 821 376 dicta
847 319 956 376 sint
998 319 1052 378 in
1083 319 1183 380 hoc
1212 319 1441 388 psalmo.
1478 321 1610 373 Veni
1642 320 1808 392 igitur
1831 320 1898 374 ad
1931 335 2035 374 nu-

475 421 684 462 merum
737 408 1102 470 octonarium,
1143 417 1194 464 et
1241 409 1413 463 sicubi
1452 409 1503 465 in
1537 410 1819 478 Scriptura
1867 412 2039 464 numi-

476 509 633 555 natus
676 509 780 568 est,
814 501 1160 572 apprehende
1191 503 1366 565 illunt,
1389 513 1444 558 et
1471 503 1592 564 vide
1623 503 1688 555 ad
1719 503 1851 572 quid
1893 503 2040 556 dica-

473 596 580 655 tur,
611 601 771 660 atque
804 594 909 648 erit
943 592 1038 648 tibi
1084 594 1230 649 utilis
1276 593 1363 648 hic
1417 609 1600 649 sermo
1633 594 1702 648 ad
1729 593 2034 662 sciendum,

473 682 890 753 unumquodque
913 683 1238 739 elementum
1275 684 1668 756 perfectionem
1705 699 1826 738 esse
1872 683 2035 739 simul

471 780 524 826 et
575 789 880 836 numerum.
932 775 1159 846 Quando
1191 785 1372 830 autem
1423 775 1646 844 perfecti
1702 775 2036 831 evaserimus

472 861 524 914 in
555 861 856 927 elementis,
891 867 1230 940 septenarius
1262 867 1418 920 nobis
1450 881 1707 919 numerus
1737 863 2034 934 praeferen-

469 953 593 1018 dns,
621 955 745 1024 quia
771 956 1028 1010 nimirum
1058 958 1144 1012 hic
1173 973 1268 1026 per
1295 957 1579 1012 materiam
1611 957 1924 1027 perficitur;
1960 958 2035 1012 si-

468 1046 684 1113 quidem
715 1047 1056 1115 septenarius
1102 1048 1313 1119 siguum
1359 1059 1440 1102 est
1475 1049 1746 1103 crassitiei
1775 1050 2034 1102 materia-

469 1134 568 1199 lis;
609 1137 919 1191 nctonarius
947 1152 1074 1191 vero
1124 1147 1300 1192 status
1341 1138 1718 1193 itnmaterialis
1745 1149 1905 1208 atque
1938 1154 2033 1208 po-

468 1223 619 1279 tioris
655 1225 976 1296 principium
1023 1236 1129 1282 est.
1164 1226 1220 1282 Si
1275 1228 1421 1286 enim
1474 1236 1532 1282 ut
1567 1228 1854 1296 plurimum
1890 1229 2024 1283 diei-

469 1332 589 1370 mus
638 1319 950 1374 sextenario
999 1333 1223 1373 numero
1271 1319 1554 1378 materiam
1612 1319 1794 1373 mundi
1846 1319 2028 1374 habitu

465 1410 710 1475 indicari,
741 1423 795 1466 at
819 1412 968 1468 illum
1007 1413 1224 1482 quidem
1255 1413 1320 1470 ad
1357 1415 1600 1469 materia:
1641 1414 2028 1486 integritatem,

465 1502 607 1556 hunc
650 1519 777 1556 vero
810 1503 873 1557 ad
907 1503 1235 1560 habitualem
1283 1504 1574 1560 referimus
1614 1505 2026 1574 perfectionem,

461 1593 758 1651 secundum
809 1609 968 1664 quam
1002 1595 1124 1662 quis
1153 1595 1345 1652 anima:
1378 1595 1615 1656 maculas
1657 1597 1921 1670 abstergit
1971 1608 2026 1652 et

464 1685 772 1740 inundatur.
808 1675 1113 1754 Antequam
1161 1687 1308 1746 enim
1353 1687 1563 1742 veniret
1591 1695 1784 1750 octava
1813 1687 2022 1744 Domini

458 1769 582 1826 Jesu
608 1772 806 1826 Christi
827 1773 1125 1838 dies,totus
1151 1775 1383 1832 mundus
1418 1775 1662 1844 impurus
1678 1783 1791 1834 erat
1819 1786 1870 1828 et
1890 1792 2026 1844 prte-

459 1861 950 1932 putiatus;quando
968 1876 1144 1916 autem
1170 1874 1356 1922 octava
1379 1865 1793 1918 resurrectionis
1823 1864 1949 1918 Chri
1987 1866 2022 1918 ti

462 1953 580 2012 dies
610 1953 850 2028 advenit,
904 1954 1189 2012 confestim
1241 1970 1429 2016 omnes
1463 1955 1704 2012 mundati
1739 1971 1925 2010 sumus
1971 1956 2022 2009 in

461 2045 873 2102 circumcisione
901 2045 1125 2110 Christi,
1159 2046 1460 2114 censepulti
1515 2054 1569 2100 et
1624 2061 2021 2118 conresurgen-

459 2145 538 2193 tes
567 2136 636 2199 ei,
668 2147 723 2191 ut
750 2136 1126 2207 aitApostolus
1155 2138 1216 2189 ¹’.
1253 2136 1414 2208 797
1436 2135 1567 2192 Cum
1597 2137 1761 2206 igitur
1792 2153 1886 2206 per
1915 2138 2022 2192 cle-

461 2229 846 2288 ntentationcm
895 2229 1074 2288 anima
1125 2239 1310 2286 nostra
1357 2229 1638 2297 expietur,
1683 2230 1805 2284 dum
1841 2245 2022 2284 mora-

459 2316 562 2371 lem
595 2317 771 2372 locum
803 2319 1183 2392 perdiscimus,
1216 2330 1270 2373 et
1312 2320 1362 2372 in
1397 2321 1622 2378 scicntia
1669 2321 1784 2392 ejus
1811 2323 2011 2391 pertici-

459 2423 599 2472 ntur,
628 2407 835 2464 idcirco
888 2409 1379 2484 imprazsentiarunt
1429 2427 1684 2466 numerus
1709 2414 2020 2470 ectunarius

456 2497 509 2550 itt
539 2499 764 2567 singulis
787 2500 1074 2554 elementis
1103 2501 1431 2554 continetur.
1459 2501 1643 2572 Itaque
1669 2504 1720 2556 in
1755 2504 1853 2557 hoc
1880 2504 2019 2572 psal-

457 2603 542 2650 ntp
572 2601 882 2648 sanctorum
916 2592 1129 2650 vivendi
1183 2591 1489 2651 institutum
1527 2593 1802 2656 describit,
1831 2610 2016 2664 eorum

452 2681 770 2743 certamina,
819 2681 1217 2743 alllictiones,et
1249 2691 1461 2742 extera.
1496 2681 1594 2754 Qui
1637 2693 1817 2738 autem
1867 2684 2016 2744 nullo

453 2770 610 2838 modo
641 2784 875 2842 unquam
900 2781 1110 2840 peccat,
1143 2770 1189 2828 is
1218 2771 1402 2839 utique
1443 2771 1849 2839 immaculatus,
1882 2776 2011 2846 quin

450 2869 507 2913 et
533 2859 724 2914 beatus
749 2860 984 2916 exsistit.

518 2949 792 3018 Ejusdem.
824 2949 939 3008 Non
980 2961 1199 3024 propter
1242 2953 1640 3012 immaculatam
1685 2956 1851 3022 vitam
1881 2957 2015 3022 bea-

451 3053 535 3104 tus
563 3041 724 3102 homo
755 3044 1084 3110 nominatur,
1119 3046 1214 3100 sed
1260 3056 1483 3115 prepter
1514 3047 1604 3100 Dei
1646 3050 2009 3117 cognitionem

446 3143 607 3194 quam
643 3129 742 3182 sibi
802 3145 898 3198 pcr
954 3131 1363 3186 immaculatam
1403 3135 1566 3188 vitam
1595 3149 2012 3206 comparaturus

442 3228 527 3273 est
562 3237 575 3272 :
609 3235 731 3273 nam
763 3239 780 3270 ι
815 3223 954 3276 beati
987 3224 1183 3278 mundo
1205 3226 1390 3291 corde,
1420 3227 1672 3295 quoniam
1711 3229 1812 3298 ipsi
1843 3229 2008 3284 Deum

442 3309 700 3364 videbunt
730 3312 792 3364 ¹³.
817 3331 836 3363 ι

517 3402 677 3466 νειιε.
709 3405 765 3460 5.
808 3401 929 3460 Νοιι
969 3408 1107 3464 enim
1135 3410 1222 3478 qui
1253 3423 1537 3478 operantur
1583 3414 1912 3482 iniquitatem
1953 3417 2006 3470 in

439 3493 534 3546 riis
556 3492 668 3561 ejus
696 3495 1115 3561 ambulaverunt,
1146 3508 1252 3551 etc.
1289 3498 1343 3553 Si
1367 3499 1457 3566 qui
1487 3514 1782 3570 operantur
1807 3501 2006 3572 iniqui-

443 3593 629 3646 tatem,
657 3583 706 3646 in
734 3585 832 3644 viis
863 3585 953 3640 Dei
997 3602 1102 3640 non
1138 3589 1436 3652 ambulant,
1470 3599 1617 3644 certe
1644 3591 1732 3658 qui
1768 3607 2006 3659 operan-

441 3674 830 3744 turjustitiant,
858 3677 908 3730 in
929 3679 1030 3732 viis
1057 3677 1146 3732 Dei
1174 3679 1545 3740 ambulabunt.
1586 3681 1695 3736 Via:
1718 3671 1878 3750 igitur
1911 3684 2003 3738 Dei

437 3778 567 3824 sunt
605 3783 783 3822 rerum
832 3785 948 3837 quae
997 3770 1152 3825 facta:
1199 3780 1324 3825 sunt
1355 3773 1881 3848 contemplationes,
1942 3779 1993 3831 in

435 3861 632 3928 quibus
674 3861 1072 3920 antbulabintus
1119 3865 1394 3935 operando
1430 3865 1720 3936 justitiam.
1757 3870 1813 3923 Si
1874 3888 2000 3926 vero

431 3951 638 4018 iustitia
674 3965 858 4012 nostra
885 3967 968 4012 est
996 3957 1271 4025 Christus,
1302 3977 1424 4014 nam
1465 3980 1483 4011 ι
1530 3961 1702 4024 factus
1734 3973 1815 4018 est
1840 3965 1998 4020 nobis

433 4043 696 4112 sapientia
727 4062 756 4100 ιι
782 4046 911 4109 Deo,
935 4047 1140 4117 justitia
1177 4050 1306 4110 item
1343 4061 1396 4104 et
1426 4054 1786 4110 sanctificatio
1821 4071 1883 4109 ac
1913 4072 1997 4110 re-

433 4136 669 4204 demptio
717 4135 804 4202 ιδ,
865 4156 884 4200 ι
923 4138 1144 4208 pulchre
1180 4141 1234 4194 in
1286 4140 1591 4203 Proverbiis
1640 4145 1681 4176 ¹⁸
1734 4146 1991 4201 Salomon

2062 1555 2156 1640 Bc

2142 313 2234 364 ἐπὶ
2255 313 2343 365 τζν
2367 311 2510 365 ὀκτὼ
2541 311 2790 384 ἀριθμὸν,
2835 312 2928 364 καὶ
2980 315 3033 366 εί
3073 331 3173 366 που
3207 315 3498 387 ὠνομάσθη
3545 317 3603 368 ὲν
3650 321 3722 388 τῇ

2140 403 2350 475 Γραφῇ,
2375 403 2768 476 παραλάμϐανε
2790 404 2971 466 αὑτὸν,
2994 405 3088 457 καὶ
3113 406 3206 458 ἐπὶ
3231 406 3335 458 τίνι
3361 405 3596 477 εἴρηται,
3622 409 3721 462 καὶ

2139 496 2290 548 ἔσται
2318 513 2398 549 σοι
2429 497 2698 566 χρήσιμος
2735 498 2765 550 ό
2805 495 2962 563 λόγος
3013 496 3148 566 πρὸς
3183 496 3246 549 τὸ
3277 497 3427 562 ἰδεῖν,
3467 500 3550 552 ὅτι
3585 501 3715 554 ἐκα-

2141 604 2262 640 στον
2297 590 2555 657 στοιχεῖον
2576 588 2853 650 τελείωσίς
2878 589 3022 641 ὲστιν
3046 588 3162 660 ἅμα
3182 589 3260 659 τῷ
3281 591 3520 662 ἀριθμῷ.
3548 594 3717 648 Ὅταν

2137 676 2192 729 δὲ
2216 675 2546 746 τελειὼμεθα
2577 679 2632 729 ὲν
2657 679 2768 739 τοῖς
2794 677 3094 746 στοιχείοις,
3123 679 3151 730 ὁ
3177 678 3316 732 ἑπτὰ
3343 679 3574 751 ἀριθμὸς
3590 699 3717 752 προ-

2137 769 2390 838 τιμητέος
2415 771 2565 839 ὴμϊν,
2612 769 2692 821 ὅτι
2740 768 2802 838 δὴ
2857 770 2950 822 καὶ
3002 773 3067 840 τῇ
3120 769 3218 842 ὕλῃ
3262 773 3470 826 ἀνεῖται
3521 768 3713 838 οὗτος·

2137 859 2294 929 εἴπερ
2319 861 2464 913 ἐστιν
2497 862 2524 913 ὁ
2560 858 2696 912 ἑπτὰ
2733 861 2954 928 σημεῖον
2982 860 3174 930 ὑλικῆς
3196 863 3504 932 παχύτητος
3525 882 3536 894 '
3572 865 3602 916 ό
3651 864 3711 918 δὲ

2135 950 2278 1005 ὀκτὼ
2307 951 2448 1024 ἀρχὴ
2475 945 2572 1020 τῆς
2601 951 2894 1022 ἀῦλοτὲρας
2911 953 3004 1004 καὶ
3033 953 3278 1022 μείζονος
3301 956 3706 1019 καταστάσεως.

2135 1041 2196 1094 Ei
2221 1041 2328 1112 γὰρ
2362 1043 2455 1094 καὶ
2477 1042 2545 1094 τά
2580 1042 2812 1111 μάλιστά
2843 1060 3023 1111 φαμεν
3060 1045 3154 1096 καὶ
3181 1045 3272 1097 τὸν
3297 1045 3356 1110 ἒξ
3383 1046 3480 1115 τὴν
3513 1064 3708 1118 κοσμι-

2135 1131 2233 1203 κὴν
2265 1131 2528 1201 σχετικῶς
2568 1130 2699 1202 ὓλην
2728 1132 3059 1202 ὑποδηλοῦν,
3096 1134 3209 1187 ἀλλ’
3238 1131 3329 1189 οῦν
3360 1154 3423 1204 γε
3470 1137 3560 1189 τὸν
3609 1138 3707 1208 μὲν

2133 1225 2212 1288 εἰς
2235 1224 2332 1295 τὴν
2365 1224 2506 1276 κατὰ
2543 1226 2705 1277 ποσὸν
2743 1223 2971 1294 όλότητα
3004 1226 3369 1299 ἀναφέρομεν,
3401 1229 3492 1282 τὸν
3539 1230 3594 1283 δὲ
3626 1231 3709 1295 είς

2130 1313 2228 1384 τὴν
2257 1315 2377 1368 καθ’
2399 1315 2510 1382 ἕξιν
2542 1314 2840 1379 τελείωσιν,
2864 1315 2983 1368 καθ’
3011 1317 3078 1386 ἧν
3106 1335 3192 1396 τις
3222 1319 3596 1389 ἀποσμήχεται
3636 1321 3712 1376 τὰ·

2133 1405 2460 1476 ρυπάσματα
2493 1407 2592 1477 τῆς
2640 1406 2836 1480 ψυχῆς,
2865 1407 2960 1460 καὶ
3010 1408 3354 1479 καθαίρεται.
3398 1411 3529 1480 Πρὶν
3592 1413 3706 1484 γὰρ

2131 1497 2258 1568 ἔλθῃ
2301 1500 2333 1570 ἡ
2369 1499 2526 1569 ὀγδόη
2556 1499 2646 1553 τοῦ
2667 1500 2871 1571 Κυρίου
2910 1500 3082 1572 Ἰησοῦ
3111 1501 3345 1570 Χριστοῦ
3370 1503 3703 1572 ἡμέρα,ὅλος

2179 1589 2378 1659 κόσμος
2408 1591 2844 1662 ἀπερικάθαρτος
2869 1587 2937 1661 ἦν
2975 1591 3068 1644 καὶ
3112 1591 3447 1662 ἀκρόϐυστος
3468 1610 3481 1624 ο
3516 1595 3603 1646 ὅτε
3641 1594 3701 1648 δὲ

2127 1674 2286 1749 ἦλθεν
2334 1682 2366 1751 ἡ
2411 1682 2566 1752 ὀγδόη
2621 1684 2719 1752 τῆς
2777 1683 3125 1746 ἀναστάσεως
3184 1685 3420 1755 Χριστοῦ
3481 1687 3698 1758 ἡμέρα,

2128 1771 2337 1841 ἀθρόως
2372 1771 2568 1835 πάντες
2599 1773 3036 1843 ὲκαθαρίσθημεν
3065 1774 3122 1825 ἐν
3166 1775 3232 1843 τῇ
3282 1780 3549 1848 περιτομῇ
3602 1775 3700 1830 τοῦ

2126 1859 2384 1930 Χριστοῦ,
2429 1861 2787 1928 συνταιρέντες
2807 1863 2899 1914 καὶ
2935 1865 3382 1928 συναναστάντες,
3413 1864 3488 1929 ὥς
3535 1883 3699 1936 φησιν

2125 1949 2152 2000 ό
2190 1950 2528 2013 Ἀπόστολος.
2563 1952 2715 2003 Ἐπεὶ
2744 1947 2834 2016 οῦν
2856 1952 2943 2006 διὰ
2967 1951 3068 2021 τῆς
3104 1952 3487 2024 στοιχειώσεως
3503 1956 3697 2010 καθαί-

2127 2057 2274 2109 ρεται
2307 2040 2461 2109 ἡμῶν
2499 2040 2725 2112 ἡψυχὴ,
2764 2042 3139 2111 μανθανόντων
3165 2044 3255 2096 τὸν
3287 2045 3472 2113 ἠθικὸν
3511 2046 3694 2108 τόπον,

2123 2131 2216 2182 καὶ
2251 2130 2637 2200 τελειουμένων
2681 2135 2738 2187 ἐν
2767 2136 2830 2204 τῇ
2861 2132 3059 2202 γνώσει
3103 2135 3291 2199 αὑτοῦ,
3323 2136 3410 2190 διὰ
3462 2137 3618 2190 τοῦτο
3664 2139 3698 2192 ό

2121 2220 2262 2274 ὀκτὼ
2287 2223 2516 2293 ἀριθμὸς
2542 2225 2862 2297 παρελήφθη
2888 2227 3009 2280 καθ’
3035 2230 3261 2282 ’ἑκαστον
3290 2229 3397 2280 τῶν
3419 2230 3694 2299 στοιχείων

2123 2315 2179 2365 ἐν
2209 2314 2285 2384 τῷ
2323 2318 2690 2388 προκειμένῳ.
2734 2319 2821 2371 Ἐν
2869 2319 3043 2391 τούτῳ
3087 2321 3216 2390 γοῦν
3246 2321 3323 2391 τῷ
3365 2320 3564 2391 ψαλμῷ
3595 2321 3693 2390 τὴν

2119 2404 2228 2456 τῶν
2256 2406 2426 2472 ἀγίων
2456 2407 2746 2478 διαγράφει
2790 2410 3083 2476 πολιτείαν,
3134 2411 3258 2474 τοὺς
3311 2411 3546 2479 ἀγῶνας,
3592 2410 3692 2472 τὰς

2122 2503 2348 2574 ϐλέψεις,
2382 2508 2562 2560 καὶτὰ
2593 2507 2738 2576 ἑξῆς.
2770 2509 2828 2561 '0
2857 2509 2913 2561 δὲ
2945 2510 3165 2580 μηδαμῆ
3207 2511 3471 2582 μηδαμῶς
3514 2512 3688 2580 ἁμαρ⁴

2118 2597 2313 2661 τάνων,
2345 2593 2498 2662 οὗτος
2549 2598 2614 2651 ἂν
2659 2600 2744 2668 εἴη
2775 2600 3022 2678 ἄμωμος,
3057 2602 3149 2660 καὶ
3212 2601 3318 2673 μὴν
3371 2603 3465 2674 καὶ
3514 2602 3686 2672 μακα-

2121 2703 2256 2757 ριος.

2198 2959 2306 3012 Τοῦ
2337 2961 2541 3014 αὑτοῦ.
2573 2961 2646 3014 Οὐ
2673 2961 2760 3015 διά
2792 2963 2884 3035 τὴν
2916 2965 3252 3036 ἀμωμότητα
3288 2966 3550 3038 μακάριος
3583 2970 3682 3022 ἇν-

2122 3048 2336 3121 Θρωπος
2383 3051 2735 3122 ὀνομάζεται,
2766 3054 2898 3106 ἀλλά
2933 3056 3020 3109 διὰ
3063 3055 3158 3128 τὴν
3203 3059 3398 3126 γνῶσιν
3440 3060 3536 3130 τὴν
3584 3060 3680 3113 τοῦ

2119 3142 2272 3207 Θεοῦ,
2301 3144 2370 3214 ἢν
2405 3143 2582 3213 μέλλει
2607 3147 2836 3199 κτᾶσθαι
2864 3145 2950 3198 διά
2982 3149 3080 3218 τῆς
3101 3150 3482 3221 ἀμωμότητος·
3520 3172 3537 3202 ι
3565 3155 3686 3206 Μα-

2117 3233 2296 3302 κάριοι
2323 3233 2430 3306 γάρ
2461 3235 2510 3287 οἱ
2534 3236 2763 3306 καθαροὶ
2793 3241 2858 3309 τῇ
2888 3239 3102 3305 καρδία,
3127 3240 3207 3292 ὅτι
3243 3241 3396 3295 αὐτοὶ
3437 3243 3528 3296 τὸν
3554 3243 3686 3297 Θεὸν

2115 3323 2352 3392 ὄψονται.
2383 3344 2400 3375 ι

2189 3417 2270 3468 Οὐ
2311 3416 2418 3484 γὰρ
2465 3420 2517 3472 οἱ
2567 3417 2937 3488 ἐργαζόμενοι
2993 3420 3107 3489 τὴν
3153 3423 3409 3492 ἀνομίαι·
3449 3425 3519 3482 ἐν
3556 3425 3684 3493 ταῖς

2113 3507 2274 3573 ὁδοῖς
2315 3507 2499 3562 αὐτοῦ
2551 3509 2987 3579 ἐπορεύθησαν,
3030 3531 3081 3566 κ.
3112 3532 3163 3567 τ.
3197 3516 3243 3568 ὲ.
3280 3517 3342 3570 Ei
3375 3519 3423 3570 oi
3459 3518 3680 3591 ἐργαζό-

2115 3615 2262 3667 μενοι
2291 3598 2386 3670 τὴν
2432 3600 2657 3669 ἀνομίαν
2689 3603 2746 3654 ἐν
2779 3607 2897 3666 ταῖς
2921 3603 3056 3667 ὁδοῖς
3083 3604 3176 3658 τοῦ
3217 3606 3352 3668 Θεοῦ
3387 3609 3448 3662 οῦ
3493 3610 3683 3682 mped-

2109 3704 2292 3749 οντσι,
2339 3689 2384 3740 oi
2421 3689 2770 3760 ἐργαζόμενοι
2815 3690 3056 3761 δηλονότι
3089 3691 3184 3762 τὴν
3229 3692 3574 3765 δικαιοσύνην
3621 3699 3678 3748 ὲν

2107 3783 2224 3848 ταῖς
2257 3781 2395 3844 ὁδοῖς
2425 3781 2516 3833 τοῦ
2545 3779 2678 3834 Θεοῦ
2721 3783 3162 3853 πορευθήσονται.
3197 3785 3406 3839 Οὐκοῦν
3441 3787 3549 3839 ὁδοὶ
3587 3787 3676 3840 τοῦ

2107 3869 2238 3923 Θεοῦ
2273 3874 2406 3924 εἰσιν
2433 3874 2486 3925 αἱ
2521 3871 2741 3944 θεωρίαι
2774 3871 2880 3924 τῶν
2920 3874 3240 3942 γεγονότων,
3271 3878 3328 3928 ὲν
3363 3873 3450 3940 αἷς
3491 3895 3676 3948 πορευο

2107 3962 2309 4033 σόμεΘα
2341 3961 2681 4032 δικαιοσύνην
2725 3961 3206 4035 κατεργαζόμενοι.
3233 3966 3294 4027 Ei
3333 3967 3388 4018 δὲ
3416 3968 3446 4035 ή
3475 3967 3673 4026 δικαιο-

2107 4052 2242 4122 σύνη
2275 4053 2431 4122 ἡμῶν
2458 4054 2601 4105 ἐστιν
2624 4055 2651 4106 ό
2678 4053 2926 4123 Χριστὸς,
2970 4072 2987 4103 ι
3015 4053 3239 4125 ἐγενήθη
3277 4054 3378 4122 γὰρ
3411 4056 3542 4122 ἡμῖν
3579 4067 3673 4102 σοο

2105 4143 2200 4212 φία
2231 4143 2382 4215 παρὰ
2424 4143 2578 4206 Θεοῦ,
2624 4142 2932 4214 δικαιοσύνη
2978 4160 3037 4195 τε
3088 4145 3182 4198 καὶ
3230 4143 3518 4213 ἁγιασμὸς,
3578 4143 3677 4206 καὶ

431 4223 562 4277 dicit
619 4227 829 4288 viarum
905 4229 994 4282 Dei
1055 4229 1381 4298 principium
1444 4250 1567 4296 esse
1628 4236 1992 4305 sapientiam,

2121 4233 2500 4304 ιπολύτρωσις’
2531 4253 2547 4284 ι
2601 4233 2777 4295 καλῶς
2823 4232 2966 4300 λέγει
3011 4237 3069 4286 ὲν
3113 4236 3233 4296 ταῖς
3267 4217 3610 4302 Παροιμῗίαις
3645 4235 3674 4286 ὁ

430 4331 552 4384 quae
589 4327 673 4372 est
716 4317 983 4376 Christus.
1040 4319 1316 4384 Christum
1369 4335 1548 4384 autem
1605 4327 1724 4388 dico
1756 4328 1992 4385 Verbum

427 4409 568 4478 quod
613 4425 733 4468 cum
773 4411 879 4470 Deo
917 4422 1034 4470 erat
1105 4423 1153 4468 et
1202 4415 1255 4468 in
1309 4417 1450 4471 hunc
1501 4420 1761 4480 mundum
1824 4423 1991 4478 adve-

495 4593 768 4663 Ejusdem.
796 4595 851 4650 Si
879 4597 1002 4668 quis
1037 4599 1379 4668 iniquitatem
1409 4611 1680 4669 operetur.
1709 4603 1797 4665 ille
1828 4605 1990 4659 haud-

423 4699 691 4754 quaquam
719 4685 772 4740 in
797 4686 878 4742 vita
915 4686 1124 4742 Domini
1152 4689 1422 4754 ambulat;
1456 4701 1788 4760 quapropter
1813 4709 1986 4763 neque

423 4776 798 4836 itnmaculatus
821 4788 903 4832 est
935 4780 985 4834 in
1020 4781 1125 4836 via.

496 4866 655 4932 Vnus.
679 4867 732 4920 4.
790 4866 865 4922 Tu
898 4870 1163 4938 mandasti
1202 4873 1456 4936 mandata
1493 4882 1582 4930 tua
1615 4875 1870 4928 custodiri
1903 4876 1985 4930 ni-

420 4957 542 5022 mia,
578 4969 686 5016 etc.
720 4958 819 5024 Qui
867 4975 937 5018 ne
971 4962 1296 5030 cogitatione
1322 4963 1544 5033 quidem
1572 4973 1779 5033 peccat,
1819 4965 1986 5020 vehe-

421 5059 630 5108 menter
663 5052 894 5112 custodit
929 5054 1176 5114 tnaudata
1204 5052 1320 5111 Dei.

486 5135 760 5208 Ejusdem.
812 5141 906 5195 Est
957 5143 1308 5198 vehementer
1353 5153 1407 5196 et
1445 5152 1526 5196 est
1561 5143 1770 5213 placide
1813 5155 1990 5209 custo-

417 5229 536 5285 dire
571 5232 818 5292 mandata
853 5231 968 5290 Dei.
1024 5234 1113 5285 Vel
1154 5235 1504 5291 vehementer
1535 5236 1793 5305 prazcepit
1841 5236 1983 5294 Deus

416 5319 673 5376 custodiri
711 5322 958 5378 mandata
989 5338 1106 5384 sua.

487 5480 530 5510 "
564 5477 718 5533 Rom.
755 5495 802 5533 \'l
833 5519 846 5545 ,
881 5479 908 5534 Δ
940 5497 952 5543 ;
1011 5480 1215 5535 Coluss.
1249 5495 1328 5544 ιιι,
1367 5481 1412 5533 l.
1497 5481 1537 5510 ⁸³
1570 5478 1760 5534 Matth.
1800 5497 1850 5546 ν,
1891 5481 1941 5534 8.

2021 5482 2060 5513 ⁸⁵
2106 5483 2120 5535 l
2159 5483 2284 5537 Cur.
2319 5498 2355 5544 ι,
2387 5483 2472 5536 50.

2104 4323 2349 4395 Σολομὼν
2379 4324 2475 4394 τὴν
2504 4323 2692 4392 σοφίαν
2725 4322 2898 4398 ἀρχὴν
2931 4317 3068 4374 εἶναι
3099 4323 3208 4375 τῶν
3248 4323 3381 4386 όδῶν
3425 4323 3518 4388 τοῦ
3558 4325 3670 4376 Κυ-

2103 4415 2240 4486 ρίου,
2261 4415 2380 4484 ἥτις
2410 4415 2599 4472 ὲστὶνό
2628 4413 2874 4482 Χριστός.
2903 4414 3060 4482 Λέγω
3081 4413 3138 4466 δὲ
3165 4415 3398 4487 Χριστὸν
3421 4415 3509 4468 τὸν
3537 4413 3671 4484 μετά

2097 4505 2190 4558 τοῦ
2214 4505 2346 4558 Θεοῦ
2381 4506 2550 4574 Λόγον
2579 4505 2989 4576 ἐπιδημήσαντα
3023 4506 3248 4576 Κύριον.

2174 4596 2280 4650 Τοῦ
2313 4597 2518 4651 αὐτοῦ.
2567 4595 2636 4649 Εἴ
2682 4613 2764 4670 τις
2814 4597 3038 4666 ἀνομίαν
3094 4595 3417 4666 ὲργᾲζεται,
3466 4595 3668 4658 ἐκεῖνος

2094 4687 2192 4740 οὐκ
2221 4687 2275 4737 ὲν
2301 4684 2406 4756 ὁδῷ
2441 4687 2644 4756 Κυρίου
2677 4687 2996 4758 πορεύεται·
3025 4685 3104 4740 διὸ
3135 4685 3243 4737 οὐδ’
3271 4685 3499 4756 ἄμωμος
3523 4687 3670 4739 ἐστιν

2093 4779 2150 4830 ἐν
2173 4775 2277 4845 ὀδῷ
2287 4816 2297 4828 .

2162 4867 2244 4921 Σὺ
2290 4867 2565 4922 ἑνετείλω
2627 4867 2733 4934 τὰς
2787 4867 3040 4935 ἐντολάς
3105 4882 3220 4921 σου
3287 4865 3668 4935 φυλάξασθαι

2092 4959 2345 5028 σφόδρα,
2381 4977 2434 5014 κ.
2464 4979 2513 5014 τ.
2553 4961 2600 5012 ἐ.
2647 4961 2704 5013 Ὀ
2741 4959 2815 5030 μὴ
2862 4959 3001 5020 κατὰ
3051 4959 3287 5023 διάνοιαν
3337 4957 3668 5028 ἁμαρτάνων

2094 5051 2295 5122 σφόδρα
2325 5051 2582 5120 φυλάσσει
2616 5051 2714 5115 τὰς
2744 5051 2962 5116 ἐντολὰς
2991 5051 3084 5105 τοῦ
3117 5051 3272 5104 Θεοῦ.

2170 5145 2279 5198 Τοῦ
2314 5145 2521 5197 αὑτοῦ.
2557 5146 2711 5197 Ἔστι
2759 5145 2998 5222 σφόδρα,
3039 5145 3133 5197 καὶ
3176 5143 3321 5196 ἔστιν
3350 5141 3530 5212 ἠρέμα
3568 5154 3669 5206 φυ-

2089 5233 2379 5288 λάσσεσθαι
2411 5234 2628 5298 ἐντολὰς
2658 5235 2812 5290 Θεοῦ.
2838 5237 2906 5288 Ἢ
2939 5236 3143 5308 σφόδρα
3171 5234 3468 5292 ἐνετείλατο
3491 5235 3518 5286 ὁ
3537 5230 3664 5293 θεὸς

2092 5325 2459 5394 φυλάσσεσθαι
2485 5326 2584 5390 τὰς
2614 5327 2834 5400 ἐντολὰς
2861 5327 3049 5383 αὐτοῦ.

2557 5483 2597 5513 ⁸⁸
2631 5497 2748 5547 vttt,
2782 5481 2871 5536 22.
