4066 6236
350 221 374 274 1
385 217 487 273 593

351 433 370 467 ι
416 413 782 483 Ἐταπεινώθη
815 415 894 476 εἰς
947 412 1074 482 χοῦν
1107 415 1138 482 η
1188 411 1334 481 ψυχὴ
1376 411 1531 481 ἡμῶν
1553 428 1565 440 ·
1596 431 1612 460 ι
1650 411 1743 463 καὶ
1795 411 1871 480 τῷ
1895 429 1908 441 ·

351 523 370 556 ι
399 504 470 555 Τὸ
505 503 663 572 σῶμα
697 501 795 571 τῆς
828 498 1206 562 ταπεινώσεως
1239 499 1424 569 ἡμῶν·
1452 517 1469 548 ι
1504 500 1598 551 καὶ
1632 499 1728 569 τῷ,
1771 519 1787 550 ι
1818 499 1913 563 Τίς

348 610 416 664 με
445 592 669 664 ῥύσεται
712 592 774 644 ἐκ
811 590 905 642 τοῦ
951 588 1202 660 σώματος
1239 589 1334 641 τοῦ
1371 588 1602 642 θανάτου
1634 589 1862 657 reticeo;
1888 609 1907 642 ι

316 676 453 757 ’Τὴν
498 683 800 754 ὑπερϐολὴν
827 683 927 754 τῆς
955 680 1331 744 ταπεινώσεως
1363 681 1451 734 διὰ
1481 681 1682 735 τούτων
1717 681 1914 752 ἐδήλω-

345 793 455 831 σεν.
498 776 654 830 οὕτω
707 773 814 846 γὰρ
847 777 903 828 ἐν
949 780 1038 845 μγ¹
1065 772 1297 844 ψαλμῷ·
1358 792 1375 824 ι
1408 774 1527 826 Ὀτι
1575 771 1910 844 ἐταπεινώθη

342 869 422 930 εἰς
460 866 588 935 χοῦν
632 867 664 937 ἡ
707 866 852 937 ψυχὴ
891 865 1069 936 ἡμῶν,
1099 864 1362 934 ἐκολλήθη
1392 867 1471 928 είς
1505 865 1607 934 γῆν
1637 866 1670 935 ἠ
1701 863 1911 935 γαστὴρ

424 975 519 1008 ων.
551 975 566 1006 Ι

424 975 519 1008 ων.
551 975 566 1006 ι

343 958 590 1100 ἡμὉδὸν
639 1044 1042 1114 δικαιωμάτων
1103 1059 1220 1097 σου
1267 1040 1592 1095 συνέτισόν
1642 1039 1750 1110 μεξ
1811 1042 1907 1096 καὶ

339 1135 737 1205 ἀδολεσχήσω
783 1135 852 1187 ἐν
902 1133 1025 1199 τοῖς
1082 1133 1436 1202 θαυμασίοις
1489 1150 1626 1199 σου,
1685 1149 1737 1186 κ.
1778 1151 1828 1186 τ.
1859 1134 1906 1187 ἐ.

342 1225 561 1281 Σῦνεσιν
589 1228 696 1298 γὰρ
726 1227 835 1278 τῶν
877 1226 934 1278 ἐν
983 1224 1166 1288 αὐτοῖς
1215 1223 1528 1294 μυστηρίων
1586 1223 1785 1289 λαϐὼν,
1832 1224 1909 1287 ὡς

341 1324 435 1376 καὶ
473 1320 674 1388 ταύτην
703 1317 947 1380 ὁδεύσας,
981 1318 1280 1387 δυνήσομαι
1313 1315 1439 1385 περὶ
1485 1316 1592 1368 τῶν
1637 1318 1694 1368 ἐν
1726 1317 1909 1382 αὐτοῖς

341 1409 653 1481 Θαυμασίων
678 1409 883 1481 ὁμιλεῖν
908 1425 966 1459 τε
997 1409 1087 1460 καὶ
1115 1406 1271 1474 λόγον
1303 1405 1589 1459 ποιεῖσθαι.

409 1499 774 1562 Ἐνύσταξεν
820 1500 857 1565 ἡ
900 1496 1068 1566 ψυχή
1118 1515 1236 1565 μου
1286 1497 1401 1549 ἀπὸ
1464 1496 1747 1564 ἀκηδίαςο
1797 1497 1908 1563 ,βε-

336 1591 597 1648 ϐαίωσόν
641 1608 717 1660 με
753 1592 823 1642 ἐν
851 1589 973 1654 τοῖς
1019 1590 1222 1657 λόγοις
1253 1605 1388 1650 σου,
1424 1607 1475 1643 κ.
1507 1608 1556 1642 τ.
1586 1591 1632 1643 ἐ.
1685 1591 1907 1662 Ἀκηδία

1267 208 1576 265 SELECTA
1617 207 1683 261 IN
1716 205 2052 262 PSALMOS.
2095 237 2161 246 —-
2200 202 2396 258 PSAL.
2431 200 2666 259 CXVIII.

345 327 422 396 τῷ
445 343 458 356 ο
501 343 518 376 t
550 325 644 386 Εἰς
694 321 822 393 χοῦν
858 321 1086 375 θανάτου
1118 321 1428 391 κατήγαγές
1466 336 1532 390 με
1553 337 1564 350 ·
1594 340 1612 371 ι
1673 321 1767 372 καὶ
1811 320 1888 390 τῷ

2017 317 2292 387 pulverem
2323 317 2513 371 mortis
2547 313 2819 371 deduxisti
2853 329 2939 369 me
2970 313 3017 345 "
3049 333 3060 367 :

3450 207 3583 262 I594

3105 336 3121 366 ι
3162 315 3309 382 item,
3351 335 3370 369 ι
3405 319 3580 375 llumi-

2016 410 2142 463 liata
2169 419 2254 464 est
2277 410 2328 462 in
2353 409 2576 478 pulvere
2606 409 2786 462 anima
2817 417 3001 462 nostra
3028 409 3109 475 ²¹;
3149 429 3166 460 ι
3199 410 3350 476 item,
3389 430 3408 464 ι
3445 413 3576 468 Cor-

2014 515 2113 568 pus
2143 498 2460 552 humilitatis
2476 507 2680 552 nostra:
2705 497 2772 561 “;
2808 515 2826 546 ι
2849 506 2924 558 et,
2950 515 2967 548 t
2995 496 3124 561 Quis
3144 513 3229 553 me
3250 499 3497 555 liberabit
3517 503 3580 555 de

2013 602 2237 657 corpore
2264 589 2456 644 mortis
2489 586 2648 655 huius
2671 588 2757 639 "?
2781 605 2798 637 ι
2840 587 2942 641 Per
2967 588 3080 642 haec
3107 602 3388 642 excessum
3407 589 3580 643 humi-

2011 679 2176 734 litatis
2205 680 2460 734 ostendit.
2511 679 2604 733 Sic
2646 679 2792 732 enim
2845 679 2898 731 in
2934 677 3142 746 psalmo
3173 679 3581 747 quadragesimo

2013 769 2171 826 tertio
2201 770 2242 802 ’⁵
2277 769 2392 823 ait:
2433 788 2451 821 ι
2493 769 2760 834 Quoniam
2803 769 3085 822 liumiliata
3136 778 3219 823 est
3272 769 3325 822 in
3362 769 3577 837 pulvere

2010 875 2189 915 anima
2246 875 2454 926 nosua,
2508 861 2914 930 conglutinatus
2969 869 3052 914 est
3100 859 3152 913 in
3201 869 3345 914 terra
3393 869 3580 915 venter

2011 963 2215 1006 1108161⁵.
2250 969 2269 1002 δ

2079 1041 2246 1097 Vens.
2286 1041 2378 1094 27.
2426 1039 2578 1094 Viam
2623 1039 3076 1111 justiﬁcationum
3126 1051 3336 1093 tuarum
3381 1040 3584 1093 instrue

2010 1148 2110 1197 me,
2143 1142 2190 1184 et
2214 1131 2492 1185 exercebar
2539 1132 2593 1183 in
2629 1131 2960 1184 mirabilibus
2993 1133 3122 1193 tuis,
3170 1141 3277 1185 etc.
3320 1130 3580 1200 Percepla

2008 1225 2150 1278 enim
2188 1223 2572 1294 mysteriorum
2608 1238 2731 1292 quite
2784 1224 2836 1276 in
2877 1224 2958 1278 eis
3006 1232 3155 1286 sunt,
3205 1222 3579 1292 intelligenti,

2007 1326 2062 1371 et
2093 1316 2232 1370 hanc
2275 1316 2417 1369 viam
2471 1329 2751 1378 emensus,
2787 1317 2853 1369 de
2887 1316 3240 1386 mirabilibus]
3265 1331 3383 1384 qua:
3419 1317 3471 1371 in
3500 1317 3581 1371 eis

2009 1415 2135 1460 sunt
2169 1411 2357 1476 potero
2383 1407 2696 1459 conversari
2731 1415 2785 1460 et
2809 1406 2972 1460 verba
3009 1406 3212 1464 facere.

2019 1533 2030 1542 ι
2083 1497 2246 1551 Vsus.
2286 1496 2376 1550 28.
2422 1497 2738 1550 Dormitavit
2768 1500 2944 1550 anima
2977 1512 3091 1550 men
3117 1511 3227 1566 pra!
3251 1500 3431 1564 ttedio,
3457 1515 3580 1554 con-

2007 1591 2164 1660 ﬁrma
2191 1606 2272 1643 me
2301 1590 2357 1642 in
2386 1585 2551 1644 verbis
2580 1590 2712 1652 tuis,
2747 1598 2854 1644 etc.
2891 1588 3132 1642 deium
3167 1598 3249 1644 est
3290 1590 3342 1644 in
3391 1592 3578 1645 eodem

336 1683 454 1735 ἐστὶ
507 1682 716 1754 κίνησις
764 1683 820 1736 ἐν
871 1681 948 1750 τῷ
992 1680 1140 1750 αὐτῷ
1201 1681 1550 1756 πολυχρόνιος
1591 1683 1764 1754 θυμοῦ
1808 1687 1894 1739 xui

2008 1682 2095 1734 diu
2148 1679 2446 1749 perdurans
2489 1687 2668 1732 motus
2711 1678 2915 1731 luroris
2964 1687 3019 1732 et
3070 1678 3574 1746 concupiscentiae;

335 1771 654 1842 ἐπιθυμίας·
687 1771 780 1824 τοῦ
819 1773 915 1842 μὲν
953 1777 1061 1832 τοῖς
1104 1773 1366 1844 παροῦσιν
1391 1774 1764 1846 ὀργιζομένου,
1801 1776 1905 1847 τῆς

332 1860 391 1912 δέ
443 1862 735 1932 ἐφιεμένης
781 1861 888 1914 τῶν
948 1862 1022 1935 μὴ
1060 1865 1362 1933 παρόντων.
1411 1865 1738 1934 Νυσταγμός
1787 1867 1902 1920 ἐστι

329 1948 508 2020 ψυχῆς
537 1950 757 2020 λογικῆς
801 1952 1026 2022 ἀμέλεια
1076 1954 1183 2005 τῶν
1227 1954 1438 2023 ἀρετῶν
1475 1957 1567 2008 καὶ
1614 1957 1710 2026 τῆς
1761 1956 1901 2025 γνώ-

334 2059 473 2103 σεως
510 2042 610 2109 τῆς
649 2043 741 2094 τοῦ
780 2043 944 2096 Θεοῦο
984 2042 1147 2107 ὕπνος
1176 2045 1293 2096 ἐστὶ
1323 2045 1501 2116 ψυχῆς
1546 2047 1767 2118 λογικῆς
1798 2066 1904 2118 χω-

331 2131 522 2203 ρισμὸς
558 2131 800 2196 ἑκούσιος
823 2133 926 2186 ἀπὸ
950 2135 1049 2205 τῆς
1069 2135 1235 2200 ὅντως
1264 2135 1437 2206 ζωῆς·
1463 2138 1542 2190 διὸ
1569 2139 1661 2191 καὶ
1685 2141 1711 2191 ό
1739 2137 1901 2207 σοφὸς

328 2217 581 2287 Σολομῶν
624 2223 879 2289 παραινεῖ
927 2221 998 2292 μὴ
1053 2223 1233 2275 δοῦναι
1293 2223 1456 2277 ὕπνον
1509 2229 1621 2288 τοῖς
1667 2227 1898 2298 ὄμμασι,

331 2308 454 2378 μηδ’
476 2311 828 2375 ἐπινυστάξαι
859 2316 970 2374 τοῖς
1003 2313 1312 2385 βλεφάροις.

411 2417 576 2471 Ὀδὸν
627 2420 862 2486 ἀδικίας
922 2423 1276 2490 ἀπόστησον
1315 2423 1416 2477 ἀπ’
1456 2423 1622 2493 ἐμοῦ,
1669 2425 1767 2480 καὶ
1822 2425 1900 2492 τῷ

324 2511 485 2577 νόμῳ
540 2527 655 2565 σου
692 2513 958 2582 ἐλέησόν
1003 2533 1099 2584 με,
1133 2534 1185 2568 κ.
1226 2535 1273 2570 τ.
1305 2518 1350 2571 ἐ.
1384 2519 1496 2571 Οὐκ
1548 2521 1674 2590 ἐμὲ,
1711 2523 1895 2593 φησὶν,

323 2601 631 2672 ἁπόστησον
662 2603 770 2656 ἀπὸ
805 2605 925 2656 ὁδοῦ
973 2606 1206 2672 ἀδικίας,
1238 2609 1350 2661 ἀλλ’
1392 2611 1558 2681 αὐτὴν
1604 2612 1698 2664 ἀπ’
1739 2612 1895 2682 ἐμοῦ,

319 2687 396 2754 ὡς
429 2693 839 2764 ἐνυπάρχουσαν
870 2697 992 2767 ἢδη·
1029 2698 1121 2750 καὶ
1161 2697 1420 2768 δεομένην
1452 2701 1550 2769 μὲν
1581 2700 1738 2771 ἡμῶν
1762 2701 1899 2774 πρὸς

321 2780 587 2850 ἐξέλασιν,
627 2786 860 2854 μάλιστα
895 2787 950 2840 δὲ
988 2789 1086 2858 τῆς
1130 2789 1195 2840 ἐκ
1229 2789 1362 2841 θεοῦ
1404 2789 1674 2858 βοηθείας,
1716 2791 1792 2855 ὡς
1831 2790 1897 2845 ἂν

321 2870 630 2944 ἐλεηθῶμεν
663 2877 812 2947 νόμῳ
845 2878 978 2930 Θεοῦ
1001 2895 1013 2909 ο
1046 2879 1228 2948 ὅμοιον
1272 2880 1327 2932 δὲ
1362 2879 1438 2950 τῷ
1468 2881 1644 2949 λέγειν
1695 2882 1892 2954 ἰατρῷ·

2005 1769 2148 1824 illius
2181 1768 2398 1837 quidem
2453 1767 2813 1837 przesentibus
2859 1766 3010 1832 irati,
3049 1765 3207 1834 hujus
3256 1782 3384 1821 vero
3413 1768 3582 1837 800

2003 1860 2247 1914 absentia
2280 1859 2659 1914 desiderantis.
2684 1858 3006 1913 Dormitatio
3027 1867 3110 1912 est
3141 1857 3333 1911 animae
3365 1860 3578 1912 ratione

2004 1950 2244 2019 praedita:
2268 1950 2594 2020 negligentia
2622 1951 2884 2004 virtutum
2921 1957 2974 2002 et
3000 1948 3243 2003 scientia-
3275 1949 3389 2003 Dei.
3422 1948 3577 2002 Som-

2003 2057 2105 2097 nus
2151 2050 2233 2096 est
2279 2025 2475 2096 animm
2508 2041 2719 2095 ratione
2755 2039 2998 2111 przedita:
3050 2039 3361 2094 voluntaria
3407 2053 3578 2107 sepa-

2005 2135 2143 2189 ratio
2169 2149 2198 2186 a
2228 2148 2355 2186 vera
2398 2132 2533 2186 vita.
2574 2133 2919 2202 Quapropter
2959 2139 3012 2185 et
3047 2131 3270 2199 sapiens
3317 2130 3572 2185 Salomon

2003 2227 2254 2280 hortatur
2275 2224 2342 2288 ",
2372 2233 2430 2278 ut
2457 2240 2564 2278 non
2598 2224 2754 2279 detur
2781 2238 3007 2280 somnus
3033 2223 3204 2278 oculis
3239 2237 3416 2292 neque
3445 2221 3573 2276 dor-

2002 2316 2214 2370 mitatio
2246 2315 2535 2385 palpebris.

2071 2428 2236 2484 Vens.
2278 2429 2367 2484 29.
2424 2426 2570 2481 Viam
2616 2429 2911 2497 iniquitatis
2960 2445 3141 2483 amove
3180 2447 3212 2482 a
3265 2446 3367 2494 me,
3410 2437 3456 2482 et
3509 2429 3573 2481 de

2000 2527 2109 2590 tege
2139 2530 2229 2573 tua
2257 2520 2496 2572 miserere
2529 2521 2649 2584 mei,
2676 2530 2783 2575 etc.
2814 2519 2932 2574 Non
2980 2535 3088 2584 me,
3137 2519 3340 2587 inquit,
3379 2535 3572 2572 amove

1999 2626 2030 2665 a
2057 2611 2142 2664 via
2174 2609 2499 2678 iniquitatis,
2525 2611 2618 2663 sed
2648 2610 2820 2677 ipsam
2854 2625 2884 2665 a
2911 2626 3016 2674 me,
3047 2620 3105 2663 ut
3131 2624 3252 2679 qua:
3283 2608 3412 2662 mibi
3444 2609 3572 2662 insit

1998 2710 2055 2755 et
2090 2699 2246 2752 nobis
2295 2697 2512 2767 quidem
2555 2706 2734 2766 egeat,
2785 2706 2846 2751 ut
2896 2707 3274 2762 removeatur,
3335 2698 3571 2751 maxime

2005 2806 2136 2844 vero
2165 2789 2256 2844 Dei
2292 2788 2516 2855 auxilio,
2563 2797 2620 2840 ut
2656 2791 2773 2858 lege
2821 2788 2911 2841 Dei
2957 2789 3386 2842 misericordiam
3440 2805 3570 2844 con-

1998 2890 2328 2944 sequamur:
2362 2876 2519 2945 quasi
2554 2876 2703 2929 dicat
2752 2877 2963 2930 medico
3009 2894 3022 2930 :
3080 2877 3210 2931 Arte
3259 2878 3568 2932 medicinali

331 2962 599 3036 Ἰατρικῆς
629 2966 772 3037 λόγῳ
826 2969 961 3038 πρὸς
1014 2969 1223 3037 ὑγίειάν
1267 2988 1335 3038 με
1374 2972 1620 3042 κόμισον,
1664 2973 1764 3027 κᾶν
1806 2992 1894 3029 το-

1999 2969 2063 3023 ad
2086 2969 2369 3024 sanitatem
2396 2981 2586 3020 revoca
2614 2982 2719 3030 me,
2741 2967 2857 3022 sive
2886 2967 3032 3024 ferro
3052 2970 3166 3023 sive
3193 2971 3408 3024 ustione
3434 2986 3568 3038 opus

321 3054 427 3124 μῆς
459 3055 553 3129 δέῃ
589 3059 681 3111 καὶ
717 3057 986 3122 καύσεως,
1031 3061 1134 3113 κᾶν
1187 3061 1376 3131 ἐτέρου
1430 3063 1575 3124 τινὸς
1629 3063 1736 3115 τῶν
1775 3065 1894 3116 ἐπι-

319 3144 598 3212 σταμένων
640 3147 850 3200 λυπεῖν.
890 3149 1096 3200 Τούτου
1140 3150 1197 3201 δέ
1229 3150 1319 3201 τοῦ
1373 3152 1538 3218 νόμου
1581 3151 1701 3202 οὐδέ
1748 3153 1890 3224 ἀρχή

317 3233 432 3284 ἐστι
456 3237 565 3294 τοῖς
603 3236 826 3305 μηδέπω
854 3238 1364 3307 ἐπισκοπουμένος,
1399 3238 1512 3289 ἀλλ’
1538 3238 1618 3291 ἐτι
1659 3241 1891 3310 παραδι-

315 3323 558 3393 δομένοις
591 3326 820 3380 πάθεσιν
870 3329 1113 3398 ἀτιμίας,
1161 3327 1194 3398 ἢ
1247 3327 1488 3398 ἀδοκίμῳ
1541 3330 1574 3400 ἡ
1621 3347 1727 3382 τινι
1786 3332 1892 3384 τῶν

315 3412 467 3468 οὔπω
507 3417 604 3487 τὴν
635 3418 920 3489 διόρθωσιν
970 3421 1062 3472 καὶ
1112 3419 1407 3490 θεραπείαν
1442 3421 1888 3491 περιποιοῦντων.

327 3505 442 3576 Ἐφ’
465 3509 587 3562 ὅσον
619 3511 725 3582 γὰρ
760 3511 916 3581 ἡμῶν
948 3515 981 3582 ἡ
1010 3513 1111 3582 τῆς
1140 3513 1353 3577 ἀδικίας
1395 3514 1510 3578 ὁδὸς
1536 3516 1633 3568 οὐκ
1662 3515 1891 3584 ἀφίστα-

313 3612 421 3662 ται,
457 3598 548 3650 ἐπὶ
584 3600 834 3652 τοσοῦτον
866 3601 984 3656 οῦδὲ
1031 3605 1205 3675 ἀρχὴν
1253 3603 1446 3675 ἔχομεν
1489 3605 1579 3659 τοῦ
1625 3607 1890 3660 ἐλεεῖσθαι

315 3684 464 3756 νόμῳ
502 3686 659 3741 θεοῦ.

395 3797 560 3852 Ὀδὸν
603 3800 867 3854 ἐντολῶν
907 3818 1023 3856 σου
1056 3802 1331 3872 ἔδραμον,
1363 3804 1508 3858 ὅταν
1546 3804 1890 3872 ἑπλὰτυνας

312 3891 427 3958 τὴν
471 3893 723 3960 καρδίαν
759 3912 899 3962 μου,
937 3914 991 3950 κ.
1036 3914 1086 3948 τ.
1125 3897 1170 3951 ἐ.
1209 3899 1271 3949 Oi.
1306 3898 1453 3965 λόγοι
1505 3899 1611 3951 τῶν
1657 3900 1888 3952 ἐντολῶν

312 3983 672 4046 πλατύνοντες
715 3984 810 4055 τὴν
843 3987 1070 4059 καρδίαν
1112 3986 1331 4040 εὔκολον
1363 3989 1498 4060 αὐτῇ
1540 3990 1889 4059 παρασκευά-

311 4075 462 4140 ζουσι
489 4078 587 4146 τῆς
623 4081 932 4150 πρακτικῆς
960 4081 1058 4151 τὴν
1089 4081 1228 4134 ὁδόν.

385 4192 494 4245 Τοῦ
527 4191 732 4245 αὐτοῦ.
772 4213 789 4244 ι
827 4195 973 4258 Ὁδὸς
1017 4195 1115 4266 μὲν
1150 4195 1310 4266 στενὴ
1352 4195 1446 4248 καὶ
1474 4193 1807 4266 τεθλιμμένη
1849 4198 1881 4268 ή

308 4280 598 4349 ἀπάγουσα
649 4283 727 4344 είς
777 4285 874 4353 τὴν
917 4283 1095 4356 ζωήν·
1128 4307 1146 4338 ι
1190 4287 1388 4357 καρδία
1420 4286 1476 4338 δὲ
1511 4285 1739 4338 πλατεῖα
1787 4289 1880 4339 καὶ

1997 3059 2089 3121 sit,
2115 3061 2232 3112 sive
2265 3057 2371 3108 alio
2407 3055 2649 3123 quolibet
2678 3058 2916 3110 remedio
2938 3061 3079 3126 quod
3104 3058 3342 3112 dolorem
3373 3061 3564 3128 pariat.

1997 3146 2170 3213 llujus
2211 3146 2344 3214 legis
2371 3159 2437 3197 ne
2477 3143 2693 3196 initium
2725 3147 2940 3212 quidem
2980 3145 3179 3201 habent
3222 3149 3256 3200 ii
3304 3151 3392 3216 qui
3429 3166 3564 3202 nou-

1997 3237 2122 3291 dum
2177 3235 2377 3291 visitati
2425 3243 2572 3296 sunt,
2634 3236 2732 3289 sed
2788 3238 2963 3290 adhuc
3022 3238 3207 3292 traditi
3278 3237 3566 3296 allectibus

1997 3327 2342 3397 ignominiae;
2376 3325 2458 3380 vel
2506 3325 2792 3398 reprobus,
2823 3327 2905 3380 vel
2939 3328 3203 3396 quispiam
3236 3343 3420 3381 eorum
3471 3329 3562 3398 qui

1997 3417 2233 3471 nondum
2264 3419 2535 3472 ettieudati
2563 3428 2618 3472 et
2650 3419 2870 3473 sanitati
2919 3419 3152 3473 restituti
3203 3429 3352 3474 sunt.
3377 3419 3561 3486 Quan-

1996 3519 2105 3562 tum
2157 3509 2301 3562 enim
2354 3508 2436 3561 via
2485 3507 2792 3578 iniquitatis
2830 3524 2860 3562 a
2911 3509 3064 3563 nobis
3093 3525 3199 3563 non
3234 3521 3560 3576 removetur,

1995 3607 2198 3653 tantum
2228 3600 2486 3654 absumus
2518 3601 2584 3653 ab
2619 3599 2776 3653 initio
2824 3599 3218 3656 misericordia:
3252 3617 3353 3670 per
3388 3601 3560 3672 legem

1995 3690 2085 3746 Dei
2118 3692 2514 3759 consequenda:

2068 3805 2229 3860 Vens.
2269 3806 2357 3858 52.
2429 3803 2578 3858 Viam
2620 3804 2999 3858 mandatorum
3053 3816 3263 3860 tuorum
3325 3811 3560 3875 cucurri,

1989 3913 2108 3950 cum
2160 3896 2400 3949 dilatasti
2433 3911 2523 3949 eor
2569 3912 2764 3961 meum,
2814 3906 2922 3952 etc.
2970 3896 3348 3952 Mandatorum
3394 3900 3558 3954 verba

1988 4003 2108 4056 qua:
2136 4003 2232 4042 cor
2263 3987 2516 4053 dilatant,
2547 3989 2762 4044 facilem
2793 3990 2841 4046 ei
2871 3997 3071 4059 parant
3100 3989 3167 4044 ad
3215 4005 3300 4046 res
3327 3992 3562 4061 agendas

1991 4094 2156 4133 nam.

2059 4191 2332 4260 Ejusdem.
2377 4209 2395 4243 t
2432 4192 2528 4246 Via
2552 4191 2768 4262 quidem
2801 4203 3028 4264 angusta
3061 4202 3116 4249 et
3141 4204 3292 4248 arcta
3327 4203 3410 4249 est
3440 4209 3561 4264 qua:

1985 4280 2133 4334 ducit
2170 4281 2237 4334 ad
2276 4282 2440 4334 vitam
2467 4281 2551 4348 ¹⁶;
2591 4301 2610 4334 ι
2650 4298 2746 4338 cor
2775 4294 2954 4338 autem
2977 4283 3142 4338 latum
3167 4294 3221 4338 et
3253 4286 3556 4353 spatiosum

310 4373 619 4445 εὐρύχωρος
653 4374 756 4426 ὑπὸ
796 4349 890 4427 τοῦ
943 4349 1101 4444 λόγου
1159 4349 1492 4448 εὐρυνομένη
1529 4378 1560 4446 ἡ
1597 4377 1747 4444 ἁγία,
1789 4378 1882 4435 καὶ

1998 4387 2016 4424 ι
2053 4371 2216 4425 verbo
2243 4371 2526 4426 dilatatum
2557 4383 2808 4429 sanctum
2844 4384 2952 4440 est,
2983 4384 3038 4430 et
3079 4375 3246 4431 Deum
3281 4349 3448 4443 videt,
3493 4392 3559 4432 ac

311 4463 438 4516 θεὸν
467 4464 734 4534 ὀψομένη,
781 4467 874 4518 καὶ
905 4467 995 4519 τὸν
1028 4468 1187 4520 καλὸν
1233 4469 1428 4540 δρόμον
1467 4472 1735 4541 τρέχουσα
1780 4471 1879 4540 τῆς

305 4553 424 4608 ὁδοῦ
457 4553 566 4606 τῶν
615 4554 842 4606 ἐντολῶν
888 4555 980 4608 τοῦ
1031 4557 1184 4609 Θεοῦ.
1223 4559 1376 4613 Οὕτω
1423 4562 1523 4630 μὲν
1569 4564 1601 4632 ἡ
1653 4561 1878 4614 πλατεῖα

307 4644 398 4696 καὶ
427 4643 734 4715 εὐρύχωρος
761 4644 878 4706 ὁδὸς
909 4647 1113 4713 ἀπάγει
1148 4649 1241 4700 ἐπὶ
1285 4650 1383 4718 τὴν
1417 4650 1712 4715 ἀπώλειαν,
1745 4655 1776 4723 ἡ
1819 4652 1878 4706 δὲ

307 4735 467 4804 στενὴ
510 4735 726 4806 καρδία,
763 4737 856 4789 καὶ
892 4737 964 4806 μὴ
995 4736 1242 4807 χωροῦσα
1275 4741 1330 4790 ἐν
1361 4741 1525 4812 ἑαυτῇ
1564 4743 1728 4812 μονὴν
1764 4745 1877 4796 Πα-

304 4824 434 4894 τρὸς
475 4825 567 4877 καὶ
600 4825 727 4876 Υίοῦ
775 4827 995 4895 χωρίζει
1030 4825 1137 4878 ἀπὸ
1180 4825 1314 4878 Θεοῦ
1353 4827 1442 4880 διὰ
1477 4829 1574 4898 τὴν
1613 4847 1877 4900 στενοχω-

311 4915 428 4986 ρίαν
454 4916 544 4968 τὺν
573 4915 833 4987 τοιαύτην
856 4919 922 4985 τῇ
955 4917 1148 4970 ἑαυτοῦ
1173 4917 1341 4987 κακίᾳ
1373 4919 1732 4990 πεποιηκότα.

375 5022 792 5091 Νομοθέτησόν
817 5042 913 5092 με,
943 5025 1138 5092 Κύριε,
1171 5025 1285 5093 τὴν
1317 5025 1460 5080 ὁδὸν
1495 5025 1612 5079 τῶν
1641 5028 1872 5081 δικαιω-

301 5113 505 5183 μάτων
548 5131 684 5177 σου,
720 5116 817 5168 καί
851 5115 1151 5182 ἐκζόιτήονω
1181 5115 1376 5182 αὐτὴν
1406 5118 1504 5170 διὰ
1539 5117 1786 5183 παντὸς,
1817 5135 1870 5172 κ.

304 5218 354 5253 τ.
387 5202 432 5255 ἐ.
469 5201 540 5254 Τὸ
577 5203 674 5272 μὲν
727 5204 837 5274 γὰρ
885 5206 1034 5276 παρά
1081 5205 1175 5258 τοῦ
1221 5205 1354 5258 Θεοῦ
1402 5209 1664 5271 αἰτεῖται,
1713 5209 1773 5260 τὸ
1816 5209 1872 5260 δὲ

303 5292 697 5361 ἐπαγγέλλεται
727 5293 787 5357 ἐξ
831 5296 1024 5349 ἑαυτοῦ
1073 5298 1464 5369 συνεισφέρειν.
1509 5301 1579 5352 Σὺ
1614 5302 1710 5370 μὲν
1742 5302 1869 5371 γὰρ,

309 5385 488 5456 φησὶν,
517 5379 562 5439 ὧ
601 5385 790 5455 Κύριε,
833 5389 1195 5460 νομοθέτησόν
1231 5409 1322 5461 μοι
1368 5391 1466 5463 τὴν
1497 5393 1616 5445 ὁδὸν
1648 5392 1756 5446 τῶν
1794 5393 1871 5446 δι-

1987 4463 2127 4518 viam
2165 4463 2544 4519 mandatorum
2593 4467 2685 4521 Dei
2741 4467 2934 4520 currit.
2969 4467 3059 4544 Sic
3104 4469 3213 4523 lata
3253 4470 3470 4538 quidem
3503 4478 3560 4525 et

1985 4556 2224 4623 spatiosa
2271 4556 2354 4609 via
2403 4555 2552 4610 ducit
2606 4559 2671 4612 ad
2719 4559 3101 4627 perditionem,
3146 4578 3243 4616 cor
3281 4577 3412 4616 vero
3459 4576 3558 4616 an-

1987 4654 2198 4714 gustum
2228 4655 2283 4700 et
2321 4657 2558 4713 arctam,
2586 4658 2641 4702 et
2667 4650 2810 4718 quod
2845 4667 2952 4706 non
2984 4654 3130 4721 capit
3162 4654 3213 4705 in
3263 4653 3556 4721 semetipso

1982 4737 2315 4791 mansionem
2347 4737 2524 4794 Patris
2545 4751 2600 4796 et
2630 4741 2777 4808 Filii,
2807 4752 3026 4811 pr0pter
3049 4743 3358 4811 angustiam
3397 4759 3552 4796 suam

1978 4838 2196 4896 separat
2239 4845 2270 4884 a
2319 4831 2431 4886 Deo
2482 4831 2630 4887 illum
2682 4834 2774 4903 qui
2828 4833 3036 4886 malitia
3081 4847 3178 4887 sua
3220 4834 3398 4902 ipsum
3446 4832 3554 4889 tale

1983 4917 2234 4975 reddidit.
3143 4909 3159 4927 '

2055 5029 2214 5084 Vens.
2256 5031 2347 5086 55.
2387 5029 2572 5101 Legem
2600 5047 2736 5100 pone
2767 5033 2924 5098 milii,
2957 5033 3198 5102 Domine,
3229 5037 3363 5090 viam
3384 5035 3550 5106 justiv

1978 5122 2283 5189 ﬁcationum
2327 5129 2570 5187 tuarum,
2611 5132 2659 5175 et
2693 5125 2962 5192 exquiram
3000 5142 3120 5179 eam
3163 5144 3388 5194 semper,
3438 5140 3549 5184 etc.

1982 5211 2111 5266 Illud
2146 5213 2364 5282 quidem
2391 5228 2422 5266 a
2463 5213 2573 5266 Deo
2603 5213 2755 5282 petit,
2810 5217 2955 5270 aliud
2987 5232 3116 5272 vero
3163 5234 3227 5274 ex
3274 5231 3427 5289 parte
3452 5235 3550 5276 sua

1978 5303 2263 5370 pollicetur
2287 5316 2345 5356 se
2368 5301 2711 5361 collaturum.
2744 5305 2843 5372 Tu,
2872 5308 3066 5378 inquit,
3095 5310 3343 5378 Domine,
3375 5312 3546 5382 legem

1978 5411 2119 5465 pone
2153 5395 2284 5449 mibi
2316 5394 2457 5450 viam
2484 5397 2937 5467 justiticationum
2975 5412 3212 5469 tuarum,
3264 5418 3363 5475 ego
3419 5417 3550 5460 vero

375 5518 609 5607 aifatu.
655 5537 778 5607 χχι..
814 5524 896 5577 l6.
970 5525 1008 5556 "
1047 5522 1190 5583 Psal.
1215 5542 1364 5592 uin,
1396 5528 1486 5582 ‘25.
1567 5531 1608 5560 ¹¹
1641 5528 1833 5601 Philip.
1862 5546 1942 5595 Ill,
1974 5531 2064 5586 21.
2141 5532 2187 5564 ’³
2210 5532 2368 5593 Rom.
2413 5551 2510 5606 vn,
2554 5539 2643 5596 Ἡ.
2724 5540 2926 5597 “Vers.
2957 5541 3048 5598 25.
3123 5544 3168 5573 ³⁵
3200 5541 3356 5599 Prov.
3391 5558 3462 5607 vt,
3488 5540 3542 5595 4.

309 5585 352 5615 ’⁸
375 5589 563 5646 Μειιιιι.
600 5607 689 5650 vn.
726 5593 806 5648 14.
