4066 6236
470 247 496 304 ί
508 249 609 304 599

1859 225 1949 281 EX
1988 219 2292 278 ORIGENE

3573 209 3717 263 [600

468 375 678 434 partem
712 359 1017 416 conturbat.
1070 356 1221 410 Tunc
1251 353 1392 407 enim
1446 361 1672 405 necesse
1706 354 1787 401 est
1832 343 2025 397 memi-

2160 335 2425 404 μναγκαίόν
2458 334 2574 385 ἐστι
2614 328 2921 402 μεμνῆσθαι
2949 329 3057 382 τῶν
3087 327 3283 396 λογίων
3307 323 3401 378 τοῦ
3425 321 3590 385 Θεοῦ,
3625 322 3719 374 ἵνα

469 458 619 514 uisse
644 452 982 522 eloquiorum
1015 448 1109 504 Dei
1137 487 1154 513 ,
1191 455 1248 501 ut
1287 456 1568 502 servemus
1608 439 1725 509 ejus
1763 437 1938 506 legem
1970 437 2036 491 de

472 545 848 613 temperantia.

541 637 705 691 Vens.
738 635 827 688 56.
871 631 1001 685 Ilaec
1033 630 1175 700 facta
1223 637 1301 685 est
1333 627 1461 681 mihi
1487 665 1502 690 ,
1542 635 1651 680 etc.
1691 621 2034 690 Scripturam

476 726 728 796 intelligit
761 722 1026 778 divinitus
1060 719 1400 789 inspiratam.
1429 716 1552 770 Htec
1591 711 1903 781 enintjusto
1933 724 2038 764 non

472 819 644 872 solum
688 816 917 876 dicitur.
954 813 1052 868 sed
1080 811 1245 867 etiam
1279 810 1371 876 fit,
1402 809 1526 877 quia
1579 802 1920 860 meditationi
1953 801 2042 855 ad-

466 909 646 979 jungit
674 905 1111 971 exsecutionem;
1155 903 1299 957 unde
1333 901 1497 955 etiam
1534 897 1653 966 ejus
1691 894 2043 964 jttstilicatio-

475 1016 570 1055 nes
623 999 909 1068 exquirere
942 997 1175 1061 dicitur,
1212 1003 1270 1048 ut
1319 992 1411 1061 qui
1459 990 1682 1043 minime
1710 987 1889 1042 obiter
1923 983 2044 1038 illas

477 1092 782 1146 meditetur.
830 1088 1040 1143 Etenim
1078 1084 1272 1154 reliqui
1314 1083 1640 1151 interpretes
1662 1094 1762 1149 pro
1795 1096 1814 1130 ι
1844 1075 2042 1146 exqui-

473 1183 576 1239 sivi
619 1201 637 1233 ι
674 1181 920 1236 scribunt
956 1191 974 1231 ι
1011 1176 1318 1233 observavi.
1351 1192 1371 1226 ι

550 1271 711 1327 Vens.
746 1273 834 1327 57.
869 1270 1055 1324 Portio
1095 1285 1233 1330 mea.
1256 1266 1499 1330 Domine,
1527 1263 1641 1316 dixi
1668 1262 1933 1316 custodire
1966 1260 2042 1314 le-

477 1379 590 1431 gem
617 1373 784 1420 tuam.
807 1370 914 1415 etc.
942 1356 1409 1424 Quemadmodum
1440 1352 1750 1421 insipientis
1788 1350 2050 1420 insipien-

479 1453 575 1515 tia,
615 1450 777 1521 303
813 1451 885 1502 ita
912 1445 1197 1518 prudentis
1239 1442 1526 1514 prudentia
1552 1480 1567 1506 ,
1603 1449 1656 1494 et
1677 1437 1808 1508 justi
1835 1436 2045 1506 justitia

482 1543 661 1613 portio
694 1551 804 1598 est.

554 1635 718 1689 Vens.
749 1633 838 1688 58.
883 1631 1198 1698 Deprecutus
1241 1641 1357 1679 sum
1414 1623 1604 1692 {aciem
1654 1632 1801 1675 tuam
1843 1620 1900 1672 in
1945 1625 2049 1670 toto

480 1728 634 1780 corde
660 1742 774 1779 meo
807 1741 825 1778 :
857 1723 1103 1776 miserere
1136 1720 1233 1773 mei
1259 1717 1544 1772 secundum
1581 1713 1849 1783 eloquium
1879 1721 2049 1776 tuum,

480 1829 586 1874 etc.
637 1817 827 1870 Facies
859 1814 951 1867 Dei
983 1820 1066 1865 est
1108 1811 1275 1880 ﬁgura
1307 1806 1627 1862 substantia:
1659 1803 1798 1872 ejus,
1837 1802 1915 1855 uti
1959 1816 2054 1856 sa:-

483 1909 604 1978 pius
651 1907 855 1961 dictum
893 1911 1002 1958 est.
1049 1902 1152 1968 Qui
1192 1900 1357 1970 igitur
1407 1906 1518 1952 toto
1567 1896 1735 1950 corde
1767 1895 2052 1948 Dominum

483 1999 802 2062 desiderat,
831 2006 891 2051 ut
938 2010 1002 2050 eo
1030 1994 1144 2064 jam
1202 2005 1338 2062 puro
1383 1987 1577 2044 eﬂ‘ecto
1603 1989 1780 2058 ipsum
1816 1993 2056 2041 contem-

487 2090 664 2158 pletur
689 2128 703 2152 ,
759 2095 813 2142 et
862 2102 927 2141 ex
956 2086 1128 2156 ipsius
1161 2084 1357 2138 intuitu
1393 2079 1821 2136 misericordiam
1856 2091 2051 2130 consc-

484 2190 724 2251 quatur,
776 2178 1070 2233 secundum
1103 2169 1406 2243 disciplinae
1455 2173 1718 2227 rationem
1768 2168 2049 2239 proposita

487 2273 649 2328 verba
695 2271 879 2327 dicere
911 2270 1130 2339 poterit.
1164 2267 1462 2324 Considera
1518 2275 1695 2319 autem
1726 2272 1963 2334 quantus
1987 2261 2057 2316 sit

485 2365 579 2436 qui
631 2363 834 2419 videbit
870 2363 1066 2417 faciem
1102 2359 1218 2414 Dei.
1252 2357 1412 2413 Jesus
1470 2358 1584 2426 ipse
1633 2366 1686 2409 te
1734 2356 1927 2410 doceat
1975 2347 2058 2407 di;

483 2470 617 2514 cens
642 2457 686 2488 “
719 2475 732 2510 :
772 2473 791 2508 ι
832 2455 984 2509 Beati
1020 2453 1221 2508 mundo
1251 2451 1434 2518 corde,
1469 2449 1726 2519 quoniam
1759 2447 1860 2518 ipsi
1891 2447 2055 2501 Deum

487 2548 765 2603 videbunt.
805 2565 824 2598 ι

562 2637 724 2690 Vens.
760 2637 848 2691 59.
889 2636 1129 2706 Cogitavi
1179 2635 1292 2688 vias
1330 2643 1486 2696 (uas,
1531 2640 1577 2686 et
1625 2632 1858 2685 converti
1902 2630 2058 2698 pedes

488 2744 627 2783 meos
657 2728 712 2781 in
747 2728 1040 2781 testimonia
1074 2737 1200 2793 tua,
1242 2735 1349 2780 etc.
1407 2722 1558 2790 Quod
1610 2722 1742 2778 dicit
1777 2729 1864 2776 est
1911 2719 2059 2788 ejus-

489 2819 633 2875 modi
669 2839 683 2874 :
714 2820 994 2885 Nunquam
1040 2826 1245 2871 temere
1287 2815 1500 2871 locutus
1548 2829 1666 2868 sum
1695 2853 1710 2878 ,
1753 2827 1852 2867 nec
1899 2821 2061 2865 aute-

2137 425 2460 497 φυλάξωμεν
2508 424 2600 478 τὺν
2647 423 2810 493 νόμον
2841 419 2934 474 τοῦ
2985 417 3121 472 Θεοῦ
3172 417 3264 470 τὸν
3312 415 3444 486 περὶ
3497 430 3717 484 σωφρο-

2139 532 2322 586 συνης.

2199 607 2358 674 Αὕτη
2413 604 2666 675 ἐγενήθη
2702 621 2825 672 μοι,
2867 620 2923 658 κ.
2960 621 3012 655 τ.
3058 601 3105 655 ἐ.
3148 598 3261 668 Τὴν
3306 596 3532 669 Γραφὴν
3566 594 3726 663 λέγει

2139 697 2238 769 τὴν
2269 697 2644 751 θεόπνευστον.
2678 697 2824 766 Αὕτη
2853 695 2963 766 γάρ
2981 692 3061 763 τῷ
3085 691 3275 762 δικαίῳ
3298 690 3360 743 ού
3383 689 3598 755 λέγεται
3620 685 3724 758 μό-

2141 808 2251 855 νον,
2280 789 2414 842 άλλά
2439 788 2535 842 καὶ
2580 786 2809 856 γίνεται,
2839 785 3025 855 ἐπειδὴ
3056 787 3122 855 τῇ
3161 783 3359 854 μελέτῃ
3397 779 3729 851 προστίθησι

2141 879 2240 950 τὴν
2265 879 2620 950 κατόρθωσιν·
2653 878 2774 931 ὅθεν
2808 875 2974 930 αὑτοῦ
3008 876 3101 929 καὶ
3127 873 3378 944 ὲκζητεῖν
3403 873 3470 926 τά
3495 870 3729 925 δικαιὼ-

2149 990 2294 1044 ματα
2319 971 2556 1038 λέγεται,
2579 969 2655 1033 ῶς
2683 968 2757 1040 μὴ
2788 967 3083 1040 παρέρτως
3115 966 3257 1019 αὐτὰ
3304 965 3560 1036 μελετῶν,
3595 964 3730 1017 Τοι-

2144 1062 2344 1134 γαροῦν
2377 1063 2425 1114 οί
2459 1060 2633 1113 λοιποὶ
2661 1059 2770 1111 τῶν
2813 1056 3168 1129 έρμηνευτῶν
3199 1056 3322 1110 ἀντὶ
3346 1054 3442 1108 τοῦ
3488 1073 3507 1105 ι
3531 1053 3728 1125 ἐξεζή-

2145 1171 2288 1226 τησα
2316 1173 2334 1206 ι
2362 1152 2687 1221 διετήρησα
2713 1151 3036 1222 γράφουσιν.

2219 1246 2398 1312 Μερίς
2418 1262 2537 1314 μου
2566 1245 2641 1308 εἷ,
2670 1244 2864 1310 Κύριε,
2899 1238 3038 1295 εἶπα
3062 1241 3168 1295 τοῦ
3198 1241 3583 1310 φυλάξασθαι
3615 1240 3732 1293 τὸν

2147 1337 2336 1406 νόμον
2363 1351 2501 1400 σου,
2531 1352 2587 1388 κ.
2624 1352 2674 1387 τ.
2712 1336 2758 1386 ὲ.
2792 1335 3003 1403 ’Ὠσπερ
3029 1334 3147 1386 ἐστὶ
3188 1332 3346 1404 μερὶς
3379 1334 3411 1402 ἡ
3443 1328 3728 1401 ἀφροσύνη

2149 1427 2242 1480 τοῦ
2290 1428 2545 1498 ἄφρονος,
2591 1426 2733 1480 οὕτω
2779 1427 2872 1479 καὶ
2907 1425 3002 1478 τοῦ
3051 1425 3314 1496 φρονίμου
3361 1427 3395 1495 ἡ
3444 1425 3728 1496 φρόνησις,

2151 1520 2246 1573 καὶ
2271 1520 2365 1574 τοῦ
2399 1520 2607 1574 δικαίου
2641 1522 2673 1590 ἡ
2706 1519 3036 1591 δικαιοσύνη.

2241 1611 2531 1679 Ἐδεήθην
2579 1611 2686 1665 τοῦ
2726 1610 3050 1678 προσώπου
3082 1626 3197 1664 σου
3247 1609 3319 1663 ἐν
3359 1609 3470 1677 ὅλῃ
3516 1609 3734 1676 καρδίᾳ

2149 1723 2291 1775 μου,
2340 1703 2603 1770 ἐλέησόν
2643 1719 2720 1771 με
2764 1701 2913 1755 κατὰ
2957 1701 3022 1754 τὸ
3057 1701 3266 1770 λόγιόν
3297 1716 3434 1763 σου,
3486 1718 3538 1752 κ.
3579 1717 3630 1751 τ.
3680 1701 3731 1752 ἑ.

2155 1796 2450 1866 Πρόσωπον
2483 1791 2618 1845 Θεοῦ
2659 1793 2687 1844 6
2715 1791 2999 1863 χαρακτὴρ
3031 1791 3126 1861 τῆς
3157 1792 3508 1853 ὑποστάσεως
3539 1789 3732 1856 αὐτοῦ,

2155 1887 2231 1951 ὡς
2277 1884 2534 1948 πολλάκις
2558 1885 2788 1954 εἴρηται.
2833 1884 2890 1936 '0
2922 1883 3107 1937 τοίνυν
3134 1883 3233 1955 ὅλῃ
3259 1883 3325 1952 τῆ
3359 1883 3554 1952 καρδίᾳ
3583 1881 3738 1950 ἐφιέ-

2160 1996 2319 2050 μενος
2345 1978 2436 2031 τοῦ
2463 1978 2690 2050 Κυρίου,
2721 1979 2871 2038 ὅπως
2902 1975 3116 2047 καθαρᾷ
3139 1976 3275 2045 αὐτῇ
3308 1975 3572 2048 γενομένῃ
3605 1975 3738 2028 θεω-

2159 2072 2278 2143 ροίη
2304 2071 2484 2135 αὑτὸν,
2517 2071 2612 2124 καὶ
2641 2072 2704 2123 ἐκ
2727 2069 2820 2122 τοῦ
2856 2067 3120 2132 ἀτενίζειν
3145 2067 3311 2120 αὑτοῦ
3342 2066 3557 2137 ἐλεηθῇ,
3590 2066 3739 2119 κατά

2157 2163 2247 2216 τὸν
2295 2164 2451 2232 λόγον
2485 2164 2583 2235 τῆς
2627 2161 2974 2225 διδασκαλίας
3007 2162 3148 2214 εἴποι
3188 2160 3253 2213 ἂν
3296 2161 3364 2213 τὰ
3400 2159 3740 2228 συγκείμενα.

2161 2255 2318 2328 ῥητά.
2359 2257 2500 2326 Ὅρα
2545 2254 2602 2307 δὲ
2637 2254 2864 2324 πηλίκος
2897 2253 3044 2305 ἐστὶν
3074 2254 3101 2305 6
3133 2251 3394 2321 ὀψόμενος
3425 2251 3487 2303 τὸ
3519 2251 3736 2322 πρόσω-

2160 2367 2260 2404 πον
2291 2347 2382 2401 τοῦ
2415 2345 2570 2400 Θεοῦ·
2615 2345 2819 2418 Ἰησοῦς
2852 2363 2908 2398 σε
2943 2344 3206 2410 διδαξάτω
3231 2344 3405 2412 λέγων
3425 2361 3438 2373 ·
3497 2364 3511 2395 ι
3543 2344 3738 2396 Μακά-

2163 2457 2267 2511 ριοι
2329 2441 2377 2491 οἱ
2428 2436 2659 2506 καθαροὶ
2712 2439 2777 2507 τῇ
2835 2435 3053 2508 καρδίᾳ,
3108 2435 3188 2488 ὅτι
3249 2433 3404 2487 αὐτοὶ
3454 2432 3545 2486 τὸν
3603 2431 3737 2486 Θεὸν

2159 2531 2398 2601 ὄψονται.
2438 2549 2456 2582 ι

2231 2623 2663 2693 Διελογισάμην
2690 2622 2798 2688 τὰς
2836 2621 3014 2687 ὁδούς
3053 2635 3191 2683 σου,
3252 2617 3353 2671 καὶ
3395 2616 3736 2684 ἐπέστρεψα

2161 2716 2299 2782 τοὺς
2333 2716 2522 2781 πόδας
2543 2733 2661 2785 μου
2686 2717 2772 2779 εις
2810 2713 2882 2767 τὰ
2905 2711 3198 2782 μαρτιξριὰ
3233 2726 3374 2773 σου,
3404 2728 3458 2763 κ.
3495 2728 3541 2762 τ.
3584 2710 3625 2760 ὲ.
3669 2709 3734 2760 Ὃ

2161 2807 2307 2875 λέγει
2339 2807 2579 2860 τοιοῦτόν
2613 2809 2787 2859 ἐστιν·
2835 2805 3100 2858 Οὐδέποτε
3148 2803 3436 2874 προπετῶς
3481 2801 3736 2870 ἐλάλησα,

489 2927 650 2980 quam
684 2909 824 2980 apud
874 2924 960 2964 me
994 2908 1355 2978 reputaverim
1385 2905 1791 2975 loquendumne
1825 2903 1959 2958 mibi
1988 2917 2054 2956 an

2166 2901 2239 2971 μὴ
2273 2900 2630 2970 λογισάμενος
2672 2899 2906 2969 πρῶτον,
2958 2900 3004 2950 εἰ
3058 2895 3318 2964 λαλητέον
3369 2895 3457 2965 μοί
3489 2897 3652 2958 ἐστιν,
3700 2894 3733 2964 ἢ

491 3001 778 3057 tacendum
810 3008 978 3053 esset.
1013 2997 1300 3065 Nunquam
1353 3002 1558 3048 temere
1591 2992 1870 3061 quidpiam
1929 2991 2012 3060 egi
2041 3032 2054 3056 ,

2169 2991 2485 3062 σιωπητέον.
2517 2990 2783 3043 Οὐδέποτε
2827 2989 3114 3060 προπετῶς
3145 3007 3197 3041 τι
3222 2987 3445 3059 ἔπραξα,
3488 2985 3562 3055 μὴ
3588 2984 3739 3050 λογι-

489 3109 591 3148 nec
624 3104 915 3161 antequam
957 3088 1335 3160 perpenderim
1392 3097 1610 3142 essetne
1659 3087 1745 3140 ill‘a
1794 3088 1940 3142 actio
1975 3087 2054 3142 de-

2167 3080 2423 3151 σάμενος,
2459 3081 2506 3132 εἰ
2537 3077 2852 3150 καθήκουσά
2880 3079 3028 3129 ἐστιν
3071 3079 3104 3148 ἡ
3141 3078 3354 3149 πρᾶξις
3389 3076 3441 3128 αί
3484 3072 3590 3144 γάρ
3617 3073 3735 3126 ὁδοὶ

489 3199 661 3240 cens:
698 3198 818 3236 nam
854 3181 954 3235 via:
983 3190 1177 3234 nostra:
1225 3189 1350 3232 sunt
1397 3178 1448 3230 in
1497 3177 1928 3245 cogitationibus
1976 3187 2060 3232 at-

489 3291 595 3347 que
640 3274 945 3329 actionibus
999 3270 1209 3341 positae.
1272 3269 1615 3337 QuaprOpter
1660 3270 1738 3322 ait
1790 3267 2062 3327 :.Omnia

489 3366 835 3424 considerate
858 3363 981 3426 feci,
1008 3363 1078 3417 ob
1109 3361 1272 3431 idque
1298 3361 1583 3414 ambulans
1623 3360 1870 3414 converti
1899 3358 2063 3427 pedes

493 3473 644 3514 meos
679 3458 731 3511 in
763 3455 1073 3511 testimonia
1122 3465 1210 3507 tua
1242 3493 1258 3518 ,
1303 3467 1374 3507 ne
1403 3461 1558 3507 extra
1603 3450 1912 3506 testimonia
1965 3449 2060 3504 Dei

491 3548 829 3605 ambularem
857 3589 872 3611 ,
921 3549 1015 3600 sed
1065 3559 1227 3601 omne
1277 3543 1562 3600 consilium
1595 3557 1773 3598 meum
1811 3543 1878 3597 ad
1908 3557 2064 3596 man-

493 3643 619 3697 data
650 3648 738 3694 tua
766 3639 1050 3693 referrem.

567 3730 735 3787 Vens.
775 3728 866 3784 60.
896 3727 1129 3782 Paratus
1168 3743 1307 3792 sum,
1342 3735 1390 3779 et
1421 3741 1522 3779 non
1569 3742 1684 3780 sum
1708 3724 1974 3791 turbatus,
2009 3735 2063 3779 ut

493 3823 791 3879 custodiam
841 3821 1090 3874 mandata
1137 3830 1229 3872 tua
1258 3858 1274 3883 ,
1331 3827 1440 3872 etc.
1475 3817 1776 3872 Aﬂ'ectuum
1819 3819 2063 3873 carentia

494 3914 634 3971 solet
687 3911 1141 3982 imperturbatum
1195 3923 1292 3964 cor
1341 3910 1653 3974 custodire;
1714 3909 1858 3978 quod
1907 3909 2064 3964 nobis

494 4006 695 4062 accidit
720 4019 784 4059 ex
812 4001 1232 4058 conversatione
1251 4010 1401 4056 recta
1427 4009 1480 4056 et
1513 4000 1785 4070 dogmatis
1824 4001 1990 4055 veris.

567 4097 734 4150 Vens.
767 4095 853 4148 61.
887 4091 1063 4147 Funes
1091 4102 1426 4163 peccatorum
1453 4091 1794 4161 circumplexi
1822 4100 1942 4144 sunt
1961 4107 2061 4154 me,

493 4196 544 4244 et
584 4188 747 4258 legem
776 4199 923 4239 tuam
973 4201 1077 4238 uon
1118 4200 1234 4238 sum
1269 4183 1483 4245 oblitus,
1529 4191 1634 4236 etc.
1675 4183 1854 4238 Funes
1883 4183 2065 4252 appel-

495 4280 673 4336 lantur
707 4287 925 4349 pcccata
961 4291 1078 4346 quae
1095 4275 1197 4330 sibi
1228 4274 1456 4328 invicem
1489 4274 1721 4342 implexa
1752 4285 1901 4330 sunt.
1926 4274 2060 4328 Nam

2163 3170 2320 3240 ἡμῶν
2356 3173 2412 3223 ὲν
2458 3170 2826 3240 διαλογισμοῖς
2870 3168 2974 3221 είσι
3023 3169 3119 3222 καὶ
3163 3171 3221 3222 ὲν
3272 3167 3521 3239 πράξεσι.
3564 3163 3735 3231 Φησὶν

2164 3257 2276 3314 οὖν’
2311 3261 2493 3312 Πάντα
2534 3257 3017 3330 περιεσκεμμένως
3045 3258 3297 3327 ἐποίησα,
3336 3255 3432 3309 καὶ
3460 3255 3546 3308 διὰ
3578 3252 3736 3306 τοῦτο

2166 3349 2474 3420 ἐπέστρεψα
2515 3348 2713 3402 ὁδεύων
2749 3348 2876 3410 τοὺς
2908 3347 3073 3410 πόδας
3103 3364 3205 3416 μου
3238 3347 3318 3408 εἰς
3346 3346 3415 3399 τά
3465 3343 3740 3416 μαρτύριά

2168 3457 2281 3502 σου,
2311 3439 2398 3491 ἴνα
2429 3438 2502 3508 μὴ
2538 3437 2735 3503 ἔξωθεν
2761 3436 2868 3488 τῶν
2913 3435 3225 3506 μαρτυρίων
3256 3433 3350 3486 τοῦ
3381 3433 3518 3486 Θεοῦ
3547 3432 3732 3493 ὁδεύω,

2165 3531 2346 3584 πᾶσαν
2367 3529 2462 3600 τὴν
2484 3529 2621 3599 ἐμὴν
2643 3527 2867 3599 γνώμην
2895 3528 2973 3589 είς
2998 3525 3097 3588 τὰς
3127 3524 3223 3588 σάς
3252 3524 3475 3586 ἀναθεὶς
3503 3523 3736 3584 ἐντολάς.

2246 3705 2656 3776 Ἠτοιμάσθην,
2688 3705 2783 3758 καὶ
2811 3707 2923 3758 οὐκ
2959 3703 3296 3773 ἐταράχθην
3334 3703 3441 3757 τοῦ
3468 3701 3736 3772 φυλάξαι

2165 3803 2305 3854 σθαι
2329 3798 2435 3864 τὰς
2458 3795 2712 3862 ἐντολάς
2732 3811 2869 3857 σου,
2912 3813 2965 3848 κ.
3001 3813 3050 3848 τ.
3079 3795 3127 3848 ὲ.
3168 3795 3232 3847 Ἦ
3260 3793 3498 3848 ἀπάθεια
3533 3793 3735 3860 πέφυκε

2164 3893 2262 3965 τὴν
2293 3890 2517 3961 καρδίαν
2543 3887 2812 3959 ἀτάραχον
2842 3885 3242 3956 διαφυλάττειν,
3269 3884 3392 3954 ἥτις
3411 3887 3541 3955 ἡμῖν
3572 3899 3738 3952 προσ-

2165 3981 2370 4051 γίνεται
2401 3982 2465 4032 ὲκ
2507 3977 2778 4040 πολιτείας
2815 3975 2981 4048 ὀρθῆς
3011 3975 3103 4028 καὶ
3132 3974 3416 4045 δογμάτων
3448 3971 3736 4043 ἀληθινῶν.

2235 4071 2481 4141 Σχοινέα
2515 4067 2878 4139 ἁμαρτωλῶν
2927 4064 3417 4135 περιεπλάκησιίν
3460 4082 3581 4131 μοι,
3633 4063 3735 4115 καὶ

2166 4162 2272 4216 τοῦ
2301 4162 2489 4230 νόμου
2517 4174 2634 4213 σου
2666 4163 2778 4213 οὐκ
2820 4157 3222 4226 ἐπελαθόμην,
3264 4174 3316 4208 κ.
3355 4173 3406 4207 τ.
3439 4155 3485 4206 έ.
3517 4154 3736 4223 Σχοινία

2166 4255 2235 4309 τὰ
2281 4251 2558 4324 ἐπάλληλα
2598 4250 2692 4303 καὶ
2738 4250 2804 4304 τά
2851 4247 3314 4319 συμπεπλεγμένα
3359 4245 3737 4316 ἁμαρτήματα

495 4372 586 4439 qui
634 4335 915 4438 peccatum
951 4335 1051 4422 sibi
1110 4377 1442 4435 proponunt,
1482 4335 1704 4438 propter
1740 4366 1868 4421 illud
1894 4367 2054 4421 etiam

2169 4347 2406 4416 λέγεται.
2455 4345 2518 4397 Οἱ
2565 4343 2674 4414 γάρ
2716 4341 2989 4412 ἁμαρτίαν
3037 4339 3364 4411 προθέμενοι
3405 4337 3624 4390 πλέκειν
3667 4335 3734 4388 δι’

495 4461 640 4515 aliud
666 4470 913 4514 attexere
943 4459 1370 4528 compelluntur,
1395 4458 1849 4528 quemadmodum
1889 4457 2059 4512 David

494 4560 714 4624 propter
758 4549 1175 4605 fornicationem
1205 4551 1370 4604 etiam
1403 4550 1605 4604 cazdem
1655 4549 1852 4617 adjecit
1878 4589 1892 4613 ,
1924 4549 2060 4603 Cain

494 4653 715 4716 propter
769 4640 1131 4697 fratricidium
1168 4641 1418 4712 adjunxit
1450 4642 1818 4697 mendacium.
1863 4640 2060 4695 Verum

497 4738 582 4793 bis
613 4751 735 4792 cum
773 4735 1204 4804 implecteretur,
1250 4734 1323 4788 ait
1355 4748 1412 4788 se
1455 4735 1588 4803 legis
1617 4749 1722 4788 non
1755 4732 2065 4787 omnimode

495 4832 723 4887 oblitum
752 4828 920 4884 fuisse
948 4869 963 4892 ,
995 4826 1434 4896 quandoquidem
1477 4825 1543 4879 ad
1575 4823 1948 4894 paenitentiam
1977 4837 2064 4877 re-

491 4923 727 4994 Spiciens
755 4930 810 4976 et
838 4934 1152 4982 conversus.
1185 4917 1368 4972 funem
1404 4917 1609 4986 peccati
1639 4914 1878 4983 abrupit.

569 5014 736 5067 Vsus.
770 5012 860 5065 62.
905 5009 1083 5064 Media
1109 5019 1256 5063 nocte
1279 5009 1555 5078 surgebam
1603 5005 1673 5058 ad
1703 5005 2059 5073 conﬁtendum

495 5107 589 5161 tibi
622 5120 778 5173 super
821 5103 1031 5173 judicia
1077 5101 1634 5172 justiﬁcatiouistute,
1679 5108 1787 5153 ctc.
1834 5096 1946 5152 Hoc
1981 5099 2059 5152 di-

492 5197 722 5253 cendum
753 5196 1015 5250 adversus
1041 5208 1134 5249 eos
1161 5192 1255 5265 qui
1305 5207 1496 5262 preces
1548 5199 1710 5246 noctu
1756 5190 2056 5261 negligunt.

566 5375 730 5429 Vens.
758 5372 846 5426 70.
893 5369 1244 5440 Coagulatum
1293 5377 1366 5420 est
1409 5366 1544 5420 sicut
1589 5365 1672 5419 lac
1713 5383 1802 5420 cor
1851 5383 2061 5432 meum;

493 5487 584 5540 ego
619 5484 736 5522 vero
779 5467 941 5538 legem
975 5473 1121 5516 tuam
1152 5460 1434 5515 meditatus
1465 5476 1602 5524 sum,
1645 5468 1754 5514 etc.
1792 5460 2032 5525 Qtteutad

570 5632 614 5664 ”
643 5632 830 5692 Matth.
867 5650 920 5700 v,
947 5633 1002 5687 8.

2170 4438 2338 4507 αὐτὴν
2374 4434 2468 4488 καὶ
2499 4433 2667 4504 άλλην
2699 4430 3117 4499 ἀναγκάζονται·
3154 4428 3344 4497 ὥσπερ
3382 4427 3411 4478 6
3453 4422 3621 4476 Δαυῒδ
3645 4423 3733 4476 διὰ

2166 4531 2264 4601 τὴν
2295 4522 2550 4602 πορνείαν
2591 4525 2682 4578 καὶ
2711 4523 2802 4576 τὸν
2832 4522 2989 4591 φόνον
3017 4518 3374 4592 προσέθηκεν·
3407 4519 3437 4569 6
3475 4515 3612 4569 Κάῖν
3648 4513 3737 4567 διὰ

2163 4623 2263 4694 τὴν
2292 4618 2706 4688 ἀδελφοκτονίαν
2750 4613 3048 4683 ὲπισυνῆψε
3085 4611 3147 4664 τὸ
3180 4609 3395 4680 ψεῦδος.
3446 4608 3582 4660 Ἀλλ’
3619 4605 3736 4660 οὐδὲ

2171 4714 2373 4768 τούτων
2419 4708 2864 4780 περιπλακέντων
2900 4703 3048 4774 αὐτῷ
3089 4701 3182 4755 τοῦ
3213 4700 3348 4754 Θεοῦ
3382 4700 3547 4770 νόμου
3579 4697 3737 4769 φησὶν

2171 4803 2619 4859 ἐπιλανθάνεσθαι
2660 4801 2895 4862 πάντως·
2947 4799 3049 4861 ὅτι,
3097 4795 3232 4865 πρὸς
3288 4793 3571 4864 μετάνοιαν
3618 4787 3737 4844 ίδὼν

2169 4899 2262 4952 καὶ
2289 4895 2640 4967 ἐπιστρέψας,
2664 4893 2724 4945 τὸ
2751 4889 2979 4962 σχοινίον
3015 4889 3112 4958 τῆς
3139 4885 3413 4957 ἁμαρτίας
3455 4883 3700 4956 ἔρρηξεν.

2238 4989 2651 5045 Μεσονύκτιον
2689 4984 3069 5052 ἐξεγειρόμην
3113 4979 3219 5032 τοῦ
3251 4975 3740 5047 ἐξομολογεῖσθαι

2170 5101 2270 5139 σοι
2298 5083 2397 5136 ἐπὶ
2426 5081 2496 5135 τὰ
2525 5081 2776 5148 κρίματα
2799 5073 2910 5142 τῆς
2937 5072 3328 5137 δικαιοσύνης
3357 5084 3496 5132 σου,
3525 5084 3578 5120 κ.
3608 5084 3658 5120 τ.
3686 5065 3736 5120 ἕ.

2167 5175 2399 5255 Λεκτέον
2450 5153 2624 5226 τοῦτο
2652 5171 2787 5242 πρὸς
2829 5168 2954 5230 τοὺς
3000 5162 3334 5236 ἀμελοῦντας
3379 5161 3594 5230 νύκτωρ
3631 5157 3739 5211 τῶν

2171 5267 2507 5342 προσευχῶν.

2251 5358 2537 5429 Ἐτιιρώθη
2588 5356 2667 5420 ὡς
2703 5353 2857 5423 γάλα
2903 5351 2940 5418 ἠ
2994 5347 3203 5416 καρδιά
3242 5343 3460 5399 αὐτῶν
3489 5339 3604 5410 ἐγὼ
3634 5338 3739 5392 τὸν

2171 5457 2358 5526 νόμον
2386 5467 2501 5507 σου
2543 5444 2896 5518 ἐμελέτησα,
2945 5461 2994 5498 κ.
3041 5459 3091 5495 τ.
3135 5440 3182 5495 ὲ.
3243 5439 3454 5509 Ὠσπερ
3502 5437 3530 5488 6
3581 5429 3740 5502 τυρὸς
