4066 6236
382 311 510 366 “illi

1302 313 1603 367 SEIECTA
1642 312 1703 364 IN
1743 312 2076 366 PSALMOS.
2111 346 2178 353 —
2219 315 2408 369 PSAL.
2436 314 2667 372 CXVIII.

3493 321 3629 379 {602

377 424 443 499 ἦν
475 430 561 481 ὅτε
603 430 699 481 οὐκ
727 425 794 499 ἧν
825 430 1006 501 τυρὸς,
1045 431 1216 493 οὕτως
1255 432 1302 482 oi.
1343 430 1593 501 δαίμονες
1634 425 1775 500 ἦσάν
1801 447 1930 483 ποτε

2062 432 2278 483 modum
2329 446 2519 486 caseus
2560 440 2700 497 erat,
2733 431 2949 501 quando
2984 447 3092 488 non
3125 444 3244 489 erat
3283 450 3498 500 caseus,
3549 453 3622 492 διο

375 520 463 571 ὅτε
498 520 596 571 οὐκ
634 516 771 588 ἦσαν
806 522 1051 592 πονηροί.
1085 523 1146 573 Ei
1187 522 1243 574 δὲ
1296 522 1356 572 τὸ
1397 521 1537 589 γὰλα
1584 521 1953 594 πρεσϐύτερόν

375 602 492 660 ἐστι
543 610 636 662 τοῦ
672 611 856 681 τυροῦ,
902 612 1140 681 δηλονότι
1185 614 1277 664 καὶ
1318 614 1349 682 ἡ
1394 613 1561 684 ἁρετὴ
1613 612 1953 686 πρεσϐυτέρα

373 700 473 771 τῆς
509 703 706 767 κακίας
736 705 901 757 ἐστίν’
938 705 1089 775 τυρῷ
1119 706 1226 775 γὰρ
1261 705 1422 759 Δαυῖδ
1446 706 1544 777 τὴν
1577 707 1773 759 κακίαν
1798 706 1954 758 ἀπεί-

376 808 447 843 κα.
458 810 568 848 σεν.

464 882 704 951 Ἅγαθόν
721 903 822 953 μοι
852 886 939 938 ὅτι
968 886 1373 953 ἑταπείνωσάς
1390 906 1485 956 με,
1513 888 1671 955 ὅπως
1700 889 1776 943 ἂν
1788 889 1954 958 μάθω

380 973 457 1028 τὰ
487 975 846 1045 δικαιώματά
872 992 1009 1041 σου,
1044 996 1098 1032 κ.
1132 997 1180 1031 τ.
1219 981 1264 1032 ἐ.
1313 980 1455 1033 Ὢσεὶ
1484 981 1686 1049 ἔλεγεν
1735 981 1953 1035 Εύδοκῶ

381 1063 442 1118 ἐν
465 1065 788 1135 ἀσθενείαις,
816 1071 872 1122 ὲν
899 1069 1139 1141 ὕϐρεσιν,
1172 1074 1228 1125 ὲν
1262 1073 1547 1141 ἀνάγκαις,
1586 1077 1642 1127 ὲν
1671 1074 1949 1145 διωγμοῖς,

384 1158 442 1209 ὲν
470 1161 866 1230 στενοχωρίαις.
908 1162 1089 1225 Ἀξιος
1116 1163 1346 1233 ὀφθῆναι
1379 1165 1485 1217 τῶν
1514 1166 1619 1217 σῶν
1651 1166 1952 1237 δικαιωμά-

382 1267 489 1303 των
513 1252 667 1315 αίτῶ,
702 1253 846 1323 ἅπερ
872 1255 971 1306 οὐκ
1000 1253 1145 1307 ἐστιν
1170 1255 1343 1318 ἄλλως
1370 1256 1579 1326 μαθεῖν.

444 1425 956 1491 Αἰσχυνθήτωσαν
998 1428 1391 1497 ὑπερήφανοι,
1434 1430 1523 1482 ὅτι
1552 1430 1768 1497 ἀδίκως
1808 1432 1950 1499 ἡνό-

376 1531 585 1582 μησαν
606 1519 693 1582 εὶς
722 1519 845 1586 ἐμὲ,
876 1537 928 1572 κ.
961 1537 1011 1571 τ.
1050 1521 1095 1573 ὲ.
1143 1522 1205 1574 ἸΙ
1230 1522 1457 1591 αίσχύνη
1492 1524 1570 1585 είς
1601 1522 1951 1593 συναίσθησιν

382 1604 624 1672 πέφυκεν
652 1606 805 1673 ἄγειν
839 1607 926 1659 τὸν
950 1609 1351 1680 ἁμαρτάνοντα.

464 1696 1026 1763 Ἐπιστρεψάτωσάν
1067 1718 1169 1769 μοι
1236 1704 1289 1754 οι
1332 1702 1691 1771 φοϐούμενοί
1725 1717 1797 1755 σε
1851 1703 1946 1755 καὶ

2059 520 2333 575 daemones
2373 522 2663 590 aliquando
2692 531 2869 589 erant,
2901 524 3115 592 quando
3140 539 3248 578 non
3274 536 3433 581 erant
3471 529 3621 583 mali.

2058 608 2115 661 Si
2147 624 2276 663 vero
2302 610 2384 665 lac
2412 611 2687 679 antiquius
2716 621 2797 665 est
2830 626 3023 676 caseo,
3055 613 3131 667 ita
3154 614 3405 669 videlicet
3428 625 3483 670 et
3516 617 3628 669 vir-

2061 708 2147 753 tus
2176 701 2451 769 antiquior
2485 710 2568 755 est
2617 702 2846 755 malitia.
2880 702 3051 758 Caseo
3095 707 3236 759 enim
3273 706 3439 760 David
3467 707 3624 761 mali-

2059 791 2187 843 tiam
2216 790 2561 846 assitnilavit.

2130 879 2294 933 Vens.
2324 878 2409 935 7i.
2441 879 2648 933 Bonum
2674 879 2801 932 mihi
2831 881 2953 951 quia
2983 883 3277 938 humiliasti
3302 903 3382 940 me
3409 926 3423 952 ,
3449 897 3505 941 ut
3540 890 3622 942 di-

2056 988 2196 1025 scam
2222 971 2634 1040 justifirationes
2679 986 2821 1037 tuas,
2850 984 2956 1029 etc.
2987 974 3152 1040 Quasi
3181 977 3384 1031 diceret
3414 995 3428 1031 :
3462 978 3626 1033 Com-

2055 1059 2241 1129 placeo
2274 1062 2402 1114 mihi
2434 1060 2488 1114 in
2518 1062 2945 1126 infirmitatibus,
2972 1063 3024 1116 in
3062 1067 3424 1131 contumeliis,
3444 1067 3495 1121 in
3527 1082 3625 1123 ne-

2054 1150 2424 1213 cessitatibus,
2463 1152 2514 1205 in
2540 1153 3025 1220 persecutionibus,
3055 1153 3222 1225 805
3250 1154 3302 1207 in
3332 1157 3617 1225 angustiis.

2055 1239 2252 1295 Precor
2286 1251 2344 1294 ut
2379 1242 2483 1296 tuis
2534 1257 2824 1311 appaream
2858 1242 3052 1309 dignus
3098 1240 3615 1309 jus-lineationibus,

2054 1346 2187 1402 quas
2214 1333 2435 1401 quidem
2474 1333 2763 1386 nonaliter
2798 1333 3006 1386 discere
3037 1342 3137 1388 est.

2120 1425 2283 1479 Vens.
2314 1424 2401 1478 78.
2443 1424 2854 1493 Confundantur
2883 1427 3112 1493 superbi,
3145 1428 3270 1495 quia
3300 1426 3491 1496 injuste
3515 1430 3621 1483 ini-

2050 1519 2305 1585 quitatem
2346 1518 2580 1582 fecerunt
2633 1518 2687 1570 in
2718 1533 2818 1581 me,
2869 1527 2977 1571 etc.
3010 1515 3269 1572 Confusio
3297 1528 3616 1588 peccantem

2053 1606 2118 1659 ad
2156 1606 2238 1660 sui
2272 1622 2488 1660 sensum
2521 1607 2656 1661 solet
2682 1608 2974 1662 adducere.

2126 1698 2289 1753 Vens.
2316 1698 2403 1752 79.
2450 1699 2837 1752 Convertuntur
2878 1698 3008 1751 mihi
3062 1700 3301 1754 timentes
3335 1708 3406 1766 te,
3444 1710 3495 1755 et
3528 1702 3618 1771 qui

381 1785 433 1835 οι
473 1784 866 1853 γινώσκοντες
899 1789 969 1843 τὰ
1012 1791 1304 1859 μαρτύριὰ
1338 1808 1474 1856 σου,
1508 1811 1560 1845 κ.
1614 1811 1662 1845 τ.
1696 1795 1743 1847 ὲ.
1800 1795 1934 1846 Ἐπι-

2055 1798 2306 1840 noverunt
2336 1788 2636 1841 testimonia
2673 1796 2763 1840 tua
2792 1828 2807 1854 ,
2852 1796 2963 1842 etc.
2998 1786 3097 1853 Qui
3130 1788 3396 1857 ejusmodi
3442 1800 3569 1846 sunt
3600 1829 3617 1856 ,

383 1874 605 1944 στρέψαι
640 1878 773 1949 πρὸς
793 1880 952 1933 αὐτὸν
980 1883 1071 1934 καὶ
1102 1884 1499 1954 παραγενέσθαι
1529 1886 1654 1949 τοὺς
1678 1884 1947 1949 τοιούτους

380 1966 536 2029 αίτεί,
566 1964 641 2027 ὠς
664 1965 729 2018 ἂν
760 1968 941 2031 αὐτοῖς
963 1970 1060 2040 τῆς
1089 1972 1145 2023 ἐν
1172 1971 1318 2042 αὐτῷ
1347 1973 1597 2046 μεταδοίη
1636 1974 1873 2045 χάριτος.

446 2053 761 2123 Γενηθήτω
792 2058 829 2125 ἠ
881 2060 1094 2124 καρδία
1142 2080 1260 2129 μου
1309 2061 1545 2131 ἄμωμος
1589 2065 1658 2117 ἐν
1689 2065 1811 2131 τοῖς
1858 2065 1943 2118 δι-

378 2146 667 2216 καιώμασί
701 2163 836 2213 σου,
877 2148 1034 2216 ὅπως
1074 2151 1150 2204 ἂν
1182 2151 1268 2220 μὴ
1322 2154 1646 2222 αἰσχυνθῶ,
1696 2173 1749 2208 κ.
1793 2173 1843 2209 τ.
1895 2157 1941 2211 ὲ.

390 2236 476 2299 Ὠς
513 2239 677 2308 μήπω
707 2238 845 2309 ἔχων
880 2243 1025 2294 αἰτεῖ
1054 2244 1191 2295 κατὰ
1220 2243 1300 2305 τὸ,
1348 2262 1366 2294 t
1423 2245 1663 2315 Καρδίαν
1702 2245 1946 2317 καθαρὰν

377 2329 558 2382 κτίσον
587 2334 643 2383 ὲν
676 2333 818 2403 ἐμοὶ,
843 2335 870 2386 ὁ
898 2334 1048 2397 Θεός.
1087 2354 1104 2385 ι
1136 2336 1244 2389 Καὶ
1279 2336 1394 2398 πῶς
1432 2356 1450 2387 ι
1482 2336 1711 2407 ἄμωμος
1741 2358 1759 2390 ι
1794 2339 1945 2392 ἔσται

374 2420 408 2489 ἢ
445 2422 585 2475 κατὰ
629 2424 755 2486 τοὺς
795 2424 1010 2488 λοιποὺς
1058 2446 1076 2477 t
1114 2427 1324 2491 τελεία;
1369 2447 1386 2479 ι
1452 2430 1779 2501 Ἐπήγαγεν,
1833 2450 1851 2481 ι
1889 2433 1945 2483 ἐν

374 2514 485 2572 τοῖς
515 2512 844 2583 δικαιώμασί
878 2533 990 2569 σου.
1030 2537 1048 2568 ι
1083 2519 1267 2589 Τούτῳ
1294 2520 1350 2572 δὲ
1377 2521 1436 2573 τὸ
1471 2522 1543 2591 μὴ
1591 2522 1943 2593 αἰσχυνθῆναι

376 2600 676 2675 ἀκολουθεϊ’
702 2606 963 2677 αἰσχύνης
988 2609 1094 2678 γὰρ
1122 2609 1268 2675 ἄξιον
1297 2613 1403 2663 πᾶν
1434 2612 1735 2683 ἁμάρτημα
1760 2654 1773 2666 .

456 2771 771 2834 Ἐξέλιπον
797 2779 851 2829 οἱ
878 2779 1171 2848 ὀφθαλμοί
1192 2800 1311 2849 μου
1342 2785 1429 2848 εἰς
1467 2784 1532 2835 τὸ
1555 2786 1764 2853 λόγιόν
1801 2803 1937 2855 σου,

371 2861 669 2929 λέγοντες·
719 2868 868 2919 Πότε
907 2870 1345 2936 παρακαλέσας
1366 2889 1477 2939 με;
1510 2891 1561 2925 κ.
1591 2892 1640 2926 τ.
1674 2876 1718 2927 ὲ.
1757 2877 1941 2949 Παρά-

370 2952 559 3024 κλησίς
593 2958 736 3009 ἐστιν
760 2960 792 3028 ή
828 2959 1127 3023 ἀνάπαυσις
1150 2961 1324 3031 ψυχῆς
1353 2964 1459 3015 ἀπὸ
1484 2965 1678 3029 πόνων.

442 3044 557 3096 Ὅτι
588 3046 880 3117 ἐγενήθην
910 3051 989 3116 ὡς
1012 3052 1203 3115 ἀσκὸς
1231 3052 1302 3103 ἐν
1331 3053 1552 3121 πάχνη,
1585 3072 1638 3107 κ.
1675 3075 1725 3108 τ.
1763 3059 1807 3108 ὲ.
1834 3060 1937 3111 Εὐ-

2052 1890 2147 1931 eos
2176 1877 2242 1931 ad
2289 1892 2347 1932 se
2391 1879 2631 1932 converti
2662 1888 2716 1931 et
2754 1878 3017 1932 accedere
3063 1880 3224 1947 petit,
3271 1888 3330 1934 ut
3352 1893 3471 1935 eam
3494 1895 3617 1950 quae

2051 1968 2150 2023 sibi
2183 1968 2342 2033 inest,
2375 1970 2602 2038 gratiam
2636 1985 2757 2024 cum
2788 1970 2920 2038 ipsis
2946 1971 3330 2026 communicet.

2115 2058 2281 2114 Vens.
2309 2061 2397 2116 80.
2430 2059 2559 2113 Fiat
2584 2076 2674 2113 cor
2703 2076 2873 2113 meum
2896 2061 3293 2116 immaculatum
3321 2061 3377 2115 in
3409 2060 3613 2132 justi/i-

2049 2150 2342 2203 utionibus
2373 2150 2559 2210 tuis,ut
2588 2163 2689 2200 non
2716 2147 3034 2216 confundor,
3067 2157 3180 2202 etc.
3210 2147 3493 2217 Tanquam
3520 2149 3611 2217 qui

2051 2241 2288 2294 nondum
2318 2240 2447 2294 illud
2481 2240 2697 2303 habeat,
2742 2238 3193 2308 precatur,juxta
3231 2239 3406 2295 illud:
3448 2256 3466 2290 t
3507 2238 3613 2294 Cor

2050 2333 2305 2387 mundum
2339 2346 2462 2386 crea
2492 2330 2545 2384 in
2578 2345 2683 2395 me,
2714 2330 2853 2385 Deus
2879 2330 2945 2383 ³⁸.
2982 2348 3001 2381 ι
3043 2330 3108 2383 Et
3140 2332 3412 2399 quomodo
3447 2350 3466 2383 ι
3506 2332 3577 2385 im
3604 2361 3611 2370 ι

2049 2421 2379 2475 maculatum
2435 2439 2454 2472 ι
2500 2420 2629 2482 erit,
2662 2419 2743 2473 vel
2783 2421 2938 2489 juxta
2985 2420 3224 2489 reliquos
3254 2422 3607 2491 interpretes,

2051 2529 2070 2561 ι
2136 2509 2490 2579 perfectum?
2554 2528 2573 2561 ι
2623 2508 2886 2573 Addidit,
2942 2528 2961 2559 ι
3028 2510 3081 2562 in
3132 2510 3611 2577 justiﬁcationibus

2049 2600 2177 2654 luis.
2232 2617 2251 2651 ι
2308 2599 2444 2653 Hinc
2489 2602 2546 2652 lit
2595 2609 2653 2653 ut
2682 2599 2924 2653 confusio
2957 2616 3062 2654 non
3097 2611 3375 2670 sequatur.
3411 2602 3612 2657 Confu-

2044 2692 2195 2746 sione
2227 2692 2369 2745 enim
2396 2692 2615 2760 dignum
2647 2701 2731 2746 est
2765 2676 2925 2748 omne
2960 2703 3263 2763 peccatum.

2115 2783 2278 2837 Vens.
2311 2782 2401 2837 82.
2447 2782 2756 2851 Defecerunt
2790 2785 2924 2837 oculi
2951 2785 3052 2838 mei
3077 2786 3130 2838 in
3171 2785 3431 2851 eloquium
3457 2794 3603 2839 tuum

2042 2873 2297 2936 dicentes,
2318 2873 2545 2940 Quando
2573 2874 2927 2929 consolaberis
2955 2893 3033 2929 me
3064 2877 3087 2931 Ρ
3140 2884 3244 2931 etc.
3295 2877 3606 2933 Consolatio

2043 2974 2125 3019 est
2155 2964 2369 3033 requies
2396 2966 2589 3017 animae
2613 2979 2643 3017 a
2676 2965 2969 3022 laboribus.

2118 3058 2282 3110 Vens.
2309 3056 2397 3111 83.
2432 3056 2571 3120 Quia
2605 3057 2779 3124 factus
2819 3074 2934 3110 sum
2968 3059 3100 3111 sicut
3141 3070 3257 3111 uter
3286 3059 3340 3111 in
3372 3062 3603 3127 pruina,

372 3135 555 3203 ρήσεις
606 3138 871 3208 πολλαχοῦ
911 3143 1009 3210 τῆς
1060 3143 1282 3211 Γραφῆς
1334 3143 1830 3214 τροπολογούμενον
1875 3150 1934 3201 τὸ

2040 3156 2145 3202 etc.
2175 3146 2420 3199 Invenies
2450 3146 2765 3214 frequenter
2810 3148 2862 3199 in
2913 3147 3198 3214 Scriptura
3242 3150 3449 3217 tr0pice
3477 3166 3603 3204 cor-

370 3224 527 3292 σῶμα
550 3226 628 3287 είς
651 3228 835 3281 ἀσκόν.
869 3231 932 3279 Ὃ
956 3226 1047 3281 οὖν
1070 3229 1216 3295 λέγει
1240 3233 1267 3282 ὁ
1290 3230 1493 3293 δίκαιος
1509 3233 1743 3287 τοιοῦτόν
1768 3237 1932 3289 ἐστιν·

381 3313 688 3383 Ἐνέκρωσά
714 3334 813 3385 μου
842 3316 909 3368 τὰ
942 3318 1076 3386 μέλη
1108 3320 1200 3371 ἐπὶ
1230 3320 1331 3389 τῆς
1352 3322 1474 3392 γῆς·
1500 3322 1596 3394 τὴν
1627 3324 1935 3396 θερμότητα

365 3404 460 3456 τοῦ
496 3404 741 3474 σώματος
783 3406 951 3475 ἕψυξα
988 3410 1065 3479 τῷ
1098 3410 1225 3481 θείῳ
1256 3412 1418 3483 λόγῳ
1448 3414 1628 3467 οὐκέτι
1662 3417 1776 3487 εἰμὶ
1811 3418 1934 3491 θερ-

368 3495 467 3563 μὸς
507 3497 641 3566 πρὸς
686 3496 861 3567 ὄρεξιν
906 3500 1012 3552 τῶν
1058 3503 1199 3556 κατὰ
1248 3503 1345 3575 τὴν
1386 3506 1656 3580 κοιλίανῆ
1705 3510 1841 3581 πρὸς
1866 3512 1935 3565 τὰ

366 3585 673 3654 σωματικά’
692 3586 970 3647 ἐνέκρωσα
995 3593 1087 3644 καὶ
1113 3593 1281 3662 ἐψυξα
1308 3596 1377 3650 τὰ
1406 3597 1541 3670 μέλη
1570 3600 1662 3653 ἐπὶ
1685 3601 1781 3672 τῆς
1807 3602 1931 3671 γῆς.

434 3765 624 3817 Πόσαι
654 3768 814 3820 εἰσὶν
845 3772 906 3822 αἱ
946 3772 1155 3838 ἡμέραι
1197 3774 1301 3827 τοῦ
1329 3774 1554 3830 δούλου
1592 3794 1745 3843 σου;
1788 3784 1931 3835 πότε

361 3854 632 3921 ποιήσεις
648 3876 747 3925 μοι
769 3860 835 3912 ἐκ
869 3861 986 3914 τῶν
1010 3863 1344 3918 διωκόντων
1364 3884 1442 3935 με
1466 3870 1685 3935 κρίσιν,
1724 3889 1776 3924 κ.
1800 3890 1849 3925 τ.
1880 3876 1924 3928 ὲ.

373 3943 579 4034 Ὀλίγαι
608 3948 714 4019 γὰρ
751 3952 804 4002 αἱ
838 3952 945 4005 τῶν
976 3954 1277 4026 ἀνθρώπων
1309 3959 1513 4029 ἡμέραι
1554 3960 1646 4012 ἐπὶ
1679 3962 1777 4031 τῆς
1804 3965 1925 4034 γῆς,

358 4034 418 4087 ὲν
446 4031 533 4101 αἷς
562 4039 776 4109 εὔχεται
803 4046 1010 4115 ταχέως
1045 4050 1389 4121 συντριϐῆναι
1424 4052 1512 4105 τὸν
1542 4053 1783 4107 Σατανᾶν
1824 4057 1929 4109 ὑπὸ

355 4130 481 4192 τοὺς
515 4132 678 4196 πόδας
702 4136 884 4190 αὐτοῦ.

432 4222 543 4275 Τοῦ
582 4226 784 4279 αὐτοῦ.
820 4230 996 4282 Πᾶσαι
1024 4231 1737 4305 ἀνθρώπωνήμέραιόλίγαι
1767 4237 1922 4291 είσίν.

2038 3251 2136 3306 pus
2160 3236 2263 3292 dici
2294 3244 2490 3289 utrem.
2523 3235 2675 3302 Quod
2702 3236 2866 3306 igitur
2891 3235 2977 3291 hic
3005 3237 3183 3306 justus
3212 3239 3308 3301 ait,
3335 3249 3419 3293 est
3453 3238 3602 3307 eius-

2038 3328 2179 3382 modi
2219 3345 2233 3379 :
2282 3322 2598 3380 Mortiﬁcavi
2649 3326 2887 3379 membra
2935 3342 3050 3379 mea
3078 3367 3094 3393 ,
3126 3343 3245 3396 quae
3290 3338 3416 3383 sunt
3444 3344 3605 3399 super

2038 3429 2284 3482 terram;
2318 3418 2563 3484 corporis
2588 3416 2823 3470 calorem
2865 3417 3048 3470 divino
3100 3418 3264 3471 verho
3318 3419 3605 3489 refrigera-

2036 3512 2121 3577 vi;
2162 3527 2266 3563 non
2299 3510 2530 3580 amplius
2566 3510 2719 3563 caleo
2772 3507 2837 3560 ad
2888 3508 3130 3570 ventris,
3179 3510 3260 3561 vel
3297 3509 3361 3561 ad
3419 3523 3600 3563 rerum

2034 3603 2341 3657 carnalium
2405 3601 2738 3672 appetitum;
2788 3598 3114 3652 mortiﬁcavi
3177 3609 3232 3652 et
3286 3598 3599 3668 refrigeravi

2036 3695 2278 3749 membra
2315 3709 2432 3747 mea
2466 3708 2585 3762 qua:
2609 3701 2733 3747 sunt
2761 3706 2922 3759 super
2957 3698 3179 3745 terram.

2105 3786 2267 3840 Vens.
2301 3784 2390 3839 84.
2425 3784 2566 3848 Quot
2590 3791 2708 3836 sunt
2734 3782 2843 3835 dies
2873 3781 3007 3835 servi
3035 3782 3113 3833 tui
3142 3782 3166 3835 ?
3193 3780 3404 3851 quando
3436 3780 3597 3848 facies

2030 3877 2094 3929 de
2143 3873 2573 3945 persequentibus
2621 3888 2703 3924 me
2743 3871 3058 3940 judicium?
3100 3882 3204 3925 etc.
3236 3869 3401 3924 Pauci
3450 3870 3595 3923 enim

2031 3968 2312 4021 hominum
2345 3968 2461 4022 dies
2500 3976 2623 4022 sunt
2649 3980 2810 4034 super
2840 3973 3058 4025 terram,
3092 3962 3144 4016 in
3175 3962 3371 4030 quibus
3402 3976 3593 4029 preca-

2032 4072 2119 4117 tur
2152 4062 2407 4117 Satanam
2441 4062 2551 4117 cito
2584 4060 2794 4117 conteri
2826 4059 2927 4113 sub
2951 4056 3175 4130 pedibus
3221 4056 3355 4126 ejus.

2096 4238 2371 4309 Ejusdem.
2408 4239 2607 4295 Omnes
2636 4238 2752 4293 dies
2805 4235 3026 4290 humani
3073 4233 3229 4304 pauci
3277 4242 3425 4289 sunt.
3450 4230 3589 4287 Cum

368 4308 519 4362 Ἐπεὶ
546 4308 639 4364 οὖν
667 4314 1075 4389 ὀλίγον’χρόνον
1108 4323 1184 4387 ζῶ
1214 4325 1305 4377 ἐπὶ
1334 4327 1455 4396 γῆς,
1503 4326 1758 4398 βούλομαι
1798 4329 1924 4381 ίδεῖν

2047 4308 2191 4400 gitur
2221 4331 2415 4400 exiguo
2448 4340 2688 4400 tempore
2733 4329 2910 4382 vivam
2948 4342 3109 4396 supra
3160 4335 3362 4381 terram
3388 4365 3403 4387 ,
3430 4325 3592 4395 cupio

354 4401 481 4464 τοὺς
518 4405 949 4471 καταδιώκοντάς
982 4429 1048 4479 με
1079 4417 1451 4486 κρινομένους,
1488 4419 1581 4471 καὶ
1619 4420 1922 4490 παρακαλῶ

2040 4424 2207 4479 videre
2246 4434 2624 4494 persecutores
2655 4436 2802 4475 meos
2829 4420 3125 4490 judicatos,
3164 4428 3219 4473 et
3266 4433 3396 4488 rogo
3440 4425 3492 4470 te
3521 4430 3589 4470 ne

355 4505 414 4582 σε
453 4492 526 4562 μὴ
560 4493 910 4563 ὑπερθέσθαι.
944 4500 1100 4564 Τίνες
1125 4503 1181 4555 δέ
1210 4507 1347 4560 είσιν
1371 4509 1419 4561 οἱ
1451 4509 1579 4579 περί
1600 4502 1673 4562 ὧν
1704 4509 1921 4580 εὔχεται

2040 4492 2263 4570 lin‘eras.
2293 4515 2522 4582 Quinam
2556 4528 2685 4567 vero
2719 4512 2795 4566 illi
2825 4520 2950 4566 sunt
2978 4511 3043 4563 de
3068 4511 3264 4579 quibus
3293 4517 3444 4579 optat
3470 4506 3585 4560 ﬁeri

354 4580 439 4633 ἵνα
495 4582 716 4675 γένηται
762 4588 849 4638 ἐπ’
892 4589 1089 4652 αὐτοὺς
1127 4594 1341 4663 κρίσις;
1382 4599 1445 4651 οι
1494 4597 1922 4665 καταδιώκοντες

2047 4580 2334 4662 υιΙίοἰιιηιῖἶ
2378 4605 2572 4674 Utique
2609 4604 2682 4658 illi
2715 4605 2803 4672 qui
2840 4619 2938 4657 nos
2971 4610 3393 4672 persequuntur,
3426 4598 3584 4651 Sata-

350 4675 498 4768 ημᾶς
531 4674 773 4740 Σατανᾶς
812 4696 870 4731 τε
895 4683 988 4734 καὶ
1018 4682 1087 4734 τὰ
1128 4690 1469 4757 πνευματικὰ
1497 4693 1594 4763 τῆς
1632 4694 1916 4765 πονηρίας.

2040 4714 2122 4751 ias
2176 4713 2374 4768 nempe
2424 4706 2478 4752 et
2525 4696 2790 4765 spiritalia
2836 4694 3112 4762 nequitiae.
3149 4692 3373 4756 Quando
3405 4696 3583 4741 autern

352 4765 520 4821 Ὅταν
554 4770 611 4822 δὲ
644 4771 790 4841 ἡμᾶς
817 4774 909 4826 καὶ
950 4774 1233 4846 ἄνθρωπος
1265 4778 1393 4850 δοκῇ
1430 4784 1802 4852 καταδιώκειν,
1840 4786 1916 4857 τῷ

2040 4790 2188 4843 aliam
2242 4765 2408 4844 homo
2459 4802 2558 4844 nos
2590 4788 2835 4856 persequi
2888 4785 3037 4837 visus
3080 4780 3282 4842 fuerit,
3338 4780 3439 4832 hoc
3470 4780 3585 4846 ipso

349 4858 580 4928 πρώτως
610 4864 962 4918 καταδιώκειν
992 4867 1091 4919 οὐκ
1122 4867 1403 4940 ἅνθρωπός
1442 4873 1608 4939 ἐστιν,
1640 4876 1775 4929 ἀλλὰ
1800 4877 1912 4931 διά·

347 4946 519 5014 ὕθλος,
547 4944 607 5004 οὗ
637 4957 877 5026 μιμητής
905 4958 1040 5010 ἐστι.

414 5043 789 5112 Διηγήσαντό
823 5066 924 5116 μοι
985 5049 1315 5120 παράνομοι
1356 5054 1742 5123 ἀδολεσχΙας,
1776 5060 1913 5115 ἀλλ’

342 5134 456 5201 οὐχ
488 5134 566 5199 ὠς
612 5138 645 5189 ό
683 5139 866 5205 νόμος
904 5154 1039 5204 σου,
1084 5158 1137 5193 κ.
1180 5158 1231 5195 τ.
1278 5143 1322 5194 ὲ.
1378 5145 1446 5195 Ἦ
1483 5146 1609 5208 τοὺς
1647 5147 1913 5216 γραώδεις

345 5224 546 5293 μύθους
570 5227 677 5281 τῶν
703 5229 967 5284 Ἰουδαίων
989 5234 1122 5303 φησὶ⁸
1153 5234 1249 5297 τὰς
1270 5224 1630 5304 διδασκαλίας,
1661 5240 1693 5309 ἢ
1724 5237 1815 5293 καὶ
1845 5241 1912 5294 τὰ

340 5315 651 5384 ἐντάλματα
697 5319 803 5374 τῶν
847 5322 1170 5394 ἀνθρώπων,
1215 5327 1307 5379 καὶ
1358 5327 1457 5390 τὰς
1502 5328 1771 5400 φλυαρίας
1802 5331 1910 5385 τῶν

340 5407 521 5474 σοφῶν
565 5409 658 5461 τοῦ
701 5411 895 5476 αἰῶνος
941 5414 1147 5469 τούτου.
1196 5417 1386 5470 Πολλοὶ
1438 5420 1545 5491 γὰρ
1586 5422 1907 5493 ἑρμηνεύειν

338 5498 672 5571 ἐπιχειροῦσι
701 5502 799 5567 τὰς
836 5504 985 5570 θείας
1017 5509 1235 5579 Γραφὰς
1276 5510 1504 5567 καὶτῶν
1540 5514 1637 5586 τῆς
1678 5508 1906 5582 Ἐκκλη-

386 5701 431 5733 ³⁸
478 5702 615 5757 Psal.
652 5722 704 5770 ι..
750 5706 838 5764 12.

2020 4881 2162 4949 quod
2196 4881 2344 4948 prior
2366 4880 2730 4949 persequitur,
2752 4878 2863 4943 jam
2890 4889 2993 4927 non
3032 4881 3115 4925 est
3147 4870 3328 4935 homo,
3356 4868 3449 4924 sed
3474 4869 3585 4921 dia-

2020 4973 2194 5037 bolus,
2223 4973 2378 5039 cujus
2411 4969 2695 5024 wmulator
2731 4974 2829 5019 est.

2102 5064 2267 5117 Vens.
2294 5063 2383 5116 85.
2426 5058 2786 5113 Narraverunt
2834 5055 2964 5107 mihi
3006 5054 3168 5125 iniqui
3203 5050 3576 5120 fabulationes,

2014 5158 2107 5209 sed
2139 5170 2242 5208 non
2276 5161 2331 5205 ut
2370 5152 2455 5204 lea:
2485 5159 2575 5202 tua
2601 5185 2618 5213 ,
2657 5158 2764 5202 etc.
2804 5146 2898 5201 Vel
2947 5146 3117 5200 aniles
3161 5142 3372 5197 fabulas
3421 5148 3581 5195 vocat

2015 5242 2292 5297 doctrinas
2322 5240 2649 5303 Judaeorum,
2670 5237 2752 5293 vel
2784 5238 2946 5292 etiam
2978 5247 3242 5307 praecepta
3276 5236 3573 5298 hominum,

2014 5341 2069 5386 et
2098 5348 2268 5401 nugas
2293 5331 2600 5400 sapientum
2634 5327 2795 5400 huius
2823 5330 3031 5384 steculi.
3061 5327 3215 5382 Multi
3266 5327 3413 5381 enim
3467 5334 3574 5380 tam

2015 5423 2108 5492 qui
2143 5426 2195 5476 in
2251 5422 2491 5477 Ecclesia
2538 5430 2684 5485 sunt,
2720 5436 2886 5490 quam
2921 5420 3011 5490 qui
3038 5430 3216 5486 extra,
3246 5428 3306 5473 ut
3333 5418 3571 5473 haeretici

2016 5530 2068 5573 et
2106 5515 2294 5579 Judrei,
2338 5514 2420 5567 vol
2448 5515 2611 5569 etiam
2647 5513 2998 5578 Samaritani,
3028 5512 3238 5567 dixinas
3268 5510 3576 5580 Scripturas
