4066 6236
515 330 651 384 1607

1912 319 2000 371 EX
2038 317 2337 372 ORIGI-ZNE

3606 310 3627 363 l
3641 308 3752 362 608

514 445 775 510 intelligat
808 453 967 510 atque
1005 438 1294 494 custodiat.
1324 437 1665 506 Quapropter
1695 434 1873 489 altiori
1905 448 2065 487 sensu

2178 450 2296 485 των.
2346 432 2444 485 Διὰ
2475 434 2631 486 τοῦτο
2662 433 2895 504 δύναμαι
2949 436 3135 505 νοῆσαι
3167 435 3464 507 βαθύτερον
3498 438 3557 491 τὸ
3594 442 3753 510 εἰρη-

514 535 757 602 accipere
804 545 1021 598 possum
1070 521 1211 597 quod
1268 527 1470 580 dictum
1511 536 1593 579 est
1643 540 1672 578 a
1721 523 1949 578 Domino
1992 522 2071 573 "z

518 642 537 675 ι
570 622 781 691 Diligite
828 621 1072 674 inimicos
1107 628 1338 671 vestros.
1375 636 1393 668 ι
1454 617 1530 668 11ιί
1560 616 1703 671 enim
1756 613 1921 667 nostri
1952 622 2077 666 sunt

515 711 754 774 inimici,
784 710 876 776 qui
929 727 946 759 ι
984 708 1156 761 zelum
1186 706 1402 774 quidem
1439 705 1529 758 Dei
1578 704 1816 767 habent,
1848 700 1941 755 sed
1971 716 2075 754 non

515 803 811 857 secundum
842 799 1125 852 scientiam
1159 796 1224 850 ".
1258 815 1277 847 ι

592 891 752 945 Vnus.
779 890 866 944 99.
895 889 1065 956 Super
1093 904 1270 940 omnes
1289 888 1528 939 docentes
1560 902 1640 937 me
1670 883 1923 946 intellexi,
1953 886 2075 952 quia

511 984 811 1040 testimonia
867 993 957 1051 tua
1015 980 1289 1033 meditatio
1350 994 1462 1031 mea
1521 988 1618 1037 est,
1689 987 1794 1031 etc.
1863 976 2075 1029 Illorqu

515 1076 807 1143 Scriptura:
850 1073 1038 1141 prima:
1083 1070 1295 1123 fuerant
1326 1110 1340 1134 ,
1374 1070 1453 1122 eis
1484 1069 1682 1121 credita
1710 1077 1835 1121 sunt
1867 1066 2075 1136 eloquia

515 1166 630 1220 Dei.
664 1165 743 1218 llli
789 1166 1042 1217 doctores
1087 1175 1145 1215 se
1184 1160 1527 1227 profitentur,
1575 1169 1759 1228 utpote
1789 1158 1877 1226 qui
1920 1156 2074 1226 primi

514 1256 688 1323 legem
730 1262 787 1307 et
828 1253 1120 1321 prophetas
1160 1249 1490 1319 acceperint.
1542 1248 1647 1302 Nos
1680 1250 1842 1318 igitur
1887 1248 1974 1316 qui
2012 1248 2077 1302 de

515 1345 763 1415 gentibus
794 1358 1002 1407 sumus,
1033 1341 1264 1395 dicimus
1293 1358 1306 1394 :
1354 1359 1372 1392 ι
1403 1339 1579 1409 Super
1604 1355 1793 1395 omnes
1821 1340 2075 1394 docentes

517 1451 601 1489 nic
650 1434 909 1489 intellexi.
944 1452 962 1485 ι
1000 1432 1109 1487 Cur
1153 1432 1349 1501 porro?
1408 1449 1426 1482 ι
1461 1430 1594 1498 Quia
1650 1431 1952 1485 testimonia
1990 1440 2075 1484 tua

515 1526 793 1581 meditatio
845 1540 963 1579 mea
1025 1534 1172 1579 est.»
1227 1523 1371 1577 Nova
1450 1524 1659 1594 reperio
1728 1521 2073 1585 testimonia,

514 1627 709 1685 praeter
740 1617 828 1670 illa
859 1616 1159 1671 testimonia
1188 1632 1305 1685 quae
1330 1615 1647 1683 frequenter
1674 1615 1898 1667 recitata
1928 1621 2072 1667 sunt.

516 1709 792 1763 Meditatio
820 1708 963 1762 enim
997 1721 1115 1760 mea
1158 1716 1280 1760 sunt
1318 1704 1625 1759 testimonia
1657 1703 1783 1758 Jcsu
1830 1699 2028 1757 Christi
2057 1717 2072 1755 :

2180 526 2337 595 μένον
2395 526 2498 578 ὑπὸ
2538 526 2631 579 τοῦ
2672 528 2877 597 Κυρίου
2910 543 2921 554 ·
2974 545 2990 575 t
3030 528 3303 594 Ἀγαπᾶτε
3349 529 3474 591 τοὺς
3520 529 3752 601 ἐχθροὺς

2178 617 2350 686 ὑμῶν.
2379 636 2396 667 ι
2445 617 2658 687 Ἐχθροὶ
2688 617 2797 689 γὰρ
2827 618 2984 687 ἡμῶν
3018 617 3153 669 εἰσιν
3182 619 3379 671 ἐκεῖνοι
3407 658 3423 683 ,
3465 639 3483 672 ι
3517 621 3566 672 οί
3604 620 3753 691 ἔχον-

2176 724 2265 771 τες
2294 707 2450 777 ζῆλον
2484 707 2639 769 Θεοῦ,
2666 707 2776 760 ἀλλ’
2806 710 2867 760 οὐ
2902 709 3020 760 κατ’
3043 708 3355 775 ἐπίγνωσιν.
3385 728 3403 760 ι

2258 881 2425 949 ’Υπὲρ
2463 880 2691 946 πάντας
2730 880 2867 947 τοὺς
2904 882 3306 949 sicamde
3344 900 3423 953 με
3464 884 3745 953 συνῆκα,

2176 971 2265 1024 ὅτι
2297 972 2369 1025 τὰ
2406 973 2694 1040 μαρτύριά
2738 986 2854 1027 σου
2888 973 3113 1040 μελέτη
3143 992 3261 1041 μου
3297 976 3488 1038 ἐστίν,
3513 994 3563 1028 κ.
3599 995 3647 1030 τ.
3694 980 3745 1031 ἑ.

2176 1063 2241 1113 Al
2272 1063 2482 1133 Γραφαὶ
2516 1064 2737 1116 ἐκείνων
2781 1059 2920 1134 ἦσαν
2965 1063 3206 1134 πρῶται·
3249 1066 3635 1138 ἐπιστεύθησαν
3676 1070 3749 1125 τὰ

2176 1151 2332 1219 λόγια
2371 1152 2463 1204 τοῦ
2506 1153 2657 1206 Θεοῦ.
2708 1155 2932 1207 Ἐκεῖνοι
2976 1156 3280 1209 διδάσκαλοι
3322 1158 3747 1226 ἐπαγγέλλονται

2175 1242 2472 1310 γεγονέναι,
2504 1242 2599 1295 ἅτε
2634 1244 2835 1314 πρῶτοι
2879 1246 3284 1316 παραλαϐόντες
3305 1246 3466 1316 νόμον
3494 1248 3585 1301 καὶ
3608 1267 3746 1321 προ-

2176 1338 2368 1406 φήτας.
2410 1337 2600 1407 Ἡμεῖς
2620 1332 2710 1389 οῦν
2733 1338 2781 1389 οἱ
2799 1338 2905 1390 ἀπὸ
2940 1339 3045 1391 τῶν
3071 1339 3236 1391 ἐθνῶν
3262 1338 3509 1409 λέγομεν·
3531 1359 3550 1391 ‹
3574 1340 3746 1414 Ὑπὲρ

2176 1427 2383 1489 πάντας
2437 1429 2561 1490 τοὺς
2608 1427 2955 1491 διδάσκοντάς
3004 1446 3069 1498 με
3121 1430 3347 1499 συνῆκα.
3377 1449 3394 1479 ι
3428 1431 3522 1483 Διὰ
3553 1433 3604 1483 τί
3646 1432 3742 1498 se;

2180 1537 2197 1568 ι
2226 1516 2348 1571 Ὅτι
2378 1518 2446 1570 τὰ
2485 1519 2760 1589 μαρτύριά
2806 1536 2896 1571 σου
2952 1520 3149 1590 μελέτη
3187 1538 3286 1590 μου
3330 1523 3466 1575 ἐστί.
3500 1541 3515 1570 ι
3562 1524 3749 1576 Καινὰ

2174 1608 2409 1680 εὑρίσκω
2440 1608 2708 1680 μαρτύρια
2739 1610 2888 1681 παρὰ
2926 1612 2993 1664 τὰ
3015 1611 3271 1675 πολλάκις
3303 1612 3565 1683 εἰρημένα
3597 1631 3747 1683 μαρ-

2174 1702 2353 1773 τύρια.
2400 1701 2611 1772 Μελέτη
2666 1719 2764 1771 μου
2814 1702 2921 1773 γάρ
2972 1704 3085 1755 ἐστι
3126 1702 3195 1755 τὰ
3230 1702 3499 1773 μαρτύρια
3564 1705 3748 1774 Ἰησοῦ

514 1800 559 1851 si
607 1799 821 1866 quidem
873 1796 984 1849 haec
1033 1796 1342 1849 testimonia
1389 1793 1595 1860 accepi,
1629 1802 1681 1847 et
1730 1792 1933 1846 idcirco
1968 1805 2068 1861 ego

2179 1792 2413 1865 Χριστοῦ
2434 1809 2447 1821 ·
2492 1791 2871 1862 παρεδεξάμην
2905 1793 3013 1864 γὰρ
3040 1793 3179 1845 αὐτὰ
3203 1794 3269 1845 τὰ
3310 1793 3602 1863 μαρτύρια,
3644 1796 3749 1848 καὶ

515 1903 676 1956 super
699 1901 887 1939 omnes
908 1886 1157 1938 docentes
1207 1900 1293 1942 me
1344 1886 1602 1942 intellexi.
1658 1883 2071 1941 Ecclesiasticus

518 1979 875 2046 appellaverat
919 1977 1038 2031 illos
1067 1976 1345 2041 inimicos;
1383 1976 1597 2029 dixerat
1642 1972 1763 2028 illos
1798 1971 2074 2036 docentes,

518 2085 657 2125 nunc
684 2079 838 2125 vocat
869 2068 1132 2123 seniores.

590 2249 752 2304 Vsus.
786 2247 907 2302 100.
955 2248 1127 2316 Super
1157 2264 1301 2302 senes
1348 2246 1617 2311 intellexi,
1657 2247 1779 2315 quia
1826 2245 2078 2298 mandata

518 2352 607 2393 tua
646 2340 877 2411 qumsivi,
928 2351 1034 2394 etc.
1069 2338 1202 2392 Utor
1231 2338 1315 2392 his
1346 2338 1529 2392 verbis
1561 2346 1750 2392 contra
1794 2350 1951 2391 senes
1984 2335 2077 2415 qui

518 2432 677 2501 longo
717 2440 957 2501 tempore
987 2439 1041 2484 et
1075 2428 1363 2484 all’ectuuin
1395 2429 1637 2483 carentia
1667 2426 1951 2483 scientiam
1981 2424 2075 2479 Dei

518 2522 821 2590 comparari
855 2522 1205 2575 arbitrantur.

590 2694 752 2747 Vens.
782 2694 900 2747 101.
927 2695 1001 2746 Ab
1026 2695 1166 2747 enini
1192 2695 1271 2747 via
1303 2693 1442 2746 mala
1470 2693 1711 2761 prohibui
1738 2693 1891 2760 pedes
1919 2709 2076 2759 meos,

519 2796 573 2838 ut
592 2784 882 2837 custodiam
901 2786 1049 2836 verba
1070 2793 1181 2846 tua,
1203 2793 1309 2835 etc.
1330 2782 1494 2834 Malas
1514 2783 1629 2835 vias
1648 2772 2075 2845 ambulabamus,

519 2889 641 2927 eum
674 2888 917 2928 essemus
952 2873 1242 2941 aliquando
1288 2888 1306 2920 ι
1343 2871 1666 2939 insipientes
1695 2882 1750 2924 et
1784 2872 2078 2936 increduli,

518 2975 799 3026 errantes,
850 2962 1148 3015 servientes
1182 2962 1465 3016 desideriis
1493 2972 1547 3015 et
1590 2962 1956 3031 voluptatibus
1984 2976 2075 3015 va-

523 3056 638 3119 riis,
657 3072 674 3105 ι
697 3061 802 3109 etc.
824 3052 913 3107 Ha:
929 3062 1086 3107 erant
1106 3053 1204 3106 viae
1233 3068 1360 3107 metr.
1378 3066 1575 3122 pravm.
1605 3051 1845 3107 Perfecta
1870 3052 1955 3106 illa
1973 3066 2074 3107 vox

520 3156 603 3199 cst
628 3144 1023 3199 Ecclesiastici.
1060 3142 1193 3196 Dum
1233 3145 1376 3197 enim
1404 3145 1580 3198 adhuc
1614 3159 1917 3212 peccamus,
1964 3146 2076 3199 haic

519 3238 701 3290 dicere
733 3251 836 3289 non
892 3235 1173 3300 valemus;
1215 3235 1375 3304 pedes
1402 3235 1543 3288 enim
1592 3245 1803 3290 nostros
1836 3236 1903 3288 ab
1929 3236 2075 3289 omni

519 3326 607 3379 via
653 3325 789 3379 mala
842 3324 1184 3392 prohibendo
1215 3337 1497 3377 sermones
1552 3324 1642 3377 Dei
1690 3324 2074 3378 custodiemus.

519 3413 667 3481 Quos
704 3414 1030 3470 sermones?
1077 3413 1199 3468 Illos
1228 3414 1319 3483 qui
1355 3414 1407 3467 in
1439 3413 1555 3482 lege
1599 3422 1745 3472 sunt.
1784 3413 2079 3481 spirituali-

522 3514 601 3558 ter
632 3520 725 3559 eos
784 3506 1152 3573 intelligendo,
1195 3514 1251 3559 et
1298 3504 1479 3560 Jesum
1529 3505 1802 3559 Christum
1855 3506 1944 3574 qui
1983 3519 2076 3572 per

520 3595 666 3661 ipsos
712 3595 1039 3662 [medicatur
1099 3595 1462 3662 agnoscendo.
1517 3592 1687 3647 Porro
1737 3592 1825 3645 illa
1873 3592 2077 3655 verba,

525 3703 543 3734 ι
572 3684 821 3753 prohibui
860 3685 1027 3753 pedes
1076 3700 1245 3748 meos,
1276 3703 1294 3735 ι
1325 3686 1600 3739 declarant
1626 3684 1834 3737 arbitrii
1865 3683 2079 3736 liberta-

520 3785 648 3831 tem.
692 3774 800 3829 Hoc
834 3775 982 3828 enim
1013 3775 1169 3839 dixit,
1204 3784 1458 3844 tanquam
1494 3776 1546 3827 in
1574 3774 1689 3843 ejus
1722 3782 1986 3843 potestate
2009 3773 2078 3826 sit

522 3868 686 3935 pedes
742 3866 810 3921 ad
850 3866 1229 3922 ambulandum
1279 3880 1496 3922 movere
1533 3866 1616 3919 vel
1653 3867 1817 3920 etiam
1856 3864 2075 3919 eosdem

520 3961 827 4032 prohibere.

589 4140 754 4194 Vnus.
794 4137 916 4192 102.
948 4137 989 4188 Α
1021 4135 1240 4203 judiciis
1271 4134 1372 4188 tuis
1411 4149 1513 4188 non
1540 4132 1815 4197 declinavi,
1856 4133 1981 4201 quia
2023 4142 2079 4184 tu

519 4232 682 4299 legem
711 4228 931 4297 posuisti
963 4227 1113 4292 mihi,
1143 4234 1248 4279 etc.
1275 4222 1467 4277 Judicii
1500 4224 1573 4276 tui
1604 4238 1816 4292 semper
1837 4222 2076 4277 memini.

520 4322 576 4373 lu
606 4334 749 4372 nono
778 4328 953 4372 autem
982 4316 1187 4386 psalmo
1210 4316 1256 4347 “
1283 4315 1453 4369 dicit:
1509 4331 1527 4365 ι
1557 4312 1833 4369 ConStitue
1868 4314 2077 4384 legisla-

2177 1884 2264 1939 διά
2315 1884 2473 1937 τοῦτο
2506 1882 2615 1951 ἐγὼ
2660 1884 2800 1952 ὑπὲρ
2846 1884 3050 1947 πάντας
3101 1884 3226 1946 τοὺς
3281 1884 3627 1946 διδάσκοντάς
3675 1902 3751 1955 με

2181 1973 2405 2043 συνῆκα.
2436 1968 2603 2025 Εἶπεν
2623 1973 2819 2035 αὐτοὺς
2851 1972 3077 2044 ἐχθροὺς
3139 1973 3166 2022 ὁ
3214 1972 3690 2043 Ἐκκλησιαστικὸς
3718 2016 3736 2037 ,

2176 2061 2329 2113 εἶπεν
2379 2060 2575 2123 αὐτοὺς
2630 2058 2977 2121 διδάσκοντας
3005 2076 3017 2089 ·
3070 2059 3163 2112 νῦν
3205 2059 3350 2126 λέγει
3396 2059 3589 2120 αὐτοὺς
3644 2058 3746 2111 καὶ

2178 2152 2599 2224 πρεσϐυτέρους.

2257 2241 2425 2308 ’Υπὲρ
2465 2241 2903 2309 πρεσϐυτέρους
2934 2238 3192 2307 συνῆκα,
3234 2240 3319 2293 ὅτι
3350 2240 3455 2306 τὰς
3491 2239 3745 2304 ἐντολάς

2178 2345 2295 2384 σου
2332 2328 2678 2396 ἐξεζῆτησα,
2706 2348 2760 2382 κ.
2790 2348 2841 2382 τ.
2872 2332 2917 2382 ἐ.
2950 2328 3237 2400 Χρήξομαι
3260 2328 3433 2399 τούτῳ
3468 2328 3546 2397 τῷ
3595 2329 3743 2398 ῥητῷ

2179 2421 2315 2492 πρὸς
2334 2422 2459 2484 τοὺς
2482 2422 2741 2493 γέροντας
2766 2424 2890 2485 τοὺς
2926 2424 3132 2493 μακρὸν
3156 2422 3344 2491 χρόνον
3370 2420 3462 2473 καλ⁸
3482 2420 3579 2489 τὴν
3600 2421 3741 2472 άπά-

2180 2511 2328 2563 θειαν
2373 2512 2690 2577 νομίζοντας
2735 2505 2873 2564 εἶναι
2922 2513 3176 2582 πρόξενον
3216 2511 3317 2579 τῆς
3350 2510 3596 2579 γνώσεως
3640 2508 3733 2559 τοῦ

2178 2601 2333 2654 Θεοῦ.

2263 2694 2357 2745 Ἐκ
2390 2692 2592 2761 πάσης
2620 2694 2762 2747 ὀδοῦ
2790 2694 3054 2762 πονηρᾶς
3080 2693 3358 2747 ἐκώλυσα
3383 2691 3525 2756 τοὺς
3554 2689 3736 2753 πόδας

2171 2800 2313 2851 μου,
2350 2783 2509 2849 ὅπως
2547 2783 2626 2839 ἂν
2645 2784 2893 2852 φυλάξω
2934 2785 3075 2849 τοὺς
3112 2785 3332 2850 λόγους
3362 2798 3499 2843 σου,
3530 2799 3581 2832 κ.
3612 2797 3658 2831 τ.
3685 2781 3734 2831 ἐ.

2180 2876 2427 2945 Πονηρὰς
2456 2876 2606 2938 ὁδοὺς
2626 2876 2913 2945 ὡδεύομεν,
2936 2893 2954 2926 t
2981 2875 3195 2945 ἀνόητοι
3219 2893 3237 2927 ι
3270 2874 3418 2935 ὖντες
3444 2872 3568 2923 ποτὲ
3591 2890 3610 2921 t
3642 2870 3739 2923 καὶ

2178 2966 2455 3030 ἀπειθεῖς,
2518 2967 2885 3038 πλανώμενοι,
2929 2966 3266 3028 δουλεύοντες
3298 2964 3602 3033 ἐπιθυμίαις
3638 2962 3739 3014 καὶ

2177 3058 2392 3128 ἡδοναῖς
2424 3058 2713 3120 ποικίλαις,
2753 3078 2769 3108 i
2797 3054 2889 3109 κα)⁸
2916 3052 2982 3105 τὰ
3006 3053 3155 3123 ἑξῆς.
3204 3058 3423 3109 Ἐκεῖναι
3459 3054 3552 3124 μὲν
3589 3049 3735 3123 ἦσαν

2176 3149 2286 3202 ὁδοὶ
2324 3148 2577 3219 πονηραί.
2618 3146 2858 3217 Τελείαή
2891 3145 3036 3216 φωνὴ
3068 3146 3204 3215 αῦτη
3240 3142 3730 3214 Ἐκκλησιαστικοῦ.

2180 3242 2343 3293 Ὅσον
2376 3239 2482 3310 γάρ
2512 3238 2590 3290 ἔτι
2616 3238 2997 3308 ἁμαρτάνομεν
3017 3276 3031 3300 ,
3081 3238 3257 3305 λέγειν
3304 3236 3474 3289 ταῦτα
3498 3234 3555 3286 οὐ
3582 3233 3742 3286 δυνά-

2180 3330 2316 3401 μεθα
2335 3348 2347 3360 ’
2387 3332 2450 3383 ἐκ
2478 3329 2570 3381 τοῦ
2603 3330 2708 3399 γὰρ
2739 3328 2966 3381 κωλύειν
2995 3330 3119 3391 τοὺς
3169 3329 3336 3390 πόδας
3364 3327 3516 3396 ἡμῶν
3542 3328 3603 3377 ἐκ
3633 3327 3745 3378 πάι

2180 3437 2277 3490 σης
2301 3419 2420 3472 ὀδοῦ
2461 3421 2702 3490 πονηρᾶς
2733 3419 3037 3488 φυλάξομεν
3069 3420 3192 3481 τοὺς
3226 3418 3414 3486 λόγους
3452 3416 3541 3468 τοῦ
3580 3414 3781 3492 Θεοῦ..

2178 3510 2368 3572 Ποίους
2392 3509 2611 3577 λόγους;
2634 3510 2757 3571 τοὺς
2783 3510 2840 3561 ἐν
2861 3511 3025 3579 νόμῳ,
3052 3510 3339 3580 νοήσαντες
3363 3508 3555 3569 αὐτοὺς
3579 3523 3743 3558 πνευ-

2182 3602 2442 3672 ματικῶς,
2478 3602 2570 3653 καλ⁵
2595 3598 3039 3668 ἐπιγινώσκοντες
3068 3600 3158 3653 τὸν
3179 3600 3246 3653 δι’
3267 3601 3447 3654 αὐτῶν
3484 3600 3746 3669 κηρυττό-

2182 3709 2337 3762 μενον
2378 3690 2581 3760 Ἰησοῦν
2618 3690 2871 3761 Χριστόν.
2912 3691 3189 3760 Ἐμφαίνει
3238 3690 3294 3741 δέ
3355 3691 3417 3743 τὸ
3463 3690 3740 3760 ἐλεύθερον

2178 3782 2275 3851 τῆς
2308 3781 2675 3853 προαιρέσεως
2706 3779 2788 3844 τὸ,
2831 3799 2849 3830 ι
2885 3780 3156 3832 Ἐκώλυσα
3208 3782 3331 3843 τοὺς
3364 3781 3548 3844 πόδας.
3580 3800 3598 3832 ι
3650 3781 3740 3844 Ὠς

2178 3872 2287 3942 γάρ
2318 3872 2401 3922 ἐπ’
2432 3870 2579 3940 αῦτῷ
2610 3870 2759 3932 δντος
2811 3870 2903 3922 τοῦ
2962 3873 3128 3922 κινεῖν
3186 3871 3313 3931 τοὺς
3366 3871 3527 3934 πόδας
3570 3872 3647 3933 είς
3678 3870 3742 3922 τὸ

2181 3962 2411 4031 βαδίζειν
2438 4001 2451 4025 ,
2494 3963 2527 4033 ἢ
2568 3961 2661 4013 καὶ
2709 3960 2938 4013 κωλύειν
2983 3961 3213 4023 αὐτοὺς,
3272 3962 3332 4014 τὸ
3383 3962 3739 4032 προκείμενον

2179 4047 2349 4103 εἶπεν.

2264 4141 2397 4195 Ἀπὸ
2426 4142 2543 4194 τῶν
2564 4142 2857 4212 χριμάτων
2895 4161 3011 4197 σου
3059 4146 3166 4197 οὐκ
3196 4141 3484 4203 ἐξέκλινα,
3516 4138 3603 4189 ὅτι
3643 4138 3735 4191 σὺ

2178 4234 2616 4300 ἐνομοθέτησάς
2651 4251 2727 4302 με
2750 4276 2764 4299 ,
2794 4252 2846 4287 κ.
2872 4253 2921 4287 τ.
2958 4237 3002 4287 ἐ.
3032 4236 3137 4288 Τοῦ
3179 4232 3267 4286 σοῦ
3286 4230 3569 4293 διαπαντὸς
3596 4230 3736 4298 ἐμε-

2184 4324 2403 4392 μνήμην
2454 4323 2821 4392 δικαστηρίου.
2872 4324 2956 4375 Ἐν
3008 4323 3177 4390 ἐνάτῳ
3225 4320 3281 4373 δὲ
3325 4318 3471 4387 λέγει
3516 4316 3737 4386 ψαλμῷ·

522 4422 694 4463 torem
722 4423 884 4477 super
923 4422 1034 4463 eos.
1077 4406 1263 4459 Sciant
1312 4415 1497 4470 gentes
1526 4405 1781 4473 quoniam
1833 4405 2075 4459 homines

2187 4431 2205 4463 ι
2241 4412 2590 4482 Κατάστησον
2611 4412 2903 4483 νομοθέτην
2924 4413 3007 4464 ἐπ’
3039 4411 3251 4474 αὐτούς.
3271 4410 3563 4463 Γνώτωσαν
3588 4408 3738 4478 ἔθνη,

520 4507 664 4553 sunt.
696 4515 712 4549 ι
750 4497 960 4566 Moyses
985 4496 1201 4563 quidem
1228 4495 1361 4564 legis
1395 4495 1625 4549 litteram
1657 4494 1981 4563 praiscripsit
2010 4495 2077 4549 iis

519 4592 611 4661 qui
662 4590 783 4645 novi
833 4588 1165 4642 Testanienti
1204 4588 1491 4640 adventum
1527 4602 1721 4655 capere
1774 4602 1879 4641 non
1926 4594 2081 4654 pote-

520 4690 678 4747 rant;
730 4680 886 4735 Jesus
942 4692 1069 4732 vero
1117 4676 1361 4732 Christus
1411 4677 1700 4730 adveniens
1748 4676 2079 4745 praxscripsit

521 4776 651 4829 mihi
697 4770 1042 4843 Evangelium
1085 4779 1140 4825 et
1167 4768 1465 4840 spiritalem
1519 4769 1648 4822 mihi
1679 4768 1874 4838 Moysis
1905 4770 2073 4838 legem

520 4866 779 4919 ostendit.

586 4954 755 5023 808
777 4952 939 5007 Vsus.
975 4951 1099 5007 105.
1136 4951 1303 5017 Quam
1337 4950 1513 5004 dulcia
1542 4948 1779 5020 faucibus
1808 4947 1936 5001 meis
1965 4946 2075 5000 elo-

515 5049 641 5114 quia
667 5055 782 5109 tua,
810 5060 967 5113 super
985 5045 1087 5099 mel
1123 5046 1201 5097 ori
1228 5060 1360 5107 meo,
1390 5052 1495 5097 etc.
1528 5042 1675 5096 Mens
1697 5056 1817 5110 quae
1846 5039 2076 5095 delecta-

518 5149 607 5193 tur
636 5146 689 5191 et
720 5137 1009 5190 innuit-itur
1037 5137 1282 5199 scientia,
1316 5149 1376 5189 os
1408 5143 1648 5187 vocatur.

584 5229 746 5282 Vens.
801 5226 923 5278 104.
980 5226 1021 5276 Α
1062 5225 1322 5276 mandatis
1350 5224 1453 5275 tuis
1487 5220 1756 5274 intellexi:
1806 5229 2072 5287 propterea

515 5319 659 5375 odivi
690 5332 893 5370 omnem
924 5316 1061 5367 viam
1096 5314 1407 5383 iniquitatis,
1441 5323 1547 5366 etc.
1590 5312 1643 5364 In
1672 5309 1938 5364 mandatis
1971 5308 2076 5361 tuis

518 5411 649 5465 mihi
690 5421 810 5477 qua:
858 5405 1062 5475 agenda
1094 5412 1221 5459 sunt
1254 5403 1614 5457 dividentibus
1658 5400 1967 5469 intelligens
1994 5396 2075 5451 fa-

516 5511 636 5553 ctus
667 5514 807 5563 sum,
842 5506 895 5551 et
929 5512 1032 5549 non
1061 5494 1233 5549 solum
1266 5493 1331 5547 ab
1362 5494 1507 5548 omni
1538 5493 1624 5546 via
1654 5490 1952 5560 iniquitatis
1980 5490 2073 5544 ab-

514 5603 658 5652 sum,
684 5589 778 5641 sed
808 5596 861 5640 et
893 5584 1035 5641 illam
1068 5584 1231 5640 odivi.

580 5680 624 5714 ‘I
673 5677 860 5731 Matth.
892 5694 945 5739 v,
972 5677 1059 5731 44.
1137 5676 1179 5707 ⁸³
1212 5675 1369 5730 Rom.
1422 5690 1475 5735 κ,
1515 5674 1566 5727 2.
1641 5674 1685 5704 “
1716 5672 1866 5726 Vcrs.
1914 5671 2000 5724 2|.

2179 4504 2259 4557 ὅτι
2296 4503 2569 4574 ἄνθρωποί
2597 4505 2749 4556 εἰσιν.
2788 4523 2808 4553 ι
2845 4505 3080 4574 Μωῦσῆς
3114 4503 3210 4573 μὲν
3240 4503 3350 4573 γὰρ
3387 4500 3739 4571 ἐνομοθέτησε

2179 4592 2247 4645 τὰ
2299 4593 2393 4645 τοῦ
2440 4593 2764 4663 γράμματος
2815 4596 2924 4656 τοῖς
2968 4594 3041 4663 μὴ
3074 4593 3385 4662 δυναμένοις
3413 4593 3606 4661 χωρεῖν
3639 4590 3740 4659 τὴν

2178 4682 2468 4751 ἐπιδημίαν
2496 4683 2593 4751 τῆς
2607 4684 2816 4753 Καινῆς
2851 4682 3140 4753 Διαθήκης·
3190 4680 3394 4752 Ἰησοῦς
3421 4681 3477 4732 δέ
3509 4677 3739 4749 Χριστὸς

2181 4773 2521 4843 ἐπιδημήσας
2580 4774 2932 4844 ἐνομοθέτησέ
2985 4790 3073 4843 μοι
3121 4772 3181 4825 τὸ
3224 4771 3551 4840 Εὐαγγέλιον
3574 4810 3587 4835 ,
3647 4771 3741 4822 καὶ

2179 4864 2547 4933 πνευματικόν
2577 4882 2665 4935 μοι
2698 4865 2784 4917 τὸν
2813 4863 3086 4926 Μωῦσέως
3110 4862 3273 4928 ἔδειξε
3306 4863 3485 4933 νόμον.

2261 4955 2355 5020 Ὠς
2396 4956 2620 5024 γλυκέα
2678 4954 2756 5020 τῷ
2804 4953 3059 5022 λάρυγγί
3099 4972 3215 5022 μου
3249 4953 3322 5006 τὰ
3356 4951 3530 5019 λόγιά
3574 4966 3691 5007 σου
3722 4989 3737 5013 ,

2176 5046 2329 5114 ὑπὲρ
2356 5046 2495 5115 μέλι
2535 5046 2615 5111 τῷ
2641 5046 2891 5113 στόματί
2925 5061 3078 5111 μου,
3121 5062 3172 5096 κ.
3212 5060 3262 5095 τ.
3309 5044 3354 5095 ἐ.
3398 5043 3457 5094 '0
3482 5041 3735 5111 ἡδόμενος

2175 5140 2270 5192 καὶ
2294 5139 2620 5209 τρεφόμενος
2638 5137 2728 5189 ἐπὶ
2751 5139 2814 5207 τῇ
2842 5134 3033 5204 γνώσει
3057 5136 3177 5197 νοῦς
3203 5133 3522 5205 ὀνομάζεται
3545 5135 3735 5203 στόμα

2261 5229 2393 5285 Ἀπὸ
2425 5228 2544 5282 τῶν
2574 5227 2836 5281 ἐντολῶν
2866 5244 2980 5280 σου
3007 5226 3266 5294 συνῆκα·
3290 5225 3386 5279 διὰ
3411 5226 3584 5277 τοῦτο
3610 5224 3736 5292 cpi-

2177 5333 2343 5385 σησα
2370 5317 2578 5374 πᾶσαν
2605 5317 2749 5371 ὁδὸν
2775 5300 3011 5382 ἁδέκίας
3028 5356 3043 5381 ,
3084 5335 3137 5371 κ.
3181 5333 3233 5371 1.
3259 5317 3304 5369 ἐ.
3350 5317 3436 5367 Ἐν
3463 5316 3581 5377 ταῖς
3622 5316 3742 5377 σαῖς

2182 5410 2396 5472 συνετὸς
2424 5411 2711 5479 γενόμενος
2744 5407 2978 5468 ἐντολαῖς
3008 5405 3335 5475 διαιρούσαις
3380 5420 3467 5473 μοι
3500 5403 3565 5455 τά
3596 5417 3743 5471 πρα-

2181 5497 2335 5550 κτέα·
2362 5500 2455 5551 κα)⁵
2487 5499 2590 5569 μὴν
2614 5500 2676 5550 ού
2716 5498 2873 5569 μόνον
2900 5497 3092 5565 ἄπειμι
3128 5497 3306 5565 πάσης
3352 5492 3472 5547 ὁδοῦ
3506 5491 3743 5554 ἀδικίας,

2177 5584 2310 5638 ἀλλὰ
2344 5587 2435 5641 καὶ
2469 5586 2764 5656 μεμίσηκα.
