4066 6236
300 291 436 349 1609

1209 288 1520 346 SEIJECTA
1559 287 1623 341 ΙΝ
1665 286 1999 342 PSALMOS.
2041 317 2109 327 —
2147 283 2341 339 PSAL.
2384 282 2618 341 CXVIII.

3400 290 3535 348 16⁸0

372 412 599 479 Ὧμοσα
625 409 720 464 καί
749 409 983 477 ἔστησιι
1002 411 1107 464 τοῦ
1120 410 1503 479 φυλάξασθαι
1527 409 1597 463 τὰ
1616 408 1860 476 κρίματα

2037 403 2199 458 Vens.
2232 402 2355 458 106.
2386 403 2574 458 Juravi
2602 414 2649 458 et
2676 408 2838 459 statui
2870 406 3133 461 custodire
3146 408 3355 477 judicia
3375 413 3539 481 justi-

299 499 409 568 τῆς
458 502 851 568 δικαιοσύνης
879 514 1015 565 σου,
1048 519 1102 555 κ.
1128 519 1178 555 τ.
1206 503 1252 553 ἐ.
1282 502 1355 554 Τὸ
1394 500 1723 571 ἀμετάθετον
1770 498 1865 553 τοῦ

274 660 278 665 _
300 592 505 645 σκοποῦ
538 594 699 663 ὅρκον
721 592 1020 661 ὠνόμασεν.

268 696 278 756 ξ
375 685 484 740 Τοῦ
512 685 719 739 αὐτοῦ.
762 686 827 737 Τί
862 688 1011 738 ποιεῖ
1044 685 1228 740 ἐνθάδε
1269 685 1329 737 τὸ
1378 682 1641 754 «ὤμοσα»
1701 684 1865 755 ζητη-

263 772 437 829 ἐτέον.
475 795 492 826 ι
528 776 741 829 Διέθετο
791 775 1056 848 διαθήκην
1093 776 1227 847 πρὸς
1264 777 1388 839 τοὺς
1437 776 1721 838 ἐκλεκτοὺς
1770 776 1866 828 αὐ-

298 868 412 922 τοῦ.
450 889 466 921 ι
494 870 602 922 Καὶ
626 869 827 941 ταύτην
851 870 950 942 τὴν
980 869 1241 941 διαθήκην
1270 869 1406 940 πρὸς
1431 870 1557 931 τοὺς
1580 869 1865 933 ἐκλεκτοὺς

297 960 462 1012 αὐτοῦ
494 960 812 1029 διαθεμένου
846 961 936 1013 τοῦ
980 959 1113 1012 Θεοῦ
1146 962 1175 1013 ὁ
1204 957 1473 1011 πιστεύων
1514 958 1862 1029 παρεδέξατο,

298 1052 393 1104 καὶ
424 1053 589 1106 οίονεὶ
615 1053 798 1123 ὅρκοις
837 1052 1037 1123 μεταξὺ
1069 1051 1162 1104 τοῦ
1194 1050 1329 1105 Θεοῦ
1362 1053 1656 1123 ἐποιήσατο
1688 1070 1864 1123 παρα-

295 1145 585 1215 δεξάμενος
607 1145 770 1199 αὑτοῦ
792 1146 888 1217 τὴν
928 1144 1211 1216 διαθήκην,
1238 1145 1378 1197 ὥστε
1408 1146 1602 1215 στῆσαι
1642 1146 1736 1199 καὶ
1764 1163 1863 1214 φυ-

295 1235 554 1300 λάξασθαι
578 1237 645 1289 τὰ
668 1237 908 1307 κρίματα
935 1236 1032 1307 τῆς
1058 1236 1401 1307 δικαιοσύνης
1429 1237 1612 1290 αὑτοῦ.
1646 1240 1863 1309 ’Ἱστημι

294 1326 371 1389 δέ,
408 1328 590 1397 φησὶν,
624 1328 764 1381 αὑτά
794 1331 858 1399 τῇ
889 1329 994 1399 ἐμῇ
1025 1328 1190 1399 ψυχῇ·
1221 1330 1462 1383 καϊὸταν
1491 1330 1632 1383 αύτά
1660 1332 1860 1403 στήσω,

295 1418 500 1483 γίνεται
534 1416 709 1471 ἐκεῖνο
756 1415 815 1472 τὸ
845 1417 1130 1489 εἰρημένον
1164 1420 1314 1493 παρά
1344 1420 1422 1490 τῷ
1455 1421 1756 1491 Σολομῶντι
1805 1421 1863 1475 ὲν

294 1511 652 1581 Παροιμίαις·
694 1528 712 1560 ‹
747 1511 1011 1580 Λογιιτμοὶ⁵
1046 1510 1266 1564 δικαίων
1290 1512 1550 1582 κρίματα.
1592 1530 1611 1565 ι
1652 1513 1863 1567 Ἐκεῖνα

300 1620 318 1651 ι
350 1604 419 1655 τὰ
446 1604 689 1673 κρίματά
726 1622 743 1653 ι
775 1605 889 1655 ἐστι
934 1620 951 1653 ι
980 1604 1077 1674 τῆς
1108 1604 1449 1676 δικαιοσύνης
1487 1624 1506 1657 ι
1561 1605 1656 1660 τοῦ
1703 1605 1858 1659 Θεοῦ·

292 1690 413 1743 τότε
461 1691 517 1743 δὲ
549 1690 836 1760 γενόμενα,
872 1690 961 1743 ὅτε
994 1690 1183 1762 ὤμοσα
1235 1693 1329 1746 καὶ
1377 1692 1579 1763 ἔστησα
1631 1692 1771 1750 αύτά
1803 1694 1862 1747 ἐν

294 1782 531 1853 ἐμαυτῷ.
564 1782 636 1835 Τὸ
665 1783 722 1836 δὲ
752 1802 769 1833 ι
794 1782 989 1853 στῆσαι
1008 1803 1026 1835 ι
1064 1782 1298 1837 ἐνταῦθα
1333 1782 1395 1837 τὸ
1424 1783 1653 1855 βεϐαίως
1684 1784 1861 1854 ὁρίσαι

291 1873 468 1943 δηλοῖ·
533 1873 627 1926 καὶ
670 1871 732 1925 τὸ
775 1892 793 1925 ι
820 1873 1055 1943 ὀμόσαι»
1101 1872 1350 1926 τουτέστι
1399 1873 1459 1926 τὸ
1512 1873 1864 1944 ἀμεταθέτως

291 1964 448 2017 τοῦτο
478 1964 793 2036 προθέσθαι,
817 1966 911 2019 καὶ
938 1966 1289 2037 ἀπαράϐατον
1313 1965 1598 2035 φυλάττειν
1620 1965 1681 2019 τὸ
1704 1967 1863 2037 ἔργον

290 2055 385 2108 τοῦ
411 2055 573 2125 ὅρκου
608 2055 743 2125 μετά
771 2054 1111 2126 βεϐαιώσεως
1139 2056 1476 2129 προελέσθαι.

369 2145 442 2197 Τὰ
488 2145 736 2200 ἑκούσια
772 2147 879 2201 τοῦ
916 2148 1213 2216 στόματός
1240 2166 1360 2217 μου
1393 2147 1734 2216 εὐδόκησον
1760 2148 1858 2217 δὴ,

292 2239 488 2306 Κύριε,
532 2240 627 2293 καὶ
661 2240 732 2293 τὰ
775 2240 1028 2309 κρίματά
1064 2256 1181 2295 σου
1228 2239 1477 2305 δίδαξόν
1507 2258 1603 2310 με,
1651 2259 1703 2294 κ.
1733 2259 1784 2295 τ.
1813 2243 1860 2295 ὲ.

293 2331 427 2402 Περὶ
458 2324 532 2384 ὧν
587 2332 647 2384 οὐ
693 2332 1052 2403 διετάχθημεν
1105 2335 1317 2396 ποιεῖν,
1367 2331 1503 2386 ἀλλά
1551 2333 1863 2404 προαιρέσει

293 2420 575 2491 ποιοῦμεν,
606 2420 778 2475 ταῦτά
806 2439 968 2492 φησιν
1001 2420 1219 2473 ἑκούσια
1261 2419 1356 2473 τοῦ
1395 2418 1659 2490 στόματος
1685 2419 1859 2490 ἡμῶν·

291 2506 421 2574 οἷον,
454 2513 502 2565 εἰ
532 2512 823 2584 παρθενίαν
852 2512 1097 2584 ἀσκήσω,
1128 2512 1193 2584 ἣν
1222 2512 1282 2566 οὐ
1337 2510 1713 2583 προσετάχθην
1744 2510 1864 2563 ούδέ

290 2601 615 2673 ἐκελεύσθην
641 2644 654 2667 ,
690 2602 802 2657 ἀλλ’
848 2604 1110 2666 ἑκουσίως
1143 2602 1300 2656 τοῦτο
1344 2604 1567 2673 ποιῆσαι
1613 2605 1863 2673 κρεῖσσον

290 2695 570 2765 αἱροῦμαι.
594 2695 764 2749 Τοῦτο
794 2691 885 2749 οῦν
922 2694 1232 2766 εύδόκησον,
1263 2697 1457 2766 Κύριε.
1492 2694 1603 2748 Καὶ
1636 2694 1729 2746 ἐπὶ
1766 2689 1861 2746 ἄλ-

290 2786 399 2841 λων
427 2787 481 2840 δὲ
507 2788 705 2858 ὁμοίως
752 2787 860 2841 τῶν
908 2787 1047 2840 κατά
1077 2787 1166 2839 τὸν
1199 2786 1311 2855 βίον
1340 2786 1496 2857 ἡμῶν
1522 2784 1745 2839 τοιαῦτα
1773 2784 1858 2837 εύ-

295 2878 555 2947 ρήσομεν,
590 2870 663 2930 ὧν
688 2877 809 2930 τινὰ
844 2878 941 2947 μὲν
980 2877 1241 2947 ποιοῦμεν
1289 2875 1365 2940 ὡς
1400 2874 1861 2946 προστεταγμένοι

288 2967 483 3031 δοῦλοι,
507 2966 628 3021 τινά
659 2968 715 3021 δὲ
750 2968 1059 3039 πράττομεν
1088 2968 1365 3032 ἑκουσίως.

375 3061 439 3115 Ἡ
456 3059 625 3130 ψυχή
651 3078 769 3129 μου
800 3061 870 3115 ἐν
897 3060 1027 3125 ταῖς
1052 3061 1226 3129 χερσί
1246 3078 1362 3115 σου
1376 3061 1720 3126 διαπαντὸς,
1758 3061 1856 3113 και
1886 3078 1928 3133 c

287 3150 396 3203 τοῦ
432 3154 620 3218 νόμου
647 3168 761 3205 σου
785 3153 894 3203 οὐκ
927 3153 1322 3219 ἐπελαθόμην,
1356 3169 1409 3203 κ.
1441 3169 1492 3206 τ.
1524 3153 1569 3203 ἐ.
1598 3152 1860 3222 Ζητήσεις

291 3238 408 3300 πῶς
438 3241 471 3308 ἡ
497 3238 641 3308 ψυχὴ
673 3239 765 3291 τοῦ
800 3238 957 3291 Δαυῖδ
1001 3240 1058 3291 ἐν
1099 3244 1217 3303 ταῖς
1262 3240 1417 3310 χερσὶ
1451 3240 1544 3295 τοῦ
1576 3240 1712 3293 Θεοῦ
1744 3241 1859 3293 δια-

292 3328 492 3391 παντός
513 3346 525 3358 ·
561 3316 787 3400 πότερον
817 3331 892 3392 ὡς
921 3331 977 3381 ἐν
1002 3330 1313 3403 δικαιοσύνῃ
1333 3372 1347 3395 ,
1378 3332 1412 3401 ἢ
1444 3331 1519 3394 ὡς
1554 3333 1611 3384 ἐν
1642 3330 1857 3399 γνώσει.

289 3418 401 3471 Καὶ
432 3417 571 3488 τάχα
614 3419 674 3470 τὸ
717 3419 981 3489 πρότερον
1007 3436 1019 3446 ·
1056 3419 1300 3487 ἀγγέλων
1329 3421 1427 3490 μὲν
1471 3422 1579 3492 γάρ
1635 3423 1750 3474 ἐστι
1801 3422 1863 3474 τὸ

288 3509 576 3571 διαπαντὸς
625 3509 839 3579 βλέπειν
877 3510 937 3562 τὸ
982 3510 1271 3581 πρόσωπον
1300 3511 1390 3564 τοῦ
1422 3510 1579 3575 Θεοῦ,
1613 3513 1860 3566 τουτέστι

288 3603 387 3673 τὴν
421 3602 650 3673 θεωρίαν
692 3604 888 3667 αὐτοῦ,
946 3603 1249 3676 ἀνθρώπων
1281 3604 1337 3657 δέ
1373 3606 1434 3659 τὸ
1462 3606 1717 3660 δύνασθαι
1746 3606 1862 3659 δια-

291 3693 489 3755 παντὸς
518 3693 923 3765 δικαιοπραγεῖν
968 3696 1089 3748 κατ’
1128 3697 1427 3767 ἐνέργειαν·
1462 3699 1599 3770 ὅπερ
1652 3699 1769 3752 ἐστὶ⁵
1801 3698 1862 3752 τὸ

289 3780 428 3838 εἶναι
460 3788 516 3838 ἐν
564 3789 683 3848 ταῖς
720 3786 875 3857 χερσὶ¹
917 3786 1010 3840 τοῦ
1044 3786 1200 3840 Θεοῦ·
1237 3790 1270 3859 ἡ
1304 3789 1412 3861 γὰρ
1448 3791 1586 3844 κατά
1623 3789 1860 3844 διάνοιαν

287 3876 670 3947 δικαιοπραγία
707 3876 851 3947 μόνῳ
884 3878 1091 3948 προσῆν
1123 3879 1202 3949 τῷ
1240 3881 1479 3952 Χριστῷ,
1510 3882 1567 3945 ὃς
1592 3884 1859 3953 ἁμαρτίαν

287 3968 387 4020 οὐκ
416 3968 657 4037 ἐποίησε,
681 3966 917 4037 δηλονότι
939 3969 1057 4020 κατ’
1090 3969 1389 4041 ἐνέργειαν,
1416 3972 1509 4023 καὶ
1535 3971 1630 4040 οὐχ
1662 3970 1856 4042 εὑρέθη

286 4056 435 4119 δόλος
466 4058 522 4109 ἐν
558 4055 636 4126 τῷ
673 4056 897 4127 στόματι
949 4057 1112 4112 αὑτοῦ
1138 4074 1150 4087 ·
1194 4059 1395 4128 σαφὲς,
1444 4060 1527 4112 ὅτι
1571 4060 1710 4113 κατά
1747 4059 1859 4112 διά-

288 4165 455 4212 νοιαν,
494 4149 585 4216 ἀφ’
627 4138 696 4217 ἦς
724 4148 1075 4219 προέρχονται
1109 4150 1177 4204 τά
1210 4150 1438 4222 περιττά
1476 4152 1576 4221 τῆς
1610 4152 1853 4223 καρδίας.

289 4237 398 4308 Τὴν
429 4238 608 4307 ψυχήν
647 4239 743 4308 μοὺ
783 4252 865 4291 σοι
898 4238 1184 4310 ἐγχειρίζω
1238 4240 1466 4292 πάντοτε
1486 4280 1501 4304 ,
1533 4242 1592 4293 σὲ
1626 4244 1858 4315 φρουρὸν

290 4329 548 4399 ποιοῦμαι
584 4330 677 4382 καὶ
709 4329 1119 4402 ύπερασπιστὴν
1166 4332 1261 4385 καὶ
1290 4332 1628 4404 κυϐερνήτην
1662 4336 1851 4405 αὐτῆς·

1968 494 2057 546 tia:
2097 502 2223 559 tua’,
2253 502 2359 549 etc.
2386 486 2610 549 Consilii
2652 494 3533 567 immutabilitatcmjuramentnm

1967 584 2294 653 appellavit.,

2040 677 2311 746 Ejusdem.
2337 677 2475 744 Quid
2502 678 2602 734 sibi
2627 680 2728 735 hoc
2761 680 2877 736 loco
2899 682 3048 749 velit,
3082 703 3101 736 ι
3121 684 3318 754 juravi,
3344 706 3362 739 ι
3390 704 3536 758 quac-

1969 770 2194 824 rendum
2214 777 2313 823 est.
2340 787 2358 821 ι
2383 770 2654 839 Disposuit
2675 781 3052 829 testamentum
3074 776 3259 833 electis
3287 782 3398 835 suis
3420 780 3483 836 “.
3510 802 3529 835 ι

1966 857 2140 928 Atque
2190 858 2292 913 hoc
2326 866 2726 927 testamentum,
2759 863 2867 918 Deo
2902 864 3030 919 illud
3065 866 3250 923 electis
3279 872 3389 926 suis
3422 873 3531 926 dis-

1966 959 2217 1019 ponente,
2247 950 2418 1005 ﬁdelis
2438 952 2694 1021 suscepit,
2726 961 2888 1023 atque
2910 955 3237 1022 iuramentis
3276 963 3533 1030 quodam-

1967 1042 2126 1095 modo
2146 1057 2205 1097 sc
2233 1042 2341 1097 Deo
2359 1045 2651 1100 obstrinxit
2676 1048 2972 1117 suscipiens
2997 1059 3373 1108 testamentum
3396 1056 3532 1124 ejus,

1967 1140 2025 1185 ut
2055 1140 2320 1188 statueret
2343 1142 2399 1188 et
2421 1135 2721 1191 custodiret
2734 1136 2939 1207 judicia
2961 1140 3187 1209 justitite
3222 1144 3381 1200 illius.
3407 1147 3529 1202 Sta-

1967 1232 2080 1286 tuo,
2114 1223 2308 1292 inquit,
2340 1224 2429 1277 illa
2456 1226 2651 1281 anima:
2681 1243 2851 1282 mete:
2891 1243 2946 1285 et
2979 1246 3102 1286 cum
3136 1234 3223 1288 illa
3253 1245 3529 1300 statuero,

1966 1311 2023 1366 ﬁt
2068 1311 2196 1366 illud
2230 1314 2373 1381 quod
2423 1316 2561 1383 apud
2598 1315 2940 1374 Salomonem
2987 1322 3041 1375 in
3092 1322 3404 1380 Proverbiis
3446 1330 3532 1381 di-

1965 1415 2111 1458 ctum
2148 1412 2233 1459 est
2259 1404 2343 1459 “z
2381 1422 2401 1457 ι
2433 1405 2803 1476 Cogitationes
2826 1410 3095 1479 justorum
3120 1415 3346 1482 judicia.
3379 1436 3397 1468 ι
3437 1417 3529 1473 Illa

1970 1495 2213 1563 «judicia
2236 1515 2255 1549 ι
2298 1506 2422 1554 sunt
2467 1517 2486 1551 ι
2509 1500 2731 1569 justitia:
2760 1519 2778 1554 ι
2817 1501 2949 1558 Dei:
2990 1512 3118 1561 tunc
3148 1517 3325 1562 autem
3358 1510 3526 1577 ﬁunt,

1964 1586 2179 1653 quando
2216 1587 2393 1653 juravi
2441 1597 2495 1643 et
2541 1589 2703 1643 statui
2740 1588 2830 1645 illa
2878 1592 2930 1646 in
2980 1596 3318 1666 memetipso.
3362 1596 3532 1653 Porro

1971 1693 1989 1725 ι
2023 1684 2260 1731 statuere
2289 1696 2309 1729 ι
2346 1679 2445 1735 hoc
2477 1679 2598 1736 loco
2629 1681 2901 1751 signiﬁcat
2934 1684 3158 1740 ﬁrmiter
3204 1690 3527 1754 decernere;

1964 1774 2020 1820 et
2068 1785 2087 1817 ι
2114 1766 2300 1835 jnrare
2330 1788 2349 1821 ι
2394 1770 2531 1825 idem
2571 1782 2655 1827 est
2691 1788 2756 1829 ac
2791 1774 3202 1831 immutabiliter
3251 1778 3377 1832 illud
3409 1796 3537 1849 pro-

1963 1872 2183 1927 ponere,
2199 1868 2253 1914 et
2274 1874 2409 1930 opus
2422 1860 2774 1933 jurisjurandi
2798 1881 2919 1921 cum
2940 1868 3351 1925 conﬁrmatione
3368 1871 3533 1929 invio-

1963 1950 2131 2007 latum
2165 1967 2317 2007 serva
2327 1969 2383 2009 re
2418 1956 2575 2010 velle.

2023 2133 2199 2211 .Vsns.
2245 2135 2368 2192 108.
2429 2135 2744 2191 Voluntaria
2779 2139 2886 2193 oris
2933 2140 3033 2195 mei
3077 2141 3393 2211 beneplacita
3424 2146 3531 2214 (ac,

1964 2230 2186 2283 Domine
2210 2268 2226 2295 ,
2260 2240 2305 2282 et
2332 2228 2539 2297 judicia
2577 2237 2667 2282 tua
2696 2230 2822 2284 doce
2854 2248 2934 2285 me
2954 2269 2970 2295 ,
3001 2242 3107 2289 etc.
3139 2234 3272 2301 Qua:
3299 2250 3406 2290 non
3440 2253 3533 2291 su-

1965 2337 2083 2374 mus
2107 2320 2245 2388 jnssi
2280 2320 2484 2385 facere,
2518 2321 2610 2375 sed
2638 2320 2806 2376 libera
2839 2322 3118 2380 voluntate
3146 2326 3377 2382 facimus
3402 2367 3418 2392 ,
3466 2344 3528 2383 ca

1964 2408 2197 2477 appellnt
2228 2407 2533 2463 voluntaria
2566 2410 2679 2464 oris
2712 2412 2916 2465 nostri:
2947 2412 3091 2467 verbi
3115 2416 3311 2485 gratia,
3346 2418 3389 2471 si
3423 2419 3533 2472 vir-

1964 2499 2243 2568 ginitatem
2278 2499 2498 2555 coluero
2524 2539 2541 2565 ,
2582 2516 2702 2570 quae
2734 2504 2864 2558 mihi
2920 2518 3096 2574 neque
3133 2518 3399 2577 prazcepta
3435 2526 3533 2565 ne-

1964 2606 2070 2660 que
2114 2591 2263 2661 jussa
2299 2601 2375 2647 est
2399 2631 2415 2658 ,
2453 2595 2547 2648 sed
2580 2604 2772 2663 sponte
2797 2597 2899 2652 hoc
2938 2600 3116 2655 facere
3146 2602 3339 2657 melius
3370 2602 3534 2673 eligo.

1967 2680 2079 2735 lloc
2121 2681 2285 2750 igitur
2318 2683 2712 2751 lreneplacitum
2765 2687 2851 2742 fac
2882 2728 2898 2753 ,
2935 2688 3179 2746 Domine.
3214 2692 3308 2746 Sic
3339 2703 3395 2746 et
3428 2693 3537 2750 alia

1965 2773 2276 2828 istiusmodi
2321 2776 2372 2828 in
2406 2774 2518 2830 vita
2548 2786 2732 2833 nostra
2770 2780 3123 2849 reperiemus,
3156 2799 3383 2854 quorum
3430 2786 3532 2841 ali-

1963 2878 2067 2933 qua
2098 2864 2315 2933 quidem
2347 2864 2486 2935 jussi
2526 2864 2674 2923 velut
2703 2871 2846 2925 servi
2887 2871 3117 2929 facimus
3141 2913 3157 2939 ,
3189 2874 3371 2946 aliqua
3403 2892 3530 2933 vero

1967 2953 2195 3011 facimus
2244 2956 2436 3013 libere.

2036 3042 2197 3101 Vsus.
2226 3047 2349 3103 109.
2382 3050 2572 3104 Ληιηια
2601 3069 2716 3106 mea
2744 3054 2800 3107 in
2829 3055 3070 3109 manibus
3104 3058 3209 3112 tuis
3234 3076 3452 3129 semper,
3481 3075 3531 3118 et

1964 3136 2125 3207 legem
2164 3150 2310 3191 tuam
2348 3156 2449 3193 non
2476 3158 2590 3193 sum
2621 3143 2835 3208 oblitus,
2866 3155 2975 3200 etc.
3009 3147 3230 3213 Quaeres
3262 3158 3532 3220 quomodo

1966 3228 2145 3281 anima
2182 3228 2400 3283 Davidis
2440 3232 2492 3283 in
2535 3232 2783 3288 manibus
2816 3233 2909 3290 Dei
2944 3235 3109 3293 fuerit
3153 3255 3409 3309 semper:
3460 3262 3527 3298 an

1967 3325 2220 3387 tanquam
2256 3319 2308 3373 in
2332 3319 2542 3389 justitia
2569 3361 2584 3386 ,
2617 3322 2702 3376 vel
2732 3331 2986 3392 tanquam
3022 3328 3073 3382 in
3101 3333 3429 3401 c0gnitione.
3464 3337 3529 3390 Et

1964 3408 2104 3463 forte
2131 3410 2298 3477 priori
2333 3412 2529 3466 modo:
2580 3426 2704 3465 nam
2742 3416 3057 3482 angelorum
3091 3431 3179 3475 est
3205 3437 3420 3493 semper
3448 3427 3524 3477 vi-

1964 3499 2092 3553 dere
2116 3499 2308 3554 faciem
2341 3500 2456 3567 Dei,
2489 3503 2590 3558 hoc
2618 3513 2702 3559 est
2732 3505 2930 3561 habere
2959 3508 3100 3564 illius
3125 3515 3530 3583 contemplatio—

1964 3606 2123 3653 nem;
2175 3592 2450 3645 hominum
2496 3607 2627 3649 vero
2685 3610 2841 3665 posse
2891 3613 3103 3669 semper
3140 3605 3280 3671 quod
3321 3606 3527 3673 justum

1961 3691 2047 3735 est
2088 3682 2381 3738 eﬁicaciter
2428 3688 2641 3754 onerari
2674 3705 2687 3741 :
2726 3690 2867 3758 quod
2909 3700 2995 3744 est
3033 3691 3085 3745 in
3136 3696 3383 3749 manibus
3433 3698 3525 3753 Dei

1961 3786 2119 3827 esse:
2174 3790 2298 3828 nam
2330 3787 2509 3832 mente
2543 3788 2693 3835 recte
2739 3795 2902 3849 agere
2950 3781 3118 3837 solius
3145 3795 3263 3839 erat
3302 3787 3525 3854 Christi,

1960 3865 2051 3933 qui
2081 3874 2361 3934 peccatum
2391 3882 2497 3921 non
2520 3867 2671 3933 fecit,
2702 3869 2953 3927 videlicet
2982 3883 3126 3941 actu,
3156 3891 3255 3932 nec
3280 3878 3529 3936 inventus

1960 3967 2043 4011 est
2071 3957 2225 4012 dolus
2255 3958 2307 4011 in
2338 3972 2433 4013 ore
2458 3960 2576 4029 ejus
2602 3961 2669 4028 ⁸⁷,
2698 3963 2951 4018 nimirum
2981 3976 3180 4035 mente,
3209 3983 3238 4021 a
3264 3984 3368 4038 qua
3405 3988 3527 4041 prov

1961 4050 2157 4103 cedunt
2192 4052 2456 4120 superflua
2503 4055 2705 4110 cordis.
2752 4056 3004 4110 Animam
3036 4073 3208 4114 meam
3245 4064 3341 4118 tibi
3379 4080 3498 4118 com

1959 4142 2116 4194 mitto
2160 4155 2398 4211 semper,
2437 4153 2489 4198 te
2518 4147 2816 4213 custodem,
2847 4157 3206 4216 protectorem
3237 4168 3302 4207 ac
3330 4134 3551 4220 gubcr-’

1963 4243 2204 4288 natorem
2233 4236 2400 4307 809
2425 4237 2567 4294 illius
2591 4238 2753 4305 facio,
2781 4251 2835 4295 et
2860 4253 3142 4312 propterea
3173 4246 3343 4313 legem
3376 4256 3523 4301 tuam

1961 4339 2062 4378 non
2089 4341 2205 4379 sum
2236 4328 2454 4395 oblitus,
2482 4345 2551 4386 ne
2577 4330 2786 4386 cadam.
2812 4332 3002 4389 Omnis
3030 4335 3119 4403 qui
3145 4337 3378 4405 seipsum
3414 4328 3525 4391 Deo

290 4421 383 4473 καὶ
405 4419 493 4472 διά
521 4417 679 4472 τοῦτο
703 4417 796 4470 τοῦ
821 4418 985 4488 νόμου
1020 4436 1113 4472 σου
1144 4422 1243 4473 οὐκ
1265 4421 1629 4493 ἐπελαθόμην,
1660 4423 1744 4476 ἴνα
1780 4424 1852 4495 μὴ

1963 4414 2180 4477 addicit,
2203 4416 2436 4471 animam
2452 4429 2606 4474 suam
2635 4421 2688 4476 in
2716 4423 2965 4478 manibus
2988 4424 3106 4493 ejus
3125 4426 3311 4491 tradit,
3339 4441 3524 4496 qucm~

288 4510 565 4564 ἀποπέσω.
602 4510 717 4571 Πᾶς
755 4509 785 4560 ό
816 4508 1030 4572 ἀναθεὶς
1060 4511 1249 4565 ἐαυτὸν
1277 4513 1354 4583 τῷ
1386 4513 1523 4585 Θεῷ,
1554 4514 1651 4585 τὴν
1677 4514 1854 4585 ψυχὴν

288 4600 451 4654 αὑτοῦ
487 4600 841 4671 παρατίθεται
880 4601 958 4663 είς
1001 4600 1097 4663 τὰς
1128 4604 1312 4673 χεῖρας
1335 4605 1516 4669 αὑτοῦ,
1547 4606 1730 4670 καθὼς
1761 4608 1855 4660 καὶ

288 4692 520 4763 ἀλλαχοῦ
574 4688 749 4744 εἶπεν·
806 4709 824 4742 ι
866 4692 986 4745 ’Ὁτι
1020 4693 1085 4745 σὺ
1128 4691 1177 4745 εί
1207 4696 1236 4747 ό
1269 4695 1681 4767 ὑπερασπιστὴς
1726 4716 1849 4768 μου,

288 4781 481 4853 Κύριε,
516 4784 593 4846 είς
624 4783 811 4854 χεῖράς
843 4800 936 4837 σου
970 4784 1355 4855 παραθήσομαι
1373 4785 1432 4838 τὸ
1455 4788 1671 4858 πνεῦμά
1694 4806 1848 4860 μου.»

289 4879 352 4930 Εἰ
381 4878 437 4930 δέ
474 4876 683 4948 μερίζει
728 4876 917 4930 ἑαυτὸν
946 4876 1024 4940 είς
1053 4877 1245 4946 ἡδονὰς
1272 4879 1363 4929 καὶ
1394 4878 1537 4949 πάθη
1569 4881 1855 4951 σωματικά

289 4968 384 5021 καὶ
414 4967 699 5039 φροντίδας
734 4967 1023 5038 βιωτικάς,
1059 4967 1119 5020 οὐ
1154 4968 1507 5039 παρατίθεται
1539 4970 1636 5041 τὴν
1677 4973 1853 5044 ψυχὴν

290 5060 453 5112 αὐτοῦ
483 5062 562 5123 είς
596 5062 781 5131 χεῖρας
815 5059 972 5113 Θεοῦ.

366 5148 477 5201 Τοῦ
512 5149 715 5202 αὑτοῦ.
765 5148 821 5201 '0
865 5148 921 5200 δὲ
958 5147 1186 5212 ’Δκύλας
1216 5148 1375 5202 οῦτω·
1413 5168 1431 5200 ι
1472 5150 1631 5220 Ψυχή
1664 5166 1763 5220 μου
1795 5152 1853 5203 ἐν

288 5240 472 5311 ταρσῷ
498 5258 595 5310 μου
621 5239 909 5310 ἐνδελεχῶς
930 5241 1021 5293 καὶ
1039 5240 1319 5311 διηνεκῶς,
1346 5241 1438 5293 καὶ
1461 5242 1623 5311 νόμου
1644 5258 1736 5294 σου
1753 5242 1853 5294 οὐκ

291 5330 649 5401 ἐπελαθόμην·
690 5350 706 5380 ι
733 5332 760 5383 ὁ
796 5331 852 5383 δέ
898 5330 1208 5402 Σύμμαχος·
1248 5350 1266 5382 ι
1316 5332 1379 5384 Ἡ
1410 5332 1553 5403 ψυχή
1588 5349 1686 5402 μου
1717 5331 1852 5402 μετά

289 5422 475 5495 χεῖράς
512 5438 612 5491 μου
662 5421 968 5483 διαπαντός·
1015 5441 1031 5471 ι
1066 5424 1097 5490 ἡ
1129 5423 1183 5474 δὲ
1212 5422 1434 5493 πέμπτη
1482 5422 1681 5491 ὁμοίως
1742 5424 1851 5486 τοῖς

300 5514 723 5584 Ἑϐδομήκοντα.

1962 4502 2246 4557 admodum
2305 4516 2357 4562 et
2416 4508 2543 4563 alibi
2573 4509 2619 4543 ⁸⁸
2645 4512 2775 4567 dicit
2810 4528 2826 4567 :
2861 4532 2879 4564 ‹
2913 4514 3175 4581 Quoniam
3216 4525 3269 4571 tu
3307 4532 3366 4572 es
3395 4534 3524 4588 pro-

1962 4602 2134 4648 tector
2178 4612 2329 4653 meus
2353 4638 2369 4663 ,
2408 4601 2671 4669 Domine,
2708 4602 2761 4658 in
2815 4620 3009 4661 manus
3058 4617 3179 4662 tuas
3207 4612 3526 4663 commendo

1960 4685 2207 4754 Spiritum
2237 4703 2437 4744 meum.
2472 4708 2492 4742 ι
2536 4691 2591 4746 Si
2629 4702 2805 4748 autem
2842 4696 3078 4765 seipsum
3125 4697 3321 4766 partim
3364 4700 3526 4755 tradit

1961 4777 2330 4847 voluptatibus
2380 4792 2437 4838 et
2488 4783 2773 4843 affectibus
2827 4787 3103 4857 corpOreis
3147 4795 3311 4857 atque
3362 4789 3524 4858 hujus

1961 4871 2082 4926 vitae
2110 4873 2278 4938 curis,
2312 4890 2415 4930 non
2443 4880 2790 4933 commendat
2811 4879 3046 4933 animam
3070 4892 3222 4935 suam
3249 4880 3304 4935 in
3332 4896 3524 4936 manus

1963 4964 2074 5017 Dei.

2020 5148 2288 5217 Ejusdem.
2319 5149 2507 5219 Aquila
2533 5149 2612 5206 sic
2639 5152 2801 5205 vertit
2831 5168 2847 5208 :
2881 5170 2901 5204 ι
2930 5152 3122 5207 Anima
3151 5168 3266 5208 mea
3304 5154 3358 5208 in
3397 5156 3515 5210 vola

1952 5253 2068 5293 mea
2102 5241 2470 5295 indesinenter
2503 5252 2557 5296 et
2586 5254 2865 5311 perpetuo,
2910 5254 2965 5300 et
3001 5245 3170 5316 legem
3223 5256 3366 5300 tuam
3414 5263 3519 5301 non

1948 5345 2067 5385 sum
2101 5332 2318 5385 oblitus.
2346 5351 2364 5383 ι
2392 5333 2748 5402 Symmachus
2784 5352 2799 5389 :
2834 5354 2853 5388 ι
2879 5337 3068 5392 Anima
3098 5352 3214 5392 mea
3250 5346 3374 5407 post
3405 5354 3519 5390 rna-

1951 5436 2053 5474 nns
2087 5436 2236 5473 meas
2293 5436 2539 5489 semper;
2572 5443 2590 5475 ι
2639 5426 2827 5493 quinta
2886 5436 3067 5481 autem
3115 5427 3282 5482 editio
3330 5426 3520 5481 eodem

1951 5512 2111 5563 modo
2146 5527 2209 5566 ac
2252 5512 2606 5584 Septuaginta
2640 5517 2986 5587 interpretes.

360 5694 403 5726 “
433 5691 571 5745 Psal.
605 5705 864 5752 Lsxxvm,
897 5690 947 5742 ρι.
1022 5691 1068 5720 ⁸⁸
1101 5690 1258 5745 Prov.
1290 5708 1387 5758 XII,
1419 5691 1471 5745 5.
1551 5692 1593 5724 ⁸⁷
1624 5691 1640 5745 1
1666 5691 1804 5747 Pelr.
1843 5708 1855 5743 ι

1963 5688 2021 5742 L2.
2105 5689 2148 5720 ⁸⁸
2180 5689 2321 5744 Psal.
2352 5706 2476 5756 xu,
2507 5692 2560 5758 ii,
2592 5694 2643 5749 6.

656 5784 917 5844 Parnm.
959 5784 1075 5842 Gn.
1127 5783 1264 5845 XII.

3126 5795 3199 5852 .5!
