4066 6236
513 289 638 340 Mill

584 404 738 456 Vens.
781 402 903 456 110.
945 401 1238 453 Posuerunt
1273 410 1566 468 peccatores
1591 400 1832 470 laqueum
1862 399 2005 462 mihi,
2031 409 2075 452 et
2107 403 2153 458 Α

510 501 572 544 de
603 493 868 546 mandatis
909 492 1010 544 tuis
1037 507 1138 544 non
1173 490 1368 554 erravi,
1411 499 1514 544 etc.
1563 490 1880 546 Peccalores
1919 491 2080 560 justis

512 584 769 650 plurimos
806 583 1094 652 variosque
1127 581 1347 650 laqueos
1377 592 1589 648 texunt,
1649 583 1810 636 veluti
1846 583 2082 652 Josepho

512 678 704 728 mulier
736 673 982 745 Egyptia
1020 673 1355 743 fratresque;
1399 675 1601 729 Dauieli
1647 677 1698 729 hi
1732 677 1823 745 qui
1855 692 1884 730 a
1922 675 2082 729 Dario

511 777 830 834 potestatem
873 775 1236 836 acceperant;
1296 767 1388 821 sed
1449 767 1670 820 minime
1727 782 1754 820 a
1813 767 2082 822 mandatis

515 860 607 912 hei
658 862 984 913 aberrarunt
1019 881 1030 915 :
1064 869 1398 930 quapropter
1467 859 1675 928 laqueis
1735 859 2081 916 sublimiores

510 950 744 1003 fuerunt.

581 1043 742 1097 Vsus.
797 1043 918 1096 111.
982 1039 1304 1095 "(creditote
1342 1037 1596 1108 acquisiui
1634 1037 1936 1092 testimonia
1987 1045 2078 1090 tua

510 1137 564 1187 in
596 1145 871 1196 retentum,
926 1133 1051 1203 quia
1103 1131 1386 1186 exsultatio
1421 1131 1596 1184 cordis
1640 1130 1742 1183 mei
1778 1140 1919 1194 sunt,
1971 1139 2075 1184 etc.

509 1224 612 1290 Qui
652 1223 918 1278 mandatis
953 1221 1047 1277 Dei
1083 1221 1446 1284 delectantur,
1493 1227 1546 1274 et
1578 1218 1779 1286 justam
1809 1221 2077 1273 actionem

511 1315 936 1384 amplectuntur,
1015 1314 1071 1369 hi
1139 1329 1355 1384 semper
1414 1313 1730 1367 haereditate
1795 1312 2079 1381 acquirunt

513 1407 828 1462 testimonia
864 1409 1002 1472 ejus.
1052 1405 1124 1460 Ea
1158 1405 1423 1474 siquidem
1455 1418 1564 1473 pra!
1590 1403 1842 1458 omnibus
1872 1418 1990 1471 qua!
2023 1403 2075 1455 in

512 1500 715 1552 nnmdo
746 1507 874 1552 sunt
903 1498 952 1551 in
987 1506 1188 1552 sortem
1220 1513 1285 1550 ae
1316 1496 1618 1565 portionem
1650 1494 1916 1557 obtinent,
1947 1503 2000 1547 et
2031 1493 2074 1547 si

510 1591 636 1660 quid
667 1598 890 1657 propter
919 1589 1006 1645 illa
1033 1590 1278 1658 perpessi
1309 1588 1536 1651 fuerint,
1564 1587 1833 1640 lmtantur.

583 1680 744 1733 Vens.
779 1680 899 1733 “‘2.
937 1677 1192 1734 luclinavi
1223 1697 1311 1732 cor
1337 1695 1507 1732 meum
1532 1679 1600 1731 at!
1623 1677 1891 1746 faciendus
1907 1678 2074 1746 justi-

509 1771 780 1836 ]irationes
803 1779 918 1820 tuus
947 1769 1001 1820 in
1027 1779 1277 1821 (eternttm
1306 1777 1515 1834 propter
1537 1767 1949 1830 retributionem,
1972 1775 2074 1820 etc.

513 1861 789 1924 lnclittavi,
817 1859 940 1928 quia
977 1860 1214 1913 sciebam
1252 1858 1543 1928 repositam
1587 1857 1714 1911 mihi
1751 1872 1870 1912 esse
1917 1859 2076 1912 retri-

511 1953 808 2015 butionem,
845 1951 986 2019 quod
1017 1960 1098 2004 est
1131 1966 1355 2019 regnum
1385 1950 1473 2004 Dei
1510 1967 1523 2002 :
1556 1967 1573 2000 ι
1601 1949 1728 2015 Quae
1757 1948 1942 2003 oculus
1974 1963 2076 2003 non

509 2042 662 2107 vidit,
695 2057 794 2095 nec
823 2040 973 2095 auris
1006 2041 1234 2102 audivit,
1269 2055 1367 2094 nec
1406 2040 1458 2094 in
1504 2055 1598 2094 cor
1629 2039 1865 2094 hominis
1891 2055 2080 2094 ascen-

508 2135 607 2196 dit,
639 2147 759 2201 quae
789 2131 1112 2200 pra‘paravit
1147 2130 1287 2184 Deus
1322 2129 1666 2199 diligentibus
1699 2143 1757 2184 se
1786 2129 1852 2182 ‘9.
1898 2146 1916 2180 ι

579 2222 852 2293 Ejusdem.
942 2221 1246 2276 Retributio
1301 2219 1792 2288 justilicationum,
1844 2221 2078 2291 cognitio

510 2318 722 2370 illarum
748 2328 854 2370 est.

582 2407 741 2462 \‘Ens.
794 2407 913 2460 “3.
954 2404 1174 2476 Iniquus
1215 2406 1336 2459 odio
1386 2406 1549 2458 Itrtbui
1575 2446 1588 2467 ,
1633 2413 1682 2458 et
1725 2406 1888 2474 legem
1933 2414 2073 2458 tuam

505 2498 687 2562 dilexi,
748 2509 857 2552 etc.
919 2497 1161 2566 Iniquus,
1220 2506 1488 2565 quatenus
1543 2497 1760 2564 iniquus
1802 2504 1902 2559 est,
1954 2497 2078 2550 odio

508 2587 734 2640 habetur
763 2605 776 2650 ;
827 2596 1096 2655 quatenus
1137 2595 1314 2639 autem
1353 2588 1528 2656 imago
1555 2598 1609 2640 et
1639 2587 1950 2653 ﬁgmentum
1986 2586 2074 2642 Dei

503 2684 606 2739 est,
658 2676 918 2746 diligitur.
977 2675 1091 2729 Sub
1151 2677 1252 2730 hoc
1306 2677 1469 2744 igitur
1530 2677 1769 2730 secundo
1829 2687 2075 2746 respectu

503 2767 670 2820 etiam
698 2768 762 2820 ad
787 2781 881 2821 ens
915 2767 1006 2834 qui
1036 2781 1257 2820 carcere
1302 2769 1615 2820 detinentur
1635 2767 1893 2822 accedere
1915 2768 2075 2837 jube-

505 2874 624 2912 nmr
659 2867 716 2912 et
747 2857 901 2911 malis
927 2857 1267 2911 benefacere.
1323 2857 1507 2911 Potest
1551 2867 1736 2910 autem
1768 2859 1938 2912 David
1975 2862 2076 2914 hoc

506 2947 621 3002 loco
656 2949 874 3017 iniquos
907 2946 1090 3002 dicere
1136 2961 1420 3001 sermones
1471 2957 1523 3000 et
1576 2947 1722 3016 leges
1767 2961 1905 3016 quas
1951 2948 2075 3003 odio

504 3037 714 3092 habuit.
973 3039 975 3042 ‘

574 3129 852 3200 Ejusdem.
916 3126 1033 3183 Non
1092 3129 1216 3182 odio
1277 3128 1464 3183 habuit
1514 3129 1728 3197 iniquos
1772 3131 2072 3186 homines:

505 3239 627 3277 nam
663 3237 731 3276 ex
763 3221 881 3291 ejus
906 3220 1016 3274 vita
1045 3220 1211 3288 liquet
1256 3222 1305 3274 ei
1349 3238 1451 3275 nou
1504 3221 1670 3276 fuisse
1701 3223 1826 3277 odio
1861 3223 2077 3292 iniquos

506 3315 752 3369 homines
787 3329 800 3366 :
835 3327 1010 3382 neque
1041 3312 1185 3366 enim
1219 3313 1540 3382 parricidam
1590 3313 1907 3368 Abessalom
1949 3315 2076 3369 odio

506 3410 715 3472 hahttit,
767 3421 940 3477 neque
989 3406 1204 3466 Sauletn
1247 3406 1335 3471 qui
1395 3405 1574 3457 varias
1621 3403 1806 3458 Davidi
1851 3404 2076 3458 insidias

503 3507 778 3554 struxerat
829 3506 882 3552 et
932 3497 996 3551 de
1041 3511 1148 3565 quo
1180 3497 1316 3556 dixit
1352 3495 1558 3548 Deus“
1601 3513 1616 3548 :
1657 3513 1675 3545 ι
1707 3495 1939 3548 Ρωιιίιοι
1991 3511 2075 3550 me

503 3591 644 3657 quod
669 3589 918 3642 unxerim
947 3588 1074 3642 Sztt'tl
1105 3587 1158 3639 in
1183 3601 1364 3655 regem
1393 3603 1406 3651 ;
1433 3603 1452 3635 ι
1489 3601 1666 3654 neque
1695 3586 1860 3638 alium
1886 3600 2072 3654 quem-

504 3681 646 3748 piam
683 3679 950 3746 iniqttum.
1001 3675 1364 3742 Quamobrem
1399 3694 1418 3726 ι
1448 3675 1662 3744 iniquos
1691 3692 1710 3726 ι
1750 3674 1937 3728 dicens
1965 3687 2071 3728 non

503 3770 708 3824 addidit
746 3785 764 3818 ι
796 3767 1084 3821 homines:
1125 3786 1141 3818 ι
1205 3781 1327 3819 nam
1380 3775 1650 3834 quatenus
1684 3774 1906 3819 sanctus
1947 3765 2071 3819 odio

503 3861 734 3915 habebat
774 3858 940 3928 810
981 3873 1041 3910 ea
1087 3872 1207 3926 quae
1245 3856 1369 3911 odio
1413 3855 1571 3924 digna
1605 3862 1751 3919 sunt,
1792 3868 2069 3910 sermones

503 3953 741 4022 iniquos,
766 3952 1016 4020 degmata
1061 3949 1265 4016 iniqua,
1306 3949 1582 4003 doctrinas
1609 3945 1892 4018 ejusmodi,
1940 3942 2069 4000 alie-

501 4054 648 4097 ctum
700 4057 808 4111 quo
838 4044 897 4095 lit
937 4051 996 4094 nt
1025 4050 1269 4108 peccent.
1313 4037 1466 4094 Unde
1505 4037 1846 4093 sermonibus
1874 4037 2070 4104 iniquis

502 4131 809 4199 anteposuit
837 4131 1087 4184 dilectam
1127 4131 1316 4199 legem.
1350 4128 1463 4183 Hoc
1491 4143 1656 4183 sensu
1688 4137 1744 4182 et
1778 4135 1985 4194 patrem
2015 4138 2071 4182 et

502 4231 726 4275 matrem
779 4220 903 4274 odio
952 4219 1153 4272 habere
1197 4219 1472 4288 iubemur,
1535 4217 1636 4273 hoc
1677 4226 1761 4273 est
1803 4219 2066 4286 aversari,

500 4327 622 4365 cum
651 4325 749 4364 nos
773 4312 840 4362 ad
865 4309 1195 4378 impietatem
1225 4320 1563 4378 provocant,
1612 4311 1696 4366 vel
1739 4325 1768 4363 a
1811 4312 2069 4381 martyrio

1900 285 1990 340 EX
2025 285 2185 340 01116
2195 284 2324 338 ΕΝΕ

3625 284 3779 337 “"2

2259 401 2502 452 Ἔθεντο
2528 397 2860 467 ἁμαρτωλοὶ
2889 399 3109 467 παγίδα
3135 416 3256 466 μοι,
3294 397 3390 450 καὶ
3412 399 3479 450 ἐκ
3515 397 3632 450 τῶν
3661 400 3772 452 ὲν-

2185 488 2374 542 τολῶν
2416 504 2531 541 σου
2585 490 2695 541 οὐκ
2746 487 3116 554 ἐπλανήθην,
3149 506 3200 540 κ.
3240 504 3290 539 τ.
3337 489 3384 540 ὲ.
3419 487 3658 554 Παγίδας
3714 491 3774 542 οὶ

2183 578 2494 649 ἁμαρτωλοὶ
2536 578 2735 640 πολλὰς
2767 580 2879 640 τοῖς
2929 577 3156 640 δικαίοις
3201 578 3296 630 κα¹ί⁵
3341 578 3630 649 διαφόρους
3665 581 3774 649 ρά-

2183 687 2426 724 πτουσιν·
2454 664 2566 723 οἷον
2593 669 2671 739 τῷ
2716 669 2912 738 Ἰωσὴφ
2946 670 2979 738 ἡ
3011 668 3285 735 Αἰγυπτία
3317 669 3410 720 καὶ
3439 669 3486 720 οἱ
3517 669 3768 738 ἀδελφοί·

2181 764 2258 835 τῷ
2303 761 2502 832 Δανιὴλ
2543 762 2593 814 oi
2645 761 2751 813 ἀπὸ
2782 761 2876 813 τοῦ
2920 760 3147 829 Δαρείου
3198 759 3453 823 λαϐόντες
3486 759 3768 826 ἐξουσίαν·

2183 855 2293 908 ἀλλ’
2315 854 2414 908 οὐκ
2446 852 2906 923 ἀπεπλανήθησαν
2939 853 3044 905 τῶν
3077 851 3304 904 ἐντολῶν
3338 852 3431 905 τοῦ
3457 852 3610 905 Θεοῦ·
3673 854 3776 907 διὰ.

2181 945 2338 1000 τοῦτο
2364 945 2473 998 τῶν
2495 944 2736 1012 παγίδων
2763 943 3024 1014 ἀνώτεροι
3051 943 3316 1010 ἐγένοντο.

2265 1037 2748 1104 Ἐκληρονόμησα
2775 1038 2849 1087 τὰ
2867 1033 3159 1102 μαρτύριά
3177 1048 3293 1087 σου
3317 1037 3406 1101 εὶς
3433 1033 3773 1099 τὸναιὼνα,

2181 1129 2268 1183 ὅτι
2293 1128 2632 1197 ἀγαλλίαμα
2652 1125 2762 1193 τῆς
2777 1124 3029 1192 καρδίας,
3040 1143 3160 1195 μου
3176 1125 3354 1189 εἰσιν,
3382 1145 3434 1180 κ.
3457 1144 3506 1179 τ.
3530 1129 3576 1181 ἐ.
3603 1129 3772 1180 Ὅσοι

2179 1219 2424 1291 χαίρουσι
2455 1221 2572 1281 ταῖς
2601 1218 2839 1280 ἐντολαῖς
2867 1216 2961 1269 τοῦ
3003 1217 3156 1280 Θεοῦ,
3193 1217 3289 1270 καὶ
3309 1218 3410 1289 τὴν
3440 1218 3775 1290 δικαιοπρα-

2179 1311 2301 1379 γίαν
2335 1309 2686 1373 ἀσπάζονται,
2717 1304 2860 1363 οὗτοι
2891 1309 3177 1371 διαπαντὸς
3213 1309 3636 1380 κληρονομοῦσιν
3665 1313 3773 1365 αὐ-

2177 1402 2272 1456 τοῦ
2302 1402 2369 1456 τά
2395 1401 2688 1474 μαρτύρια,
2719 1401 2919 1472 κλῆρον
2955 1401 3090 1454 αὑτά
3118 1401 3212 1453 καὶ
3251 1401 3448 1471 μερίδα
3475 1403 3594 1455 ἀντὶ
3619 1405 3770 1457 πάν-

2178 1510 2284 1545 των
2313 1492 2418 1545 τῶν
2441 1495 2499 1545 ἐν
2521 1491 2596 1562 τῷ
2611 1492 2799 1562 κόσμῳ
2819 1491 3107 1562 κτώμενοι,
3123 1493 3216 1543 καὶ
3236 1492 3374 1562 ὅπερ
3400 1492 3494 1545 ἐὰν
3513 1493 3771 1549 πάθωσιν

2179 1583 2267 1636 ἐπ’
2294 1585 2496 1646 αὐτοῖς,
2525 1583 2957 1654 εὐφραινόμενοι.

2249 1677 2493 1728 "Exin-et
2545 1675 2660 1742 τὴν
2691 1674 2946 1742 καρδίαν
2985 1691 3105 1742 μου
3137 1674 3241 1727 τοῦ
3274 1675 3524 1743 ποιῆσαι
3564 1677 3637 1729 τὰ
3673 1677 3764 1729 δι-

2183 1765 2480 1836 καιώματά
2504 1783 2618 1820 σου
2647 1769 2732 1831 εὶς
2749 1765 2856 1818 τὸν
2871 1764 3052 1818 αἰῶνα
3081 1763 3153 1816 δι’
3169 1764 3547 1833 ἀντάμειψιν,
3566 1784 3618 1820 κ.
3637 1783 3693 1818 τ.
3717 1769 3765 1818 ἐ.

2182 1857 2351 1920 Εἰδὼς
2393 1856 2762 1927 ἀποκειμένην
2803 1857 3037 1926 ἀμοιὸὴν
3064 1856 3264 1921 ἕκλινα,
3301 1860 3423 1929 ἥτις
3457 1860 3574 1912 ἐστὶ
3608 1861 3771 1930 βασι-

2179 1949 2297 2002 λεία
2349 1948 2503 2002 Θεοῦ·
2545 1972 2562 1997 ι
2598 1949 2664 2000 "A
2721 1946 2995 2016 ὀφθαλμὸς
3045 1949 3144 2001 οὐκ
3202 1945 3329 2013 εἶδε,
3379 1951 3472 2003 καὶ
3527 1947 3619 2014 οῦς
3660 1955 3768 2006 οὐκ

2181 2043 2401 2112 ἤκουσε,
2445 2041 2537 2092 καὶ
2587 2039 2679 2091 ἐπὶ
2737 2039 2961 2108 καρδίαν
3017 2039 3302 2109 ἀνθρώπου
3349 2042 3450 2093 οὐκ
3496 2043 3690 2114 ἀνέϐη,
3731 2046 3769 2097 ἃ.

2181 2132 2473 2201 ἡτοίμασεν
2501 2133 2529 2182 ό
2549 2129 2679 2192 Θεὸς
2711 2132 2824 2192 τοῖς
2857 2129 3139 2196 ἀγαπῶσιν
3173 2131 3352 2183 αὐτόν.
3382 2151 3399 2182 ι

2255 2219 2364 2274 Τοῦ
2409 2219 2614 2272 αὐτοῦ.
2664 2220 2728 2271 Ἡ
2768 2218 3088 2288 ἀντάμειψις
3135 2217 3240 2271 τῶν
3290 2218 3694 2290 δικαιωμάτων,
3730 2225 3763 2293 ἡ

2179 2311 2379 2381 γνῶσις
2407 2311 2587 2364 αὐτῶν
2621 2313 2790 2364 ἐστιν.

2251 2405 2642 2471 Παρανόμους
2686 2403 2970 2470 ἐμίσησα,
3003 2403 3108 2454 τὸν
3137 2401 3202 2453 δὲ
3232 2403 3420 2471 νόμον
3474 2420 3588 2458 σου
3617 2405 3763 2474 ἠγά-

2179 2511 2365 2562 πησα,
2402 2512 2453 2547 κ.
2473 2511 2521 2545 τ.
2548 2496 2593 2546 ἐ.
2642 2491 2700 2547 Ὀ
2725 2493 3056 2565 παράνομος,
3087 2492 3219 2545 καθὸ
3253 2495 3562 2565 παράνομος
3583 2497 3760 2565 ὑπάρ-

2177 2605 2284 2658 χει,
2325 2589 2548 2658 μισητός
2580 2589 2714 2638 ἐστι·
2758 2586 2892 2638 καθὸ
2927 2585 2983 2637 δὲ
3018 2587 3178 2638 εἰκών
3209 2586 3302 2638 καὶ
3334 2586 3553 2656 πλάσμα
3593 2586 3757 2647 Θεοῦ,

2177 2678 2456 2748 ἀγαπητός
2493 2679 2626 2730 ἐστι.
2658 2677 2814 2730 Κατά
2850 2677 2981 2746 γοῦν
3017 2677 3117 2748 τὴν
3141 2678 3402 2749 δευτέραν
3433 2678 3632 2731 ἔννοιαν
3658 2679 3760 2732 καὶ

2176 2771 2288 2832 τοῖς
2321 2770 2378 2822 ἐν
2427 2772 2493 2839 τῇ
2536 2769 2752 2838 φυλακῇ
2801 2767 3157 2838 προσϐάλλειν
3207 2769 3338 2838 ἡμῖν
3373 2768 3760 2839 προτέτακται,

2177 2860 2270 2913 καὶ
2301 2857 2359 2914 εὖ
2399 2864 2573 2914 ποιεῖν
2594 2861 2720 2923 τοὺς
2750 2859 3090 2930 κακούργους
3120 2859 3550 2930 νενομοθέτηται.
3582 2859 3761 2913 Δύνα-

2175 2966 2264 3004 ται
2291 2950 2346 3002 δέ
2371 2949 2604 3003 ἐνταῦθα
2627 2948 2804 3018 λέγειν
2837 2949 3030 3017 λόγους
3053 2951 3147 3003 καὶ
3180 2951 3371 3021 νόμους
3391 2949 3482 3012 οὓς
3513 2950 3766 3022 μεμίση-

2103 3064 2144 3120 C
2180 3059 2273 3096 κεν
2307 3043 2334 3096 ὁ
2359 3042 2540 3095 Δαυῖδ.

2253 3130 2363 3186 Τοῦ
2394 3131 2602 3186 αὑτοῦ.
2651 3131 2764 3186 Οὐκ
2805 3130 2984 3202 ἐμίσει
3030 3131 3378 3202 παρανόμους
3411 3129 3753 3202 ἀνθρώπους·

2177 3221 2398 3292 καὶγὰρ
2423 3222 2622 3289 ἔδειξεν
2648 3221 2676 3274 ὁ
2697 3222 2810 3292 βίος
2833 3221 3018 3286 αὑτοῦ,
3047 3223 3130 3275 ὅτι
3157 3223 3258 3276 οὐκ
3295 3223 3606 3295 ἀνθρώπους
3642 3241 3760 3280 τια-

2181 3313 2445 3383 ρανόμους
2471 3314 2752 3384 ἐμίσησεν·
2782 3314 2904 3366 οὔτε
2938 3313 3045 3385 γὰρ
3073 3316 3161 3366 τὸν
3193 3314 3520 3385 πατραλοίαν
3564 3317 3763 3370 Ἀϐεσ-

2175 3405 2368 3474 σαλὼμ
2418 3405 2700 3475 ἐμίσησεν,
2731 3403 2855 3458 οὔτε
2887 3405 2976 3458 τὸν
3012 3404 3202 3470 Σαοὺλ,
3247 3406 3400 3476 (περὶ
3433 3401 3493 3459 οὗ
3535 3402 3687 3460 εἶπεν
3732 3411 3765 3462 ὁ

2174 3495 2322 3559 Θεός·
2362 3514 2380 3548 ι
2415 3495 2883 3567 Μεταμεμέλημαι
2915 3495 3107 3567 χρίσας
3161 3497 3252 3549 τὸν
3287 3498 3458 3550 Σαοὺλ
3482 3499 3566 3562 εἰς
3603 3497 3764 3567 βασι-

2174 3588 2351 3650 λέαι)·
2401 3588 2672 3659 διαφόρως
2703 3588 2781 3659 τῷ
2807 3587 2967 3643 Δαυῒδ
3001 3588 3482 3653 ἐπιϐουλεύσαντα,
3509 3590 3628 3643 οὔτε
3655 3592 3758 3644 ἀλ-

2173 3679 2261 3732 λον
2293 3679 2411 3733 τινὰ
2438 3679 2770 3750 παράνομον·
2807 3679 2929 3732 ὅθεν
2961 3699 2978 3730 ι
3020 3681 3369 3751 παρανόμους
3411 3701 3428 3733 ι
3467 3679 3654 3744 εἰπὼν,
3685 3682 3758 3734 οὐ

2173 3771 2509 3844 προσέθηκεν
2548 3791 2566 3822 ι
2606 3770 2942 3844 ἀνθρώπους·
2973 3791 2992 3824 ›
3023 3772 3098 3836 ὼς
3128 3774 3237 3845 γὰρ
3271 3775 3425 3842 ἆγιος
3457 3774 3634 3844 ἐμίσει
3681 3773 3758 3827 τὰ

2176 3864 2364 3932 μίσους
2387 3862 2532 3930 ἀξια,
2551 3864 2674 3926 τοὺς
2695 3863 2885 3932 λόγους
2912 3865 3040 3928 τοὺς
3062 3865 3431 3936 παρανόμους,
3465 3865 3532 3918 τὰ
3549 3865 3760 3933 δόγμαι

2169 3967 2239 4004 τα
2256 3950 2324 4003 τά
2354 3951 2662 4023 παράνομα,
2699 3952 2798 4015 τὰς
2833 3953 3083 4017 τοιαύτας
3117 3953 3482 4018 διδασκαλίας,
3513 3953 3608 4024 τὴν
3634 3953 3756 4008 διὰ-

2172 4041 2318 4095 θεσιν
2364 4042 2484 4096 καθ’
2535 4043 2601 4113 ἣν
2644 4044 3076 4115 ἁμαρτάνουσιν·
3119 4044 3238 4099 ὅθεν
3270 4048 3378 4108 τοῖς
3412 4043 3758 4115 παρανόμοις

2169 4132 2346 4203 λόγοις
2375 4135 2635 4205 ἀντέθηκε
2657 4135 2746 4189 τὸν
2773 4136 3133 4208 ἀγαπώμενον
3156 4137 3331 4207 νόμον.
3359 4133 3512 4187 Κατά
3537 4133 3753 4204 ταύτην

2169 4224 2268 4294 τὴν
2297 4224 2500 4278 ἔννοιαν
2551 4227 2644 4279 κα)⁸
2681 4228 2894 4297 πατέρα
2921 4228 3014 4280 καὶ
3053 4228 3265 4300 μητέρα
3308 4229 3480 4298 μισεῖν
3511 4240 3756 4296 προστε-

2168 4318 2437 4389 τάγμεθα,
2487 4320 2760 4373 τουτέστιν
2815 4321 3251 4392 ἀποστρέφεσθαι
3299 4318 3753 4390 παρακαλοῦντας

499 4401 793 4454 secundum
846 4403 1124 4456 Christum
1186 4402 1436 4458 obeundo
1497 4404 1877 4460 dehortantur.
1931 4403 2063 4459 Nam

2175 4410 2316 4480 ἡμᾶς
2334 4413 2411 4474 εἰς
2444 4412 2714 4478 ἀσέϐειαν,
2743 4412 2776 4482 ἢ
2806 4412 2899 4466 τοῦ
2929 4412 3067 4466 κατὰ
3091 4413 3325 4483 Χριστὸν
3341 4411 3750 4482 ἀποτρέποντας

499 4489 737 4558 alioquin
768 4491 931 4544 etiam
958 4492 1213 4548 inimicos
1253 4502 1466 4548 nostros
1521 4494 1748 4564 diligere
1785 4495 2062 4564 jubetnur.

497 4585 608 4638 Deo
659 4591 840 4637 autem
886 4584 1141 4639 hortante
1187 4593 1243 4639 ut
1294 4585 1459 4639 etiam
1502 4587 1777 4656 propriam
1827 4587 2064 4642 animam

497 4676 795 4740 oderimus,
825 4676 1077 4730 similiter
1104 4684 1159 4731 et
1197 4676 1441 4730 homines
1473 4679 1640 4746 iniqui
1677 4679 1804 4732 odio
1831 4677 2064 4732 habendi

496 4779 642 4834 sunt,
675 4777 734 4822 ut
764 4769 912 4838 ipsos
933 4779 1317 4824 convertatnus
1349 4769 1571 4824 meliore
1595 4771 1700 4823 vita
1733 4778 1915 4824 nostra
1959 4785 2063 4841 qua

496 4861 555 4913 tit
590 4869 649 4912 ut
680 4861 798 4914 istis
829 4861 1033 4916 similes
1063 4877 1169 4916 non
1201 4863 1394 4917 simus.

564 4949 727 5005 Vens.
757 4951 879 5006 115.
915 4952 1183 5008 Declinate
1219 4971 1250 5007 a
1285 4969 1385 5020 me,
1418 4954 1671 5023 maligni,
1706 4963 1754 5007 et
1790 4955 2064 5008 scrutabor

491 5043 745 5094 mandata
781 5041 876 5096 Dei
917 5044 1038 5110 mei,
1074 5054 1184 5098 etc.
1230 5044 1340 5098 Nisi
1389 5044 1784 5100 declinaverint
1832 5059 1860 5098 a
1909 5046 2063 5098 nobis

491 5135 784 5198 dzetnoues,
820 5137 1073 5190 mandata
1109 5136 1200 5191 Dei
1234 5137 1412 5192 facere
1463 5153 1568 5192 non
1613 5139 1894 5193 valemus:
1935 5153 2057 5192 naut

493 5229 752 5282 adversus
781 5227 870 5281 illa
904 5229 1140 5284 maxime
1169 5231 1476 5298 insurgunt,
1521 5246 1585 5285 eo
1632 5233 1776 5299 quod
1831 5233 1915 5284 illa
1966 5233 2055 5286 Dei

489 5319 774 5374 scientiam
811 5320 1105 5389 pradicant.

561 5503 721 5554 Vnus.
763 5503 876 5556 ll6.
922 5507 1137 5572 Suscipe
1174 5522 1253 5557 me
1282 5507 1563 5557 secundum
1596 5506 1855 5575 eloquium
1883 5517 2052 5571 tttum,

558 5685 642 5735 ⁵⁸1
679 5685 798 5737 Cor-
837 5701 899 5749 tt,
930 5688 981 5741 9.
1055 5688 1099 5718 ⁸⁰
1131 5685 1306 5757 llieg.
1343 5705 1429 5754 xv,
1470 5690 1552 5744 ll.

2176 4502 2497 4572 μαρτυρίου.
2524 4503 2731 4566 ’Ἄλλως
2752 4503 2860 4574 γὰρ
2882 4504 2976 4558 καὶ
2999 4505 3123 4568 τοὺς
3155 4503 3383 4575 ἐχθροὺς
3425 4501 3578 4573 ἡμῶν
3605 4502 3751 4568 ἀγα-

2172 4591 2280 4660 πᾷν
2314 4593 2780 4664 προστεταγμεθα.
2815 4594 2949 4648 Θεοῦ
2983 4595 3040 4648 δὲ
3078 4593 3519 4665 προκαλουμένου
3550 4593 3628 4654 εἰς
3684 4591 3750 4645 τὸ

2171 4682 2266 4733 καὶ
2283 4682 2380 4753 τὴν
2409 4683 2543 4736 ἰδίαν
2576 4686 2804 4756 μισῆσαι
2829 4685 3026 4756 ψυχὴν,
3067 4685 3270 4756 ὁμοίως
3302 4685 3397 4737 καὶ
3429 4681 3750 4754 ἀνθρώπους

2168 4772 2251 4825 δεῖ
2276 4774 2621 4845 παρανόμους
2648 4779 2846 4847 μισεῖν,
2878 4777 2952 4842 ὡς
2981 4776 3047 4831 ἀν
3085 4777 3286 4841 αὐτοὺς
3330 4773 3748 4848 ἐπιστρέψωμεν

2169 4865 2533 4937 βελτιούμενοι
2552 4867 2629 4938 τῷ
2652 4869 2724 4939 μὴ
2746 4868 2950 4932 τούτοις
2965 4868 3316 4940 ὁμοιωθῆναι.

2245 4963 2585 5017 Ἐκκλίνατε
2614 4962 2712 5017 ἀπ’
2743 4962 2912 5031 ἐμοῦ,
2947 4963 3417 5030 πονηρευόμενοι
3437 5001 3453 5027 ,
3505 4960 3600 5014 καί
3643 4959 3748 5024 ἐε-

2160 5052 2466 5119 ερευνήσω
2490 5053 2594 5119 τὰς
2617 5053 2870 5117 ἐντολὰς
2895 5052 2999 5106 τοῦ
3027 5051 3174 5107 Θεοῦ
3195 5070 3338 5121 μου,
3359 5070 3414 5105 κ.
3448 5069 3500 5106 τ.
3536 5052 3581 5103 ἐ.
3614 5049 3744 5104 Ἐὰν

2165 5145 2238 5214 μὴ
2271 5145 2583 5198 ἐκκλίνωσιν
2607 5147 2700 5216 ἀφ’
2723 5147 2755 5216 ἡ
2766 5145 2880 5215 μῶν
2895 5145 2943 5198 οἱ
2974 5143 3242 5214 δαίμονες,
3273 5144 3370 5207 τὰς
3398 5134 3613 5204 ἐντολὰς
3643 5141 3742 5195 τοῦ

2163 5234 2298 5288 Θεοῦ
2320 5239 2491 5290 ποιεῖν
2518 5237 2617 5290 οὐκ
2654 5237 2926 5308 ἱσχύομεν·
2960 5237 3095 5308 πρὸς
3130 5237 3238 5307 γὰρ
3264 5235 3467 5299 ταύτας
3505 5235 3745 5306 μάλιστα

2163 5325 2428 5390 ἵστανται,
2473 5323 2559 5381 διά
2605 5328 2664 5382 τὸ
2703 5327 2991 5399 προξένους
3023 5329 3155 5398 ἡμῖν
3187 5324 3440 5395 γενέσθαι
3469 5323 3569 5395 τῆς
3598 5322 3748 5392 γνὼ-

2165 5435 2299 5480 σεως
2332 5418 2424 5471 τοῦ
2457 5419 2610 5473 Θεοῦ.

2246 5511 2590 5566 Ἀντιλαϐοῦ
2617 5531 2734 5582 μου
2759 5514 2906 5569 κατὰ
2935 5514 3000 5568 τὸ
3034 5513 3242 5585 λόγιόν
3270 5526 3408 5573 σου,
3439 5511 3534 5566 καὶ
3555 5509 3741 5578 ζήσο-
