3826 6858
383 194 524 247 Nili}
1758 188 1847 242 EX
1889 187 1967 242 ΟΠ

2122 187 2192 242 HE
3530 185 3691 241 IGIG

457 316 616 367 Vens.
667 309 787 363 125.
860 308 1055 363 Servus
1081 317 1201 359 tuus
1230 322 1345 360 sum
1379 322 1470 376 ego
1500 326 1518 364 :
1548 311 1616 360 da
1645 307 1772 359 mihi
1800 307 1949 360 intel-

2129 306 2355 369 Δοῦλός
2377 318 2493 357 σου
2516 302 2634 372 εἰμὶ
2656 298 2787 373 ἐγώ·
2821 303 3151 358 συνέτισόν
3169 322 3249 372 με
3277 306 3377 359 καὶ
3437 307 3676 373 γνώσο-

377 409 570 464 lectum
615 413 663 457 et
700 405 860 456 sciam
893 402 1193 455 testimonia
1229 412 1345 465 tua,
1376 410 1484 455 etc.
1538 399 1728 455 Nullus
1768 415 1958 454 servus

2122 416 2161 452 ιι
2190 397 2581 465 τὰ.μαρτύριὰ
2629 412 2767 459 σου,
2827 414 2880 450 κ.
2914 414 2964 451 τ.
2999 398 3046 449 ὲ.
3087 396 3279 459 υύδεὶς
3323 396 3530 461 δοῦλος
3584 401 3678 469 τῆς

379 495 590 568 peccati
619 509 812 549 servus
836 502 917 548 est
948 492 1063 549 Dei.
1112 493 1215 558 Qui
1258 508 1387 563 ergo
1435 494 1604 547 servit
1645 494 1695 547 ei
1728 494 1781 547 in
1810 493 1955 547 omni

2122 491 2334 561 ιαρτίας
2363 489 2546 552 δοῦλός
2566 491 2683 542 ἐστι
2702 487 2794 541 τοῦ
2814 488 2970 541 Θεοῦ·
3002 491 3030 541 ὁ
3050 484 3143 541 οὖν
3157 487 3443 542 δουλεύων
3478 492 3538 541 ὲν
3572 494 3678 544 τεα-

380 590 597 645 actione
650 604 714 642 ac
770 586 1117 655 cogitatione,
1182 586 1388 641 faciens
1437 587 1616 640 nnmia
1662 588 1957 641 secundum

2122 600 2133 653 ί
2157 582 2351 652 πράξει
2378 581 2470 634 καὶ
2495 581 2791 651 διανοήσει,
2811 581 2979 632 ποιῶν
3005 582 3186 634 πάντα
3210 580 3359 633 κατὰ
3388 581 3492 634 τὸν
3516 583 3680 649 λόγον

379 682 606 736 verbum
650 678 789 747 ejus,
826 679 914 734 hic
940 679 1085 734 dicat
1120 696 1131 731 :
1166 696 1184 729 r
1207 678 1410 734 Servus
1459 689 1584 732 tuus
1614 693 1732 731 sum
1764 693 1882 748 ego.
1933 696 1953 729 ι

2122 674 2249 738 moi},
2278 669 2431 735 οὗτος
2454 673 2675 741 λεγέτωο
2704 691 2722 722 ι
2760 671 2956 735 Δοῦλος
2976 690 3071 727 σου
3100 674 3217 744 cipit
3246 673 3385 740 ἐγώ.
3438 694 3458 725 s
3488 675 3681 729 Τοεοῦο

381 772 533 827 Talis
562 788 686 827 cum
722 780 868 826 esset
904 769 1195 841 Propheta,
1238 770 1291 824 in
1331 770 1634 824 mercedem
1682 768 1961 824 servitutis

2122 782 2152 828 ς
2171 762 2245 817 ὣν
2270 764 2622 833 ὁῐιροφήτης,
2664 760 2805 826 ἀξιοί
2841 760 3032 830 μισθὸν
3059 759 3242 814 λαϐεῖν
3272 762 3383 832 τῆς
3416 762 3679 828 δουλείας

382 882 496 920 sua:
552 863 791 934 postulat
828 861 998 917 illud:
1042 862 1160 915 «Da
1219 860 1351 915 mihi
1404 861 1804 915 intellectuth
1864 860 1961 915 Est

2128 873 2141 885 ·
2188 874 2206 906 ί
2254 854 2539 908 Συνέτισόν
2592 869 2679 923 με.
2720 871 2740 903 s
2785 853 2942 905 Ἔστι
2996 852 3104 923 γὰρ
3139 854 3360 919 σύνεσις

380 958 527 1013 enim
570 956 885 1010 intellectus
915 952 1005 1008 ille
1034 969 1061 1005 a
1098 953 1207 1007 Deo
1232 953 1463 1007 donatus
1486 953 1576 1020 qui
1609 953 1751 1020 apud
1791 953 1959 1007 Deum

2122 948 2170 1002 τὸ
2202 947 2359 1012 Θεοῦ,
2390 947 2425 1017 ἢ
2461 946 2747 999 ἀπόκειται
2780 945 2930 1015 παρὰ
2955 945 3033 1015 τῷ
3053 944 3171 1015 Θεῷ
3188 946 3266 1010 ὡς
3302 950 3363 1001 ὲν
3404 946 3677 1020 Θησαυςκι-

379 1048 535 1118 quasi
565 1048 616 1102 in
645 1046 883 1101 thesauri
917 1044 1164 1099 custodia
1193 1043 1501 1112 deponitur.
1528 1042 1764 1113 Spiritus
1789 1044 1958 1110 enim,

382 1142 576 1210 inquit,
620 1138 903 1209 sapientia:
936 1146 991 1191 et
1026 1135 1351 1201 intellectus,
1387 1144 1440 1191 et
1468 1146 1661 1191 caetera
1695 1135 1959 1191 bonorum

383 1234 522 1286 dona
556 1244 720 1298 super
742 1243 866 1283 eum
902 1226 1265 1295 requiescenl.

456 1318 620 1373 Vsus.
654 1317 773 1371 l26.
803 1316 1022 1381 Tempus
1045 1313 1277 1383 faciendi
1304 1314 1551 1379 Domino,
1578 1316 1962 1383 dissipaverunt

380 1413 545 1482 legem
575 1421 744 1473 tuam,
785 1419 893 1465 etc.
924 1409 1161 1480 Tempus
1190 1419 1269 1466 est
1301 1407 1661 1464 correctionis
1711 1409 1960 1471 Domino,

384 1515 597 1571 tempus
637 1500 890 1556 videlicet
934 1501 1190 1556 vindicta?
1220 1501 1518 1571 capiendae.
1570 1500 1961 1563 Dissolverunt,

382 1602 595 1655 irritam
636 1600 885 1655 fecerunt
914 1596 1088 1668 legem
1117 1604 1260 1649 tuam
1306 1595 1500 1663 iniqui.
1554 1594 1915 1665 Symmachus
1945 1612 1959 1648 :

2064 1039 2328 1110 φυλακίῳ.
2370 1039 2595 1108 Πνεῦμα
2624 1036 2755 1109 γὰρ,
2801 1038 2955 1108 φησὶ,
2992 1038 3183 1106 σοφίας
3225 1039 3325 1091 καὶ
3362 1040 3671 1103 συνέσεως,

2063 1132 2158 1184 καὶ
2178 1132 2247 1186 τὰ
2275 1130 2403 1201 ἑξῆς
2427 1130 2535 1183 τῶν
2563 1128 2785 1198 ἀγαθῶν
2812 1130 3121 1200 χαρίσματα
3161 1132 3559 1186 ἀναπαύσεται
3588 1135 3671 1185 ἐπ’

2066 1223 2250 1277 αὐτόν.

2134 1316 2355 1385 Καιρὸς
2384 1317 2490 1371 τοῦ
2524 1316 2774 1385 ποιῆσαι
2790 1315 2868 1382 τῷ
2883 1318 3095 1385 Kvplrp,
3124 1316 3552 1371 διεσκέδασαν
3566 1322 3671 1372 τετ-

2064 1410 2253 1479 νόμον
2274 1425 2412 1472 σου,
2441 1427 2496 1462 κ.
2524 1427 2575 1462 τ.
2601 1410 2649 1462 ὲ.
2682 1408 2888 1480 Καιρός
2906 1410 3019 1462 ἐστι
3046 1410 3238 1480 χρόνος

2064 1502 2143 1573 τῷ
2182 1503 2390 1573 Κυρίῳ,
2427 1502 2521 1556 τοῦ
2546 1503 2766 1573 ποιῆσαι
2797 1502 3073 1573 ἐκδίκησιν
3112 1503 3387 1574 δηλονότι.
3428 1506 3667 1559 Rutilu-

2069 1609 2187 1656 σαν,
2223 1593 2496 1665 ἠθέτησαν
2526 1594 2617 1646 τὸν
2647 1594 2810 1665 νόμον
2852 1612 2943 1648 σου
2978 1598 3026 1649 οἱ
3058 1598 3395 1668 παράνομοι.
3434 1600 3665 1668 Σύμμας

386 1711 405 1743 ο
438 1692 673 1760 Tempus
722 1688 955 1743 faciendi
1007 1686 1256 1748 Domino,
1306 1686 1435 1754 quia
1476 1685 1751 1754 dissipant
1792 1684 1962 1755 legem

2122 1702 2182 1750 ις·
2237 1705 2255 1737 ι
2287 1686 2494 1757 Καιρὸς
2538 1685 2745 1757 πρᾶξαι
2792 1686 2872 1757 τῷ
2917 1688 3126 1759 Κυρίῳ,
3155 1691 3236 1742 ὃτι
3270 1690 3668 1743 σκεδαννύοπι

386 1796 558 1837 tuam.
590 1800 609 1833 ι
648 1781 839 1851 Aquila
873 1793 888 1832 :
922 1797 941 1831 ι
971 1780 1401 1848 Abrogaverunt.
1431 1795 1447 1829 ι

454 1878 621 1931 Vens.
685 1872 810 1928 ηε.
868 1870 1159 1937 Propterea
1209 1870 1279 1923 ad
1326 1871 1502 1924 omnia
1558 1870 1815 1925 mandata
1874 1879 1966 1924 tua

393 1969 703 2038 dirigebar:
742 1980 944 2019 omnem
994 1963 1133 2016 viam
1178 1963 1414 2032 iniquam
1460 1962 1584 2016 adio
1634 1963 1816 2030 habui,
1853 1973 1962 2021 etc.

386 2063 491 2129 Qui
525 2060 709 2116 omnia
751 2057 1007 2112 mandata
1044 2072 1151 2112 non
1194 2055 1455 2120 servavit,
1514 2055 1560 2111 is
1604 2071 1707 2111 nec
1747 2070 1964 2112 omnem

387 2156 527 2208 viam
566 2152 811 2220 iniquam
845 2151 970 2205 odio
1001 2148 1212 2204 habuit.
1268 2147 1327 2202 Si
1361 2162 1491 2204 vero
1533 2148 1628 2218 qui
1680 2148 1833 2204 timet
1863 2149 1967 2203 Do-

388 2246 619 2309 minum,
653 2244 781 2298 odio
821 2242 987 2297 habet
1037 2239 1404 2309 iniquitatem.
1470 2239 1561 2295 hic
1600 2247 1783 2295 autem
1822 2240 1965 2295 illam

385 2340 513 2393 odio
564 2353 671 2393 non
730 2335 942 2399 habuit,
1002 2347 1109 2388 non
1167 2333 1321 2387 timet
1348 2330 1659 2387 Dominum.
1711 2331 1812 2399 Qui
1860 2347 1967 2387 non

389 2432 567 2495 timet,
596 2445 701 2485 non
740 2430 934 2484 beatus
974 2436 1085 2493 est,
1161 2421 1457 2495 siquidem,
1498 2442 1517 2477 ι
1542 2423 1734 2479 beatus
1760 2423 1847 2478 vir
1875 2424 1968 2494 qui

388 2520 544 2575 timet
576 2519 868 2574 Dominum
898 2519 966 2573 ⁸⁸.
999 2536 1018 2570 ι
1068 2516 1170 2583 Qui
1218 2515 1475 2570 mandata
1509 2513 1602 2570 Del
1630 2514 1826 2585 diligit,
1850 2528 1971 2570 om-

391 2627 512 2666 nem
557 2612 673 2665 odit
718 2609 1015 2673 malitiam,
1060 2614 1247 2675 utpote
1293 2604 1375 2661 eis
1422 2606 1775 2661 contrariam.
1813 2606 1970 2662 Nulla

388 2706 535 2758 enim
588 2700 823 2756 societas
862 2700 1050 2753 virtuti
1097 2712 1222 2752 cum
1258 2696 1497 2765 malitia,
1522 2697 1631 2756 luci
1658 2714 1784 2756 cum
1816 2710 1968 2757 tene-

390 2793 523 2855 hris,
559 2790 779 2845 sanitati
814 2803 937 2843 cum
970 2788 1179 2843 morbo.

468 2884 630 2938 Vens.
666 2881 786 2937 129.
823 2879 1095 2934 Mirabilia
1123 2880 1419 2934 testimonia
1452 2882 1705 2947 taa,ideo
1729 2893 1967 2940 scrutata

2066 1776 2158 1832 τὸν
2183 1778 2346 1848 νόμον
2376 1796 2487 1832 σου.
2521 1799 2539 1830 ι
2578 1778 2829 1842 Ἀκύλας*
2860 1797 2879 1829 ι
2920 1779 3260 1851 Ἦκύρωσαν.
3301 1802 3319 1833 ι

2138 1870 2238 1924 Διὰ
2263 1871 2441 1925 τοῦτο
2462 1870 2613 1939 πρὸς
2638 1871 2842 1937 πάσας
2861 1870 2967 1937 τὰς
2989 1872 3243 1939 ἐντολάς
3288 1892 3415 1930 σου
3446 1895 3671 1947 κατωρ-

2067 1964 2318 2032 θούμην,
2352 1961 2561 2017 πᾶσαν
2606 1963 2751 2017 ὁδὸν
2786 1962 2994 2017 ἄδικον
3008 1965 3300 2033 ἐμίσησα,
3338 1986 3393 2020 κ.
3430 1986 3489 2021 τ.
3526 1970 3574 2023 ἑ.
3620 1974 3671 2025 ’0

2071 2054 2145 2124 μὴ
2168 2055 2348 2117 πάσας
2379 2056 2478 2117 τὰς
2510 2052 2731 2118 ἐντολὰς
2770 2052 3124 2124 κατορθώσας
3163 2057 3287 2109 οὐδὲ
3324 2061 3523 2113 πᾶσαν
3554 2062 3671 2114 δᾶν

2067 2144 2251 2199 ἄδικον
2284 2145 2566 2217 ἐμίσησεν.
2599 2148 2663 2200 Εἰ
2699 2147 2756 2201 δὲ
2784 2150 2812 2201 ὁ
2839 2148 3171 2219 φοϐούμενος
3198 2149 3292 2203 τὸν
3332 2152 3555 2223 Κύριον
3587 2172 3669 2225 μι-

2070 2237 2153 2288 σεῖ
2185 2235 2419 2299 ἀδικίαν,
2454 2231 2609 2299 οὗτος
2643 2237 2701 2291 δὲ
2726 2238 2826 2291 οὐκ
2863 2239 3145 2311 ἐμίσησεν,
3180 2241 3241 2293 ού
3273 2242 3538 2309 φοϐεῖται
3584 2248 3670 2299 τὶν

2069 2326 2294 2399 Κύριον.
2341 2329 2399 2381 '0
2441 2328 2500 2383 δὲ
2550 2329 2624 2402 μὴ
2668 2330 2999 2402 φοὸούμενος
3039 2333 3101 2385 οὐ
3135 2336 3439 2406 μακάριος,
3492 2340 3664 2409 εἰπερ,

2076 2436 2095 2469 ι
2142 2420 2427 2492 Μακάριος
2456 2422 2485 2475 ό
2514 2421 2846 2493 φοϐούμενος
2869 2423 2958 2476 τὸν
2981 2423 3205 2496 Κύριον.
3246 2446 3265 2477 ι
3313 2429 3374 2481 ’0
3398 2430 3507 2492 τὰς
3526 2432 3661 2482 ἐντο-

2071 2510 2170 2575 λὰς
2197 2510 2291 2565 τοῦ
2321 2512 2459 2567 Θεοῦ
2494 2514 2726 2583 ἀγαπῶν
2756 2517 2903 2586 μισεῖ
2931 2518 3110 2571 πᾶσαν
3136 2518 3367 2583 κακίαν,
3402 2521 3489 2584 ὡς
3523 2524 3664 2575 ἀντι-

2072 2602 2335 2675 κειμένην
2362 2605 2569 2669 αὺταῖς.
2609 2605 2948 2679 ’Δσύμϐατον
2983 2608 3092 2680 γὰρ
3122 2609 3295 2682 ἀρετὴ
3320 2613 3421 2667 καὶ
3476 2614 3661 2677 κακία,

2072 2694 2190 2766 φῶς
2222 2696 2318 2751 καὶ⁵
2340 2696 2550 2762 σκότος,
2578 2698 2738 2767 ὑγεία
2770 2699 2866 2753 καὶ
2898 2700 3074 2764 νόσος.

2144 2881 2468 2951 Θαυμαστὰ
2501 2883 2573 2938 τὰ
2596 2884 2893 2953 μαρτύριά
2916 2902 3059 2950 σου,
3084 2886 3179 2941 διὰ
3201 2887 3369 2940 τοῦτο
3398 2889 3666 2957 ἐξιιρεύο

386 2990 460 3033 est
497 2995 558 3031 ea
596 2975 775 3028 anima
805 2978 942 3033 mea,
983 2980 1089 3025 etc.
1118 2970 1255 3037 Quia
1286 2986 1480 3041 magna
1502 2986 1627 3027 cum
1660 2972 1771 3028 sint
1803 2974 1967 3047 διε

2122 2989 2265 3042 ησεν
2308 2975 2462 3029 αὐτὰ
2506 2979 2545 3045 ἠ
2588 2978 2761 3047 ⁸είιιυχή
2784 2997 2925 3048 μου,
2968 2997 3023 3033 κ.
3072 2998 3118 3033 τ.
3149 2982 3188 3032 ἐ.
3232 2980 3377 3031 Ἐπὶ
3420 2983 3662 3050 μεγάλα

392 3072 701 3128 testimonia
736 3078 825 3122 tua
852 3067 1183 3136 uberemque
1210 3080 1427 3121 sensum
1458 3067 1714 3134 habeant,
1750 3069 1971 3125 mirabi-

392 3170 459 3221 lia
527 3171 676 3227 sunt,
721 3160 924 3215 idcirco
962 3173 1068 3214 non
1115 3157 1411 3228 vulgariter
1462 3158 1530 3214 iis
1587 3159 1826 3226 attendo,
1876 3160 1969 3216 sed

390 3255 580 3312 sedulo
613 3254 699 3309 illa
735 3259 1107 3325 perscrutatur
1135 3250 1314 3304 anima
1359 3264 1500 3305 mea.
1554 3250 1690 3307 Cum
1734 3253 1881 3307 enim
1909 3265 1969 3305 ea

390 3345 790 3417 contemplatus
837 3344 988 3398 fuero
1014 3382 1029 3408 ,
1074 3340 1338 3410 meipsum
1374 3341 1531 3397 video
1570 3342 1864 3412 plurimum
1904 3345 1971 3399 ab

392 3452 584 3493 eorum
615 3434 927 3505 cognitione
957 3443 1222 3487 remoutm
1253 3447 1374 3489 esse
1394 3473 1408 3497 ,
1447 3442 1502 3487 et
1535 3433 1730 3488 iterum
1760 3434 1828 3489 iis
1854 3434 1971 3488 ani-

394 3545 541 3583 umm
598 3527 815 3596 adjicio.
871 3525 1074 3580 Deinde
1111 3539 1342 3581 cernens
1395 3540 1479 3581 me
1540 3526 1628 3580 vix
1676 3526 1729 3579 in
1784 3542 1970 3581 eorum

396 3618 798 3673 introductione
832 3618 1060 3684 versari,
1088 3618 1264 3672 denuo
1285 3632 1403 3673 eam
1432 3618 1586 3685 cujus
1614 3632 1791 3688 capax
1826 3633 1970 3685 sum,

394 3712 799 3783 inquisitionem
839 3710 1059 3765 intendo
1082 3750 1098 3775 ,
1133 3709 1305 3765 donec
1349 3709 1616 3781 integram
1646 3711 1972 3781 cognitionis

394 3820 583 3860 eorum
609 3804 896 3857 veritatem
928 3801 1228 3855 obtineam.

467 3896 633 3951 Vens.
664 3895 787 3953 151.
821 3892 896 3948 0s
921 3908 1091 3947 meum
1116 3893 1336 3959 aperui,
1377 3901 1425 3947 et
1464 3894 1664 3947 attraxi
1702 3895 1966 3962 spiritum.

392 3991 518 4062 quia
544 3988 796 4042 mandata
837 3994 927 4039 tua
957 3982 1347 4047 desiderabam,
1394 3992 1504 4037 etc.
1551 3983 1652 4049 Qui
1683 4000 1780 4053 per
1807 4000 1969 4054 opera

393 4083 612 4153 aperuit
646 4096 763 4147 cor,
800 4078 1030 4132 attrahit
1068 4076 1330 4146 Spiritum
1363 4084 1611 4129 sanctum
1642 4076 1968 4130 revelantem

392 4178 442 4230 ei
479 4175 743 4245 mysteria
788 4171 905 4225 Dei.
938 4169 1013 4225 Os
1040 4169 1235 4222 anima:
1263 4181 1393 4221 mea:
1426 4176 1509 4221 est
1552 4167 1827 4238 cogitatio.
1858 4168 1971 4225 Hoc

394 4268 563 4337 igitur
599 4264 757 4319 malis
796 4261 1219 4334 cogitationibus
1250 4258 1520 4325 clausum,
1569 4260 1755 4329 aperui
1791 4260 1967 4325 bouis,

2071 3067 2203 3123 ὅντα
2234 3068 2330 3123 καὶ
2352 3068 2519 3124 πολὺν
2545 3069 2733 3139 ἔχοντα
2758 3071 2880 3124 νοῦν
2908 3071 2976 3124 τὰ
2998 3071 3263 3143 μαρτύριά
3287 3088 3401 3134 σον,
3423 3072 3657 3145 θαυμα-

2072 3160 2175 3214 στά
2194 3162 2331 3224 ἐστι,
2352 3160 2543 3214 τούτου
2574 3162 2733 3232 χάριν
2748 3163 2847 3233 οὐχ
2868 3163 2943 3226 ὡς
2960 3163 3147 3233 ἔτυχεν
3176 3165 3352 3227 αὐτοῖς
3374 3168 3669 3237 προσέχω,

2070 3251 2185 3305 ἀλλ’
2220 3252 2623 3322 ἐπιτεταμένως
2653 3252 2909 3324 ὲξερευνᾷ
2943 3256 3081 3308 αὐτὰ
3115 3257 3146 3325 ἡ
3187 3256 3333 3327 ψυχή
3363 3276 3489 3327 μονο
3529 3261 3672 3330 ἔχων

2070 3342 2180 3415 γὰρ
2198 3342 2294 3414 τὴν
2326 3345 2507 3398 αὐτῶν
2537 3344 2790 3417 θεωρίαν,
2821 3346 2934 3417 δρῶ
2979 3348 3213 3418 ἐμαυτὸν
3245 3350 3383 3403 πολῦ
3414 3352 3520 3421 τῆς
3552 3354 3671 3406 Em-

2074 3436 2290 3506 στήμης
2336 3435 2515 3488 αὐτῶν
2566 3437 3016 3510 ἀπολειπόμενον,
3058 3442 3151 3493 καὶ
3194 3440 3455 3513 δεύτερον
3485 3447 3670 3508 αὐτοῖς

2072 3523 2368 3576 ἑπιὸάλλω·
2414 3519 2530 3577 εἶτα
2561 3525 2720 3581 πάλιν
2768 3527 2931 3599 ὁρῶν,
2960 3530 3039 3581 ὅτι
3090 3530 3249 3600 μόγις
3285 3533 3348 3583 ὲν
3385 3536 3666 3605 εἰσαγωγῇ

2072 3616 2250 3670 αὐτῶν
2267 3616 2516 3689 ὑπάρχω,
2541 3620 2795 3675 ὲπιτείνω
2812 3621 2991 3673 τοίνυν
3017 3624 3374 3695 ἐγχωροῦσῶ
3401 3643 3498 3697 μοι
3520 3630 3668 3699 ἐρευ-

2074 3724 2193 3771 ναν,
2224 3707 2329 3772 ἕως
2354 3702 2416 3761 οῦ
2463 3709 2563 3780 τὴν
2585 3710 3061 3784 ἀκραιφνεστάτην
3092 3715 3192 3785 τῆς
3226 3718 3552 3789 ἐπιστήμης
3576 3720 3668 3772 αὖ·

2071 3797 2180 3851 τῶν
2208 3797 2316 3864 ἔξω
2342 3798 2621 3870 ἀλήθειαν.

2148 3891 2220 3945 Τὸ
2246 3895 2447 3962 στόμα
2470 3911 2589 3963 μου
2629 3894 2843 3962 ἧνοιξα
2872 3897 2969 3951 καὶ
2992 3898 3249 3953 εἷλκυσα
3273 3900 3535 3969 πνεῦμα,
3578 3904 3668 3957 ὅτι

2073 3982 2180 4049 τὰς
2210 3983 2464 4050 ἐντολάς
2488 3999 2608 4038 σου
2636 3984 2998 4054 ἐπεπόθουν,
3049 4007 3106 4042 κ.
3154 4008 3200 4042 τ.
3232 3992 3274 4043 ἐ.
3329 3992 3385 4042 '0
3424 3994 3667 4057 ἀνοίξας

2071 4074 2157 4127 διὰ
2183 4074 2282 4145 τῆς
2309 4078 2619 4147 πρακτικῆς
2644 4077 2742 4149 τὴν
2774 4079 3021 4151 καρδίαν,
3045 4082 3179 4134 ἕλκει
3206 4081 3262 4133 τὸ
3286 4081 3435 4149 ἅγιον
3464 4083 3660 4138 Πνεῦ-

2077 4184 2154 4237 μα
2178 4168 2239 4221 τὸ
2265 4169 2649 4225 ἀποκαλύπτον
2680 4172 2829 4243 αύτῷ
2847 4172 2919 4224 τὰ
2952 4176 3224 4244 μυστήρια
3246 4174 3338 4226 τοῦ
3370 4174 3537 4229 Θεοῦ.
3584 4178 3671 4230 Th

2075 4258 2249 4329 στόμα
2290 4260 2390 4331 τῆς
2445 4259 2624 4331 ψυχῆς
2679 4280 2780 4333 μου
2842 4264 2991 4317 ἐστὶν
3020 4267 3053 4335 ἡ
3085 4265 3310 4318 διάνοια.
3359 4266 3543 4319 Τοῦτο
3574 4266 3671 4323 οὖν

392 4367 450 4413 et
480 4362 683 4412 attraxi
724 4359 986 4428 Spiritum
1023 4358 1365 4423 intellectus,
1416 4359 1607 4429 gratia:
1652 4367 1707 4413 et
1758 4358 1967 4427 sapient.

2122 4352 2295 4415 λείσας
2322 4356 2433 4416 τοῖς
2460 4356 2717 4425 πονηροῖς
2732 4355 3031 4427 λογισμοῖς,
3058 4356 3245 4427 ἧνοιξα
3275 4361 3388 4422 τοῖς
3413 4360 3671 4428 ἀγαθοῖς,

393 4452 503 4511 tias.

467 4544 743 4615 Ejusdem.
777 4540 984 4597 Merces
1021 4539 1187 4610 igitur
1216 4539 1587 4594 concessionis
1623 4539 1858 4609 Spiritus
1888 4547 1973 4592 est

394 4636 633 4692 elocutio
664 4643 718 4688 et
754 4632 1037 4688 exsecutio
1069 4632 1451 4684 mandatorum
1497 4630 1613 4697 Dei,
1655 4634 1727 4682 ita
1780 4639 1839 4682 ut
1873 4645 1971 4684 nos

393 4726 568 4782 solum
593 4740 656 4780 os
689 4723 1021 4795 aperiamus,
1058 4731 1113 4775 et
1160 4719 1307 4775 illico
1352 4734 1383 4774 e
1428 4720 1581 4775 etatis
1629 4720 1969 4775 attrahamus

395 4818 675 4886 Spiritum.

476 4902 633 4964 Vsus.
672 4907 797 4962 153.
840 4905 1061 4961 Cressus
1113 4921 1253 4959 meos
1296 4906 1462 4974 dirige
1511 4903 1799 4957 secundum
1855 4904 1969 4957 elo—

395 5001 576 5070 quium
611 5009 782 5065 tuum,
821 5010 868 5053 et
913 5013 1017 5051 non
1055 4996 1354 5051 dominetur
1403 4995 1505 5049 mei
1550 4995 1716 5049 ontuis
1753 4994 1971 5064 injusti-

394 5094 489 5155 tin,
513 5102 623 5147 etc.
658 5091 834 5145 Mente
858 5089 1138 5160 peccantis
1172 5088 1433 5144 dominari
1465 5086 1664 5143 dicitur
1684 5087 1967 5157 iniustitia;

393 5200 559 5251 opere
588 5183 1018 5253 prawaricantis,
1039 5179 1495 5252 superdominari.
1521 5178 1615 5235 Vel
1650 5178 1792 5235 forte
1840 5193 1975 5247 pan-

395 5276 562 5331 Iulum
598 5275 936 5345 peccantium
979 5275 1295 5329 dominatur
1342 5272 1630 5344 iniquitas,
1680 5271 1971 5343 plurimum

396 5383 524 5424 vero
552 5368 890 5438 peccantiqu
924 5365 1419 5437 superdominatur.

468 5618 512 5649 "
546 5614 685 5671 l‘sal.
713 5630 822 5679 ut,
854 5614 905 5671 l.

2080 4445 2173 4498 καὶ
2195 4444 2416 4499 εἴλκυσα
2442 4446 2663 4518 Πνεῦμα
2693 4449 2977 4513 συνέσεως,
3003 4451 3248 4522 χάριτος,
3277 4454 3373 4505 καὶ
3398 4457 3618 4523 σοφίας.

2154 4537 2265 4591 Τοῦ
2296 4538 2501 4593 αὐτοῦ.
2538 4539 2747 4604 Μισθὸς
2785 4542 2894 4611 ἄρα
2940 4542 3041 4613 τῆς
3072 4544 3340 4615 χορηγίας
3368 4545 3465 4599 τοῦ
3504 4548 3677 4601 Πνεύο

2077 4648 2248 4701 ματος
2276 4632 2309 4702 ὴ
2348 4631 2546 4702 φράσις
2580 4632 2690 4685 τῶν
2727 4634 2955 4687 ἐντολῶν
2983 4634 3077 4688 τοῦ
3106 4636 3243 4689 Θεοῦ
3278 4638 3373 4689 καὶ⁵
3407 4640 3439 4708 ἡ
3476 4644 3681 4713 κατόρ-

2080 4726 2267 4790 θωσις,
2303 4724 2444 4779 ὥστε
2474 4726 2681 4793 ἀνοῖξαι
2706 4727 2865 4798 μόνον
2889 4729 3037 4799 ἡμᾶς
3056 4728 3118 4781 τὸ
3146 4730 3340 4800 στόμα,
3377 4732 3475 4785 καὶ
3503 4752 3682 4806 παραυ

2079 4817 2268 4887 χρῆμα
2300 4815 2526 4887 Πνεῦμα
2544 4816 2602 4881 ἐξ
2628 4817 2872 4889 οὐρανῶν
2897 4819 3093 4873 ἕλκειν.

2156 4908 2232 4962 Τὰ
2263 4908 2592 4977 διαϐήματά
2610 4926 2731 4978 μου
2775 4911 3147 4966 κατεύθυνον
3175 4913 3326 4967 κατὰ
3362 4914 3430 4967 τὸ
3456 4918 3685 4985 λόγιόν

2078 5014 2216 5065 σου,
2260 4999 2461 5069 καὶμὴ
2509 5002 3029 5069 κατακιιριευσάτω
3063 5021 3183 5074 μου
3225 5004 3395 5059 πᾶσα
3424 5008 3681 5078 ἀνομία,

2078 5107 2133 5143 κ.
2177 5108 2228 5142 τ.
2272 5092 2319 5144 ὲ.
2352 5091 2459 5143 Τοῦ
2492 5092 2591 5161 μὲν
2650 5093 2790 5147 κατὰ
2834 5094 3071 5149 διάνοιαν
3113 5096 3530 5167 ἁμαρτάνοντος
3581 5119 3685 5152 κυ-

2087 5179 2285 5251 ριεύειν
2312 5180 2529 5249 λέγεται
2555 5184 2589 5253 ἡ
2630 5183 2851 5254 ἀνομία·
2886 5184 2980 5238 τοῦ
3014 5185 3072 5239 δὲ
3100 5189 3222 5239 κατ’
3247 5188 3543 5259 ἐνέργειαν
3576 5211 3684 5245 πα-

2085 5270 2465 5342 ρανομοῦντος,
2503 5276 2938 5346 κατακυριεύειν.
2978 5278 3048 5329 Ἦ
3076 5279 3217 5349 τάχα
3243 5279 3350 5333 τῶν
3382 5282 3485 5351 μὲν
3515 5284 3685 5351 ὀλίγα

2081 5365 2504 5436 ἁμαρτανόντων
2565 5366 2805 5439 κυριεύει
2858 5371 2893 5441 ἡ
2935 5371 3155 5442 ἀνομία,
3194 5372 3300 5425 τῶν
3342 5372 3402 5426 δὲ
3443 5374 3691 5433 πλείονα

2080 5457 2483 5528 κατακυριεύει.

3802 12 3826 123 l
