1913 3429
89 136 160 164 1617

552 126 706 156 SELECTA
726 126 758 153 IN
776 123 943 153 PSALMOS.
965 139 1000 145 —-
1018 122 1115 150 PSAL.
1136 119 1252 148 CXVIII.

1657 119 1726 146 ιςιε

126 190 281 224 Διεξόδους
300 188 417 215 ὑδάτων
426 185 597 214 κατέδυσαν
613 186 639 211 ol
652 183 799 219 ὀφθαλμοί
811 191 882 217 μου,

976 180 1057 207 Vens.
1088 179 1150 207 156.
1182 178 1277 205 Exim:
1306 183 1434 211 aquarum
1462 177 1624 205 transierunt
1658 180 1728 206 oculi

88 237 155 264 ἐπεὶ
170 237 225 262 οὐκ
249 232 387 269 ἐφύλαξα
404 231 458 258 τὸν
482 231 577 265 νόμον
593 237 661 258 σου.
679 237 705 254 κ.
725 236 750 253 τ.
773 227 796 253 ὲ.
812 225 882 257 Τοὺς

89 281 162 310 κατὰ
171 280 288 308 διάνοιαν
299 277 468 314 πειρασμοὺς
479 274 527 302 νῦν
535 274 671 309 τροπικῶς
685 273 769 299 ὕδατα
785 271 883 307 ὀνομά-

89 329 144 360 ξει,
161 323 198 353 ὧν
210 326 283 361 ἡμᾶς
297 323 446 360 ἀποτρέπει
457 321 593 357 Σολομὼν,
603 320 702 354 λέγων’
717 328 725 344 ι
737 318 803 345 ’Λπδ
819 317 883 344 ὓδα-

88 382 137 406 τος
151 371 290 407 ἀλλοτρίου
306 369 439 405 ἀπόσχου,
455 368 503 395 καὶ
516 367 570 394 ἀπὸ
584 366 676 402 πηγῆς
687 364 830 400 ἀλλοτρίας
846 363 884 399 μὴ

89 420 168 455 πίῃς.
188 427 199 444 s

129 464 184 491 ιὀῦ
199 463 302 491 αὑτοῦ.
321 462 353 489 Οί
378 461 508 497 ἡμέτεροι
533 458 667 495 ὀφθαλμοὶ
693 459 733 491 εἰς
752 457 885 490 διεξόδους

90 509 197 537 ὑδάτων
216 508 395 536 καταδύνουσι
416 506 451 534 τὰ
464 505 510 534 τοῦ
524 506 581 541 βίου
601 505 753 541 πράγματα
769 504 885 537 ἀστατα,

90 553 133 587 οἷς
147 556 205 582 ἐστι
216 554 296 590 χρεία
302 553 394 581 λοιπὸν
402 552 506 580 ἐκεῖθεν
514 551 663 587 ἀναχθῆναι
675 551 722 578 καὶ
732 550 886 585 διαϐλέψαι,

89 600 163 628 ὥστε
170 600 204 627 τὰ
209 599 342 635 ἑστηκότα
348 598 395 625 τοῦ
405 597 547 634 μέλλοντος
554 596 651 628 αἰῶνος
657 596 716 623 διαθ
721 598 775 632 ρεῖν
781 596 884 623 λοιπόν.

129 645 184 673 Τοῦ
199 645 303 673 αὑτοῦ.
329 644 359 671 '0
372 644 519 679 Σύμμαχος
532 642 613 669 οὕτω·
629 652 637 668 ι
658 643 810 679 Διαιρέσεις
824 642 886 669 ὑδά-

91 701 147 719 των
160 692 309 719 κατέδυ-ναν
318 692 342 718 oi
359 689 493 725 ὀφθαλμοί
516 698 568 724 μου
584 689 648 725 περὶ
667 689 721 716 τῶν
737 689 775 725 μὴ
791 689 887 724 φυλασ-

92 737 195 764 σόντων
211 737 257 764 τὸν
271 736 352 771 νόμον
375 744 432 762 σου.
451 744 460 760 ι

132 782 271 816 Ἐξέτηξέ
277 790 315 816 με
330 780 419 815 ζῆλός
436 787 505 812 σου,
520 779 565 807 ὅτι
575 780 758 808 ἐπελάθοντο
771 780 831 807 τῶν
840 782 888 808 λό-

90 836 154 862 γων
163 835 221 855 σου
234 829 261 854 οι
281 827 383 861 ἐχθροί
390 835 460 861 μου,
474 835 502 853 κ.
517 835 542 853 τ.
555 827 578 853 ὲ.
598 824 661 853 Οἷον
676 826 756 861 ζῆλον
771 826 887 862 ἀνελάμ-

91 872 184 904 ϐανον,
202 871 292 898 εἴποτε
305 872 398 908 ἐώρων
408 871 468 899 τινὰ
484 871 696 907 ἐπιλελησμένον
708 871 763 898 τῶν
780 871 833 898 σῶν
843 871 887 898 λό-

91 926 165 951 γωνς
187 917 243 952 οὺχ
258 917 352 949 ἁπλῶς
366 917 456 952 ζῆλον,
474 917 543 944 ἀλλά
567 917 716 944 διάπτοντά
737 926 767 944 τε
785 918 832 944 καὶ
847 917 887 944 ἕν-

91 961 206 998 Θερμον,
224 963 271 990 καὶ
297 962 457 998 αὐτόχρημα
478 962 588 995 καῦσιν,
613 963 637 989 εἰ
656 962 788 998 ἐθεώρουν
809 962 887 994 τινὰς

91 1007 357 1043 ἐπιλανθανομένους
379 1016 426 1034 σου
442 1007 497 1034 τῶν
521 1008 617 1042 λόγων.
642 1008 710 1043 Περὶ
727 1007 822 1035 τούτου
838 1007 888 1034 τοῦ

91 1052 175 1089 ζήλου
188 1053 363 1089 ἐμνήσθησαν
377 1055 401 1080 oi.
415 1053 533 1089 μαθηταὶ
558 1055 591 1081 ὲκ
603 1053 749 1089 προσώπου
771 1053 817 1080 τοῦ
834 1054 887 1080 Κυ-

92 1099 153 1134 ρίου
173 1100 202 1126 ὲν
225 1099 324 1134 ψαλμῷ
343 1099 499 1135 εἰρημένου,
513 1100 555 1126 ὅτι
581 1108 590 1124 ε
604 1098 635 1126 ’0
644 1099 723 1135 ζῆλος
747 1099 796 1126 τοῦ
811 1099 887 1126 οἴκου

93 1151 141 1169 σου
159 1144 300 1178 κατέφαγε
316 1152 359 1179 με.
376 1153 385 1170 ι

128 1188 347 1223 Πεπυρωμένον
368 1188 403 1215 τὸ
424 1189 530 1224 λόγιόν
556 1197 614 1216 σου
644 1189 772 1224 σφόδρα,
797 1190 846 1216 καὶ
871 1190 888 1216 ό

89 1231 202 1266 δοῦλός
218 1241 277 1261 σου
293 1233 453 1269 ἠγάπησεν
471 1234 556 1268 αὐτὸ,
570 1244 597 1262 κ.
615 1244 640 1262 τ.
656 1236 679 1262 ὲ.
695 1235 815 1267 Ἀδολος,
839 1244 889 1271 φη-

92 1278 148 1310 σὶν,
164 1279 179 1305 ό
199 1278 247 1305 τοῦ
270 1279 338 1306 Θεοῦ
362 1280 455 1315 νόμος,
476 1280 514 1312 ὡς
537 1280 612 1316 αὐτῷ
629 1281 826 1317 ππυρωμένος
849 1281 888 1316 τῷ

90 1325 240 1360 πνεύματι·
257 1325 351 1362 διόπερ
361 1326 392 1353 οὐ
404 1326 558 1359 κολακείαν,
573 1328 624 1354 οὐκ
636 1328 777 1363 εἰρωνείαν
787 1328 887 1363 κέκτη-

90 1378 148 1402 ται,
170 1371 239 1398 ἀλλά
252 1372 377 1408 φανερῶς
391 1373 454 1404 τοὺς
470 1373 677 1408 ἁμαρτάνοντας
690 1374 807 1409 ἐλέγχει,
823 1374 887 1405 τοὺς

91 1416 261 1452 ἀμελοῦντας
282 1417 387 1452 στύφει.
411 1427 421 1443 ι
439 1418 497 1444 Ζῶν
507 1418 562 1454 γὰρ
576 1420 590 1445 ὁ
600 1419 678 1453 λόγος
693 1419 739 1445 τοῦ
750 1418 829 1451 Θεοῦ,
841 1419 887 1446 καὶ

91 1462 218 1499 ἐνεργὴς,
234 1463 281 1490 καὶ
294 1463 449 1499 τομώτερος
465 1464 536 1500 ὑπὲρ
550 1465 640 1491 πᾶσαν
655 1464 794 1501 μάχαιραν
804 1465 888 1492 δίστο-

93 1516 154 1540 μον,
176 1509 224 1535 καὶ
253 1508 439 1544 διικνούμενος
465 1508 530 1544 ἄχρι
561 1509 695 1544 μερισμοῦ
720 1510 811 1544 ψυχῆς
839 1509 922 1552 καὶα

92 1551 260 1587 πνεύματος,
284 1553 381 1589 ἁρμῶν
399 1561 429 1579 τε
447 1553 495 1579 καὶ
511 1553 629 1588 μυελῶν,
643 1554 690 1580 καὶ
707 1554 829 1589 κριτικὸς
843 1555 888 1581 ἑν-

93 1596 239 1632 ουμήσεων
263 1599 310 1625 καὶ
329 1599 439 1627 ἐννοιῶν
466 1599 590 1634 καρδίας.
618 1608 628 1625 ι
656 1599 758 1626 Τοῦτον
786 1599 888 1632 τοίνυν,

93 1642 174 1678 εἴπερ
186 1643 269 1678 ἐσμὲν
281 1643 368 1670 δοῦλοι
385 1644 432 1670 τοῦ
443 1644 523 1677 Θεοῦ,
536 1645 583 1672 καὶ
594 1645 674 1680 ἡμεῖς
690 1645 888 1681 ἀγαπήσωμεν,

95 1689 231 1725 μηδαμῶς
252 1689 334 1716 αὑτὸν
359 1690 522 1723 κυϐεύοντες
549 1692 617 1727 μηδὲ
637 1691 776 1723 δολοῦντες
804 1692 888 1727 (ὅπερ

93 1736 150 1768 πᾶς
161 1737 176 1763 ὁ
189 1736 295 1768 Παῦλος
309 1736 442 1772 ᾐνίξατο),
459 1737 615 1774 καθαρδνδὲ
631 1738 822 1774 προφέροντες,
837 1746 888 1765 κα-

95 1782 184 1818 θάπερ
192 1783 224 1809 ὲκ
231 1782 280 1818 τῆς
290 1781 337 1809 τοῦ
350 1782 508 1818 Πνεύματος
516 1783 631 1819 χωνείας
638 1783 797 1819 ἐδεξάμεθα.

132 1828 188 1856 Τοῦ
204 1828 308 1855 αὐτοῦ.
329 1828 366 1855 Τὸ
381 1828 579 1864 πεπυρωμένον
594 1829 683 1864 λόγιον
698 1829 746 1856 τοῦ
762 1829 830 1856 Θεοῦ
841 1838 889 1856 και

94 1873 201 1901 τακαίει
218 1872 295 1906 ξύλα,
318 1873 424 1909 χόρτον,
442 1874 579 1910 καλάμην,
599 1875 656 1907 τὰς
664 1874 804 1911 μοχθηρὰς
818 1874 889 1908 ἔξεις

95 1918 251 1945 ἀναλίσκον.

136 1965 170 1992 ’Β
183 1964 361 2000 δικαιοσύνη
383 1973 441 1993 σου
457 1965 635 2000 δικαιοσύνη
650 1967 693 2000 είς
709 1966 763 1993 τὸν
784 1965 887 1999 αἰῶνα,

94 2011 144 2038 καί
162 2013 179 2039 ό
191 2012 283 2046 νόμος
295 2019 354 2038 σου
368 2011 502 2045 ἀλήθεια,
518 2021 544 2039 κ.
556 2020 581 2038 τ.
595 2012 618 2038 ἐ.
644 2012 677 2039 Ἦ
692 2012 767 2048 παρά
784 2012 889 2049 ἀνθρώ-

94 2066 155 2090 ποις
170 2056 326 2093 δικαιοσύνη
346 2057 414 2093 πρὸς
435 2057 524 2091 ὀλίγον
540 2057 697 2093 ψηφίζεται.
727 2057 888 2094 Δικαιοσύνη

934 226 995 259 mei,
1010 226 1073 261 quia
1085 233 1135 252 non
1150 223 1278 251 custodisti
1291 222 1375 257 legem
1389 228 1461 249 luam
1473 243 1481 254 ,
1504 227 1558 250 elc.
1583 223 1725 251 Tentatiu.

934 279 982 299 nes
1006 279 1065 306 quas
1093 270 1174 298 menti
1191 274 1360 301 occurrunt,
1392 277 1465 296 nunc
1499 270 1614 305 ﬁgurate
1640 279 1728 306 aquas

935 322 1031 349 vocat,
1049 324 1063 344 a
1083 316 1180 351 quibus
1204 323 1253 343 nos
1277 317 1376 342 avertit
1403 315 1544 347 Salomon.
1563 316 1658 344 dicens
1685 318 1726 345 “z

938 363 1000 390 «Ab
1016 370 1085 397 aqua
1116 362 1204 389 aliena
1220 361 1337 393 abstine,
1357 366 1385 388 et
1408 361 1440 388 de
1466 361 1540 389 I'outc
1564 362 1653 389 alieno
1674 372 1726 390 non

935 408 1022 436 bibas.
1039 417 1048 434 ι
1697 441 1699 443 _

972 453 1112 489 Ejusdem.
1139 451 1216 480 Oculi
1239 453 1324 480 nostri
1347 453 1375 480 in
1398 453 1487 480 exitus
1504 461 1635 489 aquarum
1653 454 1726 482 lluxa

937 500 997 526 vita:
1014 498 1094 533 hujus
1110 499 1216 534 negotia
1235 499 1408 533 demergunt,
1425 499 1525 534 quibus
1547 499 1646 526 deinde
1658 507 1726 534 opus

936 550 979 574 est
997 545 1060 572 inde
1082 544 1178 572 deduci
1197 549 1223 571 et
1248 544 1394 580 dispicere,
1424 548 1453 571 ut
1474 545 1500 571 in
1522 549 1660 579 postcrtun
1684 552 1728 572 res

937 590 1049 619 stabiles
1064 590 1147 617 futuri
1161 590 1251 618 saeculi
1267 594 1459 618 contueantur.

974 636 1111 671 Ejusdem.
1144 635 1326 672 Symmachus
1353 637 1392 664 sic
1423 637 1529 664 vertit:
1549 646 1558 663 ι
1576 636 1729 664 Dirisiones

938 690 1071 716 aquarum
1086 682 1227 709 subierunt
1246 681 1317 708 oculi
1337 682 1388 709 mei
1410 682 1442 710 de
1458 682 1491 709 iis
1505 682 1549 717 qui
1565 690 1618 710 non
1635 687 1729 710 custo-

938 728 1016 756 dittnt
1030 727 1117 764 legem
1133 733 1215 755 tuam.
1226 738 1236 756 ι

977 774 1057 802 Vsus.
1076 773 1136 801 i59.
1164 773 1306 800 Tabeuere
1329 781 1370 800 me
1387 773 1448 808 fecit
1470 773 1541 801 zelus
1564 780 1644 805 tuus;
1667 772 1729 808 quia

939 820 1013 847 obliti
1021 825 1082 847 sunt
1097 820 1173 847 verba
1191 824 1238 847 tua
1250 820 1351 847 inimici
1363 820 1424 850 mei.
1440 825 1494 848 etc.
1509 820 1620 854 Qualem
1641 819 1729 846 zelum

937 866 1120 898 assumebam,
1133 866 1155 893 si
1167 867 1278 905 quando
1300 867 1425 894 videbam
1443 867 1568 901 aliquenr
1580 864 1728 892 verborum

939 918 1046 939 tuorum
1059 911 1205 939 oblivisci?
1221 911 1320 948 Utique
1332 921 1385 940 non
1400 912 1617 948 qualemcunque
1629 911 1729 940 zelumI

938 959 985 986 sed
1003 965 1147 986 accensum
1164 962 1191 985 et
1204 957 1337 990 calidum,
1352 963 1433 993 atque
1452 957 1527 985 illico
1539 957 1692 988 ardentem,
1707 955 1730 981 si

937 1004 1048 1039 quando
1064 1004 1188 1031 videbam
1206 1003 1314 1039 aliquos
1328 1004 1476 1032 verborum
1496 1008 1604 1031 tuorttm
1620 1002 1729 1029 oblitos.

939 1050 1024 1085 Hujus
1038 1050 1087 1077 teli
1101 1050 1285 1078 meminerunt
1298 1050 1436 1085 discipuli,
1452 1051 1485 1077 de
1495 1057 1550 1085 quo
1564 1056 1598 1076 ex
1615 1055 1730 1084 persoaa

939 1097 1046 1125 Domini
1067 1096 1094 1124 in
1119 1097 1225 1132 psalmo
1240 1096 1263 1112 ⁸⁷
1289 1096 1390 1124 dicitur
1408 1106 1414 1124 :
1431 1105 1440 1122 ι
1453 1095 1535 1124 Zelus
1559 1095 1655 1123 domus
1679 1099 1732 1121 tute

937 1143 1056 1171 comedit
1070 1150 1122 1170 me.
1136 1151 1145 1168 ι

974 1188 1057 1216 Vsus.
1084 1188 1146 1217 ΗΟ.
1168 1188 1288 1223 Ignitum
1310 1187 1442 1222 eloquium
1460 1191 1534 1213 tuum
1555 1186 1729 1217 uehementer,

938 1239 963 1262 et
976 1243 1064 1262 servus
1083 1240 1144 1261 tuus
1164 1233 1257 1261 dilexit
1270 1233 1349 1265 illud,
1362 1237 1418 1260 etc.
1442 1232 1512 1265 Doli,
1527 1232 1625 1266 inquit.
1646 1230 1729 1266 8‘13

938 1289 1036 1316 expers
1048 1285 1090 1308 est
1108 1280 1150 1308 lex
1164 1281 1222 1313 Dei,
1236 1284 1329 1315 utpote
1344 1280 1404 1314 ipso
1420 1278 1518 1313 spiritu
1536 1277 1619 1312 ignita
1638 1288 1643 1304 :
1663 1283 1731 1311 qua-

939 1333 1050 1363 propter
1061 1335 1112 1355 non
1129 1326 1331 1358 adulationem,
1347 1332 1399 1352 non
1417 1324 1620 1362 simulationem
1640 1321 1730 1349 conti-

939 1378 995 1407 net,
1018 1373 1065 1401 sed
1090 1373 1236 1400 manifeste
1261 1375 1406 1406 peccantes
1434 1369 1539 1405 arguit,
1562 1368 1732 1403 negligentes

938 1419 1107 1455 perstringit.
1128 1427 1138 1444 ι
1155 1418 1240 1446 Vivus
1253 1421 1295 1444 est
1306 1416 1379 1444 enim
1394 1423 1485 1444 sermo
1505 1414 1567 1448 Dei,
1582 1419 1609 1441 et
1624 1412 1730 1442 etlicax.

938 1469 966 1493 et
978 1464 1174 1501 penetrabilior
1187 1463 1264 1497 omni
1278 1463 1368 1498 gladio
1388 1461 1518 1496 ancipiti,
1534 1465 1561 1487 et
1574 1460 1732 1495 pertingens

938 1518 1024 1547 usque
1040 1511 1074 1538 ad
1084 1510 1246 1537 divisionem
1261 1509 1360 1535 anima:
1374 1512 1402 1535 et
1421 1508 1534 1541 spiritus
1544 1528 1551 1539 ,
1569 1513 1730 1540 compagum

941 1563 1049 1592 quoque
1062 1562 1094 1582 ac
1109 1554 1286 1581 medullarum
1296 1573 1304 1586 ,
1333 1558 1359 1580 et
1385 1553 1518 1580 discretor
1535 1551 1731 1584 cogitationum

941 1607 969 1630 et
989 1601 1169 1629 intentionum
1192 1599 1284 1627 cordis
1299 1599 1332 1626 ".
1350 1608 1359 1624 ι
1376 1598 1452 1625 ΙΙΙυιιι
1466 1598 1558 1633 igitur,
1576 1597 1599 1624 si
1620 1596 1730 1631 quidem

941 1647 1011 1676 servi
1029 1646 1075 1674 Dei
1089 1653 1196 1678 sumus,
1209 1652 1258 1672 nos
1273 1652 1381 1680 quoque
1392 1644 1730 1679 diligemus,nequaquam

940 1702 1001 1723 eum
1028 1693 1202 1721 ludiﬁcantes
1225 1697 1272 1720 aut
1292 1691 1470 1719 t'alsiiicantes
1493 1690 1585 1725 (quod
1617 1690 1650 1717 de
1674 1698 1732 1725 qut-

940 1740 1052 1768 busdam
1066 1739 1171 1767 Paulus
1195 1737 1374 1773 insinuavit),
1388 1737 1434 1765 sed
1448 1744 1546 1773 purum
1562 1735 1729 1772 proferemus

940 1791 1020 1822 prout
1034 1793 1096 1814 eum
1109 1793 1141 1813 ex
1157 1784 1270 1814 fornace
1286 1784 1405 1819 Spiritus
1420 1784 1588 1820 accepimus.
1674 1782 1677 1784 ’

977 1832 1117 1867 Ejusdem.
1136 1830 1251 1867 Ignitum
1267 1829 1404 1863 eloquium
1421 1829 1468 1856 Dei
1492 1827 1629 1856 comburit
1644 1827 1731 1863 ligna.

941 1878 1045 1911 fenum,
1056 1877 1195 1913 stipulam,
1214 1876 1300 1906 malos
1315 1876 1612 1905 habitusconsumens.

976 1970 1058 1998 Vens.
1075 1969 1136 1997 142.
1151 1968 1263 1996 Iustitia
1275 1973 1321 1995 tua
1331 1967 1438 2001 iustitia
1458 1967 1486 1993 in
1501 1970 1639 1997 aeternum,
1654 1968 1680 1991 et
1690 1963 1732 1991 lu:

940 2022 985 2044 tua
994 2017 1101 2048 ueritas,
1112 2020 1165 2043 etc.
1175 2014 1240 2047 Quae
1254 2014 1323 2049 apud
1338 2012 1462 2040 homines
1471 2015 1514 2039 est
1524 2010 1628 2046 justitia
1639 2009 1731 2044 parvi-

940 2062 1077 2098 pcnditur.
1091 2060 1198 2088 Justitia
1214 2064 1314 2087 mterua
1331 2058 1440 2094 proprie
1457 2057 1562 2092 justitia
1578 2061 1630 2083 est.
1644 2056 1730 2089 Quem

95 2102 203 2134 αἰώνιος
216 2101 371 2138 δικαιοσύνη
388 2102 490 2138 κυρίως
500 2111 506 2118 ·
531 2103 561 2130 ὃν
585 2103 618 2130 ἂν
630 2103 755 2136 δικαιοτς,
771 2104 886 2136 αίωνίως

944 2107 1138 2140 iustificaveris.
1162 2113 1224 2133 eum
1251 2106 1278 2132 in
1304 2104 1559 2138 mternuntetjttste
1571 2102 1729 2130 conﬁrmas.

95 2149 142 2176 καὶ
155 2149 266 2180 δικαίως
292 2148 421 2183 βεϐαιοῖς.
447 2149 479 2176 'H
492 2149 521 2176 δὲ
543 2149 598 2176 τῶν
621 2149 772 2185 ἀνθρώπων
788 2151 818 2177 οὐ
834 2159 886 2177 τοι-

939 2153 1049 2182 Justitia
1066 2159 1132 2180 vero
1145 2151 1282 2179 hominum
1300 2158 1353 2177 non
1370 2155 1411 2177 est
1424 2149 1565 2184 ejusmodi.
1582 2147 1739 2181 Temperat

95 2195 164 2230 αὐτη
174 2203 181 2209 ·
197 2193 363 2230 πρόσκαιρός
375 2202 405 2220 τε
423 2194 476 2231 γὰρ
489 2195 536 2221 καὶ
553 2195 723 2232 σφαλλομένη
739 2195 774 2223 τὰ
791 2196 885 2223 πολλά.

944 2207 992 2227 nea
1009 2199 1081 2226 enim
1099 2202 1141 2226 est
1155 2202 1182 2224 ct
1194 2204 1265 2232 stupe
1282 2196 1358 2224 falsa.
1370 2195 1425 2223 Lex
1441 2201 1485 2222 tua
1500 2195 1615 2230 ipsamet
1632 2193 1732 2222 veritas

96 2241 151 2267 Kal.
166 2240 180 2267 ὁ
193 2240 274 2276 νόμος
289 2248 335 2266 σου
350 2240 415 2266 αὐτὸ
438 2241 533 2276 χρῆμα
548 2241 686 2277 ἀληθείας,
707 2242 808 2277 σφόδρα
821 2242 887 2278 ἀλη-

96 2284 182 2312 θεύων
200 2287 229 2312 ὲν
251 2286 329 2312 πᾶσι.
360 2285 470 2312 Νοετται
495 2285 524 2312 δὲ
539 2286 652 2322 ἀλήθεια
677 2287 724 2313 καὶ
742 2287 759 2322 ἠ
773 2287 887 2323 ὀρθότης

95 2330 166 2358 κατὰ
179 2331 209 2357 τό
222 2339 228 2345 ·
250 2340 259 2357 ι
273 2331 382 2363 Δίκαιος
400 2328 434 2364 εί,
452 2330 550 2366 Κύριε,
567 2330 616 2357 καὶ
638 2332 726 2364 εὐθεῖς
739 2333 767 2358 al
781 2332 888 2369 κρίσεις

95 2385 152 2402 σου.
171 2385 181 2402 ⁸

129 2422 255 2456 atth
278 2422 328 2449 καὶ
347 2422 474 2458 ἀνάγκαι
490 2423 623 2458 εῦροσάν
641 2432 690 2459 με,
713 2425 743 2451 αι
767 2425 889 2452 ὲντολαί

94 2475 153 2494 σου
165 2468 277 2502 μελέτη
288 2478 359 2503 μου,
381 2478 410 2498 κ.
427 2478 452 2496 τ.
464 2470 488 2496 ὲ.
509 2470 614 2505 ’Ὠσπερ
632 2469 803 2506 έκζητουσῶν
814 2471 888 2506 ἡμᾶς

94 2513 147 2540 τῶν
161 2514 276 2549 θλίψεων
293 2515 340 2542 xal.
363 2515 417 2542 τῶν
431 2516 569 2550 ἀναγκῶν,
584 2515 658 2550 λέγει
680 2516 721 2549 τὸ,
745 2525 754 2542 ι
766 2515 888 2552 Εὖροσάν

96 2568 163 2595 με.»
191 2561 225 2587 ’Ἡ
248 2560 319 2596 τάχα
343 2561 446 2596 θλίψεις
470 2562 494 2588 ot
519 2561 656 2593 θλίϐοντες
676 2561 811 2596 λέγονται,
838 2563 886 2588 καὶ

96 2606 214 2639 ἀνάγκαι
228 2607 251 2633 οί
266 2607 316 2639 τὰς
328 2608 451 2642 ἀνάγκας
467 2608 631 2642 ἐπάγοντες·
648 2607 709 2639 ἑθος
724 2607 779 2642 γὰρ
795 2607 852 2642 ἕχει
867 2608 883 2643 ἡ

96 2651 189 2687 Γραφὴ
205 2652 253 2684 τὰς
268 2653 339 2686 ἕξεις
353 2654 413 2681 ἀντὶ
429 2653 483 2680 τῶν
496 2654 613 2689 ἐχόντων
632 2653 715 2686 αὺτάς
731 2654 883 2689 ὀνομάζειν.

95 2698 173 2725 Οὕτω
186 2699 240 2735 γὰρ
264 2700 340 2735 παρά
362 2700 472 2736 Παύλῳο
484 2711 493 2727 ι
505 2700 537 2727 Ἤ
549 2701 642 2736 ἀγάπη
656 2701 784 2728 οὐδέποτε
805 2701 884 2728 ἐκπί-

97 2753 171 2770 πτει·
188 2755 196 2769 ›
226 2753 271 2770 και
290 2746 364 2779 παρὰ
379 2747 530 2781 Σολομῶντι
542 2755 547 2761 ·
565 2757 572 2772 ‹
598 2747 627 2772 ’Π
643 2747 713 2782 κακὴ
733 2747 812 2783 βουλὴ
830 2750 882 2775 dm

151 2792 173 2805 ⁵⁸
195 2792 271 2817 i‘rm.
296 2802 324 2819 \.
352 2792 389 2819 lb'.
446 2795 466 2808 "'7

488 2795 556 2822 l'ml.
579 2803 673 2826 LM'tll,
701 2796 737 2820 lU.

100 2826 119 2840 “
140 2827 219 2854 I‘t‘ov.
243 2835 271 2855 ll.
298 2828 335 2854 Π.

795 2795 816 2809 δε
839 2795 918 2821 llebr.
943 2803 980 2827 tv,
1007 2795 1045 2821 12.

938 2250 992 2278 est,
1006 2244 1104 2279 quippe
1119 2250 1179 2278 qua:
1191 2242 1216 2270 in
1233 2243 1356 2270 omnibus
1372 2249 1451 2269 verax
1469 2246 1519 2268 est.
1537 2239 1666 2267 Veritatis
1681 2246 1730 2265 uo-

941 2291 1014 2318 mine
1041 2290 1201 2325 intelligitur
1229 2289 1310 2316 etiam
1341 2289 1475 2316 rectitude
1497 2288 1573 2322 juxta
1606 2286 1671 2313 illud
1685 2285 1729 2311 δέ

942 2346 952 2362 ι
974 2336 1067 2363 Justus
1079 2342 1119 2367 es,
1134 2334 1260 2368 Domine,
1277 2340 1304 2362 et
1319 2340 1393 2363 recta
1405 2333 1505 2368 judicia
1521 2338 1576 2359 tua.
1598 2340 1608 2356 ι

978 2428 1059 2455 Vens.
1075 2427 1137 2455 143.
1155 2426 1350 2454 Tribulationes
1362 2429 1387 2451 et
1401 2423 1566 2451 necessitates
1577 2421 1729 2449 inuenerunt

941 2483 1001 2507 me;
1016 2476 1143 2501 mandata
1156 2478 1202 2500 tun
1218 2472 1353 2499 meditatio
1374 2478 1431 2497 mea
1446 2474 1499 2501 cst,
1514 2474 1566 2496 etc.
1582 2468 1666 2501 Quasi
1681 2476 1730 2495 nos

940 2521 1084 2556 exquirant
1109 2520 1300 2547 tribulationes
1325 2524 1353 2547 et
1367 2517 1554 2550 necessitates,
1571 2517 1633 2544 ait:
1652 2525 1661 2542 ι
1685 2515 1730 2543 In-

939 2571 1077 2594 venerunt
1093 2573 1146 2593 me.
1167 2574 1177 2591 ι
1195 2564 1242 2592 Vel
1265 2564 1336 2592 forte
1358 2564 1550 2592 tribulatioues
1566 2562 1695 2590 dicuntur
1711 2560 1730 2588 ii

939 2612 985 2647 qui
1000 2611 1139 2646 tribulam,
1156 2611 1333 2639 necessitates
1345 2619 1407 2640 vero
1420 2611 1437 2639 ii
1454 2611 1499 2646 qui
1515 2610 1575 2638 illas
1596 2608 1728 2636 inierunt.

940 2658 1016 2686 Solet
1028 2658 1100 2685 enini
1117 2658 1258 2693 Scriptura
1278 2658 1391 2687 habitus
1416 2658 1558 2686 nominare
1573 2663 1622 2691 pro
1636 2655 1670 2682 iis
1681 2656 1728 2689 qui

940 2704 1000 2732 illas
1023 2704 1135 2732 habent.
1157 2704 1204 2731 Sic
1222 2704 1294 2731 cuim
1314 2705 1384 2739 apud
1406 2704 1518 2732 Paulum
1539 2704 1573 2727 εστ
1586 2701 1730 2728 «ωιιιιιιαδ

940 2758 1076 2784 nunquam
1092 2750 1191 2777 excidit
1207 2759 1213 2776 ι
1235 2760 1244 2775 ι
1268 2751 1378 2784 ctame
1397 2750 1569 2777 Salomouem
1582 2749 1621 2774 “z
1641 2758 1648 2772 ι
1667 2747 1727 2773 νειμ

1100 2795 1121 2808 ⁵⁵⁸
1141 2794 1210 2831 l’sal.
1232 2803 1329 2828 cxvttt,
1355 2797 1412 2824 157.
1470 2798 1489 2812 "“
1511 2797 1519 2824 l
1540 2796 1601 2823 Cor.
1622 2806 1686 2832 λιιι,
1705 2799 1727 2825 8.
