1913 3429
95 128 181 156 I62!

576 128 729 156 SELECTA
751 128 782 155 IN
804 128 970 157 PSALHOS.
993 145 1027 149 —
1048 129 1145 157 PSAL.
1162 128 1278 157 CXVIII.

1665 131 1733 159 11:22

93 192 150 223 εις
169 189 227 216 τὸν
239 189 332 216 αἰῶνα
353 190 552 224 ἐθεμελίωσας
566 191 652 222 αὐτὰ,
670 199 696 217 κ.
707 199 732 217 τ.
745 191 768 217 ὲ.
790 191 820 217 Ἠ
834 191 882 224 γνᾶ

953 192 1114 218 ina’ternum
1137 191 1255 225 fundasti
1278 199 1328 222 ea,
1346 195 1400 218 etc.
1429 190 1494 218 Milli
1519 191 1581 219 olim
1610 190 1644 218 ab
1662 187 1739 215 ῘΙΙῘῑῘυ

95 236 151 267 σίς
173 243 222 270 μοι
244 234 362 270 ἀρχῆθεν
387 235 531 270 ἀρξαμένῳ
549 235 596 261 τοῦ
622 235 755 262 θεοσεδεῖν
776 235 902 271 ἐλήλυθεν

956 236 1038 263 Deum
1052 237 1140 264 colere
1153 236 1292 271 incipienti
1307 236 1402 262 notitia
1416 236 1525 264 obvenit
1541 244 1555 263 a
1575 236 1737 264 testimoniis

94 280 165 307 ἀπὸ
191 280 244 307 τῶν
262 280 316 306 σῶν
339 281 511 316 μαρτυρίων
537 280 748 316 συνεργούμενος
774 281 827 316 γὰρ
849 281 882 307 ἀπ

953 281 1017 309 tuis.
1034 281 1100 308 Cum
1119 282 1190 307 enim
1212 280 1427 308 testimoniorum
1444 289 1459 308 a
1475 286 1499 308 te
1514 281 1674 309 traditorum
1686 291 1733 309 no-

95 326 155 353 τοῦ
177 327 335 362 νενοηκέναι
348 327 382 354 τὰ
397 327 532 363 μαρτύρια
541 326 575 353 τὰ
588 326 802 362 παραδεδομένα,
816 326 901 358 οὕτως

95 372 296 408 ἑφωτιζόμην,
313 372 360 399 καὶ
382 371 562 408 ἡκοντιζόμην
587 372 633 398 ἐπὶ
655 372 704 408 τὴν
725 372 834 406 γνῶσιν,
854 372 901 398 καὶ

96 417 211 451 ἔγνων,
228 418 268 444 ὃτι
288 418 322 444 τὰ
338 418 473 454 μαρτύρια
495 419 534 449 είς
547 417 592 444 τὸν
607 417 692 444 αίῶνα
708 417 898 453 ἐθεμελίωσας.

96 462 136 489 Εἰ
152 463 186 489 δὲ
199 463 378 498 ὲθεμελίωσεν
394 465 409 491 ὁ
429 463 495 494 Θεδς
509 464 544 490 τὰ
561 463 709 499 μαρτύρια,
733 463 838 490 οὐδέπω
850 463 899 498 λή-

96 517 150 542 γει
169 509 212 540 εις
230 509 261 536 τὸ
283 509 481 544 θεμελιοῦσθαι,
499 509 565 535 ἀλλὰ
582 509 614 544 ζῇ
639 510 669 536 τὸ
693 509 899 544 θεμελιοὺμενον

95 555 154 581 καὶ
171 555 407 590 οἰκοδομούμενον.
428 555 460 581 Τί
475 555 502 581 δὲ
516 555 703 590 ἐποικοδομεῖς
721 554 899 590 προστάγμα-

95 610 149 632 τα,
169 601 290 633 ἐντολὰς,
307 601 487 636 δικαιώματα,
507 601 637 635 κρίματα,
654 601 760 635 σοφίαν,
780 600 896 635 γνῶσιν·

97 649 154 675 καὶ
171 648 258 681 οὕτως
272 649 416 684 ἀπαρτίζει
431 648 478 683 τὴν
489 648 632 683 οἰκοδομὴν
649 648 677 674 ὲν
693 649 773 675 πᾶσιν
787 649 898 683 ἀγαθοῖς

96 693 210 728 ιργοις,
228 693 316 727 λόγοις
332 693 437 727 σοφίας,
456 693 610 727 ἐπιστήμης
625 692 739 726 γνώσει·
758 693 835 720 ᾶτινα
851 694 897 720 ἐὰν

97 738 178 764 κατὰ
191 737 240 773 τὴν
255 738 414 773 θεμελίωσιν
428 737 503 772 τεθῇ,
519 737 575 772 ἔχει
589 746 631 769 τις
643 737 739 764 ἑαυτοῦ
756 739 898 774 οἰκοδόμη-

99 793 144 819 μα
169 784 282 815 τέλειον,
301 785 375 817 ἄξιον
397 784 444 811 τοῦ
466 784 605 820 ἐνοικῆσαι
627 785 656 812 ἐν
675 785 748 821 αὐτῷ
772 786 816 812 τὸν
831 786 896 813 Θεὸν

98 831 152 857 καὶ
165 831 399 866 ὲμπεριπατῆσαι.

141 876 208 903 Ἴδε
229 876 286 910 τὴν
306 877 486 905 ταπείνωσιν
510 887 569 913 μου
585 877 634 905 καὶ
657 877 766 909 ἐξελοῦ
786 886 834 911 με,
851 877 895 903 ὅτι

96 921 157 947 τοῦ
172 922 266 956 νόμου
279 930 337 949 σου
351 924 406 950 οὐκ
420 923 619 958 ἐπελαθόμην,
635 932 661 950 κ.
672 932 697 950 τ.
709 922 732 950 ι.
754 923 895 959 Μακάρων

98 966 222 993 ἐνώπιον
232 968 279 994 τοῦ
295 968 361 996 Θεοῦ
376 969 583 996 ταπεινοῦσθαι·
599 969 666 1005 φησὶ
677 969 731 1005 γὰρ
752 969 892 1000 Ἰάκωϐος·

101 1022 110 1036 ι
122 1012 321 1049 Ταπεινώοητε
338 1015 454 1042 ἐνώπιον
476 1015 589 1051 Κυρίου,
607 1015 653 1042 καὶ
670 1014 770 1049 ὑψώσει
785 1015 866 1050 ὑμᾶς.
881 1024 889 1041 ι

99 1058 189 1085 ’Ὸταν
205 1059 293 1085 τοίνυν
318 1060 403 1092 οὓτως
425 1061 644 1096 ταπεινωθῶμεν,
661 1061 712 1088 κᾶν
735 1061 786 1088 ὑπὸ
803 1061 893 1097 δαιμόη

97 1112 156 1129 νων
179 1105 425 1141 ὲπιϐουλευθῶμεν,
449 1107 499 1133 κᾶν
514 1107 566 1133 ὑπὸ
578 1106 728 1142 ἀνθρώπων
743 1107 892 1142 μισούντων

98 1149 152 1180 τὰς
177 1151 276 1186 ἀρετὰς
288 1151 496 1187 πολεμηθῶμεν,
518 1152 616 1187 ἔχομεν
631 1152 676 1179 τὸν
691 1152 756 1179 Θεὸν
769 1153 875 1188 ὲξαιρού

100 1203 194 1229 μενον,
212 1196 292 1231 μόνον
307 1198 348 1223 ἵνα
364 1197 411 1224 τοῦ
431 1197 512 1233 νόμου
529 1198 611 1225 αὐτοῦ
628 1198 665 1234 μὴ
689 1198 891 1234 ἐπιλαθώμεθα,

100 1242 171 1276 μηδὲ
189 1243 375 1279 ἀποκάμωμεν
389 1244 419 1271 ἐν
433 1246 494 1277 ταῖς
510 1244 626 1280 θλίψισι.

135 1334 262 1368 Μακρὸν
280 1335 337 1362 ἀπὸ
362 1335 544 1370 ἁμαρτωλῶν
564 1337 704 1370 σωτηρία,
728 1337 771 1363 ὅτι
795 1336 830 1362 τὰ
848 1336 890 1362 δι-

99 1377 251 1412 καιώματά
269 1387 326 1406 σου
341 1381 395 1406 οὐκ
410 1380 602 1414 ἐξεζῆτησαν,
629 1389 655 1406 κ.
667 1388 693 1406 τ.
707 1381 730 1406 ὲ.
759 1381 791 1406 Et
808 1381 824 1414 ἡ
839 1389 891 1406 σω-

99 1424 181 1458 τηρία
198 1423 255 1450 ἐστὶ
269 1425 318 1459 τῆς
343 1425 454 1460 λογικῆς
469 1424 574 1459 φύσεως
591 1426 607 1459 ἠ
620 1425 719 1458 γνῶσις
740 1424 787 1451 τοῦ
810 1424 888 1456 Θεοῦ,

99 1467 170 1503 αὕτη
184 1467 212 1494 δὲ
226 1468 360 1504 καθαραῖς
383 1469 482 1504 ψυχαῖς
506 1469 653 1504 ἐγγίνεται,
672 1469 762 1500 καλῶς
781 1469 889 1502 λέγεται

953 327 1018 354 tiliae
1029 334 1200 361 cooperarer,
1214 327 1264 353 hoc
1275 326 1353 353 modo
1365 326 1548 359 illutninabar,
1561 331 1589 354 et
1599 327 1632 354 ad
1648 326 1734 354 scien-

953 372 1016 398 tiam
1028 371 1209 402 collimabam.
1222 377 1248 398 et
1270 372 1383 406 cognovi
1399 372 1461 406 quia
1483 372 1635 399 testimonia
1652 376 1695 399 tua
1710 372 1734 398 in

950 420 1081 443 aeternum
1099 416 1226 444 fundasti.
1241 416 1269 443 Si
1281 421 1372 444 autem
1386 417 1457 444 Deus
1476 416 1599 444 fundavit
1611 417 1735 444 testimo-

951 461 1005 492 nia,
1020 462 1136 489 nondum
1149 466 1237 489 cessat
1253 468 1268 487 ι
1288 461 1455 494 fundatione,
1470 462 1517 490 sed
1536 462 1603 489 vivit
1622 462 1648 489 id
1663 464 1733 497 quod

951 506 1090 533 fundatum
1115 512 1143 534 et
1157 507 1319 534 aediﬁcatum
1335 511 1386 534 est.
1404 508 1472 541 Quid
1492 515 1556 535 vero
1568 508 1734 542 superaadili-

949 557 992 579 cat
1004 553 1016 579 ἲ
1030 558 1173 588 praecepta,
1186 554 1545 589 mandata,justilicationes,
1558 556 1672 590 judicia,
1690 564 1735 584 sa-

948 598 1086 631 pientiam.
1103 599 1265 632 scientiam;
1285 604 1312 627 et
1335 600 1374 627 sic
1401 600 1506 635 perlicit
1526 601 1733 629 aediﬁcationem

949 642 974 669 in
989 643 1116 671 omnibus
1137 645 1265 679 operibus
1283 645 1375 677 bonis,
1392 646 1565 673 sermonibus
1581 637 1733 681 sapientiai,

948 688 1097 722 disciplinae
1115 690 1286 724 cognitione;
1302 697 1363 724 qua:
1374 689 1396 718 si
1414 695 1474 725 post
1488 691 1673 721 fundationem
1688 701 1734 728 po-

948 733 998 760 sita
1016 733 1125 765 fuerint,
1139 734 1219 761 habet
1236 734 1297 768 quis
1313 734 1340 761 in
1355 736 1501 769 semetipso
1512 735 1655 763 aedilicium
1671 745 1732 771 per-

948 778 1062 811 fectum,
1088 779 1197 813 dignum
1217 779 1244 807 in
1268 787 1321 814 quo
1346 780 1416 807 Deus
1441 780 1573 809 inhabitet
1596 787 1622 810 et
1646 782 1732 809 inam—

948 824 1030 851 bulet.

984 869 1063 898 Vens.
1084 870 1148 897 I53.
1175 869 1238 897 Vide
1255 870 1430 897 humilitatem
1447 879 1532 899 meum
1552 877 1577 899 et
1594 873 1665 907 eripe
1679 881 1730 906 me,

945 915 1007 949 quia
1018 915 1099 950 legem
1124 920 1197 942 tuam
1215 923 1267 942 non
1288 924 1346 943 eum
1365 916 1470 951 oblitus,
1491 922 1544 945 etc.
1560 917 1672 945 Beatum
1689 923 1732 945 est

945 960 1027 995 815
1051 968 1143 988 coram
1162 962 1215 989 Deo
1238 962 1385 991 humiliari.
1404 963 1450 989 Ait
1466 963 1538 990 enim
1547 962 1667 991 Jacobus
1684 963 1729 990 “z

947 1015 957 1032 ι
976 1006 1158 1034 llumiliamini
1186 1008 1212 1034 in
1241 1012 1389 1042 conspectu
1414 1007 1531 1039 Domini,
1551 1012 1579 1035 et
1601 1007 1731 1034 exaltabit

944 1060 1001 1079 vos.
1022 1062 1031 1078 ›
1051 1052 1164 1085 Quando
1179 1053 1260 1088 igitur
1275 1054 1325 1080 hoc
1346 1054 1424 1080 mmlo
1439 1053 1569 1080 fuerimus
1584 1053 1729 1085 humiliati,

943 1098 993 1124 etsi
1015 1099 1166 1125 da:monum
1186 1099 1291 1125 insidiis
1310 1099 1433 1131 ἱιιψειίιί,
1455 1099 1505 1126 etsi
1525 1100 1558 1126 ab
1577 1099 1730 1127 hominibus

943 1143 1074 1170 virtutum
1102 1145 1228 1172 osoribus
1256 1146 1402 1179 oppugnati
1428 1145 1574 1177 fuerimus,
1600 1145 1729 1173 habemus

944 1189 1027 1216 Deum
1042 1189 1089 1224 qni
1103 1197 1150 1217 nos
1163 1191 1270 1224 eripiat,
1282 1190 1428 1218 dummodo
1441 1190 1506 1225 legis
1521 1190 1578 1224 ejus
1594 1198 1646 1218 non
1658 1192 1727 1218 obli-

943 1235 1088 1267 viscantur,
1104 1243 1191 1270 neque
1203 1236 1228 1263 in
1247 1235 1464 1263 tribulationibus
1477 1236 1597 1263 animum
1614 1236 1730 1271 despon-

943 1281 1064 1306 (leamus.

980 1325 1058 1353 Vens.
1073 1326 1132 1353 l55.
1148 1325 1238 1361 Longe
1250 1335 1266 1353 α
1279 1327 1457 1361 peccatoribus
1477 1327 1560 1360 salua,
1574 1327 1635 1363 quia
1646 1327 1727 1362 justi-

941 1372 1075 1405 /ic::liones
1087 1378 1145 1399 tua:
1163 1381 1213 1399 nor:
1229 1374 1417 1408 exquisierunt,
1442 1379 1495 1401 etc.
1514 1375 1542 1401 Si
1559 1374 1727 1402 rationabilis

941 1417 1013 1443 salus
1026 1422 1067 1444 est
1082 1423 1184 1445 natura:
1197 1419 1314 1451 cognitio
1332 1420 1389 1453 Dei,
1404 1421 1513 1454 ipsaque
1530 1420 1604 1454 puris
1620 1421 1726 1447 anima-

941 1462 991 1488 bus
1005 1462 1083 1495 inest,
1104 1463 1215 1497 pulchre
1228 1465 1327 1491 dicitur
1343 1473 1350 1491 :
1371 1474 1380 1491 ι
1396 1465 1486 1500 Longe
1509 1473 1523 1491 a
1539 1466 1727 1500 peccatoribus

99 1514 138 1543 τὸ,
150 1523 162 1540 ι
178 1514 295 1549 Ma):in
308 1515 361 1541 ἀπὸ
379 1515 547 1550 ἁμαρτωλῶν
571 1515 702 1550 σωτηρία·
722 1515 761 1546 εἰς
773 1515 826 1549 γὰρ
842 1523 882 1541 διας

944 1507 1013 1533 salus
1029 1515 1036 1538 ;
1079 1516 1141 1534 nam
1189 1509 1214 1535 iu
1235 1510 1390 1537 malevolam
1407 1512 1523 1537 animam
1538 1518 1590 1537 non
1604 1511 1728 1539 introibit

100 1559 224 1594 κότεχνον
240 1560 327 1595 ψυχὴν
350 1561 399 1586 οὐκ
423 1560 606 1586 εἰσελεύσεται
633 1560 723 1594 σοφία.
739 1570 747 1584 ι
775 1558 812 1586 Οὖ
832 1560 886 1595 γὰρ

101 1605 211 1639 ἐγγὺςή
230 1605 328 1639 χρίσις,
353 1606 435 1639 ἐγγὺς
452 1606 499 1631 καὶ
513 1606 529 1639 ὴ
548 1606 684 1641 σωτηρία·
706 1605 753 1632 καὶ
776 1603 806 1632 οὗ
833 1614 885 1640 μα-

0 1668 9 1686 ς
49 1647 51 1649 ’
100 1648 169 1683 κρὰν
180 1650 196 1683 ὴ
212 1649 341 1683 σωτηρία,
354 1650 400 1675 καὶ
414 1650 430 1683 ἡ
445 1650 535 1684 κρίσις
550 1650 667 1685 μακράν.
680 1650 729 1676 Διὰ
741 1650 783 1683 τίς
801 1651 886 1676 Ἐπει.

99 1693 130 1729 δὴ
146 1693 180 1720 τὰ
201 1693 373 1728 δικαιώματά
403 1703 449 1720 σου
472 1695 522 1721 οὐκ
546 1694 718 1730 ὲξεζήτησεν.
739 1695 775 1721 Οὐ
799 1694 852 1730 γὰρ
868 1696 886 1731 ἡ

54 1770 58 1773 _
101 1718 396 1774 gaiag'agagp.
406 1718 500 1774 illa;
507 1718 774 1776 ἰλᾷῖῖᾄειξζιὲήνσ
796 1718 886 1767 bini

101 1785 130 1811 οε
145 1786 197 1820 γὰρ
210 1786 224 1811 ὁ
240 1784 303 1816 Υίδς
319 1785 365 1811 τοῦ
389 1785 543 1821 ἀνθρώπου,
568 1787 584 1822 ἡ
604 1786 734 1822 σωτηρία,
768 1786 884 1822 ζητῆσαι

100 1832 145 1857 καὶ
158 1831 242 1857 σῶσαι
256 1831 286 1857 τὸ
302 1831 448 1862 ἀπολωλός.
465 1841 474 1857 ι

132 1877 163 1902 Ol
190 1877 334 1910 οἰκτιρμοί
351 1884 408 1903 σου
429 1877 547 1907 πολλοὶ.
565 1878 666 1911 Κύριε·
683 1878 758 1905 κατὰ
773 1879 804 1905 τὸ
822 1878 882 1913 κρῖ-

100 1920 140 1955 μά
152 1928 208 1947 σου
224 1920 316 1954 ζῆσόν
327 1930 374 1955 με,
391 1930 417 1947 κ.
431 1930 454 1949 τ.
469 1922 491 1948 ὲ.
514 1921 606 1953 Ἔλεος
623 1921 764 1958 ἀνθρώπου
780 1923 826 1948 ἐπὶ
837 1923 883 1950 τὸν

101 1964 209 1999 πλησίον
222 1965 314 1996 αὑτοῦ,
337 1965 410 1997 ἕλεος
432 1965 460 1991 δὲ
479 1966 580 2001 Κυρίου
604 1968 650 1993 ἐπὶ
670 1968 759 1993 πᾶσαν
774 1967 880 2003 σάρκα·

102 2009 146 2035 καὶ
157 2009 170 2035 ὁ
185 2009 353 2041 δικαιότατος
363 2010 416 2045 γὰρ
432 2010 573 2046 ἄνθρωπος
585 2011 621 2042 ὡς
637 2012 705 2046 πρὸς
717 2012 766 2048 τὴν
780 2011 881 2047 ἀκριδῆ

102 2054 145 2081 τοῦ
162 2054 226 2081 Θεοῦ
241 2055 330 2090 κρίσιν
344 2055 419 2082 ἐλέου
435 2056 519 2082 δεῖται
532 2056 608 2082 Geo-3'
627 2057 692 2082 ὅπου
709 2065 739 2090 γε
756 2058 803 2083 καὶ
816 2058 882 2083 αὐτὸ

102 2099 131 2125 τὸ
142 2099 227 2125 δοκεῖν
242 2100 379 2133 γεγονέναι
399 2100 512 2132 δίκαιον,
537 2100 603 2135 ἐλέῳ
621 2101 725 2134 γίνεται
738 2102 785 2128 τοῦ
801 2102 878 2129 Θεοῦ.

102 2144 133 2170 Τί
146 2144 197 2179 γὰρ
215 2144 289 2177 ἄξιόν
311 2153 352 2176 τις
368 2146 514 2181 πεποίηκεν
533 2146 642 2172 αἰωνίου
664 2147 878 2183 μακαριότητοςς

940 1554 1071 1587 sapientia
1081 1554 1113 1580 ⁸⁷.
1131 1564 1140 1579 ι
1151 1554 1171 1580 Α
1185 1562 1238 1588 quo
1251 1557 1321 1582 enim
1334 1563 1416 1590 prope
1429 1561 1470 1582 est
1484 1556 1626 1590 judicium.
1643 1565 1726 1592 prope

939 1602 981 1624 est
995 1603 1021 1624 et
1040 1598 1112 1626 salus
1125 1607 1132 1632 ;
1145 1607 1158 1625 a
1174 1608 1227 1634 quo
1244 1600 1321 1634 longe
1338 1605 1377 1628 cst
1397 1601 1482 1633 salus,
1495 1602 1573 1636 longe
1590 1607 1631 1629 est
1645 1603 1724 1637 etju-

940 1642 1049 1670 dicium.
1068 1644 1157 1676 Quare
1175 1645 1186 1670 ἒ)
1201 1646 1268 1678 Quia
1295 1645 1502 1679 jnslilicationcs
1527 1652 1585 1675 tuas
1605 1655 1657 1674 non
1677 1655 1724 1675 ex-

939 1689 1058 1722 quisivit.
1084 1689 1141 1716 Non
1169 1691 1241 1716 enim
1270 1691 1338 1726 l‘ugit
1357 1699 1406 1718 nos
1430 1691 1503 1719 salus
1521 1698 1577 1724 tua,
1599 1694 1646 1720 sed
1675 1701 1725 1721 nos

939 1735 1023 1769 ipsam
1041 1735 1167 1771 l'ugitnus.
1180 1746 1189 1762 ι
1206 1735 1284 1763 Ven‘t
1302 1738 1375 1764 enim
1392 1737 1474 1765 Filius
1490 1739 1606 1766 hominis
1620 1757 1628 1769 ,
1641 1739 1725 1771 salus.

937 1785 1060 1813 qurere-re
1073 1785 1101 1806 et
1111 1780 1217 1808 salvum
1248 1781 1338 1809 facere
1350 1783 1420 1817 quod
1433 1784 1551 1818 perierat
1571 1784 1604 1813 “.
1630 1794 1639 1810 ι

972 1870 1053 1898 Vns.
1069 1871 1129 1899 I56.
1149 1871 1339 1900 Misericordia:
1355 1879 1408 1900 (me
1428 1875 1527 1907 multm,
1547 1875 1669 1909 Domine,
1681 1885 1722 1902 εε-

936 1917 1187 1952 cundumjudicium
1200 1925 1272 1946 tuum
1285 1921 1383 1955 vivi/ica
1398 1929 1449 1952 nte,
1466 1926 1517 1948 etc.
1535 1920 1720 1948 Misericordia

937 1963 1053 1990 hominis
1064 1969 1105 1990 est
1120 1972 1183 1998 erga
1197 1966 1350 2000 proximum
1368 1974 1458 1998 smtm,
1473 1966 1657 1994 misericordia
1673 1976 1721 1993 au-

937 2012 990 2034 tem
1011 2007 1115 2035 Domini
1135 2016 1197 2044 erga
1214 2018 1321 2037 onmem
1339 2019 1457 2038 carnem.
1483 2010 1568 2039 Homo
1583 2011 1654 2038 enim
1678 2012 1720 2038 vol

931 2050 1111 2085 iustissimus.
1129 2054 1150 2081 si
1167 2060 1294 2083 accurato
1319 2056 1364 2083 Dei
1378 2056 1481 2090 judicio
1496 2057 1621 2089 sistatur,
1638 2059 1719 2085 mise-

936 2096 1049 2123 ricordia
1072 2097 1117 2124 Dei
1142 2099 1252 2134 indiget,
1274 2101 1490 2136 quandoquidem
1513 2102 1626 2136 idipsum
1648 2104 1719 2137 quod

935 2141 1040 2169 videtur
1052 2142 1138 2170 factus
1151 2151 1212 2171 esse
1222 2144 1321 2179 justus,
1336 2147 1519 2174 misericordia
1535 2147 1580 2174 Dei
1598 2147 1637 2174 lit.
1649 2147 1718 2181 Quid

103 2189 173 2216 οὐδὲν
195 2190 223 2216 δὲ
241 2190 359 2225 ἀκρίτως
378 2192 393 2217 ὸ
415 2191 480 2223 Θεὸς
505 2193 585 2223 ποιεῖ,
609 2193 671 2219 οὐδὲ
694 2193 827 2225 ζωοποιεῖ.
849 2195 880 2221 0i

944 2187 1005 2214 :nim
1024 2188 1120 2222 aliquis
1139 2195 1241 2216 aeterna
1255 2191 1423 2219 beatitudine
1438 2193 1549 2228 dignum
1563 2193 1627 2221 fecit
1643 2194 1655 2221 ?
1672 2194 1719 2221 Ni—

103 2236 232 2271 οικτιρμοὶ
256 2235 284 2261 δὲ
310 2235 411 2267 πολλοὶ,
440 2237 543 2264 πολλῶν
568 2238 664 2272 ὄντων,
696 2239 738 2273 ἐφ’
766 2239 812 2271 οὓς
836 2240 879 2274 γί-

104 2289 185 2307 νονται
190 2301 196 2308 .

136 2371 240 2397 Πολλοὶ
265 2373 292 2398 ol
314 2372 506 2406 ἑκδιώκοντές
527 2382 566 2407 με
592 2375 640 2401 καὶ
662 2376 829 2409 θλίϐοντες·
845 2376 879 2403 ἐκ

104 2414 158 2442 τῶν
165 2416 396 2450 μαρτιφίωνσου
409 2419 463 2444 οὐκ
476 2418 627 2452 ἐξέκλινα,
641 2428 667 2445 κ.
679 2429 704 2446 τ.
716 2421 738 2446 ἑ.
763 2430 771 2446 ι
783 2421 880 2448 Μακά-

106 2468 160 2495 ριοι.
175 2461 264 2495 φησὶν,
282 2462 307 2487 οἱ
323 2461 493 2497 δεδιωγμένοι
515 2463 607 2490 ἕνεκεν
633 2464 814 2501 δικαιοσύνης,
838 2467 879 2493 ὅτι

105 2504 185 2531 αὐτῶν
200 2505 273 2531 ἔστιν
285 2506 301 2541 ἠ
319 2506 440 2541 βασιλεία
451 2507 505 2533 τῶν
520 2507 651 2543 οὐρανῶν.
665 2518 675 2535 ι

138 2549 188 2577 Τοῦ
203 2550 304 2577 αὐτοῦ.
326 2551 362 2578 Τὸ
374 2551 474 2587 πλῆθος
489 2552 601 2588 ἐχθροὺς
613 2555 725 2589 ὀρατοὺς
737 2557 783 2582 καὶ
797 2557 879 2592 ἀορά-

105 2602 160 2625 τους
174 2595 328 2627 αἰνίττεται,
352 2593 389 2623 ὦν
412 2597 436 2623 οἱ
458 2597 573 2633 atoma
595 2599 640 2625 καὶ
657 2601 684 2625 αἱ
702 2600 804 2635 θλίψεις
825 2601 878 2628 διὰ-

107 2648 182 2674 ᾳοροι.
208 2642 238 2667 υἱ
255 2642 303 2675 μὲν
317 2642 371 2677 γὰρ
393 2642 483 2676 φιλίαν
497 2643 703 2679 ὑποκρινόμενοι
719 2645 768 2677 τὰς
783 2646 878 2682 ἡδονὰς

107 2685 300 2712 ύποόάλλουσιν·
325 2689 349 2714 οἱ
373 2687 400 2713 δὲ
422 2689 470 2723 τὴν
487 2689 585 2725 ἔχθραν
607 2689 798 2725 γυμνώσαντες
824 2692 877 2717 πᾶν

107 2727 165 2761 εἶδος
186 2732 344 2767 πειρασμῶν
369 2734 558 2769 ὑποφέρουσιν.
589 2735 657 2761 Ἀλλ’
673 2736 752 2770 ἡμεῖς
777 2737 807 2762 ἐκ
824 2736 877 2763 τῶν

933 2233 970 2259 hil
987 2238 1076 2261 autem
1098 2235 1199 2270 absque
1221 2234 1324 2269 judicio
1341 2236 1411 2264 Deus
1426 2237 1499 2270 facit,
1520 2246 1568 2266 nec
1588 2239 1716 2266 vivilicat.
1749 2264 1761 2274 ,

934 2279 1123 2308 Misericordiae
1149 2280 1239 2309 multa:
1255 2287 1329 2316 sunt,
1347 2290 1408 2311 cum
1429 2284 1505 2311 multi
1526 2285 1581 2312 sint
1601 2285 1634 2311 ad
1649 2292 1717 2319 quos

932 2325 1095 2359 pertineant.
1718 2358 1722 2361 .

971 2371 1050 2399 Vsus.
1066 2372 1127 2400 157.
1146 2372 1223 2400 Multi
1238 2375 1282 2409 qui
1298 2379 1487 2408 persequuntur
1504 2382 1543 2400 me
1555 2378 1578 2399 et
1590 2373 1715 2399 tribulam

932 2424 972 2443 me
985 2424 994 2443 .'
1007 2426 1023 2444 ιι
1036 2418 1189 2445 testimoniis
1201 2419 1253 2445 tuis
1271 2427 1322 2445 non
1335 2418 1472 2449 declinavi,
1485 2423 1537 2444 etc.
1557 2428 1564 2442 ι
1579 2417 1666 2447 Beati,
1676 2417 1717 2442 in-

932 2463 1033 2497 quit",
1047 2464 1092 2498 qui
1118 2464 1332 2498 persecutionem
1355 2463 1496 2496 patiuntur
1512 2467 1623 2497 propter
1637 2462 1715 2496 justi-

932 2509 1007 2540 tiam,
1025 2510 1150 2543 quoniam
1169 2509 1288 2543 ipsorum
1303 2513 1344 2535 est
1361 2515 1473 2543 regnum
1490 2508 1633 2538 caelorum.
1648 2517 1658 2534 ι

967 2554 1104 2589 Ejusdem.
1125 2554 1266 2587 Multitudo
1285 2555 1376 2582 hostes
1391 2554 1511 2582 visibiles
1526 2558 1553 2581 et
1568 2552 1717 2580 invisibiles

933 2600 1029 2632 innuit,
1043 2607 1156 2634 quorum
1179 2600 1262 2627 variae
1284 2605 1347 2627 sunt
1363 2600 1565 2635 persecutiones
1580 2606 1612 2626 ac
1629 2598 1712 2625 tribu-

931 2645 1055 2671 lationes.
1071 2645 1122 2671 Alii
1138 2653 1266 2680 namque,
1280 2647 1427 2674 amicitiam
1440 2646 1608 2677 simulantes,
1618 2651 1714 2680 sugge-

931 2697 993 2718 runt
1010 2691 1179 2726 voluptates;
1205 2691 1249 2719 alii
1271 2700 1345 2725 vero,
1364 2692 1532 2720 inimicitiam
1546 2691 1713 2726 detegentes,

931 2744 1010 2763 omne
1036 2745 1119 2772 genus
1143 2738 1319 2766 tentationum
1346 2738 1473 2766 inierunt.
1501 2738 1598 2766 Verum
1624 2743 1675 2764 nos
1699 2742 1714 2761 a

138 2819 220 2849 “Jac.
238 2829 274 2853 tv,
296 2821 336 2848 lt).
375 2822 394 2838 ‘7
410 2822 472 2858 Sap.
492 2831 510 2855 ι,
527 2823 548 2850 ι.
587 2825 608 2839 ⁶¹³
623 2824 687 2853 an.
705 2833 760 2858 xu,
773 2827 815 2853 l0.
854 2828 875 2844 ⁸³
894 2828 988 2856 Mulli].
1011 2837 1036 2862 ν,
1060 2830 1100 2856 lt).

120 3167 122 3170 ν
515 3129 719 3164 ⁸-1-
756 3147 810 3164 ..-

7 3310 42 3346 s
