1913 3429
85 128 182 156 1025

572 122 725 152 SELECTA
747 123 780 150 ΙΝ
800 123 970 151 ΡδΔΙΜΟδ.
989 137 1024 142 -
1043 122 1141 150 PSAL.
1161 121 1276 150 CXVlll.

1675 123 1743 151 1626

135 187 345 221 Προσεόόκων
359 186 391 213 τὸ
415 185 562 220 σωτήριόν
583 194 652 217 σου,
670 186 768 219 Κύριε,
783 185 831 211 καὶ
854 184 895 211 τὰι

993 184 1074 211 Vens.
1087 183 1147 210 166.
1173 182 1365 216 Exspectabam
1382 181 1499 208 salutare
1519 186 1604 214 tuum,
1622 180 1741 214 Domine,

86 231 243 265 ἐντολάς
258 240 316 258 σου
330 230 483 266 ἠγάπησα,
505 239 532 257 κ.
544 239 570 257 τ.
584 231 606 257 ἐ.
631 230 773 265 Μακάριος
791 231 806 256 ὁ
818 238 900 265 προσ-

87 277 259 313 δεχόμενος
275 277 321 303 τοῦ
343 276 409 303 Θεοῦ
431 276 461 303 τὸ
476 276 618 311 σωτήριον.
639 276 756 311 ἀγαπῶν
778 276 806 303 δὲ
821 274 904 302 αὑτοῦ

91 323 153 349 καὶ
173 322 224 353 τὰς
242 320 366 353 ἐντολάς·
382 318 460 353 οὗτος
473 321 527 357 γὰρ
542 322 582 352 εἰς
607 321 664 355 βίον
686 321 788 348 τέλειον
804 322 844 353 εἰς
853 321 904 347 ἀκ-

93 367 164 402 μὴν
189 367 339 402 προκόπτει
357 367 566 402 μακαριότητος,
583 367 644 401 ἦτις
664 367 756 398 αὐτοῖς
768 367 825 398 τοῖς
837 367 904 393 ἁπο-

93 413 220 443 στόλοις
234 411 401 448 κεκλήρωτο,
418 411 487 447 πρὸς
502 411 550 444 οὓς
569 411 677 445 ἔλεγεν·
694 420 704 436 ι
720 412 860 438 Ἔστωσαν
875 412 903 438 αἱ

92 457 214 492 ὀσφύες
229 457 306 492 ὑμῶν
332 456 560 492 περιεζωσμέναι,
584 456 632 483 καὶ
647 457 671 482 οἱ
685 455 778 491 λύχνοι
792 456 903 491 καιόμε-

92 512 145 529 νοι
157 511 166 518 ·
182 503 233 530 καὶ
254 503 333 538 ὑμεῖς
351 503 439 537 ὅμοιοι
451 501 603 538 ἀνθρώποις
618 501 842 538 προσδεχομένοις
858 502 904 528 τὸν

95 548 217 585 Κύριον
230 547 330 575 αὐτῶν.
346 558 356 574 ι

148 594 316 629 Ἐγγισάτω
336 594 356 628 ἠ
372 593 478 627 δέησίς
492 602 552 628 μου
572 592 703 620 ἐνώπιόν
715 601 773 620 σου
784 613 791 625 ,
804 593 902 627 Κύριε,

96 641 188 667 κατὰ
205 640 238 666 τὸ
250 641 357 674 λόγιόν
367 647 425 667 σου
439 639 604 666 συνέτισόν
618 647 673 674 με,
693 648 720 665 κ.
736 648 761 666 τ.
780 640 804 666 ὲ.
825 639 903 667 Κατὰ

96 686 138 712 τὰ
157 685 281 720 πρότερα
301 686 420 719 στοιχεῖα
439 684 521 710 ὥδευε
545 684 613 720 πρὸς
635 685 682 712 τὸν
703 684 779 718 Θεὸν,
796 685 903 711 οὐδέπω

96 728 137 765 ἦν
157 730 246 763 ἐγγὺς
262 729 344 756 αὑτοῦ
355 737 362 744 '
378 729 423 755 ὅτε
440 728 468 755 δὲ
484 728 531 755 ἐπὶ
543 728 614 755 τέλει
630 728 775 763 γεγένηται
793 727 841 755 τοῦ
860 728 902 754 λό-

98 784 157 809 γου
176 774 226 801 τοῦ
242 774 439 809 προκειμένου,
460 774 508 801 καὶ
524 773 595 800 κατὰ
613 774 644 800 τὸ
664 774 815 800 τελευταῖον
836 774 901 809 παρ’

106 820 255 855 Ἑϐραίοις
271 821 419 854 στοιχεῖον,
435 820 496 846 τότε
512 818 622 855 εὔχεται
637 820 680 846 ἴνα
700 821 718 855 ἠ
734 819 801 855 εὐχὴ
818 819 901 847 αὐτοῦ

956 237 979 256 et
1004 230 1130 256 mundata
1158 234 1205 255 tua
1235 228 1329 260 dilexi,
1350 231 1402 254 etc.
1420 227 1517 254 Beatus
1530 227 1575 261 qui
1603 233 1732 261 exspecta

954 277 1073 304 salutare
1090 276 1147 309 Dei,
1163 280 1190 303 et
1218 275 1344 302 mandata
1360 273 1418 307 ejus
1438 273 1535 308 diligit.
1561 273 1610 300 llic
1623 273 1695 300 enim
1709 274 1742 299 ad

955 323 1036 350 vitam
1051 322 1209 356 perfectam.
1228 325 1254 347 et
1269 320 1303 347 ad
1317 319 1424 347 culmen
1437 318 1545 353 proﬁcit
1556 318 1741 350 beatilutlinis,

954 368 1092 404 quaeipsis
1119 367 1249 403 apostolis
1275 366 1394 401 reposita
1410 370 1463 396 est,
1480 365 1512 391 ad
1529 372 1597 399 quos
1616 364 1684 392 dixit
1694 364 1719 380 "
1734 373 1741 391 :

957 424 966 441 ι
988 414 1048 442 Sim
1062 414 1146 441 lumbi
1161 412 1244 441 vestri
1265 412 1414 447 prmcincti,
1429 416 1455 438 et
1468 411 1585 438 lucernae
1596 410 1741 442 ardentes;

954 465 981 488 et
996 468 1046 488 vos
1065 460 1167 487 similes
1190 458 1346 487 hominibus
1365 455 1585 492 exspectantibus
1598 454 1742 483 Dominum

954 513 1042 533 suum.
1057 514 1068 531 Ι

988 595 1071 630 817
1097 593 1178 621 Vens.
1203 593 1265 621 Hi9.
1292 592 1487 627 Appropinquet
1513 590 1664 625 deprecatio
1685 598 1741 616 mea

954 641 980 667 in
1000 646 1139 674 conspectu
1160 645 1216 673 tuo,
1233 638 1451 672 Dontine:ju:cta
1466 637 1598 672 eloquium
1613 641 1688 662 tuum
1707 636 1741 661 da

953 686 1019 713 milii
1038 685 1209 716 intellectum,
1236 688 1290 711 ctc.
1314 683 1469 711 Secundum
1494 682 1585 717 priora
1608 682 1741 709 elementa

954 730 1112 757 ambulabat
1137 730 1171 756 ad
1199 729 1294 761 Deum,
1324 733 1351 755 et
1379 728 1498 755 nondum
1524 727 1547 755 ei
1573 728 1741 762 propinquus

953 781 1030 810 erat;
1042 776 1150 810 quando
1161 780 1252 802 autem
1267 774 1319 801 fuit
1336 774 1362 801 in
1380 773 1433 801 [ine
1448 773 1579 808 propositi
1596 773 1740 804 sermonis,

955 826 981 848 et
997 823 1024 849 in
1039 822 1129 848 littera
1147 828 1208 855 qua:
1226 821 1298 855 apud
1315 820 1442 847 llebrzcos
1458 824 1501 846 est
1514 824 1663 854 postrema,
1679 824 1742 846 tunc

101 865 213 902 ὲγγίσῃ
228 864 267 898 τῷ
279 865 339 901 Θεῷ
349 885 358 897 ,
375 865 422 892 καὶ
438 865 528 901 φθάσῃ
544 865 612 901 πρὸς
624 866 717 892 αὐτόν.
732 866 800 901 Περὶ
813 865 841 892 δὲ
854 865 895 892 toi

953 867 1091 900 obsecrat,
1108 871 1137 894 ut
1153 866 1242 895 oratio
1257 866 1317 901 ejus
1341 865 1397 892 Deo
1423 865 1634 900 appropinquat,
1658 869 1685 891 et
1708 864 1742 890 ad

100 911 170 946 Θεῷ
197 912 323 946 ἐγγίσαι,
347 911 400 947 χρὴ
434 911 549 944 ειδέναι,
573 912 614 938 ὅτι
635 911 765 947 διαφορὰς
785 912 901 948 εὕρομεν

101 956 226 988 ταύτας.
258 957 287 983 ὐ
312 957 362 992 μὲν
385 957 552 993 τελειότερος
577 957 682 992 ἐγγίζει
701 957 740 993 τῷ
753 957 829 993 Θεῷ·
844 959 858 984 6
872 957 901 985 δὲ

103 1002 308 1038 ὑποδεέστερος
324 1004 371 1030 καὶ
393 1003 477 1037 ἐγγὺς
499 1003 595 1030 τούτου
608 1023 615 1036 ,
631 1003 712 1035 αὐτὸς
730 1004 780 1039 μὲν
794 1003 844 1030 οὐκ
858 1004 902 1038 ἐγ-

103 1049 182 1082 γίζει
199 1049 238 1084 τῷ
248 1049 307 1084 Θεῷ
318 1057 325 1065 ·
343 1049 426 1084 εὐχὴν
440 1049 468 1076 δὲ
484 1048 540 1084 ἔχει
555 1048 715 1084 ἐγγίζουσαν
734 1048 808 1084 αὐτῷ
818 1058 824 1064 -
840 1048 901 1075 ὅθεν

105 1094 176 1129 περὶ
193 1094 331 1125 Μωῡσέως
352 1093 443 1129 εὕροις
464 1094 497 1121 ἂν
509 1094 558 1120 τό·
576 1102 585 1119 ι
612 1094 717 1128 Ἐγγιεῖ
735 1094 837 1129 Μωσῆς
857 1093 902 1129 μό‹

106 1148 155 1171 νος
170 1139 240 1175 πρὸς
257 1140 302 1166 τὸν
312 1140 389 1172 Θεὸν,
404 1140 429 1166 οί
451 1139 479 1166 δὲ
492 1139 580 1166 λοιποὶ
593 1140 642 1166 οὐκ
659 1140 808 1174 ἐγγιοῦσιψ
826 1149 835 1166 ι
854 1140 901 1167 ἐπὶ

105 1186 136 1213 δὲ
165 1186 263 1212 τούτου
295 1186 378 1221 εὐχὴν
405 1185 537 1220 λέγουσαν
560 1195 568 1211 ι
591 1186 744 1220 Ἐγγισὰτω
771 1187 786 1221 ἡ
809 1185 900 1221 δέησίς

108 1239 181 1266 μου,
199 1242 209 1257 ι
232 1232 280 1258 καὶ
301 1232 374 1266 ἑξῆς.
401 1232 450 1264 Τίς
473 1232 502 1259 δὲ
523 1231 626 1259 τούτων
653 1233 670 1268 ἡ
684 1232 800 1268 διαφορὰ
825 1231 900 1263 ἄξιον

106 1278 160 1313 ἠδη
176 1277 327 1313 θεωρῆσαι.
346 1278 375 1304 '0
388 1278 454 1310 Θεὸς
470 1279 519 1305 οὐκ
530 1279 559 1304 ὲν
574 1278 649 1313 τόπῳ
664 1278 754 1309 ἐστὶν,
771 1277 839 1304 ἀολλὰ
855 1277 900 1304 δύ-

107 1324 194 1359 ναμίς
217 1324 289 1350 ἐστιν
308 1323 426 1359 ἆῤῥητος
446 1324 494 1351 καὶ
521 1323 673 1359 ἄφθεγκτος
699 1323 746 1350 καὶ⁴
774 1323 898 1359 ἀόρατος.

108 1369 142 1396 Et
162 1369 185 1396 δ’
204 1370 254 1396 οὐκ
278 1369 351 1396 ἐστιν
367 1370 397 1396 ὲν
411 1370 485 1405 τόπῳ
506 1371 521 1396 6
537 1369 619 1402 Θεὸς,
649 1369 769 1403 ἐγγίζειν
795 1366 824 1393 δὲ
842 1368 900 1394 ἔστι

110 1416 180 1442 ποτὲ
194 1415 232 1451 τῷ
255 1415 315 1450 Θεῷ
325 1436 332 1447 ,
348 1415 471 1450 δηλονότι
487 1416 526 1451 τῷ
540 1416 569 1442 ὲν
586 1416 652 1450 ἡμῖν
668 1414 777 1450 ἀοράτῳ
794 1414 901 1448 ἐγγίζο-

110 1470 161 1497 μεν
184 1461 266 1497 αὐτῷ.
287 1462 320 1488 Τί
336 1461 364 1488 δὲ
379 1462 408 1488 ἑν
426 1462 493 1497 ἡμῖν
514 1461 647 1497 ἀόρατονε
667 1461 697 1487 '0
712 1460 831 1496 κρυπτὸς
851 1460 900 1495 τῆς

109 1508 223 1544 καρδίας
239 1507 396 1544 ἄνθρωπος,
410 1507 439 1534 ὃν
453 1507 595 1543 ὠνόμασεν
611 1508 627 1543 ή
645 1506 741 1542 Γραφὴ
759 1515 768 1532 ι
789 1506 843 1532 ἔσω
854 1506 899 1533 dv-

953 912 1041 947 ipsum
1066 912 1217 947 perveniat.
1244 911 1381 939 Caeterum
1408 911 1442 938 de
1463 910 1668 945 propinquitate
1693 909 1740 937 Dei

951 959 1093 987 sciendum
1106 963 1148 986 est
1161 958 1212 986 has
1234 965 1284 985 nos
1304 956 1472 987 diﬂercntias
1487 957 1633 991 reperisse.
1650 955 1742 982 Perfe-

951 1005 1020 1033 ctior
1036 1003 1236 1039 appropinquat
1253 1003 1325 1035 Deo;
1338 1002 1453 1030 inferior
1466 1010 1533 1030 vero
1550 1006 1577 1029 et
1592 1001 1656 1028 huic
1671 1000 1740 1028 vici-

951 1058 1002 1078 nus
1020 1058 1072 1078 non
1089 1049 1288 1085 appropinquat
1301 1048 1409 1083 quidem
1429 1048 1495 1081 Deo,
1516 1047 1563 1076 sed
1585 1047 1740 1074 orationi-nt

951 1097 1035 1125 habet
1052 1097 1076 1124 ei
1092 1096 1369 1131 appropinquantem;
1392 1094 1470 1122 Unde
1494 1094 1527 1122 de
1552 1093 1644 1129 Moyse
1666 1101 1742 1127 repe—

953 1143 1009 1170 rire
1025 1147 1067 1170 est
1085 1142 1170 1170 illud:
1189 1152 1198 1168 ι
1216 1142 1335 1170 Accedet
1357 1141 1466 1177 Moyses
1490 1140 1565 1168 solus
1590 1140 1623 1167 ad
1647 1140 1740 1170 Deum,

951 1189 1043 1217 caeteri
1059 1193 1151 1216 autem
1169 1196 1222 1216 non
1238 1188 1388 1220 accedent;
1408 1196 1418 1213 ι
1438 1187 1547 1222 insuper
1563 1193 1627 1214 vero
1639 1185 1741 1212 oratio-

951 1241 1012 1262 nem
1030 1234 1165 1261 dicentem
1181 1240 1189 1261 :
1213 1242 1222 1259 ι
1236 1234 1442 1268 Appropinquet
1457 1232 1615 1267 deprecatio
1633 1239 1704 1262 inea,
1727 1240 1736 1256 ι

951 1284 1005 1306 etc.
1025 1279 1090 1313 Quae
1103 1286 1186 1314 porro
1201 1279 1297 1307 horum
1320 1279 1356 1306 sit
1373 1277 1540 1309 diﬂerentia,
1563 1284 1653 1312 opera:
1677 1284 1740 1310 pro-

952 1324 1019 1351 tium
1036 1329 1078 1351 est
1096 1323 1281 1352 considerare.
1298 1323 1369 1351 Deus
1385 1330 1438 1350 non
1456 1327 1498 1350 est
1509 1322 1536 1349 in
1553 1322 1623 1355 loco,
1639 1322 1686 1348 sed
1700 1325 1742 1348 est

950 1369 1037 1397 virtus
1057 1376 1156 1397 arcana
1173 1374 1199 1397 et
1215 1368 1361 1396 ineﬂ‘abilis
1385 1374 1413 1396 et
1435 1367 1593 1395 invisibilis.
1607 1367 1635 1394 Si
1650 1372 1740 1393 autem

952 1415 1024 1443 Deus
1040 1423 1094 1443 non
1110 1420 1153 1443 est
1170 1415 1197 1443 in
1219 1417 1289 1448 loco,
1302 1419 1331 1442 et
1347 1414 1494 1449 aliquando
1514 1418 1602 1441 tamen
1621 1413 1676 1441 Deo
1693 1422 1741 1448 ap-

949 1460 1133 1495 propinquare
1147 1467 1303 1496 possumus,
1319 1460 1413 1495 utique
1425 1467 1473 1495 per
1486 1459 1513 1486 id
1527 1459 1600 1493 quod
1618 1459 1642 1486 in
1662 1459 1740 1486 nobis

950 1511 992 1533 est
1013 1506 1151 1534 invisibile
1175 1507 1226 1541 ipsi
1247 1506 1508 1541 appropinquamus.
1530 1505 1599 1538 Quid
1616 1513 1698 1541 porro
1713 1507 1739 1533 in

110 1540 237 1589 θρωπον;
255 1563 265 1579 ι
284 1540 385 1579 Ῠοῦτου
399 1552 465 1587 γοῦν
479 1540 552 1579 ἐστιν
567 1540 723 1587 ἐγγίσαιτῷ
821 1551 895 1577 Ἔστι

951 1552 1029 1579 nobis
1053 1557 1096 1580 est
1119 1553 1266 1585 invisibile,
1296 1553 1346 1580 nisi
1370 1552 1495 1580 occultus
1516 1554 1607 1580 cordis
1636 1554 1738 1586 homo,

109 1599 138 1624 δὲ
161 1599 270 1632 ἐγγίσαι
296 1598 341 1625 διὰ
363 1598 451 1633 Ἰησοῦ
475 1597 609 1633 Χριστοῦ·
635 1598 683 1624 καὶ
709 1597 825 1632 μάλιστα
851 1596 899 1623 ἐὰν

110 1644 251 1679 νοήσωμεν
264 1643 310 1669 τὸν
324 1643 441 1678 Χριστὸν
450 1663 457 1675 ,
472 1644 512 1669 ὅτι
522 1643 581 1669 tati.
590 1643 757 1678 δικαιοσύνη,
768 1643 808 1669 ὃτι
824 1642 899 1670 ἐστὶν

110 1688 223 1724 ἀλήθεια
237 1688 284 1715 καὶ
299 1689 379 1723 σοφία
389 1708 397 1721 ,
414 1689 461 1715 καὶ
473 1688 620 1720 ἀνάστασις
634 1688 681 1715 καὶ
695 1688 751 1723 φῶς
761 1688 897 1723 ἀληθινόν.

112 1733 192 1760 Ἀνευ
206 1732 259 1769 γὰρ
274 1733 377 1760 τούτων
397 1734 447 1760 οὐκ
461 1733 532 1759 ἔστιν
548 1733 654 1768 ἐγγίσαι
671 1733 747 1768 Θεῷ,
764 1733 820 1760 ἀλλ’
837 1733 898 1760 οὐδὲ

111 1779 194 1813 χωρὶς
203 1779 328 1814 εἰρήνης,
342 1778 392 1814 τῆς
408 1779 579 1817 φρουρούσης
597 1779 647 1814 τὴν
664 1779 778 1815 καρδίαν
799 1779 845 1806 καὶ
863 1779 898 1806 τὰ

111 1825 231 1859 νοήματα
241 1844 248 1856 ,
259 1825 320 1859 ἥτις
338 1825 410 1851 ἐστὶν
422 1826 437 1851 6
449 1825 574 1860 Χριστός.
593 1825 667 1860 Ὀσῳ
680 1824 708 1851 δέ
728 1833 770 1857 τις
789 1824 897 1851 ἀπολεί-

112 1877 189 1896 πεται
201 1868 302 1895 τούτων
312 1888 319 1900 ,
331 1868 502 1904 δικαιοσύνης
512 1869 583 1904 φημὶ
594 1869 641 1895 καὶ
654 1869 749 1904 σοφίας
758 1889 765 1902 ,
778 1869 896 1905 τοσούτῳ

113 1915 218 1951 μακράν
230 1915 303 1942 ἐστιν
318 1915 333 1942 6
345 1914 464 1947 τοιοῦτος
478 1914 525 1941 τοῦ
542 1914 621 1942 Θεοῦ.

145 2053 282 2081 Είσέλθοι
298 2053 330 2080 τὸ
349 2053 464 2088 ἀξίωμά
480 2062 540 2088 μου
562 2052 690 2080 ἐνώπιόν
702 2060 775 2083 σου,
789 2053 892 2087 Κύριε,

113 2098 184 2125 κατὰ
195 2097 227 2124 τὸ
237 2099 342 2132 λόγιόν
361 2106 420 2125 σου
430 2098 525 2132 ῥῦσαί
538 2107 591 2133 με,
612 2107 639 2125 κ.
656 2107 682 2126 τ.
698 2099 721 2126 ἑ.
739 2099 896 2135 Παρακαλεῖ

113 2145 232 2179 τοιαύτην
256 2143 327 2172 εἶναι
352 2145 401 2181 τὴν
416 2147 526 2179 ἀξίωσιν
554 2148 684 2184 δόκιμον,
706 2150 752 2176 καὶ
776 2149 892 2184 βέσαιον,

949 1605 1028 1633 quem
1044 1597 1187 1632 Scriptura
1203 1598 1226 1614 "
1248 1607 1258 1623 ι
1274 1598 1436 1625 interiorem
1461 1597 1599 1625 hominem
1618 1607 1628 1623 ι
1648 1599 1736 1625 nomi-

948 1641 1046 1671 navit'!
1060 1643 1147 1679 llujus
1164 1650 1231 1677 ergo
1255 1648 1297 1671 est
1311 1643 1532 1678 appropinquare
1555 1643 1620 1669 Deo.
1637 1643 1738 1671 Possu-

948 1696 1007 1716 mus
1029 1689 1111 1716 etiam
1138 1689 1358 1723 appropinquare
1384 1696 1432 1723 per
1454 1688 1550 1716 Jesutn
1577 1689 1735 1723 Christum,

947 1735 1097 1770 praesertim
1106 1735 1129 1762 si
1142 1735 1359 1762 intellexerimus
1369 1734 1508 1763 Christum
1519 1735 1736 1770 essejuslitiarn,

947 1781 1107 1812 veritatem.
1134 1781 1313 1815 sapientiam,
1338 1781 1569 1809 resurrectionem
1592 1787 1619 1809 et
1647 1782 1736 1810 lucem

947 1834 1049 1853 veram.
1070 1824 1137 1853 Nam
1153 1827 1212 1854 sine
1228 1826 1270 1854 his
1287 1826 1400 1854 minime
1415 1835 1559 1862 possumus
1572 1827 1628 1855 Deo
1639 1836 1737 1862 appro-

946 1874 1093 1908 pinquare,
1118 1873 1164 1901 sed
1190 1880 1241 1900 nec
1267 1873 1326 1901 sine
1350 1879 1417 1907 pace
1440 1880 1488 1901 cor
1508 1878 1535 1901 et
1557 1875 1736 1909 cogitationes

945 1919 1129 1952 custodiente,
1144 1927 1207 1954 qua:
1220 1927 1272 1954 pax
1288 1923 1331 1946 est
1343 1918 1480 1946 Christus.
1493 1919 1630 1952 Quantum
1646 1925 1734 1948 autem

946 1965 1006 2000 quis
1022 1965 1085 1992 istis
1100 1965 1267 1997 destituitur,
1283 1965 1391 2000 justitia
1416 1965 1525 2000 inquam
1546 1970 1572 1993 et
1589 1965 1734 2001 sapientia,

948 2012 1118 2040 tantumdem
1133 2016 1252 2040 remotus
1266 2015 1308 2039 est
1318 2019 1334 2039 a
1348 2011 1414 2039 Deo.

984 2058 1065 2086 Vsus.
1088 2058 1150 2086 170.
1175 2057 1260 2085 Intret
1284 2057 1426 2091 postulatio
1455 2066 1513 2085 mea
1544 2057 1570 2085 in
1595 2062 1733 2092 conspectu

945 2108 1001 2138 tuo,
1026 2103 1148 2137 Domine,
1169 2103 1312 2131 secundum
1331 2104 1463 2139 eloquium
1486 2108 1560 2131 tuum
1580 2105 1650 2139 eripe
1674 2112 1732 2135 me,

945 2154 998 2177 etc.
1024 2149 1110 2185 Rogat
1138 2154 1168 2177 ut
1193 2150 1347 2177 istiusmodi
1375 2149 1521 2184 postulatio
1546 2150 1582 2177 sit
1605 2151 1731 2185 probata,

114 2191 157 2217 καὶ
170 2190 377 2224 ἀκατάγνωστον
388 2211 395 2223 ,
413 2191 483 2218 ὥστε
506 2193 636 2220 είσελθεῖν
651 2193 765 2222 ἐνώπιον
778 2195 892 2230 Κυρίου.

950 2195 1025 2223 llrma
1037 2201 1064 2223 et
1075 2196 1338 2231 irreprebensibilis,
1351 2195 1388 2223 ita
1405 2200 1434 2222 ut
1449 2195 1533 2224 intret
1546 2196 1572 2223 in
1583 2202 1731 2230 conspectu

114 2236 245 2271 Γνώσομαι
257 2236 284 2262 δὲ
293 2237 317 2262 εἰ
329 2236 443 2263 εἰσέλθοι
455 2238 484 2264 τὸ
495 2239 603 2275 ἀξίωμά
614 2249 665 2275 μου
675 2240 789 2267 ἐνώπιόν
798 2249 855 2272 σου,
868 2241 891 2267 ει

115 2282 232 2317 ῥυσθείην
249 2282 301 2308 ὑπὸ
316 2281 363 2307 σοῦ
377 2282 446 2308 κατὰ
457 2284 502 2310 τὸν
515 2284 592 2318 λόγον
605 2286 653 2312 καὶ
671 2286 701 2313 τὺ
714 2286 822 2322 ἀξίωμά
840 2295 890 2322 μου

114 2329 157 2355 καὶ
177 2329 224 2365 τὴν
240 2327 335 2362 σοφίαν
357 2336 413 2354 σου.
442 2328 471 2355 '0
491 2330 545 2365 γάρ
559 2331 694 2364 ἀνώτεοος
712 2333 820 2360 πάντων
838 2342 891 2360 πα-

114 2375 163 2402 Θῶν
171 2375 287 2409 γεγονὼς
295 2395 302 2407 ,
317 2375 421 2410 καὶτῆς
431 2376 591 2416 ἀχρειοὺσης
603 2378 711 2413 μακρὰν
721 2380 762 2406 ὅτι
773 2379 890 2415 μάλιστα

114 2421 203 2454 κακίας
230 2422 373 2457 χωρήσας,
392 2421 511 2457 ὲρρὑὒη
536 2423 588 2449 ὑπὸ
606 2423 654 2450 τοῦ
676 2425 743 2452 Θεοῦ
764 2426 834 2452 κατὰ
859 2426 890 2453 τὸ

115 2467 194 2502 λόγιον
209 2467 302 2495 αὐτοῦ.
324 2468 397 2494 ’Δντὶ
412 2468 439 2494 δὲ
452 2467 499 2494 τοῦ
517 2478 525 2494 ι
542 2469 574 2495 τὸ
589 2469 698 2505 ἀξίωμά
710 2480 761 2505 μου
776 2481 785 2497 ι
808 2473 823 2498 6
840 2472 889 2507 μὲν

121 2513 225 2544 Ἀκύλας
249 2522 259 2538 ι
272 2513 364 2548 δέησίς
383 2522 452 2548 μου,
472 2523 480 2539 ι
510 2515 523 2540 6
541 2514 569 2540 δὲ
594 2514 739 2551 Σύμμαχος
772 2526 780 2541 ι
801 2517 889 2544 ἱκεσία

117 2566 160 2593 μου
174 2568 182 2583 ›
199 2559 337 2594 εἰρήκασι.
356 2558 408 2585 Δύο
423 2558 458 2593 δὴ
479 2556 524 2585 οὖν
538 2561 608 2586 αἰτεῖ
619 2580 626 2591 ,
646 2560 695 2596 τὴν
712 2562 819 2589 σύνεσιν
834 2563 888 2590 τῶν

118 2603 187 2639 ιερῶν
195 2603 291 2637 λογίων
301 2624 308 2636 ,
323 2605 369 2631 καὶ
379 2604 428 2639 τὴν
439 2605 599 2640 ἀπαλλαγὴν
612 2608 659 2633 καὶ
669 2607 823 2644 ἐλευθερίαν
834 2609 888 2636 τῶν

117 2649 141 2675 ἐν
151 2648 185 2684 τῷ
199 2648 248 2684 βίῳ
265 2649 355 2676 κακῶν
365 2659 371 2666 ·
386 2650 401 2676 6
414 2650 445 2686 δὴ
461 2650 508 2678 καὶ
525 2652 589 2687 ἡμῖν
605 2652 762 2686 ἀναγκαῖον.

147 2830 167 2847 ⁷⁸
181 2831 243 2860 Luc.
257 2839 306 2867 ιιι,
319 2832 363 2860 35.

401 2834 422 2849 "
443 2833 520 2862 Rom.
539 2841 586 2868 vn,
602 2833 645 2862 ‘22.

945 2241 1062 2269 Domini.
1085 2241 1252 2277 Cognoscam
1276 2247 1367 2271 autem
1392 2248 1483 2270 utrum
1503 2242 1650 2277 postulatio
1672 2250 1731 2270 mea

944 2288 1088 2315 intraverit
1107 2288 1134 2315 in
1157 2294 1304 2324 conspectu
1326 2294 1384 2322 luo,
1405 2291 1427 2317 si
1452 2289 1600 2317 secundum
1619 2288 1729 2316 verbum

943 2336 971 2358 et
986 2331 1198 2365 postulationem
1215 2340 1303 2360 meam
1319 2340 1352 2360 ac
1366 2334 1527 2368 sapientiam
1543 2338 1615 2359 luam
1631 2338 1683 2359 ate
1699 2333 1730 2359 li-

944 2378 1052 2405 beratus
1066 2378 1153 2406 fuero.
1165 2378 1215 2413 Qui
1226 2380 1298 2407 enim
1311 2380 1439 2407 omnibus
1449 2379 1592 2407 atl'ectibus
1604 2379 1729 2414 superior

943 2423 1039 2456 evasit,
1051 2428 1078 2451 et
1090 2423 1169 2458 longe
1186 2424 1331 2452 admodum
1348 2425 1382 2452 ab
1399 2424 1488 2451 inutili
1515 2425 1618 2452 malitia
1637 2433 1727 2453 remo~

944 2475 985 2498 tus
1000 2474 1052 2503 est,
1067 2471 1090 2498 is
1105 2478 1119 2497 a
1138 2470 1192 2497 Deo
1207 2471 1356 2497 secundum
1370 2470 1508 2506 eloquium
1524 2471 1582 2506 ejus
1597 2472 1728 2500 liberatus

941 2521 994 2544 est.
1009 2516 1141 2544 Cteterum
1156 2524 1206 2551 pro
1233 2525 1243 2542 ‹
1260 2517 1408 2551 postulatio
1432 2525 1491 2546 mea
1512 2527 1521 2544 ι
1547 2518 1643 2552 Aquila
1663 2518 1727 2552 qui-

941 2564 1002 2591 dem
1018 2572 1028 2589 t
1045 2563 1202 2598 deprecatio
1217 2570 1288 2596 mea,
1308 2572 1318 2590 ι
1338 2563 1522 2598 Symmachus
1536 2572 1601 2591 vero
1620 2573 1629 2590 ι
1647 2564 1727 2593 obse-

939 2609 1026 2637 cratio
1043 2617 1102 2636 mea
1120 2618 1130 2635 D
1148 2608 1283 2636 dixerunt.
1302 2609 1358 2636 Duo
1373 2609 1459 2645 igitur
1479 2610 1607 2644 postulat,
1627 2610 1727 2637 intelli-

939 2655 1058 2690 gentiam
1078 2662 1218 2682 sacrorum
1239 2654 1408 2690 eloquiorum
1432 2660 1459 2683 et
1482 2655 1670 2682 liberationem
1694 2663 1726 2682 ac

940 2700 1092 2728 libertatem
1108 2702 1142 2728 ab
1155 2701 1234 2736 hujus
1252 2702 1313 2730 vita:
1329 2702 1409 2731 malis
1423 2712 1430 2730 :
1448 2703 1520 2738 quod
1539 2702 1632 2737 utique
1647 2701 1726 2729 nobis

938 2746 1120 2775 necessarium
1135 2753 1188 2776 est.

1403 2963 1406 2966 ,
1513 2960 1519 2967 ι,

491 3132 695 3168 -ι
731 3151 768 3166 υ
1290 3140 1296 3160 ί
1500 3140 1564 3150 υ-

1276 3172 1288 3220 ΓΙ

1232 3222 1272 3260 [³-1.-

1216 3270 1224 3284 1ι

1220 3328 1228 3346 ἰ
1482 3340 1492 3368 ς
1500 3342 1514 3352 -._
1520 3358 1526 3364 .-

1230 3360 1232 3394 l
1462 3378 1476 3416 Il.
1536 3376 1544 3384 ..
1552 3390 1570 3416 Ἃ..

1458 3418 1460 3428 |
