4066 6236
452 258 590 315 1627

523 386 687 440 Vens.
732 386 853 443 171.
903 387 1236 441 Eructabum
1273 387 1416 441 labia
1456 404 1569 442 mea
1596 389 1867 458 hymnum,
1914 406 2030 443 cum
2061 393 2106 448 A

450 475 694 529 docueris
734 492 814 530 me
838 477 1258 545 justiﬁcationcs
1309 487 1453 543 luas,
1507 487 1614 532 etc.
1660 477 1940 531 Eructatio
1974 487 2034 532 ut

449 565 738 635 plurimum
769 566 968 620 accidit
1026 569 1308 623 saturatis.
1349 566 1441 622 Sic
1481 570 1628 622 enim
1664 569 1857 639 repleti
1900 585 2032 625 eru-

449 669 666 713 ctamus
722 660 1040 728 qualitatem
1099 661 1202 715 cibi
1258 676 1416 730 quem
1465 661 1817 730 sumpsimus.
1872 660 2031 716 Novit

451 750 621 820 igitur
654 751 873 805 divinus
904 765 1083 806 sermo
1108 753 1286 806 (-ibum
1320 752 1617 824 spiritalem
1645 767 1662 806 :
1694 768 1819 806 nam
1854 754 2029 821 ipsum

451 842 690 897 Verbum
745 844 822 898 ait
848 845 896 877 ⁷⁸
923 860 982 900 se
1015 861 1136 900 esse
1179 861 1369 915 panem
1417 865 1432 901 :
1487 864 1504 897 ι
1538 846 1650 912 Ego
1693 861 1816 900 sum
1871 846 2031 915 panis

450 937 609 992 vivus
638 939 729 1008 qui
759 938 827 994 de
865 938 1005 994 ctelo
1033 940 1289 995 descendi
1322 957 1337 994 :
1371 940 1417 994 si
1450 939 1575 1008 quis
1617 939 2031 994 manducaverit

449 1044 517 1083 ex
567 1030 670 1085 hoc
715 1044 876 1100 pane,
933 1031 1082 1085 vivet
1134 1030 1188 1084 in
1239 1029 1738 1100 :eternum4818
1778 1029 1917 1097 Quitt
1975 1039 2030 1084 et

451 1136 647 1177 carnes
689 1123 891 1177 habere
948 1137 1008 1177 se
1055 1123 1132 1176 ait
1157 1123 1246 1176 ττι
1305 1139 1324 1172 ι
1362 1122 1464 1189 Qui
1517 1123 1810 1177 manducat
1853 1137 2028 1177 meam

450 1225 696 1276 carnem,
724 1213 889 1268 habet
913 1213 1082 1266 vitam
1113 1213 1164 1266 in
1193 1215 1491 1282 semetipso
1523 1231 1536 1266 :
1573 1227 1704 1267 caro
1732 1212 1877 1266 enim
1910 1228 2028 1267 mea

449 1316 618 1357 verus
664 1313 745 1358 est
785 1304 960 1360 cibus.
992 1322 1009 1355 ι
1049 1303 1104 1358 Si
1137 1302 1304 1374 igitur
1325 1305 1424 1360 hoc
1453 1320 1610 1373 pane,
1638 1305 1691 1358 id
1717 1318 1799 1359 est
1827 1304 2026 1371 Verbo,

451 1396 680 1449 saturati
723 1396 1007 1464 fuerimus,
1055 1397 1424 1452 eructabimus
1459 1399 1743 1467 hymnum.
1778 1397 2032 1465 Quando-

451 1504 559 1556 que
603 1504 733 1544 vero
771 1490 941 1544 etiam
994 1491 1324 1546 eructabuut
1372 1490 1651 1546 orationes
1692 1509 1704 1544 :
1740 1493 1844 1546 hoc
1881 1492 2027 1547 enim

451 1583 617 1637 etiam
659 1597 755 1652 per
785 1598 979 1653 preces
1018 1599 1244 1640 necesse
1287 1594 1370 1641 est
1423 1587 1563 1651 fieri,
1611 1602 1732 1642 cum
1782 1588 2031 1644 docueris

453 1691 539 1731 me
585 1675 1009 1746 iustificationes
1067 1686 1206 1730 tuas.
1255 1676 1389 1730 Nam
1454 1679 1554 1732 nisi
1603 1678 2027 1748 iustiﬁcationes

453 1777 573 1821 tuas
600 1768 822 1823 edoctus
847 1766 1023 1834 fuero,
1053 1768 1321 1836 ejusmodi
1347 1771 1747 1825 eructatiouem
1780 1783 2032 1827 eructare
2065 1746 2107 1801 Β

453 1873 686 1926 nequeo.

523 1949 799 2018 Ejusdem.
835 1951 1305 2018 Quemadmodum
1333 1967 1520 2007 eorum
1548 1952 1638 2021 qui
1671 1966 1828 2021 aequo
1853 1953 2033 2006 animo

407 2074 411 2079 α
453 2050 599 2103 sunt,
633 2050 717 2096 est
743 2042 972 2111 psallere
1011 2042 1194 2112 (nam,
1227 2043 1404 2112 inquit
1427 2044 1494 2107 ⁷⁸,
1531 2061 1549 2094 ι
1571 2057 1723 2111 inquo
1741 2043 1923 2096 animo
1951 2054 2036 2099 est

454 2133 649 2202 aliquis
683 2134 732 2187 in
762 2134 936 2200 vobis,
969 2133 1161 2202 psallat
1183 2135 1254 2207 ι),
1279 2136 1358 2190 sic
1385 2137 1613 2208 hymnos
1630 2155 1824 2194 canere
1846 2154 2031 2194 eorum

453 2233 534 2277 est
562 2225 652 2291 qui
679 2221 1133 2291 justilicationum
1173 2225 1414 2282 rationes
1451 2239 1770 2299 perspectas
1804 2231 2030 2288 habent.

454 2321 522 2369 At
555 2332 682 2370 vero
715 2316 950 2387 psallere
979 2317 1292 2374 hominibus
1334 2323 1608 2387 convenit,
1663 2323 1893 2392 hymnos
1939 2339 2036 2377 au-

455 2421 562 2463 tem
596 2425 818 2476 canere,
853 2411 1060 2482 angelis
1092 2411 1175 2465 vel
1210 2411 1277 2466 iis
1300 2413 1392 2482 qui
1423 2414 1726 2482 angelicam
1762 2417 1926 2470 vitam
1960 2419 2036 2470 vi-

454 2510 608 2555 vunt.
672 2502 1019 2572 Quapropter
1078 2503 1247 2557 etiam
1316 2506 1370 2559 in
1439 2506 1584 2574 agris
1646 2518 2034 2574 pernoctantes

455 2601 706 2661 pastores
752 2608 858 2646 non
914 2595 1208 2649 audierunt
1273 2595 1496 2661 angelos
1560 2596 1887 2666 psallentes,
1942 2599 2033 2654 sed

455 2684 687 2752 hymnos
714 2691 976 2738 canentes
1004 2693 1059 2738 et
1099 2684 1385 2739 dicentes:
1429 2703 1448 2736 ι
1499 2684 1684 2740 Gloria
1733 2687 1785 2740 in
1833 2688 2036 2744 altissi-

454 2775 558 2827 mis
604 2773 714 2827 Deo
755 2775 823 2838 ⁷⁹,
869 2792 888 2825 ι
936 2783 1043 2827 etc.
1090 2773 1185 2827 Est
1232 2776 1399 2845 igitur
1428 2777 1810 2844 :cquanimitas
1838 2781 2035 2836 animm

453 2874 630 2918 status
672 2861 961 2916 affectuum
1008 2878 1224 2932 expers,
1259 2866 1326 2919 ad
1362 2880 1520 2934 quem
1551 2866 1803 2921 mandata
1849 2868 1942 2923 Dei
1981 2878 2036 2924 et.

455 2973 582 3010 vera
613 2957 860 3025 dogmata
903 2958 1205 3024 perducunt
1240 2974 1255 3023 ;
1291 2958 1527 3029 hymnus
1570 2969 1750 3013 autem
1794 2972 1881 3016 est
1918 2961 2033 3032 glo-

454 3044 708 3101 Iiﬁcatio.

530 3140 690 3194 Vens.
723 3137 850 3193 175.
904 3139 1042 3194 Vivet
1067 3140 1246 3195 anima
1281 3158 1393 3195 mea
1424 3151 1474 3195 et
1501 3141 1734 3196 laudabit
1765 3153 1837 3212 te,
1867 3145 2028 3216 etju-

452 3232 597 3286 dicio
628 3244 719 3286 tua
753 3234 1079 3302 adjuvabunt
1109 3251 1212 3299 me,
1255 3243 1362 3289 etc.
1409 3235 1491 3290 Ad
1523 3236 1766 3291 futurum
1818 3250 2032 3308 tempus

449 3327 619 3380 vitam
671 3326 865 3380 aninue
915 3327 1120 3381 retulit.
1165 3345 1183 3376 ι
1215 3326 1338 3382 Vita
1385 3329 1530 3380 enim
1563 3337 1749 3383 nostra
1799 3330 2032 3385 abscon-

451 3419 563 3473 dita
617 3429 700 3472 est
751 3435 872 3472 cum
921 3419 1145 3473 Christo
1180 3421 1233 3474 iu
1279 3420 1388 3475 Deo
1419 3418 1488 3473 ⁸⁸.
1526 3439 1543 3471 ι
1577 3419 1730 3475 Tunc
1767 3421 2028 3492 hymnum

455 3512 565 3571 Ι)υο
598 3512 819 3582 proprie
848 3512 1012 3566 dicet.

527 3605 692 3659 Vens.
742 3604 859 3657 I76.
901 3602 1087 3656 ΕΠουὶ
1122 3606 1258 3657 sicut
1303 3602 1414 3657 ovis
1452 3618 1569 3672 qua:
1607 3603 1809 3671 periit:
1853 3620 2031 3672 qurere

451 3715 658 3755 servum
694 3710 864 3760 tuum,
916 3698 1040 3768 quia
1073 3696 1325 3750 mandata
1368 3705 1460 3749 tua
1503 3711 1605 3749 non
1653 3711 1767 3748 sum
1811 3697 2028 3764 oblitus,

453 3802 562 3844 etc.
611 3787 857 3844 Primum
909 3787 1127 3856 quidem
1179 3795 1437 3855 tauquam
1485 3782 1698 3851 justitia
1752 3797 2027 3840 errantem

457 3879 695 3933 animam
751 3877 1022 3932 convertit
1075 3876 1390 3941 Dominus;
1433 3875 1628 3930 deinde
1685 3891 1812 3931 vero
1865 3877 2027 3931 etiam

455 3982 712 4042 tanquam
743 3969 1036 4039 sapientia,
1074 3968 1344 4039 siquidem
1367 3985 1529 4027 error
1565 3970 1760 4025 animae
1797 3980 1880 4025 est
1915 3985 2030 4024 ma-

453 4062 568 4120 litia
599 4074 653 4120 et
684 4061 1009 4132 ignorantia.

957 4239 1282 4295 PSALMUS
1346 4239 1533 4296 CXIX.

526 4331 693 4388 Vens.
748 4332 798 4384 1.
855 4330 1130 4386 Canticum
1180 4332 1462 4400 graduum,
1509 4340 1618 4386 etc.
1668 4332 1778 4390 Soli
1821 4335 1898 4390 illi
1938 4340 2028 4406 qui

455 4423 564 4475 vita
615 4421 930 4490 rationeque
981 4423 1307 4486 ascendunt,
1343 4423 1454 4490 apti
1483 4433 1609 4476 sunt
1657 4426 2028 4494 gradualibus,

459 4513 638 4580 iisque
668 4510 942 4579 mysteriis
967 4525 1088 4578 quae
1119 4511 1172 4564 in
1204 4514 1437 4567 canticis
1477 4514 1854 4571 continentur.
1887 4519 2033 4574 Cou-

450 4604 670 4678 jicimus
713 4601 946 4673 primum
994 4602 1259 4672 graduum
1301 4606 1578 4660 canticum
1627 4608 1797 4664 fuisse
1840 4613 2036 4666 recita-

455 4708 596 4761 tuut,
650 4695 695 4751 si
751 4692 972 4763 quando
1020 4691 1218 4746 bellum
1275 4693 1638 4762 immineret;
1697 4700 2030 4768 secundum,

452 4787 671 4855 quando
706 4799 767 4840 se
798 4781 1176 4854 praeparabant
1201 4791 1256 4839 et
1289 4784 1470 4840 socios
1503 4785 1879 4854 advocabant;
1921 4801 2025 4844 ter-

457 4881 612 4945 tium,
643 4886 932 4949 postquam
962 4891 1087 4932 cum
1116 4876 1366 4934 hostibus
1395 4881 1697 4948 congressi,
1728 4880 1862 4950 ipsis
1897 4897 2031 4952 quo-

1865 266 1956 320 ΕΧ
1997 264 2304 324 ORIGENE

3569 262 3719 318 1628

2215 387 2657 456 Ἐξερεύξονται
2700 388 2772 440 τὰ
2816 387 2991 455 χείλη
3019 405 3140 456 μου
3175 386 3398 454 ὕμνον,
3443 386 3591 440 ὅταν
3635 386 3732 440 διο

2139 477 2331 546 δάξῃς
2363 496 2440 548 με
2478 479 2551 532 τὰ
2575 477 2934 549 δικαιώματὰ
2973 494 3123 542 σου,
3160 495 3214 531 κ.
3252 495 3304 531 τ.
3333 479 3381 530 ἑ.
3441 477 3506 531 Ἡ
3549 476 3735 550 ὲρυγὴ

2139 571 2216 633 ὡς
2249 570 2450 625 ἐπίπαν
2499 571 2704 640 γίνεται
2737 574 2851 635 τοῖς
2903 568 3346 642 κεκορεσμένοις.
3381 569 3735 639 Πλησθὲντες

2139 660 2246 732 γὰρ
2277 661 2449 725 οὕτως
2487 662 2824 734 ὲρευγόμεθα
2851 661 2948 732 τὴν
2981 662 3242 731 ποιότητα
3270 660 3368 731 τῆς
3393 659 3622 730 τροφῆς,
3657 661 3734 728 ἣν

2138 755 2458 827 εἰλήφαμεν.
2488 750 2641 808 Οἶδεν
2667 750 2758 808 οὖν
2786 756 2814 806 6
2837 754 2978 817 θεῖος
3009 752 3163 821 λόγος
3190 751 3565 822 πνευματικὴν
3597 767 3733 820 τρο-

2139 849 2264 917 φήν·
2283 846 2444 909 αὐτὸς
2458 845 2566 918 γὰρ
2581 849 2608 899 6
2625 846 2795 914 Λόγος
2810 847 2974 916 φησὶν
2990 846 3152 917 ἄρτος
3170 840 3329 898 εἶναι·
3357 862 3375 893 ι
3400 841 3541 911 Ἐγώ
3560 845 3680 912 εὶμι
3697 846 3730 894 ὁ

2139 943 2301 1014 ἄρτος
2317 942 2344 995 6
2365 941 2472 1007 ζῶν
2492 943 2520 995 6
2543 941 2602 1007 ἐξ
2617 941 2846 1013 οὐρανοῦ
2863 939 3106 1002 καταϐάς
3126 955 3139 968 ·
3162 938 3190 990 6
3207 936 3396 1006 φαγὼν
3418 934 3606 988 τοῦτον
3627 935 3730 987 τὸν

2139 1034 2301 1104 ἄρτον
2323 1033 2545 1104 ζήσεται
2569 1036 2648 1096 είς
2675 1032 2764 1085 τὸν
2795 1031 2986 1086 αἰῶνα.
3024 1050 3042 1081 ι
3074 1028 3181 1082 Καί
3205 1045 3336 1098 φησι
3362 1026 3470 1097 γὰρ
3490 1028 3520 1078 6
3545 1025 3730 1091 Λόγος

2138 1123 2282 1194 ἔχειν
2307 1124 2515 1194 σάρκας
2536 1126 2592 1176 ἐν
2617 1123 2693 1194 τῷ
2713 1142 2725 1154 ·
2761 1143 2778 1174 ι
2801 1121 3088 1193 Ὀτρώγων
3115 1138 3215 1191 μου
3245 1120 3348 1191 τὴν
3371 1120 3566 1189 σάρκα,
3603 1116 3730 1184 ἔχει

2137 1215 2283 1287 ζωὴν
2303 1218 2359 1268 ἐν
2384 1215 2561 1286 ἐαυτῷ
2580 1232 2594 1246 ·
2617 1217 2649 1285 ἡ
2670 1215 2780 1286 γὰρ
2801 1212 2938 1286 σάρξ
2960 1230 3060 1284 μου
3081 1211 3286 1282 ἀληθής
3303 1213 3419 1263 ἐστι
3445 1208 3669 1285 βρῶσις.
3698 1227 3718 1259 ι

2149 1309 2276 1362 Ἐὰν
2303 1305 2395 1362 οὖν
2444 1307 2792 1380 κορεσθῷμεν
2837 1307 3026 1360 τούτου
3059 1304 3152 1358 τοῦ
3182 1304 3348 1375 ἄρτου
3369 1343 3383 1367 ,
3422 1304 3451 1355 ὃ
3477 1304 3592 1354 ἐστι
3623 1300 3724 1353 τοῦ

2138 1401 2309 1468 Λόγου
2328 1440 2340 1462 ,
2370 1400 2702 1472 ὲρευξόμεθα
2734 1399 2923 1470 ὓμνον.
2956 1398 3090 1451 Ποτὲ
3135 1397 3192 1450 δὲ
3218 1394 3587 1466 ὲξερεύξονται
3624 1394 3724 1446 καὶ

2139 1491 2294 1562 εὑχαί
2321 1509 2334 1520 ·
2360 1491 2422 1543 τὸ
2454 1490 2564 1562 γὰρ
2590 1491 2722 1543 αὑτὸ
2750 1488 3002 1558 γενέσθαι
3033 1488 3341 1554 ἐπάναγκες
3369 1485 3463 1538 καὶ
3488 1485 3572 1538 διὰ
3609 1485 3723 1537 τῶν

2137 1581 2330 1654 εὐχῶν,
2353 1583 2482 1636 ὅταν
2517 1581 2732 1654 διδάξῃς
2758 1599 2826 1653 με
2847 1581 2917 1634 τὰ
2949 1579 3296 1650 δικαιώματά
3328 1595 3424 1632 σου
3442 1595 3456 1608 °
3486 1577 3582 1631 ἐὰν
3603 1577 3720 1647 γὰρ

2143 1675 2216 1746 μὴ
2243 1673 2474 1745 διδαχθῶ
2515 1674 2582 1727 τὰ
2627 1673 2971 1744 δικαιώματά
3024 1688 3156 1735 σου,
3206 1669 3463 1740 τοιαύτην
3509 1666 3724 1740 ὲρυγὴν

2137 1766 2519 1838 ὲξερεὺξασθαι
2547 1767 2607 1820 οὑ
2639 1765 2898 1837 δύναμαι.

2215 1949 2322 2004 Τοῦ
2373 1949 2579 2004 αὐτοῦ.
2622 1950 2832 2021 ’Ὠσπερ
2881 1948 2989 2002 τῷν
3039 1948 3421 2018 εὐθυμοῦντων
3470 1947 3590 2000 ἐστὶ
3653 1947 3718 2000 τὸ

2135 2041 2354 2111 ψάλλειν
2399 2037 2686 2110 ιεὺθυμεῖ
2731 2041 2840 2112 γάρ
2883 2058 2993 2104 τις,
3045 2041 3240 2109 φησιν,
3289 2040 3345 2091 ἐν
3368 2039 3524 2108 ὑμῖνς
3576 2038 3723 2106 daal»

2135 2131 2506 2206 λέτω›),οὖτω
2529 2131 2589 2184 τὸ
2618 2132 2806 2202 ὑμνεῖν
2845 2131 2954 2183 τῶν
2985 2130 3331 2202 θεωρούντων
3373 2130 3499 2192 τοὺς
3525 2128 3725 2195 λόγους

2135 2223 2243 2278 τῶν
2271 2222 2654 2293 δικαιωμάτων
2696 2223 2864 2276 ἐστίν.
2933 2221 3093 2275 Ἀλλά
3135 2223 3196 2275 τὸ
3238 2222 3334 2293 μὲν
3371 2221 3593 2290 ψάλλειν
3623 2222 3724 2273 ἀν-

2137 2314 2374 2388 θρώποις
2401 2313 2649 2386 ἁρμόζει,
2689 2315 2748 2367 τὸ
2779 2314 2836 2367 δὲ
2868 2315 3055 2384 ὑμνεῖν
3089 2314 3374 2382 ἀγγέλοις,
3400 2314 3433 2382 ἦ
3474 2315 3586 2375 τοῖς
3618 2315 3724 2378 ἀγ·-

2137 2409 2350 2477 γελικὸν
2380 2407 2560 2478 ἔχουσι
2593 2405 2707 2476 βίον
2728 2423 2740 2437 ·
2776 2407 2856 2459 διὸ
2887 2406 2982 2460 καὶ
3006 2407 3055 2459 οἱ
3083 2403 3485 2476 ἀγραυλοῦντες
3526 2403 3722 2472 ποιμέ-

2137 2516 2226 2562 νες
2251 2498 2350 2551 οὐκ
2371 2499 2609 2568 ἥκουσαν
2633 2496 2883 2567 ἀγγέλων
2909 2497 3218 2568 ψαλλόντων
3237 2534 3251 2559 ,
3276 2494 3392 2549 ἀλλ’
3419 2493 3715 2565 ἀνυμνοόν-

2137 2608 2242 2645 των
2289 2591 2396 2662 καὶ,
2434 2590 2699 2659 λεγόντων
2719 2607 2734 2621 ·
2793 2609 2812 2641 ι
2849 2589 2985 2653 Δόξα
3018 2591 3074 2642 ἐν
3105 2587 3352 2658 ὑψίστοις
3383 2585 3536 2656 Θεῷ,
3569 2604 3586 2636 ι
3619 2584 3719 2638 καὶ

2135 2682 2204 2736 τά
2228 2683 2374 2754 ἑξῆς.
2413 2683 2568 2736 Ἐστι
2607 2682 2786 2736 τοίνυν
2833 2680 3068 2752 εὐθυμία
3117 2679 3356 2734 ἀπάθεια
3389 2678 3562 2749 ψυχῆς
3607 2677 3718 2729 ἀπὸ

2136 2776 2243 2831 τῶν
2271 2777 2497 2831 ἐντολῶν
2534 2775 2630 2830 τοῦ
2679 2775 2812 2829 Θεοῦ
2840 2775 2933 2828 καὶ
2978 2775 3086 2828 τῶν
3115 2774 3384 2844 ἀληθινῶν
3433 2769 3718 2841 δογμάτων

2137 2867 2540 2939 προσγινομένη
2565 2885 2578 2899 ·
2616 2866 2781 2938 ὕμνος
2801 2866 2859 2919 δέ
2887 2867 2999 2919 ἐστι
3027 2865 3327 2935 δοξολογία.

2207 3143 2465 3213 Ζήσεται
2501 3146 2540 3214 ἠ
2590 3144 2760 3215 ψυχή
2807 3162 2926 3214 μου
2958 3143 3057 3197 καὶ
3083 3141 3310 3198 οἱνέσει
3349 3157 3454 3203 σε,
3501 3141 3596 3194 καὶ
3643 3143 3720 3195 τὰ

2136 3235 2392 3309 χρίματὰ
2419 3251 2534 3291 σου
2558 3236 2854 3304 ,ϐοηθήσει
2879 3253 2980 3305 μοι
3005 3276 3020 3300 ,
3062 3252 3116 3288 κ.
3150 3252 3200 3287 τ.
3231 3235 3281 3288 ὲ.
3326 3235 3423 3297 Εἰς
3453 3232 3542 3286 τὸν
3589 3233 3719 3303 μέλι

2135 3331 2297 3386 λοντα
2318 3331 2507 3401 χρόνον
2524 3327 2760 3382 ἑνέκλειε
2785 3327 2882 3398 τὴν
2905 3327 3048 3398 ζωὴν
3073 3327 3173 3398 τῆς
3199 3326 3380 3396 ψυχῆς
3399 3343 3413 3357 ·
3447 3345 3465 3376 ι
3497 3324 3561 3377 Ἦ
3608 3323 3721 3394 γὰρ

2139 3421 2254 3491 ζωὴ
2287 3420 2445 3492 ἡμῶν
2475 3421 2781 3492 κέκρυπται
2821 3421 2917 3472 σὺν
2952 3417 3031 3489 τῷ
3059 3419 3280 3489 Χριστῷ
3315 3421 3374 3472 ἐν
3406 3418 3486 3490 τῷ
3518 3416 3657 3488 Θεῷ.
3690 3437 3714 3467 ι

2139 3513 2271 3568 Τότε
2299 3512 2529 3584 ὑμνήσει
2561 3511 2766 3584 κυρίως
2789 3510 2880 3564 τὸν
2903 3510 3056 3566 Θεόν.

2216 3601 2600 3670 Ἐπλανήθην
2628 3611 2711 3668 ὼς
2744 3603 3041 3670 πρόϐατον
3081 3602 3425 3667 ἀπολωλόςο
3462 3601 3720 3667 ζήτησον

2132 3696 2239 3750 τὸν
2290 3695 2518 3750 δοῦλόν
2558 3709 2708 3758 σου,
2748 3693 2837 3746 ὅτι
2871 3695 2980 3759 τὰς
3002 3692 3257 3758 ἐντολάς
3302 3708 3420 3747 σου
3458 3695 3568 3746 οὐκ
3609 3694 3715 3745 ἐπ-

2135 3788 2457 3856 ελαθόμην,
2489 3805 2543 3840 κ.
2579 3803 2633 3838 τ.
2670 3785 2716 3838 ἑ.
2773 3784 2998 3856 Πρῶτον
3051 3783 3148 3854 μὲν
3204 3783 3302 3854 τὴν
3349 3783 3714 3854 πλανηθεῖσαν

2133 3881 2310 3951 ψυχὴν
2346 3879 2422 3942 ὼς
2463 3876 2776 3944 δικαιοσύνη
2813 3872 3127 3944 ἐπιστρέφει
3165 3875 3193 3926 ὀ
3236 3870 3466 3944 Κύριος,
3524 3871 3715 3924 ἔπειτα

2137 3971 2193 4024 δὲ
2239 3970 2331 4022 καὶ
2380 3967 2456 4030 ὡς
2491 3965 2680 4034 σοφία,
2727 3961 2885 4034 εἴπερ
2936 3962 3110 4033 πλάνη
3165 3962 3283 4015 ἐστὶ
3326 3960 3502 4031 ψυχῆς
3544 3961 3713 4013 κακία.

2139 4061 2232 4113 καὶ
2264 4058 2529 4128 ἀγνωσία.

2694 4239 2983 4292 ΨΑΛΜΟΣ
3017 4237 3160 4291 Ριθο.

2217 4335 2352 4408 ᾨδὴ
2381 4333 2499 4388 τῶν
2520 4330 2879 4401 ἀναϐαθμῶν
2900 4371 2914 4394 ,
2944 4348 2997 4384 κ.
3034 4347 3086 4386 τ.
3115 4330 3160 4382 ἑ.
3202 4327 3368 4382 Μόνοι
3406 4326 3455 4379 οἱ
3493 4324 3569 4394 τῷ
3608 4324 3714 4396 βίῳ

2135 4429 2246 4500 (42)
2276 4426 2369 4480 καὶ
2400 4424 2478 4496 τῷ
2499 4423 2644 4492 λόγῳ
2676 4421 3058 4484 ἀναϐαίνοντες
3085 4418 3274 4472 οἰκεῖοί
3311 4419 3415 4470 εἰσι
3442 4415 3549 4469 τῶν
3581 4417 3716 4468 ἀνα-

2135 4515 2357 4586 ϐαθμῶν
2381 4555 2395 4578 ,
2430 4513 2525 4566 καὶ
2559 4512 2668 4565 τῶν
2699 4514 2756 4564 ὲν
2788 4513 2908 4574 ταῖς
2949 4509 3116 4580 ᾠδαῖς
3149 4507 3328 4561 αὐτῶν
3376 4506 3711 4577 μυστηρίων.

2135 4607 2512 4680 Στοχαζόμεθα
2535 4606 2632 4676 τὴν
2665 4605 2764 4675 μὲν
2791 4602 3015 4674 πρώτην
3060 4601 3205 4672 ᾠδὴν
3237 4599 3346 4653 τῶν
3384 4599 3715 4670 ἀναϐαθμῶν

2134 4699 2388 4768 λέγεσθαι
2431 4697 2488 4748 ὲν
2525 4695 2602 4766 τῷ
2636 4693 2752 4765 λαῷ
2777 4733 2791 4757 ,
2835 4694 3015 4746 εῖποτε
3051 4690 3288 4762 πόλεμος
3315 4691 3710 4761 προσεδοκᾶτο·

2132 4791 2230 4863 τὴν
2270 4790 2325 4843 δὲ
2359 4787 2619 4859 δευτέραν
2641 4825 2654 4849 ,
2708 4786 2869 4839 ὁπότε
2917 4781 3392 4854 παρεσκευάζοντο
3411 4821 3425 4844 ,
3453 4782 3544 4833 καὶ
3575 4797 3718 4850 συμ-

2137 4883 2322 4955 μάχων
2353 4881 2595 4934 ὲδέοντο’
2626 4879 2724 4949 τὴν
2765 4878 2823 4930 δὲ
2870 4876 3081 4947 τρίτην.
3128 4875 3264 4945 μετά
3308 4873 3368 4928 τὸ
3407 4872 3713 4944 συμϐαλόν-

453 4970 745 5024 dammodo
773 4970 1084 5038 superiores
1119 4979 1450 5038 evaserant;
1497 4981 1773 5042 quartmn,
1810 4975 2030 5043 quando

2136 4991 2221 5036 τες
2247 4976 2359 5036 τοῖς
2399 4971 2675 5044 πολεμίοις
2717 4967 3008 5040 ὑπέρτεροί
3037 4984 3154 5030 πως
3183 4966 3362 5020 αὑτῶν
3387 4965 3666 5034 γεγονέναι
3697 4980 3711 4994 ⁸

356 5070 359 5072 ·
454 5063 519 5117 de
547 5061 774 5116 victoria
812 5061 865 5115 iu
895 5061 1000 5116 ﬁne
1031 5062 1370 5130 sperabant;
1409 5065 1678 5133 quintum.
1729 5075 2020 5137 postquam

453 5170 572 5210 eam
611 5155 830 5210 fuerant
860 5154 1138 5209 consecuti
1173 5171 1187 5220 ;
1221 5165 1459 5222 sextum,
1492 5157 1711 5226 quando
1739 5158 2023 5223 redibant;

453 5246 772 5314 septimum,
798 5243 1140 5312 quandojam
1164 5244 1444 5299 redierant
1469 5262 1484 5304 ;
1514 5255 1785 5312 octavum,
1813 5245 2027 5314 quando

455 5331 713 5400 templum
762 5331 1156 5397 exstruebant;
1190 5347 1413 5398 nonum,
1463 5345 1748 5405 postquam
1794 5339 1845 5392 in
1894 5351 2027 5406 pace

454 5424 835 5488 versabantur,
872 5422 1245 5477 describeutcs
1287 5424 1408 5492 quis
1448 5428 1640 5483 beatus
1684 5438 1831 5483 esset
1871 5442 2024 5482 recu-

525 5561 571 5597 τα
605 5560 759 5615 .Ιο;ιιι.
810 5577 880 5625 VI,
925 5563 1012 5624 5|,
1054 5563 1142 5617 5'2.
1219 5563 1264 5593 ⁷⁷
1305 5562 1435 5616 ibid.
1476 5561 1565 5628 55,
1592 5560 1680 5616 56.

533 5703 644 5772 (4:!)
674 5706 859 5758 Μόνοι
885 5706 937 5759 ol
964 5703 1041 5769 τῷ
1067 5704 1204 5770 βίῳ,
1241 5714 1343 5759 etc.
1385 5704 1586 5758 Catena
1625 5703 1888 5760 Cordcrii.

2132 5065 2230 5136 τὴν
2250 5065 2304 5118 δὲ
2328 5065 2596 5136 τετάρτην
2615 5103 2630 5127 ,
2663 5063 2750 5115 ὅτε
2786 5078 2852 5114 πε
2866 5060 2917 5132 pl
2942 5060 3044 5130 τῆς
3069 5061 3226 5131 νίκης
3259 5059 3352 5112 ἐπὶ
3377 5059 3518 5111 τέλει
3552 5059 3717 5128 ἤλπι-

2135 5155 2254 5221 ζονο
2288 5155 2387 5226 τὴν
2417 5154 2473 5207 δὲ
2528 5154 2820 5224 πέμπτην,
2855 5151 2949 5204 ἐπὶ
2995 5149 3073 5219 τῷ
3120 5148 3572 5220 κατωρθωκέναι·
3610 5148 3714 5220 τὴν

2134 5246 2190 5298 δὲ
2213 5246 2378 5314 ’ἐκτην
2405 5284 2419 5308 ,
2452 5245 2874 5314 ὲπανερχόμενοι
2895 5259 2908 5272 ·
2941 5240 3040 5312 τὴν
3066 5239 3122 5292 δὲ
3151 5237 3384 5309 ἑϐδόμην
3404 5279 3418 5301 ,
3447 5237 3714 5306 ἐπανελη-

2135 5337 2352 5400 λυθότες
2375 5355 2387 5367 σ
2437 5337 2536 5408 τὴν
2568 5337 2624 5390 δὲ
2664 5333 2884 5405 ὀγδόην,
2933 5330 3386 5394 ἐπισκευάζοντες
3431 5329 3522 5384 τὸν
3553 5329 3708 5384 ναόν·

2131 5426 2228 5498 τὴν
2255 5426 2311 5479 δὲ
2337 5425 2563 5497 ὲννάτην
2587 5466 2601 5491 ,
2633 5424 2771 5498 μετὰ
2791 5423 2851 5477 τὸ
2876 5423 2934 5476 ὲν
2960 5421 3149 5492 εἰρήνῃ
3166 5419 3448 5489 γενέσθαι,
3483 5419 3709 5490 διαγρὰο

1756 5560 1799 5591 τε
1819 5558 2006 5615 Jacob.
2035 5558 2196 5624 v.13.
2275 5559 2319 5592 "
2347 5558 2477 5614 Luc.
2505 5574 2565 5624 tt,
2591 5559 2674 5613 li.
2751 5560 2796 5592 ⁸ο
2822 5560 3029 5619 Coloss.
3061 5577 3137 5628 ιιι,
3168 5562 3220 5615 5.
