1913 3429
45 104 153 132 1929
583 100 736 129 SELECTA
756 100 788 127 IN
806 99 894 128 PSAL

47 171 191 198 φοντες
210 161 253 194 τίς
266 162 281 189 ὁ
293 161 442 198 μακάριος,
460 160 507 187 ἐπὶ
521 159 559 195 τῷ
575 160 638 192 τοὺς
650 159 768 191 οἰκείους
781 159 894 195 ἀπειλη-

52 209 171 244 φέναι
186 229 196 241 ,
218 209 265 235 καὶ
288 206 358 235 εἶναι
381 208 429 235 σὺν
452 207 563 239 αὐτοῖς·
589 206 638 242 τὴν
661 206 690 233 δὲ
705 206 840 241 δεκάτην,
868 207 896 232 ὲν

55 255 196 291 βαθείᾳ.
217 255 400 290 τυγχάνοντες
424 254 537 290 εἰρήνῃ,
551 253 594 280 ὅτε
615 253 682 287 φασὶ
702 252 832 283 πολλάκις
847 251 897 287 μὲν

56 299 323 336 πεπολεμῆσθαι,
346 299 525 335 μηδεπώποτε
541 299 570 325 δὲ
581 296 743 332 δεδυνῆσθαι
766 297 826 323 κατ’
851 296 898 323 αὑ-

56 346 135 373 τῶν
168 346 243 377 τοὺς
268 345 429 381 πολεμίους’
446 345 497 380 τὴν
519 344 548 370 δὲ
571 343 733 378 ἑνδεκάτην,
762 342 813 378 ἤδη
839 343 896 374 τοῖς

62 391 175 423 θείοις
212 390 387 426 σχολάζοντες
402 390 449 417 καὶ
475 389 509 416 τά
535 388 606 424 βάθη
632 387 722 414 αὐτῶν
741 386 893 418 συνιέντεςο

63 437 132 472 τὴν
149 437 186 463 δὲ
199 436 357 471 δωδεκάτην
367 456 374 468 ,
390 436 428 467 ὡς
442 435 493 462 οὐκ
504 434 680 470 ἐπαιρόμενοι
698 434 743 460 ὲπὶ
755 434 810 464 τοῖς
826 441 895 467 γνω-

68 483 205 509 σθεῖσιν
218 491 224 497 ·
243 482 292 517 τὴν
308 482 337 508 δὲ
350 480 579 517 τρισκαιδεκάτην
589 499 596 511 ,
619 479 683 515 περὶ
701 478 894 505 ἀποκαταστά-

68 538 158 561 σεως
183 529 313 564 εὔχονται
328 526 447 564 Χριστοῦ
458 535 465 542 ·
482 526 531 562 τὴν
541 526 570 553 δὲ
582 524 893 561 τεσσαρεσκαιδεκάτην,

68 575 153 610 περὶ
172 573 430 605 ἀποκαταστάσεως
451 572 502 607 τῆς
519 571 697 607 Ἐκκλησίσς·
713 570 762 605 τὴν
779 570 807 596 δὲ
827 578 892 595 πεν-

68 620 310 655 τεκαιδεκάτην,
327 619 390 655 περὶ
405 618 453 645 τοῦ
470 618 524 644 δεῖν
539 617 653 649 αὐτοὺς,
679 616 836 651 φθάσαντας
854 616 894 647 εἰς

70 667 127 693 τὸν
146 664 232 692 οἷκον
250 665 296 692 τοῦ
311 664 378 692 Θεοῦ
389 684 396 695 ,
409 665 520 691 ἑστάναι
546 665 576 690 ὲν
592 662 683 697 αὐτῷ,
698 663 746 689 καὶ
771 662 893 695 εὐλογεῖν

71 713 174 740 αὐτὸν
188 733 197 745 ,
219 712 382 748 ἐπαίροντας
396 711 446 743 τὰς
459 712 554 747 χεῖρας
575 711 615 742 εἰς
638 710 672 736 τά
691 709 756 743 ᾶγια
766 729 773 742 ,
787 709 830 735 ἴνα
845 708 893 735 καὶ

74 762 169 789 αὐτοὶ
191 761 377 796 εύλογηθῶσιν
396 760 450 787 ἀπὸ
467 759 581 795 Κυρίου.

118 808 211 841 Πρὸς
241 807 351 840 Κύριον
379 806 414 833 ἐν
434 806 475 839 τῷ
501 805 657 833 θλΙὸεσθαί
678 814 717 839 με
732 804 890 839 ἐκέκραξα,

77 853 136 880 καὶ
153 851 326 885 είσήκουσέ
340 861 399 886 μου
412 871 419 883 ,
437 860 463 878 κ.
482 860 507 877 τ.
526 851 549 878 έ.
573 850 634 877 Τῶν
658 850 691 877 δι’
712 851 813 887 ἀρετὴν
835 851 890 887 (45)

78 897 135 924 καὶ
149 897 258 932 γνῶσιν
275 896 443 932 ϐλιϐομένων
467 896 596 923 ἐπακούει
613 896 679 927 Θεὺς
696 897 724 923 ὲν
748 897 781 931 τῇ
804 896 892 931 Θλίψει

78 944 137 979 τῆς
171 943 366 978 αἰχμαλωσίας
400 943 447 970 καὶ
476 943 526 978 τῆς
561 942 669 970 ἐκεῖθεν
696 942 890 974 κακοπαθείας.

81 991 231 1026 Κραυγὴν
245 990 272 1017 δὲ
286 990 359 1024 λέγει
374 989 421 1026 τὴν
432 990 561 1017 ἐπάνοδον
571 990 660 1025 ψυχῆς
671 990 717 1017 καὶ
728 998 891 1025 συντετριμ-

84 1036 180 1072 μένης
204 1036 252 1062 καὶ
270 1035 508 1071 τιταπεινωμένης
526 1036 593 1071 πρὸς
617 1035 663 1062 τὸν
676 1035 824 1071 δυνάμενον
841 1034 891 1070 ῥύ-

83 1082 212 1118 σασθαι,
228 1079 261 1117 ἧς
279 1081 381 1113 εὐθέως
398 1081 531 1108 ὑπακούει
548 1080 624 1112 Θεός.

126 1128 221 1161 Κύριε
233 1147 241 1159 ,
254 1127 347 1161 ῥῦσαι
361 1126 418 1161 τὴν
432 1126 537 1161 ψυχήν
547 1135 606 1161 μου
616 1126 674 1153 ἀπὸ
690 1126 815 1160 χειλέων
828 1126 892 1153 ἀδί-

85 1183 152 1201 κων
164 1174 217 1200 καὶ
228 1173 286 1200 ἀπὸ
299 1173 441 1208 γλώσσης
452 1173 557 1206 δολίας
567 1193 574 1204 ,
586 1182 612 1199 κ.
625 1181 651 1199 τ.
664 1173 687 1199 ὲ.
701 1172 824 1207 Συνεχῶς
835 1172 890 1199 ἀνω

87 1220 147 1255 (ιι)
163 1221 214 1246 καὶ
231 1221 306 1247 κάτω
321 1219 400 1246 τοῦτο
415 1218 569 1254 παρακαλεῖ
582 1218 627 1245 τὸν
640 1218 724 1250 Θεὸν,
739 1218 793 1244 τῶν
807 1218 891 1245 τοιού-

86 1274 145 1291 των
158 1265 312 1292 ἐπιϐουλῶν
331 1263 559 1292 ἀπαλλάττεσθαι.
582 1263 612 1289 Εἰ
632 1263 659 1290 δὲ
677 1264 740 1295 τοὺς
764 1264 890 1300 δολεροὺς

86 1310 130 1337 δεῖ
146 1310 260 1345 φεύγειν
280 1311 326 1336 καὶ
341 1310 473 1341 ὑπούλους
484 1329 490 1341 ,
509 1308 598 1343 πολλῷ
618 1308 718 1344 μᾶλλον
734 1310 797 1341 τοὺς
818 1310 890 1336 ἀπα-

88 1355 198 1387 τεῶνας
212 1375 218 1387 ,
233 1357 279 1383 καὶ
298 1355 404 1391 πονηρά
419 1355 542 1390 δόγματα
560 1355 690 1386 ἐνιέντας.
712 1355 837 1381 Μάλιστα
859 1355 888 1381 δὲ

89 1401 174 1428 ἄδικα
191 1401 263 1427 εἴποι
279 1410 320 1431 τις
334 1401 366 1427 ἂν
380 1400 456 1436 χείλη
478 1401 569 1427 ἐκεῖνα
585 1399 618 1426 τά
641 1400 707 1435 περὶ
718 1399 767 1434 τὴν
788 1399 888 1435 ἀρετὴν

90 1447 260 1482 βλάπτοντα,
273 1446 308 1473 τά
323 1446 391 1481 πρὸς
411 1446 511 1473 κακίαν
531 1445 676 1479 ἐπάγοντα.
699 1446 749 1472 Διά
762 1445 794 1480 δὴ
808 1445 889 1472 τοῦτο

89 1492 139 1520 καὶ
149 1493 164 1518 ὁ
176 1493 321 1528 προφήτης
335 1490 413 1523 οὗτος
429 1492 476 1519 καὶ
494 1491 544 1527 τὴν
557 1492 647 1527 ψυχὴν
660 1491 743 1519 αὑτοῦ
757 1491 828 1525 ἀξιοί
839 1493 887 1527 ῥυ·
901 1506 923 1535 C

91 1538 201 1573 σθῆναι.

131 1583 171 1609 Τὰ
184 1583 265 1616 ,βέλη
283 1583 336 1609 τοῦ
348 1582 479 1609 δυνατοῦ
497 1582 669 1616 ἠκονημένα
684 1582 745 1609 σὺν
759 1582 821 1616 τοῖς
836 1583 889 1610 ἇν-

93 1627 181 1661 θραξι
202 1627 264 1660 τοῖς
284 1628 451 1661 ὲρημικοῖς,
475 1636 502 1654 κ.
521 1636 546 1654 τ.
564 1628 588 1654 ἐ.
612 1628 694 1654 οὐδὲν
719 1628 805 1658 οὓτως
831 1628 887 1664 (45)

94 1672 209 1707 ἁρμόζει
220 1673 289 1708 πρὸς
301 1673 350 1705 τὰς
362 1673 552 1709 ἀντικειμένας
561 1673 690 1709 δυνάμεις
700 1693 707 1705 ,
721 1674 759 1706 ὡς
774 1673 808 1700 τὰ
823 1674 886 1710 βέλη

94 1718 142 1746 τοῦ
162 1719 280 1755 Χριστοῦ
295 1719 329 1746 τά
345 1719 520 1755 ἀντικείμενα
541 1721 598 1752 τοῖς
620 1721 828 1756 πεπυρωμένοις
845 1721 888 1756 βέ-

95 1766 153 1792 λεσι
167 1765 213 1792 τοῦ
228 1765 347 1801 πονηροῦ
360 1786 367 1797 ,
385 1766 432 1792 καὶ
443 1766 468 1792 οἱ
480 1765 615 1800 ἄνθρακες
630 1767 654 1792 οί
677 1767 887 1794 καταναλίσκον-

96 1819 141 1842 τες
158 1810 222 1842 ξύλα
233 1830 240 1842 ,
258 1810 371 1846 χόρτον,
393 1810 529 1846 καλάμην.
552 1810 583 1837 Ei
599 1810 627 1837 δέ
641 1811 699 1839 ἐστι
722 1812 799 1847 βέλος
819 1812 887 1847 ἀγά-

98 1864 151 1890 πης
166 1855 233 1882 κατὰ,
247 1856 295 1891 τὴν
306 1856 335 1882 ὲν
351 1856 409 1888 τοῖς
421 1856 542 1890 ’ᾼσμασι
551 1856 660 1891 νύμφην
669 1864 676 1871 ·
698 1866 707 1882 ι
721 1857 885 1894 Τετρωμένη

98 1900 167 1936 γὰρ,
187 1901 284 1935 φησὶν,
305 1901 400 1937 ἀγάπῃ
422 1900 492 1934 ἐγώ·
507 1911 516 1926 ι
543 1901 600 1928 ἔστι
618 1901 695 1936 βέλος
713 1902 886 1939 δικαιοσύνης

100 1946 145 1972 καὶ
158 1946 265 1981 ἀνδρίας
278 1946 325 1973 καὶ
336 1945 514 1981 σωφροσύνης
527 1946 574 1973 καὶ
585 1946 639 1973 τῶν
655 1947 756 1974 λοιπῶν
768 1948 885 1984 ἀρετῶν,

99 1988 137 2023 οἷς
153 1992 238 2027 βέλεσι
248 1992 460 2028 τιτρωσκόμενοι
479 1993 607 2019 ὑποκάτω
621 1993 668 2020 τοῦ
684 1994 752 2021 Θεοῦ
768 1994 884 2022 πίπτου-

101 2046 141 2065 σιν
152 2038 175 2064 οί
185 2038 253 2065 λαοί.

137 2083 187 2111 Τοῦ
197 2083 300 2110 αὐτοῦ.
320 2083 349 2110 '0
367 2083 466 2118 λέγων’
480 2093 489 2110 ι
509 2085 630 2120 Ἔθηκάς
650 2094 683 2121 με
706 2086 783 2121 βέλος
806 2087 884 2114 ἐκλε-

103 2128 170 2159 κτὸν,
186 2137 194 2153 ι
211 2125 287 2159 οὗτός
301 2129 375 2155 ἐστιν
387 2129 415 2155 ὲν
429 2129 535 2162 πολλοῖς
549 2129 637 2165 βέλεσι
655 2131 731 2165 βέλος
743 2131 880 2165 ἐκλεκτὸν,

103 2174 138 2206 ὡς
153 2175 179 2201 ὲν
195 2174 302 2206 πολλοῖς
323 2176 391 2206 υἱοῖς
411 2175 458 2202 καὶ
480 2176 537 2208 υίδς
555 2177 759 2213 ἐκλελεγμένος.
774 2179 832 2205 Οὐκ
848 2178 881 2206 ἂν
897 2177 920 2205 D

102 2219 129 2246 δὲ
141 2220 257 2256 φαρέτρα
271 2218 305 2256 ἦν
323 2220 360 2255 τῷ
374 2220 434 2256 Θεῷ
447 2222 481 2248 δι’
500 2222 529 2250 ἓν
551 2223 627 2258 βέλος
637 2244 644 2255 ,
661 2225 726 2260 περὶ
749 2223 782 2260 ἧς
796 2234 878 2261 φησι·

106 2275 115 2291 ι
131 2266 181 2292 Καὶ
204 2267 235 2301 τῇ
260 2266 384 2302 φαρέτρα
405 2267 488 2294 αὐτοῦ
507 2269 609 2304 ἐκρυψέ
627 2278 671 2304 με.
690 2281 699 2296 ι
719 2271 811 2298 Πάντα
834 2271 881 2299 οὖν

104 2312 135 2339 τὰ
151 2311 208 2347 βέλη
227 2312 274 2338 τοῦ
287 2312 400 2339 δυνατοῦ
414 2313 481 2339 Θεοῦ
497 2314 668 2350 ἠκονημένα,
686 2316 797 2344 ἐναντία
815 2317 881 2345 ὄντα

104 2359 154 2389 τοῖς
168 2357 249 2393 βέλεσι
266 2357 314 2384 τοῦ
327 2358 459 2394 πονηροῦ.

134 2415 224 2448 Οιμοι·
247 2414 292 2441 ὅτι
316 2415 334 2449 ή
355 2416 494 2449 παροικία
519 2425 579 2451 μου
598 2417 767 2453 ἐμακρύνθη
780 2439 787 2451 ,
808 2428 879 2447 κατ·
923 2411 928 2416 ’

105 2458 249 2492 ισκήνωσα
261 2460 337 2494 μετὰ
350 2459 409 2487 τῶν
423 2460 627 2495 σκηνωμάτων
646 2462 757 2496 Κηδὰρ,
773 2472 799 2489 κ.
814 2471 839 2490 τ.
852 2464 876 2490 ὲ.

108 2504 158 2530 Οὐκ
169 2504 218 2531 ἔστι
233 2505 287 2540 (46)
301 2505 347 2532 τοῦ
364 2505 447 2532 αὑτοῦ
466 2505 554 2540 λέγειν
564 2515 571 2521 ι
590 2515 599 2532 ι
614 2507 659 2542 Μὴ
681 2508 823 2544 ἀναγάγῃς
846 2518 879 2543 με

109 2549 133 2574 ὲν
157 2549 242 2584 ἡμίσει
264 2550 375 2586 ἡμερῶν
392 2558 461 2585 μου·
482 2560 491 2576 ι
515 2552 562 2577 καὶ
583 2551 627 2579 τό’
656 2562 664 2577 ι
687 2553 786 2587 υἴμοι,
807 2554 880 2588 ὅτιή

108 2596 217 2630 stupentia
233 2605 283 2631 μου
300 2597 469 2632 ὲμακρύνθη.
490 2607 499 2622 ι
519 2598 555 2624 Ίι
567 2598 636 2633 τάχα
647 2599 754 2634 ἡμέρας
765 2600 823 2626 ἐκεῖ
834 2599 879 2626 λέ-

108 2648 144 2675 τει
163 2640 191 2673 ἃς
209 2643 222 2668 ὁ
243 2642 324 2677 φόϐος
356 2642 403 2669 τοῦ
431 2643 533 2678 Κυρίου
557 2644 625 2670 κατὰ
653 2644 697 2671 τὸν
720 2644 879 2680 Σολομῶν-τα

138 2709 154 2724 ¹¹
168 2709 216 2736 lsai.
239 2718 310 2741 xux,
327 2711 353 2739 ‘2.
391 2711 414 2726 ⁸²
429 2711 493 2738 ibid.
532 2711 555 2726 ⁸³
568 2711 638 2739 l’sal.
651 2720 688 2743 Cl,
701 2712 749 2740 25.

148 2777 183 2805 45)
203 2777 262 2805 Τῶν
278 2778 314 2804 δι’
328 2779 449 2812 ἀρετήν,
467 2785 519 2808 ctc.
534 2780 646 2809 Schedm
662 2783 765 2811 Grabii.

151 2813 183 2845 ll)
197 2814 333 2848 Σιννεχώς
345 2814 415 2848 ἅνω,
433 2821 486 2844 etc.
501 2818 601 2845 Catena
617 2817 752 2847 Curdcrii.

898 99 977 128 MOS.
999 116 1034 120 —
1050 99 1149 127 PSAL.
1171 98 1264 126 CXIX.
1669 100 1736 128 1630

909 162 930 190 Α
946 164 1039 194 perala
1057 159 1268 186 domesticorum
1292 158 1486 185 consuetudine
1499 178 1506 190 ,
1524 156 1670 191 decimum,
1690 159 1736 187 ubi

949 206 1003 232 alta
1021 213 1087 240 pace
1105 204 1265 232 fruebantur
1280 212 1287 237 ;
1304 204 1413 238 quando
1428 204 1521 232 dicunt
1540 212 1570 232 se
1591 212 1662 240 s:epe
1675 206 1736 240 qui.

948 251 1008 277 dem
1033 250 1117 277 fuisse
1142 250 1322 284 impugnatos,
1348 253 1376 275 at
1399 257 1536 285 nunquam
1558 251 1592 278 ab
1616 250 1736 279 Inimicis

946 301 1100 331 prostratos
1116 304 1122 328 ;
1142 294 1227 330 819
1249 294 1433 328 undecimum,
1458 295 1566 329 quando
1584 295 1639 329 iam
1655 296 1736 324 rebus

946 343 1047 370 divinis
1074 347 1206 369 vaeantes
1229 349 1322 368 earum
1346 342 1481 375 profunda
1517 342 1703 376 intelligebant
1725 351 1734 375 ς

946 392 1138 419 duodecimum
1160 391 1304 422 cauebant,
1334 395 1363 417 ut
1388 390 1501 417 minime
1526 389 1591 416 elati
1620 389 1654 416 iis
1676 396 1736 418 qua:

945 442 1131 472 cognoverant
1147 446 1154 469 ;
1174 437 1310 464 decimum
1329 435 1438 462 tertiutn
1453 435 1485 462 de
1499 435 1603 462 Christi
1625 434 1735 461 restitu-

949 483 1023 510 tione
1037 491 1044 515 ;
1062 483 1197 510 deciumm
1213 488 1339 517 quartum
1354 481 1387 508 de
1405 481 1575 508 restitutione
1588 480 1734 508 Ecclesiae:

945 530 1063 564 demque
1077 529 1212 556 decimum
1224 528 1350 563 quintum
1367 527 1447 554 docet
1461 527 1598 562 quomodo
1611 530 1735 561 oporteat

945 575 1028 609 ipsus,
1051 579 1195 610 postquam
1218 575 1250 601 ad
1281 574 1391 601 domum
1416 573 1463 601 llei
1494 572 1683 608 pervenerint,
1707 572 1733 598 iu

943 621 1039 649 eadem
1066 626 1160 653 stare,
1193 624 1221 647 et
1248 619 1336 655 ipsum
1365 619 1550 651 benedicere,
1576 618 1733 645 attollentes

944 674 1040 694 manus
1053 665 1080 693 in
1095 670 1201 698 sancta,
1216 670 1245 693 ut
1260 669 1286 693 et
1301 665 1352 700 ipsi
1367 673 1380 692 a
1395 665 1508 692 Domino
1523 664 1731 692 benedieautur.

980 804 1061 831 Vens.
1076 804 1102 831 l.
1123 804 1163 831 Ad
1179 803 1321 831 Dominum
1339 812 1398 830 cum
1413 803 1556 830 tribularer
1568 803 1692 834 clamavi,
1708 807 1732 829 et

944 850 1078 877 exaudivit
1102 858 1153 877 me.
1174 855 1227 877 etc.
1248 848 1298 882 Qui
1317 854 1426 884 propter
1449 849 1576 876 virtutem
1600 854 1626 875 et
1644 849 1734 875 scien-

944 896 1009 923 tiam
1029 896 1204 931 tribulantur,
1223 905 1270 925 eos
1284 897 1395 925 exaudit
1416 896 1488 923 Deus
1504 896 1530 923 in
1555 895 1733 922 tribulatione

941 942 1108 977 captivitatis
1128 947 1156 970 et
1169 951 1261 970 earum
1284 951 1345 978 qua:
1369 943 1432 970 inde
1456 943 1595 974 oriuntur,
1618 941 1732 968 calami-

942 993 1040 1015 tatum.
1057 989 1210 1016 Clamorem
1227 994 1318 1017 autent
1343 994 1423 1017 vocat
1451 989 1550 1016 auium:
1565 989 1690 1016 contritze
1705 993 1733 1014 et

941 1034 1090 1062 humilium
1115 1035 1232 1062 reditum
1256 1036 1290 1062 ad
1311 1042 1372 1062 eum
1395 1036 1440 1070 qui
1459 1035 1533 1062 solus
1554 1034 1659 1062 salvare
1685 1041 1733 1068 po-

943 1083 1004 1107 test.
1025 1079 1103 1107 Hune
1118 1079 1267 1107 clamorem
1283 1078 1427 1106 confestim
1444 1078 1554 1106 exaudit
1569 1077 1650 1104 Deus.

976 1125 1060 1153 Vt-ztts.
1081 1126 1109 1154 2.
1132 1125 1253 1157 Domine.
1278 1125 1359 1151 libera
1375 1125 1492 1151 animum
1514 1132 1597 1151 nteant
1617 1132 1632 1150 α
1651 1122 1731 1149 labiis

940 1173 1038 1207 iniquis
1054 1177 1078 1199 et
1091 1180 1107 1198 a
1122 1171 1213 1206 lingua
1226 1170 1329 1203 dolosa,
1350 1176 1405 1197 etc.
1423 1169 1540 1197 Assidue
1555 1178 1635 1204 supra
1649 1173 1676 1196 et
1690 1169 1732 1194 in-

941 1220 981 1245 fra
997 1218 1080 1245 Deum
1097 1217 1236 1248 obsecrat.
1254 1220 1284 1243 ut
1306 1216 1339 1242 ab
1363 1216 1514 1243 istiusmodi
1538 1215 1644 1241 insidiis
1666 1214 1732 1240 “1W-

941 1267 1027 1290 retur.
1049 1261 1077 1289 Si
1096 1267 1188 1288 autem
1213 1260 1299 1288 dolosi
1325 1265 1352 1286 et
1378 1260 1484 1287 subdoli
1510 1259 1626 1294 fugiendi
1656 1263 1730 1291 suat,

940 1308 1025 1335 nmlto
1043 1307 1131 1342 magis
1151 1307 1314 1341 impostores
1332 1310 1360 1333 et
1384 1305 1428 1340 qui
1453 1312 1584 1340 perversa
1605 1305 1727 1339 dogmata

939 1352 1128 1379 dissemiuaut.
1150 1350 1267 1377 Maxime
1286 1357 1352 1378 vero
1371 1350 1463 1384 iniqua
1480 1349 1578 1377 dixerit
1594 1349 1655 1383 quis
1669 1356 1730 1375 esse

939 1398 1008 1425 labia
1028 1397 1075 1424 illa
1094 1405 1154 1432 quae
1177 1396 1271 1424 virtuti
1297 1396 1429 1430 olliciuut,
1458 1403 1571 1432 quaeque
1592 1395 1625 1422 ad
1653 1396 1731 1424 mali-

940 1444 1003 1471 tiam
1022 1444 1162 1472 inducuut.
1185 1442 1291 1471 idcirco
1315 1442 1408 1477 utique
1431 1442 1476 1470 hic
1499 1441 1631 1478 propheta
1646 1445 1728 1468 etlam

940 1493 1057 1526 postulat
1069 1493 1190 1519 animam
1208 1500 1285 1520 suam
1299 1491 1333 1519 ab
1348 1491 1402 1519 illis
1416 1491 1538 1519 liberari.

975 1583 1058 1611 Vsus.
1080 1584 1106 1611 4.
1128 1583 1363 1618 Sagitta-potentis
1382 1587 1468 1609 aculw
1489 1590 1548 1609 cum
1570 1582 1726 1609 carbonibus

937 1629 1117 1661 desolatoriis,
1139 1633 1193 1656 etc.
1220 1628 1292 1655 Nihil
1311 1633 1403 1655 contra
1421 1628 1592 1655 adversarius
1613 1628 1730 1655 virtutes

938 1675 1051 1710 perinde
1066 1674 1202 1706 couvcnit,
1217 1681 1248 1701 ac
1265 1673 1363 1701 CltriSIi
1379 1675 1485 1710 sagitta:
1507 1673 1600 1709 ignitis
1616 1673 1729 1708 maligni

935 1720 1037 1755 jaculis
1048 1720 1237 1751 adversantes.
1259 1723 1286 1747 et
1308 1719 1440 1747 carbones
1455 1720 1539 1755 ligna,
1560 1719 1664 1752 fenum.
1679 1719 1729 1746 sti-

938 1766 1028 1801 pulam
1049 1770 1251 1794 consumentes.
1277 1764 1306 1793 Si
1330 1773 1394 1792 vero
1415 1765 1536 1799 jaculum
1563 1769 1605 1793 est
1627 1765 1728 1791 amoris

933 1810 1010 1846 juxta
1019 1811 1123 1839 Cantici
1134 1810 1304 1838 canticorum
1319 1818 1446 1845 sponsam
1459 1818 1519 1845 qua!
1530 1810 1570 1837 ait
1582 1819 1590 1838 :
1605 1819 1614 1836 ι
1627 1810 1730 1838 Amore

937 1857 1078 1884 vulnerata
1092 1863 1141 1891 ego
1157 1865 1216 1884 sum
1232 1865 1239 1889 ;
1257 1866 1266 1883 ι
1290 1857 1383 1891 utique
1397 1856 1521 1891 jaculum
1546 1861 1586 1885 est
1601 1857 1725 1891 justititc,

937 1903 1117 1937 fortitudinis,
1139 1904 1292 1939 prudentia:
1322 1912 1354 1932 ac
1381 1904 1546 1938 reliquarqu
1570 1904 1724 1932 virtutum;

935 1951 1034 1984 quibus
1046 1950 1145 1985 jaculis
1162 1950 1294 1978 vulnerati
1311 1950 1400 1986 populi
1418 1950 1468 1978 sub
1489 1949 1545 1978 Deo
1560 1951 1671 1978 cadunt.

971 2085 1108 2120 Ejusdem.
1139 2085 1189 2118 Qui
1210 2085 1248 2112 ait
1267 2084 1288 2100 ⁸¹
1312 2093 1319 2112 :
1346 2094 1355 2110 ι
1381 2084 1499 2112 Positiin
1528 2092 1570 2111 me
1594 2084 1723 2119 sagittam

933 2131 1060 2162 electam,
1076 2141 1085 2156 ι
1109 2131 1154 2158 hic
1175 2135 1216 2157 est
1231 2130 1257 2157 in
1272 2129 1367 2157 multis
1383 2130 1491 2165 sagittis
1505 2131 1602 2165 sagitta
1624 2130 1721 2161 electa,

934 2178 1006 2205 siCut
1019 2177 1046 2204 in
1065 2177 1158 2205 multis
1175 2177 1238 2204 [iliis
1253 2177 1336 2203 etiam
1350 2182 1393 2203 est
1404 2177 1475 2204 illius
1487 2177 1600 2205 electus.
1616 2177 1723 2212 Nequa-

935 2230 1016 2258 quam
1033 2228 1124 2250 aulem
1141 2223 1195 2250 Deo
1210 2227 1321 2257 propter
1332 2222 1440 2250 unicum
1458 2222 1579 2256 jaculum
1594 2223 1723 2258 pharetra

934 2274 1004 2302 erat,
1023 2269 1057 2296 de
1072 2277 1124 2303 qua
1136 2269 1173 2295 ait
1193 2269 1235 2295 In:
1259 2277 1269 2294 ‹
1287 2268 1319 2296 Et
1335 2269 1360 2295 iu
1378 2269 1505 2304 pharetra
1519 2276 1567 2296 sua
1581 2269 1723 2296 abscondit

935 2323 987 2342 me.
1006 2324 1015 2341 ι
1036 2315 1137 2342 Omnes
1161 2315 1243 2349 igitur
1271 2314 1377 2349 sagittm
1403 2315 1523 2348 potentis
1548 2315 1593 2340 Dei
1623 2320 1721 2344 acutae.

933 2360 1032 2395 quippe
1048 2368 1108 2395 quae
1122 2365 1185 2387 sunt
1199 2360 1298 2394 jaculis
1313 2359 1424 2393 maligni
1442 2359 1598 2386 contrariae.

968 2418 1049 2445 νεεδ.
1069 2417 1095 2444 5.
1120 2417 1177 2444 Ileu
1191 2417 1275 2443 mihi!
1289 2417 1351 2451 quia
1374 2415 1505 2442 incolatu:
1520 2423 1592 2442 meus
1612 2416 1720 2448 prolon-

928 2469 1005 2499 gatus
1028 2469 1078 2495 est,
1102 2464 1218 2490 ltabitasi
1243 2471 1303 2489 cum
1329 2462 1509 2488 habitantibus
1539 2462 1640 2493 (λαίαν,
1665 2466 1719 2490 etc.

928 2509 986 2536 Non
1004 2510 1124 2544 ejusdem
1144 2513 1186 2536 est
1205 2509 1309 2536 dicere:
1326 2519 1335 2535 ι
1353 2508 1391 2535 Ne
1407 2515 1517 2535 revoces
1535 2516 1577 2535 me
1591 2508 1617 2534 in
1638 2507 1719 2534 dimi-

928 2555 973 2583 dio
983 2555 1089 2582 dierum
1102 2554 1268 2586 meorum”,
1287 2564 1295 2580 ι
1312 2559 1339 2581 et
1355 2554 1419 2581 illud
1437 2564 1443 2581 :
1463 2564 1471 2579 ι
1487 2554 1543 2581 Heu
1557 2554 1622 2580 mihi
1636 2554 1642 2579 !
1655 2553 1718 2587 quia

928 2601 1062 2628 incolatus
1076 2609 1153 2628 meus
1171 2601 1347 2636 prolongatus
1368 2606 1419 2630 est.
1440 2612 1449 2627 ι
1472 2602 1517 2628 V'cl
1542 2601 1612 2627 furtu
1635 2600 1718 2635 820

927 2647 986 2675 dies
1002 2647 1057 2674 illic
1068 2648 1144 2680 dicit,
1158 2655 1226 2682 quas
1237 2648 1318 2676 timor
1331 2647 1438 2675 Domini
1452 2648 1528 2682 juxta
1542 2647 1715 2674 Salomoucm

963 2785 1018 2817 (l5)
1032 2783 1127 2811 οὐδὲν
1141 2784 1244 2817 οὕτως,
1260 2790 1311 2811 etc.
1331 2785 1442 2813 Seheda‘
1457 2786 1561 2815 Grabii.

963 2820 1019 2853 (lli)
1032 2821 1092 2847 Οὐκ
1111 2820 1250 2851 ἓστι,οιι·.
1270 2819 1388 2848 Ελοιιςιιι.

1061 3418 1883 3429 r—
