1913 3429
33 123 51 148 1
65 122 132 149 (:57

522 115 676 142 Slil.F.CT:\
694 115 726 142 IN
747 114 913 141 PSAIMOS.
934 130 967 133 —
988 112 1083 139 PS.\L.
1104 110 1220 138 CXXIV.

1634 113 1700 141 1653

30 182 196 217 ἐποίησεν
221 180 312 207 Ἡλιοὺ
331 177 402 205 κατὰ
415 177 445 204 τὸ
460 176 534 211 (Σῆμα
547 175 660 210 Κυρίου,
672 175 719 201 καὶ
734 174 855 201 ἐκάθισεν

915 173 1030 204 Domini,
1047 177 1071 199 cl
1087 172 1156 199 scdit
1172 171 1197 196 in
1217 175 1335 196 torrente
1346 170 1481 198 Clmrrath
1496 179 1577 205 super
1603 171 1700 200 faciem

37 229 82 254 ἐν
96 227 143 262 τῷ
160 223 421 262 χειμάρῤῳΧορῤὰθ
431 223 478 248 ἐπὶ
491 221 636 257 προσώπου
651 221 698 247 τοῦ
718 220 857 256 Ἰορδάνου.

39 274 118 300 Καὶ
141 273 170 299 οἱ
196 272 314 307 κόρακες
335 270 432 305 ἔφερον
445 268 520 302 αὐτῷ
538 268 637 303 ἄρτους
662 267 692 293 τὸ
722 266 793 302 πρωῒ
814 267 861 293 καὶ

41 319 135 354 κρέα
152 317 185 344 τὸ
205 317 304 352 δείλης.
323 316 370 342 καὶ
384 317 415 342 ὲκ
430 314 476 341 τοῦ
502 313 651 349 χειμάρρου
668 312 758 339 ἔπινεν
778 313 858 349 ὕδωρ.

42 364 119 390 Καὶ
132 363 245 397 ἐγένετο
260 361 317 396 μεθ’
330 360 446 396 ἡμέρας,
461 359 507 385 καὶ
519 357 655 393 ἐξηράνθη
670 358 684 383 ὁ
700 357 859 394 χείμαρρος,

44 410 102 435 ὃτι
117 409 174 435 οὑκ
190 407 296 442 ἐγένετο
311 406 387 436 ὑετὸς
399 404 445 430 ἐπὶ
456 403 506 437 τῆς
516 403 577 437 γῆς.
598 412 607 428 ι

104 455 139 482 Ἠ
162 454 247 488 ψυχὴ
271 452 353 487 ἡμῶν
369 451 409 484 ὡς
432 450 591 483 στρουθίον
604 449 733 482 ἑιῖῥιπσθη
752 448 786 475 ἐκ
806 449 861 483 τῆς

49 499 198 534 παγίδος
206 498 265 525 τῶν
274 497 459 530 θηρευόντων
471 516 478 526 ,
492 503 517 520 κ.
529 503 552 520 τ.
565 495 587 520 ὲ.
605 493 790 529 Ἑρρύσθημεν
805 494 859 528 (68)

50 545 121 571 τῶν
145 544 286 579 θηρευτῶν
302 542 436 577 δαιμόνων
450 541 499 575 τῆς
513 539 626 573 παγίδος
638 560 645 570 ,
666 539 861 575 συντρίψαντος

2 619 4 621 ἓ
53 590 191 624 Χριστοῦ
208 590 252 615 τὸν
265 588 396 618 διάϐολον,
410 587 500 617 δόντος
513 594 542 611 τε
560 586 654 612 πατεῖν
666 585 758 611 ἐπάνω
773 585 860 619 ὄφεων

55 636 115 662 καὶ
133 635 283 670 σκορπίων,
298 633 345 660 καὶ
357 633 402 659 ἐπὶ
411 633 500 658 πᾶσαν
510 632 559 666 τὴν
574 631 688 665 δύναμιν
703 630 750 657 τοῦ
763 630 860 666 ἐχθροῦ

54 682 103 712 ὡς
122 681 195 716 πρὸς
211 681 307 715 μόνους
321 679 406 713 αὐτὴν
423 677 566 712 ἰσχύουσαν
579 678 640 708 τοὺς
655 676 842 712 ῥᾳθυμοῦντας
852 685 858 691 ·

58 726 139 753 ιινεύ
145 734 229 761 ματος
242 725 296 759 γάρ
307 733 336 751 τε
351 724 483 758 ἐλάϐομεν
497 723 585 758 χάριν,
598 723 643 749 καὶ
655 722 809 759 τρεφόμεθα
823 722 861 757 τῷ

55 770 114 797 τοῦ
128 769 251 806 Χριστοῦ
263 768 357 804 αἵματί
369 776 398 794 τε
412 767 458 793 καὶ
474 767 589 802 σώματι.

104 816 166 843 Τοῦ
177 815 280 842 αὑτοῦ.
297 813 463 849 Θηρεύουαιν
477 813 522 839 ἐπὶ
534 811 588 846 (69)
603 811 692 847 ψυχὴν
712 811 816 837 δικαίου
832 812 860 838 αἱ

60 861 259 896 ἀντικείμεναι
285 860 412 895 δυνάμεις
426 880 433 890 ,
457 856 496 885 ὧν
525 858 637 892 παγίδες
661 858 685 883 οἱ
709 858 754 884 ὑπ’
772 857 861 884 αὐτῶν

61 906 273 942 ὲνεργούμενοι,
287 907 332 932 καὶ
349 904 518 941 ἐρεθίζοντες
539 903 770 939 προσκαλούμενοι
789 904 861 939 ἡμᾶς

61 953 108 983 εἰς
123 952 156 978 τὸ
177 953 320 987 ἁμαρτεῖν,
345 952 391 978 καὶ
407 952 480 977 πᾶσα
496 950 545 985 ὕλη
569 949 616 976 ἐπὶ
640 949 671 976 τὸ
695 949 861 985 ἁμαρτάνειν

63 998 293 1033 προκαλουμένη.
317 998 354 1024 Οὐ
376 997 468 1024 πίπτει
494 997 521 1023 δὲ
545 996 684 1032 στρουθίον
704 997 743 1027 είς
761 995 862 1030 παγίδα

62 1042 135 1069 ἄνευ
153 1043 200 1069 τοῦ
214 1043 320 1078 Πατρὸς
333 1042 380 1069 τοῦ
400 1043 428 1069 ἐν
444 1044 499 1074 τοῖς
510 1042 645 1077 οὐρανοῖς.

111 1089 143 1114 Ἡ
154 1089 244 1123 παγίς
261 1089 431 1122 συνετρίϐη.
445 1089 493 1115 καί
513 1088 597 1122 ἡμεῖς
608 1088 807 1122 ἐρῤύσθημεν,
833 1095 860 1112 κ.

64 1142 93 1159 τ.
108 1134 133 1160 ὲ,
160 1133 191 1159 'll
208 1134 257 1169 μὲν
267 1134 371 1160 Παλαιὰ
385 1134 440 1168 (70)
454 1133 574 1168 Διαθὴκη
588 1133 636 1164 τὰς
650 1133 708 1159 κατ’
722 1132 862 1167 ἐνέργειαν

66 1179 211 1215 συντρίϐει
241 1179 371 1213 παγίδας,
390 1178 571 1214 νομοθετοῦσα
595 1179 641 1205 τό”
667 1187 675 1203 ι
699 1178 735 1204 Οὐ
756 1177 863 1212 μοιχεύ-

65 1233 128 1256 σεις
140 1232 147 1239 ·
161 1235 169 1250 ν
179 1226 195 1259 ἡ
209 1224 237 1250 δὲ
245 1225 331 1260 Καινὴ
344 1225 393 1256 τὰς
409 1225 480 1251 κατὰ
488 1224 606 1251 διάνοιαν
618 1223 722 1259 φθείρει
734 1223 860 1256 παγίδας,

62 1270 297 1305 παραγγέλλουσα
313 1271 356 1296 τό·
377 1279 386 1296 (
403 1270 460 1297 Οὐκ
479 1269 669 1304 ὲπιθυμήσεις.
689 1279 697 1294 ι
719 1268 793 1304 ΙΙλὴν
816 1269 862 1294 ἐπὶ

63 1316 122 1350 μὲν
135 1316 182 1342 τοῦ
201 1316 346 1352 Ἀϐιμέλεχ
367 1316 421 1342 τῶν
436 1316 564 1352 Γεραρῶν
576 1316 625 1351 τὴν
643 1315 702 1342 κατ’
723 1314 862 1350 ἐνέργειαν

63 1361 174 1393 ⁸παγίδα
196 1361 346 1397 διέφθειρε,
376 1362 412 1397 μὴ
438 1362 616 1397 συγχωρήσας
644 1361 693 1396 τῆς
720 1359 862 1395 ἀλλοτρίας

60 1405 152 1432 αὐτον
175 1405 293 1440 ἅψασθαι
319 1406 462 1439 γυναικός·
485 1406 530 1431 ἐπὶ
554 1406 582 1432 δὲ
612 1405 708 1440 Ἰωσὴφ
726 1404 774 1440 τὴν
790 1403 862 1431 κατὰ

61 1452 199 1478 διάνοιαν.
217 1452 253 1477 υύ
266 1452 319 1487 γὰρ
333 1452 437 1485 εἰσάγει
449 1452 465 1486 ἡ
480 1451 574 1487 Γραφὴ
591 1450 798 1486 ἐπιθυμήσαντα
811 1450 861 1485 τῆς

64 1497 213 1532 ἀλλοτρίας
228 1497 308 1523 αὐτὸν
319 1498 456 1531 γυναικός.
471 1498 525 1523 Καὶ
541 1496 675 1532 μακάριος
692 1497 740 1530 μὲν
757 1492 787 1522 οὗ
801 1504 861 1522 συν-
873 1512 894 1540 c

67 1543 164 1578 ἑτριψε
175 1545 275 1578 Κύριος
290 1543 337 1578 τὴν
352 1544 412 1569 κατ’
426 1543 564 1578 ἐνέργειαν
586 1542 698 1575 παγίδα,
718 1548 860 1577 μακαριω-

65 1597 149 1623 τερος
164 1589 192 1614 δὲ
205 1586 235 1615 οῦ
243 1589 291 1623 τὴν
303 1589 372 1615 κατὰ
389 1588 507 1614 διάνοιαν
517 1587 617 1620 παγίδα
628 1586 789 1622 διέφθειρεν,
799 1586 859 1613 οὐδὲ

69 1633 169 1668 εὑρέθη
184 1633 257 1664 δόλος
270 1635 298 1660 ὲν
313 1633 351 1668 τῷ
367 1634 481 1668 στόματι
493 1632 584 1659 αὐτοῦ.

335 1763 480 1789 ΨΑΛΜΟΣ
507 1763 592 1788 ΡΚΔ’.

111 1812 142 1837 οι
155 1810 329 1841 πεποιθότες
343 1809 390 1835 ἐπὶ
410 1809 568 1842 Κίψιονὼς
583 1808 652 1841 ("fac
676 1808 761 1840 Σ.ὼν,
787 1817 814 1835 κ.
834 1816 859 1835 τ.

75 1857 97 1882 ἑ.
115 1857 145 1883 υἱ
166 1855 376 1891 προσερχόμενοι
400 1855 456 1890 (7i)
470 1854 537 1880 Σιὼν
548 1854 605 1889 δρει
629 1855 676 1880 καὶ
701 1854 776 1880 πόλει
793 1854 860 1880 θεοῦ

75 1902 182 1934 ζῶντος,
201 1900 376 1936 Ἰερουσαλὴμ
392 1900 555 1935 ἐπουρανίῳ,
572 1899 684 1935 φοροῦσι
699 1900 748 1935 τὴν
770 1900 861 1926 εἰκόνα

74 1948 119 1974 τοῦ
133 1947 303 1982 ἐπουρανίου.
315 1947 362 1973 καὶ
376 1945 534 1977 πεποιθότες
552 1945 597 1971 ἐπὶ
620 1945 720 1981 Κύριον
739 1946 858 1979 γίνονται

75 1992 110 2023 ὡς
122 1993 208 2018 ἐκεῖνο
219 1992 248 2018 τὸ
262 1991 331 2018 Σιὼν
347 1991 418 2026 ὅρος.

111 2037 164 2064 Τοῦ
178 2037 282 2064 αὑτοῦ.
297 2037 327 2063 Εἰ
342 2038 375 2063 ὲκ
384 2036 430 2062 τοῦ
447 2036 502 2071 (72)
517 2035 674 2062 πεποιθέναι
692 2036 738 2062 ἐπὶ
756 2035 857 2072 Κύριον

75 2083 173 2117 γίνεταί
188 2092 229 2114 τις
253 2083 290 2114 ὡς
306 2083 369 2118 ὅρος
392 2081 471 2114 Σιὼν,
487 2082 565 2114 ἄλλος
586 2082 619 2108 ἃν
639 2082 668 2114 ἐξ
689 2082 768 2108 ἄλλου
786 2083 855 2114 τινος

75 2129 167 2163 γένοιτ’
182 2129 213 2154 ἃν
226 2128 263 2159 ὡς
279 2128 341 2164 ὅρος
355 2127 466 2163 Χωρὴὸ,
482 2128 528 2154 καὶ
542 2127 619 2159 ἄλλος
638 2127 675 2159 ὼς
696 2128 758 2163 ὅρος
773 2128 853 2155 Σινά⁸

76 2174 119 2200 καὶ
133 2175 164 2200 ἐκ
188 2173 242 2199 τῶν
260 2173 388 2199 ἐναντίων
412 2174 453 2208 εἴη
472 2173 504 2199 ἄν
519 2181 559 2204 τις
574 2173 611 2204 ὼς
630 2173 692 2208 ὅρος
706 2173 854 2207 Αἰγύπτου,

76 2220 120 2245 καὶ
135 2219 194 2255 δρος
206 2219 373 2250 Βαϐυλῶνος,
386 2219 432 2245 καὶ
443 2219 570 2245 τοιούτων
587 2219 641 2246 τῶν
657 2219 732 2255 παρᾶ
743 2222 797 2251 τοῖς
812 2220 855 2255 ἑχ-

77 2264 145 2299 θροίς
157 2263 237 2298 ὀρῶν.
256 2264 290 2289 'H
309 2263 403 2299 ὤσπερ
423 2264 447 2289 οῑ
463 2264 622 2296 πεποιθότες
634 2265 680 2291 ἐπὶ
698 2265 798 2300 Κύριον
817 2265 856 2297 ὡς

76 2309 134 2344 ὅρος
145 2310 196 2334 εἰσὶ
210 2308 387 2341 Σιὼν,οὒτως
404 2309 428 2335 οἰ
449 2309 635 2345 ὑποδεέστεροι
654 2310 692 2342 ὡς
708 2310 741 2337 τὰ
764 2310 856 2346 κύκλῳ

76 2355 155 2389 αὐτῆς
170 2355 230 2390 ὅρη.

112 2442 175 2474 Ὀρη
196 2441 297 2474 κύκλῳ
316 2440 426 2474 αὐτῆς,
448 2441 496 2468 καί
513 2443 528 2468 ὀ
549 2442 656 2476 Κύριος
684 2443 784 2475 κύκλῳ
803 2443 855 2470 τοῦ

77 2486 146 2513 ,ίαοῦ
158 2487 251 2514 αὑτοῦ
262 2507 269 2519 ,
284 2495 310 2514 κ.
329 2496 354 2513 τ.
371 2488 394 2514 ὲ.
415 2488 483 2523 Ὀρη
498 2487 589 2524 κύκλῳ
603 2489 656 2523 (73)
680 2489 855 2525 Ἰερουσαλὴμ

79 2533 217 2568 δυνάμεις,
233 2531 327 2568 οἶμαι,
352 2533 422 2560 θεῖαί
449 2535 512 2560 εισι.
533 2535 542 2560 ἀ
564 2534 774 2569 Παρεμὸἀλλειι
801 2535 855 2571 γὰρ

80 2589 88 2605 ι
105 2579 214 2613 ἄγγελος
239 2579 342 2614 Κυρίου
359 2579 452 2615 κύκλῳ
474 2579 529 2606 τῶν
556 2581 733 2616 φοϐουμένων
757 2581 853 2607 αὐτόν’

912 218 1048 246 .Iordanis.
1065 218 1096 245 Et
1114 218 1187 244 corvi
1204 217 1325 245 ferebant
1341 219 1364 245 ci
1385 226 1468 252 panes
1491 226 1569 245 mane
1597 223 1624 244 ct
1640 226 1700 244 car-

913 273 960 293 nes
974 266 1089 300 vesperi,
1104 270 1130 292 et
1145 265 1176 290 de
1195 269 1317 291 torrente
1331 265 1440 291 bibebat
1460 272 1568 298 aquam.
1600 264 1634 291 Et
1657 266 1697 290 fa-

912 315 983 337 ctum
1012 315 1054 337 est
1074 314 1135 344 post
1159 310 1227 341 dies,
1250 314 1276 336 et
1296 309 1403 336 exaruit
1425 313 1543 343 torrens,
1565 309 1628 345 quia
1647 318 1700 337 non

912 357 1000 383 fuerat
1016 355 1107 390 pluvia
1121 363 1202 390 super
1219 360 1319 382 terram
1338 355 1372 382 °'.
1392 364 1401 381 ι

947 444 1029 472 Vnus.
1050 444 1078 470 7.
1099 443 1194 469 Anima
1211 448 1301 469 nostra
1312 444 1378 469 sicut
1397 452 1489 478 passer
1501 450 1591 479 erepta
1612 450 1650 472 est
1669 446 1700 471 dc

911 491 1004 525 laqueo
1023 489 1181 520 cenantium,
1206 493 1260 516 etc.
1287 489 1324 516 De
1346 489 1440 524 laqueo
1460 496 1619 517 venatorum
1643 492 1697 519 da:-

912 543 1020 562 momun
1037 535 1125 570 erepti
1140 542 1242 566 sumus,
1256 542 1317 561 cum
1334 534 1457 562 Christus
1471 535 1608 564 diabolum
1626 544 1696 564 con-

914 581 1029 612 triveril,
1047 585 1076 607 et
1091 579 1194 607 dederit
1210 579 1339 607 virtutem
1362 580 1518 608 ambulandi
1535 590 1617 616 super
1638 589 1696 609 ser-

912 629 1008 659 pentes
1023 629 1050 651 et
1069 624 1227 658 scorpiones
1243 628 1270 651 et
1285 631 1367 658 super
1382 631 1490 651 omnem
1505 625 1631 652 virtutem
1647 627 1697 653 ini-

912 670 985 701 mici,
1000 677 1059 704 qua:
1070 674 1165 697 contra
1181 669 1253 696 solos
1268 669 1395 696 socordes
1407 669 1535 703 praevalet
1549 677 1557 697 :
1571 670 1695 705 Spiritus

911 716 982 742 enim
1005 716 1118 749 gratiam
1143 714 1310 749 accepimus,
1331 713 1489 749 Christique
1508 717 1641 751 sanguine
1664 724 1697 745 ac

912 768 1024 794 corpore
1038 760 1181 787 nutrimur.

949 807 1088 842 Ejusdem.
1108 806 1231 834 Virtutes
1245 806 1408 835 adversaria:
1426 812 1559 835 venantur
1576 809 1695 837 animant

911 853 987 887 justi,
1005 860 1121 887 quarum
1134 852 1224 886 laquei
1237 856 1300 879 sunt
1315 853 1341 880 bi
1354 861 1422 888 quos
1439 855 1575 887 obsident,
1596 856 1696 890 quique

913 898 1041 931 instigant
1066 902 1094 924 et
1121 902 1269 931 provocant
1295 906 1343 925 nos
1368 898 1400 925 ad
1428 900 1615 933 peccandum';
1631 900 1695 927 item

911 944 1001 970 omnis
1018 943 1131 969 materia
1147 950 1208 977 qtae
1220 943 1253 970 ad
1267 944 1432 977 peccandum
1446 943 1538 970 allicit.
1552 943 1609 971 Νοη
1624 946 1696 972 cadit

912 993 1001 1015 autem
1017 988 1189 1023 passerculus
1217 988 1244 1015 in
1270 988 1397 1023 laqueum
1420 989 1479 1016 sine
1495 989 1575 1017 Patre
1599 991 1645 1026 qui
1668 992 1694 1018 in

912 1033 989 1061 cmlis
1003 1038 1054 1061 est.

948 1079 1011 1106 Inzb.
1034 1078 1152 1114 Laqueus
1177 1079 1304 1105 contritus
1328 1085 1385 1113 est,
1410 1085 1434 1108 et
1458 1089 1504 1108 nos
1527 1081 1631 1109 liberati
1651 1090 1696 1109 su-

911 1134 980 1159 mus,
996 1130 1047 1152 etc.
1065 1126 1147 1152 Ve:us
1167 1125 1368 1153 Testamentum
1388 1126 1497 1161 laqueos
1518 1129 1562 1162 qui
1581 1129 1613 1155 ad
1628 1136 1697 1163 opus

912 1176 1046 1205 spectant,
1059 1171 1174 1198 conterit
1186 1172 1235 1198 hac
1247 1172 1305 1207 lege
1321 1183 1326 1199 ;
1342 1181 1351 1198 ‹
1366 1171 1425 1199 Non
1441 1174 1620 1201 mmcbaberis
1633 1174 1671 1207 “;
1683 1183 1693 1200 ι

911 1215 1014 1243 Novum
1027 1224 1091 1243 vero
1109 1218 1220 1252 laqueos
1231 1217 1264 1243 ad
1280 1222 1397 1245 tuentem
1414 1223 1569 1252 spectantes
1579 1220 1696 1245 conterit

912 1263 962 1290 ista
977 1272 983 1290 :
1001 1272 1011 1289 ‹
1031 1262 1088 1290 Non
1106 1263 1284 1296 concupisces
1300 1263 1334 1290 ".
1352 1273 1361 1288 ι
1384 1263 1577 1290 Verumtamen
1593 1263 1619 1290 in
1633 1263 1697 1292 Abi-

911 1313 1015 1336 metectt
1041 1316 1105 1343 rege
1122 1308 1253 1336 Ccrarum
1280 1308 1403 1343 laqueum
1426 1309 1458 1336 ad
1478 1317 1545 1344 opus
1567 1314 1695 1344 spectau-

912 1358 964 1381 tem
981 1354 1120 1387 contrivit,
1134 1354 1244 1388 quando
1264 1362 1317 1381 non
1336 1355 1459 1389 permisit
1474 1355 1561 1389 ipsutn
1575 1355 1692 1382 alienam

911 1408 1022 1427 uxorem
1042 1405 1175 1436 tangere;
1193 1401 1219 1427 in
1238 1400 1338 1434 Juseph
1356 1407 1422 1427 vero
1442 1400 1569 1435 laqueum
1594 1401 1638 1435 qui
1660 1400 1693 1427 ad

911 1450 1028 1473 mentem
1043 1446 1195 1481 spectabat,
1212 1446 1339 1481 disrupit.
1359 1446 1415 1473 Non
1435 1448 1506 1473 enim
1524 1454 1538 1473 a
1552 1446 1694 1481 Scriptura

912 1491 1029 1518 refertur
1045 1492 1160 1519 alienam
1185 1492 1373 1525 concupivisse
1389 1500 1512 1519 uxorem.
1538 1492 1578 1520 Ac
1599 1493 1695 1519 beatus

913 1537 1021 1570 quidem
1038 1542 1080 1563 est
1092 1537 1167 1571 cujus
1186 1543 1353 1571 spectantem
1369 1538 1401 1563 ad
1415 1545 1483 1571 opus
1498 1537 1623 1572 laqueum
1639 1537 1694 1564 Do-

914 1581 1003 1607 minus
1018 1581 1157 1612 contrivil,
1174 1581 1281 1607 beatior
1297 1588 1371 1612 vero,
1384 1580 1460 1614 cujus
1477 1585 1643 1615 spectantem
1661 1581 1695 1606 ad

913 1626 1106 1658 cogitationem
1120 1626 1245 1660 laqueum
1265 1626 1299 1653 ita
1315 1626 1441 1659 disrupit,
1460 1629 1552 1652 utnon
1570 1625 1697 1652 iuventus

911 1671 946 1698 sit
962 1671 1038 1699 dolus
1056 1671 1082 1698 in
1102 1679 1148 1699 ore
1164 1672 1231 1706 ejus.

1093 1760 1177 1797 824
1200 1760 1358 1788 PSALMUS
1388 1760 1504 1788 CXXIV.

948 1807 1029 1835 Vnus.
1052 1809 1077 1834 l.
1100 1809 1151 1841 Qui
1171 1807 1308 1840 conﬁdunt
1334 1807 1361 1832 in
1385 1806 1495 1834 Domino
1523 1808 1590 1834 sicut
1620 1815 1693 1837 mons

910 1854 987 1886 Sion,
1007 1859 1058 1881 etc.
1076 1853 1128 1887 Qui
1145 1854 1277 1881 accedunt
1291 1853 1324 1880 ad
1339 1853 1404 1880 Sion
1420 1857 1538 1880 montem
1556 1858 1583 1880 et
1598 1853 1694 1880 civita-

910 1906 962 1928 tcm
987 1901 1033 1928 Dei
1058 1900 1185 1932 viventis,
1211 1899 1360 1927 Jerusalem
1388 1899 1539 1931 caelestem,
1563 1899 1580 1926 ii
1603 1899 1694 1927 ferum

912 1946 1054 1981 imaginem
1069 1946 1200 1979 cmlestis,
1215 1950 1242 1973 et
1257 1945 1425 1973 conﬁdentes
1446 1945 1471 1972 in
1489 1945 1604 1973 Domino
1627 1945 1695 1972 [ium

911 1993 981 2019 sicut
998 1992 1043 2020 ille
1057 2000 1134 2020 mons
1157 1992 1236 2019 Sion.

945 2038 1081 2072 Eiusdem.
1107 2039 1137 2065 Si
1164 2046 1196 2066 ex
1226 2036 1321 2064 ﬁducia
1346 2037 1373 2065 in
1399 2038 1481 2065 Deum
1503 2037 1533 2064 ﬁt
1558 2037 1692 2072 quispiam

912 2089 1039 2119 tanquam
1062 2092 1139 2111 mons
1160 2084 1237 2115 Sion.
1256 2083 1327 2111 alius
1350 2084 1443 2118 utique
1457 2090 1490 2111 ex
1507 2083 1558 2111 alia
1574 2091 1602 2110 re
1625 2091 1694 2117 qua-

910 2129 1040 2162 piam-[iet
1055 2129 1125 2156 sicut
1137 2137 1214 2156 mons
1223 2128 1342 2161 (Iboreb,
1359 2129 1421 2155 item
1442 2129 1515 2156 alius
1529 2129 1598 2155 sicut
1614 2135 1693 2155 mons

910 2174 972 2201 Sina
999 2183 1006 2207 ;
1035 2179 1061 2201 ct
1086 2182 1101 2202 e
1129 2175 1237 2202 diverso
1262 2174 1308 2201 ﬁet
1332 2175 1431 2209 aliquis
1457 2179 1585 2208 tanquam
1613 2181 1693 2202 mers

909 2221 1030 2257 Egypti,
1048 2226 1075 2248 et
1089 2221 1159 2249 sicut
1175 2229 1252 2248 mons
1266 2220 1421 2256 Babylonis.
1436 2226 1463 2247 et
1480 2221 1564 2246 instar
1576 2220 1690 2247 aliorum

909 2267 954 2300 qui
975 2267 1045 2301 apud
1066 2267 1159 2294 hostes
1173 2271 1246 2298 sunt,
1262 2266 1404 2293 montium.
1422 2265 1469 2293 Vel
1485 2267 1555 2292 sicut
1567 2266 1611 2299 qui
1627 2273 1691 2292 cou-

909 2312 993 2338 lidunt
1011 2312 1037 2338 in
1057 2312 1179 2342 Domino,
1204 2310 1276 2338 velut
1300 2318 1378 2338 mons
1403 2309 1468 2337 Sion
1491 2316 1565 2341 sunt,
1590 2310 1625 2336 ita
1650 2310 1691 2336 bis

908 2356 1051 2385 inferiores
1071 2362 1151 2384 erunt
1166 2358 1236 2385 sicut
1252 2364 1359 2386 tuentes
1375 2358 1420 2392 qui
1438 2361 1503 2384 sunt
1526 2356 1552 2382 in
1575 2355 1691 2383 circuitu

906 2402 974 2436 ejus.

944 2448 1025 2475 Vsus.
1046 2448 1074 2476 2.
1095 2448 1196 2475 Μοπιει
1212 2449 1240 2475 in
1263 2447 1374 2474 circuitu
1388 2447 1454 2482 ejus,
1470 2451 1494 2473 et
1516 2445 1645 2472 Dominus
1661 2445 1691 2472 in

907 2495 1020 2521 circuitu
1038 2495 1128 2527 populi
1148 2494 1201 2526 sui,
1223 2498 1276 2520 etc.
1292 2492 1398 2520 Montes
1424 2493 1449 2519 in
1470 2491 1585 2518 circuitu
1608 2490 1687 2517 Jeru-

908 2539 991 2566 salem
1008 2539 1128 2566 arbitror
1142 2546 1203 2566 esse
1215 2538 1321 2565 divinas
1335 2538 1458 2564 virtutes.
1474 2536 1540 2563 Nam
1559 2545 1569 2561 ι
1584 2540 1688 2562 castra-

909 2590 1027 2611 metatur
1057 2584 1170 2618 angelus
1200 2583 1305 2611 Domini
1339 2583 1364 2610 in
1395 2583 1511 2610 circuitu
1537 2581 1688 2609 timentimn

107 2652 127 2668 η
142 2647 172 2675 Ill
185 2648 250 2682 Reg.
263 2655 330 2680 xvii,
343 2648 361 2675 ‘2
374 2652 401 2676 et
413 2656 491 2683 seqq.
528 2649 551 2665 ²⁶
567 2648 653 2676 Exod.
669 2656 714 2682 xx,
731 2649 773 2676 ll.
811 2650 833 2665 "’
847 2650 925 2679 Rom.
942 2659 1004 2683 xm,
1018 2651 1045 2678 9.

111 2708 380 2743 (68)Έῤῥύσθνψεν,
410 2713 462 2735 etc.
492 2707 604 2735 Scbedae
630 2708 739 2741 Grabii;
766 2709 855 2737 simile

81 2750 159 2771 autem
171 2744 308 2777 quidpiam
321 2751 454 2778 anonymo
473 2743 566 2770 tribuit
583 2744 685 2770 Catena
702 2744 835 2772 Cordcrii.

111 2779 160 2813 (69)
176 2778 361 2811 Θηρεύοινσιν
371 2778 431 2808 ἐπί,
446 2783 498 2805 etc.
515 2779 616 2805 Catena
630 2778 761 2806 Corderii.

111 2814 160 2843 (70)
183 2813 211 2840 Ἡ
223 2812 278 2844 μὲν
289 2812 414 2844 Παλαιὰ,
429 2819 482 2840 etc.
502 2813 614 2841 Schmitz
630 2814 733 2840 (ζωοῦ.

941 2710 997 2745 (Ἠ)
1014 2711 1046 2736 Ol
1061 2710 1304 2744 προσερχόμενοι,
1320 2714 1373 2736 etc.
1387 2708 1489 2737 Catena
1503 2706 1636 2736 Corderii.

940 2755 996 2790 (72)
1008 2756 1042 2781 Et
1057 2755 1091 2781 ἐκ
1105 2754 1167 2786 τοῦ,
1183 2760 1236 2781 etc.
1252 2754 1362 2781 Eadem.

942 2801 996 2832 (73)
1015 2801 1086 2834 'leq
1102 2801 1214 2832 κύκλῳ,
1233 2807 1285 2828 etc.
1299 2800 1408 2829 Eadem.
