4066 6236
489 288 624 341 1663

488 400 613 450 tiam
692 394 794 450 erit
821 435 835 459 ,

558 574 721 628 Vens.
770 573 852 627 18.
904 571 1217 637 Exsurrexi,
1271 579 1321 624 et
1361 570 1533 623 adhuc
1581 586 1697 622 sum
1728 577 1919 633 tecum,
1947 579 2054 624 etc.

493 683 510 714 ι
558 664 656 729 Qui
695 663 919 725 dormis,
953 673 1007 716 et
1032 677 1263 731 exsurge
1299 677 1328 715 a
1359 660 1610 724 mortuis,
1643 668 1697 713 et
1730 659 2057 713 illumiuahit

490 766 542 808 te
567 756 814 810 Christus
842 756 986 807 δυ’.»
1010 740 1347 822 Quapropter
1380 753 1707 810 resurrectio
1734 762 1818 807 est
1850 754 2059 807 reditus

487 862 518 899 ι
550 845 679 898 vitio
709 846 773 899 ad
804 846 1083 900 virtutem.

561 934 721 989 Vnus.
747 934 836 986 22.
864 931 1105 1002 Perfecta
1130 934 1249 988 odio
1271 935 1483 986 oderam
1519 932 1661 997 illos,
1690 942 1795 988 etc.
1830 931 1885 985 Si
1932 946 2057 999 per-

490 1004 800 1087 fectus,lcui
842 1025 1038 1078 malum
1065 1026 1187 1078 odio
1220 1034 1321 1089 est,
1368 1024 1436 1078 ab
1465 1025 1613 1077 omni
1649 1023 1854 1076 malitia
1886 1022 2054 1075 absti-

490 1122 598 1176 net,
630 1114 675 1167 is
705 1114 794 1182 qui
829 1114 1223 1182 qualiscunque
1268 1129 1455 1168 eorum
1510 1114 1730 1167 malitia:
1775 1113 2052 1183 particeps

486 1214 569 1258 est
609 1206 850 1269 perfecto
882 1205 1009 1257 odio
1038 1220 1141 1258 non
1173 1207 1287 1258 odit
1319 1204 1539 1258 malum.

564 1294 719 1348 Vens.
741 1295 829 1349 28.
871 1294 1047 1348 Proba
1073 1312 1169 1360 me,
1188 1295 1351 1360 Deus,
1382 1308 1426 1349 et
1446 1297 1573 1350 scito
1604 1311 1693 1349 cor
1720 1312 1912 1359 meum,
1942 1304 2053 1349 etc.

489 1385 546 1439 Si
583 1384 721 1439 Deus
750 1385 890 1453 ignis
918 1400 1241 1440 consumens
1264 1398 1365 1451 est,
1401 1386 1587 1455 utique
1617 1394 1883 1455 quatenus
1914 1384 2057 1441 velut

487 1471 628 1542 ignis
658 1475 1052 1541 consideratur,
1086 1476 1363 1531 hominum
1393 1479 1603 1534 animas
1633 1477 1846 1549 probat.

968 1729 1290 1786 PSALMUS
1330 1733 1623 1790 CXXXIX.

563 1814 724 1871 Vens.
756 1817 810 1874 5.
846 1818 952 1884 Qui
1001 1822 1358 1889 cogitaverunt
1393 1824 1730 1892 iniquitate»:
1776 1828 1833 1881 in
1866 1833 2055 1898 corde,

488 1915 597 1960 tota
624 1909 707 1961 die
738 1910 1125 1963 constituebant
1154 1913 1363 1977 prwlia,
1396 1923 1503 1967 etc.
1557 1914 1660 1969 Per
1700 1919 2059 1986 cogitationes

491 2002 775 2053 adversum
833 2016 935 2054 nos
970 2002 1242 2057 daemones
1277 2006 1617 2059 constituunt
1668 2010 1873 2075 przelia,
1931 2013 2056 2067 dum

489 2091 757 2145 interdum
788 2092 1080 2155 desideria,
1116 2094 1387 2150 interdum
1420 2102 1555 2163 iras,
1590 2100 1726 2156 alias
1760 2118 1971 2158 rursum
2004 2108 2056 2159 in

485 2183 674 2236 eodem
706 2184 921 2236 homine
938 2184 1178 2239 excitant
1197 2184 1219 2239 Ι*
1220 2203 1248 2239 υ
1259 2202 1435 2243 rorem
1458 2199 1513 2242 et
1530 2193 2055 2264 concupiscentiam;

488 2276 626 2328 umle
659 2277 901 2331 nascitur
924 2292 987 2331 ea
1017 2294 1138 2347 quae
1163 2280 1413 2349 perplexa
1443 2280 1641 2337 dicitur
1663 2286 1941 2355 cogitatio,
1965 2290 2057 2343 sed

487 2366 600 2419 haec
634 2376 874 2437 tempore
909 2371 1158 2426 mmroris
1204 2372 1379 2425 solum
1424 2374 1645 2441 accidit,
1680 2387 1887 2432 cxx-terte
1932 2394 2059 2434 vero

487 2457 656 2528 838
683 2474 747 2513 ex
780 2460 1066 2516 intervallo
1102 2472 1503 2533 superveniunt
1549 2483 1671 2525 sese
1706 2471 1934 2525 invicem
1965 2488 2060 2527 ex-

486 2548 773 2615 cipientes.
802 2551 870 2603 At
904 2553 1153 2606 mteroris
1184 2556 1566 2624 cogitationem
1601 2560 1654 2613 in
1687 2561 1775 2615 illa
1804 2562 1890 2617 die
1914 2564 2057 2619 nulla

483 2638 687 2707 excipit
714 2641 997 2708 cogitatio,
1028 2643 1258 2711 primum
1297 2647 1423 2714 quia
1472 2648 1631 2716 longo
1660 2650 1820 2705 durat
1851 2662 2057 2725 tempo-

487 2742 580 2791 re;
631 2729 826 2785 deinde
851 2733 976 2800 quia
1008 2734 1173 2788 etiam
1202 2750 1393 2791 omnes
1435 2743 1828 2810 propemodum
1854 2747 2063 2815 cogita-

486 2820 658 2873 tiones
685 2821 736 2873 in
767 2836 825 2875 se
851 2822 1033 2877 habet.

556 2912 723 2969 Vens.
754 2912 808 2971 ὁ.
839 2914 1105 2969 Acuerunt
1129 2917 1338 2989 linguas
1360 2936 1485 2975 suas
1500 2922 1635 2976 sicut
1659 2926 2055 2994 serpentis,ctc.

483 3003 821 3059 Acerrimam
846 3006 1268 3075 cogitationem,
1299 3022 1517 3067 acutam
1559 3024 1734 3070 vocat;
1779 3017 2058 3085 Ejusmodi

483 3103 565 3147 est
584 3094 745 3149 etiam
764 3095 849 3150 illa
874 3098 1128 3168 cogitatio
1150 3116 1271 3170 quae
1298 3113 1531 3158 mentem
1563 3106 1628 3160 ad
1664 3107 2056 3178 blasphemiam

483 3185 707 3254 abripit.

559 3277 723 3333 Vens.
775 3280 829 3334 6.
876 3280 982 3346 Qui
1029 3284 1390 3353 cogitaverunt
1450 3288 1793 3357 supplantare
1846 3310 2058 3363 gressus

483 3386 647 3435 meos,
689 3380 794 3425 etc.
820 3370 960 3437 Quin
998 3382 1051 3427 et
1082 3374 1252 3429 malas
1279 3376 1637 3444 cogitationes
1673 3396 1813 3451 saepe
1852 3384 2056 3439 daemo-

486 3476 582 3517 nes
610 3478 717 3516 non
741 3463 912 3518 nudas
934 3465 1091 3520 nobis
1124 3468 1398 3536 ingerunt,
1433 3485 1501 3524 ne
1536 3488 1687 3528 mens
1712 3475 1899 3528 statim
1933 3491 2058 3545 per-

482 3562 666 3619 specta
717 3554 934 3608 illarum
977 3556 1315 3614 absurditate
1359 3576 1454 3615 eas
1502 3563 1749 3631 rejiciat,
1794 3567 1886 3621 sed
1932 3584 2054 3623 cum

482 3640 604 3695 aliis
639 3644 966 3712 quibusdam
1014 3650 1435 3717 cogitationibus
1477 3666 1598 3720 qua:
1639 3655 1875 3722 speciem
1928 3657 2053 3713 boni

481 3750 591 3803 prae
624 3750 686 3790 se
715 3735 915 3802 ierunt,
965 3740 1137 3795 malas
1182 3743 1543 3809 cogitationes
1590 3746 2051 3807 interseminant:

482 3827 646 3897 idque
673 3830 844 3884 solum
874 3832 1079 3887 iaciunt
1106 3835 1158 3888 in
1191 3836 1446 3905 perlectis
1480 3838 1574 3906 qui
1610 3838 1904 3894 aﬂ‘ectuum
1952 3858 2050 3898 ex-

480 3931 661 3988 pertes
691 3932 814 3976 sunt
847 3941 862 3978 :
897 3940 1019 3978 nam
1054 3927 1117 3980 iis
1152 3928 1242 3997 qui
1280 3928 1563 3985 atl‘ectibus
1590 3941 1716 3985 sunt
1748 3933 1967 3988 obnoxii
1999 3945 2054 3991 et

483 4011 745 4065 immundi
777 4025 924 4082 sunt,
959 4016 1126 4071 etiam
1166 4030 1354 4090 aperte
1403 4020 1651 4091 iujieiunt
1690 4022 2051 4094 cogitationes

481 4117 616 4171 quas
649 4105 924 4174 expeliere
953 4119 1252 4177 nequeunt.

552 4192 718 4247 Vnus.
762 4196 848 4249 Η.
888 4197 1091 4251 Cadent
1120 4216 1277 4268 super
1313 4217 1400 4255 eos
1442 4202 1693 4256 carbones
1732 4205 1900 4274 ignis,
1942 4218 2047 4263 etc.

481 4282 623 4351 Ignis
654 4284 754 4339 iste
788 4295 843 4339 et
880 4288 930 4340 hi
962 4288 1247 4356 carbones,
1280 4293 1484 4347 urendo
1512 4293 1678 4363 tigna,
1712 4295 1915 4363 fenum,
1945 4299 2046 4353 sti-

480 4373 682 4443 pulam,
714 4392 996 4445 perversos
1032 4379 1249 4435 habitus
1276 4396 1624 4437 consumunt.

554 4557 714 4611 Vens.
748 4558 835 4613 l5.
866 4556 1096 4626 Cognovi
1140 4560 1264 4629 quia
1290 4561 1447 4629 faciet
1490 4562 1748 4618 Dominus
1779 4564 2042 4635 judicium

477 4650 646 4719 inopis
668 4660 715 4703 et
746 4651 1028 4705 vindictam
1051 4666 1359 4719 pauperum,
1387 4665 1494 4709 etc.
1520 4653 1843 4711 Vaticinium
1873 4667 1954 4712 est
1978 4659 2045 4713 de

480 4740 661 4795 futuro
683 4741 905 4810 judicio,
934 4743 986 4797 in
1010 4757 1120 4812 quo
1147 4743 1323 4812 impiis
1350 4745 1457 4814 igni
1490 4746 1703 4800 traditis
1724 4746 1775 4800 in
1803 4750 2040 4818 requiem

473 4831 604 4901 justi
627 4841 989 4889 assumentur.
1028 4833 1163 4887 lliuc
1189 4839 1354 4890 etiam
1380 4833 1639 4890 Salomon
1663 4835 1893 4891 utilitate
1918 4852 2041 4904 per-

478 4931 633 4988 cepta
673 4921 809 4975 dixit
842 4923 929 4974 ³³ε
971 4940 990 4974 ι
1031 4922 1166 4990 Quia
1201 4942 1361 4981 omne
1396 4926 1601 4982 factum
1638 4926 1776 4982 Deus
1809 4928 2039 4983 adducet

478 5010 532 5064 in
565 5010 853 5079 judicium.
890 5030 909 5064 ι
948 5013 1094 5070 Bono
1144 5027 1326 5072 autem
1367 5019 1473 5072 tiue
1511 5017 1804 5082 conclusit,
1862 5032 2037 5088 quan-

476 5106 766 5174 doquidem
802 5124 821 5157 ι
860 5105 911 5159 in
942 5107 1100 5161 tinem
1137 5127 1155 5159 ι
1187 5110 1480 5179 inscriptus
1505 5118 1609 5176 est,
1662 5109 1714 5164 id
1741 5117 1823 5164 est
1889 5126 2037 5180 spem

467 5190 631 5261 justis
666 5191 977 5262 repositam.
1005 5212 1023 5245 ι
1044 5193 1376 5252 Habitabant
1407 5198 1539 5252 recti
1561 5214 1684 5252 cum
1709 5198 1857 5253 vultu
1887 5208 2035 5255 tuon

548 5334 639 5367 ³³“
676 5335 873 5404 Ephes.
902 5353 955 5400 ν,
982 5336 1070 5391 14.
1143 5339 1190 5371 ³³
1219 5341 1364 5399 Eccl.
1394 5358 1492 5408 xtl.
1518 5342 1604 5399 No

546 5482 660 5617 (ϐίζ
696 5485 757 5538 '0
786 5487 1109 5551 καθεύδων,
1139 5499 1246 5545 etc.
1290 5489 1516 5547 Sclteda:
1538 5493 1742 5549 Grabii.

548 5554 639 5617 (δίς)⁵
697 5557 765 5608 El
792 5560 825 5609 ό
862 5557 1109 5617 τέλειος.
1139 5571 1243 5613 ete.
1279 5560 1508 5616 Eaedem.

548 5554 660 5618 (6‘2)
697 5557 765 5608 El
792 5560 825 5609 ό
862 5557 1109 5623 τέλειος,
1139 5571 1243 5613 ete.
1279 5560 1508 5616 Eaedem.

547 5623 662 5689 (65)
690 5627 759 5677 Et
787 5629 819 5678 ὀ
849 5627 1013 5692 Θεός,
1042 5640 1150 5683 etc.
1183 5628 1417 5687 Eaedem.

546 5692 659 5763 (64)
686 5696 789 5748 Διά
822 5694 956 5760 τῶν,
989 5708 1092 5753 etc.
1127 5697 1359 5755 Eaedem.

1879 271 1963 327 E.\'
1991 268 2299 329 ORIGENE

909 400 968 445 ut
1031 392 1101 447 sit
1171 390 1310 447 Deus
1379 390 1556 445 omnia
1644 389 1697 444 in
1764 388 2030 444 omnibus.

2163 384 2313 437 ἔσται
2349 380 2601 451 γνώσεως
2617 381 2791 446 ἐκτὸς,
2826 381 2973 445 ὅπως
2995 381 3215 453 γένηται
3246 385 3274 436 6
3300 382 3432 448 Θεὸς
3466 384 3533 438 τὶ
3561 388 3741 441 πάντα

3596 273 3747 328 ιϐσι

2156 478 2214 527 ὲν
2236 477 2419 529 πᾶσιν.

2239 566 2612 637 Ἐεηγέρθην,
2644 566 2739 620 καί
2769 565 2857 619 ἔτι
2884 565 3001 634 είμί
3023 566 3173 635 μετὰ
3199 568 3335 632 σοῦ,
3369 586 3422 621 κ.
3451 587 3501 621 τ.
3540 570 3587 622 ἑ.
3620 589 3639 621 ι
3678 571 3739 623 'U

2158 656 2430 711 καθεύδων
2455 658 2591 727 (61),
2622 658 2714 710 καὶ
2736 657 2943 709 ἀνάστα
2972 658 3034 709 ὲκ
3067 656 3173 709 τῶν
3207 660 3434 729 νεκρῶν,
3480 661 3574 712 καὶ
3616 664 3739 713 ἐπι-

2160 748 2353 816 φαύσει
2382 765 2461 801 σοι
2494 750 2522 801 ὁ
2550 748 2781 820 Χριστός
2800 765 2813 777 ·
2848 767 2866 799 ι
2902 748 2981 801 διὸ
3011 747 3228 819 ἕγερσίς
3264 749 3409 803 ἐστιν
3441 752 3474 821 ἡ
3500 750 3606 803 ἀπὸ
3634 768 3738 804 κα-

2160 840 2285 902 κίας
2320 842 2405 892 ἐπ’
2434 840 2632 911 ἀρετὴν
2672 840 2944 903 ἐπάνοδος.

2240 930 2475 984 Τέλειον
2491 931 2674 1000 μῖσος
2726 931 2981 1000 ἐμίσουν
3017 932 3263 999 αὐτοὺς,
3303 952 3357 989 κ.
3398 953 3449 988 τ.
3478 936 3526 988 ἑ.
3582 937 3644 989 Εἰ
3707 940 3737 991 6

2159 1019 2361 1084 τέλειος
2391 1019 2522 1091 (6‘2),
2562 1022 2796 1091 μισήσας
2832 1023 2893 1076 τὸ
2950 1024 3205 1093 πονηρὸν,
3237 1025 3496 1095 ἀπέχεται
3555 1027 3737 1097 πάσης

2162 1111 2381 1173 κακίας,
2427 1114 2455 1164 ὁ
2487 1112 2911 1182 μεταλαμϐάνων
2961 1114 3055 1184 τῆς
3100 1115 3490 1186 οίασδηποτοῦν
3538 1119 3738 1181 κακίας

2162 1198 2341 1253 αὐτῶν
2366 1201 2581 1265 τελείως
2609 1204 2670 1255 οὐ
2696 1204 2967 1275 μεμίσηκε
2988 1205 3047 1257 τὸ
3079 1206 3332 1277 πονηρόν.

2231 1293 2567 1362 Δοκίμασόν
2588 1312 2685 1362 με,
2720 1299 2752 1349 ό
2795 1296 3060 1363 Θεὸς,καὶ
3106 1297 3281 1366 γνῶθι
3317 1298 3432 1366 τὴν
3484 1300 3735 1369 καρδίαν

2156 1399 2299 1450 μου,
2323 1402 2378 1439 κ.
2408 1402 2458 1437 τ.
2495 1387 2541 1440 ἑ.
2565 1387 2627 1438 Ei
2650 1389 2679 1439 6
2702 1386 2835 1449 Θεὸς
2868 1386 2976 1454 (65)
3010 1384 3121 1457 πῦρ
3162 1389 3553 1445 καταναλίσκον
3594 1394 3731 1456 ἐστὶ,

2162 1471 2249 1525 διὰ
2272 1476 2371 1546 τῆς
2405 1477 2645 1541 ἐπινοίας
2688 1477 2928 1549 δηλονότι
2958 1477 3052 1531 τοῦ
3096 1480 3267 1550 πυρὸς
3308 1481 3585 1552 δοκιμάζει
3630 1485 3732 1548 τὰς

2163 1566 2338 1639 ψυχὰς
2364 1572 2471 1625 τῶν
2501 1572 2598 1625 ἀνθ
2608 1571 2821 1643 ρώπων.

2692 1742 2986 1801 ΨΑᾹΜΟΣ
3024 1747 3190 1806 ΡΛΘ¹.

2236 1836 2462 1902 Οἵτινες
2490 1836 2846 1905 ἐλογισαντο
2897 1841 3138 1895 ἀδικίαν
3175 1843 3244 1895 ἐν
3294 1845 3525 1913 καρδίᾳ,
3578 1846 3737 1916 ὅλην

2159 1928 2274 1994 τὴν
2310 1928 2539 1996 ἡμέραν
2572 1930 3024 1997 παρετάσσοηο
3053 1934 3371 2003 πολέμους,
3404 1954 3453 1990 κ.
3481 1956 3529 1990 τ.
3557 1940 3603 1992 ἑ.
3625 1941 3729 1993 Διὰ

2157 2018 2264 2070 τῶν
2295 2017 2404 2087 (64)
2432 2020 2708 2091 λογισμῶν
2735 2022 2867 2092 ἡμῖν
2894 2024 2943 2077 οἱ
2975 2023 3222 2095 δαίμονες
3270 2030 3730 2099 παρατάσσονται,

2160 2109 2287 2161 ποτὲ
2321 2111 2418 2179 μὲν
2440 2110 2733 2181 ἐπιθυμίας
2766 2115 3062 2180 κινοῦντες.
3092 2119 3220 2171 ποτὲ
3244 2119 3297 2172 δὲ
3324 2120 3512 2191 ὀργάς.
3547 2122 3738 2176 ἄλλοτε

2159 2201 2321 2253 πάλιν
2351 2202 2407 2255 ὲν
2431 2202 2610 2272 ταυτῷ
2631 2202 2800 2274 θυμὸν
2829 2206 2921 2259 κα)⁵
2947 2208 3256 2279 ἐπιθυμίαν,
3280 2212 3347 2263 δι’
3375 2205 3447 2265 ὧν
3472 2213 3679 2280 γίνεται
3706 2219 3737 2269 ὁ

2157 2292 2447 2363 λεγόμενος
2467 2294 2841 2365 πεπλεγμένος
2863 2298 3136 2367 λογισμός
3161 2302 3271 2355 ἀλλ’
3297 2297 3448 2367 οὗτος
3476 2306 3531 2357 ὲν
3556 2309 3733 2379 καιρῷ

2158 2383 2254 2452 τῆς
2290 2384 2519 2455 άκηδίας
2561 2387 2847 2455 συμϐαίνει
2910 2391 3089 2459 μόνον,
3119 2394 3168 2445 οἱ
3215 2393 3261 2446 δ’
3291 2394 3438 2447 ἄλλοι
3491 2398 3552 2449 ὲκ
3610 2399 3731 2451 δια-

2158 2473 2455 2544 λείμματος
2483 2476 2805 2546 ἐπέρχονται
2847 2481 3105 2552 ἀλλήλους
3130 2484 3514 2556 διαδεχόμενοι.
3543 2490 3641 2542 Τὸν
3667 2492 3730 2545 δὲ

2156 2566 2255 2637 τῆς
2293 2568 2520 2639 ἀκηδίας
2548 2572 2802 2640 λογισμὸν
2834 2575 2953 2626 κατ’
2985 2575 3197 2646 ἐκείνην
3240 2578 3337 2647 τὴν
3378 2580 3587 2652 ἡμέραν
3633 2584 3728 2635 οῦ-

2156 2658 2263 2721 δεὶς
2299 2658 2596 2730 διαδέχεται
2651 2664 3015 2735 διαλογισμὸς,
3077 2668 3291 2738 πρῶτον
3339 2672 3458 2741 μὲν,
3508 2674 3587 2726 ὅτι
3632 2678 3728 2728 καὶ

2155 2751 2409 2821 χρονίζει,
2439 2753 2626 2808 ἔπειτα
2651 2756 2708 2808 δὲ
2753 2758 2846 2810 καὶ
2887 2758 3071 2828 σχεδὸν
3126 2760 3331 2828 πάντας
3380 2766 3507 2829 τοὺς
3552 2766 3732 2836 λογίση-

2161 2843 2296 2911 μοὺς
2330 2843 2441 2913 ἔχει
2464 2846 2521 2899 ὲν
2553 2847 2747 2918 ἑαυτῷ.

2243 2937 2578 3004 Ἠκόνησαν
2609 2938 2722 3006 τὴν
2758 2939 3048 3010 γλῶσσαν
3085 2944 3284 2999 αὐτῶν
3324 2947 3461 3002 ὡσεί
3513 2949 3725 3018 ὄφεως.

2158 3045 2211 3080 κ.
2236 3045 2286 3080 τ.
2393 3030 2493 3082 Τὸν
2511 3030 2765 3095 ὀξύτατον
2792 3031 2900 3099 (65)
2924 3035 3182 3106 λογισμὸν
3211 3038 3534 3109 ἠκονημένον
3548 3040 3721 3109 λέγει.

2160 3121 2407 3185 Τοιοῦτος
2438 3122 2491 3176 δὲ
2520 3125 2610 3176 καὶ
2638 3128 2665 3178 ὁ
2689 3126 2824 3197 πρὸς
2853 3126 3200 3200 βλασφημίαν
3224 3130 3315 3185 τὸν
3347 3132 3463 3186 νοῦν
3482 3134 3727 3207 ὑφαρπά-

2162 3210 2269 3275 ζων
2298 3211 2574 3283 λογισμός.

2241 3303 2468 3367 Οἵτινες
2494 3302 2907 3375 διελογίσαντο
2931 3308 3037 3362 τοῦ
3062 3312 3464 3365 ὑποσκελίσαι
3509 3313 3578 3368 τὰ
3603 3314 3731 3371 61a-

2158 3385 2385 3457 6’Ii1mtci
2399 3410 2541 3460 μου,
2573 3411 2627 3449 κ.
2654 3412 2703 3447 τ.
2736 3396 2783 3448 ἐ.
2828 3396 2986 3450 Ἀλλά
3016 3400 3107 3452 καὶ
3134 3399 3242 3467 (66)
3286 3401 3355 3454 τά
3384 3403 3560 3471 φαῦλα
3604 3407 3731 3474 νοή-

2160 3492 2304 3545 ματα
2350 3479 2605 3545 πολλάκις
2643 3484 2693 3535 οἱ
2738 3483 2989 3555 δαίμονες
3045 3488 3106 3541 οὐ
3150 3489 3333 3558 γυμνά
3386 3492 3727 3546 ἀποτίθενται

2156 3567 2303 3635 ⁴ἡμῖν,
2338 3568 2423 3622 ἵνα
2454 3570 2528 3641 μὴ
2549 3572 2577 3623 ὁ
2604 3572 2729 3636 νοῦς
2757 3574 3013 3646 ἄντικρυς
3028 3578 3088 3631 τὸ
3115 3578 3305 3646 ἄλογον
3331 3581 3509 3634 αὐτῶν
3534 3583 3728 3637 θεασά-

2158 3672 2317 3725 μενος
2335 3699 2348 3721 ,
2377 3659 2503 3723 τοὺς
2528 3661 2815 3732 λογισμοὺς
2847 3667 3124 3742 ἀπορρίψει
3144 3685 3156 3698 ·
3189 3669 3326 3724 ἀλλὰ
3373 3674 3510 3744 μετά
3564 3692 3724 3731 τινων

2154 3747 2328 3801 ἀλλων
2359 3755 2748 3823 χρηστοφανῶν
2777 3759 3061 3829 νοημάτων
3102 3762 3170 3815 τά
3214 3765 3426 3836 πονηρά
3478 3768 3724 3838 νοήματα

2154 3840 2560 3911 ὲπισπείρουσισ
2620 3847 2713 3899 καὶ
2768 3848 2923 3903 τοῦτο
2992 3853 3148 3922 μόνον
3191 3856 3282 3909 ἐπὶ
3349 3856 3458 3912 τῶν
3511 3859 3728 3913 τελείων

2161 3932 2394 3998 ποιοῦσι,
2424 3936 2531 3989 τῶν
2567 3938 2639 4010 μὴ
2672 3940 2902 4009 ἐχόντων
2944 3944 3120 4014 πάθη·
3173 3951 3287 4011 τοίς
3315 3949 3421 4021 γὰρ
3455 3953 3727 4021 ἐμπαθέσι

2152 4022 2247 4076 καὶ
2271 4024 2598 4099 ἀκαθάρτοις
2628 4032 2722 4085 καὶ
2758 4035 3007 4106 φανερῶς
3032 4037 3353 4107 ἐμϐάλλουσι
3381 4042 3507 4105 τοὺς
3534 4043 3721 4111 λογισο

2154 4112 2309 4179 μοὺς,
2342 4113 2435 4178 οὓς
2463 4116 2785 4173 ἀπώσασθαι
2810 4123 3179 4182 ἀδυνατοῦσιν.

2219 4206 2552 4263 Ῑιεσοῦνται
2580 4210 2673 4262 ἐπ’
2698 4214 2919 4280 αὐτοὺς
2948 4216 3239 4285 ἄνθρακες
3276 4218 3485 4286 πυρὸς,
3521 4238 3575 4274 κ.
3594 4239 3645 4275 τ.
3666 4223 3723 4282 ἐς

2152 4295 2323 4351 Τοῦτο
2366 4298 2426 4353 τὸ
2471 4301 2582 4370 (67)
2643 4304 2753 4375 πῦρ
2798 4307 2891 4359 καὶ
2939 4308 2989 4360 οἱ
3045 4308 3307 4380 ἄνθρακες
3365 4312 3720 4369 κατακαίουσι

2079 4405 2123 4461 D
2152 4385 2305 4453 ξύλα,
2338 4390 2548 4463 χόρτον,
2582 4394 2853 4467 καλάμην,
2883 4398 2980 4462 τὰς
3007 4399 3284 4473 μοχθηρὰς
3312 4402 3453 4469 ἕξεις
3483 4423 3719 4461 καταναη

2153 4476 2429 4535 λίσκοντα.

2229 4570 2488 4640 Ἕγνων,
2530 4571 2618 4627 ὅτι
2666 4574 2903 4641 ποιήσει
2948 4580 3163 4646 Κύριος
3209 4582 3323 4650 τὴν
3354 4585 3557 4652 κρίσιν
3612 4585 3718 4640 τοῦ

2151 4662 2406 4729 πτωχοῦ,
2438 4663 2537 4717 καὶ
2566 4663 2681 4733 τὴν
2722 4666 2901 4737 δίκην
2946 4669 3062 4724 τῶν
3107 4672 3402 4740 πενήτων,
3461 4693 3515 4729 κ.
3568 4694 3617 4730 τ.
3666 4678 3716 4730 ἑ.

2151 4750 2456 4821 Προφητεία
2492 4754 2600 4826 (68)
2634 4757 2790 4811 τοῦτο
2823 4761 2949 4831 περ),
2980 4761 3081 4831 τῆς
3136 4762 3433 4835 μελλούσης
3466 4766 3718 4836 κρίσεως,

2150 4838 2269 4892 καθ’
2318 4842 2383 4911 ἢν
2431 4844 2536 4899 τῶν
2582 4847 2794 4903 ἀσεϐῶν
2848 4850 2924 4921 τῷ
2978 4852 3113 4922 πυρ)⁸
3152 4854 3586 4925 παραδιδομένων
3638 4857 3718 4918 είς

2147 4928 2327 4984 ἄνεσιν
2376 4934 2423 4986 οί
2480 4936 2675 4992 δίκαιοι
2721 4941 3258 5012 παραληφθήσονται.
3310 4944 3586 4998 Ἐντεῦθεν
3625 4948 3722 4999 καὶ

2147 5018 2395 5090 Σολομὼν
2424 5023 2723 5096 ὠφεληθεὶς
2755 5026 2905 5081 εἶπεν
2924 5046 2937 5060 '
2988 5049 3007 5080 ι
3051 5031 3171 5084 Ὀτι
3211 5033 3318 5085 πᾶν
3350 5033 3410 5086 τὸ
3449 5034 3657 5105 ποίημα
3687 5035 3721 5086 6

2145 5109 2276 5175 Θεὸς
2303 5113 2419 5177 ἄξει
2450 5118 2530 5180 είς
2560 5119 2759 5190 κρίσιν.
2796 5140 2815 5174 s
2860 5122 2953 5185 Είς
2978 5123 3211 5193 χρηστὸν
3242 5124 3300 5176 δὲ
3354 5124 3505 5188 τέλος
3553 5125 3715 5178 κατέ-

2146 5202 2325 5273 ληξεν,
2355 5208 2476 5262 ἐπεὶ
2534 5210 2628 5264 καὶ
2681 5229 2699 5263 ι
2733 5212 2815 5277 είς
2868 5213 3020 5278 τέλος
3054 5235 3072 5269 ι
3128 5215 3561 5289 ἐπιγέγραπται,
3619 5216 3716 5287 τὴν

2250 5493 2338 5561 65)
2369 5493 2479 5548 Τὸν
2512 5493 2832 5558 ὀξύτατον.
2863 5505 2970 5563 etc.
3005 5494 3238 5549 Eaedem.

2250 5493 2338 5561 65)
2369 5493 2479 5548 Τὸν
2512 5493 2832 5558 ὀξύτατον.
2863 5505 2970 5563 etc.
3005 5494 3120 5548 Emd

2224 5492 2335 5631 (66)
2388 5565 2565 5618 Ἀλλὰ
2593 5565 2711 5626 καί,
2746 5574 2851 5618 etc.
2888 5565 3120 5619 Eaedem.

2364 5632 2544 5715 Ἱ-ῥῦτο
2574 5634 2662 5715 τόἲ
2692 5644 2797 5715 etc.
2825 5634 3057 5715 Em‘dem.
3136 5703 3172 5715 ⁸
3257 5703 3270 5715 _
3341 5703 3374 5715 η

2222 5703 2334 5775 (68)
2366 5704 2721 5775 Προφητείιι,
2746 5713 2852 5760 ctc.
2884 5704 3084 5761 Catena
3130 5703 3395 5760 Corderii.

2315 5563 2335 5776 ξ
