4066 6236
351 283 488 339 1665
1338 283 1650 342 SELECTA
1692 287 1760 342 ta
1801 287 2141 345 psanuos.
2183 320 2249 331 —
2289 293 2483 350 I’SAL.
2519 299 2703 351 eam.
3484 308 3622 366 mm;

344 403 717 477 ἀποκειμένην
747 406 857 470 τοῖς
879 405 1106 470 δικαίοις
1138 405 1312 474 λέγων
1342 407 1553 461 ἐλπίδα.
1602 427 1620 458 ι
1655 410 1924 481 Κατοική-

2041 411 2143 465 Pro
2178 428 2197 462 ι
2228 425 2352 466 cum
2387 413 2534 466 vultu
2565 423 2656 468 tuo
2699 433 2716 464 ι
2751 413 3109 484 Symmachus
3137 419 3232 485 ait,
3271 437 3292 472 ι
3327 424 3468 492 apud
3502 428 3624 482 vul-

347 515 531 551 σουσιν
564 497 739 560 εύθεῖς
767 496 865 550 σὺν
891 495 972 567 τῷ
1005 494 1283 567 προσώπῳ
1307 514 1421 551 σου.
1451 516 1468 548 ι
1523 498 1668 550 Ἀντὶ
1691 498 1748 550 δὲ
1781 518 1799 548 ι
1838 499 1924 552 σὺν

2044 511 2156 557 tum
2199 513 2391 557 tuum:
2432 524 2451 557 ι
2491 507 2747 574 quodest
2797 522 2932 577 pura
2980 521 3164 565 mente
3205 511 3397 568 faciem
3433 514 3522 571 Dei
3555 518 3624 570 ad

343 588 424 658 τῷ
447 587 724 660 προσώπῳ
757 605 849 641 σου
894 607 913 639 s
950 589 978 640 ὁ
1008 587 1304 658 Σύμμαχος
1338 605 1357 638 t
1402 588 1554 660 παρά
1580 588 1659 659 τῷ
1713 589 1924 662 προσώ-

2041 595 2233 650 l’acictu
2264 595 2474 652 videre.

346 695 433 748 πῳ
461 696 552 732 σου
597 698 615 730 ι
647 679 815 746 λέγει,
841 678 902 732 τὸ
927 676 1318 749 κεκαθαρμένη
1376 677 1585 750 διανοίᾳ
1641 679 1933 749 πρόσωπον

345 770 482 842 πρὸς
507 770 796 842 πρόσωπον
827 772 960 842 ὁρᾷν
988 771 1080 824 τοῦ
1110 769 1268 824 Θεοῦ.
2251 800 2287 838 ς

903 953 1194 1009 ΨΑΛΜΟΣ
1233 955 1371 1008 PM'.

2560 946 2884 1009 I'SALMUS
2923 952 3079 1010 CXL.

415 1046 880 1112 Κατευθυνθήτω
913 1049 950 1115 ἡ
996 1045 1308 1114 προσευχή
1349 1063 1470 1114 μου
1527 1043 1608 1111 ὡς
1667 1046 1924 1114 θυμίημα

2110 1049 2275 1103 Vens.
2301 1046 2354 1100 2.
2395 1039 2678 1116 Dirtgatur
2722 1052 2896 1101 oratio
2928 1065 3043 1102 mea
3089 1048 3223 1104 sicut
3268 1050 3534 1103 incensum
3562 1048 3616 1101 in

339 1137 600 1192 ἐνώπιόν
621 1151 762 1199 σου,
791 1156 844 1192 κ.
871 1156 920 1192 τ.
952 1139 999 1192 ὲ.
1062 1137 1264 1191 Τούτου
1294 1137 1402 1206 (69)
1451 1135 1839 1191 κατευθύνεται
1891 1140 1924 1210 ἡ

2038 1149 2317 1209 conspectu
2350 1151 2462 1202 tuo,
2498 1150 2604 1191 etc.
2641 1139 2814 1206 Ilujus
2851 1140 3108 1210 dirigitur
3139 1139 3317 1196 oratio
3363 1141 3504 1195 sicut
3537 1140 3620 1192 in-

341 1232 617 1302 προσευχὴ
646 1231 721 1294 ὡς
757 1231 1028 1302 θυμίαμα,
1060 1230 1152 1284 τοῦ
1190 1230 1490 1300 δυναμένου
1520 1232 1722 1284 εἰπεῖν·
1767 1231 1924 1300 «Χρι-

2035 1247 2283 1296 censum,
2320 1232 2413 1300 qui
2471 1239 2647 1299 potest
2682 1231 2864 1284 dicere
2900 1246 2914 1282 :
2946 1248 2965 1281 t
2999 1229 3206 1284 Christi
3261 1230 3436 1284 bonus
3483 1229 3618 1284 odor

342 1321 468 1375 στοῦ
500 1321 698 1375 εὐωδία
730 1322 896 1392 ἐσμὲν
939 1323 998 1374 ἐν
1036 1323 1149 1384 τοῖς
1197 1319 1525 1390 σωζομένοις
1559 1319 1654 1374 καὶ
1709 1322 1768 1375 ἐν
1814 1323 1924 1385 τοῖς

2035 1336 2222 1376 sumus
2245 1321 2298 1374 in
2336 1320 2404 1376 iis
2430 1320 2522 1390 qui
2550 1319 2852 1385 salvantur,
2886 1331 2942 1373 et
2972 1321 3112 1374 iniis
3137 1319 3225 1389 qui
3263 1319 3611 1390 pereunt'hs

336 1411 748 1481 ἀπολλυμένοις.
793 1431 811 1462 ι

412 1503 550 1566 Θοῦ,
579 1505 776 1570 Κύριε,
808 1499 1094 1571 φυλακὴν
1131 1501 1212 1567 τῷ
1245 1503 1500 1571 στόματί
1520 1520 1661 1572 μου,
1709 1520 1762 1556 κ.
1788 1520 1836 1556 τ.
1872 1503 1918 1557 ἐ.

334 1593 503 1647 Οὐδὲν
525 1592 667 1646 οὕτω
696 1593 956 1662 φυλάσσει
982 1593 1079 1664 τὴν
1108 1592 1333 1664 καρδίαν
1373 1595 1405 1664 ἡ
1416 1594 1532 1663 μῶν
1557 1593 1633 1658 ὡς
1684 1596 1712 1647 ό
1761 1594 1926 1662 φόϐος

332 1686 429 1740 τοῦ
463 1685 620 1752 Θεοῦ,
664 1685 718 1739 ετ
737 1703 800 1756 γε
836 1685 914 1758 τῷ
943 1686 1092 1759 φόϐῳ
1124 1688 1332 1758 Κυρίου
1380 1687 1616 1744 ἐκκλίνει
1663 1689 1771 1750 πᾶς
1813 1687 1921 1740 ἀπὸ

333 1778 529 1831 κακοῦ.

412 1871 662 1923 Ἔλαιον
693 1867 762 1921 δὲ
795 1867 1148 1937 ἁμαρτωλοῦ
1166 1867 1252 1938 μὴ
1280 1866 1588 1922 ducar-cito)
1608 1866 1723 1934 τὴν
1745 1883 1924 1935 κεφα-

328 1958 454 2024 λήν
485 1975 626 2027 μου,
665 1977 719 2011 κ.
776 1976 828 2014 τ.
875 1962 920 2011 ἐ.
982 1959 1203 2012 Ἐλαιον
1253 1959 1400 2026 λέγει
1451 1957 1776 2029 ἀμαρτωλοῦ
1823 1956 1921 2027 τὴν

329 2049 576 2104 εὐποιίαν
597 2091 609 2114 ,
643 2051 740 2121 τὴν
769 2051 843 2123 μὴ
878 2050 965 2103 διὰ
994 2049 1195 2119 γνῶσιν
1247 2049 1382 2103 Θεοῦ
1418 2049 1742 2119 γενομένην,
1785 2046 1920 2101 ἀλλὰ

326 2141 417 2197 διὰ
443 2142 599 2210 δόξαν
635 2143 732 2214 τὴν
767 2121 917 2215 παρά
959 2142 1295 2215 ἀνθρώπων·
1328 2142 1488 2196 τοῦτο
1523 2143 1630 2213 γάρ
1669 2143 1785 2194 ἐστι
1826 2141 1921 2194 καὶ

2029 2139 2085 2182 ιιι
2118 2128 2288 2195 gloria
2325 2127 2392 2178 ab
2422 2125 2737 2178 hominibus
2769 2130 3018 2191 captetur
3041 2136 3052 2170 ε
3076 2123 3181 2177 hoc
3205 2121 3350 2177 enim
3373 2133 3457 2179 est
3481 2125 3604 2178 tuba

2022 2235 2222 2275 cauere
2247 2233 2371 2271 cum
2407 2216 2466 2270 ﬁt
2488 2216 2862 2286 eleemosyna.

2107 1492 2271 1546 Van.
2302 1492 2357 1545 ’5.
2393 1487 2559 1554 Pone,
2590 1486 2834 1551 Domine,
2873 1486 3172 1540 custodiam
3211 1486 3294 1540 ori
3329 1503 3462 1551 meo,
3500 1493 3610 1543 etc.

2034 1587 2177 1641 Nihil
2213 1601 2310 1639 cor
2343 1592 2596 1636 nostrum
2637 1594 2791 1648 aeque
2831 1583 3070 1634 custodit
3098 1597 3162 1636 ac
3187 1583 3348 1636 timor
3385 1583 3498 1647 Dei,
3538 1583 3613 1638 si-

2031 1678 2251 1748 quidem
2281 1675 2478 1728 timore
2515 1672 2604 1725 Dei
2644 1670 2870 1741 quilibet
2897 1687 2926 1725 a
2963 1670 3106 1727 malo
3134 1671 3397 1728 declinat.

1952 1755 1992 1808 Β

2100 1851 2265 1905 Vens.
2309 1850 2361 1903 5.
2418 1847 2607 1902 Oleum
2650 1857 2828 1900 autem
2865 1847 3154 1914 peccatoris
3187 1863 3290 1901 non
3322 1848 3608 1919 iutpiuguct

2026 1955 2182 2012 caput
2207 1941 2375 2012 839
2403 1956 2596 2004 meum,
2623 1947 2733 1993 etc.
2769 1936 2960 1992 Oleum
2988 1939 3288 2008 peccatoris
3323 1951 3479 1994 vocat
3509 1942 3607 1996 be-

2028 2034 2310 2097 neﬁcium,
2339 2033 2480 2100 qttnd
2512 2047 2617 2084 non
2649 2037 2870 2098 propter
2899 2031 3262 2099 cognitionem
3291 2028 3381 2085 Dei
3409 2029 3489 2094 ill,
3510 2034 3604 2086 sed

325 2235 389 2290 τὸ
413 2236 694 2301 σαλπίζειν
721 2235 813 2290 τὸν
841 2236 941 2305 τὴν
969 2234 1338 2306 ἐλεημοσύνην
1374 2234 1652 2287 ποιοῦντα.

399 2327 737 2382 Πεσοῦνται
771 2327 842 2380 ὲν
866 2327 1298 2396 ἀμφιϐλήστρῳ
1338 2324 1525 2378 αὑτοῦ
1558 2323 1916 2392 ἁμαρτωλοί,

325 2436 381 2472 κ.
412 2437 467 2475 τ.
503 2420 547 2472 ὲ.
595 2418 1028 2490 Ἀμφίδληστρόν
1054 2420 1169 2471 ἐστι
1197 2418 1418 2480 κόλασις
1447 2416 1664 2486 ποικίλη
1711 2417 1775 2468 ἐκ
1820 2415 1916 2486 βυ-

2029 2405 2364 2461 lletiaculum
2394 2410 2522 2456 sunt
2551 2400 2716 2455 varia!
2743 2415 2920 2469 ptrna:
2947 2416 3068 2471 quae
3089 2416 3154 2456 ex
3187 2401 3457 2470 profundo
3487 2419 3603 2457 ma-

325 2510 420 2564 θοῦ
446 2510 644 2574 κακίας
672 2510 1014 2582 ἀνιμωμένη.
1043 2510 1202 2563 Ἀλλά
1233 2509 1389 2563 τοῦτο
1421 2509 1482 2562 τὸ
1505 2507 1918 2579 ἀμφίϐληστρον

2029 2499 2151 2553 Ιὶιίίιι
2190 2497 2509 2552 extrahunt.
2569 2490 2676 2547 Sed
2716 2491 2849 2546 illud
2892 2492 3213 2571 retiaculum
3246 2493 3312 2547 ad
3355 2492 3600 2548 futurum

324 2601 418 2653 τοῦ
456 2601 741 2672 μέλλοντός
766 2604 914 2656 ἐστιν
940 2602 1156 2665 αἰῶνος·
1186 2601 1280 2654 τοῦ
1317 2601 1372 2654 δὲ
1398 2599 1692 2663 ἐνεστῶτος
1719 2598 1916 2662 αἰῶνός

2029 2590 2259 2660 pertinet
2297 2584 2590 2645 Stet-tilum;
2638 2583 2924 2651 przcseutis
2959 2595 3092 2634 vero
3139 2580 3322 2636 sa'culi
3374 2582 3604 2635 retiacu-

324 2693 471 2746 ἐστιν
529 2694 940 2765 ἀμφίϐληστρον
994 2693 1310 2748 διδασκαλία
1371 2689 1736 2762 πνευματικὴ,
1786 2689 1915 2752 τοὺς

2029 2683 2128 2737 lunt
2161 2689 2245 2737 est
2270 2679 2521 2733 doctrina
2537 2677 2822 2747 spiritalis,
2858 2690 2981 2746 qua:
3005 2689 3035 2728 a
3073 2673 3170 2729 Dei
3199 2672 3348 2728 cultu
3373 2686 3604 2730 aversos

322 2783 805 2855 ἀποπλανηοέντας
839 2784 945 2838 ἀπὸ
978 2783 1076 2856 τῆς
1104 2783 1414 2848 θεοσεϐείας
1449 2784 1541 2837 ἐπὶ
1579 2784 1678 2853 τὴν
1705 2777 1910 2853 ἀρετὴν

2029 2773 2082 2828 Id
2121 2774 2368 2827 virtutem
2406 2776 2645 2824 revocat.

323 2875 524 2943 ἀνάγου
533 2893 620 2932 σπι.

2095 2311 2261 2364 Vens.
2293 2307 2380 2361 10.
2417 2305 2621 2362 Cadent
2653 2308 2705 2359 in
2725 2306 2984 2361 retiaculo
3011 2307 3126 2377 ejus
3147 2317 3469 2375 peccatores,
3492 2317 3601 2364 etc.

1916 2994 1988 3005 ..ι-

863 3059 1158 3113 ΨΛΛΜΟΣ
1197 3060 1378 3113 PMA'.

2540 3041 2664 3097 PSA
2675 3042 2865 3096 LMUS
2915 3040 3100 3096 CXLI.

392 3151 566 3220 Φωνῇ
588 3169 709 3220 μου
755 3151 907 3217 πρὸς
947 3149 1170 3218 Κύριον
1202 3150 1521 3217 ἐκέκραξα,
1572 3148 1744 3220 φωνῇ
1785 3168 1905 3221 μου

2084 3139 2246 3194 Vens.
2263 3136 2320 3189 2.
2345 3133 2483 3187 Voce
2512 3147 2627 3184 mea
2653 3132 2724 3183 ad
2760 3130 3041 3183 Dominum
3066 3129 3310 3195 clamavi,
3333 3145 3458 3184 voce
3479 3148 3604 3185 meat

316 3243 464 3311 πρε-ς
496 3245 717 3310 Κύριον
739 3242 1018 3308 ἐδεήθην,
1050 3260 1102 3296 κ.
1139 3261 1190 3300 τ.
1215 3244 1261 3296 ἐ.
1307 3243 1396 3306 Ὠς
1434 3243 1596 3311 φύσιν
1648 3242 1759 3311 (70)
1791 3220 1905 3312 ἔχει

2029 3232 2077 3284 id
2113 3227 2397 3282 Dominum
2434 3221 2742 3286 deprecatus
2787 3236 2922 3282 sum,
2957 3230 3064 3275 etc.
3123 3220 3590 3286 Quemadmodum

318 3335 378 3386 τὸ
408 3332 518 3404 πῦρ
539 3331 841 3404 ἀνώφορον,
866 3333 1038 3396 οὕτως
1059 3335 1092 3404 ἡ
1125 3332 1218 3386 τοῦ
1246 3333 1456 3385 δικαίου
1479 3332 1654 3401 φωνὴ,
1678 3333 1736 3386 τὸ
1768 3331 1906 3403 πρὸς

2031 3323 2153 3393 guis
2180 3328 2373 3372 nalttra
2415 3328 2634 3366 sursum
2675 3312 2870 3374 fertur,
2913 3312 2982 3364 ita
3009 3321 3062 3364 et
3090 3311 3222 3380 justi
3255 3327 3353 3364 vox
3396 3313 3462 3365 ad
3494 3313 3596 3366 Du-

321 3423 522 3496 Κύριον
555 3423 822 3492 γίνεσθαι,
854 3424 947 3478 καὶ
966 3424 1129 3477 οἱονεὶ
1162 3423 1550 3496 προκαλεῖσθαι
1587 3425 1751 3478 αὑτὸν
1810 3424 1904 3476 ἐπὶ

2029 3415 2215 3468 uinum
2248 3411 2474 3476 clamat,
2507 3420 2562 3464 et
2611 3407 3014 3476 quodammodo
3061 3407 3235 3476 ipsum
3291 3405 3485 3459 invitat
3532 3418 3592 3460 ut.

317 3513 378 3567 τὸ
405 3515 665 3586 παρέχειν
693 3507 769 3567 ὦν
797 3532 878 3578 τις
911 3514 1080 3567 δεῖται
1109 3516 1216 3568 ἀπὸ
1242 3515 1399 3571 Θεοῦ.

2029 3506 2245 3558 lrzelieat
2270 3519 2333 3557 ea
2360 3503 2559 3572 quibus
2589 3497 2712 3569 quis
2753 3510 2887 3566 opus
2913 3496 3074 3551 habet
3108 3511 3136 3548 a
3173 3496 3302 3550 Deo.

2077 3595 2237 3650 Vens.
2277 3595 2332 3649 5.
2385 3594 2673 3663 Effundam
2727 3590 2780 3642 in
2821 3597 3100 3656 conspectu
3148 3588 3264 3657 ejus
3297 3586 3589 3641 orationem

314 3695 412 3747 0.16
420 3696 525 3761 ψιν
548 3712 668 3763 μου
719 3693 977 3748 ἐνώπιον
1010 3695 1198 3750 αὐτοῦ
1224 3698 1227 3699 ⁷
1257 3696 1597 3766 ἀπαγγελῶ,
1635 3717 1690 3754 κ.
1734 3715 1784 3754 τ.
1851 3698 1898 3752 ἐ.

2029 3703 2191 3748 ueam.
2220 3695 2265 3740 et
2293 3685 2685 3738 tribulationem
2711 3696 2877 3734 meam
2906 3688 3028 3733 ante
3050 3679 3217 3748 ipsum
3237 3679 3589 3743 aunuutiabo,

324 3785 383 3841 '0
413 3787 552 3858 μόνα
581 3789 692 3858 (7|)
720 3789 929 3859 μεγάλα
957 3789 1052 3842 καὶ
1072 3791 1372 3861 ἐπουράνια
1402 3790 1589 3853 αἰτῶν,
1616 3791 1710 3843 καὶ
1731 3807 1901 3862 προσ-

2029 3787 2106 3831 :te.
2145 3776 2245 3844 Qui
2277 3775 2390 3830 sola
2430 3789 2622 3844 magna
2652 3782 2705 3828 et
2732 3769 2975 3825 cmlestia
3010 3767 3267 3840 postulat,
3309 3777 3362 3822 et
3389 3769 3586 3838 spiritu

311 3877 603 3948 ευχόμενος
636 3877 910 3949 πνεύματι
955 3879 1148 3949 καινῷ,
1193 3879 1386 3951 Οαρῤεἴ
1427 3879 1657 3934 ἐνώπιον
1693 3879 1896 3952 Κυρίου

2029 3887 2143 3925 ιονο
2176 3879 2328 3934 orat,
2367 3883 2486 3923 cum
2520 3866 2715 3920 ilducia
2749 3877 2967 3933 precem
3003 3876 3156 3914 suam
3201 3861 3254 3915 in
3291 3870 3586 3930 conspectu

312 3969 497 4040 ἐκχέαι
525 3971 621 4042 τὴν
653 3970 836 4042 δέησιν
866 3969 1095 4035 ἐαυτοῦ,
1153 3971 1304 4025 οὐδὲν
1330 3971 1607 4034 ταπεινὸν,
1649 3972 1768 4024 οὐδὲ
1809 3972 1897 4024 ai-

2029 3965 2094 4019 lei
2123 3961 2373 4024 effundit,
2417 3959 2550 4014 nihil
2586 3959 2710 4022 vile,
2749 3957 2885 4012 nihil
2919 3966 3076 4024 turpe
3112 3955 3164 4008 in
3199 3956 3378 4025 seipsa
3411 3953 3586 4007 conti-

311 4063 473 4132 σχρόν
498 4079 549 4114 τι
579 4062 636 4113 ἐν
663 4063 830 4134 ἑαυτῇ
865 4062 1091 4133 ἔχουσαν
1112 4081 1124 4092 ·
1159 4064 1320 4118 ὁποῖά
1340 4065 1488 4117 ἐστιν
1532 4066 1590 4118 ἐν
1621 4067 1740 4128 ταῖς
1775 4064 1897 4136 δεή-

2029 4066 2217 4112 ιθηιοιιι
2246 4073 2258 4108 :
2285 4055 2467 4124 qualia
2504 4062 2631 4107 sunt
2668 4054 2720 4106 in
2757 4049 3012 4121 precibus
3061 4061 3248 4102 eorum
3286 4047 3377 4115 qui
3414 4046 3581 4099 tnulta

310 4169 423 4204 σεσι
455 4153 563 4207 τῶν
627 4153 1116 4224 βαττολογούντων,
1152 4156 1246 4208 καί
1298 4156 1397 4210 ούκ
1451 4155 1576 4219 ἄξια
1625 4154 1761 4208 Θεοῦ
1812 4158 1897 4209 αἱ-

2029 4150 2342 4204 ›Ι;ιιθι·ιιιιιρι
2379 4147 2598 4216 indigna
2637 4145 2748 4199 Deo
2771 4151 2984 4213 petunt,
3020 4139 3102 4195 vel
3130 4155 3224 4196 eas
3260 4155 3364 4194 non
3389 4155 3420 4194 e
3445 4154 3586 4209 puro

306 4243 560 4303 τούντων,
655 4246 762 4297 ἀπὸ
798 4247 1045 4318 καθαρᾶς
1070 4246 1296 4319 καρδίας
1337 4247 1655 4317 ἐκχεόντων.
1709 4247 1892 4315 Ἀγίου

2035 4244 2163 4297 orde
2189 4239 2495 4296 eﬂttndunt.
2530 4238 2788 4292 Sanctam
2827 4235 2994 4303 igitur
3037 4233 3284 4288 continet
3321 4231 3580 4285 lidueiam

306 4329 394 4387 οὖν
427 4336 736 4406 παρρησίας
765 4336 945 4406 ἔχεται
969 4341 998 4390 ό
1027 4339 1226 4408 στίχος,
1260 4338 1319 4391 ὃν
1355 4340 1454 4392 ούκ
1487 4339 1726 4408 εὐλόγως
1772 4341 1890 4412 ἐρεῖ

2038 4335 2087 4388 ic
2124 4345 2516 4400 versus,queut
2544 4346 2648 4384 non
2683 4328 2840 4382 facile
2871 4325 3110 4396 proferet
3151 4334 3407 4394 peccator
3440 4339 3458 4389 ;
3489 4339 3578 4377 se-

304 4429 331 4480 ό
361 4402 684 4499 ἁμαρτωλός
703 4446 715 4458 ’
741 4402 835 4482 καί.
865 4429 955 4483 τὸν
987 4402 1251 4500 ἐξῆςηδὲό
1274 4433 1331 4485 ἐν
1363 4431 1525 4484 παντὶ
1556 4402 1888 4508 θλίϐόμενος,

2029 4435 2256 4492 ιιιιιιιιοιιι
2287 4439 2412 4478 vero
2443 4422 2821 4492 pronuntiabit
2851 4422 2895 4475 is
2919 4419 3011 4489 qui
3047 4418 3099 4472 in
3133 4414 3576 4471 Omnibustribtt-

305 4519 418 4572 ἀλλ’
450 4519 512 4572 οὐ
549 4520 1083 4592 στενοχωρούμενος,
1117 4522 1467 4595 καυχώμενος
1505 4525 1563 4576 ἐν
1596 4526 1716 4587 ταῖς
1759 4525 1892 4578 ὑπο-

2029 4527 2164 4582 atnr,
2207 4517 2299 4570 sed
2338 4531 2445 4569 non
2481 4513 2849 4584 augustiatur,
2895 4513 3004 4566 into
3047 4511 3099 4564 in
3131 4508 3578 4563 tribttlatimiibus

307 4611 470 4681 μονὴν
501 4612 1000 4683 κατεργαζομέναις
1028 4613 1260 4683 θλίψεσι,
1294 4615 1372 4685 τῷ
1399 4615 1602 4669 ὁδεύειν
1635 4615 1731 4687 τὴν
1769 4633 1891 4670 στε-

2037 4623 2118 4661 na:
2149 4606 2468 4676 patientiam
2506 4615 2830 4673 operantur,
2878 4603 3168 4674 gloriatur,
3213 4614 3278 4653 eo
3306 4601 3453 4668 quod
3489 4599 3573 4650 in-

303 4704 397 4777 νὴν
457 4706 550 4758 καὶ
598 4704 967 4777 τεθλιμμένην
1046 4706 1365 4775 ἀπάγουσαν
1419 4709 1512 4761 ἐπὶ
1577 4708 1675 4780 τὴν
1740 4708 1887 4784 ζωὴν

2029 4700 2150 4753 edat
2190 4713 2289 4766 per
2327 4707 2530 4751 arctam
2563 4705 2618 4750 et
2661 4705 2942 4763 angustam
2985 4693 3126 4745 viam
3167 4706 3286 4759 qua:
3327 4689 3474 4743 ducit
3503 4687 3571 4742 ad

303 4794 441 4850 ὀδόν.

2029 4792 2176 4844 itam.

383 4889 487 4942 Ἐν
509 4887 627 4954 ὀδῷ
657 4889 844 4957 ταύτῃ
868 4887 906 4956 ᾖ
939 4888 1316 4958 ἐπορευόμην
1344 4889 1623 4958 ἔκρυψαν
1661 4889 1884 4960 παγίδα

2060 4881 2226 4936 Vens.
2251 4879 2306 4936 4.
2339 4879 2402 4933 1η
2441 4881 2520 4934 ria
2542 4879 2640 4930 hac
2665 4891 2769 4946 qua
2805 4873 3143 4928 ambulabam
3184 4872 3568 4925 absconderem

297 4999 416 5051 μοι,
449 4998 504 5034 κ.
533 4998 582 5033 τ.
608 4981 654 5033 ὲ.
690 4980 900 5044 Πὰσαις
928 4983 976 5034 οἱ
1002 4980 1186 5052 ἐχθροὶ
1215 4980 1326 5050 ('72)
1366 4979 1521 5050 ἡμῶν
1560 4979 1882 5033 ἐπιϐουλεύ-

2029 4991 2227 5044 ιιιιιειιηι
2255 4973 2406 5033 milii,
2430 4967 2814 5024 etc.0mnibtts
2846 4965 3360 5020 virtutibusinituici
3397 4963 3566 5019 nostri

301 5091 416 5126 wcn.
452 5076 573 5137 ταῖς
601 5074 854 5144 ἀρεταῖς*
887 5073 984 5127 καὶ
1014 5076 1072 5127 ἐν
1104 5074 1202 5144 μὲν
1233 5075 1300 5144 τῇ
1330 5071 1553 5144 ἀνδρείᾳ
1582 5072 1883 5143 κρύπτουσι

2029 5068 2340 5122 tsidianlur.
2392 5063 2446 5115 In
2508 5060 2826 5114 fortitudine
2912 5059 3223 5114 timiditatis
3318 5060 3564 5130 laqueum

299 5164 392 5236 τὴν
420 5165 518 5235 τῆς
544 5164 744 5230 δειλίας
773 5165 998 5234 παγίδα,
1035 5166 1130 5217 καὶ
1168 5167 1226 5218 ἐν
1252 5166 1317 5235 τῇ
1353 5163 1619 5235 πραότητι
1674 5163 1881 5233 ἐμϐάλ-

2029 5159 2352 5219 bsconduut,
2385 5158 2436 5207 in
2478 5151 2899 5207 mansuetudine
2955 5151 3238 5204 audaciam
3292 5148 3562 5216 injit-ittm,

300 5274 442 5311 Αουσι
468 5257 568 5329 τὴν
585 5255 922 5328 θρασύτητα,
952 5256 1046 5310 καὶ
1078 5257 1136 5310 ἐν
1162 5257 1228 5326 τῇ
1286 5253 1624 5325 ἐλεημοσύνη
1683 5252 1744 5305 τὸ
1799 5251 1876 5324 μὴ

2029 5261 2220 5320 ιιιιιίιιιο
2244 5263 2460 5317 operam
2491 5254 2549 5299 ut
2573 5261 2695 5300 cum
2727 5245 2784 5298 iit
2810 5244 3180 5314 elcemosyna,
3211 5259 3314 5297 non
3342 5251 3564 5313 propter

297 5349 379 5404 te.
411 5349 502 5403 τὸν
533 5349 686 5415 Θεὸν,
713 5347 849 5403 ἀλλά
886 5349 974 5403 διὰ
1005 5348 1130 5414 τοὺς
1159 5348 1401 5420 δρῶντας
1451 5347 1620 5400 ἐλεεῖν
1639 5364 1652 5377 ·
1685 5347 1780 5400 καὶ¹
1818 5350 1877 5402 ἐν

2029 5359 2180 5409 eum,
2208 5342 2304 5396 sed
2334 5349 2556 5410 propter
2580 5337 2827 5392 videntes
2861 5335 2993 5404 ﬁat;
3022 5344 3079 5391 et
3107 5349 3226 5390 cum
3258 5333 3563 5406 jejuuatut,

360 5471 406 5502 ’κ
433 5469 472 5523 ll
499 5470 624 5524 Cor.
658 5469 818 5533 ".15.

359 5564 470 5628 (69)
518 5565 759 5628 Τούτου,
787 5573 896 5619 etc.
932 5562 1078 5618 Istud
1106 5559 1351 5618 scholica
1384 5573 1592 5615 necnon
1629 5559 1734 5613 duo
1765 5573 1855 5615 se-

363 5635 504 5688 entia
538 5635 590 5687 itt
619 5635 758 5690 hunc
783 5633 1048 5695 psalmum
1075 5631 1379 5695 fragmenta
1410 5629 1669 5687 exhibent
1691 5631 1860 5688 Sche-

2043 5556 2136 5623 (70
2195 5555 2293 5619 ’.ἃς
2320 5553 2530 5622 φύσιν,
2564 5561 2670 5606 etc.
2701 5551 2906 5608 Catena
2937 5551 3204 5608 Corderii.

2041 5555 2158 5695 (7|;
2190 5624 2252 5677 '0
2272 5626 2449 5693 μόνα,
2476 5634 2585 5695 etc.
2614 5622 2834 5695 Eadem.
2913 5691 2940 5695 _
2987 5693 2993 5695 Α
3073 5693 3084 5695 _
3176 5688 3200 5695 Α

294 5622 590 5707 queutiain
619 5622 758 5690 hunc
781 5633 1048 5707 psalmqu
1075 5631 1379 5705 fragmenta
1410 5629 1669 5687 exhibent
1691 5631 1860 5688 Sche-
2186 5624 2449 5707 ξ-υμόνα,
2472 5622 2834 5707 ριο.ΛΕτιιμιιιιι.

295 5688 369 5759 tia:
401 5703 607 5759 Grabii.
744 5688 836 5707 ﬁ"
1105 5688 1108 5689 ν
1162 5688 1192 5705 υ

2039 5688 2152 5769 (72)
2178 5688 2408 5760 Πάὶῖαις
2429 5695 2483 5746 οι
2509 5693 2735 5762 ἐχθροί,
2763 5702 2871 5750 etc.
2907 5691 3136 5750 Sclteda
3163 5688 3372 5750 Grabii.

401 3603 622 3674 Ἑκχεῶ
650 3605 930 3658 ἐναντίον
965 3605 1153 3660 αὐτοῦ
1187 3605 1300 3673 τὴν
1348 3605 1564 3672 δέησίν
1595 3624 1737 3677 μου,
1788 3605 1912 3673 τὴν
