1913 3429
40 126 141 155 1681
607 122 761 152 SELECTA
780 122 813 150 ΙΝ
832 121 1000 151 PSALMOS.
1017 135 1054 145 --
1066 121 1167 150 PSAL.
1187 119 1240 150 CL.
1651 117 1718 146 “782

40 184 132 219 ὕψις
152 182 212 210 τοῦ
230 182 376 219 προσώπου
391 181 475 210 αὑτοῦ
486 190 493 198 ο
506 182 553 209 καὶ
566 182 630 218 περὶ
642 179 675 217 ἧς
688 190 770 216 φησιν
781 182 795 208 ό
809 180 875 208 Παῦε

937 180 985 208 lem
1008 179 1112 215 Moyses
1137 178 1243 210 habuit.
1267 175 1377 212 quando
1400 175 1549 212 glorificata
1564 178 1607 202 est
1633 175 1718 202 facies

43 229 111 261 λος
121 237 132 244 ο
161 238 174 254 ί
203 228 301 263 Ἢμεῖς
317 228 345 254 δὲ
361 227 461 259 πάντες
478 227 731 263 ἀνακεκαλυμμένῳ
744 226 875 262 προσώπῳ

937 225 1021 252 vultus
1034 225 1106 260 ejus;
1121 228 1147 251 et
1158 223 1191 249 de
1203 230 1254 258 qua
1273 223 1374 251 Paulus
1392 222 1461 249 ait"
1473 231 1479 250 ;
1492 231 1501 247 ι
1518 220 1573 248 Nos
1581 227 1646 248 vero
1659 228 1719 247 Olll-

46 275 118 311 τὴν
149 274 240 307 δόξαν
262 274 367 309 Κυρίου
386 273 648 309 κατοπτριζόμενοι,
673 273 722 309 τὴν
739 272 823 308 αὐτὴν
840 273 879 299 εἰ-

50 321 142 348 κόνα
159 321 420 358 μεταμορφούμεθα
432 320 487 348 ἀπὸ
502 319 582 355 δόξης
597 320 636 352 εἱς
647 319 736 352 δόξαν.
757 329 766 345 ι

105 412 175 440 Καὶ
197 411 436 448 ἁγαλλιάσονται
451 411 501 439 ἐπὶ
517 410 577 439 τῶν
592 410 699 439 κριτῶν
722 411 832 444 αὐτῶν,
850 419 878 437 κ.

56 467 91 485 τ.
111 459 141 486 ἑ.
167 458 394 493 Ἀγαλλιάσονται
409 457 465 494 (28)
485 457 597 484 ἐπὶτῶν
612 457 709 484 κοιτῶν
724 456 824 488 αὐτῶν,
838 453 879 489 οἷς

62 514 76 531 ι
99 505 121 539 ἡ
150 504 208 536 νὺξ
229 503 391 540 προέκοψεν,
413 504 430 539 ή
444 503 473 529 δὲ
489 502 580 538 ἡμέρα
600 503 730 538 ἠγγικενο
753 511 762 528 ι
784 501 809 528 οἱ
832 501 879 528 καὶ

57 550 108 583 ὡς
128 552 163 578 ὲν
176 550 272 587 ἡμέρα
284 549 461 586 εὐσχημόνως
477 548 682 584 περιπατοῦσιν,
701 557 710 574 ι
729 548 759 574 οὐ
776 546 879 583 κώμοις

61 598 120 624 καὶ
141 597 259 633 μέθαις,
277 597 307 623 οὺ
321 596 425 627 κοίταις
440 595 487 622 καὶ
503 594 667 629 ἀσελγείαις.
689 603 699 620 ι

108 689 151 716 Al
177 687 315 724 ὑψώσεις
344 686 398 715 τοῦ
416 686 490 714 Θεοῦ
512 687 548 713 ἐν
565 686 606 719 τῷ
625 685 752 720 λάρυγγι
768 683 876 717 αὐτῶν,

65 745 100 763 κ.
117 744 148 762 τ.
164 737 189 762 ὲ.
204 733 254 762 Ὧν
266 735 296 761 οὒ
312 734 396 770 τάφος
409 734 464 769 (29)
480 732 652 768 ἀνεῳγμένος
664 733 678 758 ό
690 730 802 767 λάρυγξ,
817 730 879 757 τού-

65 791 131 809 των
151 781 276 816 ὑψώσεις
298 781 364 807 Θεοῦ
381 781 410 807 ἐν
433 779 472 816 τῷ
487 780 605 815 λάρυγγι
626 777 727 810 αὐτῶν,
742 778 789 805 καὶ
812 778 879 813 ρομ-

68 828 161 861 φαῖαι
181 826 304 861 δίστομοι
328 827 358 852 ὲν
383 826 443 857 ταῖς
467 824 561 860 χερσὶν
582 823 672 850 αὐτῶν
690 823 745 850 τῶν
761 822 877 857 ἑτοίμως

69 859 204 906 ἐχόντων
219 859 335 897 ἐκδικεῖν
351 871 441 897 πᾶσαν
466 859 618 907 παρακοήν,
647 869 694 896 καὶ
719 867 879 904 καθαιρούν-
895 859 916 886 Β

69 925 132 943 των
154 917 215 943 πᾶν
235 916 335 952 ὕψωμα
348 916 529 952 ἐπαιρόμενον
543 914 616 942 κατὰ
632 915 682 950 τῆς
694 914 822 949 γνώσεως
830 912 878 940 τοῦ

71 962 162 990 Θεοῦ.

113 1008 175 1035 Καὶ
191 1007 335 1042 ρομφαῖαι
352 1007 488 1042 δίστομοι
508 1006 543 1033 ὲν
558 1005 623 1039 ταῖς
640 1005 749 1040 χερσὶν
766 1003 877 1035 αὐτῶν,

73 1063 103 1081 κ.
120 1063 148 1081 τ.
167 1054 192 1081 ὲ.
214 1053 358 1089 Ῥομφαῖαί
375 1053 430 1088 (50)
445 1053 498 1079 εισι
518 1050 688 1086 διαλογισμοὶ
704 1050 751 1078 καὶ
765 1048 879 1085 πράξεις

72 1100 171 1135 ψυχῆς
186 1101 220 1126 ὲκ
232 1099 330 1131 κακίας
345 1099 392 1125 καὶ
411 1098 558 1132 ἀγνωσίας.

118 1146 178 1173 Τοῦ
194 1145 297 1172 αὑτοῦ.
323 1144 458 1180 Ῥομφαία
479 1143 537 1170 ἐστὶ
551 1142 607 1178 (51)
621 1142 682 1174 νοῦς
705 1141 812 1176 λογικὸς
832 1141 879 1167 ὲκ-

77 1191 195 1218 κόπτων
208 1190 297 1226 ψυχὴν
311 1190 366 1216 ἀπὸ
376 1189 475 1221 κακίας
488 1189 534 1216 καὶ
551 1188 699 1223 ἀγνωσίας.

122 1237 182 1264 Τοῦ
209 1235 333 1270 ποιῆσαι
350 1235 509 1269 ἐκδίκησιν
526 1234 562 1262 ἐν
578 1233 642 1267 τοῖς
655 1233 787 1264 ἔθνεσιν,
811 1231 878 1258 ἐλε-

79 1283 179 1318 τμοὺς
198 1283 233 1310 ἐν
248 1283 305 1316 τοῖς
321 1282 417 1315 λαοῖς,
434 1290 462 1308 κ.
476 1290 502 1308 τ.
520 1281 543 1308 ὲ.
560 1290 570 1306 ι
590 1280 745 1315 Ἐκδίκησιν
760 1278 809 1314 μὲν
822 1277 877 1312 (52)

80 1329 111 1355 ὲν
126 1330 186 1360 τοῖς
198 1328 313 1360 ἔθνεσιν,
335 1337 344 1353 ι
367 1328 396 1354 ὲν
412 1327 468 1358 τοῖς
482 1325 662 1361 ἑτεροδόξοις·
678 1333 687 1350 ι
704 1323 836 1358 ἑλιγμοὺς
849 1321 878 1347 δὲ

81 1375 112 1401 ὲν
124 1376 182 1406 τοῖς
199 1374 284 1406 λαοῖς,
304 1383 312 1399 ι
331 1374 388 1404 τοῖς
402 1372 598 1408 ἁμαρτάνουσι,
615 1370 685 1398 κατὰ
700 1370 744 1397 τὸν
762 1369 819 1405 βίον
835 1378 880 1397 νο-

83 1419 243 1456 μιζομένοις
255 1419 502 1453 ἐκκλησιαπικοῖς.

121 1465 178 1492 Τοῦ
193 1464 285 1499 δῆσαι
298 1464 368 1497 τοὺς
381 1462 523 1496 βασιλεῖς
536 1461 636 1490 αὐτῶν
649 1462 685 1489 ἐν
696 1461 811 1495 πέδαις,
826 1460 875 1488 καί

82 1511 155 1544 τοὺς
171 1510 316 1543 ἐνδόξους
334 1509 434 1537 αὐτῶν
455 1509 490 1535 ἐν
516 1507 705 1542 χειροπέδαις
725 1506 875 1540 σιδηραῖς,

83 1566 112 1583 κ.
129 1565 155 1583 τ.
174 1557 197 1583 ἐ.
221 1556 250 1582 ’0
267 1554 442 1589 ωμὸιϐάξων
456 1553 511 1589 (55)
525 1552 702 1583 διδασκάλους
716 1551 876 1587 ἑτεροδόξων

86 1602 133 1629 καὶ
149 1601 212 1632 τοὺς
227 1602 256 1626 ὲν
274 1600 388 1631 ἐκείνοις
403 1599 550 1631 δοκοῦντας
565 1598 608 1625 διὰ
625 1596 804 1633 νομιζομένην
815 1597 875 1624 ἱκα-

87 1646 186 1681 νότητα
198 1645 330 1677 ἐνδόξους,
340 1644 425 1672 δεῖται
439 1644 558 1680 βασιλεῖς
571 1644 659 1670 αὐτῶν
671 1644 699 1670 ἐν
714 1643 817 1674 πέδαις.
833 1642 877 1670 ἵνα

90 1692 127 1727 μὴ
148 1691 316 1726 προϐαίνουσι
340 1690 380 1725 τῷ
403 1690 475 1726 λόγῳ
496 1690 596 1722 αὐτῶν,
614 1690 739 1721 καὶτοὺς
756 1687 877 1721 ἐνδόξους

89 1737 177 1764 αὐτῶν
197 1737 227 1763 ὲν
240 1736 412 1772 χειροπέδαις
432 1736 564 1772 σιδηραῖς,
582 1736 625 1763 ἵνα
639 1735 737 1771 μηκέτι
754 1733 877 1770 κρατῶσι

88 1783 133 1811 τὸν
149 1782 230 1811 παλαι
241 1782 287 1810 διὰ
299 1782 329 1809 τὸ
341 1781 543 1818 εὐεξαπάτητον
557 1781 751 1818 κρατούμενον.

127 1874 184 1902 Τοῦ
198 1874 301 1901 αὐτοῦ.
321 1874 424 1910 Δεσμός
440 1874 498 1901 ἐστι
518 1873 574 1909 (54)
587 1873 681 1909 νοητὸς
698 1872 818 1901 ἀπάθεια
831 1872 875 1900 λο-

91 1921 169 1956 γικῆς
182 1920 270 1956 ψυχῆς
279 1929 285 1935 ·
298 1920 315 1955 ἢ
335 1919 417 1955 φόϐος
427 1919 530 1955 Κυρίου
546 1919 677 1946 ὲκκλίνων
691 1919 746 1946 ἀπὸ
759 1918 874 1950 κακίας’

92 1966 275 2001 ἢδιδασκαλία
298 1966 470 2001 πνευματικὴ
491 1965 528 2001 μὴ
551 1965 730 2001 συγχωροῦσα
745 1965 791 1991 τὸν
814 1963 876 1991 νοῦν

93 2013 137 2038 ἐπὶ
150 2012 196 2047 τὴν
212 2012 312 2038 κακίαν
325 2011 442 2039 ὁδεύειν·
459 2011 476 2047 ἢ
492 2011 586 2047 ἀγάπη
604 2010 776 2046 πνευματικὴ
794 2009 876 2046 μηδὲν

93 2057 250 2093 προτιμῶσα
265 2056 314 2092 τῆς
329 2054 456 2090 γνώσεως
468 2055 515 2082 τοῦ
530 2054 609 2082 Θεοῦ.

129 2102 181 2129 Τοῦ
194 2101 317 2136 ποιῆσαι
327 2101 362 2128 ἐν
371 2100 474 2134 αὐτοῖς
485 2100 574 2136 κρῖμα
585 2100 762 2135 ἐττζοαπτον,
774 2108 801 2126 κ.
812 2108 838 2127 τ.
850 2099 875 2127 ἑ,

95 2146 213 2174 Ποιοῦσιν
227 2147 252 2173 οἱ
270 2147 339 2173 ὅσιοι
360 2146 415 2181 (55)
433 2147 520 2183 κρῖμα
537 2146 675 2181 ἔγγραφον
696 2146 744 2173 καὶ
766 2145 876 2181 γραφῆς

920 497 988 524 -dies
1009 501 1099 524 autem
1116 497 1345 532 appropinquavit
1356 497 1380 513 ⁸⁵
1396 505 1403 523 :

932 278 979 299 nes
1004 270 1123 298 revelata
1150 270 1220 298 facie
1233 269 1346 305 gloriam
1361 268 1468 296 Domini
1488 266 1673 302 speculantes,
1690 265 1716 292 in

930 316 1061 344 eamdem
1087 316 1233 351 imaginem
1257 315 1486 344 transformamur
1506 321 1521 341 ιι
1539 312 1665 342 claritate
1690 311 1717 339 in

930 362 1096 390 claritatem.
1118 372 1127 388 ι

966 408 1045 436 νειιε.
1061 408 1087 436 5.
1104 397 1315 437 Ειτιιῑιιοίιιιηιιιιν
1325 407 1352 434 in
1363 406 1492 434 cubilibus
1507 406 1574 440 suis,
1589 410 1644 434 etc.
1659 405 1718 433 [ιπη-

931 455 1061 482 tabuntur
1076 453 1103 480 in
1122 453 1259 481 cubilibus
1273 453 1330 481 suis
1345 452 1488 487 iiquibusc
1501 459 1552 479 nox
1565 452 1718 488 pra-cessit,

1427 506 1436 523 ι
1450 497 1495 531 qui
1513 496 1596 523 etiam
1624 505 1634 523 ι
1652 501 1714 524 tall-

930 550 1013 578 quarn
1030 542 1056 569 in
1069 542 1112 569 die
1134 542 1249 569 honeste
1265 541 1417 575 ambulant,
1430 550 1485 569 non
1509 541 1535 569 in
1551 549 1719 570 commessa-

930 589 1049 616 tionibus
1062 592 1090 616 et
1111 587 1301 622 ebrietatibus,
1318 595 1372 616 non
1390 587 1416 615 in
1436 587 1571 615 cubilibus
1584 592 1611 615 ct
1628 587 1717 623 impu-

929 634 1041 662 dicitiis.
1062 643 1075 660 ι

965 679 1046 707 Vens.
1063 679 1089 707 6.
1110 678 1295 707 Exallationes
1314 678 1363 706 Dei
1381 680 1408 706 in
1418 684 1525 714 gutture
1546 688 1649 712 eorum,
1662 683 1716 707 etc.

930 726 1051 760 Quorum
1068 730 1163 761 guttur
1179 733 1233 753 non
1255 730 1297 753 est
1314 725 1469 760 sepulcrum
1485 731 1582 760 patens
1594 745 1602 758 ,
1618 726 1716 753 borum

929 772 1109 800 exaltationes
1131 773 1178 800 Dei
1199 777 1263 800 sunt
1279 772 1306 799 in
1325 777 1434 806 gutture
1457 780 1552 799 eorum
1570 781 1577 799 :
1592 777 1619 800 et
1633 772 1717 806 gladii

930 819 1063 854 ancipites
1078 820 1103 845 in
1117 819 1242 846 manibus
1255 826 1348 846 eorttm
1362 819 1408 854 qui
1422 819 1539 854 prompti
1552 823 1617 846 sunt
1630 820 1664 846 ad
1676 818 1717 845 ul-

930 865 1086 893 ciscendam
1100 872 1207 892 omnem
1230 865 1485 900 praevaricationem
1499 885 1507 898 ,
1530 870 1558 892 et
1572 865 1718 892 destruunt.

932 921 942 937 ‹
980 919 1088 939 omnem
1118 911 1290 938 altitudinem
1325 910 1501 939 extollentem
1531 917 1561 939 se
1587 911 1716 938 adversus

929 956 1071 985 scientiam
1088 957 1133 984 Dei
1146 957 1180 982 ".
1202 965 1212 983 ι

964 1003 1030 1030 Ιιιιυ.
1045 1002 1079 1029 Et
1094 1002 1179 1038 gladii
1196 1003 1325 1036 ancipites
1345 1003 1372 1030 in
1393 1003 1513 1030 nianibus
1540 1009 1643 1033 eorum.
1659 1006 1716 1029 etc.

929 1049 1015 1077 Gladii
1033 1053 1097 1076 sunt
1112 1049 1256 1077 ratiocinia
1271 1053 1299 1077 et
1311 1049 1434 1077 actiones
1450 1048 1549 1076 animo.l
1563 1056 1596 1076 ex
1611 1047 1715 1075 malitia

929 1099 956 1123 et
972 1087 1134 1130 ignorantia.

972 1140 1111 1175 Ejusdem.
1125 1140 1238 1169 Gladius
1251 1145 1295 1169 est
1308 1148 1385 1169 mens
1399 1139 1573 1169 rationabilis
1582 1147 1644 1176 qam
1654 1139 1716 1168 ani-

930 1194 1000 1215 mani
1017 1194 1033 1214 a
1048 1186 1150 1214 malitia
1163 1192 1190 1214 et
1209 1186 1363 1222 ignorantia
1387 1186 1534 1214 exscindit.

973 1233 1053 1260 Vsus.
1070 1233 1097 1260 7.
1114 1233 1155 1260 Αιί
1168 1233 1318 1268 faciendam
1341 1233 1483 1261 vindictam
1507 1232 1537 1260 in
1549 1232 1714 1263 nationibus.

928 1279 1119 1313 increpationes
1136 1279 1163 1305 in
1179 1280 1294 1314 populis,
1308 1283 1362 1306 etc.
1379 1278 1548 1307 (Vindictam
1563 1278 1671 1314 quidem
1686 1278 1713 1305 in

928 1325 1095 1357 nationibus,
1117 1333 1127 1351 ι
1156 1325 1182 1352 in
1198 1324 1373 1353 heterodoxis
1387 1325 1532 1358 videlicet;
1550 1334 1560 1351 ι
1587 1325 1713 1358 increpa-

929 1369 1018 1396 tloues
1033 1376 1099 1396 vero
1121 1368 1149 1396 in
1164 1369 1272 1404 populis
1287 1389 1295 1401 ,
1323 1379 1333 1396 ι
1359 1370 1487 1397 nimirum
1503 1369 1695 1405 peccatoribus
1706 1389 1714 1402 .

928 1415 974 1451 qui
988 1423 1021 1443 ex
1037 1416 1093 1443 vita
1106 1420 1235 1450 putantur
1247 1416 1437 1444 ecclesiastici.

968 1460 1054 1497 848
1073 1460 1155 1489 Vens.
1181 1461 1209 1490 8.
1238 1461 1279 1488 Ad
1295 1462 1447 1497 alligandos
1474 1470 1548 1498 roges
1570 1469 1661 1489 eorum
1685 1461 1715 1489 iu

927 1507 1114 1541 contpedibus,
1137 1513 1161 1535 et
1185 1507 1285 1535 nobiles
1308 1515 1398 1534 eorum
1422 1508 1450 1534 in
1475 1508 1586 1535 "ionicis
1601 1508 1715 1542 ferreis,

927 1558 982 1581 etc.
999 1553 1050 1587 Qui
1073 1553 1301 1582 heterodoxornm
1325 1553 1451 1580 doctores
1465 1553 1605 1586 conciliat,
1626 1558 1654 1581 et
1667 1562 1715 1582 eos

927 1599 974 1635 qui
988 1600 1022 1626 ob
1036 1606 1095 1626 eam
1111 1606 1191 1634 quani
1208 1599 1309 1627 habere
1330 1603 1461 1634 putantur
1473 1599 1598 1634 peritiam
1613 1619 1622 1633 ,
1645 1600 1716 1628 inter

927 1643 988 1672 illos
1008 1643 1134 1672 videntur
1159 1643 1265 1671 nobiles
1278 1663 1285 1676 .
1305 1643 1328 1671 is
1352 1644 1447 1680 alligat
1466 1651 1544 1680 reges
1562 1653 1656 1673 eorum
1685 1645 1714 1673 in

927 1689 1106 1724 campedibus
1127 1696 1161 1717 ne
1176 1695 1304 1717 sermone
1324 1696 1376 1716 suo
1389 1689 1545 1725 proliciant,
1560 1694 1588 1718 et
1610 1691 1716 1719 nobiles

927 1741 1025 1762 eorum
1051 1733 1078 1761 in
1103 1733 1220 1762 manicis
1243 1734 1363 1767 ferreis.
1387 1742 1421 1763 ne
1445 1736 1561 1770 amplius
1576 1736 1716 1764 detineant

926 1787 988 1808 eum
1007 1779 1054 1815 qui
1080 1780 1156 1814 olim,
1177 1780 1251 1817 quod
1266 1780 1381 1817 deceptu
1406 1780 1496 1809 facilis
1517 1786 1610 1816 esset,
1626 1781 1716 1810 fuerat

926 1831 1082 1861 superatus.

968 1872 1105 1909 Ejusdem.
1116 1873 1259 1902 Vinculum
1283 1874 1452 1910 intelligibile
1475 1878 1518 1903 est
1545 1874 1714 1903 rationabilis

926 1918 1025 1947 animas
1041 1919 1076 1947 ab
1097 1919 1242 1948 all'ectibus
1265 1920 1439 1955 immunitas;
1455 1921 1498 1949 vel
1513 1921 1595 1949 timor
1606 1922 1713 1950 Domini

926 1963 1068 1992 declinans
1083 1971 1097 1992 a
1109 1965 1198 1998 malo;
1218 1965 1260 1993 vel
1274 1965 1398 1994 doctrina
1414 1966 1554 2001 spiritalis,
1568 1973 1627 2001 quae
1639 1973 1713 1994 men-

929 2014 981 2036 tem
1009 2017 1062 2037 non
1089 2009 1156 2038 sinit
1180 2011 1213 2040 ad
1238 2011 1367 2039 malitiam
1390 2012 1511 2047 gradiri;
1538 2012 1581 2040 vel
1603 2012 1714 2041 dilectio

926 2055 1059 2090 spiritalis
1071 2064 1131 2092 qure
1146 2057 1265 2086 scientias
1279 2058 1325 2085 Dei
1344 2057 1412 2086 nihil
1427 2058 1581 2094 anteponit.

963 2100 1046 2129 Vens.
1062 2103 1089 2131 9.
1105 2101 1139 2131 Ut
1155 2103 1255 2138 faciant
1273 2105 1301 2132 in
1312 2105 1351 2133 eis
1367 2106 1505 2141 judicium
1523 2105 1712 2141 conscriptum,

926 2151 980 2174 etc.
997 2147 1134 2175 Judicium
1155 2150 1364 2185 conscriptum.
1390 2155 1418 2179 et
1440 2151 1576 2186 scriptura
1600 2158 1660 2186 qtue
1685 2151 1713 2178 iu

94 2191 141 2227 τῆς
156 2192 182 2218 ἐν
201 2191 336 2226 πνεύματι
356 2191 430 2224 ἄξιον
450 2192 480 2218 ὲν
495 2193 553 2223 τοῖς
574 2191 782 2228 προειρημένοις
799 2191 874 2226 βασι-

937 2192 1023 2226 ιρίιιίιιι
1036 2197 1079 2220 est
1093 2193 1204 2229 dignum
1220 2194 1323 2224 faciunt
1345 2197 1432 2225 sancti
1448 2197 1475 2224 in
1489 2196 1626 2232 prmdictis
1644 2196 1715 2231 regi-

96 2237 165 2263 λεῦσι
178 2237 223 2264 καὶ
238 2236 352 2270 ἐνδόξοις
362 2244 369 2251 ·
387 2237 434 2265 καὶ
457 2237 545 2264 πάντα
561 2237 596 2264 τὰ
610 2237 796 2274 προειρημένα
810 2236 874 2270 δόξα

97 2282 150 2309 ἐστὶ
168 2283 231 2309 πᾶσι
249 2284 305 2315 τοῖς
319 2283 403 2315 ὁσίοις
419 2283 467 2310 ¹τοῦ
489 2282 569 2316 Θεοῦ,
591 2283 629 2315 ὼς
648 2283 695 2312 τὸν
720 2283 758 2320 μὴ
778 2283 874 2319 ἔχοντα

97 2328 174 2357 ταῦτα
189 2329 225 2364 μὴ
241 2327 310 2356 εἶναι
327 2329 399 2356 ὅσιον
418 2329 496 2357 Θεοῦ.

367 2420 514 2447 ΨΑΛΜΟΣ
532 2420 595 2447 PN’.

132 2465 235 2493 Αινεῖτε
246 2465 300 2493 τὸν
315 2465 390 2493 Θεὸν
405 2466 440 2493 ὲν
453 2466 515 2499 τοῖς
531 2466 626 2501 ἁγίοις
637 2466 741 2499 αὐτοῦ,
761 2475 786 2493 κ.
803 2475 829 2494 τ.
848 2467 871 2494 ἑ.

101 2511 191 2546 Μηδεὶς
213 2511 327 2545 ἐξελθὼν
350 2512 406 2548 (56)
431 2512 464 2540 τὰ
488 2512 554 2547 ἅγια
575 2512 689 2539 αἰνείτω
712 2512 758 2539 τδν
788 2512 871 2539 Θεόν⁸

104 2566 112 2582 ι
129 2557 182 2589 Πῶς
206 2567 214 2583 ι
233 2558 287 2593 γὰρ
311 2568 320 2584 ι
338 2558 449 2594 ᾄσωμεν
469 2559 518 2595 τὴν
534 2558 606 2596 ᾠδὴν
630 2559 733 2595 Κυρίου
756 2559 803 2585 ἐπὶ
822 2559 875 2594 γῆς

927 2237 977 2265 bus
1003 2242 1031 2266 et
1056 2239 1255 2270 nobilibus:et
1279 2243 1369 2270 omnia
1392 2242 1522 2278 prmdicta
1541 2242 1626 2277 gloria
1650 2246 1714 2269 sunt

926 2284 1053 2312 omnibus
1068 2286 1171 2314 sanctis
1187 2287 1246 2321 Dei,
1267 2287 1303 2315 ita
1324 2293 1354 2316 ut
1371 2288 1394 2316 is
1415 2289 1461 2324 qui
1475 2289 1532 2316 hac
1547 2295 1600 2316 non
1618 2287 1714 2320 habet.

928 2336 981 2357 non
998 2330 1034 2358 sit
1046 2337 1159 2360 sanctus
1174 2331 1232 2361 Dei.

1211 2421 1371 2450 PSALMUS
1384 2421 1438 2449 CL.

960 2466 1041 2495 Vens.
1055 2467 1081 2495 ί.
1097 2467 1216 2495 Laudat:
1231 2467 1317 2494 Deum
1333 2467 1359 2495 in
1371 2467 1468 2495 sanctis
1480 2466 1550 2502 ejus,
1559 2471 1612 2494 etc.
1629 2465 1713 2493 Nemo

925 2520 941 2541 e
954 2514 1058 2541 sanctis
1071 2520 1199 2549 egressus
1214 2513 1307 2541 laudet
1323 2513 1408 2542 Deum
1425 2520 1433 2541 :
1451 2522 1461 2540 ι
1478 2512 1619 2547 Quomodo
1639 2513 1712 2539 enim

925 2559 1095 2587 cantabimus
1110 2559 1248 2587 canticum
1267 2559 1372 2587 Domini
1395 2560 1422 2587 in
1440 2563 1513 2587 terra
1530 2559 1618 2586 aliena
1633 2558 1679 2585 "Y
1701 2567 1709 2583 ι

102 2602 245 2638 ἀλλοτρίαςς
264 2615 272 2630 1
291 2604 430 2641 ’Δλλοτρία
440 2605 469 2632 δὲ
483 2605 518 2641 γῆ
534 2605 568 2632 τὰ
581 2605 619 2641 μὴ
631 2605 707 2640 ᾶγια.
724 2605 759 2631 Ἦ
771 2604 832 2630 ἐπεὶ
843 2604 872 2631 οὺ

937 2604 1019 2632 lliena
1039 2609 1128 2632 autem
1152 2609 1224 2633 terra
1247 2609 1289 2633 est
1303 2613 1366 2641 qua:
1391 2613 1443 2633 non
1459 2609 1563 2633 sancta.
1585 2604 1632 2633 Vel
1648 2603 1711 2640 quia

135 2648 155 2664 "
175 2648 192 2675 ll
206 2648 267 2676 Cor.
281 2657 324 2681 ιιι,
342 2649 385 2678 l8.
424 2650 447 2665 "
461 2650 540 2678 Rom.
555 2658 615 2684 xm.
631 2650 738 2683 12.13.
775 2650 797 2666 ⁵⁷
812 2649 833 2677 ΙΙ
848 2650 875 2678 Ct

937 2658 944 2677 ι
959 2650 995 2683 ,5.
1039 2651 1062 2667 "
1079 2651 1150 2680 Psal.
1170 2659 1268 2679 cum
1281 2672 1289 2685 ,
1302 2652 1328 2679 4.

132 2695 454 2730 (18)jAra.utdaortar,
470 2702 521 2725 etc.
539 2698 640 2725 Catena
656 2698 792 2727 Corderii.

134 2731 181 2765 (29)
191 2728 244 2758 Ὦᾶ·
259 2732 294 2758 οὑ
306 2731 409 2766 τάφος,
421 2728 475 2761 etc.
493 2733 604 2761 Eadem.

142 2766 180 2796 50)
194 2766 346 2801 Ῥομφαῖαί
356 2768 427 2798 εισι,
440 2773 493 2795 etc.
510 2768 622 2796 Sttltctlaz
634 2768 739 2798 Grabii.

143 2801 181 2833 51)
196 2801 420 2835 Ῥομςαίιιὲστί,
435 2808 488 2829 etc.
503 2803 619 2830 Eerlem.

134 2837 180 2871 (52)
195 2837 362 2871 Ἐιιὸιίίησιν
374 2838 441 2872 μέν,
459 2844 512 2867 etc.
527 2839 627 2866 Catena
643 2840 774 2867 Curdcrii.

956 2697 1014 2768 (55)
1035 2698 1061 2725 '0
1074 2698 1273 2732 συμϐισάζων,
1288 2703 1340 2726 etc.
1357 2697 1465 2726 Eadem.

967 2733 1012 2767 54)
1028 2735 1143 2768 Δεσμός
1157 2734 1234 2765 ἐστι,
1250 2739 1302 2761 etc.
1313 2733 1426 2761 Schedze
1439 2733 1461 2761 ϐ

967 2733 1012 2767 54)
1028 2735 1143 2769 Δεσμός
1157 2734 1234 2765 ἐστι,
1250 2739 1302 2761 etc.
1313 2733 1426 2769 Sehedre
1439 2733 1543 2761 Grabii.

967 2769 1002 2796 55
1028 2768 1173 2797 Ποιοῦσιν
1184 2771 1211 2797 ol
1222 2769 1309 2802 ὅσιοι,
1323 2774 1376 2796 etc.
1391 2768 1492 2796 Catena
1508 2768 1640 2798 Cordcrii.

967 2769 1012 2839 56)
1028 2804 1138 2839 Μηδεὶς
1149 2804 1292 2838 ἐξελθὼν,
1308 2810 1361 2832 etc.
1379 2803 1488 2831 Eadem.

966 2803 1011 2839 56)
1028 2804 1138 2839 Μηδεὶς
1149 2804 1292 2838 ἐξελθὼν,
1308 2810 1361 2832 etc.
1379 2803 1488 2831 Eadem.

1372 3110 1668 3216 η
