4000 6146
1245 348 2497 363 οσ--ι--ῌ--ρ--ι--ι--ῄ

1418 516 2291 648 ΡΒιΈΡΑΤΙΟ.

292 846 579 903 Secundus
598 861 824 915 operum
860 844 1113 915 Origenis
1162 854 1340 900 tomus
1368 846 1745 915 complectitur
1770 851 1984 906 residua
2012 848 2133 920 ejus
2158 853 2213 907 in
2247 850 2522 925 Genesim,
2553 856 2603 914 in
2636 858 2900 929 Exodum,
2956 867 3008 921 in
3057 862 3383 939 Leviticum,
3413 869 3468 929 in

226 940 513 1005 Numeros,
551 940 603 992 in
633 937 1136 999 Deuteronomium,
1162 938 1216 991 in
1237 936 1422 1005 Josue,
1458 939 1511 993 in
1569 938 1812 1008 iudices,
1848 943 1905 997 in
1934 942 2105 1010 Ruth,
2148 944 2202 998 in
2227 945 2390 1002 libros
2411 945 2640 1020 Regum,
2664 956 2714 1008 in
2742 953 2864 1020 .Iob,
2890 972 2954 1013 ac
2987 960 3205 1015 demum
3238 963 3290 1017 in
3318 936 3475 1021 Psal«

227 1047 338 1087 mos
360 1030 690 1103 ὲξηγητικὰ,
721 1030 809 1085 vel
863 1029 1202 1102 ὲξηγητικῶν
1251 1030 1548 1101 fragmenta
1576 1034 1807 1104 quamph

1892 1051 1995 1103 ma,
2032 1038 2228 1107 partim
2278 1039 2388 1109 jam
2421 1043 2561 1112 typis
2617 1059 2837 1115 excusa,
2892 1052 3086 1118 partim
3132 1055 3364 1109 nondum
3417 1059 3472 1114 in

226 1125 398 1179 lucem
436 1123 713 1193 evulgata.
746 1123 877 1190 Qua:
900 1121 1093 1177 Latine
1156 1132 1361 1178 tantum
1394 1134 1684 1194 supersunt
1709 1140 1777 1181 ex
1810 1126 2259 1196 interpretatione
2293 1129 2490 1198 Ruﬁni,
2523 1148 2586 1188 ea
2617 1136 2683 1190 ad
2714 1147 2954 1196 veterum
2980 1147 3473 1217 manuscriptornm

226 1217 385 1273 ﬁdem
421 1216 803 1273 recensnimns
826 1231 840 1276 ;
862 1214 1052 1270 Graeca
1075 1224 1255 1269 autem
1287 1213 1594 1285 fragmenta
1632 1224 1774 1271 unde
1807 1218 1859 1271 in
1895 1218 2039 1274 hanc
2086 1220 2377 1276 editionem
2407 1224 2805 1295 adduxerimus,
2833 1235 3081 1302 specialis
3106 1213 3268 1292 docet
3294 1241 3475 1295 admo-

223 1310 375 1373 uitio,
403 1322 527 1378 qua:
545 1307 630 1361 vel
662 1307 727 1361 ad
763 1306 902 1361 imas
950 1306 1174 1376 paginas
1205 1305 1379 1375 posita
1410 1317 1518 1370 est,
1551 1305 1635 1362 vel
1689 1307 1983 1378 unicuique
2039 1308 2487 1380 Origcuianorum
2542 1316 2593 1371 in
2643 1320 2881 1391 singulos
2936 1324 3240 1396 Scriptum
3296 1345 3471 1388 sacra!

224 1401 397 1457 libros
436 1398 781 1470 ὲξηγητικῶν
810 1397 1117 1454 collectioni
1148 1397 1366 1469 praefixa
1397 1409 1501 1454 est.
1526 1397 1644 1454 Non
1689 1399 1863 1454 levem
1902 1402 2033 1456 mihi
2058 1403 2359 1457 molestiam
2387 1415 2441 1460 et
2464 1407 2702 1466 laborem
2724 1416 2932 1483 peperit
2963 1419 3006 1473 is
3026 1420 3118 1487 qui
3162 1424 3475 1480 necessario

223 1497 513 1552 habendus
546 1495 647 1549 fuit
670 1494 914 1550 delectus
940 1509 1131 1549 eorum
1162 1508 1281 1564 quas
1315 1493 1367 1547 in
1396 1493 1617 1550 Catenis
1651 1494 1856 1550 (Ξῖ-πρῖε
1883 1497 1982 1552 sub
2012 1499 2229 1552 nomine
2249 1496 2500 1570 Origenis
2540 1505 3007 1565 circumferuntur.
3041 1512 3156 1568 Vidi
3194 1515 3473 1585 fragmen-

224 1598 273 1641 ta
306 1591 495 1644 omnia
549 1588 597 1642 ei
630 1587 888 1656 ascripta,
947 1594 1060 1639 tum
1089 1600 1210 1656 quae
1234 1585 1597 1641 Combeiisius
1638 1602 1670 1641 e
1711 1586 1931 1642 Catenis
1960 1604 2092 1644 mss.
2123 1589 2549 1659 Parisiensibns,
2587 1609 2700 1654 tum
2729 1614 2849 1668 quae
2877 1601 3141 1659 Ernestus
3170 1606 3407 1663 Grabius
3440 1624 3471 1664 θ

222 1680 447 1736 Catenis
483 1680 873 1750 manuscriptis
901 1677 1221 1748 Anglicanis
1249 1677 1633 1747 exscripserat.
1671 1677 1766 1733 Illa
1796 1680 1863 1735 ab
1896 1680 2107 1735 erudito
2128 1682 2289 1740 Patre
2312 1684 2586 1743 Ludovico
2615 1693 2682 1745 de
2712 1686 3081 1751 Tournemine
3112 1696 3344 1765 Jesuita,
3375 1715 3469 1773 pe.

224 1788 319 1828 nes
350 1789 512 1843 quem
545 1782 787 1837 exstant,
827 1786 1041 1827 mecum
1082 1772 1498 1841 perhumaniter
1526 1771 1925 1827 communicata
1956 1786 2110 1837 sunt;
2142 1776 2255 1833 haec
2280 1793 2411 1834 vero
2433 1794 2463 1833 a
2493 1780 2827 1840 doctissimis
2855 1788 3046 1858 Anglis
3081 1789 3191 1843 DD.
3237 1791 3469 1847 Valkero
3502 1849 3512 1860 ,

223 1877 275 1921 et
300 1867 524 1923 Bentleo
549 1867 725 1921 amico
747 1880 972 1935 prorsus
1001 1864 1185 1921 animo
1206 1865 1273 1919 ad
1306 1880 1393 1920 me
1423 1864 1743 1919 transmissa
1767 1876 1916 1920 sunt.
1943 1866 2066 1922 Vidi
2107 1869 2327 1940 insuper
2360 1871 2660 1943 fragmenta
2695 1891 2814 1945 quae
2865 1881 3064 1948 passim
3112 1883 3215 1937 sub
3247 1885 3468 1939 nomine

221 1955 471 2029 Origenis
505 1958 778 2013 habentur
811 1957 863 2012 in
902 1956 1067 2010 variis
1092 1954 1215 2011 aliis
1244 1954 1553 2011 Graecorum
1586 1953 1808 2008 Patrum
1830 1954 2072 2024 Catenis,
2106 1972 2241 2028 quas
2271 1959 2326 2013 in
2353 1958 2529 2016 lucem
2563 1964 2861 2021 emiserunt
2894 1967 3208 2038 Corderius,
3259 1971 3466 2030 Barba-

222 2068 336 2116 rus,
362 2050 698 2112 Ghislerius,
722 2048 1040 2114 Comitolus,
1074 2047 1335 2102 Patritius
1362 2046 1556 2101 Junius
1619 2056 1674 2101 et
1702 2047 1810 2102 alii.
1845 2046 1954 2105 Sed
1978 2050 2137 2105 valde
2194 2051 2399 2107 incerta
2433 2063 2520 2108 est
2553 2057 2793 2111 omnium
2845 2059 3105 2117 harumce
3138 2065 3464 2123 Catenarum

222 2147 369 2202 ﬁdes.
400 2144 458 2199 ln
483 2145 570 2200 his
606 2146 751 2199 enim
785 2142 1000 2197 nomina
1026 2142 1375 2210 scriptorum,
1402 2155 1433 2194 e
1460 2154 1695 2210 quorum
1730 2141 2182 2210 fragmentis‘illae
2207 2147 2603 2203 consarcinatae
2625 2161 2771 2215 sunt,
2809 2151 2880 2207 ita
2936 2168 3173 2226 persaepe
3221 2160 3362 2216 inter
3407 2175 3468 2216 se
3498 2130 3501 2137 ι

217 2240 647 2303 confunduntur,
666 2245 726 2290 ut
750 2252 869 2305 qua:
885 2250 988 2288 una
1016 2234 1217 2288 Catena
1235 2231 1452 2303 Origeni
1490 2232 1735 2297 ascribit,
1754 2246 1816 2289 ea
1847 2234 1898 2288 in
1922 2235 2092 2289 altera
2121 2235 2366 2306 Didymo,
2385 2246 2477 2291 aut
2508 2239 2763 2307 Eusebio,
2788 2253 2881 2297 aut
2902 2242 3351 2318 Theodoreto,vel
3370 2255 3461 2310 alii

218 2337 442 2395 cuilibet
477 2333 767 2402 interpreti
793 2333 1121 2386 tribuantur.
1157 2328 1269 2383 Huc
1299 2327 1436 2383 adde
1459 2329 1603 2400 quod
1636 2328 1724 2382 ubi
1760 2331 1995 2385 unanimi
2021 2330 2231 2387 illarum
2262 2348 2533 2390 consensu
2588 2336 2817 2408 aliquod
2844 2340 3206 2412 fragmentum
3245 2347 3465 2419 Origeni

221 2433 501 2496 tribuitur,
528 2431 583 2485 id
615 2428 886 2484 interdum
921 2426 1003 2480 vel
1029 2426 1096 2481 ad
1134 2424 1552 2492 Eusebium,vel
1585 2425 1652 2481 ad
1675 2424 2101 2490 Theodoretum,
2129 2427 2213 2481 vel
2240 2428 2308 2482 ad
2331 2429 2494 2483 alium
2519 2433 2817 2499 quemlibet
2842 2437 3163 2505 scriptorem
3194 2445 3467 2511 pertinere

216 2547 281 2589 es
308 2531 581 2585 horumce
606 2526 824 2581 Patrum
859 2524 1021 2580 editis
1051 2522 1462 2579 commentariis
1488 2537 1594 2577 non
1626 2535 1748 2578 raro
1777 2522 2130 2592 deprehendi.
2159 2521 2524 2590 Quamobrem
2553 2525 2644 2581 illa
2671 2529 2852 2583 omnia
2874 2544 2993 2598 quae
3029 2541 3149 2586 sunt
3180 2535 3465 2604 ejusmodi,

221 2622 545 2693 negligenda
575 2631 800 2689 prorsus
821 2625 876 2669 et
896 2614 1199 2669 omittenda
1231 2613 1451 2680 censui;
1479 2622 1675 2668 caatera
1714 2627 1847 2669 vero
1869 2613 2228 2669 exscribenda
2262 2624 2318 2669 et
2351 2615 2478 2670 huic
2510 2617 2732 2672 editioni
2763 2619 3049 2676 inserenda
3080 2624 3348 2692 judicavi,
3384 2628 3469 2685 vel

227 2729 348 2784 qua:
377 2728 444 2769 ex
470 2713 677 2776 Ruﬁni,
707 2709 1042 2781 Hieronymi,
1074 2715 1168 2762 aut
1191 2707 1420 2762 aliorum
1451 2706 1649 2777 priscis
1689 2706 2235 2775 interpretationibus
2260 2707 2512 2783 Origenis
2533 2723 2655 2764 esse
2686 2721 2921 2778 constat,
2953 2716 3035 2771 vel
3058 2732 3177 2787 quae
3232 2718 3460 2791 Origeni
3503 2712 3507 2716 ’

224 2807 367 2863 falso
397 2807 641 2876 ascripta
671 2817 793 2861 esse
830 2799 1198 2857 demonstrari
1241 2799 1433 2869 nequit
1453 2813 1521 2853 ex
1551 2798 1781 2853 aliorum
1806 2795 2029 2853 Patrum
2060 2798 2112 2852 in
2153 2799 2465 2869 Scripturas
2487 2815 2673 2856 sacras
2700 2805 3151 2872 expositionibus.
3189 2811 3469 2879 Ejusmodi

219 2902 656 2974 fragmentorum
690 2915 756 2956 ex
796 2896 1033 2966 Origene
1062 2898 1278 2951 concise
1301 2894 1467 2948 nimis
1497 2901 1881 2959 excerptorum
1915 2890 2249 2960 interruptus
2295 2904 2668 2960 saepenumero
2700 2905 2786 2952 est
2822 2907 2993 2954 tenor.
3045 2901 3182 2957 Hinc
3205 2905 3468 2976 pleraque

216 3002 351 3056 adeo
378 3000 621 3055 obscura
647 3006 703 3050 et
738 2994 979 3049 involuta
1008 3000 1157 3057 sunt,
1193 3000 1252 3044 ut
1275 2989 1391 3045 fere
1421 2987 1631 3052 (Εάίρο
1659 2985 1974 3053 conjectare
1996 2986 2293 3057 indigeant.
2323 2986 2381 3041 ld
2407 3002 2590 3044 secum
2613 2982 2659 3045 si
2689 2996 2813 3061 quis
2847 2994 2989 3049 serio
3012 3004 3066 3051 et
3097 2998 3324 3054 candide
3347 3015 3467 3070 pere

218 3094 499 3165 penderit.
524 3090 851 3150 faciliorem,
887 3087 963 3140 uti
994 3099 1177 3155 spero,
1206 3086 1419 3140 veniam
1444 3081 1728 3147 concedet,
1753 3082 1798 3137 si
1830 3082 1898 3137 iis
1932 3081 1985 3135 in
2013 3080 2266 3135 Latinum
2295 3096 2597 3138 sermonem
2623 3089 2898 3143 vertendis
2932 3105 3028 3159 per
3056 3090 3463 3155 festinationem

215 3190 360 3244 forte
388 3199 488 3243 aut
538 3182 948 3254 incogitantiam
992 3179 1190 3233 alicubi
1238 3179 1370 3247 lapsi
1419 3192 1626 3233 sumus.
1670 3175 1876 3231 Praeter
1924 3177 2353 3231 commentarios
2390 3188 2447 3233 et
2474 3178 2727 3236 homilias
2755 3199 2891 3253 quas
2915 3186 2967 3241 in
3006 3187 3252 3247 Psalmos
3283 3191 3458 3247 edidit

213 3280 512 3350 Origenes,
547 3276 805 3332 brevibus
830 3273 989 3327 etiam
1020 3271 1241 3328 scholiis
1288 3269 1613 3324 Psalterium
1666 3267 1975 3323 illustravit.
2022 3267 2147 3322 llzcc
2201 3268 2391 3324 Graece
2432 3285 2589 3326 manu
2635 3274 2834 3341 scripta
2867 3278 3099 3334 credidit
3144 3281 3464 3341 Guillelmus

214 3374 434 3430 CaVeus
465 3372 765 3426 etiamnum
796 3374 1010 3422 exstare
1068 3364 1121 3419 in
1189 3361 1520 3417 bibliotheca
1577 3356 1981 3414 Vindobonensi
2049 3360 2236 3414 codice
2285 3361 2451 3416 theol.
2500 3378 2566 3416 ex
2618 3364 2973 3433 dispositione
3020 3367 3297 3427 Lanibecii
3346 3389 3462 3440 xvi,

218 3466 446 3523 Nesselii
491 3479 669 3529 cccxx,
701 3463 789 3516 ubi
844 3473 1038 3515 revera
1079 3456 1305 3528 singulis
1340 3456 1589 3511 versibus
1629 3468 1658 3507 a
1701 3455 1893 3524 psalmi
1926 3471 2004 3521 nt,
2036 3454 2125 3519 10,
2150 3470 2319 3525 usque
2350 3458 2416 3511 ad
2462 3456 2623 3513 linem
2683 3460 2933 3516 Psalterii
2996 3465 3280 3534 subjuncta
3333 3476 3460 3525 sunt

218 3561 446 3625 scholia,
491 3573 612 3627 quae
644 3558 697 3610 in
732 3555 839 3610 iine
865 3553 1068 3609 codicis
1093 3549 1310 3619 Origeui
1351 3548 1684 3610 tribuuntur,
1709 3557 1765 3601 et
1822 3547 2078 3601 dicuntur
2128 3550 2478 3617 protopsaltae
2534 3551 2792 3608 Ecclesize
2851 3555 3128 3624 cujusdam
3185 3558 3465 3621 Cretensis

220 3668 379 3708 manu
412 3651 707 3718 descripta.
741 3648 956 3703 Illorum
987 3645 1151 3702 hodie
1178 3656 1343 3714 penes
1373 3658 1458 3697 me
1479 3652 1563 3697 est
1592 3643 1985 3712 apographum,
2009 3658 2037 3696 a
2069 3642 2373 3699 clarissimo
2394 3644 2818 3716 doctissimoque
2855 3650 3074 3706 domino
3104 3651 3463 3713 Barteinstein

219 3744 311 3814 qui
340 3759 487 3797 nuuc
515 3743 778 3798 Caesareae
814 3737 1081 3808 majestati
1114 3746 1199 3792 est
1225 3752 1255 3791 a
1289 3736 1553 3801 consiliis,
1608 3737 1665 3790 in
1707 3749 1857 3790 meos
1888 3750 2018 3790 usus
2051 3735 2421 3804 descriptum;
2461 3748 2626 3793 totum
2682 3754 2814 3794 vero
2871 3757 3009 3812 opus
3061 3743 3188 3799 illud
3239 3747 3458 3818 Origeni

219 3840 560 3909 suppositum
618 3849 739 3892 esse
792 3832 879 3888 vel
915 3835 1041 3889 inde
1076 3834 1211 3888 satis
1239 3831 1430 3902 liquet,
1463 3832 1607 3901 quod
1627 3831 1719 3887 ubi
1765 3831 1831 3885 de
1860 3831 2025 3885 Maria
2056 3829 2299 3902 Virgine,
2347 3831 2431 3886 vel
2462 3831 2551 3886 ubi
2591 3833 2659 3888 de
2688 3832 2850 3890 Patre
2889 3847 2945 3892 et
2992 3834 3129 3895 Filio
3160 3850 3215 3894 et
3255 3840 3459 3912 Spiritu

220 3939 408 3984 sancto
437 3942 623 3984 sermo
653 3939 760 3993 est,
794 3927 888 3982 illa
913 3925 1117 3980 diserte
1142 3924 1440 3994 appellatur
1465 3920 1737 3987 θεοτόκος,
1766 3922 1800 3975 ιε

1883 3936 1935 3976 [ιε
1987 3932 2168 3976 autem
2208 3922 2353 3978 Patri
2378 3922 2661 3994 ὁμοούσιος
2705 3927 3027 3994 praedicatur
3071 3947 3086 3984 :
3135 3946 3253 3999 quae
3300 3949 3463 3990 voces

222 4019 549 4089 scriptorem
577 4035 683 4074 non
709 4018 883 4074 solum
923 4018 1130 4089 synodo
1165 4015 1403 4079 Nicaeus,
1442 4014 1534 4069 sed
1558 4023 1615 4068 et
1640 4012 1874 4068 concilio
1896 4011 2170 4082 Ephesino
2200 4015 2557 4070 recentiorem
2583 4027 2836 4088 arguunt.
2876 4020 2956 4073 Ab
2983 4021 3068 4076 his
3095 4023 3259 4093 igitur
3292 4026 3461 4081 eden-

224 4113 308 4167 clis
329 4113 553 4168 scholiis
596 4111 982 4168 abstinendum
1007 4125 1129 4166 esse
1164 4109 1314 4163 duxi.
1340 4107 1453 4162 Nec
1481 4107 1641 4161 aliam
1671 4116 1873 4161 sortem
1905 4106 2229 4161 habuissent
2261 4117 2372 4162 tres
2401 4108 2528 4163 item
2559 4108 2696 4164 falso
2723 4112 2940 4181 ascripti
2976 4113 3298 4171 Adamantio
3334 4116 3462 4172 libri

223 4204 274 4257 in
297 4202 422 4269 Job,
455 4219 592 4273 quos
625 4205 692 4259 ad
721 4204 928 4259 calcem
949 4202 1109 4270 hujus
1140 4200 1266 4254 torni
1295 4198 1480 4269 rejeci,
1511 4211 1759 4267 quosque
1784 4212 2109 4267 suppressos
2151 4199 2459 4253 maluissem
2483 4237 2500 4262 ,
2537 4201 2583 4254 si
2626 4200 2680 4254 in
2716 4200 3051 4259 Cettebrardi
3078 4205 3317 4262 editione
3357 4210 3461 4264 sub

224 4296 478 4367 Origenis
511 4296 726 4350 nomine
755 4310 859 4348 non
889 4291 1393 4349 circumferrentur.
1420 4290 1565 4344 Idem
1600 4297 1720 4343 esto
1739 4287 2003 4356 judicium
2036 4291 2103 4346 de
2130 4291 2342 4360 prolixo
2379 4290 2551 4348 altero
2582 4292 2634 4346 in
2695 4303 2864 4348 totum
2912 4295 3107 4352 librum
3162 4297 3262 4354 Job
3306 4315 3458 4357 com-

222 4390 513 4453 mentario,
545 4388 635 4456 qui
669 4390 853 4459 utique
883 4388 936 4440 in
966 4386 1152 4441 eadem
1178 4382 1514 4441 Genebrardi
1547 4382 1786 4437 editione
1813 4383 1914 4436 sub
1934 4387 2199 4440 ementito
2226 4382 2477 4453 Origenis
2520 4385 2738 4441 nomine
2790 4388 2964 4444 tribus
3016 4389 3177 4444 modo
3210 4391 3374 4447 dictis
3403 4393 3457 4447 in

221 4485 320 4543 Job
348 4484 506 4538 libris
532 4481 725 4536 Latine
758 4490 965 4536 tantum
990 4479 1310 4549 subjunctus
1334 4486 1421 4532 est
1445 4492 1510 4532 es
1540 4478 1994 4546 interpretatione
2019 4476 2286 4532 Joachiini
2317 4476 2580 4534 Perionii.
2605 4476 2783 4547 Ipsum
2814 4481 3030 4548 quidem
3072 4482 3125 4535 in
3159 4482 3266 4538 line
3297 4484 3460 4555 bujus

228 4580 354 4634 tomi
392 4578 485 4649 qui
508 4575 623 4646 jam
637 4574 840 4642 justam
868 4575 922 4628 in
948 4572 1143 4630 molem
1168 4580 1510 4633 excreverat,
1533 4569 1699 4625 edere
1736 4586 1846 4625 nun
1883 4569 2061 4635 licuit,
2094 4571 2190 4624 sed
2213 4571 2339 4638 quia
2367 4584 2720 4641 suppressum
2748 4586 2892 4642 aegre
2940 4573 3168 4643 ferrent,
3207 4575 3455 4645 plurimi,

225 4673 290 4727 ad
314 4672 458 4727 tertii
491 4671 621 4724 ιυιηί
645 4667 847 4723 calcem
874 4667 1013 4737 typis
1035 4680 1271 4721 excusus
1296 4662 1484 4719 Graece
1510 4672 1564 4717 et
1594 4662 1791 4718 Latine
1824 4661 2128 4731 reperietur
2167 4659 2264 4733 (a).

293 4763 417 4820 Haec
438 4764 505 4818 de
531 4763 811 4832 operibus,
834 4777 954 4832 qua?
975 4760 1213 4817 secundo
1244 4759 1345 4814 hoc
1367 4756 1643 4812 volumine
1672 4756 2044 4819 continentur,
2077 4755 2265 4823 paucis
2289 4754 2566 4823 prmiatns,
2602 4768 2749 4814 nunc
2795 4770 2973 4826 opera:
3019 4758 3254 4829 pretium
3282 4756 3456 4835 factuv

229 4873 341 4913 rum
377 4874 463 4913 me
490 4870 642 4928 puto,
668 4856 713 4911 si
749 4856 975 4925 vestigia
1026 4868 1278 4924 premens
1337 4850 1637 4906 doctissimi
1673 4849 1932 4921 anonymi
1957 4849 2047 4918 qui
2073 4847 2298 4903 Lutetia:
2326 4848 2656 4905 Parisiorum
2688 4866 2829 4905 anno
2852 4846 3011 4916 1727,
3033 4854 3171 4921 apud
3195 4850 3454 4909 Jacobuzn
3501 4850 3521 4873 '

231 4951 472 5019 Vincent,
503 4951 717 5006 Gallice
745 4964 775 5003 a
806 4964 865 5005 se
890 4957 945 5003 et
974 4945 1186 5002 erudite
1224 4943 1597 5011 conscriptum
1631 4956 1699 4995 ex
1723 4939 1969 4994 doctrina
2001 4938 2224 4993 Patrum
2259 4940 2327 4993 de
2374 4952 2537 4994 sensu
2581 4938 2808 4994 litterali
2837 4940 2984 4996 etde
3029 4956 3191 4996 sensu
3227 4943 3456 5012 mystico

231 5042 514 5112 Scriptum
550 5058 718 5099 sacrae
750 5052 1041 5096 tractatum
1071 5037 1388 5109 publicavit,
1426 5039 1647 5092 brevem
1675 5033 1851 5105 primo
1882 5033 2166 5088 exhibeam
2214 5032 2357 5087 illius
2383 5043 2736 5102 conspectum
2767 5035 3005 5089 methodi
3040 5050 3201 5106 quam
3236 5036 3303 5088 ad
3371 5036 3455 5090 in.

233 5140 599 5208 terpretandas
629 5138 940 5206 Scripturas
965 5132 1069 5190 sibi
1093 5132 1365 5203 propriam
1416 5130 1545 5187 fecit
1574 5128 1837 5200 Origenes
1857 5168 1873 5194 ,
1896 5126 2095 5183 deinde
2128 5126 2276 5182 illam
2307 5125 2646 5182 enucleatius
2678 5127 2964 5198 explicem,
3002 5137 3058 5183 et
3087 5128 3305 5183 disertis
3334 5126 3453 5195 ejus

231 5234 547 5291 testimoniis
573 5232 945 5303 comprobem.

664 5349 979 5428 SynOpsis
1014 5343 1422 5424 Origeniaum
1458 5336 1740 5402 methodi
1776 5335 1853 5398 ad
1887 5330 2358 5413 Scripturarum
2392 5332 3015 5410 interpretationem.

301 5476 369 5533 Ea
392 5479 730 5550 potissimum
754 5477 1105 5545 sequentibus
1132 5475 1283 5529 hisce
1304 5469 1602 5527 enuntiatis
1629 5467 1963 5522 continetur.
1998 5464 2050 5517 l°
2081 5460 2302 5532 Triplex
2337 5468 2422 5515 est
2447 5457 2749 5527 Scriptura:
2781 5473 2996 5550 sensus,
3028 5456 3315 5550 litteralis,
3340 5471 3456 5509 mo-

233 5571 374 5640 ralis,
394 5546 448 5628 et
478 5573 738 5645 mysticus
771 5586 863 5625 seu
893 5568 1236 5640 allegoricus.
1265 5566 1323 5619 2'
1354 5563 1447 5618 Est
1475 5561 1564 5617 ubi
1595 5559 1744 5615 solus
1781 5556 2069 5620 litterulis;
2102 5562 2186 5608 est
2230 5551 2319 5604 ubi
2351 5551 2499 5604 solus
2547 5552 2769 5606 moralis
2845 5546 2928 5601 vel
2959 5549 3111 5606 solus
3162 5547 3457 5620 mysticus;

301 5690 372 5761 (a)
402 5690 672 5746 Omissnm
696 5696 779 5742 est
805 5697 1004 5740 tamen.
1039 5684 1170 5739 Vide
1196 5683 1575 5738 Praefationem
1613 5677 1674 5733 D.
1709 5679 1782 5735 De
1808 5672 1858 5730 la
1889 5675 2002 5730 Bue
2033 5676 2099 5729 ad
2134 5681 2266 5726 tom.
2288 5666 2394 5719 λιν.

582 5785 854 5844 Parnm.
888 5783 1007 5841 Cn.
1058 5778 1198 5839 χιι.

3131 5759 3163 5809 1

1602 6018 1635 6027 ’“
1676 6019 1729 6028 ””
1762 6016 1830 6028 ”“
1869 6007 2109 6108 ἑ41
