  <div class='ocr_page' id='page_1' title='image "/cluster/home/n/w/nwhite01/storage/ocr_20150623/12/mdp.39015028786690/013.png"; bbox 0 0 4000 6146; ppageno 0'>
   <div class='ocr_carea' id='block_1_1' title="bbox 492 217 2072 294">
    <p class='ocr_par' dir='ltr' id='par_1_1' title="bbox 492 217 2054 275">
     <span class='ocr_line' id='line_1_1' title="bbox 492 217 2054 275; baseline 0.001 -2"><span class='ocrx_word' id='word_1_1' title='bbox 492 217 568 274; x_wconf 64' lang='lat' dir='ltr'><strong>Il</strong></span> <span class='ocrx_word' id='word_1_2' title='bbox 1687 218 2054 275; x_wconf 62' lang='lat' dir='ltr'><strong>PREFATIO</strong></span> 
     </span>
    </p>
   </div>
   <div class='ocr_carea' id='block_1_2' title="bbox 2168 217 3748 294">
    <p class='ocr_par' dir='ltr' id='par_1_2' title="bbox 2168 222 3748 294">
     <span class='ocr_line' id='line_1_2' title="bbox 2168 222 3748 294; baseline 0.003 -20"><span class='ocrx_word' id='word_1_3' title='bbox 2168 224 2186 274; x_wconf 69' lang='grc' dir='ltr'><strong>ι</strong></span> <span class='ocrx_word' id='word_1_4' title='bbox 2226 222 2388 280; x_wconf 81' lang='lat' dir='ltr'><strong>TOM.</strong></span> <span class='ocrx_word' id='word_1_5' title='bbox 2432 224 2496 280; x_wconf 82' lang='grc' dir='ltr'><strong>ιι.</strong></span> <span class='ocrx_word' id='word_1_6' title='bbox 3686 238 3748 294; x_wconf 70' lang='grc' dir='ltr'>η</span> 
     </span>
    </p>
   </div>
   <div class='ocr_carea' id='block_1_3' title="bbox 501 324 3750 414">
    <p class='ocr_par' dir='ltr' id='par_1_3' title="bbox 501 324 3750 414">
     <span class='ocr_line' id='line_1_3' title="bbox 501 324 3750 414; baseline 0.003 -24"><span class='ocrx_word' id='word_1_7' title='bbox 501 334 740 406; x_wconf 88' lang='lat' dir='ltr'><strong>denique</strong></span> <span class='ocrx_word' id='word_1_8' title='bbox 774 343 856 391; x_wconf 79' lang='lat' dir='ltr'><strong>est</strong></span> <span class='ocrx_word' id='word_1_9' title='bbox 882 333 970 389; x_wconf 93' lang='lat' dir='ltr'><strong>nhi</strong></span> <span class='ocrx_word' id='word_1_10' title='bbox 1006 324 1259 387; x_wconf 76' lang='lat' dir='ltr'><strong>litterulis</strong></span> <span class='ocrx_word' id='word_1_11' title='bbox 1287 331 1445 385; x_wconf 89' lang='lat' dir='ltr'><strong>simul</strong></span> <span class='ocrx_word' id='word_1_12' title='bbox 1481 342 1533 385; x_wconf 91' lang='lat' dir='ltr'><strong>et</strong></span> <span class='ocrx_word' id='word_1_13' title='bbox 1572 333 1833 404; x_wconf 88' lang='lat' dir='ltr'><strong>mysticus</strong></span> <span class='ocrx_word' id='word_1_14' title='bbox 1865 347 2058 386; x_wconf 83' lang='lat' dir='ltr'><strong>sensus</strong></span> <span class='ocrx_word' id='word_1_15' title='bbox 2093 330 2269 386; x_wconf 83' lang='lat' dir='ltr'><strong>locum</strong></span> <span class='ocrx_word' id='word_1_16' title='bbox 2326 334 2549 390; x_wconf 78' lang='lat' dir='ltr'><strong>habent.</strong></span> <span class='ocrx_word' id='word_1_17' title='bbox 2580 336 2644 389; x_wconf 76' lang='lat'><strong>5°</strong></span> <span class='ocrx_word' id='word_1_18' title='bbox 2668 332 2725 392; x_wconf 90' lang='lat' dir='ltr'><strong>Si</strong></span> <span class='ocrx_word' id='word_1_19' title='bbox 2762 338 3059 407; x_wconf 78' lang='lat' dir='ltr'><strong>generatim</strong></span> <span class='ocrx_word' id='word_1_20' title='bbox 3130 356 3223 398; x_wconf 91' lang='lat' dir='ltr'><strong>res</strong></span> <span class='ocrx_word' id='word_1_21' title='bbox 3254 354 3548 414; x_wconf 90' lang='lat' dir='ltr'><strong>spectetur,</strong></span> <span class='ocrx_word' id='word_1_22' title='bbox 3573 348 3639 401; x_wconf 86' lang='lat' dir='ltr'><strong>ad</strong></span> <span class='ocrx_word' id='word_1_23' title='bbox 3673 350 3750 401; x_wconf 87' lang='lat' dir='ltr'><strong>in-</strong></span> 
     </span>
    </p>
   </div>
   <div class='ocr_carea' id='block_1_4' title="bbox 496 424 3745 505">
    <p class='ocr_par' dir='ltr' id='par_1_4' title="bbox 496 424 3745 505">
     <span class='ocr_line' id='line_1_4' title="bbox 496 424 3745 505; baseline 0.002 -22"><span class='ocrx_word' id='word_1_24' title='bbox 496 427 838 483; x_wconf 69' lang='lat' dir='ltr'><strong>stitutionem</strong></span> <span class='ocrx_word' id='word_1_25' title='bbox 871 424 1367 481; x_wconf 72' lang='lat' dir='ltr'><strong>ettediilcationem</strong></span> <span class='ocrx_word' id='word_1_26' title='bbox 1397 425 1722 493; x_wconf 85' lang='lat' dir='ltr'><strong>simplicium</strong></span> <span class='ocrx_word' id='word_1_27' title='bbox 1754 424 1954 480; x_wconf 78' lang='lat' dir='ltr'><strong>suilicit</strong></span> <span class='ocrx_word' id='word_1_28' title='bbox 1992 425 2242 480; x_wconf 87' lang='lat' dir='ltr'><strong>litteralis</strong></span> <span class='ocrx_word' id='word_1_29' title='bbox 2274 442 2487 480; x_wconf 83' lang='lat' dir='ltr'><strong>sensus.</strong></span> <span class='ocrx_word' id='word_1_30' title='bbox 2515 427 2573 481; x_wconf 74' lang='grc' dir='ltr'><strong>4ο</strong></span> <span class='ocrx_word' id='word_1_31' title='bbox 2606 427 2760 498; x_wconf 66' lang='lat' dir='ltr'><strong>Saepe</strong></span> <span class='ocrx_word' id='word_1_32' title='bbox 2793 441 2975 487; x_wconf 89' lang='lat' dir='ltr'><strong>tamen</strong></span> <span class='ocrx_word' id='word_1_33' title='bbox 3004 435 3183 491; x_wconf 76' lang='lat' dir='ltr'><strong>littera</strong></span> <span class='ocrx_word' id='word_1_34' title='bbox 3216 438 3267 505; x_wconf 80' lang='lat' dir='ltr'><strong>in</strong></span> <span class='ocrx_word' id='word_1_35' title='bbox 3302 452 3362 492; x_wconf 91' lang='lat' dir='ltr'><strong>se</strong></span> <span class='ocrx_word' id='word_1_36' title='bbox 3401 438 3563 492; x_wconf 87' lang='lat' dir='ltr'><strong>habet</strong></span> <span class='ocrx_word' id='word_1_37' title='bbox 3590 440 3745 499; x_wconf 57' lang='lat' dir='ltr'><strong>falsa.</strong></span> 
     </span>
    </p>
   </div>
   <div class='ocr_carea' id='block_1_5' title="bbox 496 517 3749 598">
    <p class='ocr_par' dir='ltr' id='par_1_5' title="bbox 496 517 3749 598">
     <span class='ocr_line' id='line_1_5' title="bbox 496 517 3749 598; baseline 0.003 -24"><span class='ocrx_word' id='word_1_38' title='bbox 496 518 761 583; x_wconf 70' lang='lat' dir='ltr'><strong>absurda,</strong></span> <span class='ocrx_word' id='word_1_39' title='bbox 799 532 983 573; x_wconf 84' lang='lat' dir='ltr'><strong>secum</strong></span> <span class='ocrx_word' id='word_1_40' title='bbox 1016 518 1339 588; x_wconf 74' lang='lat' dir='ltr'><strong>pugnantia,</strong></span> <span class='ocrx_word' id='word_1_41' title='bbox 1376 517 1755 587; x_wconf 89' lang='lat' dir='ltr'><strong>impossibilia,</strong></span> <span class='ocrx_word' id='word_1_42' title='bbox 1786 527 1840 573; x_wconf 87' lang='lat' dir='ltr'><strong>et</strong></span> <span class='ocrx_word' id='word_1_43' title='bbox 1868 527 2066 573; x_wconf 73' lang='lat' dir='ltr'><strong>caetera</strong></span> <span class='ocrx_word' id='word_1_44' title='bbox 2093 517 2430 585; x_wconf 90' lang='lat' dir='ltr'><strong>hujusmodi,</strong></span> <span class='ocrx_word' id='word_1_45' title='bbox 2468 519 2610 574; x_wconf 93' lang='lat' dir='ltr'><strong>unde</strong></span> <span class='ocrx_word' id='word_1_46' title='bbox 2640 522 2750 575; x_wconf 90' lang='lat' dir='ltr'><strong>nati</strong></span> <span class='ocrx_word' id='word_1_47' title='bbox 2779 534 2906 578; x_wconf 89' lang='lat' dir='ltr'><strong>sunt</strong></span> <span class='ocrx_word' id='word_1_48' title='bbox 2933 541 3154 581; x_wconf 91' lang='lat' dir='ltr'><strong>errores</strong></span> <span class='ocrx_word' id='word_1_49' title='bbox 3186 532 3572 598; x_wconf 83' lang='lat' dir='ltr'><strong>propemodum</strong></span> <span class='ocrx_word' id='word_1_50' title='bbox 3622 529 3749 585; x_wconf 83' lang='lat' dir='ltr'><strong>inﬁ-</strong></span> 
     </span>
    </p>
   </div>
   <div class='ocr_carea' id='block_1_6' title="bbox 500 607 3739 685">
    <p class='ocr_par' dir='ltr' id='par_1_6' title="bbox 500 607 3739 685">
     <span class='ocr_line' id='line_1_6' title="bbox 500 607 3739 685; baseline 0.004 -21"><span class='ocrx_word' id='word_1_51' title='bbox 500 609 624 665; x_wconf 87' lang='lat' dir='ltr'><strong>niti.</strong></span> <span class='ocrx_word' id='word_1_52' title='bbox 656 608 713 663; x_wconf 80' lang='lat'><strong>5°</strong></span> <span class='ocrx_word' id='word_1_53' title='bbox 744 607 1003 681; x_wconf 80' lang='lat' dir='ltr'><strong>Mysticus</strong></span> <span class='ocrx_word' id='word_1_54' title='bbox 1028 622 1123 663; x_wconf 89' lang='lat' dir='ltr'><strong>seu</strong></span> <span class='ocrx_word' id='word_1_55' title='bbox 1154 607 1484 678; x_wconf 76' lang='lat' dir='ltr'><strong>allegoricus</strong></span> <span class='ocrx_word' id='word_1_56' title='bbox 1513 622 1708 664; x_wconf 88' lang='lat' dir='ltr'><strong>sensus</strong></span> <span class='ocrx_word' id='word_1_57' title='bbox 1730 610 2058 665; x_wconf 91' lang='lat' dir='ltr'><strong>auctoritate</strong></span> <span class='ocrx_word' id='word_1_58' title='bbox 2085 609 2217 665; x_wconf 87' lang='lat' dir='ltr'><strong>Novi</strong></span> <span class='ocrx_word' id='word_1_59' title='bbox 2260 610 2593 664; x_wconf 87' lang='lat' dir='ltr'><strong>Tcstamenti</strong></span> <span class='ocrx_word' id='word_1_60' title='bbox 2620 613 2838 679; x_wconf 76' lang='lat' dir='ltr'><strong>nititur,</strong></span> <span class='ocrx_word' id='word_1_61' title='bbox 2872 626 3063 685; x_wconf 85' lang='lat' dir='ltr'><strong>estque</strong></span> <span class='ocrx_word' id='word_1_62' title='bbox 3108 619 3328 674; x_wconf 92' lang='lat' dir='ltr'><strong>omnino</strong></span> <span class='ocrx_word' id='word_1_63' title='bbox 3374 624 3739 685; x_wconf 84' lang='lat' dir='ltr'><strong>necessarius.</strong></span> 
     </span>
    </p>
   </div>
   <div class='ocr_carea' id='block_1_7' title="bbox 494 700 3746 777">
    <p class='ocr_par' dir='ltr' id='par_1_7' title="bbox 494 700 3746 777">
     <span class='ocr_line' id='line_1_7' title="bbox 494 700 3746 777; baseline 0.004 -21"><span class='ocrx_word' id='word_1_64' title='bbox 494 711 559 756; x_wconf 87' lang='lat' dir='ltr'><strong>ut</strong></span> <span class='ocrx_word' id='word_1_65' title='bbox 583 701 650 756; x_wconf 83' lang='lat' dir='ltr'><strong>ab</strong></span> <span class='ocrx_word' id='word_1_66' title='bbox 677 700 1007 756; x_wconf 81' lang='lat' dir='ltr'><strong>adversariis</strong></span> <span class='ocrx_word' id='word_1_67' title='bbox 1035 708 1151 755; x_wconf 88' lang='lat' dir='ltr'><strong>tuta</strong></span> <span class='ocrx_word' id='word_1_68' title='bbox 1182 709 1401 755; x_wconf 89' lang='lat' dir='ltr'><strong>maneat</strong></span> <span class='ocrx_word' id='word_1_69' title='bbox 1429 702 1629 756; x_wconf 86' lang='lat' dir='ltr'><strong>veritas</strong></span> <span class='ocrx_word' id='word_1_70' title='bbox 1650 702 2079 769; x_wconf 86' lang='lat' dir='ltr'><strong>Scripturarum,</strong></span> <span class='ocrx_word' id='word_1_71' title='bbox 2111 712 2166 756; x_wconf 90' lang='lat' dir='ltr'><strong>et</strong></span> <span class='ocrx_word' id='word_1_72' title='bbox 2194 703 2322 772; x_wconf 78' lang='lat' dir='ltr'><strong>ipsae</strong></span> <span class='ocrx_word' id='word_1_73' title='bbox 2355 703 2461 759; x_wconf 85' lang='lat' dir='ltr'><strong>Deo</strong></span> <span class='ocrx_word' id='word_1_74' title='bbox 2488 704 2663 773; x_wconf 87' lang='lat' dir='ltr'><strong>dignae</strong></span> <span class='ocrx_word' id='word_1_75' title='bbox 2684 706 3007 763; x_wconf 84' lang='lat' dir='ltr'><strong>elﬁciantur.</strong></span> <span class='ocrx_word' id='word_1_76' title='bbox 3042 709 3105 763; x_wconf 83' lang='lat'><strong>6°</strong></span> <span class='ocrx_word' id='word_1_77' title='bbox 3138 711 3516 769; x_wconf 84' lang='lat' dir='ltr'><strong>Dillicillimum</strong></span> <span class='ocrx_word' id='word_1_78' title='bbox 3540 725 3643 777; x_wconf 89' lang='lat' dir='ltr'><strong>est.</strong></span> <span class='ocrx_word' id='word_1_79' title='bbox 3682 730 3746 769; x_wconf 87' lang='lat' dir='ltr'><strong>ne</strong></span> 
     </span>
    </p>
   </div>
   <div class='ocr_carea' id='block_1_8' title="bbox 497 792 3746 875">
    <p class='ocr_par' dir='ltr' id='par_1_8' title="bbox 497 792 3746 875">
     <span class='ocr_line' id='line_1_8' title="bbox 497 792 3746 875; baseline 0.002 -24"><span class='ocrx_word' id='word_1_80' title='bbox 497 796 675 851; x_wconf 87' lang='lat' dir='ltr'><strong>dicam</strong></span> <span class='ocrx_word' id='word_1_81' title='bbox 710 792 1061 862; x_wconf 79' lang='lat' dir='ltr'><strong>impossibile,</strong></span> <span class='ocrx_word' id='word_1_82' title='bbox 1093 792 1347 863; x_wconf 86' lang='lat' dir='ltr'><strong>mysticos</strong></span> <span class='ocrx_word' id='word_1_83' title='bbox 1374 792 1586 861; x_wconf 87' lang='lat' dir='ltr'><strong>assequi</strong></span> <span class='ocrx_word' id='word_1_84' title='bbox 1638 806 1829 847; x_wconf 88' lang='lat' dir='ltr'><strong>sensus</strong></span> <span class='ocrx_word' id='word_1_85' title='bbox 1858 807 1997 861; x_wconf 91' lang='lat' dir='ltr'><strong>quos</strong></span> <span class='ocrx_word' id='word_1_86' title='bbox 2045 794 2096 846; x_wconf 91' lang='lat' dir='ltr'><strong>in</strong></span> <span class='ocrx_word' id='word_1_87' title='bbox 2126 806 2184 847; x_wconf 91' lang='lat' dir='ltr'><strong>se</strong></span> <span class='ocrx_word' id='word_1_88' title='bbox 2231 793 2612 863; x_wconf 85' lang='lat' dir='ltr'><strong>complectitur</strong></span> <span class='ocrx_word' id='word_1_89' title='bbox 2649 797 2959 867; x_wconf 84' lang='lat' dir='ltr'><strong>Scriptura.</strong></span> <span class='ocrx_word' id='word_1_90' title='bbox 3006 801 3063 855; x_wconf 86' lang='grc' dir='ltr'><strong>’7ο</strong></span> <span class='ocrx_word' id='word_1_91' title='bbox 3095 802 3165 857; x_wconf 90' lang='lat' dir='ltr'><strong>Iis</strong></span> <span class='ocrx_word' id='word_1_92' title='bbox 3192 814 3368 859; x_wconf 90' lang='lat' dir='ltr'><strong>tamen</strong></span> <span class='ocrx_word' id='word_1_93' title='bbox 3397 808 3746 875; x_wconf 84' lang='lat' dir='ltr'><strong>assequendis</strong></span> 
     </span>
    </p>
   </div>
   <div class='ocr_carea' id='block_1_9' title="bbox 497 884 3744 965">
    <p class='ocr_par' dir='ltr' id='par_1_9' title="bbox 497 884 3744 965">
     <span class='ocr_line' id='line_1_9' title="bbox 497 884 3744 965; baseline 0.003 -24"><span class='ocrx_word' id='word_1_94' title='bbox 497 888 802 942; x_wconf 86' lang='lat' dir='ltr'><strong>conducere</strong></span> <span class='ocrx_word' id='word_1_95' title='bbox 829 897 1033 954; x_wconf 87' lang='lat' dir='ltr'><strong>queant</strong></span> <span class='ocrx_word' id='word_1_96' title='bbox 1067 885 1266 954; x_wconf 75' lang='lat' dir='ltr'><strong>regula:</strong></span> <span class='ocrx_word' id='word_1_97' title='bbox 1295 894 1583 953; x_wconf 85' lang='lat' dir='ltr'><strong>sequentes</strong></span> <span class='ocrx_word' id='word_1_98' title='bbox 1614 901 1628 937; x_wconf 89' lang='lat'><strong>:</strong></span> <span class='ocrx_word' id='word_1_99' title='bbox 1663 884 1902 937; x_wconf 83' lang='lat' dir='ltr'><strong>Primum</strong></span> <span class='ocrx_word' id='word_1_100' title='bbox 1942 885 1987 937; x_wconf 90' lang='lat' dir='ltr'><strong>si</strong></span> <span class='ocrx_word' id='word_1_101' title='bbox 2015 885 2410 940; x_wconf 71' lang='lat' dir='ltr'><strong>czereinonialis</strong></span> <span class='ocrx_word' id='word_1_102' title='bbox 2440 886 2528 941; x_wconf 79' lang='lat' dir='ltr'><strong>lex</strong></span> <span class='ocrx_word' id='word_1_103' title='bbox 2562 889 2697 945; x_wconf 88' lang='lat' dir='ltr'><strong>adeo</strong></span> <span class='ocrx_word' id='word_1_104' title='bbox 2740 901 2848 945; x_wconf 90' lang='lat' dir='ltr'><strong>tota</strong></span> <span class='ocrx_word' id='word_1_105' title='bbox 2881 893 3066 963; x_wconf 74' lang='lat' dir='ltr'><strong>figuris</strong></span> <span class='ocrx_word' id='word_1_106' title='bbox 3096 896 3253 964; x_wconf 88' lang='lat' dir='ltr'><strong>plena</strong></span> <span class='ocrx_word' id='word_1_107' title='bbox 3303 899 3662 965; x_wconf 81' lang='lat' dir='ltr'><strong>existimetur,</strong></span> <span class='ocrx_word' id='word_1_108' title='bbox 3688 912 3744 954; x_wconf 88' lang='lat' dir='ltr'><strong>ut</strong></span> 
     </span>
    </p>
   </div>
   <div class='ocr_carea' id='block_1_10' title="bbox 492 976 3743 1056">
    <p class='ocr_par' dir='ltr' id='par_1_10' title="bbox 492 976 3743 1056">
     <span class='ocr_line' id='line_1_10' title="bbox 492 976 3743 1056; baseline 0.004 -22"><span class='ocrx_word' id='word_1_109' title='bbox 492 979 705 1051; x_wconf 63' lang='lat' dir='ltr'><strong>lingula</strong></span> <span class='ocrx_word' id='word_1_110' title='bbox 729 979 1132 1049; x_wconf 89' lang='lat' dir='ltr'><strong>Scripturarum</strong></span> <span class='ocrx_word' id='word_1_111' title='bbox 1160 976 1275 1031; x_wconf 86' lang='lat' dir='ltr'><strong>loca</strong></span> <span class='ocrx_word' id='word_1_112' title='bbox 1300 992 1418 1046; x_wconf 66' lang='lat' dir='ltr'><strong>qua!</strong></span> <span class='ocrx_word' id='word_1_113' title='bbox 1445 979 1513 1030; x_wconf 91' lang='lat' dir='ltr'><strong>ad</strong></span> <span class='ocrx_word' id='word_1_114' title='bbox 1548 977 1693 1030; x_wconf 87' lang='lat' dir='ltr'><strong>illam</strong></span> <span class='ocrx_word' id='word_1_115' title='bbox 1729 976 2063 1041; x_wconf 83' lang='lat' dir='ltr'><strong>referuntur,</strong></span> <span class='ocrx_word' id='word_1_116' title='bbox 2110 991 2198 1043; x_wconf 90' lang='lat' dir='ltr'><strong>ea,</strong></span> <span class='ocrx_word' id='word_1_117' title='bbox 2256 993 2325 1032; x_wconf 93' lang='lat' dir='ltr'><strong>ne</strong></span> <span class='ocrx_word' id='word_1_118' title='bbox 2378 995 2485 1034; x_wconf 92' lang='lat' dir='ltr'><strong>uno</strong></span> <span class='ocrx_word' id='word_1_119' title='bbox 2516 982 2733 1048; x_wconf 87' lang='lat' dir='ltr'><strong>quidem</strong></span> <span class='ocrx_word' id='word_1_120' title='bbox 2787 998 3038 1055; x_wconf 82' lang='lat' dir='ltr'><strong>excepto,</strong></span> <span class='ocrx_word' id='word_1_121' title='bbox 3101 1005 3203 1044; x_wconf 93' lang='lat' dir='ltr'><strong>non</strong></span> <span class='ocrx_word' id='word_1_122' title='bbox 3259 990 3585 1056; x_wconf 89' lang='lat' dir='ltr'><strong>litteraliter,</strong></span> <span class='ocrx_word' id='word_1_123' title='bbox 3650 992 3743 1048; x_wconf 86' lang='lat' dir='ltr'><strong>sed</strong></span> 
     </span>
    </p>
   </div>
   <div class='ocr_carea' id='block_1_11' title="bbox 498 1068 3743 1157">
    <p class='ocr_par' dir='ltr' id='par_1_11' title="bbox 498 1068 3743 1157">
     <span class='ocr_line' id='line_1_11' title="bbox 498 1068 3743 1157; baseline 0.004 -31"><span class='ocrx_word' id='word_1_124' title='bbox 498 1073 728 1144; x_wconf 80' lang='lat' dir='ltr'><strong>mystice</strong></span> <span class='ocrx_word' id='word_1_125' title='bbox 764 1080 969 1125; x_wconf 91' lang='lat' dir='ltr'><strong>tantum</strong></span> <span class='ocrx_word' id='word_1_126' title='bbox 995 1071 1366 1140; x_wconf 87' lang='lat' dir='ltr'><strong>accipiantur;</strong></span> <span class='ocrx_word' id='word_1_127' title='bbox 1403 1069 1600 1124; x_wconf 90' lang='lat' dir='ltr'><strong>deinde</strong></span> <span class='ocrx_word' id='word_1_128' title='bbox 1630 1070 1673 1123; x_wconf 91' lang='lat' dir='ltr'><strong>si</strong></span> <span class='ocrx_word' id='word_1_129' title='bbox 1709 1068 2019 1137; x_wconf 79' lang='lat' dir='ltr'><strong>ubicunque</strong></span> <span class='ocrx_word' id='word_1_130' title='bbox 2052 1083 2234 1123; x_wconf 87' lang='lat' dir='ltr'><strong>sermo</strong></span> <span class='ocrx_word' id='word_1_131' title='bbox 2267 1079 2350 1125; x_wconf 85' lang='lat' dir='ltr'><strong>est</strong></span> <span class='ocrx_word' id='word_1_132' title='bbox 2379 1073 2445 1127; x_wconf 90' lang='lat' dir='ltr'><strong>de</strong></span> <span class='ocrx_word' id='word_1_133' title='bbox 2495 1072 2819 1142; x_wconf 81' lang='lat' dir='ltr'><strong>Jerusalem,</strong></span> <span class='ocrx_word' id='word_1_134' title='bbox 2850 1079 2915 1132; x_wconf 90' lang='lat' dir='ltr'><strong>de</strong></span> <span class='ocrx_word' id='word_1_135' title='bbox 2962 1079 3216 1151; x_wconf 67' lang='lat' dir='ltr'><strong>Egypto,</strong></span> <span class='ocrx_word' id='word_1_136' title='bbox 3252 1081 3543 1152; x_wconf 84' lang='lat' dir='ltr'><strong>Babylone,</strong></span> <span class='ocrx_word' id='word_1_137' title='bbox 3597 1083 3743 1157; x_wconf 88' lang='lat' dir='ltr'><strong>Tyro</strong></span> 
     </span>
    </p>
   </div>
   <div class='ocr_carea' id='block_1_12' title="bbox 494 1160 3741 1237">
    <p class='ocr_par' dir='ltr' id='par_1_12' title="bbox 494 1160 3741 1237">
     <span class='ocr_line' id='line_1_12' title="bbox 494 1160 3741 1237; baseline 0.004 -17"><span class='ocrx_word' id='word_1_138' title='bbox 494 1166 725 1237; x_wconf 84' lang='lat' dir='ltr'><strong>aliisque</strong></span> <span class='ocrx_word' id='word_1_139' title='bbox 752 1164 982 1220; x_wconf 88' lang='lat' dir='ltr'><strong>terrenis</strong></span> <span class='ocrx_word' id='word_1_140' title='bbox 1015 1163 1168 1226; x_wconf 90' lang='lat' dir='ltr'><strong>locis,</strong></span> <span class='ocrx_word' id='word_1_141' title='bbox 1193 1173 1358 1216; x_wconf 84' lang='lat' dir='ltr'><strong>totum</strong></span> <span class='ocrx_word' id='word_1_142' title='bbox 1390 1162 1442 1215; x_wconf 89' lang='lat' dir='ltr'><strong>id</strong></span> <span class='ocrx_word' id='word_1_143' title='bbox 1475 1160 1743 1216; x_wconf 77' lang='lat' dir='ltr'><strong>referatur</strong></span> <span class='ocrx_word' id='word_1_144' title='bbox 1771 1161 1836 1213; x_wconf 89' lang='lat' dir='ltr'><strong>ad</strong></span> <span class='ocrx_word' id='word_1_145' title='bbox 1869 1160 2109 1215; x_wconf 57' lang='lat' dir='ltr'><strong>caelestia</strong></span> <span class='ocrx_word' id='word_1_146' title='bbox 2139 1161 2254 1216; x_wconf 89' lang='lat' dir='ltr'><strong>loca</strong></span> <span class='ocrx_word' id='word_1_147' title='bbox 2282 1204 2298 1228; x_wconf 95' lang='lat'><strong>,</strong></span> <span class='ocrx_word' id='word_1_148' title='bbox 2326 1178 2446 1231; x_wconf 66' lang='lat' dir='ltr'><strong>quae</strong></span> <span class='ocrx_word' id='word_1_149' title='bbox 2473 1164 2775 1219; x_wconf 89' lang='lat' dir='ltr'><strong>animarum</strong></span> <span class='ocrx_word' id='word_1_150' title='bbox 2811 1168 2922 1221; x_wconf 89' lang='lat' dir='ltr'><strong>sint</strong></span> <span class='ocrx_word' id='word_1_151' title='bbox 2960 1169 3297 1235; x_wconf 81' lang='lat' dir='ltr'><strong>habitacula;</strong></span> <span class='ocrx_word' id='word_1_152' title='bbox 3330 1188 3396 1226; x_wconf 92' lang='lat' dir='ltr'><strong>ac</strong></span> <span class='ocrx_word' id='word_1_153' title='bbox 3440 1176 3655 1230; x_wconf 90' lang='lat' dir='ltr'><strong>demum</strong></span> <span class='ocrx_word' id='word_1_154' title='bbox 3696 1180 3741 1233; x_wconf 88' lang='lat' dir='ltr'><strong>si</strong></span> 
     </span>
    </p>
   </div>
   <div class='ocr_carea' id='block_1_13' title="bbox 492 1254 3740 1334">
    <p class='ocr_par' dir='ltr' id='par_1_13' title="bbox 492 1254 3740 1334">
     <span class='ocr_line' id='line_1_13' title="bbox 492 1254 3740 1334; baseline 0.003 -21"><span class='ocrx_word' id='word_1_155' title='bbox 492 1259 557 1313; x_wconf 88' lang='lat' dir='ltr'><strong>ad</strong></span> <span class='ocrx_word' id='word_1_156' title='bbox 581 1258 867 1330; x_wconf 78' lang='lat' dir='ltr'><strong>mysticum</strong></span> <span class='ocrx_word' id='word_1_157' title='bbox 906 1270 1125 1311; x_wconf 84' lang='lat' dir='ltr'><strong>sensum</strong></span> <span class='ocrx_word' id='word_1_158' title='bbox 1173 1255 1517 1323; x_wconf 75' lang='lat' dir='ltr'><strong>confugiatur</strong></span> <span class='ocrx_word' id='word_1_159' title='bbox 1581 1264 1636 1309; x_wconf 89' lang='lat' dir='ltr'><strong>et</strong></span> <span class='ocrx_word' id='word_1_160' title='bbox 1702 1256 1985 1308; x_wconf 76' lang='lat' dir='ltr'><strong>deseratur</strong></span> <span class='ocrx_word' id='word_1_161' title='bbox 2043 1254 2245 1324; x_wconf 87' lang='lat' dir='ltr'><strong>littera,</strong></span> <span class='ocrx_word' id='word_1_162' title='bbox 2278 1256 2490 1327; x_wconf 88' lang='lat' dir='ltr'><strong>quoties</strong></span> <span class='ocrx_word' id='word_1_163' title='bbox 2512 1257 2666 1319; x_wconf 80' lang='lat' dir='ltr'><strong>falsa,</strong></span> <span class='ocrx_word' id='word_1_164' title='bbox 2694 1260 2896 1316; x_wconf 90' lang='lat' dir='ltr'><strong>inutilis</strong></span> <span class='ocrx_word' id='word_1_165' title='bbox 2918 1279 2981 1317; x_wconf 89' lang='lat' dir='ltr'><strong>ac</strong></span> <span class='ocrx_word' id='word_1_166' title='bbox 3013 1263 3119 1317; x_wconf 90' lang='lat' dir='ltr'><strong>Deo</strong></span> <span class='ocrx_word' id='word_1_167' title='bbox 3147 1266 3360 1334; x_wconf 81' lang='lat' dir='ltr'><strong>indigna</strong></span> <span class='ocrx_word' id='word_1_168' title='bbox 3389 1269 3497 1321; x_wconf 85' lang='lat' dir='ltr'><strong>visa</strong></span> <span class='ocrx_word' id='word_1_169' title='bbox 3554 1271 3740 1325; x_wconf 80' lang='lat' dir='ltr'><strong>fuerit.</strong></span> 
     </span>
    </p>
   </div>
   <div class='ocr_carea' id='block_1_14' title="bbox 491 1346 3741 1422">
    <p class='ocr_par' dir='ltr' id='par_1_14' title="bbox 491 1346 3741 1422">
     <span class='ocr_line' id='line_1_14' title="bbox 491 1346 3741 1422; baseline 0.003 -15"><span class='ocrx_word' id='word_1_170' title='bbox 491 1352 607 1407; x_wconf 87' lang='lat' dir='ltr'><strong>Hoc</strong></span> <span class='ocrx_word' id='word_1_171' title='bbox 635 1361 715 1404; x_wconf 89' lang='lat' dir='ltr'><strong>est</strong></span> <span class='ocrx_word' id='word_1_172' title='bbox 746 1348 1056 1420; x_wconf 83' lang='lat' dir='ltr'><strong>Origeniani</strong></span> <span class='ocrx_word' id='word_1_173' title='bbox 1094 1348 1158 1404; x_wconf 91' lang='lat' dir='ltr'><strong>de</strong></span> <span class='ocrx_word' id='word_1_174' title='bbox 1189 1346 1596 1417; x_wconf 89' lang='lat' dir='ltr'><strong>interpretanda</strong></span> <span class='ocrx_word' id='word_1_175' title='bbox 1641 1346 1929 1415; x_wconf 90' lang='lat' dir='ltr'><strong>Scriptura</strong></span> <span class='ocrx_word' id='word_1_176' title='bbox 1996 1362 2151 1402; x_wconf 87' lang='lat' dir='ltr'><strong>sacra</strong></span> <span class='ocrx_word' id='word_1_177' title='bbox 2199 1351 2516 1419; x_wconf 88' lang='lat' dir='ltr'><strong>systematis</strong></span> <span class='ocrx_word' id='word_1_178' title='bbox 2568 1353 2970 1422; x_wconf 88' lang='lat' dir='ltr'><strong>compendium.</strong></span> <span class='ocrx_word' id='word_1_179' title='bbox 3007 1355 3158 1409; x_wconf 90' lang='lat' dir='ltr'><strong>Nunc</strong></span> <span class='ocrx_word' id='word_1_180' title='bbox 3217 1360 3557 1416; x_wconf 82' lang='lat' dir='ltr'><strong>enucleatius</strong></span> <span class='ocrx_word' id='word_1_181' title='bbox 3611 1363 3741 1419; x_wconf 89' lang='lat' dir='ltr'><strong>illud</strong></span> 
     </span>
    </p>
   </div>
   <div class='ocr_carea' id='block_1_15' title="bbox 489 1438 2433 1516">
    <p class='ocr_par' dir='ltr' id='par_1_15' title="bbox 489 1438 2433 1516">
     <span class='ocr_line' id='line_1_15' title="bbox 489 1438 2433 1516; baseline -0.002 -14"><span class='ocrx_word' id='word_1_182' title='bbox 489 1455 577 1502; x_wconf 88' lang='lat' dir='ltr'><strong>est</strong></span> <span class='ocrx_word' id='word_1_183' title='bbox 602 1443 980 1516; x_wconf 80' lang='lat' dir='ltr'><strong>explicandum</strong></span> <span class='ocrx_word' id='word_1_184' title='bbox 1016 1453 1072 1498; x_wconf 84' lang='lat' dir='ltr'><strong>et</strong></span> <span class='ocrx_word' id='word_1_185' title='bbox 1098 1442 1319 1497; x_wconf 85' lang='lat' dir='ltr'><strong>disertis</strong></span> <span class='ocrx_word' id='word_1_186' title='bbox 1343 1439 1653 1496; x_wconf 80' lang='lat' dir='ltr'><strong>Adamantii</strong></span> <span class='ocrx_word' id='word_1_187' title='bbox 1688 1438 2028 1494; x_wconf 82' lang='lat' dir='ltr'><strong>testimoniis</strong></span> <span class='ocrx_word' id='word_1_188' title='bbox 2057 1442 2433 1499; x_wconf 87' lang='lat' dir='ltr'><strong>astruendum.</strong></span> 
     </span>
    </p>
   </div>
   <div class='ocr_carea' id='block_1_16' title="bbox 1255 1558 2976 1622">
    <p class='ocr_par' dir='ltr' id='par_1_16' title="bbox 1255 1558 2976 1622">
     <span class='ocr_line' id='line_1_16' title="bbox 1255 1558 2976 1622; baseline 0.005 -10"><span class='ocrx_word' id='word_1_189' title='bbox 1255 1560 1449 1615; x_wconf 72' lang='lat' dir='ltr'><strong>ABTIC.</strong></span> <span class='ocrx_word' id='word_1_190' title='bbox 1482 1558 1523 1612; x_wconf 80' lang='grc'><strong>1.</strong></span> <span class='ocrx_word' id='word_1_191' title='bbox 1546 1572 1613 1612; x_wconf 73' lang='lat' dir='ltr'><strong>EX</strong></span> <span class='ocrx_word' id='word_1_192' title='bbox 1652 1570 1877 1613; x_wconf 76' lang='lat' dir='ltr'><strong>ORIGENE</strong></span> <span class='ocrx_word' id='word_1_193' title='bbox 1913 1572 2142 1612; x_wconf 70' lang='lat' dir='ltr'><strong>TRIPLBX</strong></span> <span class='ocrx_word' id='word_1_194' title='bbox 2179 1573 2279 1614; x_wconf 79' lang='lat' dir='ltr'><strong>EST</strong></span> <span class='ocrx_word' id='word_1_195' title='bbox 2322 1575 2727 1619; x_wconf 73' lang='lat' dir='ltr'><strong>SCRIPTUBARUH</strong></span> <span class='ocrx_word' id='word_1_196' title='bbox 2766 1580 2976 1622; x_wconf 81' lang='lat' dir='ltr'><strong>SENSUS.</strong></span> 
     </span>
    </p>
   </div>
   <div class='ocr_carea' id='block_1_17' title="bbox 566 1671 3739 1748">
    <p class='ocr_par' dir='ltr' id='par_1_17' title="bbox 566 1671 3739 1748">
     <span class='ocr_line' id='line_1_17' title="bbox 566 1671 3739 1748; baseline 0.005 -18"><span class='ocrx_word' id='word_1_197' title='bbox 566 1697 586 1730; x_wconf 73' lang='grc' dir='ltr'>ι</span> <span class='ocrx_word' id='word_1_198' title='bbox 616 1678 878 1733; x_wconf 82' lang='lat' dir='ltr'><strong>Sanctam</strong></span> <span class='ocrx_word' id='word_1_199' title='bbox 904 1672 1247 1745; x_wconf 89' lang='lat' dir='ltr'><strong>Scripturam</strong></span> <span class='ocrx_word' id='word_1_200' title='bbox 1281 1672 1482 1743; x_wconf 84' lang='lat' dir='ltr'><strong>(inquit</strong></span> <span class='ocrx_word' id='word_1_201' title='bbox 1509 1672 1696 1727; x_wconf 88' lang='lat' dir='ltr'><strong>homil.</strong></span> <span class='ocrx_word' id='word_1_202' title='bbox 1720 1672 1753 1726; x_wconf 85' lang='lat'><strong>5</strong></span> <span class='ocrx_word' id='word_1_203' title='bbox 1783 1672 1833 1726; x_wconf 94' lang='lat' dir='ltr'><strong>in</strong></span> <span class='ocrx_word' id='word_1_204' title='bbox 1865 1671 2118 1739; x_wconf 86' lang='lat' dir='ltr'><strong>Levitic.,</strong></span> <span class='ocrx_word' id='word_1_205' title='bbox 2152 1689 2302 1730; x_wconf 90' lang='lat' dir='ltr'><strong>num.</strong></span> <span class='ocrx_word' id='word_1_206' title='bbox 2334 1675 2387 1748; x_wconf 90' lang='grc'><strong>1)</strong></span> <span class='ocrx_word' id='word_1_207' title='bbox 2412 1679 2740 1735; x_wconf 88' lang='lat' dir='ltr'><strong>credendum</strong></span> <span class='ocrx_word' id='word_1_208' title='bbox 2783 1692 2866 1736; x_wconf 86' lang='lat' dir='ltr'><strong>est</strong></span> <span class='ocrx_word' id='word_1_209' title='bbox 2894 1696 2961 1735; x_wconf 83' lang='lat' dir='ltr'><strong>ex</strong></span> <span class='ocrx_word' id='word_1_210' title='bbox 3009 1680 3312 1739; x_wconf 88' lang='lat' dir='ltr'><strong>visibilibus</strong></span> <span class='ocrx_word' id='word_1_211' title='bbox 3342 1697 3400 1742; x_wconf 82' lang='lat' dir='ltr'><strong>et</strong></span> <span class='ocrx_word' id='word_1_212' title='bbox 3450 1686 3739 1745; x_wconf 83' lang='lat' dir='ltr'><strong>invisibili-</strong></span> 
     </span>
    </p>
   </div>
   <div class='ocr_carea' id='block_1_18' title="bbox 486 1765 3733 1850">
    <p class='ocr_par' dir='ltr' id='par_1_18' title="bbox 486 1765 3733 1850">
     <span class='ocr_line' id='line_1_18' title="bbox 486 1765 3733 1850; baseline 0.005 -27"><span class='ocrx_word' id='word_1_213' title='bbox 486 1769 593 1825; x_wconf 82' lang='lat' dir='ltr'><strong>lius</strong></span> <span class='ocrx_word' id='word_1_214' title='bbox 623 1779 901 1836; x_wconf 85' lang='lat' dir='ltr'><strong>constare,</strong></span> <span class='ocrx_word' id='word_1_215' title='bbox 932 1767 1097 1823; x_wconf 90' lang='lat' dir='ltr'><strong>veluti</strong></span> <span class='ocrx_word' id='word_1_216' title='bbox 1128 1781 1195 1820; x_wconf 78' lang='lat' dir='ltr'><strong>ex</strong></span> <span class='ocrx_word' id='word_1_217' title='bbox 1225 1781 1455 1835; x_wconf 81' lang='lat' dir='ltr'><strong>corpore</strong></span> <span class='ocrx_word' id='word_1_218' title='bbox 1483 1766 1741 1835; x_wconf 85' lang='lat' dir='ltr'><strong>quodam,</strong></span> <span class='ocrx_word' id='word_1_219' title='bbox 1769 1765 1962 1820; x_wconf 81' lang='lat' dir='ltr'><strong>litterae</strong></span> <span class='ocrx_word' id='word_1_220' title='bbox 1995 1767 2206 1823; x_wconf 89' lang='lat' dir='ltr'><strong>scilicet</strong></span> <span class='ocrx_word' id='word_1_221' title='bbox 2234 1783 2354 1837; x_wconf 67' lang='lat' dir='ltr'><strong>quae</strong></span> <span class='ocrx_word' id='word_1_222' title='bbox 2381 1771 2630 1838; x_wconf 89' lang='lat' dir='ltr'><strong>videtur;</strong></span> <span class='ocrx_word' id='word_1_223' title='bbox 2658 1784 2712 1828; x_wconf 92' lang='lat' dir='ltr'><strong>et</strong></span> <span class='ocrx_word' id='word_1_224' title='bbox 2739 1777 2942 1838; x_wconf 88' lang='lat' dir='ltr'><strong>anima,</strong></span> <span class='ocrx_word' id='word_1_225' title='bbox 2998 1791 3192 1832; x_wconf 85' lang='lat' dir='ltr'><strong>sensus</strong></span> <span class='ocrx_word' id='word_1_226' title='bbox 3222 1779 3311 1847; x_wconf 93' lang='lat' dir='ltr'><strong>qui</strong></span> <span class='ocrx_word' id='word_1_227' title='bbox 3365 1781 3504 1834; x_wconf 87' lang='lat' dir='ltr'><strong>intra</strong></span> <span class='ocrx_word' id='word_1_228' title='bbox 3560 1783 3733 1850; x_wconf 79' lang='lat' dir='ltr'><strong>ipsum</strong></span> 
     </span>
    </p>
   </div>
   <div class='ocr_carea' id='block_1_19' title="bbox 486 1858 3735 1942">
    <p class='ocr_par' dir='ltr' id='par_1_19' title="bbox 486 1858 3735 1942">
     <span class='ocr_line' id='line_1_19' title="bbox 486 1858 3735 1942; baseline 0.003 -26"><span class='ocrx_word' id='word_1_229' title='bbox 486 1862 940 1933; x_wconf 80' lang='lat' dir='ltr'><strong>deprehenditur;</strong></span> <span class='ocrx_word' id='word_1_230' title='bbox 969 1869 1025 1916; x_wconf 89' lang='lat' dir='ltr'><strong>et</strong></span> <span class='ocrx_word' id='word_1_231' title='bbox 1054 1861 1274 1931; x_wconf 90' lang='lat' dir='ltr'><strong>spiritu,</strong></span> <span class='ocrx_word' id='word_1_232' title='bbox 1299 1860 1597 1915; x_wconf 87' lang='lat' dir='ltr'><strong>secundum</strong></span> <span class='ocrx_word' id='word_1_233' title='bbox 1625 1859 1675 1913; x_wconf 94' lang='lat' dir='ltr'><strong>id</strong></span> <span class='ocrx_word' id='word_1_234' title='bbox 1703 1860 1847 1929; x_wconf 89' lang='lat' dir='ltr'><strong>quod</strong></span> <span class='ocrx_word' id='word_1_235' title='bbox 1868 1858 2033 1915; x_wconf 88' lang='lat' dir='ltr'><strong>etiam</strong></span> <span class='ocrx_word' id='word_1_236' title='bbox 2074 1862 2320 1931; x_wconf 59' lang='lat' dir='ltr'><strong>quaedam</strong></span> <span class='ocrx_word' id='word_1_237' title='bbox 2353 1863 2488 1920; x_wconf 89' lang='lat' dir='ltr'><strong>inse</strong></span> <span class='ocrx_word' id='word_1_238' title='bbox 2518 1864 2762 1920; x_wconf 68' lang='lat' dir='ltr'><strong>coelestia</strong></span> <span class='ocrx_word' id='word_1_239' title='bbox 2792 1876 2992 1929; x_wconf 88' lang='lat' dir='ltr'><strong>teneat,</strong></span> <span class='ocrx_word' id='word_1_240' title='bbox 3033 1877 3091 1923; x_wconf 94' lang='lat' dir='ltr'><strong>ut</strong></span> <span class='ocrx_word' id='word_1_241' title='bbox 3122 1871 3410 1937; x_wconf 85' lang='lat' dir='ltr'><strong>Apostolus</strong></span> <span class='ocrx_word' id='word_1_242' title='bbox 3432 1872 3580 1937; x_wconf 85' lang='lat' dir='ltr'><strong>dicit,</strong></span> <span class='ocrx_word' id='word_1_243' title='bbox 3605 1873 3735 1942; x_wconf 79' lang='lat' dir='ltr'><strong>quia</strong></span> 
     </span>
    </p>
   </div>
   <div class='ocr_carea' id='block_1_20' title="bbox 487 1950 3736 2033">
    <p class='ocr_par' dir='ltr' id='par_1_20' title="bbox 487 1950 3736 2033">
     <span class='ocr_line' id='line_1_20' title="bbox 487 1950 3736 2033; baseline 0.003 -25"><span class='ocrx_word' id='word_1_244' title='bbox 487 1953 776 2022; x_wconf 79' lang='lat' dir='ltr'><strong>exemplari</strong></span> <span class='ocrx_word' id='word_1_245' title='bbox 796 1963 845 2008; x_wconf 83' lang='lat' dir='ltr'><strong>et</strong></span> <span class='ocrx_word' id='word_1_246' title='bbox 871 1953 1070 2007; x_wconf 72' lang='lat' dir='ltr'><strong>umbrae</strong></span> <span class='ocrx_word' id='word_1_247' title='bbox 1091 1951 1391 2006; x_wconf 77' lang='lat' dir='ltr'><strong>deserviunt</strong></span> <span class='ocrx_word' id='word_1_248' title='bbox 1416 1950 1700 2005; x_wconf 62' lang='lat' dir='ltr'><strong>emicatiqu</strong></span> <span class='ocrx_word' id='word_1_249' title='bbox 1725 1951 1765 2007; x_wconf 76' lang='grc'><strong>⁸.</strong></span> <span class='ocrx_word' id='word_1_250' title='bbox 1796 1966 1818 2001; x_wconf 75' lang='grc' dir='ltr'>ι</span> <span class='ocrx_word' id='word_1_251' title='bbox 1868 1950 1968 2006; x_wconf 81' lang='lat' dir='ltr'><strong>llic</strong></span> <span class='ocrx_word' id='word_1_252' title='bbox 1989 1966 2189 2022; x_wconf 90' lang='lat' dir='ltr'><strong>corpus</strong></span> <span class='ocrx_word' id='word_1_253' title='bbox 2220 1962 2274 2008; x_wconf 84' lang='lat' dir='ltr'><strong>et</strong></span> <span class='ocrx_word' id='word_1_254' title='bbox 2303 1955 2485 2009; x_wconf 90' lang='lat' dir='ltr'><strong>anima</strong></span> <span class='ocrx_word' id='word_1_255' title='bbox 2524 1972 2686 2011; x_wconf 90' lang='lat' dir='ltr'><strong>unum</strong></span> <span class='ocrx_word' id='word_1_256' title='bbox 2718 1961 3073 2029; x_wconf 84' lang='lat' dir='ltr'><strong>eumdemque</strong></span> <span class='ocrx_word' id='word_1_257' title='bbox 3096 1976 3337 2027; x_wconf 87' lang='lat' dir='ltr'><strong>sensum,</strong></span> <span class='ocrx_word' id='word_1_258' title='bbox 3372 1979 3560 2033; x_wconf 84' lang='lat' dir='ltr'><strong>nempe</strong></span> <span class='ocrx_word' id='word_1_259' title='bbox 3589 1966 3736 2020; x_wconf 71' lang='lat' dir='ltr'><strong>litte—</strong></span> 
     </span>
    </p>
   </div>
   <div class='ocr_carea' id='block_1_21' title="bbox 488 2044 3734 2134">
    <p class='ocr_par' dir='ltr' id='par_1_21' title="bbox 488 2044 3734 2134">
     <span class='ocr_line' id='line_1_21' title="bbox 488 2044 3734 2134; baseline 0.003 -30"><span class='ocrx_word' id='word_1_260' title='bbox 488 2049 683 2134; x_wconf 82' lang='lat' dir='ltr'><strong>ralem,</strong></span> <span class='ocrx_word' id='word_1_261' title='bbox 725 2049 1032 2118; x_wconf 88' lang='lat' dir='ltr'><strong>designant.</strong></span> <span class='ocrx_word' id='word_1_262' title='bbox 1066 2045 1194 2102; x_wconf 90' lang='lat' dir='ltr'><strong>Sola</strong></span> <span class='ocrx_word' id='word_1_263' title='bbox 1230 2045 1372 2102; x_wconf 90' lang='lat' dir='ltr'><strong>enim</strong></span> <span class='ocrx_word' id='word_1_264' title='bbox 1405 2060 1498 2114; x_wconf 91' lang='lat' dir='ltr'><strong>per</strong></span> <span class='ocrx_word' id='word_1_265' title='bbox 1527 2059 1585 2100; x_wconf 90' lang='lat' dir='ltr'><strong>se</strong></span> <span class='ocrx_word' id='word_1_266' title='bbox 1607 2044 1790 2100; x_wconf 88' lang='lat' dir='ltr'><strong>littera</strong></span> <span class='ocrx_word' id='word_1_267' title='bbox 1820 2050 1888 2100; x_wconf 88' lang='lat' dir='ltr'><strong>ab</strong></span> <span class='ocrx_word' id='word_1_268' title='bbox 1911 2061 1975 2101; x_wconf 89' lang='lat' dir='ltr'><strong>eo</strong></span> <span class='ocrx_word' id='word_1_269' title='bbox 2001 2060 2159 2115; x_wconf 88' lang='lat' dir='ltr'><strong>quem</strong></span> <span class='ocrx_word' id='word_1_270' title='bbox 2199 2049 2459 2109; x_wconf 84' lang='lat' dir='ltr'><strong>continet.</strong></span> <span class='ocrx_word' id='word_1_271' title='bbox 2492 2064 2653 2106; x_wconf 89' lang='lat' dir='ltr'><strong>sensu</strong></span> <span class='ocrx_word' id='word_1_272' title='bbox 2683 2053 2892 2108; x_wconf 89' lang='lat' dir='ltr'><strong>divulsa</strong></span> <span class='ocrx_word' id='word_1_273' title='bbox 2920 2065 2975 2109; x_wconf 92' lang='lat' dir='ltr'><strong>et</strong></span> <span class='ocrx_word' id='word_1_274' title='bbox 3005 2056 3305 2121; x_wconf 86' lang='lat' dir='ltr'><strong>abstracta,</strong></span> <span class='ocrx_word' id='word_1_275' title='bbox 3345 2058 3488 2111; x_wconf 86' lang='lat' dir='ltr'><strong>aliud</strong></span> <span class='ocrx_word' id='word_1_276' title='bbox 3521 2059 3734 2128; x_wconf 79' lang='lat' dir='ltr'><strong>signiﬁ-</strong></span> 
     </span>
    </p>
   </div>
   <div class='ocr_carea' id='block_1_22' title="bbox 486 2135 3732 2209">
    <p class='ocr_par' dir='ltr' id='par_1_22' title="bbox 486 2135 3732 2209">
     <span class='ocr_line' id='line_1_22' title="bbox 486 2135 3732 2209; baseline 0.002 -13"><span class='ocrx_word' id='word_1_277' title='bbox 486 2156 616 2196; x_wconf 88' lang='lat' dir='ltr'><strong>care</strong></span> <span class='ocrx_word' id='word_1_278' title='bbox 645 2139 856 2209; x_wconf 90' lang='lat' dir='ltr'><strong>nequit,</strong></span> <span class='ocrx_word' id='word_1_279' title='bbox 896 2152 1057 2208; x_wconf 89' lang='lat' dir='ltr'><strong>quam</strong></span> <span class='ocrx_word' id='word_1_280' title='bbox 1089 2150 1251 2192; x_wconf 87' lang='lat' dir='ltr'><strong>voces</strong></span> <span class='ocrx_word' id='word_1_281' title='bbox 1278 2145 1335 2191; x_wconf 81' lang='lat' dir='ltr'><strong>et</strong></span> <span class='ocrx_word' id='word_1_282' title='bbox 1387 2136 1574 2201; x_wconf 85' lang='lat' dir='ltr'><strong>verba,</strong></span> <span class='ocrx_word' id='word_1_283' title='bbox 1601 2136 1748 2190; x_wconf 88' lang='lat' dir='ltr'><strong>nulla</strong></span> <span class='ocrx_word' id='word_1_284' title='bbox 1810 2135 2272 2204; x_wconf 77' lang='lat' dir='ltr'><strong>signiﬁcationum</strong></span> <span class='ocrx_word' id='word_1_285' title='bbox 2325 2151 2460 2207; x_wconf 85' lang='lat' dir='ltr'><strong>quas</strong></span> <span class='ocrx_word' id='word_1_286' title='bbox 2508 2141 2587 2195; x_wconf 91' lang='lat' dir='ltr'><strong>eis</strong></span> <span class='ocrx_word' id='word_1_287' title='bbox 2633 2142 2823 2195; x_wconf 88' lang='lat' dir='ltr'><strong>tribuit</strong></span> <span class='ocrx_word' id='word_1_288' title='bbox 2852 2159 3001 2207; x_wconf 89' lang='lat' dir='ltr'><strong>usus,</strong></span> <span class='ocrx_word' id='word_1_289' title='bbox 3047 2144 3232 2199; x_wconf 87' lang='lat' dir='ltr'><strong>habita</strong></span> <span class='ocrx_word' id='word_1_290' title='bbox 3298 2150 3526 2202; x_wconf 88' lang='lat' dir='ltr'><strong>ratione.</strong></span> <span class='ocrx_word' id='word_1_291' title='bbox 3593 2151 3732 2204; x_wconf 87' lang='lat' dir='ltr'><strong>llinc</strong></span> 
     </span>
    </p>
   </div>
   <div class='ocr_carea' id='block_1_23' title="bbox 487 2232 3733 2313">
    <p class='ocr_par' dir='ltr' id='par_1_23' title="bbox 487 2232 3733 2313">
     <span class='ocr_line' id='line_1_23' title="bbox 487 2232 3733 2313; baseline 0.002 -22"><span class='ocrx_word' id='word_1_292' title='bbox 487 2236 652 2305; x_wconf 83' lang='lat' dir='ltr'><strong>igitur</strong></span> <span class='ocrx_word' id='word_1_293' title='bbox 681 2234 858 2306; x_wconf 86' lang='lat' dir='ltr'><strong>colligi</strong></span> <span class='ocrx_word' id='word_1_294' title='bbox 883 2242 1066 2305; x_wconf 91' lang='lat' dir='ltr'><strong>posset</strong></span> <span class='ocrx_word' id='word_1_295' title='bbox 1105 2233 1371 2302; x_wconf 89' lang='lat' dir='ltr'><strong>duplicem</strong></span> <span class='ocrx_word' id='word_1_296' title='bbox 1406 2242 1613 2288; x_wconf 87' lang='lat' dir='ltr'><strong>tantum</strong></span> <span class='ocrx_word' id='word_1_297' title='bbox 1647 2234 1715 2289; x_wconf 91' lang='lat' dir='ltr'><strong>ab</strong></span> <span class='ocrx_word' id='word_1_298' title='bbox 1772 2232 2006 2303; x_wconf 80' lang='lat' dir='ltr'><strong>Origene</strong></span> <span class='ocrx_word' id='word_1_299' title='bbox 2033 2250 2249 2291; x_wconf 90' lang='lat' dir='ltr'><strong>sensum</strong></span> <span class='ocrx_word' id='word_1_300' title='bbox 2283 2236 2520 2299; x_wconf 86' lang='lat' dir='ltr'><strong>admitti,</strong></span> <span class='ocrx_word' id='word_1_301' title='bbox 2554 2237 2844 2292; x_wconf 88' lang='lat' dir='ltr'><strong>Iitteralem</strong></span> <span class='ocrx_word' id='word_1_302' title='bbox 2879 2248 2933 2292; x_wconf 88' lang='lat' dir='ltr'><strong>et</strong></span> <span class='ocrx_word' id='word_1_303' title='bbox 2979 2239 3304 2310; x_wconf 88' lang='lat' dir='ltr'><strong>mysticum,</strong></span> <span class='ocrx_word' id='word_1_304' title='bbox 3335 2242 3440 2295; x_wconf 90' lang='lat' dir='ltr'><strong>nisi</strong></span> <span class='ocrx_word' id='word_1_305' title='bbox 3496 2259 3555 2298; x_wconf 88' lang='lat' dir='ltr'><strong>se</strong></span> <span class='ocrx_word' id='word_1_306' title='bbox 3611 2244 3733 2313; x_wconf 87' lang='lat' dir='ltr'><strong>ipse</strong></span> 
     </span>
    </p>
   </div>
   <div class='ocr_carea' id='block_1_24' title="bbox 487 2321 3733 2401">
    <p class='ocr_par' dir='ltr' id='par_1_24' title="bbox 487 2321 3733 2401">
     <span class='ocr_line' id='line_1_24' title="bbox 487 2321 3733 2401; baseline 0.002 -18"><span class='ocrx_word' id='word_1_307' title='bbox 487 2328 612 2385; x_wconf 73' lang='lat' dir='ltr'><strong>aiiis</strong></span> <span class='ocrx_word' id='word_1_308' title='bbox 642 2328 697 2383; x_wconf 86' lang='lat' dir='ltr'><strong>in</strong></span> <span class='ocrx_word' id='word_1_309' title='bbox 732 2326 869 2384; x_wconf 89' lang='lat' dir='ltr'><strong>locis</strong></span> <span class='ocrx_word' id='word_1_310' title='bbox 893 2325 1259 2382; x_wconf 87' lang='lat' dir='ltr'><strong>emendasset.</strong></span> <span class='ocrx_word' id='word_1_311' title='bbox 1294 2321 1461 2378; x_wconf 89' lang='lat' dir='ltr'><strong>Paulo</strong></span> <span class='ocrx_word' id='word_1_312' title='bbox 1505 2322 1733 2379; x_wconf 81' lang='lat' dir='ltr'><strong>inferius</strong></span> <span class='ocrx_word' id='word_1_313' title='bbox 1772 2323 2011 2391; x_wconf 87' lang='lat' dir='ltr'><strong>ejusdem</strong></span> <span class='ocrx_word' id='word_1_314' title='bbox 2043 2325 2276 2380; x_wconf 74' lang='lat' dir='ltr'><strong>homilia:</strong></span> <span class='ocrx_word' id='word_1_315' title='bbox 2303 2341 2453 2379; x_wconf 92' lang='lat' dir='ltr'><strong>num.</strong></span> <span class='ocrx_word' id='word_1_316' title='bbox 2483 2326 2516 2380; x_wconf 85' lang='lat'><strong>5</strong></span> <span class='ocrx_word' id='word_1_317' title='bbox 2540 2327 2618 2382; x_wconf 91' lang='lat' dir='ltr'><strong>sic</strong></span> <span class='ocrx_word' id='word_1_318' title='bbox 2639 2326 2881 2397; x_wconf 90' lang='lat' dir='ltr'><strong>loquitur</strong></span> <span class='ocrx_word' id='word_1_319' title='bbox 2941 2349 2956 2385; x_wconf 92' lang='lat'><strong>:</strong></span> <span class='ocrx_word' id='word_1_320' title='bbox 3010 2353 3032 2383; x_wconf 73' lang='grc' dir='ltr'>ι</span> <span class='ocrx_word' id='word_1_321' title='bbox 3075 2332 3361 2401; x_wconf 90' lang='lat' dir='ltr'><strong>Triplicem</strong></span> <span class='ocrx_word' id='word_1_322' title='bbox 3413 2335 3468 2389; x_wconf 89' lang='lat' dir='ltr'><strong>in</strong></span> <span class='ocrx_word' id='word_1_323' title='bbox 3529 2336 3733 2389; x_wconf 78' lang='lat' dir='ltr'><strong>divinis</strong></span> 
     </span>
    </p>
   </div>
   <div class='ocr_carea' id='block_1_25' title="bbox 470 2418 3736 2500">
    <p class='ocr_par' dir='ltr' id='par_1_25' title="bbox 470 2418 3736 2500">
     <span class='ocr_line' id='line_1_25' title="bbox 470 2418 3736 2500; baseline 0.001 -18"><span class='ocrx_word' id='word_1_324' title='bbox 470 2423 784 2496; x_wconf 83' lang='lat' dir='ltr'><strong>&#39;Scripturis</strong></span> <span class='ocrx_word' id='word_1_325' title='bbox 816 2421 1186 2493; x_wconf 61' lang='lat' dir='ltr'><strong>intelligentiae</strong></span> <span class='ocrx_word' id='word_1_326' title='bbox 1215 2432 1358 2487; x_wconf 84' lang='lat' dir='ltr'><strong>saepe</strong></span> <span class='ocrx_word' id='word_1_327' title='bbox 1382 2418 1621 2472; x_wconf 78' lang='lat' dir='ltr'><strong>diximus</strong></span> <span class='ocrx_word' id='word_1_328' title='bbox 1645 2418 1882 2484; x_wconf 86' lang='lat' dir='ltr'><strong>modum,</strong></span> <span class='ocrx_word' id='word_1_329' title='bbox 1920 2420 2263 2483; x_wconf 88' lang='lat' dir='ltr'><strong>historicum,</strong></span> <span class='ocrx_word' id='word_1_330' title='bbox 2296 2420 2554 2475; x_wconf 89' lang='lat' dir='ltr'><strong>moralem</strong></span> <span class='ocrx_word' id='word_1_331' title='bbox 2598 2432 2655 2477; x_wconf 85' lang='lat' dir='ltr'><strong>et</strong></span> <span class='ocrx_word' id='word_1_332' title='bbox 2708 2426 2995 2496; x_wconf 87' lang='lat' dir='ltr'><strong>mysticum</strong></span> <span class='ocrx_word' id='word_1_333' title='bbox 3025 2441 3041 2482; x_wconf 91' lang='lat'><strong>:</strong></span> <span class='ocrx_word' id='word_1_334' title='bbox 3075 2430 3219 2484; x_wconf 91' lang='lat' dir='ltr'><strong>unde</strong></span> <span class='ocrx_word' id='word_1_335' title='bbox 3252 2440 3306 2484; x_wconf 91' lang='lat' dir='ltr'><strong>et</strong></span> <span class='ocrx_word' id='word_1_336' title='bbox 3330 2446 3526 2500; x_wconf 89' lang='lat' dir='ltr'><strong>corpus</strong></span> <span class='ocrx_word' id='word_1_337' title='bbox 3553 2434 3736 2486; x_wconf 87' lang='lat' dir='ltr'><strong>inesse</strong></span> 
     </span>
    </p>
   </div>
   <div class='ocr_carea' id='block_1_26' title="bbox 482 2513 3731 2590">
    <p class='ocr_par' dir='ltr' id='par_1_26' title="bbox 482 2513 3731 2590">
     <span class='ocr_line' id='line_1_26' title="bbox 482 2513 3731 2590; baseline 0.001 -17"><span class='ocrx_word' id='word_1_338' title='bbox 482 2520 556 2585; x_wconf 89' lang='lat' dir='ltr'><strong>ei,</strong></span> <span class='ocrx_word' id='word_1_339' title='bbox 587 2528 644 2574; x_wconf 91' lang='lat' dir='ltr'><strong>et</strong></span> <span class='ocrx_word' id='word_1_340' title='bbox 674 2517 937 2582; x_wconf 90' lang='lat' dir='ltr'><strong>animam,</strong></span> <span class='ocrx_word' id='word_1_341' title='bbox 972 2524 1029 2570; x_wconf 89' lang='lat' dir='ltr'><strong>et</strong></span> <span class='ocrx_word' id='word_1_342' title='bbox 1050 2514 1296 2584; x_wconf 90' lang='lat' dir='ltr'><strong>spiritum</strong></span> <span class='ocrx_word' id='word_1_343' title='bbox 1326 2513 1711 2568; x_wconf 79' lang='lat' dir='ltr'><strong>intelleximus.</strong></span> <span class='ocrx_word' id='word_1_344' title='bbox 1753 2531 1772 2565; x_wconf 73' lang='grc' dir='ltr'><strong><em>ι</em></strong></span> <span class='ocrx_word' id='word_1_345' title='bbox 1805 2513 1907 2569; x_wconf 91' lang='lat' dir='ltr'><strong>Ubi</strong></span> <span class='ocrx_word' id='word_1_346' title='bbox 1936 2513 2086 2569; x_wconf 86' lang='lat' dir='ltr'><strong>vides</strong></span> <span class='ocrx_word' id='word_1_347' title='bbox 2119 2529 2349 2582; x_wconf 87' lang='lat' dir='ltr'><strong>corpore</strong></span> <span class='ocrx_word' id='word_1_348' title='bbox 2377 2526 2431 2568; x_wconf 91' lang='lat' dir='ltr'><strong>et</strong></span> <span class='ocrx_word' id='word_1_349' title='bbox 2458 2515 2638 2569; x_wconf 91' lang='lat' dir='ltr'><strong>anima</strong></span> <span class='ocrx_word' id='word_1_350' title='bbox 2676 2531 2782 2571; x_wconf 93' lang='lat' dir='ltr'><strong>non</strong></span> <span class='ocrx_word' id='word_1_351' title='bbox 2835 2534 2996 2572; x_wconf 92' lang='lat' dir='ltr'><strong>unum</strong></span> <span class='ocrx_word' id='word_1_352' title='bbox 3027 2523 3406 2588; x_wconf 88' lang='lat' dir='ltr'><strong>eumdemque,</strong></span> <span class='ocrx_word' id='word_1_353' title='bbox 3436 2529 3509 2577; x_wconf 87' lang='lat' dir='ltr'><strong>uti</strong></span> <span class='ocrx_word' id='word_1_354' title='bbox 3538 2537 3731 2590; x_wconf 83' lang='lat' dir='ltr'><strong>supra.</strong></span> 
     </span>
    </p>
   </div>
   <div class='ocr_carea' id='block_1_27' title="bbox 481 2606 3733 2683">
    <p class='ocr_par' dir='ltr' id='par_1_27' title="bbox 481 2606 3733 2683">
     <span class='ocr_line' id='line_1_27' title="bbox 481 2606 3733 2683; baseline 0.001 -17"><span class='ocrx_word' id='word_1_355' title='bbox 481 2612 577 2667; x_wconf 80' lang='lat' dir='ltr'><strong>sed</strong></span> <span class='ocrx_word' id='word_1_356' title='bbox 605 2610 879 2681; x_wconf 88' lang='lat' dir='ltr'><strong>duplicem</strong></span> <span class='ocrx_word' id='word_1_357' title='bbox 900 2618 958 2664; x_wconf 86' lang='lat' dir='ltr'><strong>et</strong></span> <span class='ocrx_word' id='word_1_358' title='bbox 979 2623 1009 2662; x_wconf 88' lang='lat' dir='ltr'><strong>a</strong></span> <span class='ocrx_word' id='word_1_359' title='bbox 1042 2622 1100 2662; x_wconf 92' lang='lat' dir='ltr'><strong>se</strong></span> <span class='ocrx_word' id='word_1_360' title='bbox 1127 2607 1357 2662; x_wconf 83' lang='lat' dir='ltr'><strong>invicem</strong></span> <span class='ocrx_word' id='word_1_361' title='bbox 1390 2606 1613 2660; x_wconf 92' lang='lat' dir='ltr'><strong>omnino</strong></span> <span class='ocrx_word' id='word_1_362' title='bbox 1640 2606 1934 2661; x_wconf 86' lang='lat' dir='ltr'><strong>discretum</strong></span> <span class='ocrx_word' id='word_1_363' title='bbox 1965 2621 2204 2669; x_wconf 90' lang='lat' dir='ltr'><strong>sensum,</strong></span> <span class='ocrx_word' id='word_1_364' title='bbox 2239 2620 2430 2675; x_wconf 90' lang='lat' dir='ltr'><strong>nempe</strong></span> <span class='ocrx_word' id='word_1_365' title='bbox 2465 2607 2757 2661; x_wconf 90' lang='lat' dir='ltr'><strong>Iitteralem</strong></span> <span class='ocrx_word' id='word_1_366' title='bbox 2781 2620 2834 2664; x_wconf 91' lang='lat' dir='ltr'><strong>et</strong></span> <span class='ocrx_word' id='word_1_367' title='bbox 2861 2612 3142 2676; x_wconf 86' lang='lat' dir='ltr'><strong>moralem,</strong></span> <span class='ocrx_word' id='word_1_368' title='bbox 3195 2614 3490 2683; x_wconf 86' lang='lat' dir='ltr'><strong>designari.</strong></span> <span class='ocrx_word' id='word_1_369' title='bbox 3540 2615 3733 2682; x_wconf 88' lang='lat' dir='ltr'><strong>Neque</strong></span> 
     </span>
    </p>
   </div>
   <div class='ocr_carea' id='block_1_28' title="bbox 481 2696 3732 2772">
    <p class='ocr_par' dir='ltr' id='par_1_28' title="bbox 481 2696 3732 2772">
     <span class='ocr_line' id='line_1_28' title="bbox 481 2696 3732 2772; baseline 0 -10"><span class='ocrx_word' id='word_1_370' title='bbox 481 2706 645 2762; x_wconf 87' lang='lat' dir='ltr'><strong>aliain</strong></span> <span class='ocrx_word' id='word_1_371' title='bbox 678 2704 1000 2760; x_wconf 85' lang='lat' dir='ltr'><strong>divisionem</strong></span> <span class='ocrx_word' id='word_1_372' title='bbox 1035 2711 1258 2757; x_wconf 85' lang='lat' dir='ltr'><strong>secutus</strong></span> <span class='ocrx_word' id='word_1_373' title='bbox 1285 2710 1369 2755; x_wconf 87' lang='lat' dir='ltr'><strong>est</strong></span> <span class='ocrx_word' id='word_1_374' title='bbox 1397 2699 1490 2754; x_wconf 89' lang='lat' dir='ltr'><strong>lib.</strong></span> <span class='ocrx_word' id='word_1_375' title='bbox 1533 2712 1586 2752; x_wconf 90' lang='lat' dir='ltr'><strong>tv</strong></span> <span class='ocrx_word' id='word_1_376' title='bbox 1615 2696 1701 2752; x_wconf 27' lang='lat' dir='ltr'><strong>De,</strong></span> <span class='ocrx_word' id='word_1_377' title='bbox 1723 2699 2020 2767; x_wconf 81' lang='lat' dir='ltr'><strong>principiis,</strong></span> <span class='ocrx_word' id='word_1_378' title='bbox 2062 2714 2182 2769; x_wconf 86' lang='lat' dir='ltr'><strong>pag.</strong></span> <span class='ocrx_word' id='word_1_379' title='bbox 2211 2697 2332 2762; x_wconf 85' lang='grc'><strong>168,</strong></span> <span class='ocrx_word' id='word_1_380' title='bbox 2366 2699 2454 2752; x_wconf 89' lang='lat' dir='ltr'><strong>ubi</strong></span> <span class='ocrx_word' id='word_1_381' title='bbox 2476 2698 2551 2752; x_wconf 88' lang='lat' dir='ltr'><strong>ait</strong></span> <span class='ocrx_word' id='word_1_382' title='bbox 2586 2716 2599 2751; x_wconf 94' lang='lat'>:</span> <span class='ocrx_word' id='word_1_383' title='bbox 2632 2716 2651 2749; x_wconf 71' lang='grc' dir='ltr'>ε</span> <span class='ocrx_word' id='word_1_384' title='bbox 2684 2697 2972 2756; x_wconf 81' lang='lat' dir='ltr'><strong>Trifariam</strong></span> <span class='ocrx_word' id='word_1_385' title='bbox 3010 2703 3172 2772; x_wconf 79' lang='lat' dir='ltr'><strong>igitur</strong></span> <span class='ocrx_word' id='word_1_386' title='bbox 3203 2706 3575 2761; x_wconf 63' lang='lat' dir='ltr'><strong>describenda</strong></span> <span class='ocrx_word' id='word_1_387' title='bbox 3595 2714 3732 2762; x_wconf 83' lang='lat' dir='ltr'><strong>sunt</strong></span> 
     </span>
    </p>
   </div>
   <div class='ocr_carea' id='block_1_29' title="bbox 468 2790 3721 2867">
    <p class='ocr_par' dir='ltr' id='par_1_29' title="bbox 468 2790 3721 2867">
     <span class='ocr_line' id='line_1_29' title="bbox 468 2790 3721 2867; baseline 0.001 -15"><span class='ocrx_word' id='word_1_388' title='bbox 468 2798 538 2852; x_wconf 79' lang='lat' dir='ltr'><strong>in</strong></span> <span class='ocrx_word' id='word_1_389' title='bbox 559 2804 742 2851; x_wconf 89' lang='lat' dir='ltr'><strong>mente</strong></span> <span class='ocrx_word' id='word_1_390' title='bbox 770 2803 1086 2850; x_wconf 86' lang='lat' dir='ltr'><strong>sanctarum</strong></span> <span class='ocrx_word' id='word_1_391' title='bbox 1132 2791 1437 2846; x_wconf 89' lang='lat' dir='ltr'><strong>litterarum</strong></span> <span class='ocrx_word' id='word_1_392' title='bbox 1470 2790 1754 2844; x_wconf 61' lang='lat' dir='ltr'><strong>sententiae</strong></span> <span class='ocrx_word' id='word_1_393' title='bbox 1785 2808 1799 2844; x_wconf 86' lang='lat'><strong>:</strong></span> <span class='ocrx_word' id='word_1_394' title='bbox 1832 2800 1889 2843; x_wconf 86' lang='grc' dir='ltr'><strong>ιιι</strong></span> <span class='ocrx_word' id='word_1_395' title='bbox 1924 2790 2226 2860; x_wconf 89' lang='lat' dir='ltr'><strong>simplicior</strong></span> <span class='ocrx_word' id='word_1_396' title='bbox 2252 2790 2472 2859; x_wconf 87' lang='lat' dir='ltr'><strong>quidem</strong></span> <span class='ocrx_word' id='word_1_397' title='bbox 2497 2791 2564 2843; x_wconf 87' lang='lat' dir='ltr'><strong>ab</strong></span> <span class='ocrx_word' id='word_1_398' title='bbox 2610 2791 2724 2860; x_wconf 89' lang='lat' dir='ltr'><strong>ipsa</strong></span> <span class='ocrx_word' id='word_1_399' title='bbox 2751 2792 2914 2846; x_wconf 90' lang='lat' dir='ltr'><strong>veluti</strong></span> <span class='ocrx_word' id='word_1_400' title='bbox 2944 2809 3110 2849; x_wconf 89' lang='lat' dir='ltr'><strong>carne</strong></span> <span class='ocrx_word' id='word_1_401' title='bbox 3134 2796 3455 2865; x_wconf 88' lang='lat' dir='ltr'><strong>Scripturae,</strong></span> <span class='ocrx_word' id='word_1_402' title='bbox 3483 2813 3589 2867; x_wconf 90' lang='lat' dir='ltr'><strong>quo</strong></span> <span class='ocrx_word' id='word_1_403' title='bbox 3619 2816 3721 2854; x_wconf 51' lang='lat' dir='ltr'><strong>no.</strong></span> 
     </span>
    </p>
   </div>
   <div class='ocr_carea' id='block_1_30' title="bbox 482 2878 3721 2959">
    <p class='ocr_par' dir='ltr' id='par_1_30' title="bbox 482 2878 3721 2959">
     <span class='ocr_line' id='line_1_30' title="bbox 482 2878 3721 2959; baseline -0.001 -15"><span class='ocrx_word' id='word_1_404' title='bbox 482 2888 628 2944; x_wconf 88' lang='lat' dir='ltr'><strong>mine</strong></span> <span class='ocrx_word' id='word_1_405' title='bbox 665 2885 881 2940; x_wconf 88' lang='lat' dir='ltr'><strong>obvium</strong></span> <span class='ocrx_word' id='word_1_406' title='bbox 910 2882 1029 2953; x_wconf 82' lang='lat' dir='ltr'><strong>ejus</strong></span> <span class='ocrx_word' id='word_1_407' title='bbox 1055 2896 1275 2937; x_wconf 83' lang='lat' dir='ltr'><strong>sensum</strong></span> <span class='ocrx_word' id='word_1_408' title='bbox 1306 2879 1668 2948; x_wconf 87' lang='lat' dir='ltr'><strong>appellamus;</strong></span> <span class='ocrx_word' id='word_1_409' title='bbox 1693 2878 1785 2947; x_wconf 91' lang='lat' dir='ltr'><strong>qui</strong></span> <span class='ocrx_word' id='word_1_410' title='bbox 1812 2894 1937 2933; x_wconf 90' lang='lat' dir='ltr'><strong>vero</strong></span> <span class='ocrx_word' id='word_1_411' title='bbox 1971 2879 2306 2947; x_wconf 90' lang='lat' dir='ltr'><strong>aliquantum</strong></span> <span class='ocrx_word' id='word_1_412' title='bbox 2350 2882 2676 2945; x_wconf 89' lang='lat' dir='ltr'><strong>ascenderit,</strong></span> <span class='ocrx_word' id='word_1_413' title='bbox 2711 2882 2779 2936; x_wconf 86' lang='lat' dir='ltr'><strong>ab</strong></span> <span class='ocrx_word' id='word_1_414' title='bbox 2813 2882 2923 2944; x_wconf 86' lang='lat' dir='ltr'><strong>ipsa</strong></span> <span class='ocrx_word' id='word_1_415' title='bbox 2947 2886 3345 2953; x_wconf 89' lang='lat' dir='ltr'><strong>quodammodo</strong></span> <span class='ocrx_word' id='word_1_416' title='bbox 3373 2889 3552 2942; x_wconf 85' lang='lat' dir='ltr'><strong>anima</strong></span> <span class='ocrx_word' id='word_1_417' title='bbox 3573 2889 3721 2959; x_wconf 83' lang='lat' dir='ltr'><strong>ejus;</strong></span> 
     </span>
    </p>
   </div>
   <div class='ocr_carea' id='block_1_31' title="bbox 484 2968 3737 3049">
    <p class='ocr_par' dir='ltr' id='par_1_31' title="bbox 484 2968 3737 3049">
     <span class='ocr_line' id='line_1_31' title="bbox 484 2968 3737 3049; baseline 0 -15"><span class='ocrx_word' id='word_1_418' title='bbox 484 2979 762 3049; x_wconf 80' lang='lat' dir='ltr'><strong>perfectus</strong></span> <span class='ocrx_word' id='word_1_419' title='bbox 786 2986 1040 3031; x_wconf 89' lang='lat' dir='ltr'><strong>autem...</strong></span> <span class='ocrx_word' id='word_1_420' title='bbox 1074 2987 1103 3026; x_wconf 88' lang='lat' dir='ltr'><strong>a</strong></span> <span class='ocrx_word' id='word_1_421' title='bbox 1128 2972 1251 3041; x_wconf 85' lang='lat' dir='ltr'><strong>lege</strong></span> <span class='ocrx_word' id='word_1_422' title='bbox 1272 2968 1504 3038; x_wconf 89' lang='lat' dir='ltr'><strong>spiritali</strong></span> <span class='ocrx_word' id='word_1_423' title='bbox 1530 2970 1823 3023; x_wconf 79' lang='lat' dir='ltr'><strong>aediﬁcetur</strong></span> <span class='ocrx_word' id='word_1_424' title='bbox 1852 2970 2096 3022; x_wconf 85' lang='lat' dir='ltr'><strong>umbram</strong></span> <span class='ocrx_word' id='word_1_425' title='bbox 2133 2971 2367 3028; x_wconf 88' lang='lat' dir='ltr'><strong>habente</strong></span> <span class='ocrx_word' id='word_1_426' title='bbox 2397 2972 2701 3028; x_wconf 82' lang='lat' dir='ltr'><strong>futurorum</strong></span> <span class='ocrx_word' id='word_1_427' title='bbox 2729 2974 3017 3028; x_wconf 85' lang='lat' dir='ltr'><strong>bonorum.</strong></span> <span class='ocrx_word' id='word_1_428' title='bbox 3049 2974 3115 3029; x_wconf 92' lang='lat' dir='ltr'><strong>Ut</strong></span> <span class='ocrx_word' id='word_1_429' title='bbox 3139 2981 3283 3031; x_wconf 88' lang='lat' dir='ltr'><strong>enim</strong></span> <span class='ocrx_word' id='word_1_430' title='bbox 3318 2978 3477 3034; x_wconf 90' lang='lat' dir='ltr'><strong>homo</strong></span> <span class='ocrx_word' id='word_1_431' title='bbox 3510 2992 3737 3037; x_wconf 72' lang='lat' dir='ltr'><strong>constas</strong></span> 
     </span>
    </p>
   </div>
   <div class='ocr_carea' id='block_1_32' title="bbox 482 3054 3735 3142">
    <p class='ocr_par' dir='ltr' id='par_1_32' title="bbox 482 3054 3735 3142">
     <span class='ocr_line' id='line_1_32' title="bbox 482 3054 3735 3142; baseline -0 -13"><span class='ocrx_word' id='word_1_432' title='bbox 482 3054 733 3141; x_wconf 89' lang='lat' dir='ltr'><strong>corpore,</strong></span> <span class='ocrx_word' id='word_1_433' title='bbox 763 3068 943 3123; x_wconf 89' lang='lat' dir='ltr'><strong>anima</strong></span> <span class='ocrx_word' id='word_1_434' title='bbox 973 3065 1264 3134; x_wconf 85' lang='lat' dir='ltr'><strong>etspiritu,</strong></span> <span class='ocrx_word' id='word_1_435' title='bbox 1298 3063 1368 3115; x_wconf 90' lang='lat' dir='ltr'><strong>ita</strong></span> <span class='ocrx_word' id='word_1_436' title='bbox 1391 3072 1445 3115; x_wconf 89' lang='lat' dir='ltr'><strong>et</strong></span> <span class='ocrx_word' id='word_1_437' title='bbox 1468 3061 1750 3130; x_wconf 88' lang='lat' dir='ltr'><strong>Scriptura</strong></span> <span class='ocrx_word' id='word_1_438' title='bbox 1784 3074 1906 3128; x_wconf 84' lang='lat' dir='ltr'><strong>quae</strong></span> <span class='ocrx_word' id='word_1_439' title='bbox 1935 3061 2117 3115; x_wconf 85' lang='lat' dir='ltr'><strong>divina</strong></span> <span class='ocrx_word' id='word_1_440' title='bbox 2144 3061 2546 3131; x_wconf 88' lang='lat' dir='ltr'><strong>dispensatione</strong></span> <span class='ocrx_word' id='word_1_441' title='bbox 2578 3067 2629 3119; x_wconf 92' lang='lat' dir='ltr'><strong>in</strong></span> <span class='ocrx_word' id='word_1_442' title='bbox 2672 3066 2951 3120; x_wconf 89' lang='lat' dir='ltr'><strong>hominum</strong></span> <span class='ocrx_word' id='word_1_443' title='bbox 2971 3066 3197 3122; x_wconf 88' lang='lat' dir='ltr'><strong>salutem</strong></span> <span class='ocrx_word' id='word_1_444' title='bbox 3227 3069 3348 3123; x_wconf 83' lang='lat' dir='ltr'><strong>data</strong></span> <span class='ocrx_word' id='word_1_445' title='bbox 3372 3078 3474 3125; x_wconf 91' lang='lat' dir='ltr'><strong>est.</strong></span> <span class='ocrx_word' id='word_1_446' title='bbox 3515 3090 3533 3122; x_wconf 75' lang='grc' dir='ltr'><strong>ο</strong></span> <span class='ocrx_word' id='word_1_447' title='bbox 3583 3071 3735 3142; x_wconf 82' lang='lat' dir='ltr'><strong>Lege</strong></span> 
     </span>
    </p>
   </div>
   <div class='ocr_carea' id='block_1_33' title="bbox 468 3153 2401 3236">
    <p class='ocr_par' dir='ltr' id='par_1_33' title="bbox 468 3153 2401 3236">
     <span class='ocr_line' id='line_1_33' title="bbox 468 3153 2401 3236; baseline -0.007 -13"><span class='ocrx_word' id='word_1_448' title='bbox 468 3170 724 3236; x_wconf 75' lang='lat' dir='ltr'><strong>insuper,</strong></span> <span class='ocrx_word' id='word_1_449' title='bbox 753 3166 802 3217; x_wconf 87' lang='lat' dir='ltr'><strong>si</strong></span> <span class='ocrx_word' id='word_1_450' title='bbox 831 3169 1007 3229; x_wconf 83' lang='lat' dir='ltr'><strong>vacat,</strong></span> <span class='ocrx_word' id='word_1_451' title='bbox 1043 3172 1166 3229; x_wconf 74' lang='lat' dir='ltr'><strong>qua:</strong></span> <span class='ocrx_word' id='word_1_452' title='bbox 1197 3165 1383 3227; x_wconf 87' lang='lat' dir='ltr'><strong>postea</strong></span> <span class='ocrx_word' id='word_1_453' title='bbox 1417 3154 1620 3210; x_wconf 89' lang='lat' dir='ltr'><strong>ibidem</strong></span> <span class='ocrx_word' id='word_1_454' title='bbox 1649 3153 1919 3208; x_wconf 87' lang='lat' dir='ltr'><strong>habentur</strong></span> <span class='ocrx_word' id='word_1_455' title='bbox 1946 3169 2095 3208; x_wconf 92' lang='lat' dir='ltr'><strong>num.</strong></span> <span class='ocrx_word' id='word_1_456' title='bbox 2130 3153 2199 3208; x_wconf 79' lang='grc'><strong>12</strong></span> <span class='ocrx_word' id='word_1_457' title='bbox 2228 3165 2283 3209; x_wconf 88' lang='lat' dir='ltr'><strong>et</strong></span> <span class='ocrx_word' id='word_1_458' title='bbox 2314 3155 2401 3211; x_wconf 78' lang='lat' dir='ltr'><strong>i5.</strong></span> 
     </span>
    </p>
   </div>
   <div class='ocr_carea' id='block_1_34' title="bbox 1047 3299 3165 3360">
    <p class='ocr_par' dir='ltr' id='par_1_34' title="bbox 1047 3299 3165 3360">
     <span class='ocr_line' id='line_1_34' title="bbox 1047 3299 3165 3360; baseline -0.002 -2"><span class='ocrx_word' id='word_1_459' title='bbox 1047 3304 1241 3358; x_wconf 76' lang='lat' dir='ltr'><strong>Anne.</strong></span> <span class='ocrx_word' id='word_1_460' title='bbox 1270 3299 1333 3354; x_wconf 90' lang='grc'><strong>11.</strong></span> <span class='ocrx_word' id='word_1_461' title='bbox 1369 3313 1597 3355; x_wconf 67' lang='grc' dir='ltr'><strong>τηιριει</strong></span> <span class='ocrx_word' id='word_1_462' title='bbox 1638 3312 1759 3354; x_wconf 70' lang='grc' dir='ltr'><strong>ιδτε</strong></span> <span class='ocrx_word' id='word_1_463' title='bbox 1800 3311 1988 3352; x_wconf 73' lang='lat' dir='ltr'><strong>sensus</strong></span> <span class='ocrx_word' id='word_1_464' title='bbox 2025 3311 2126 3352; x_wconf 76' lang='lat' dir='ltr'><strong>NON</strong></span> <span class='ocrx_word' id='word_1_465' title='bbox 2165 3311 2360 3360; x_wconf 77' lang='lat' dir='ltr'><strong>usique</strong></span> <span class='ocrx_word' id='word_1_466' title='bbox 2399 3311 2803 3354; x_wconf 75' lang='lat' dir='ltr'><strong>SCRIPTUBARUII</strong></span> <span class='ocrx_word' id='word_1_467' title='bbox 2843 3314 3165 3357; x_wconf 74' lang='lat' dir='ltr'><strong>acpsniwn.</strong></span> 
     </span>
    </p>
   </div>
   <div class='ocr_carea' id='block_1_35' title="bbox 559 3413 3722 3495">
    <p class='ocr_par' dir='ltr' id='par_1_35' title="bbox 559 3413 3722 3495">
     <span class='ocr_line' id='line_1_35' title="bbox 559 3413 3722 3495; baseline -0.002 -13"><span class='ocrx_word' id='word_1_468' title='bbox 559 3427 874 3495; x_wconf 63' lang='lat' dir='ltr'><strong>(“Quoniam</strong></span> <span class='ocrx_word' id='word_1_469' title='bbox 900 3422 1099 3494; x_wconf 91' lang='lat' dir='ltr'><strong>(inquit</strong></span> <span class='ocrx_word' id='word_1_470' title='bbox 1134 3420 1228 3474; x_wconf 90' lang='lat' dir='ltr'><strong>lib.</strong></span> <span class='ocrx_word' id='word_1_471' title='bbox 1252 3435 1311 3474; x_wconf 80' lang='lat' dir='ltr'><strong>1v</strong></span> <span class='ocrx_word' id='word_1_472' title='bbox 1343 3416 1418 3471; x_wconf 86' lang='lat' dir='ltr'><strong>De</strong></span> <span class='ocrx_word' id='word_1_473' title='bbox 1451 3416 1748 3487; x_wconf 73' lang='lat' dir='ltr'><strong>principiis,</strong></span> <span class='ocrx_word' id='word_1_474' title='bbox 1782 3430 1931 3469; x_wconf 92' lang='lat' dir='ltr'><strong>num.</strong></span> <span class='ocrx_word' id='word_1_475' title='bbox 1961 3413 2046 3486; x_wconf 69' lang='lat'><strong>12)</strong></span> <span class='ocrx_word' id='word_1_476' title='bbox 2075 3413 2369 3485; x_wconf 80' lang='lat' dir='ltr'><strong>Seripturae</strong></span> <span class='ocrx_word' id='word_1_477' title='bbox 2403 3415 2649 3484; x_wconf 68' lang='lat' dir='ltr'><strong>quaedam</strong></span> <span class='ocrx_word' id='word_1_478' title='bbox 2671 3425 2815 3481; x_wconf 91' lang='lat' dir='ltr'><strong>sunt,</strong></span> <span class='ocrx_word' id='word_1_479' title='bbox 2845 3432 2963 3485; x_wconf 63' lang='lat' dir='ltr'><strong>quae</strong></span> <span class='ocrx_word' id='word_1_480' title='bbox 2987 3417 3118 3470; x_wconf 89' lang='lat' dir='ltr'><strong>nihil</strong></span> <span class='ocrx_word' id='word_1_481' title='bbox 3150 3417 3347 3472; x_wconf 87' lang='lat' dir='ltr'><strong>habent</strong></span> <span class='ocrx_word' id='word_1_482' title='bbox 3371 3433 3722 3488; x_wconf 88' lang='lat' dir='ltr'><strong>corporeum.</strong></span> 
     </span>
    </p>
   </div>
   <div class='ocr_carea' id='block_1_36' title="bbox 485 3507 3736 3589">
    <p class='ocr_par' dir='ltr' id='par_1_36' title="bbox 485 3507 3736 3589">
     <span class='ocr_line' id='line_1_36' title="bbox 485 3507 3736 3589; baseline -0.002 -10"><span class='ocrx_word' id='word_1_483' title='bbox 485 3523 681 3580; x_wconf 87' lang='lat' dir='ltr'><strong>alicubi</strong></span> <span class='ocrx_word' id='word_1_484' title='bbox 713 3519 830 3577; x_wconf 89' lang='lat' dir='ltr'><strong>sola</strong></span> <span class='ocrx_word' id='word_1_485' title='bbox 860 3518 1021 3573; x_wconf 88' lang='lat' dir='ltr'><strong>veluti</strong></span> <span class='ocrx_word' id='word_1_486' title='bbox 1053 3516 1236 3570; x_wconf 88' lang='lat' dir='ltr'><strong>anima</strong></span> <span class='ocrx_word' id='word_1_487' title='bbox 1271 3521 1327 3567; x_wconf 90' lang='lat' dir='ltr'><strong>et</strong></span> <span class='ocrx_word' id='word_1_488' title='bbox 1352 3512 1578 3582; x_wconf 90' lang='lat' dir='ltr'><strong>spiritus</strong></span> <span class='ocrx_word' id='word_1_489' title='bbox 1620 3508 1949 3581; x_wconf 84' lang='lat' dir='ltr'><strong>quaerendus</strong></span> <span class='ocrx_word' id='word_1_490' title='bbox 1980 3519 2085 3564; x_wconf 90' lang='lat' dir='ltr'><strong>est.</strong></span> <span class='ocrx_word' id='word_1_491' title='bbox 2118 3526 2137 3559; x_wconf 71' lang='grc' dir='ltr'><strong>ι</strong></span> <span class='ocrx_word' id='word_1_492' title='bbox 2181 3507 2415 3563; x_wconf 84' lang='lat' dir='ltr'><strong>Humilia</strong></span> <span class='ocrx_word' id='word_1_493' title='bbox 2453 3518 2638 3564; x_wconf 87' lang='lat' dir='ltr'><strong>autem</strong></span> <span class='ocrx_word' id='word_1_494' title='bbox 2665 3512 2945 3565; x_wconf 90' lang='lat' dir='ltr'><strong>undecima</strong></span> <span class='ocrx_word' id='word_1_495' title='bbox 2976 3513 3029 3565; x_wconf 92' lang='lat' dir='ltr'><strong>in</strong></span> <span class='ocrx_word' id='word_1_496' title='bbox 3060 3512 3345 3580; x_wconf 88' lang='lat' dir='ltr'><strong>Numeros,</strong></span> <span class='ocrx_word' id='word_1_497' title='bbox 3379 3517 3468 3570; x_wconf 92' lang='lat' dir='ltr'><strong>ubi</strong></span> <span class='ocrx_word' id='word_1_498' title='bbox 3510 3517 3576 3572; x_wconf 86' lang='lat' dir='ltr'><strong>de</strong></span> <span class='ocrx_word' id='word_1_499' title='bbox 3609 3519 3736 3589; x_wconf 82' lang='lat' dir='ltr'><strong>lege</strong></span> 
     </span>
    </p>
   </div>
   <div class='ocr_carea' id='block_1_37' title="bbox 390 3604 3734 3687">
    <p class='ocr_par' dir='ltr' id='par_1_37' title="bbox 390 3604 3734 3687">
     <span class='ocr_line' id='line_1_37' title="bbox 390 3604 3734 3687; baseline -0.001 -16"><span class='ocrx_word' id='word_1_500' title='bbox 390 3613 398 3621; x_wconf 88' lang='grc'><strong>’</strong></span> <span class='ocrx_word' id='word_1_501' title='bbox 481 3618 662 3687; x_wconf 88' lang='lat' dir='ltr'><strong>agitur</strong></span> <span class='ocrx_word' id='word_1_502' title='bbox 681 3628 802 3684; x_wconf 70' lang='lat' dir='ltr'><strong>qua:</strong></span> <span class='ocrx_word' id='word_1_503' title='bbox 829 3610 1099 3681; x_wconf 81' lang='lat' dir='ltr'><strong>primitias</strong></span> <span class='ocrx_word' id='word_1_504' title='bbox 1125 3607 1307 3663; x_wconf 77' lang='lat' dir='ltr'><strong>oﬂ‘erri</strong></span> <span class='ocrx_word' id='word_1_505' title='bbox 1344 3605 1613 3677; x_wconf 83' lang='lat' dir='ltr'><strong>praecipit,</strong></span> <span class='ocrx_word' id='word_1_506' title='bbox 1643 3604 1850 3659; x_wconf 89' lang='lat' dir='ltr'><strong>clarius</strong></span> <span class='ocrx_word' id='word_1_507' title='bbox 1877 3613 2112 3659; x_wconf 90' lang='lat' dir='ltr'><strong>mentem</strong></span> <span class='ocrx_word' id='word_1_508' title='bbox 2135 3617 2289 3657; x_wconf 88' lang='lat' dir='ltr'><strong>suam</strong></span> <span class='ocrx_word' id='word_1_509' title='bbox 2320 3604 2495 3672; x_wconf 87' lang='lat' dir='ltr'><strong>aperit</strong></span> <span class='ocrx_word' id='word_1_510' title='bbox 2538 3605 2621 3659; x_wconf 93' lang='lat' dir='ltr'><strong>his</strong></span> <span class='ocrx_word' id='word_1_511' title='bbox 2652 3606 2835 3660; x_wconf 85' lang='lat' dir='ltr'><strong>verbis</strong></span> <span class='ocrx_word' id='word_1_512' title='bbox 2870 3622 2884 3659; x_wconf 91' lang='lat'><strong>:</strong></span> <span class='ocrx_word' id='word_1_513' title='bbox 2926 3623 2945 3657; x_wconf 74' lang='grc' dir='ltr'>ι</span> <span class='ocrx_word' id='word_1_514' title='bbox 2989 3606 3139 3661; x_wconf 91' lang='lat' dir='ltr'><strong>llanc</strong></span> <span class='ocrx_word' id='word_1_515' title='bbox 3166 3622 3295 3677; x_wconf 89' lang='lat' dir='ltr'><strong>ergo</strong></span> <span class='ocrx_word' id='word_1_516' title='bbox 3328 3608 3497 3678; x_wconf 80' lang='lat' dir='ltr'><strong>legem</strong></span> <span class='ocrx_word' id='word_1_517' title='bbox 3533 3612 3734 3666; x_wconf 83' lang='lat' dir='ltr'><strong>obser-</strong></span> 
     </span>
    </p>
   </div>
   <div class='ocr_carea' id='block_1_38' title="bbox 480 3696 3727 3771">
    <p class='ocr_par' dir='ltr' id='par_1_38' title="bbox 480 3696 3727 3771">
     <span class='ocr_line' id='line_1_38' title="bbox 480 3696 3727 3771; baseline -0.002 -9"><span class='ocrx_word' id='word_1_518' title='bbox 480 3708 598 3763; x_wconf 78' lang='lat' dir='ltr'><strong>vari</strong></span> <span class='ocrx_word' id='word_1_519' title='bbox 632 3705 796 3760; x_wconf 87' lang='lat' dir='ltr'><strong>etiam</strong></span> <span class='ocrx_word' id='word_1_520' title='bbox 821 3702 1117 3759; x_wconf 88' lang='lat' dir='ltr'><strong>secundum</strong></span> <span class='ocrx_word' id='word_1_521' title='bbox 1145 3700 1383 3754; x_wconf 88' lang='lat' dir='ltr'><strong>litteram</strong></span> <span class='ocrx_word' id='word_1_522' title='bbox 1409 3699 1549 3754; x_wconf 88' lang='lat' dir='ltr'><strong>sicut</strong></span> <span class='ocrx_word' id='word_1_523' title='bbox 1575 3706 1629 3751; x_wconf 88' lang='lat' dir='ltr'><strong>et</strong></span> <span class='ocrx_word' id='word_1_524' title='bbox 1663 3696 1767 3750; x_wconf 88' lang='lat' dir='ltr'><strong>alia</strong></span> <span class='ocrx_word' id='word_1_525' title='bbox 1800 3696 2064 3751; x_wconf 88' lang='lat' dir='ltr'><strong>nonnulla</strong></span> <span class='ocrx_word' id='word_1_526' title='bbox 2096 3697 2466 3750; x_wconf 89' lang='lat' dir='ltr'><strong>necessarium</strong></span> <span class='ocrx_word' id='word_1_527' title='bbox 2499 3707 2648 3765; x_wconf 83' lang='lat' dir='ltr'><strong>puto.</strong></span> <span class='ocrx_word' id='word_1_528' title='bbox 2702 3696 2845 3752; x_wconf 89' lang='lat' dir='ltr'><strong>Sunt</strong></span> <span class='ocrx_word' id='word_1_529' title='bbox 2887 3701 3035 3753; x_wconf 91' lang='lat' dir='ltr'><strong>enim</strong></span> <span class='ocrx_word' id='word_1_530' title='bbox 3063 3699 3341 3767; x_wconf 84' lang='lat' dir='ltr'><strong>aliquanta</strong></span> <span class='ocrx_word' id='word_1_531' title='bbox 3374 3701 3508 3771; x_wconf 80' lang='lat' dir='ltr'><strong>legis</strong></span> <span class='ocrx_word' id='word_1_532' title='bbox 3562 3719 3727 3757; x_wconf 79' lang='lat' dir='ltr'><strong>man-</strong></span> 
     </span>
    </p>
   </div>
   <div class='ocr_carea' id='block_1_39' title="bbox 479 3788 3735 3867">
    <p class='ocr_par' dir='ltr' id='par_1_39' title="bbox 479 3788 3735 3867">
     <span class='ocr_line' id='line_1_39' title="bbox 479 3788 3735 3867; baseline -0.001 -12"><span class='ocrx_word' id='word_1_533' title='bbox 479 3800 628 3865; x_wconf 86' lang='lat' dir='ltr'><strong>daia,</strong></span> <span class='ocrx_word' id='word_1_534' title='bbox 650 3812 769 3867; x_wconf 66' lang='lat' dir='ltr'><strong>quae</strong></span> <span class='ocrx_word' id='word_1_535' title='bbox 795 3796 959 3850; x_wconf 84' lang='lat' dir='ltr'><strong>etiam</strong></span> <span class='ocrx_word' id='word_1_536' title='bbox 990 3793 1128 3848; x_wconf 88' lang='lat' dir='ltr'><strong>Novi</strong></span> <span class='ocrx_word' id='word_1_537' title='bbox 1159 3791 1491 3847; x_wconf 81' lang='lat' dir='ltr'><strong>Testamenti</strong></span> <span class='ocrx_word' id='word_1_538' title='bbox 1525 3788 1777 3859; x_wconf 84' lang='lat' dir='ltr'><strong>discipuli</strong></span> <span class='ocrx_word' id='word_1_539' title='bbox 1809 3790 2115 3844; x_wconf 88' lang='lat' dir='ltr'><strong>necessaria</strong></span> <span class='ocrx_word' id='word_1_540' title='bbox 2147 3789 2534 3843; x_wconf 83' lang='lat' dir='ltr'><strong>observatione</strong></span> <span class='ocrx_word' id='word_1_541' title='bbox 2558 3791 2894 3845; x_wconf 88' lang='lat' dir='ltr'><strong>custodiunt.</strong></span> <span class='ocrx_word' id='word_1_542' title='bbox 2945 3792 3028 3856; x_wconf 79' lang='lat' dir='ltr'><strong>Et,</strong></span> <span class='ocrx_word' id='word_1_543' title='bbox 3080 3793 3124 3847; x_wconf 89' lang='lat' dir='ltr'><strong>si</strong></span> <span class='ocrx_word' id='word_1_544' title='bbox 3162 3794 3397 3860; x_wconf 88' lang='lat' dir='ltr'><strong>videtur,</strong></span> <span class='ocrx_word' id='word_1_545' title='bbox 3457 3796 3605 3865; x_wconf 88' lang='lat' dir='ltr'><strong>prius</strong></span> <span class='ocrx_word' id='word_1_546' title='bbox 3656 3800 3735 3854; x_wconf 86' lang='lat' dir='ltr'><strong>de</strong></span> 
     </span>
    </p>
   </div>
   <div class='ocr_carea' id='block_1_40' title="bbox 479 3879 3733 3963">
    <p class='ocr_par' dir='ltr' id='par_1_40' title="bbox 479 3879 3733 3963">
     <span class='ocr_line' id='line_1_40' title="bbox 479 3879 3733 3963; baseline -0.002 -13"><span class='ocrx_word' id='word_1_547' title='bbox 479 3895 547 3949; x_wconf 86' lang='lat' dir='ltr'><strong>iis</strong></span> <span class='ocrx_word' id='word_1_548' title='bbox 578 3890 712 3963; x_wconf 91' lang='lat' dir='ltr'><strong>ipsis</strong></span> <span class='ocrx_word' id='word_1_549' title='bbox 743 3904 865 3959; x_wconf 67' lang='lat' dir='ltr'><strong>qua:</strong></span> <span class='ocrx_word' id='word_1_550' title='bbox 886 3889 938 3943; x_wconf 90' lang='lat' dir='ltr'><strong>in</strong></span> <span class='ocrx_word' id='word_1_551' title='bbox 964 3887 1080 3959; x_wconf 82' lang='lat' dir='ltr'><strong>lege</strong></span> <span class='ocrx_word' id='word_1_552' title='bbox 1103 3886 1321 3957; x_wconf 85' lang='lat' dir='ltr'><strong>quidem</strong></span> <span class='ocrx_word' id='word_1_553' title='bbox 1353 3885 1580 3954; x_wconf 83' lang='lat' dir='ltr'><strong>scripta,</strong></span> <span class='ocrx_word' id='word_1_554' title='bbox 1614 3884 1709 3938; x_wconf 88' lang='lat' dir='ltr'><strong>sed</strong></span> <span class='ocrx_word' id='word_1_555' title='bbox 1739 3891 1918 3936; x_wconf 87' lang='lat' dir='ltr'><strong>tamen</strong></span> <span class='ocrx_word' id='word_1_556' title='bbox 1956 3883 2009 3936; x_wconf 92' lang='lat' dir='ltr'><strong>in</strong></span> <span class='ocrx_word' id='word_1_557' title='bbox 2042 3879 2346 3946; x_wconf 81' lang='lat' dir='ltr'><strong>Evangeliis</strong></span> <span class='ocrx_word' id='word_1_558' title='bbox 2371 3882 2711 3937; x_wconf 85' lang='lat' dir='ltr'><strong>observanda</strong></span> <span class='ocrx_word' id='word_1_559' title='bbox 2748 3894 2874 3938; x_wconf 89' lang='lat' dir='ltr'><strong>sunt</strong></span> <span class='ocrx_word' id='word_1_560' title='bbox 2898 3921 2913 3948; x_wconf 90' lang='lat'><strong>,</strong></span> <span class='ocrx_word' id='word_1_561' title='bbox 2948 3898 3131 3940; x_wconf 89' lang='lat' dir='ltr'><strong>sermo</strong></span> <span class='ocrx_word' id='word_1_562' title='bbox 3155 3898 3466 3955; x_wconf 89' lang='lat' dir='ltr'><strong>moveatur;</strong></span> <span class='ocrx_word' id='word_1_563' title='bbox 3516 3900 3568 3942; x_wconf 88' lang='lat' dir='ltr'><strong>et</strong></span> <span class='ocrx_word' id='word_1_564' title='bbox 3597 3905 3733 3944; x_wconf 87' lang='lat' dir='ltr'><strong>cum</strong></span> 
     </span>
    </p>
   </div>
   <div class='ocr_carea' id='block_1_41' title="bbox 481 3973 3735 4054">
    <p class='ocr_par' dir='ltr' id='par_1_41' title="bbox 481 3973 3735 4054">
     <span class='ocr_line' id='line_1_41' title="bbox 481 3973 3735 4054; baseline -0.001 -15"><span class='ocrx_word' id='word_1_565' title='bbox 481 3987 597 4039; x_wconf 85' lang='lat' dir='ltr'><strong>haec</strong></span> <span class='ocrx_word' id='word_1_566' title='bbox 644 3981 938 4054; x_wconf 86' lang='lat' dir='ltr'><strong>patuerint,</strong></span> <span class='ocrx_word' id='word_1_567' title='bbox 968 3988 1095 4034; x_wconf 92' lang='lat' dir='ltr'><strong>tunc</strong></span> <span class='ocrx_word' id='word_1_568' title='bbox 1119 3979 1232 4049; x_wconf 83' lang='lat' dir='ltr'><strong>jam</strong></span> <span class='ocrx_word' id='word_1_569' title='bbox 1261 3977 1392 4048; x_wconf 90' lang='lat' dir='ltr'><strong>quid</strong></span> <span class='ocrx_word' id='word_1_570' title='bbox 1416 3977 1468 4031; x_wconf 93' lang='lat' dir='ltr'><strong>in</strong></span> <span class='ocrx_word' id='word_1_571' title='bbox 1492 3977 1572 4031; x_wconf 91' lang='lat' dir='ltr'><strong>eis</strong></span> <span class='ocrx_word' id='word_1_572' title='bbox 1619 3975 1783 4030; x_wconf 88' lang='lat' dir='ltr'><strong>etiam</strong></span> <span class='ocrx_word' id='word_1_573' title='bbox 1833 3973 2153 4043; x_wconf 86' lang='lat' dir='ltr'><strong>spiritaliter</strong></span> <span class='ocrx_word' id='word_1_574' title='bbox 2175 3973 2364 4028; x_wconf 88' lang='lat' dir='ltr'><strong>sentiri</strong></span> <span class='ocrx_word' id='word_1_575' title='bbox 2399 3973 2614 4040; x_wconf 87' lang='lat' dir='ltr'><strong>debeat,</strong></span> <span class='ocrx_word' id='word_1_576' title='bbox 2650 3978 3031 4044; x_wconf 88' lang='lat' dir='ltr'><strong>requiremus;</strong></span> <span class='ocrx_word' id='word_1_577' title='bbox 3060 3988 3184 4033; x_wconf 90' lang='lat' dir='ltr'><strong>sunt</strong></span> <span class='ocrx_word' id='word_1_578' title='bbox 3212 3981 3355 4033; x_wconf 91' lang='lat' dir='ltr'><strong>enim</strong></span> <span class='ocrx_word' id='word_1_579' title='bbox 3382 3980 3471 4049; x_wconf 92' lang='lat' dir='ltr'><strong>qui</strong></span> <span class='ocrx_word' id='word_1_580' title='bbox 3526 3984 3602 4034; x_wconf 90' lang='lat' dir='ltr'><strong>ita</strong></span> <span class='ocrx_word' id='word_1_581' title='bbox 3639 3983 3735 4036; x_wconf 80' lang='lat' dir='ltr'><strong>di-</strong></span> 
     </span>
    </p>
   </div>
   <div class='ocr_carea' id='block_1_42' title="bbox 479 4065 3736 4143">
    <p class='ocr_par' dir='ltr' id='par_1_42' title="bbox 479 4065 3736 4143">
     <span class='ocr_line' id='line_1_42' title="bbox 479 4065 3736 4143; baseline 0.001 -13"><span class='ocrx_word' id='word_1_582' title='bbox 479 4082 626 4141; x_wconf 83' lang='lat' dir='ltr'><strong>cant,</strong></span> <span class='ocrx_word' id='word_1_583' title='bbox 651 4072 776 4143; x_wconf 90' lang='lat' dir='ltr'><strong>quia</strong></span> <span class='ocrx_word' id='word_1_584' title='bbox 810 4070 854 4124; x_wconf 81' lang='lat' dir='ltr'><strong>si</strong></span> <span class='ocrx_word' id='word_1_585' title='bbox 891 4068 1098 4138; x_wconf 79' lang='lat' dir='ltr'><strong>aiiquid</strong></span> <span class='ocrx_word' id='word_1_586' title='bbox 1139 4067 1362 4123; x_wconf 88' lang='lat' dir='ltr'><strong>omnino</strong></span> <span class='ocrx_word' id='word_1_587' title='bbox 1382 4067 1786 4123; x_wconf 86' lang='lat' dir='ltr'><strong>observandum</strong></span> <span class='ocrx_word' id='word_1_588' title='bbox 1809 4075 1896 4121; x_wconf 88' lang='lat' dir='ltr'><strong>est</strong></span> <span class='ocrx_word' id='word_1_589' title='bbox 1916 4066 2209 4121; x_wconf 90' lang='lat' dir='ltr'><strong>secundum</strong></span> <span class='ocrx_word' id='word_1_590' title='bbox 2237 4066 2498 4128; x_wconf 89' lang='lat' dir='ltr'><strong>litteram,</strong></span> <span class='ocrx_word' id='word_1_591' title='bbox 2526 4081 2625 4120; x_wconf 91' lang='lat' dir='ltr'><strong>cur</strong></span> <span class='ocrx_word' id='word_1_592' title='bbox 2672 4081 2777 4123; x_wconf 89' lang='lat' dir='ltr'><strong>non</strong></span> <span class='ocrx_word' id='word_1_593' title='bbox 2824 4078 2877 4124; x_wconf 90' lang='lat' dir='ltr'><strong>et</strong></span> <span class='ocrx_word' id='word_1_594' title='bbox 2912 4081 3105 4124; x_wconf 88' lang='lat' dir='ltr'><strong>cuncta</strong></span> <span class='ocrx_word' id='word_1_595' title='bbox 3134 4065 3461 4127; x_wconf 74' lang='lat' dir='ltr'><strong>serventur?</strong></span> <span class='ocrx_word' id='word_1_596' title='bbox 3488 4071 3545 4127; x_wconf 89' lang='lat' dir='ltr'><strong>Si</strong></span> <span class='ocrx_word' id='word_1_597' title='bbox 3595 4089 3736 4132; x_wconf 85' lang='lat' dir='ltr'><strong>vero</strong></span> 
     </span>
    </p>
   </div>
   <div class='ocr_carea' id='block_1_43' title="bbox 479 4157 3732 4236">
    <p class='ocr_par' dir='ltr' id='par_1_43' title="bbox 479 4157 3732 4236">
     <span class='ocr_line' id='line_1_43' title="bbox 479 4157 3732 4236; baseline -0.001 -13"><span class='ocrx_word' id='word_1_598' title='bbox 479 4168 546 4223; x_wconf 82' lang='lat' dir='ltr'><strong>ad</strong></span> <span class='ocrx_word' id='word_1_599' title='bbox 582 4164 878 4236; x_wconf 88' lang='lat' dir='ltr'><strong>spiritalem</strong></span> <span class='ocrx_word' id='word_1_600' title='bbox 915 4161 1329 4233; x_wconf 76' lang='lat' dir='ltr'><strong>intelligentiam</strong></span> <span class='ocrx_word' id='word_1_601' title='bbox 1362 4175 1482 4231; x_wconf 68' lang='lat' dir='ltr'><strong>quae</strong></span> <span class='ocrx_word' id='word_1_602' title='bbox 1505 4159 1589 4215; x_wconf 83' lang='lat' dir='ltr'><strong>lex</strong></span> <span class='ocrx_word' id='word_1_603' title='bbox 1615 4160 1881 4228; x_wconf 83' lang='lat' dir='ltr'><strong>continet,</strong></span> <span class='ocrx_word' id='word_1_604' title='bbox 1906 4157 2193 4214; x_wconf 78' lang='lat' dir='ltr'><strong>referenda</strong></span> <span class='ocrx_word' id='word_1_605' title='bbox 2224 4171 2371 4225; x_wconf 89' lang='lat' dir='ltr'><strong>sunt,</strong></span> <span class='ocrx_word' id='word_1_606' title='bbox 2420 4160 2562 4213; x_wconf 89' lang='lat' dir='ltr'><strong>nihil</strong></span> <span class='ocrx_word' id='word_1_607' title='bbox 2596 4162 2816 4216; x_wconf 92' lang='lat' dir='ltr'><strong>omnino</strong></span> <span class='ocrx_word' id='word_1_608' title='bbox 2869 4166 3166 4217; x_wconf 88' lang='lat' dir='ltr'><strong>secundum</strong></span> <span class='ocrx_word' id='word_1_609' title='bbox 3196 4164 3452 4227; x_wconf 70' lang='lat' dir='ltr'><strong>lita-ram,</strong></span> <span class='ocrx_word' id='word_1_610' title='bbox 3477 4167 3573 4219; x_wconf 91' lang='lat' dir='ltr'><strong>sed</strong></span> <span class='ocrx_word' id='word_1_611' title='bbox 3608 4168 3732 4235; x_wconf 88' lang='lat' dir='ltr'><strong>sp-i-</strong></span> 
     </span>
    </p>
   </div>
   <div class='ocr_carea' id='block_1_44' title="bbox 482 4252 3734 4329">
    <p class='ocr_par' dir='ltr' id='par_1_44' title="bbox 482 4252 3734 4329">
     <span class='ocr_line' id='line_1_44' title="bbox 482 4252 3734 4329; baseline -0 -15"><span class='ocrx_word' id='word_1_612' title='bbox 482 4258 715 4314; x_wconf 84' lang='lat' dir='ltr'><strong>ritaliter</strong></span> <span class='ocrx_word' id='word_1_613' title='bbox 744 4257 944 4312; x_wconf 91' lang='lat' dir='ltr'><strong>debent</strong></span> <span class='ocrx_word' id='word_1_614' title='bbox 974 4255 1230 4320; x_wconf 79' lang='lat' dir='ltr'><strong>universa</strong></span> <span class='ocrx_word' id='word_1_615' title='bbox 1259 4253 1520 4309; x_wconf 89' lang='lat' dir='ltr'><strong>discerni.</strong></span> <span class='ocrx_word' id='word_1_616' title='bbox 1553 4252 1662 4309; x_wconf 87' lang='lat' dir='ltr'><strong>Nos</strong></span> <span class='ocrx_word' id='word_1_617' title='bbox 1688 4268 1822 4310; x_wconf 85' lang='lat' dir='ltr'><strong>vero</strong></span> <span class='ocrx_word' id='word_1_618' title='bbox 1858 4255 2143 4324; x_wconf 84' lang='lat' dir='ltr'><strong>utriusque</strong></span> <span class='ocrx_word' id='word_1_619' title='bbox 2165 4255 2490 4310; x_wconf 87' lang='lat' dir='ltr'><strong>assertionis</strong></span> <span class='ocrx_word' id='word_1_620' title='bbox 2518 4255 2861 4309; x_wconf 86' lang='lat' dir='ltr'><strong>insolentiam</strong></span> <span class='ocrx_word' id='word_1_621' title='bbox 2897 4265 3287 4326; x_wconf 87' lang='lat' dir='ltr'><strong>temperantes,</strong></span> <span class='ocrx_word' id='word_1_622' title='bbox 3311 4257 3486 4327; x_wconf 88' lang='lat' dir='ltr'><strong>qualis</strong></span> <span class='ocrx_word' id='word_1_623' title='bbox 3537 4261 3734 4329; x_wconf 76' lang='lat' dir='ltr'><strong>regula</strong></span> 
     </span>
    </p>
   </div>
   <div class='ocr_carea' id='block_1_45' title="bbox 481 4348 3738 4423">
    <p class='ocr_par' dir='ltr' id='par_1_45' title="bbox 481 4348 3738 4423">
     <span class='ocr_line' id='line_1_45' title="bbox 481 4348 3738 4423; baseline -0.001 -16"><span class='ocrx_word' id='word_1_624' title='bbox 481 4355 534 4407; x_wconf 92' lang='lat' dir='ltr'><strong>in</strong></span> <span class='ocrx_word' id='word_1_625' title='bbox 568 4351 943 4423; x_wconf 81' lang='lat' dir='ltr'><strong>hujuscemodi</strong></span> <span class='ocrx_word' id='word_1_626' title='bbox 975 4349 1113 4421; x_wconf 88' lang='lat' dir='ltr'><strong>legis</strong></span> <span class='ocrx_word' id='word_1_627' title='bbox 1141 4349 1486 4405; x_wconf 89' lang='lat' dir='ltr'><strong>sermonibus</strong></span> <span class='ocrx_word' id='word_1_628' title='bbox 1513 4349 1851 4404; x_wconf 88' lang='lat' dir='ltr'><strong>observanda</strong></span> <span class='ocrx_word' id='word_1_629' title='bbox 1888 4348 1982 4413; x_wconf 85' lang='lat' dir='ltr'><strong>sit,</strong></span> <span class='ocrx_word' id='word_1_630' title='bbox 2013 4363 2079 4403; x_wconf 80' lang='lat' dir='ltr'><strong>ex</strong></span> <span class='ocrx_word' id='word_1_631' title='bbox 2118 4352 2448 4404; x_wconf 88' lang='lat' dir='ltr'><strong>auctoritate</strong></span> <span class='ocrx_word' id='word_1_632' title='bbox 2470 4349 2778 4404; x_wconf 81' lang='lat' dir='ltr'><strong>divinarum</strong></span> <span class='ocrx_word' id='word_1_633' title='bbox 2823 4348 3231 4419; x_wconf 87' lang='lat' dir='ltr'><strong>Scripturarum</strong></span> <span class='ocrx_word' id='word_1_634' title='bbox 3267 4349 3511 4419; x_wconf 80' lang='lat' dir='ltr'><strong>proferre</strong></span> <span class='ocrx_word' id='word_1_635' title='bbox 3550 4360 3738 4404; x_wconf 84' lang='lat' dir='ltr'><strong>tenta-</strong></span> 
     </span>
    </p>
   </div>
   <div class='ocr_carea' id='block_1_46' title="bbox 479 4434 3737 4513">
    <p class='ocr_par' dir='ltr' id='par_1_46' title="bbox 479 4434 3737 4513">
     <span class='ocr_line' id='line_1_46' title="bbox 479 4434 3737 4513; baseline -0.002 -10"><span class='ocrx_word' id='word_1_636' title='bbox 479 4449 678 4503; x_wconf 81' lang='lat' dir='ltr'><strong>bimus.</strong></span> <span class='ocrx_word' id='word_1_637' title='bbox 726 4464 747 4499; x_wconf 72' lang='grc' dir='ltr'><strong>ι</strong></span> <span class='ocrx_word' id='word_1_638' title='bbox 781 4444 875 4499; x_wconf 83' lang='lat' dir='ltr'><strong>Illa</strong></span> <span class='ocrx_word' id='word_1_639' title='bbox 903 4455 1084 4499; x_wconf 90' lang='lat' dir='ltr'><strong>autem</strong></span> <span class='ocrx_word' id='word_1_640' title='bbox 1129 4458 1291 4512; x_wconf 89' lang='lat' dir='ltr'><strong>quam</strong></span> <span class='ocrx_word' id='word_1_641' title='bbox 1331 4441 1563 4511; x_wconf 78' lang='lat' dir='ltr'><strong>profert,</strong></span> <span class='ocrx_word' id='word_1_642' title='bbox 1593 4441 1779 4510; x_wconf 87' lang='lat' dir='ltr'><strong>regula</strong></span> <span class='ocrx_word' id='word_1_643' title='bbox 1833 4442 2086 4511; x_wconf 90' lang='lat' dir='ltr'><strong>sequenti</strong></span> <span class='ocrx_word' id='word_1_644' title='bbox 2149 4434 2498 4498; x_wconf 77' lang='lat' dir='ltr'><strong>distinctione</strong></span> <span class='ocrx_word' id='word_1_645' title='bbox 2532 4442 2776 4497; x_wconf 89' lang='lat' dir='ltr'><strong>nititur:</strong></span> <span class='ocrx_word' id='word_1_646' title='bbox 2833 4441 3180 4513; x_wconf 66' lang='lat' dir='ltr'><strong>Quaecunque</strong></span> <span class='ocrx_word' id='word_1_647' title='bbox 3236 4443 3392 4513; x_wconf 83' lang='lat' dir='ltr'><strong>legis,</strong></span> <span class='ocrx_word' id='word_1_648' title='bbox 3439 4443 3737 4513; x_wconf 61' lang='lat' dir='ltr'><strong>praecepti,</strong></span> 
     </span>
    </p>
   </div>
   <div class='ocr_carea' id='block_1_47' title="bbox 480 4531 3736 4604">
    <p class='ocr_par' dir='ltr' id='par_1_47' title="bbox 480 4531 3736 4604">
     <span class='ocr_line' id='line_1_47' title="bbox 480 4531 3736 4604; baseline -0.001 -13"><span class='ocrx_word' id='word_1_649' title='bbox 480 4535 802 4601; x_wconf 88' lang='lat' dir='ltr'><strong>testimonii,</strong></span> <span class='ocrx_word' id='word_1_650' title='bbox 834 4533 1098 4600; x_wconf 89' lang='lat' dir='ltr'><strong>mandati,</strong></span> <span class='ocrx_word' id='word_1_651' title='bbox 1124 4532 1375 4604; x_wconf 73' lang='lat' dir='ltr'><strong>iustitiae,</strong></span> <span class='ocrx_word' id='word_1_652' title='bbox 1402 4531 1618 4602; x_wconf 77' lang='lat' dir='ltr'><strong>iudicii,</strong></span> <span class='ocrx_word' id='word_1_653' title='bbox 1641 4541 1774 4597; x_wconf 88' lang='lat' dir='ltr'><strong>etc.,</strong></span> <span class='ocrx_word' id='word_1_654' title='bbox 1806 4533 2031 4587; x_wconf 72' lang='lat' dir='ltr'><strong>vocibus</strong></span> <span class='ocrx_word' id='word_1_655' title='bbox 2057 4535 2462 4603; x_wconf 83' lang='lat' dir='ltr'><strong>exprimuntur,</strong></span> <span class='ocrx_word' id='word_1_656' title='bbox 2487 4547 2548 4587; x_wconf 90' lang='lat' dir='ltr'><strong>ea</strong></span> <span class='ocrx_word' id='word_1_657' title='bbox 2572 4534 2754 4587; x_wconf 86' lang='lat' dir='ltr'><strong>omnia</strong></span> <span class='ocrx_word' id='word_1_658' title='bbox 2783 4548 2890 4587; x_wconf 92' lang='lat' dir='ltr'><strong>non</strong></span> <span class='ocrx_word' id='word_1_659' title='bbox 2914 4544 3042 4588; x_wconf 89' lang='lat' dir='ltr'><strong>sunt</strong></span> <span class='ocrx_word' id='word_1_660' title='bbox 3065 4534 3209 4589; x_wconf 89' lang='lat' dir='ltr'><strong>inter</strong></span> <span class='ocrx_word' id='word_1_661' title='bbox 3241 4549 3301 4590; x_wconf 91' lang='lat' dir='ltr'><strong>se</strong></span> <span class='ocrx_word' id='word_1_662' title='bbox 3321 4535 3736 4589; x_wconf 81' lang='lat' dir='ltr'><strong>confundenda.</strong></span> 
     </span>
    </p>
   </div>
   <div class='ocr_carea' id='block_1_48' title="bbox 482 4624 3736 4697">
    <p class='ocr_par' dir='ltr' id='par_1_48' title="bbox 482 4624 3736 4697">
     <span class='ocr_line' id='line_1_48' title="bbox 482 4624 3736 4697; baseline -0.002 -7"><span class='ocrx_word' id='word_1_663' title='bbox 482 4633 635 4690; x_wconf 85' lang='lat' dir='ltr'><strong>Licet</strong></span> <span class='ocrx_word' id='word_1_664' title='bbox 654 4631 799 4686; x_wconf 93' lang='lat' dir='ltr'><strong>enim</strong></span> <span class='ocrx_word' id='word_1_665' title='bbox 829 4627 1308 4683; x_wconf 88' lang='lat' dir='ltr'><strong>indiscriminalim</strong></span> <span class='ocrx_word' id='word_1_666' title='bbox 1338 4626 1561 4681; x_wconf 87' lang='lat' dir='ltr'><strong>nomine</strong></span> <span class='ocrx_word' id='word_1_667' title='bbox 1593 4624 1731 4695; x_wconf 77' lang='lat' dir='ltr'><strong>legis</strong></span> <span class='ocrx_word' id='word_1_668' title='bbox 1762 4625 2155 4695; x_wconf 80' lang='lat' dir='ltr'><strong>signiﬁcentur,</strong></span> <span class='ocrx_word' id='word_1_669' title='bbox 2184 4626 2327 4681; x_wconf 87' lang='lat' dir='ltr'><strong>aliud</strong></span> <span class='ocrx_word' id='word_1_670' title='bbox 2360 4636 2537 4683; x_wconf 89' lang='lat' dir='ltr'><strong>tamen</strong></span> <span class='ocrx_word' id='word_1_671' title='bbox 2567 4639 2650 4682; x_wconf 89' lang='lat' dir='ltr'><strong>est</strong></span> <span class='ocrx_word' id='word_1_672' title='bbox 2684 4627 2794 4695; x_wconf 82' lang='lat' dir='ltr'><strong>lex,</strong></span> <span class='ocrx_word' id='word_1_673' title='bbox 2825 4629 2970 4683; x_wconf 89' lang='lat' dir='ltr'><strong>aliud</strong></span> <span class='ocrx_word' id='word_1_674' title='bbox 3002 4630 3332 4692; x_wconf 87' lang='lat' dir='ltr'><strong>mandatum.</strong></span> <span class='ocrx_word' id='word_1_675' title='bbox 3353 4640 3457 4687; x_wconf 88' lang='lat' dir='ltr'><strong>etc.</strong></span> <span class='ocrx_word' id='word_1_676' title='bbox 3490 4631 3736 4697; x_wconf 84' lang='lat' dir='ltr'><strong>Aposto-</strong></span> 
     </span>
    </p>
   </div>
   <div class='ocr_carea' id='block_1_49' title="bbox 480 4715 3740 4794">
    <p class='ocr_par' dir='ltr' id='par_1_49' title="bbox 480 4715 3740 4794">
     <span class='ocr_line' id='line_1_49' title="bbox 480 4715 3740 4794; baseline -0.001 -15"><span class='ocrx_word' id='word_1_677' title='bbox 480 4729 571 4781; x_wconf 81' lang='lat' dir='ltr'><strong>lus</strong></span> <span class='ocrx_word' id='word_1_678' title='bbox 605 4724 823 4794; x_wconf 86' lang='lat' dir='ltr'><strong>quidem</strong></span> <span class='ocrx_word' id='word_1_679' title='bbox 864 4721 1032 4791; x_wconf 88' lang='lat' dir='ltr'><strong>legem</strong></span> <span class='ocrx_word' id='word_1_680' title='bbox 1056 4718 1302 4775; x_wconf 87' lang='lat' dir='ltr'><strong>umbram</strong></span> <span class='ocrx_word' id='word_1_681' title='bbox 1326 4732 1447 4773; x_wconf 88' lang='lat' dir='ltr'><strong>esse</strong></span> <span class='ocrx_word' id='word_1_682' title='bbox 1472 4718 1627 4772; x_wconf 88' lang='lat' dir='ltr'><strong>docet.</strong></span> <span class='ocrx_word' id='word_1_683' title='bbox 1657 4716 1963 4772; x_wconf 80' lang='lat' dir='ltr'><strong>futurorum</strong></span> <span class='ocrx_word' id='word_1_684' title='bbox 1996 4715 2260 4772; x_wconf 90' lang='lat' dir='ltr'><strong>bonorum</strong></span> <span class='ocrx_word' id='word_1_685' title='bbox 2282 4721 2325 4783; x_wconf 78' lang='grc'><strong>⁸,</strong></span> <span class='ocrx_word' id='word_1_686' title='bbox 2353 4730 2408 4773; x_wconf 89' lang='lat' dir='ltr'><strong>at</strong></span> <span class='ocrx_word' id='word_1_687' title='bbox 2437 4735 2540 4774; x_wconf 93' lang='lat' dir='ltr'><strong>non</strong></span> <span class='ocrx_word' id='word_1_688' title='bbox 2570 4720 2697 4775; x_wconf 88' lang='lat' dir='ltr'><strong>item</strong></span> <span class='ocrx_word' id='word_1_689' title='bbox 2735 4720 3067 4789; x_wconf 88' lang='lat' dir='ltr'><strong>mandatum,</strong></span> <span class='ocrx_word' id='word_1_690' title='bbox 3100 4734 3209 4778; x_wconf 89' lang='lat' dir='ltr'><strong>etc.</strong></span> <span class='ocrx_word' id='word_1_691' title='bbox 3265 4722 3404 4778; x_wconf 85' lang='lat' dir='ltr'><strong>Hinc</strong></span> <span class='ocrx_word' id='word_1_692' title='bbox 3460 4723 3740 4792; x_wconf 85' lang='lat' dir='ltr'><strong>Origenes</strong></span> 
     </span>
    </p>
   </div>
   <div class='ocr_carea' id='block_1_50' title="bbox 478 4808 3734 4886">
    <p class='ocr_par' dir='ltr' id='par_1_50' title="bbox 478 4808 3734 4886">
     <span class='ocr_line' id='line_1_50' title="bbox 478 4808 3734 4886; baseline -0.001 -15"><span class='ocrx_word' id='word_1_693' title='bbox 478 4819 640 4872; x_wconf 81' lang='lat' dir='ltr'><strong>infert</strong></span> <span class='ocrx_word' id='word_1_694' title='bbox 663 4813 926 4885; x_wconf 87' lang='lat' dir='ltr'><strong>quidquid</strong></span> <span class='ocrx_word' id='word_1_695' title='bbox 958 4813 1093 4882; x_wconf 83' lang='lat' dir='ltr'><strong>legis</strong></span> <span class='ocrx_word' id='word_1_696' title='bbox 1125 4812 1344 4867; x_wconf 90' lang='lat' dir='ltr'><strong>nomine</strong></span> <span class='ocrx_word' id='word_1_697' title='bbox 1373 4811 1426 4864; x_wconf 91' lang='lat' dir='ltr'><strong>in</strong></span> <span class='ocrx_word' id='word_1_698' title='bbox 1452 4808 1705 4866; x_wconf 81' lang='lat' dir='ltr'><strong>Mosaicis</strong></span> <span class='ocrx_word' id='word_1_699' title='bbox 1756 4808 1912 4863; x_wconf 85' lang='lat' dir='ltr'><strong>libris</strong></span> <span class='ocrx_word' id='word_1_700' title='bbox 1935 4810 2278 4880; x_wconf 79' lang='lat' dir='ltr'><strong>exprimitur,</strong></span> <span class='ocrx_word' id='word_1_701' title='bbox 2320 4810 2373 4865; x_wconf 92' lang='lat' dir='ltr'><strong>id</strong></span> <span class='ocrx_word' id='word_1_702' title='bbox 2429 4820 2598 4866; x_wconf 90' lang='lat' dir='ltr'><strong>totum</strong></span> <span class='ocrx_word' id='word_1_703' title='bbox 2646 4813 2881 4875; x_wconf 70' lang='lat' dir='ltr'><strong>mystico</strong></span> <span class='ocrx_word' id='word_1_704' title='bbox 2920 4828 3082 4868; x_wconf 89' lang='lat' dir='ltr'><strong>sensu</strong></span> <span class='ocrx_word' id='word_1_705' title='bbox 3133 4812 3512 4883; x_wconf 75' lang='lat' dir='ltr'><strong>exponendum</strong></span> <span class='ocrx_word' id='word_1_706' title='bbox 3561 4829 3734 4886; x_wconf 90' lang='lat' dir='ltr'><strong>esse;</strong></span> 
     </span>
    </p>
   </div>
   <div class='ocr_carea' id='block_1_51' title="bbox 476 4902 3739 4979">
    <p class='ocr_par' dir='ltr' id='par_1_51' title="bbox 476 4902 3739 4979">
     <span class='ocr_line' id='line_1_51' title="bbox 476 4902 3739 4979; baseline -0.002 -12"><span class='ocrx_word' id='word_1_707' title='bbox 476 4926 634 4967; x_wconf 83' lang='lat' dir='ltr'><strong>secus</strong></span> <span class='ocrx_word' id='word_1_708' title='bbox 662 4924 791 4964; x_wconf 88' lang='lat' dir='ltr'><strong>vero</strong></span> <span class='ocrx_word' id='word_1_709' title='bbox 823 4907 1083 4979; x_wconf 89' lang='lat' dir='ltr'><strong>quidquid</strong></span> <span class='ocrx_word' id='word_1_710' title='bbox 1115 4904 1377 4969; x_wconf 87' lang='lat' dir='ltr'><strong>mandati,</strong></span> <span class='ocrx_word' id='word_1_711' title='bbox 1408 4904 1726 4967; x_wconf 86' lang='lat' dir='ltr'><strong>testimonii,</strong></span> <span class='ocrx_word' id='word_1_712' title='bbox 1780 4902 2266 4973; x_wconf 81' lang='lat' dir='ltr'><strong>justitiae,judicii,</strong></span> <span class='ocrx_word' id='word_1_713' title='bbox 2305 4912 2437 4968; x_wconf 92' lang='lat' dir='ltr'><strong>etc.,</strong></span> <span class='ocrx_word' id='word_1_714' title='bbox 2492 4904 2716 4959; x_wconf 76' lang='lat' dir='ltr'><strong>vocibus</strong></span> <span class='ocrx_word' id='word_1_715' title='bbox 2747 4905 3070 4959; x_wconf 83' lang='lat' dir='ltr'><strong>declaratur.</strong></span> <span class='ocrx_word' id='word_1_716' title='bbox 3133 4922 3151 4955; x_wconf 72' lang='grc' dir='ltr'>ι</span> <span class='ocrx_word' id='word_1_717' title='bbox 3193 4904 3317 4959; x_wconf 71' lang='lat' dir='ltr'><strong>Hzec</strong></span> <span class='ocrx_word' id='word_1_718' title='bbox 3353 4921 3483 4974; x_wconf 85' lang='lat' dir='ltr'><strong>ergo</strong></span> <span class='ocrx_word' id='word_1_719' title='bbox 3506 4907 3739 4977; x_wconf 80' lang='lat' dir='ltr'><strong>singula</strong></span> 
     </span>
    </p>
   </div>
   <div class='ocr_carea' id='block_1_52' title="bbox 478 4997 3737 5072">
    <p class='ocr_par' dir='ltr' id='par_1_52' title="bbox 478 4997 3737 5072">
     <span class='ocr_line' id='line_1_52' title="bbox 478 4997 3737 5072; baseline 0.001 -17"><span class='ocrx_word' id='word_1_720' title='bbox 478 5004 677 5072; x_wconf 85' lang='lat' dir='ltr'><strong>(inquit</strong></span> <span class='ocrx_word' id='word_1_721' title='bbox 700 5002 886 5057; x_wconf 89' lang='lat' dir='ltr'><strong>eadem</strong></span> <span class='ocrx_word' id='word_1_722' title='bbox 918 4997 1186 5070; x_wconf 86' lang='lat' dir='ltr'><strong>homilia),</strong></span> <span class='ocrx_word' id='word_1_723' title='bbox 1217 5013 1338 5067; x_wconf 72' lang='lat' dir='ltr'><strong>qua:</strong></span> <span class='ocrx_word' id='word_1_724' title='bbox 1371 5012 1712 5067; x_wconf 90' lang='lat' dir='ltr'><strong>nequaquam</strong></span> <span class='ocrx_word' id='word_1_725' title='bbox 1757 5004 2058 5050; x_wconf 86' lang='lat' dir='ltr'><strong>secundum</strong></span> <span class='ocrx_word' id='word_1_726' title='bbox 2107 4997 2342 5050; x_wconf 87' lang='lat' dir='ltr'><strong>litteram</strong></span> <span class='ocrx_word' id='word_1_727' title='bbox 2393 4998 2733 5052; x_wconf 87' lang='lat' dir='ltr'><strong>observanda</strong></span> <span class='ocrx_word' id='word_1_728' title='bbox 2771 5014 2891 5054; x_wconf 87' lang='lat' dir='ltr'><strong>esse</strong></span> <span class='ocrx_word' id='word_1_729' title='bbox 2939 5001 3067 5053; x_wconf 87' lang='lat' dir='ltr'><strong>dicit</strong></span> <span class='ocrx_word' id='word_1_730' title='bbox 3095 5000 3405 5068; x_wconf 85' lang='lat' dir='ltr'><strong>Apostolus,</strong></span> <span class='ocrx_word' id='word_1_731' title='bbox 3472 5001 3737 5058; x_wconf 83' lang='lat' dir='ltr'><strong>invenies</strong></span> 
     </span>
    </p>
   </div>
   <div class='ocr_carea' id='block_1_53' title="bbox 476 5091 3735 5167">
    <p class='ocr_par' dir='ltr' id='par_1_53' title="bbox 476 5091 3735 5167">
     <span class='ocr_line' id='line_1_53' title="bbox 476 5091 3735 5167; baseline -0.002 -15"><span class='ocrx_word' id='word_1_732' title='bbox 476 5099 657 5152; x_wconf 86' lang='lat' dir='ltr'><strong>omnia</strong></span> <span class='ocrx_word' id='word_1_733' title='bbox 698 5099 812 5153; x_wconf 83' lang='lat' dir='ltr'><strong>fere</strong></span> <span class='ocrx_word' id='word_1_734' title='bbox 861 5096 999 5167; x_wconf 89' lang='lat' dir='ltr'><strong>apud</strong></span> <span class='ocrx_word' id='word_1_735' title='bbox 1031 5095 1269 5167; x_wconf 75' lang='lat' dir='ltr'><strong>Moysen:</strong></span> <span class='ocrx_word' id='word_1_736' title='bbox 1292 5095 1392 5150; x_wconf 91' lang='lat' dir='ltr'><strong>sub</strong></span> <span class='ocrx_word' id='word_1_737' title='bbox 1448 5094 1580 5166; x_wconf 84' lang='lat' dir='ltr'><strong>legis</strong></span> <span class='ocrx_word' id='word_1_738' title='bbox 1635 5092 1789 5148; x_wconf 89' lang='lat' dir='ltr'><strong>titulo</strong></span> <span class='ocrx_word' id='word_1_739' title='bbox 1837 5093 2129 5162; x_wconf 86' lang='lat' dir='ltr'><strong>designari.</strong></span> <span class='ocrx_word' id='word_1_740' title='bbox 2183 5091 2302 5146; x_wconf 86' lang='lat' dir='ltr'><strong>.lam</strong></span> <span class='ocrx_word' id='word_1_741' title='bbox 2336 5106 2469 5147; x_wconf 87' lang='lat' dir='ltr'><strong>vero</strong></span> <span class='ocrx_word' id='word_1_742' title='bbox 2515 5094 2560 5146; x_wconf 90' lang='lat' dir='ltr'><strong>si</strong></span> <span class='ocrx_word' id='word_1_743' title='bbox 2618 5093 2670 5146; x_wconf 80' lang='lat' dir='ltr'><strong>in</strong></span> <span class='ocrx_word' id='word_1_744' title='bbox 2706 5109 2772 5149; x_wconf 88' lang='lat' dir='ltr'><strong>eo</strong></span> <span class='ocrx_word' id='word_1_745' title='bbox 2808 5095 2950 5163; x_wconf 83' lang='lat' dir='ltr'><strong>quod</strong></span> <span class='ocrx_word' id='word_1_746' title='bbox 2979 5093 3116 5148; x_wconf 87' lang='lat' dir='ltr'><strong>dicit</strong></span> <span class='ocrx_word' id='word_1_747' title='bbox 3149 5110 3164 5148; x_wconf 89' lang='lat'>:</span> <span class='ocrx_word' id='word_1_748' title='bbox 3204 5092 3328 5146; x_wconf 86' lang='lat' dir='ltr'><strong>Non</strong></span> <span class='ocrx_word' id='word_1_749' title='bbox 3358 5095 3581 5157; x_wconf 71' lang='lat' dir='ltr'><strong>occides,</strong></span> <span class='ocrx_word' id='word_1_750' title='bbox 3617 5109 3735 5147; x_wconf 80' lang='lat' dir='ltr'><strong>nun</strong></span> 
     </span>
    </p>
   </div>
   <div class='ocr_carea' id='block_1_54' title="bbox 475 5188 3730 5265">
    <p class='ocr_par' dir='ltr' id='par_1_54' title="bbox 475 5188 3730 5265">
     <span class='ocr_line' id='line_1_54' title="bbox 475 5188 3730 5265; baseline -0.002 -16"><span class='ocrx_word' id='word_1_751' title='bbox 475 5196 799 5250; x_wconf 79' lang='lat' dir='ltr'><strong>adulterium</strong></span> <span class='ocrx_word' id='word_1_752' title='bbox 829 5195 1015 5265; x_wconf 79' lang='lat' dir='ltr'><strong>facies,</strong></span> <span class='ocrx_word' id='word_1_753' title='bbox 1041 5210 1144 5249; x_wconf 84' lang='lat' dir='ltr'><strong>non</strong></span> <span class='ocrx_word' id='word_1_754' title='bbox 1170 5193 1430 5262; x_wconf 79' lang='lat' dir='ltr'><strong>furaberis</strong></span> <span class='ocrx_word' id='word_1_755' title='bbox 1453 5192 1496 5256; x_wconf 85' lang='grc'>³,</span> <span class='ocrx_word' id='word_1_756' title='bbox 1527 5200 1581 5246; x_wconf 89' lang='lat' dir='ltr'><strong>et</strong></span> <span class='ocrx_word' id='word_1_757' title='bbox 1603 5189 1813 5259; x_wconf 87' lang='lat' dir='ltr'><strong>reliqua</strong></span> <span class='ocrx_word' id='word_1_758' title='bbox 1846 5189 2178 5257; x_wconf 89' lang='lat' dir='ltr'><strong>hujusmodi,</strong></span> <span class='ocrx_word' id='word_1_759' title='bbox 2207 5202 2310 5243; x_wconf 93' lang='lat' dir='ltr'><strong>non</strong></span> <span class='ocrx_word' id='word_1_760' title='bbox 2341 5188 2584 5244; x_wconf 90' lang='lat' dir='ltr'><strong>invenies</strong></span> <span class='ocrx_word' id='word_1_761' title='bbox 2611 5190 2863 5259; x_wconf 91' lang='lat' dir='ltr'><strong>quoniam</strong></span> <span class='ocrx_word' id='word_1_762' title='bbox 2898 5188 3030 5258; x_wconf 84' lang='lat' dir='ltr'><strong>legis</strong></span> <span class='ocrx_word' id='word_1_763' title='bbox 3064 5189 3274 5242; x_wconf 90' lang='lat' dir='ltr'><strong>titulmn</strong></span> <span class='ocrx_word' id='word_1_764' title='bbox 3319 5190 3372 5243; x_wconf 88' lang='lat' dir='ltr'><strong>in</strong></span> <span class='ocrx_word' id='word_1_765' title='bbox 3408 5191 3473 5245; x_wconf 90' lang='lat' dir='ltr'><strong>iis</strong></span> <span class='ocrx_word' id='word_1_766' title='bbox 3501 5193 3730 5260; x_wconf 62' lang='lat' dir='ltr'><strong>praerni-</strong></span> 
     </span>
    </p>
   </div>
   <div class='ocr_carea' id='block_1_55' title="bbox 476 5280 3733 5358">
    <p class='ocr_par' dir='ltr' id='par_1_55' title="bbox 476 5280 3733 5358">
     <span class='ocr_line' id='line_1_55' title="bbox 476 5280 3733 5358; baseline -0.002 -15"><span class='ocrx_word' id='word_1_767' title='bbox 476 5290 629 5355; x_wconf 83' lang='lat' dir='ltr'><strong>serit,</strong></span> <span class='ocrx_word' id='word_1_768' title='bbox 660 5288 753 5344; x_wconf 89' lang='lat' dir='ltr'><strong>sed</strong></span> <span class='ocrx_word' id='word_1_769' title='bbox 799 5288 971 5358; x_wconf 86' lang='lat' dir='ltr'><strong>magis</strong></span> <span class='ocrx_word' id='word_1_770' title='bbox 1018 5287 1136 5341; x_wconf 77' lang='lat' dir='ltr'><strong>lucc</strong></span> <span class='ocrx_word' id='word_1_771' title='bbox 1179 5285 1430 5339; x_wconf 87' lang='lat' dir='ltr'><strong>mandata</strong></span> <span class='ocrx_word' id='word_1_772' title='bbox 1462 5285 1734 5346; x_wconf 82' lang='lat' dir='ltr'><strong>videntur,</strong></span> <span class='ocrx_word' id='word_1_773' title='bbox 1765 5293 1818 5337; x_wconf 93' lang='lat' dir='ltr'><strong>et</strong></span> <span class='ocrx_word' id='word_1_774' title='bbox 1843 5283 1963 5336; x_wconf 91' lang='lat' dir='ltr'><strong>ideo</strong></span> <span class='ocrx_word' id='word_1_775' title='bbox 1997 5296 2105 5335; x_wconf 88' lang='lat' dir='ltr'><strong>non</strong></span> <span class='ocrx_word' id='word_1_776' title='bbox 2139 5281 2449 5335; x_wconf 81' lang='lat' dir='ltr'><strong>exinanitur</strong></span> <span class='ocrx_word' id='word_1_777' title='bbox 2474 5282 2612 5351; x_wconf 89' lang='lat' dir='ltr'><strong>apud</strong></span> <span class='ocrx_word' id='word_1_778' title='bbox 2649 5281 2940 5350; x_wconf 82' lang='lat' dir='ltr'><strong>discipulos</strong></span> <span class='ocrx_word' id='word_1_779' title='bbox 2966 5280 3239 5351; x_wconf 88' lang='lat' dir='ltr'><strong>Evangelii</strong></span> <span class='ocrx_word' id='word_1_780' title='bbox 3287 5282 3552 5352; x_wconf 88' lang='lat' dir='ltr'><strong>scriptura</strong></span> <span class='ocrx_word' id='word_1_781' title='bbox 3592 5289 3733 5346; x_wconf 81' lang='lat' dir='ltr'><strong>ista,</strong></span> 
     </span>
    </p>
   </div>
   <div class='ocr_carea' id='block_1_56' title="bbox 478 5370 3737 5449">
    <p class='ocr_par' dir='ltr' id='par_1_56' title="bbox 478 5370 3737 5449">
     <span class='ocr_line' id='line_1_56' title="bbox 478 5370 3737 5449; baseline 0.001 -16"><span class='ocrx_word' id='word_1_782' title='bbox 478 5380 572 5437; x_wconf 77' lang='lat' dir='ltr'><strong>sed</strong></span> <span class='ocrx_word' id='word_1_783' title='bbox 614 5379 961 5449; x_wconf 88' lang='lat' dir='ltr'><strong>adimpletur,</strong></span> <span class='ocrx_word' id='word_1_784' title='bbox 988 5378 1134 5446; x_wconf 86' lang='lat' dir='ltr'><strong>quia,</strong></span> <span class='ocrx_word' id='word_1_785' title='bbox 1162 5376 1378 5441; x_wconf 82' lang='lat' dir='ltr'><strong>utdixi,</strong></span> <span class='ocrx_word' id='word_1_786' title='bbox 1410 5391 1516 5429; x_wconf 90' lang='lat' dir='ltr'><strong>non</strong></span> <span class='ocrx_word' id='word_1_787' title='bbox 1559 5374 1896 5438; x_wconf 88' lang='lat' dir='ltr'><strong>mandatum,</strong></span> <span class='ocrx_word' id='word_1_788' title='bbox 1935 5371 2031 5425; x_wconf 88' lang='lat' dir='ltr'><strong>sed</strong></span> <span class='ocrx_word' id='word_1_789' title='bbox 2058 5372 2142 5426; x_wconf 77' lang='lat' dir='ltr'><strong>lex</strong></span> <span class='ocrx_word' id='word_1_790' title='bbox 2173 5371 2375 5426; x_wconf 89' lang='lat' dir='ltr'><strong>dicitur</strong></span> <span class='ocrx_word' id='word_1_791' title='bbox 2427 5373 2624 5427; x_wconf 85' lang='lat' dir='ltr'><strong>habere</strong></span> <span class='ocrx_word' id='word_1_792' title='bbox 2655 5370 2901 5425; x_wconf 87' lang='lat' dir='ltr'><strong>umbram</strong></span> <span class='ocrx_word' id='word_1_793' title='bbox 2949 5374 3254 5428; x_wconf 81' lang='lat' dir='ltr'><strong>futurorum</strong></span> <span class='ocrx_word' id='word_1_794' title='bbox 3316 5377 3602 5431; x_wconf 88' lang='lat' dir='ltr'><strong>bonorum.</strong></span> <span class='ocrx_word' id='word_1_795' title='bbox 3653 5379 3737 5437; x_wconf 76' lang='lat' dir='ltr'><strong>Et</strong></span> 
     </span>
    </p>
   </div>
   <div class='ocr_carea' id='block_1_57' title="bbox 478 5463 3735 5541">
    <p class='ocr_par' dir='ltr' id='par_1_57' title="bbox 478 5463 3735 5541">
     <span class='ocr_line' id='line_1_57' title="bbox 478 5463 3735 5541; baseline -0.001 -14"><span class='ocrx_word' id='word_1_796' title='bbox 478 5474 599 5528; x_wconf 87' lang='lat' dir='ltr'><strong>ideo</strong></span> <span class='ocrx_word' id='word_1_797' title='bbox 629 5472 741 5527; x_wconf 74' lang='lat' dir='ltr'><strong>ha-c</strong></span> <span class='ocrx_word' id='word_1_798' title='bbox 771 5470 926 5526; x_wconf 64' lang='lat' dir='ltr'><strong>nobis</strong></span> <span class='ocrx_word' id='word_1_799' title='bbox 952 5470 1246 5525; x_wconf 89' lang='lat' dir='ltr'><strong>secundum</strong></span> <span class='ocrx_word' id='word_1_800' title='bbox 1277 5469 1515 5523; x_wconf 86' lang='lat' dir='ltr'><strong>litteram</strong></span> <span class='ocrx_word' id='word_1_801' title='bbox 1545 5465 1897 5522; x_wconf 88' lang='lat' dir='ltr'><strong>custodienda</strong></span> <span class='ocrx_word' id='word_1_802' title='bbox 1925 5473 2076 5520; x_wconf 89' lang='lat' dir='ltr'><strong>sunt.</strong></span> <span class='ocrx_word' id='word_1_803' title='bbox 2103 5463 2240 5531; x_wconf 88' lang='lat' dir='ltr'><strong>Quid</strong></span> <span class='ocrx_word' id='word_1_804' title='bbox 2270 5480 2406 5536; x_wconf 88' lang='lat' dir='ltr'><strong>opus</strong></span> <span class='ocrx_word' id='word_1_805' title='bbox 2434 5475 2516 5522; x_wconf 87' lang='lat' dir='ltr'><strong>est</strong></span> <span class='ocrx_word' id='word_1_806' title='bbox 2545 5467 2599 5521; x_wconf 91' lang='lat' dir='ltr'><strong>in</strong></span> <span class='ocrx_word' id='word_1_807' title='bbox 2631 5464 2719 5541; x_wconf 73' lang='lat' dir='ltr'><strong>his</strong></span> <span class='ocrx_word' id='word_1_808' title='bbox 2744 5463 3057 5535; x_wconf 75' lang='lat' dir='ltr'><strong>allegoriam</strong></span> <span class='ocrx_word' id='word_1_809' title='bbox 3088 5480 3354 5536; x_wconf 61' lang='lat' dir='ltr'><strong>quaerere,</strong></span> <span class='ocrx_word' id='word_1_810' title='bbox 3414 5484 3538 5525; x_wconf 85' lang='lat' dir='ltr'><strong>cuni</strong></span> <span class='ocrx_word' id='word_1_811' title='bbox 3586 5475 3735 5527; x_wconf 62' lang='lat' dir='ltr'><strong>adi.-</strong></span> 
     </span>
    </p>
   </div>
   <div class='ocr_carea' id='block_1_58' title="bbox 551 5647 2217 5730">
    <p class='ocr_par' dir='ltr' id='par_1_58' title="bbox 551 5647 2217 5730">
     <span class='ocr_line' id='line_1_58' title="bbox 551 5647 2217 5730; baseline -0.001 -22"><span class='ocrx_word' id='word_1_812' title='bbox 551 5653 570 5686; x_wconf 82' lang='grc'><strong><em>⁸</em></strong></span> <span class='ocrx_word' id='word_1_813' title='bbox 608 5652 773 5710; x_wconf 77' lang='lat' dir='ltr'><strong>llehr.</strong></span> <span class='ocrx_word' id='word_1_814' title='bbox 810 5668 928 5730; x_wconf 65' lang='lat' dir='ltr'><strong>vin,</strong></span> <span class='ocrx_word' id='word_1_815' title='bbox 962 5651 1017 5709; x_wconf 85' lang='lat'><strong>5.</strong></span> <span class='ocrx_word' id='word_1_816' title='bbox 1091 5652 1110 5684; x_wconf 87' lang='grc'>¹</span> <span class='ocrx_word' id='word_1_817' title='bbox 1140 5650 1308 5706; x_wconf 89' lang='lat' dir='ltr'><strong>Hebr.</strong></span> <span class='ocrx_word' id='word_1_818' title='bbox 1350 5665 1407 5716; x_wconf 73' lang='grc' dir='ltr'><strong>χ,</strong></span> <span class='ocrx_word' id='word_1_819' title='bbox 1444 5650 1496 5708; x_wconf 90' lang='grc'><strong>1.</strong></span> <span class='ocrx_word' id='word_1_820' title='bbox 1573 5647 1791 5724; x_wconf 65' lang='grc' dir='ltr'><strong>³1Ξιοό.</strong></span> <span class='ocrx_word' id='word_1_821' title='bbox 1821 5662 1913 5718; x_wconf 79' lang='lat' dir='ltr'><strong>xx,</strong></span> <span class='ocrx_word' id='word_1_822' title='bbox 1948 5648 2019 5703; x_wconf 75' lang='lat' dir='ltr'><strong>i5</strong></span> <span class='ocrx_word' id='word_1_823' title='bbox 2064 5664 2217 5722; x_wconf 79' lang='lat' dir='ltr'><strong>seqq.</strong></span> 
     </span>
    </p>
   </div>
  </div>
