4000 6146
357 276 423 344 13
1560 260 1565 267 ’
1589 268 1937 342 PREFATH

2005 286 2088 342 AD
2122 286 2284 343 TOM.
2318 287 2388 342 11.
3515 284 3585 350 Η

352 403 470 456 ﬁcet
492 383 649 453 etiam
678 388 895 450 littera?
921 381 1277 450 Ostendimus
1312 408 1444 462 ergo
1474 398 1722 463 qumdam
1754 410 1877 451 esse
1905 397 2271 466 quaomnino
2312 412 2421 452 non
2486 406 2613 453 sunt
2665 403 2929 456 SerVanda
2985 393 3280 457 secandum
3340 406 3582 461 litteram

351 498 498 566 legis,
521 507 573 551 et
597 512 718 550 esse
752 495 994 562 quaedam
1023 506 1142 560 qua:
1169 491 1427 560 allegoria
1460 492 1672 560 penitus
1723 492 2010 546 immutare
2037 507 2144 546 non
2190 492 2370 557 debet,
2400 494 2496 547 sed
2526 495 2750 550 omnino
2802 496 2877 550 ita
2932 505 2992 551 ut
3041 497 3337 566 Scriptura:
3395 502 3461 555 de
3517 502 3587 558 iis

349 593 642 655 cuntinent,
677 584 1016 643 observanda
1042 596 1188 641 sunt.
1231 585 1383 641 Nunc
1418 586 1655 657 requiro,
1696 590 1739 640 si
1794 596 1918 642 sunt
1952 587 2133 656 aliqua
2165 603 2287 655 quae
2315 597 2371 644 et
2409 591 2706 644 secundum
2747 591 2983 647 litteram
3029 594 3246 663 quidem
3279 605 3424 650 stare
3456 610 3585 667 posa

348 691 490 747 sunt,
523 680 826 735 necesSario
853 688 1030 733 tamen
1064 680 1119 733 in
1151 679 1235 733 eis
1262 677 1518 748 allegoria
1561 679 1907 748 requirenda.
1939 699 1959 732 ι
1992 681 2330 749 Argumenta
2369 691 2452 735 est
2480 682 2527 735 ei
2559 689 2668 735 tutu
2696 682 2827 737 illud
2857 685 3001 753 quod
3032 686 3098 740 de
3129 688 3471 743 matrimonio
3502 692 3589 747 dia

347 791 483 836 ctum
514 792 672 846 esuet
695 781 762 833 ad
791 776 975 836 Jesutn
1004 790 1167 849 atque
1193 779 1493 833 Ecclesiam
1522 780 1591 832 ab
1625 779 1883 847 Apostolo
1905 778 2159 844 refertur,
2197 788 2310 833 tam
2344 780 2569 834 historia
2601 780 2788 836 lsmael
2815 788 2869 836 et
2911 783 3080 848 lsaac,
3130 785 3276 854 Agar
3299 795 3352 839 et
3408 784 3582 853 Sarae,

346 876 461 947 una:
488 870 775 945 allegorice
810 876 875 929 ab
896 876 1088 930 eodem
1116 873 1373 945 Apostolo
1401 877 1695 944 exponitur
1724 894 1736 927 :
1768 885 1880 929 tum
1925 874 2106 930 subdit
2141 892 2155 927 :
2201 888 2220 923 ι
2258 870 2630 942 Ostendimus,
2660 882 2719 931 ut
2752 879 2970 946 opinor,
3019 881 3347 937 auctoritate
3389 882 3586 938 divinat

346 970 655 1036 Scriptores,
686 986 753 1026 ex
781 970 850 1025 iis
878 986 997 1040 quae
1035 971 1086 1024 in
1119 971 1237 1040 lege
1259 972 1460 1038 scripta
1497 980 1647 1034 sunt,
1672 970 1849 1040 aliqua
1881 966 2099 1038 penitus
2124 971 2443 1041 refugienda
2469 986 2611 1036 esse,
2638 982 2691 1026 et
2717 974 2977 1037 caVenda,
3010 990 3078 1030 ne
3108 978 3404 1031 secundum
3436 975 3583 1036 linea

345 1062 451 1112 r'atn
480 1060 545 1112 ab
574 1060 853 1131 Evangelii
886 1062 1165 1131 discipulis
1200 1062 1592 1127 observentur;
1621 1063 1865 1130 quredaan
1891 1068 2021 1115 vero
2057 1063 2369 1116 cinnitnode
2396 1073 2451 1116 ut
2490 1064 2687 1132 scripta
2735 1073 2863 1119 sunt
2899 1065 3186 1120 obtinenda
3219 1083 3235 1133 ;
3263 1068 3367 1122 alia
3405 1079 3585 1124 antem

342 1153 535 1207 habere
558 1153 779 1221 quidem
810 1156 1105 1209 secundum
1143 1155 1383 1209 litteram
1411 1155 1697 1208 veritatem
1727 1155 1834 1219 sui,
1870 1154 2110 1219 recipere
2139 1164 2318 1210 tamen
2355 1157 2558 1209 utiliter
2599 1168 2654 1211 et
2705 1158 3012 1212 neceSSario
3037 1159 3199 1212 etiam
3227 1160 3581 1231 allegoricunt

340 1260 569 1299 sensum.
610 1245 729 1299 Erit
762 1260 893 1314 ergo
919 1246 1029 1316 jatn
1052 1246 1308 1314 sapientis
1330 1244 1522 1300 scriba:
1551 1252 1607 1298 et
1633 1246 1811 1299 edocti
1839 1246 1906 1299 de
1942 1261 2105 1313 regno
2136 1247 2248 1313 Dei,
2287 1249 2376 1315 qui
2417 1247 2556 1301 sciat
2603 1248 2670 1302 de
2720 1250 2991 1304 thesauris
3028 1250 3113 1304 bis
3144 1251 3391 1320 proferre
3443 1268 3581 1311 nova

336 1350 390 1391 et
418 1347 598 1391 vetera
620 1381 636 1405 ,
664 1338 805 1390 scire
821 1338 1089 1405 quomodo
1122 1339 1175 1392 in
1216 1350 1541 1407 unoquoque
1578 1337 1699 1392 loco
1732 1336 2030 1406 Scriptura:
2057 1351 2150 1392 aut
2174 1337 2394 1405 abjiciat
2423 1341 2635 1407 penitus
2662 1341 2998 1396 Occidentem
3031 1340 3288 1407 litteram.
3324 1356 3415 1401 aut
3437 1363 3574 1402 con-

336 1427 843 1484 ﬁrmetomnimode
871 1440 929 1483 ut
968 1423 1265 1492 utilem,ac
1329 1431 1691 1485 necessariam
1726 1431 1918 1500 probet
1941 1431 2133 1485 litterae
2172 1432 2507 1496 doctrinam;
2548 1438 2660 1496 aut,
2707 1444 2960 1488 manente
2986 1434 3236 1501 hlstotia,
3272 1446 3579 1507 opportuna

337 1529 391 1574 et
418 1519 674 1574 decenter
702 1522 1009 1577 introducat
1049 1523 1212 1577 etiam
1245 1523 1536 1594 mysticum
1570 1534 1849 1578 sensum.»
1886 1514 1952 1578 Et
1986 1527 2176 1594 paucis
2205 1526 2543 1595 interjcctis:
2576 1544 2594 1577 ι
2625 1521 2793 1595 lgitbr
2819 1538 2886 1582 ex
2916 1528 3000 1581 his
3055 1534 3174 1597 qtue
3234 1532 3577 1599 protulimus,

335 1616 534 1686 paucis,
562 1618 606 1670 si
634 1618 727 1684 qui
768 1622 894 1672 sunt
940 1620 1167 1675 studiosi
1204 1620 1256 1673 in
1285 1618 1582 1688 Scripturis
1604 1619 1820 1683 divinis,
1863 1618 2119 1689 perfacile
2149 1620 2398 1685 colligere
2426 1630 2675 1689 poterunt
2697 1622 2862 1675 etiam
2908 1630 3233 1676 cieterorum
3266 1625 3579 1680 distinctius

335 1727 446 1767 nes.
482 1711 714 1782 Sapiens
738 1708 882 1768 enim
909 1715 954 1770 si
992 1715 1196 1779 audiat,
1225 1716 1426 1784 inquit,
1463 1717 1710 1780 verbum,
1739 1726 1844 1771 nun
1879 1716 2054 1769 solmn
2082 1716 2343 1781 laudabit,
2369 1720 2466 1772 sed
2497 1729 2552 1770 et
2584 1717 2800 1787 adjiciet
2829 1716 2900 1770 ad
2933 1716 3084 1770 illud.
3125 1715 3263 1782 Quid
3308 1716 3525 1785 adiiciet
3553 1708 3582 1775 τ

335 1807 401 1863 Ut
424 1810 679 1865 discutiat
704 1821 759 1866 et
783 1812 1057 1867 discernat
1080 1814 1133 1867 in
1157 1812 1388 1882 singulis
1417 1812 1719 1881 quibusque
1743 1810 1999 1881 capitulis
2032 1812 2190 1882 legis,
2222 1812 2310 1865 ubi
2396 1806 2650 1883 fugienda
2680 1808 2752 1866 sit
2787 1811 2921 1882 legis
2959 1812 3137 1867 littera
3164 1851 3181 1875 ,
3226 1814 3317 1866 ubi
3369 1813 3575 1883 ample:

341 1904 554 1971 ctenda,
588 1900 684 1960 ubi
723 1906 884 1961 etiam
920 1907 1158 1962 narratio
1190 1907 1431 1962 historiae
1458 1923 1582 1962 cum
1625 1908 1852 1979 mystica
1893 1909 2230 1977 expositione
2258 1909 2563 1963 conveniat.
2602 1907 2852 1962 Christus
2889 1907 3033 1961 enim
3069 1921 3171 1961 nos
3221 1908 3452 1962 redemit
3506 1906 3580 1964 de

324 1993 616 2049 maledicto
639 1992 792 2067 legis,
822 2014 927 2053 non
964 2014 1063 2053 nos
1093 1997 1325 2054 redemit
1363 2000 1431 2053 de
1454 1996 1740 2054 maledicto
1773 1999 2032 2064 mandati,
2078 2015 2175 2053 nec
2204 2003 2271 2054 de
2300 2000 2583 2054 maledicto
2609 1999 2925 2063 testimonii,
2964 2014 3066 2053 nec
3088 2000 3155 2054 de
3177 2000 3461 2054 maledicto
3488 1992 3578 2070 jtt-n

323 2081 610 2150 diciorum.
637 2090 729 2143 sed
761 2092 827 2144 de
862 2084 1152 2146 maledicto
1190 2090 1356 2160 legis;
1387 2092 1440 2145 id
1461 2100 1566 2156 est,
1597 2106 1664 2145 ne
1690 2091 1920 2160 subjecti
1945 2105 2191 2145 essemus
2219 2091 2620 2147 circmnclsioni
2650 2091 2857 2153 carnis,
2891 2096 2991 2145 nec
3029 2090 3397 2145 observationi
3432 2090 3574 2148 Saba

324 2178 566 2234 batorutn
588 2221 604 2246 ,
635 2177 861 2253 aliisque
887 2180 1074 2238 horum
1097 2185 1389 2253 similibus,
1416 2201 1535 2256 qua:
1564 2202 1671 2241 tton
1703 2186 1757 2240 in
1792 2186 2080 2250 mandatis.
2117 2188 2209 2241 sed
2235 2188 2288 2240 in
2322 2187 2444 2255 lege
2466 2188 2722 2242 discenda
2752 2198 2884 2241 sunt
2915 2186 3241 2241 contineri.»
3277 2186 3357 2241 Ex
3380 2188 3573 2242 borum

322 2275 710 2344 principiorum
743 2272 882 2331 serie
909 2272 1190 2348 Origenes,
1215 2279 1431 2347 quando
1462 2276 1785 2333 accuratum
1807 2280 1873 2333 de
1915 2279 2146 2348 mystico
2187 2294 2347 2334 sensu
2376 2281 2576 2335 habere
2616 2279 2728 2333 vult
2757 2294 3090 2342 sermonem,
3135 2279 3361 2333 vocibus
3402 2281 3574 2332 utitur

318 2367 470 2420 valde
494 2370 786 2432 restrictis.
814 2380 871 2423 ut
897 2362 1020 2424 cum
1048 2371 1271 2426 bomilia
1308 2371 1496 2439 quinta
1534 2372 1586 2424 in
1613 2370 1914 2425 Leviticum
1954 2371 2030 2424 ait
2054 2371 2393 2438 Scripturam
2430 2389 2448 2422 ι
2493 2371 2739 2440 quaedam
2767 2371 2821 2424 in
2861 2384 2924 2425 se
2949 2370 3195 2425 caalestia
3229 2370 3566 2435 cctttittere,r

317 2464 372 2514 et
394 2459 485 2518 lib.
513 2474 571 2516 tv
585 2458 665 2515 De
693 2464 987 2533 principiis,
1024 2481 1043 2514 ‹
1078 2463 1512 2532 dispensationes
1537 2464 1798 2532 quasdam
1830 2462 2086 2531 mysticus
2113 2460 2340 2516 indicari
2371 2476 2467 2528 per
2498 2462 2865 2528 Scripturasa

1021 2580 1213 2635 Alme.
1253 2577 1340 2635 Ill.
1374 2592 1440 2632 DE
1466 2586 1759 2632 U'l‘lLl'l‘ATE
1798 2593 1867 2631 ετ
1900 2580 2253 2629 ιιιιιεετωτιλ
2289 2576 2479 2628 sessus
2517 2578 2861 2632 Lt'r‘renscts.

384 2692 467 2751 Ex
503 2696 741 2767 Origene
770 2696 863 2752 lib.
890 2712 942 2751 IV
970 2696 1045 2751 De
1070 2696 1365 2767 principiis,
1397 2709 1548 2749 num.
1581 2693 1672 2767 12,
1700 2691 1992 2746 litteraletn
2028 2705 2250 2745 sensum
2287 2704 2305 2739 t
2344 2690 2507 2743 etiam
2536 2702 2632 2758 per
2656 2704 2714 2743 se
2744 2688 2929 2744 utilem
2954 2699 3075 2744 esse
3123 2700 3302 2758 posse,
3336 2690 3571 2748 testatur

313 2801 505 2843 eorum
535 2764 820 2845 multitudo
851 2791 942 2859 qui
977 2764 1210 2860 ingenue
1246 2797 1302 2843 et
1321 2764 1646 2857 simpliciter
1670 2784 2048 2839 crediderunt.
2088 2800 2110 2833 ι
2152 2779 2354 2834 Ibidem
2384 2781 2483 2835 sub
2509 2779 2670 2833 linem
2702 2794 2852 2835 num.
2889 2769 2976 2843 ll,
3008 2791 3296 2850 postquam
3327 2779 3573 2850 singula-

316 2881 409 2936 tim
443 2886 726 2939 enarravit
757 2885 810 2939 in
840 2899 950 2954 quo
992 2884 1244 2939 litteralis
1274 2898 1471 2937 sensus
1507 2880 1795 2946 consistat,
1819 2879 1896 2934 sic
1919 2875 2197 2932 concludit
2224 2894 2238 2930 :
2270 2896 2288 2928 ι
2316 2876 2372 2929 Id
2400 2876 2542 2929 enim
2562 2876 2890 2945 propositum
2920 2876 3038 2939 fuit,
3067 2885 3123 2929 ut
3148 2878 3322 2945 ipsum
3350 2883 3572 2946 quoque

311 2976 687 3044 spiritualium
721 2978 1124 3037 indumentum,
1159 2976 1213 3029 id
1244 2984 1347 3037 est,
1373 2974 1516 3044 quod
1549 2975 1600 3027 in
1634 2972 1933 3041 Scripturis
1962 2985 2284 3038 corporeum
2319 2975 2424 3029 est.
2464 2968 2516 3021 in
2550 2969 2733 3021 multis
2766 2986 2868 3022 non
2894 2967 2963 3022 sit
2995 2969 3203 3030 inutile,
3240 2971 3333 3024 sed
3368 2971 3569 3027 multo!

309 3071 515 3138 possit,
551 3080 815 3137 quanttnn
847 3084 1079 3138 capaces
1104 3080 1252 3130 sunt,
1277 3068 1528 3123 meliores
1573 3066 1809 3119 edicere.
1851 3082 1868 3113 ι
1904 3061 2103 3116 Eodem
2141 3060 2256 3114 fere
2297 3061 2455 3113 modo
2484 3059 2643 3113 diluit
2664 3059 2804 3113 Celsi
2835 3059 3133 3115 calumnias
3159 3059 3254 3114 lib.
3286 3076 3338 3114 tv
3369 3072 3565 3119 centra

310 3162 695 3231 impudentem
757 3162 904 3215 illmn
962 3161 1325 3230 Epicureum,
1363 3175 1510 3212 num.
1533 3157 1603 3212 49
1646 3177 1660 3211 :
1699 3176 1716 3207 ι
1755 3155 1907 3221 Quod
1958 3153 2003 3209 si
2055 3152 2295 3222 legisset,
2341 3152 2535 3220 inquit,
2592 3162 2804 3206 nostras
2870 3166 3027 3221 aequo
3085 3154 3266 3208 animo
3320 3153 3568 3223 Scriptu-

311 3270 427 3316 ras,
462 3271 568 3308 non
603 3255 827 3309 dixisset
856 3255 1040 3324 utique
1065 3270 1152 3308 eas
1181 3270 1283 3307 non
1308 3268 1459 3319 posse
1489 3250 1802 3320 allegoriam
1847 3249 1982 3317 pati.
2038 3246 2224 3315 Neque
2253 3245 2396 3299 enim
2431 3258 2496 3298 ex
2527 3245 2749 3298 historia
2781 3244 2915 3313 ipsa,
2946 3244 3041 3299 sed
3074 3259 3141 3298 ex
3178 3247 3480 3315 prophetiis
3510 3250 3565 3303 itl

307 3348 517 3416 quibus
541 3346 777 3400 historiae
811 3356 1118 3409 narrantur,
1140 3358 1471 3414 cognoscere
1502 3353 1584 3396 est
1614 3356 1736 3408 qua:
1766 3342 1875 3394 sint
1903 3339 2163 3403 bismriaa,
2205 3352 2327 3407 quae
2352 3351 2418 3391 eo
2449 3339 2553 3390 line
2584 3335 2799 3404 scriptae
2821 3346 2947 3390 sunt
3004 3344 3059 3390 ut
3084 3336 3357 3407 allegoriis
3382 3340 3562 3407 explia

306 3449 577 3495 carentur
610 3459 625 3495 :
654 3442 796 3509 quod
820 3442 1221 3509 sapientissime
1254 3440 1531 3508 provisum
1560 3445 1666 3500 est,
1715 3445 1774 3488 ut
1826 3442 1880 3487 et
1930 3432 2159 3500 simplici
2196 3429 2433 3485 fidelium
2466 3428 2644 3497 vulgo,
2672 3438 2727 3482 et
2756 3428 2823 3482 iis
2853 3428 3042 3496 paucis
3075 3424 3566 3500 convenirent,qui

307 3551 401 3592 res
434 3537 604 3589 altius
627 3508 680 3590 et
716 3538 1010 3604 prudenter
1037 3533 1272 3586 scrutari
1307 3530 1526 3592 vellent,
1557 3539 1653 3581 aut
1687 3534 1970 3596 possent.)
2002 3525 2065 3577 Et
2094 3522 2230 3576 libro
2264 3523 2456 3589 primo,
2492 3536 2640 3572 nunt.
2676 3508 2735 3572 l8
2770 3536 2785 3572 :
2820 3540 2837 3571 ι
2870 3522 3000 3589 Age,
3045 3520 3221 3584 Celse,
3275 3522 3459 3590 profer
3506 3523 3563 3578 iu

311 3630 550 3683 medium
576 3629 720 3692 Lini,
754 3625 959 3690 Musaei,
985 3623 1185 3691 Orphei
1219 3632 1494 3693 poemata,
1524 3630 1579 3675 et
1612 3620 1936 3690 Pberecydis
1989 3617 2286 3672 historiam.
2319 3613 2584 3680 Compara
2622 3613 2736 3665 luec
2768 3613 2970 3681 scripta
3031 3628 3154 3666 cum
3188 3612 3387 3684 Moysis
3423 3616 3561 3685 legi-1

311 3725 431 3789 bus,
473 3722 693 3776 illorum
718 3720 974 3775 historias
1007 3734 1129 3772 cum
1158 3717 1274 3785 ejus
1304 3716 1572 3780 historiis,
1605 3713 1844 3769 murales
1869 3712 2082 3765 illorum
2131 3707 2350 3778 regulas
2384 3722 2507 3762 cum
2551 3703 2667 3773 ejus
2699 3705 2912 3774 legibus
2943 3715 2998 3760 et
3022 3707 3326 3776 praeceptis.
3358 3706 3558 3762 Cousi-s

310 3816 442 3872 dera
470 3825 593 3870 utra
617 3815 728 3870 sola
754 3815 985 3869 lectione
1006 3813 1284 3866 auditores
1315 3826 1345 3863 a
1381 3808 1530 3863 vitiis
1561 3820 1820 3868 avocare,
1847 3813 1967 3858 utra
1987 3802 2038 3856 in
2063 3816 2287 3871 pravum
2316 3799 2571 3853 indurare
2609 3798 2778 3867 magis
2805 3790 3044 3851 valeant.
3072 3798 3135 3852 Et
3164 3799 3351 3853 animo
3380 3810 3559 3855 tecum

309 3908 488 3977 cogita
531 3916 655 3961 tuos
684 3905 805 3959 illos
835 3905 1127 3971 scriptores
1157 3900 1358 3954 nullam
1390 3912 1527 3966 pene
1568 3896 1874 3963 vulgarium
1917 3893 2178 3947 lectorum
2236 3889 2492 3943 habuisse
2542 3889 2834 3951 rationem,
2880 3888 2972 3941 sed
3012 3902 3167 3941 suam
3211 3877 3277 3942 iis
3321 3882 3453 3943 solis
3506 3891 3567 3944 ut

314 3974 478 4054 vocas
505 3999 897 4069 philosophiam
932 3994 1240 4064 scripsisse,
1268 3993 1360 4062 qui
1396 3988 1714 4059 tropologiis
1744 3987 1893 4040 illam
1937 3984 2326 4055 allegoriisque
2367 3982 2713 4069 interpretari
2757 3981 2977 4034 scirent.
3009 3982 3079 4034 At
3132 3980 3347 4051 Moyses
3420 3974 3569 4037 haud

311 4110 473 4149 secus
500 4063 566 4147 ac
593 4063 851 4147 strenuus
878 4063 1087 4153 orator,
1120 4088 1215 4158 qui
1247 4088 1481 4156 aliquam
1514 4082 1732 4137 dicendi
1767 4080 1997 4151 figuram
2033 4077 2327 4132 meditatus
2363 4075 2568 4129 nullum
2605 4063 2830 4128 verbum
2865 4074 3070 4142 profert
3097 4075 3245 4144 quod
3287 4076 3557 4146 duplicem

312 4202 537 4242 sensum
567 4187 766 4240 habere
802 4201 907 4239 non
939 4184 1131 4253 possit,
1175 4182 1226 4236 in
1257 4180 1371 4235 suis
1396 4177 1636 4245 quinque
1662 4172 1815 4228 libris
1848 4172 2094 4227 eamdem
2129 4168 2441 4225 observavit
2464 4166 2703 4237 regulam
2734 4206 2749 4230 ,
2797 4166 2868 4219 ita
2905 4179 2963 4219 ut
3002 4182 3172 4235 neque
3234 4168 3570 4223 multitudini

309 4280 623 4336 Judaeorum
644 4283 736 4352 qui
767 4280 884 4348 ejus
915 4278 1124 4348 legibus
1154 4274 1506 4344 regebantur,
1538 4266 1752 4323 dederit
1783 4266 1837 4319 in
1874 4265 2115 4319 moribus
2140 4261 2401 4331 peccandi
2451 4260 2663 4324 locum;
2706 4270 2880 4329 neque
2912 4257 3289 4329 sagacioribits
3332 4254 3562 4313 lectorié

312 4378 416 4433 bus
444 4377 540 4446 qui
579 4351 682 4428 rari
707 4385 854 4439 sunt,
892 4368 1324 4439 legislaturisque
1353 4365 1693 4418 voluntatem
1723 4361 1979 4428 indagare
2006 4356 2336 4422 volentibus,
2368 4354 2558 4409 altiora
2590 4352 2969 4423 perscr’utandi
3002 4351 3225 4404 materia
3261 4351 3510 4405 defuerit.
3538 4370 3557 4401 ι

312 4474 377 4527 Ει
406 4443 608 4526 iterum
642 4467 736 4520 lib.
767 4482 838 4530 Iv,
872 4480 1022 4518 num.
1047 4462 1118 4517 50
1148 4478 1165 4515 :
1203 4478 1221 4512 ί
1249 4456 1609 4528 lneptissima,
1644 4454 1843 4523 inquit,
1875 4450 1983 4505 imo
2014 4449 2192 4519 potius
2250 4448 2411 4517 impia
2441 4463 2558 4515 qme
2597 4446 2767 4501 Graaci
2818 4444 3038 4499 fabulati
3074 4454 3220 4499 sunt.
3249 4443 3441 4498 Nestra
3468 4454 3569 4496 att-

316 4578 423 4621 tem
448 4566 614 4619 etiam
642 4561 1029 4631 simpliciorum
1053 4552 1386 4610 multitudini
1402 4558 1552 4606 -sunt
1589 4545 1997 4603 accommodata
2036 4560 2051 4599 t
2091 4542 2190 4596 sed
2220 4540 2380 4608 hujus
2419 4540 2598 4609 captui
2626 4554 2683 4628 se
2728 4546 3096 4605 attemperare
3132 4550 3251 4631 non
3305 4537 3569 4590 curarunt

314 4661 629 4716 Graecarum
672 4626 979 4707 fabularum
1004 4659 1276 4705 auctores.
1313 4645 1467 4702 Unde
1496 4661 1601 4699 non
1635 4642 1909 4697 immerito
1941 4655 1970 4696 e
1994 4650 2091 4695 sua
2126 4639 2397 4710 republica
2438 4636 2589 4692 Plato
2640 4626 2856 4687 fabulas
2898 4626 3162 4701 ejusmodi
3212 4639 3267 4685 et
3312 4634 3561 4699 poemata

316 4753 664 4809 exterminat.
705 4767 726 4800 ι

622 4874 811 4923 Amic.
854 4865 940 4923 ιγ.
981 4871 1048 4921 bs
1087 4874 1284 4922 FALSIS.
1324 4870 1577 4918 usitatus
1615 4870 1791 4926 unus
1832 4864 2248 4915 turossmtuaus
2280 4862 2401 4917 ante
2436 4868 2488 4907 ut
2529 4867 2588 4906 SE
2624 4865 2895 4906 contum
2938 4852 3250 4902 scalprum.

395 4988 504 5045 lloc
537 5000 620 5043 cst
646 4988 893 5058 Origenis
922 4987 1241 5056 principium
1274 4987 1513 5039 omnium
1546 4982 1780 5037 maxime
1809 4978 2157 5049 stupendum,
2186 4976 2444 5046 quodque
2496 4971 2754 5039 majorem
2809 4983 2996 5024 secum
3047 4966 3338 5058 perniciem
3376 4963 3565 5058 affert.
3618 4994 3623 4999 -

324 5079 495 5150 Ipsum
529 5055 959 5136 ittdiscriittittate
989 5080 1055 5133 ad
1081 5094 1294 5133 omnem
1325 5078 1685 5145 Scriptorum,
1707 5073 1810 5129 hoc
1844 5081 1951 5136 est,
1971 5073 2037 5125 ad
2070 5081 2367 5136 utrumque
2400 5064 2811 5119 Testamentum
2831 5069 2884 5114 et
2916 5058 2981 5113 ad
3009 5055 3251 5125 singulas
3283 5055 3568 5123 utriusque

323 5166 654 5233 Testameuti
681 5186 885 5247 partes,
919 5177 987 5230 ad
1013 5175 1183 5245 leges,
1205 5176 1272 5228 ad
1310 5182 1598 5244 praecepta,
1631 5168 1697 5224 ad
1728 5168 2075 5223 narrationes
2104 5164 2421 5226 historicas,
2459 5168 2516 5214 et
2564 5159 2632 5212 ad
2666 5159 2814 5226 ipsas
2841 5169 3012 5225 usque
3041 5153 3355 5247 prephetias
3378 5162 3567 5206 extens

323 5274 420 5326 dit.
454 5245 720 5338 Quoniam
763 5276 894 5324 vero
939 5257 1202 5337 prolixam
1237 5255 1471 5336 postulat
1515 5255 1778 5319 articulus
1815 5261 1920 5315 iste
1972 5257 2435 5327 disquisitionem,
2484 5252 2539 5306 in
2596 5251 2779 5321 plures
2812 5245 3359 5317 illumparagrapbos
3410 5260 3563 5301 seca:

323 5368 516 5421 bimus.

325 5477 353 5545 ﬁ
392 5480 429 5532 l.
460 5478 543 5532 Ex
572 5477 798 5549 Origene
830 5476 1111 5545 Scriptura
1133 5482 1287 5526 sacra
1319 5481 1427 5549 tant
1461 5456 1600 5549 N‘ov‘:
1631 5481 1786 5549 quam
1835 5444 2687 5549 Veteris‘Testqment‘i.:s5cpizdum
2716 5444 2994 5510 interulam
3041 5462 3250 5507 sensum
3281 5447 3561 5516 intelledta,

1296 5536 1463 5593 multa
1501 5527 1654 5591 habei
1679 5536 1840 5606 falsa,
1864 5534 2096 5589 absurda
2125 5542 2167 5585 et
2196 5527 2565 5597 impossibilia.

392 5661 730 5718 Paradoxum
760 5660 889 5715 illud
923 5656 1077 5715 nobis
1109 5656 1364 5728 proponit
1391 5653 1531 5707 libro
1558 5667 1611 5706 tv
1649 5650 1721 5704 De
1751 5648 2041 5718 principiis,
2084 5660 2234 5699 num.
2271 5640 2342 5693 15
2369 5648 2424 5693 et
2452 5641 2541 5707 16,
2567 5641 2652 5697 his
2680 5636 2865 5728 verbis
2906 5659 2919 5692 :
2958 5657 2975 5692 ι
3021 5639 3283 5706 Quoniam
3319 5639 3361 5692 si
3420 5631 3555 5728 legi-9

328 5759 527 5815 utilitas
559 5771 616 5816 et
640 5760 899 5814 varietate
931 5722 1486 5813 oblectaus’ltisturia
1518 5738 1690 5805 series
1720 5738 1920 5815 tibicine
1949 5750 2008 5799 se
2048 5740 2335 5812 proderet,
2364 5748 2466 5788 non
2501 5736 2683 5803 utique
2717 5722 3137 5790 credidissemus
3198 5732 3341 5783 aliud
3403 5723 3565 5793 dum“
