4000 6146
377 232 449 286 ιδ
1658 226 1957 285 ΡΗιΕΡΑΤ

2070 231 2162 286 AD
2198 228 2362 286 TOM.
2403 184 2485 286 ιι.Δ
3585 236 3646 289 ιο

377 348 501 398 dam
540 352 739 414 praeter
772 342 831 397 id
869 340 1014 411 quod
1036 340 1257 395 obvium
1292 348 1398 406 est,
1429 342 1482 396 in
1510 339 1819 412 Scripturis
1849 342 2081 412 intelligi
2110 355 2291 411 posse;
2330 341 2538 395 idcirco
2570 338 2663 395 Dei
2688 336 2925 393 Verbum
2951 340 3003 394 in
3053 340 3172 408 lege
3207 354 3272 396 ac
3301 340 3529 396 historia
3560 355 3649 395 tn-

379 436 594 506 terponi
635 436 851 489 curavit
889 435 1214 490 oﬂ'endicula
1246 444 1303 491 et
1342 435 1701 505 impossibilia
1728 437 2006 506 quaedam,
2051 451 2116 490 ne
2145 434 2390 489 dictione
2415 434 2549 488 nihil
2570 443 2768 500 praeter
2798 432 3110 487 illecebram
3144 432 3380 489 habente
3407 434 3645 499 deliniti,

373 542 430 591 et
456 530 590 585 nihil
617 530 726 585 Deo
763 530 989 599 dignum
1009 531 1379 592 addiscentes.
1411 531 1631 587 tandem
1670 545 1699 584 a
1727 530 1999 599 dogmatis
2025 529 2365 593 recedamus,
2408 538 2500 580 aut
2552 526 2705 580 unde
2762 525 2962 581 litterae
3022 526 3236 596 penitus
3279 526 3643 590 adluerentes,

376 626 515 685 nihil
541 625 776 680 divinius
804 625 1193 696 percipiamus.
1229 624 1362 680 Illud
1396 634 1662 696 praeterea
1684 625 1969 681 sciendum
1998 634 2083 680 est
2119 643 2132 679 :
2163 624 2296 679 Cum
2329 639 2396 679 eo
2431 623 2703 694 praecipue
2731 633 2941 690 spectet
2971 622 3064 676 Dei
3105 623 3341 677 Verbum
3372 633 3431 677 ut
3480 622 3646 677 intel-

382 716 621 786 ligentia:
643 719 908 791 spiritalis
935 721 1383 789 consequentiam
1407 718 1678 774 custodiat
1713 717 1766 772 in
1803 718 1964 773 rebus
1989 719 2160 790 gestis
2187 726 2241 771 et
2272 716 2528 787 gerendis
2558 755 2573 778 ,
2613 716 2706 769 ubi
2737 717 3034 770 secundum
3066 715 3349 770 historiam
3381 716 3646 784 quaepiam

377 814 586 869 invenit
616 830 736 884 quae
760 815 976 869 arcanis
1006 814 1124 869 istis
1145 811 1547 867 accommodari
1572 821 1817 880 possent,
1847 810 1956 866 illis
1985 827 2116 867 usus
2153 819 2259 875 est,
2296 809 2482 864 multis
2509 808 2789 865 occultans
2813 809 3202 864 abstrusiorcm
3234 825 3455 864 sensum
3487 826 3503 875 ;
3557 808 3646 866 ubi

374 919 507 960 vero
540 904 895 974 explananda:
924 904 997 958 illi
1035 903 1361 973 spiritalium
1388 904 1713 957 connexioni
1747 918 1852 957 non
1883 902 2244 957 conveniebat
2271 911 2543 956 certarum
2580 903 2940 971 quarumdam
2967 916 3146 955 rerum
3187 903 3438 970 historia,
3472 906 3644 960 inter-

368 996 548 1052 seruit
576 994 861 1064 Scriptura
896 994 1138 1050 historiae
1166 994 1309 1065 quod
1341 995 1542 1050 factum
1578 1010 1683 1048 non
1709 1004 1852 1059 erat,
1878 995 1987 1049 imo
2023 994 2312 1065 aliquando
2337 996 2478 1063 quod
2512 994 2630 1047 ﬁeri
2672 1009 2775 1047 non
2803 1004 3052 1064 poterat;
3087 996 3415 1066 quandoque
3462 1010 3645 1054 autem

373 1088 519 1158 quod
546 1095 761 1156 p0terat
786 1087 1005 1157 quidem
1038 1085 1178 1151 ﬁeri,
1205 1085 1298 1140 sed
1346 1093 1523 1159 tamen
1557 1083 1754 1138 lactmn
1795 1099 1899 1139 non
1931 1093 2037 1138 est.
2068 1085 2281 1139 Accidit
2311 1085 2476 1138 etiam
2508 1084 2807 1152 interdum,
2862 1095 2921 1138 ut
2959 1100 3148 1154 pauca:
3201 1087 3506 1153 interiectae
3533 1092 3646 1147 sint

374 1185 645 1241 dictiones
675 1184 915 1249 veritati,
949 1182 993 1236 si
1027 1182 1095 1236 ad
1128 1197 1325 1252 corpus
1359 1190 1589 1250 spectes,
1626 1196 1732 1235 non
1764 1190 2168 1234 consentaneae.
2201 1182 2296 1236 Est
2325 1180 2416 1235 ubi
2452 1180 2633 1234 multa:
2667 1180 2978 1249 hujusmodi
3004 1192 3151 1237 sunt.
3181 1183 3327 1238 Idem
3355 1184 3470 1242 fere
3489 1188 3644 1258 judi-

363 1278 517 1331 vcium
551 1276 617 1329 de
645 1274 762 1345 lege
790 1272 1076 1330 ferendum
1106 1282 1208 1340 est,
1242 1273 1332 1328 ubi
1369 1287 1512 1344 saepe
1535 1272 1813 1343 quidpiam
1851 1272 2120 1342 reperitur
2152 1286 2250 1343 per
2286 1288 2346 1327 se
2380 1272 2514 1327 utile
2535 1282 2588 1327 et
2612 1273 2950 1343 temporibus
2975 1272 3112 1345 legis
3141 1278 3508 1346 conveniens;
3539 1280 3647 1335 ali-

366 1369 595 1432 quando
622 1376 804 1423 autem
835 1366 980 1421 nulla
1017 1376 1241 1437 apparet
1263 1367 1491 1422 utilitas.
1533 1366 1674 1434 Quin
1699 1377 1755 1422 et
1794 1366 2068 1421 interdum
2101 1367 2495 1437 praecipiuntur
2526 1366 2908 1437 impossibilia,
2935 1379 2989 1423 et
3023 1369 3074 1424 id
3120 1371 3343 1439 quidem
3369 1387 3434 1428 eo
3456 1377 3642 1430 consi-

377 1464 475 1531 lio,
507 1473 567 1518 ut
588 1463 677 1532 qui
699 1464 1011 1534 sagaciores
1040 1472 1095 1517 et
1124 1464 1177 1517 in
1205 1478 1386 1517 rermn
1414 1463 1770 1533 inquisitione
1796 1465 2039 1518 acriores
2062 1471 2212 1529 sunt,
2254 1478 2376 1519 sese
2406 1479 2587 1519 rerum
2629 1465 2957 1535 scriptarum
2988 1467 3414 1523 considerationi
3480 1481 3644 1542 atque

373 1553 779 1624 investigationi
819 1555 1038 1623 dantes,
1091 1554 1190 1609 sibi
1224 1555 1460 1610 maxime
1489 1558 1867 1623 persuadeant,
1900 1556 2120 1627 dignum
2156 1557 2264 1612 Deo
2307 1557 2361 1611 in
2395 1557 2504 1612 illis
2528 1558 2690 1612 rebus
2715 1572 2932 1612 sensum
2979 1561 3149 1630 quaeri
3197 1572 3471 1629 oportere.
3523 1564 3641 1622 Non

375 1648 552 1704 solum
587 1657 770 1702 autem
801 1647 869 1703 de
911 1648 978 1702 iis
1001 1663 1121 1715 quae
1155 1651 1443 1702 adventum
1468 1647 1668 1705 Christi
1703 1659 2117 1718 praecesserunt,
2140 1648 2256 1704 haec
2279 1649 2515 1720 Spiritus
2543 1659 2764 1704 sanctus
2792 1649 3124 1717 procuravit,
3156 1653 3249 1707 sed
3284 1661 3469 1724 utpote
3499 1656 3640 1711 idem

375 1742 538 1797 unius
564 1741 919 1811 ejusdemque
964 1742 1056 1797 Dei
1091 1742 1348 1812 Spiritus,
1376 1743 1515 1798 idem
1552 1743 1605 1796 iu
1630 1740 1938 1812 Evangeliis
1967 1754 2021 1797 et
2057 1743 2427 1812 apostolorum
2457 1744 2677 1812 scriptis
2702 1743 2830 1798 fecit
2858 1757 2874 1797 :
2903 1759 3026 1798 cum
3076 1759 3173 1799 nec
3220 1745 3307 1799 illa
3339 1750 3640 1802 secundum

362 1837 713 1909 corporalem
742 1852 960 1893 sensum
984 1839 1205 1892 omnino
1244 1839 1513 1894 sinceram
1545 1839 1780 1893 habeant
1810 1839 2093 1893 historiam
2122 1853 2312 1893 eorum
2359 1853 2480 1908 quae
2521 1828 2776 1893 contexta
2817 1847 2967 1902 sunt,
2995 1846 3053 1893 et
3114 1847 3289 1894 tamen
3340 1838 3482 1895 facta
3534 1856 3639 1894 non

367 1937 540 1993 sunt;
575 1941 676 1981 nec
725 1926 873 1997 leges
906 1936 959 1980 et
991 1935 1257 1996 prmeepta
1286 1927 1524 1982 habeant
1564 1927 1762 1982 rationi
1805 1939 2201 1983 consentanea.
2248 1947 2268 1981 ι
2305 1927 2474 1983 Suam
2528 1910 2725 1983 deinde
2766 1930 3093 1984 sententiam
3138 1940 3387 1984 astruere
3447 1932 3641 1987 nititur

376 2025 566 2080 multis
596 2024 893 2095 Scripturae
932 2025 1064 2080 locis
1086 2039 1207 2094 quae
1230 2030 1414 2093 postea
1444 2022 1680 2076 examini
1718 2032 1907 2079 nostro
1957 2021 2331 2091 subjicientur.
2370 2024 2621 2092 Ejusdem
2659 2024 2779 2080 libri
2836 2041 2987 2078 num.
3048 2026 3082 2081 8
3125 2035 3181 2081 et
3228 2026 3283 2094 9,
3338 2038 3624 2097 postquam

364 2116 716 2174 'l'undamenti
751 2118 870 2173 loco
897 2118 1040 2172 hanc
1068 2132 1187 2187 quae
1210 2126 1360 2169 extra
1397 2116 1824 2171 controversiam
1853 2126 1960 2180 est,
1997 2116 2278 2170 veritatem
2313 2119 2518 2186 posuit,
2550 2132 2618 2171 ex
2655 2118 2995 2186 ignoratione
3023 2124 3119 2173 vim
3141 2136 3247 2185 qua
3278 2121 3637 2174 insistendum

365 2212 441 2265 sit
477 2214 625 2266 utad
662 2210 1066 2280 Scripturarum
1101 2209 1522 2278 intelligentiam
1551 2212 1926 2280 perveniatur,
1966 2221 2124 2266 natos
2145 2225 2266 2266 esse
2289 2224 2509 2264 errores
2534 2209 2798 2276 inﬁnitos,
2851 2213 2904 2265 in
2942 2212 3247 2279 exemplum
3293 2213 3510 2268 adducit
3538 2211 3641 2267 Ju-

372 2307 544 2371 daeos,
568 2306 880 2372 haereticos,
910 2304 1312 2375 nounullosque
1343 2306 1425 2360 sui
1461 2306 1721 2376 temporis
1743 2306 2104 2372 Christianos,
2136 2317 2194 2360 ut
2222 2308 2271 2360 in
2297 2305 2519 2360 litterali
2558 2305 2967 2375 Scripturarum
2992 2291 3448 2379 interpretatione
3476 2311 3636 2364 sitam

366 2415 498 2457 esse
538 2403 733 2472 probet
756 2401 945 2456 falsam
974 2402 1137 2457 istam
1162 2402 1305 2455 viam
1331 2415 1452 2470 qua:
1483 2402 1549 2454 ad
1581 2401 1937 2469 praecipitium
1989 2403 2155 2456 ducit.
2187 2421 2205 2452 ι
2249 2401 2375 2454 Duri
2401 2400 2592 2465 corde,
2623 2401 2821 2471 inquit,
2855 2411 2909 2456 et
2938 2402 3121 2458 idiota:
3171 2402 3262 2471 qui
3294 2418 3323 2457 e
3350 2403 3637 2457 circumci-

372 2496 528 2552 sione
555 2504 704 2558 sunt,
730 2493 1140 2562 prophetiarum
1165 2506 1284 2561 quae
1332 2492 1397 2546 de
1453 2489 1670 2544 Christo
1702 2490 2001 2555 loquuntur
2051 2494 2341 2547 dictionem
2401 2491 2552 2559 sequi
2599 2507 2657 2546 se
2719 2491 3120 2558 existimantes,
3178 2496 3232 2548 in
3299 2494 3638 2550 Salvatorcm

371 2599 620 2644 nostrum
660 2604 767 2642 non
791 2585 1180 2651 crediderunt;
1212 2595 1266 2641 et
1297 2600 1421 2640 cum
1451 2585 1695 2641 sensibili
1734 2586 1892 2640 modo
1916 2600 2022 2640 non
2054 2586 2538 2654 cernereutipsum
2572 2584 2899 2653 praedicasse
2945 2588 3178 2655 Captivis
3235 2590 3637 2658 remissionem,

372 2696 547 2752 neque
573 2680 877 2735 aediﬁcasse
911 2693 1056 2743 eam,
1086 2692 1249 2748 quam
1275 2692 1400 2732 vere
1431 2679 1665 2734 credunt
1693 2691 1817 2733 esse
1868 2677 2143 2732 civitatem
2176 2677 2293 2742 Dei,
2327 2691 2505 2747 neque
2552 2678 2952 2734 exterminasse
2989 2693 3181 2733 currus
3240 2678 3521 2748 prraim,
3578 2690 3635 2735 et

370 2791 570 2847 equum
593 2773 660 2829 de
682 2771 1010 2836 Jerusalem,
1042 2783 1216 2839 neque
1238 2770 1494 2839 butyrum
1519 2778 1571 2824 et
1599 2769 1703 2823 mel
1726 2768 2058 2834 comedisse,
2097 2783 2272 2837 neque
2303 2769 2621 2837 priusquam
2664 2777 2857 2822 nosset
2919 2778 3014 2823 aut
3057 2769 3283 2840 eligeret
3335 2771 3498 2836 mala,
3528 2771 3639 2824 ele-

364 2868 516 2936 gisse
541 2866 741 2921 bonum
768 2880 784 2929 ;
825 2864 930 2918 rati
960 2862 1193 2932 insuper
1223 2874 1345 2915 esse
1371 2877 1398 2915 a
1432 2862 1713 2931 prophetis
1748 2861 2064 2930 praedictum
2102 2860 2218 2914 fore
2253 2870 2310 2915 ut
2341 2861 2500 2930 lupus
2529 2861 2732 2915 animal
2764 2861 3073 2930 quadrupes
3109 2877 3231 2916 cum
3262 2879 3401 2932 agno
3444 2878 3635 2932 pasce-

372 2969 543 3024 retur,
578 2959 777 3028 pardus
805 2972 928 3011 cum
965 2955 1131 3010 haedo
1156 2954 1561 3017 stabularetur;
1594 2953 1810 3015 vitulus,
1841 2965 2031 3007 taurus
2062 2961 2117 3006 ct
2163 2952 2246 3007 leo
2285 2953 2447 3007 simul
2482 2964 2840 3019 pascerentur
2860 2961 2917 3007 et
2940 2968 2971 3007 a
2998 2955 3227 3023 puerulo
3257 2955 3632 3021 ducerentur;

366 3053 469 3108 bos
501 3061 557 3105 et
580 3065 739 3105 ursus
764 3065 868 3103 una
901 3048 1159 3119 pabulum
1190 3053 1489 3107 sumerent,
1519 3060 1705 3099 eorum
1735 3044 1979 3115 parvulis
2004 3045 2165 3098 simul
2196 3046 2487 3113 educatis;
2523 3047 2608 3101 leo
2631 3062 2849 3117 quoque
2881 3058 2939 3102 ut
2989 3048 3088 3103 bos
3116 3049 3268 3118 palea
3294 3060 3628 3117 vesceretur;

374 3144 508 3198 nihil
542 3144 733 3197 horum
769 3142 823 3196 in
852 3143 969 3210 ejus
1001 3156 1161 3211 quem
1190 3139 1465 3194 Christum
1492 3139 1786 3203 credimus,
1820 3138 2054 3192 adventu
2100 3139 2435 3195 sensibiliter
2460 3150 2745 3195 cernentes
2769 3141 2993 3205 factum,
3046 3142 3335 3199 Dominum
3388 3156 3635 3200 nostrum

364 3237 560 3294 Jesum
584 3244 793 3288 tantum
822 3235 976 3289 abest
1009 3242 1066 3287 ut
1090 3231 1421 3301 receperint,
1458 3240 1518 3285 ut
1552 3231 1729 3298 potius
1751 3245 1876 3284 eum
1908 3238 2166 3299 tanquam
2207 3245 2327 3285 sese
2376 3242 2568 3286 contra
2629 3233 2716 3300 jus
2775 3233 3055 3288 Christum
3110 3237 3452 3306 pranlicaret,
3486 3243 3633 3295 cruci

368 3331 664 3388 aﬂixerint.
701 3327 950 3382 [latretici
980 3335 1160 3381 autem
1193 3325 1435 3394 legentes
1476 3341 1492 3378 :
1531 3324 1679 3395 Ignis
1705 3322 1910 3377 exarsit
1928 3338 1992 3376 ea:
2021 3324 2103 3375 ira
2134 3322 2314 3389 mea“;
2346 3334 2437 3378 et:
2474 3325 2583 3397 Ego
2638 3327 2780 3382 Deus
2827 3331 3104 3385 wmulator
3162 3333 3382 3388 reddens
3423 3351 3637 3405 peccata

372 3435 583 3495 patrum
613 3422 669 3474 in
701 3419 840 3488 filios
866 3419 921 3471 in
949 3418 1162 3471 tertiam
1190 3427 1237 3471 et
1264 3426 1511 3487 quartam
1546 3414 1937 3484 generationem
1957 3414 2011 3480 ⁵;
2050 3423 2108 3469 et
2141 3435 2153 3468 :
2202 3413 2426 3470 Paenitet
2458 3433 2539 3470 me
2570 3421 2783 3474 auxisse
2819 3421 2957 3477 Saul
2991 3424 3041 3474 in
3080 3440 3247 3494 regem
3267 3426 3318 3490 ⁸;
3347 3438 3401 3481 et
3443 3448 3457 3484 :
3500 3408 3636 3499 ‘Ego

368 3518 636 3574 Dominus
666 3514 866 3584 faciens
892 3528 1073 3582 pacem
1102 3522 1149 3566 et
1170 3525 1357 3565 creans
1384 3509 1528 3563 mala
1550 3510 1606 3573 ';
1632 3519 1686 3562 et
1714 3507 1822 3561 alio
1846 3507 1965 3563 loco
1989 3523 2009 3563 :
2041 3508 2161 3562 Non
2179 3518 2253 3562 est
2281 3509 2480 3562 malum
2498 3511 2551 3564 in
2579 3511 2786 3566 civitate
2810 3516 2950 3585 quod
2980 3533 3083 3570 non
3106 3517 3284 3585 fecerit
3315 3520 3567 3577 Dominus
3590 3528 3635 3592 ⁸;

366 3624 427 3668 ει
465 3610 594 3666 ίιιιιιι
623 3610 848 3677 insuper
879 3621 894 3658 :
925 3604 1320 3660 Descenderunt
1344 3603 1486 3656 mala
1515 3619 1548 3656 α
1580 3601 1810 3656 Domina
1842 3605 1899 3656 in
1923 3615 2103 3672 portas
2131 3599 2503 3658 Jerusalem”:
2534 3615 2626 3660 et:
2659 3605 2893 3673 Spiritus
2926 3610 3097 3664 malus
3131 3629 3162 3663 a
3197 3611 3305 3666 Deo
3333 3616 3633 3684 suﬂ'ocabat

364 3704 505 3762 Saul
527 3705 607 3771 ‘°;
636 3712 692 3758 et
722 3703 807 3757 his
837 3699 1036 3756 similia
1062 3698 1455 3769 propemodum
1489 3696 1723 3761 inﬁnita,
1756 3712 1956 3768 negare
1984 3698 2200 3767 quidem
2229 3712 2324 3753 eas
2365 3712 2486 3753 esse
2530 3698 2626 3754 Dei
2667 3700 2986 3771 Scripturas
3018 3719 3124 3756 non
3174 3705 3290 3758 ausi
3335 3717 3485 3768 Slllll,
3537 3710 3633 3761 sed

366 3797 518 3852 illius
540 3811 702 3866 quem
733 3794 903 3850 Judaei
937 3791 1143 3855 colunt,
1170 3787 1448 3845 Creatoris
1487 3802 1583 3843 eas
1613 3801 1735 3842 esse
1767 3787 1890 3850 rati,
1924 3787 2082 3857 quasi
2129 3786 2482 3856 imperfectus
2512 3775 2611 3843 u'ec
2643 3796 2816 3845 bonus
2843 3801 2989 3846 esset
3041 3792 3130 3845 ille
3177 3793 3449 3855 conditor.
3484 3797 3637 3849 arbi-

366 3891 501 3946 trati
536 3897 662 3945 sunt
682 3888 970 3941 advenisse
1001 3883 1346 3940 Salvatorem
1376 3879 1466 3951 qui
1496 3877 1884 3950 perfectiorem
1915 3879 2271 3935 annuntiaret
2307 3878 2497 3944 Deum,
2528 3896 2690 3950 quem
2722 3884 2910 3937 dicunt
2933 3900 3041 3939 non
3084 3900 3207 3939 esse
3235 3887 3420 3939 llllllldi
3475 3889 3635 3955 opili-

366 3998 513 4046 cem,
542 3982 594 4036 in
619 3981 800 4034 varias
826 3994 889 4033 ea
922 3978 989 4032 de
1033 3991 1093 4031 re
1124 3974 1332 4043 abrepti
1371 3972 1706 4035 sententias;
1732 3980 1787 4026 et
1814 3981 2099 4041 postquam
2129 3987 2158 4026 a
2200 3973 2460 4028 Crtatore
2496 3973 2590 4042 qui
2619 3984 2704 4028 est
2745 3975 3021 4046 ingenitus
3056 3976 3202 4031 solus
3227 3976 3386 4039 Deus,
3419 3979 3634 4034 defece-

371 4084 527 4137 runt,
560 4074 830 4146 ﬁgmentis
857 4071 1220 4132 adhznserunt,
1246 4065 1574 4136 excogitatis
1598 4064 1806 4119 ﬂetitiis
1846 4063 2245 4135 hypothesibus
2273 4065 2570 4120 secundum
2603 4081 2742 4134 quas
2789 4069 2931 4121 facta
2977 4082 3097 4123 esse
3127 4078 3321 4138 putant
3371 4070 3631 4135 visibilia,

366 4179 429 4226 et
455 4168 560 4224 alia
593 4166 846 4238 quaedam
878 4162 1199 4227 invisibilia,
1232 4176 1354 4231 quae
1376 4160 1563 4214 animo
1582 4158 1687 4215 sibi
1713 4159 2012 4214 ﬁnxerunt.
2039 4157 2347 4227 Quinetiam
2373 4158 2732 4226 simpliciores
2765 4161 3028 4220 nonnulli.
3068 4165 3160 4231 qui
3196 4177 3255 4217 se
3289 4162 3356 4217 de
3387 4162 3629 4220 Ecclesia

364 4279 496 4320 esse
519 4262 844 4333 gloriantur,
863 4258 1121 4314 Creatore
1154 4257 1373 4328 quidem
1404 4253 1613 4309 nullum
1652 4253 1914 4323 majorem
1947 4254 2288 4320 existimant,
2314 4268 2501 4307 sanam
2535 4253 2715 4307 hacin
2759 4269 2818 4306 re
2859 4254 3093 4323 amplexi
3145 4257 3500 4323 sententiam;
3533 4274 3628 4310 ve-

374 4372 498 4410 rum
530 4369 592 4410 ea
626 4352 696 4409 de
728 4354 848 4422 ipso
871 4350 1237 4420 suspicantur,
1271 4361 1392 4417 quae
1431 4361 1498 4400 ne
1535 4346 1602 4399 de
1622 4344 1847 4400 homine
1878 4345 2098 4414 quidem
2124 4346 2504 4400 crudelissimo
2527 4354 2584 4400 ct
2621 4346 2980 4413 injustissimo
3004 4346 3254 4415 cogitare
3288 4346 3371 4403 fas
3421 4350 3512 4403 sit.
3559 4350 3629 4403 lis

366 4464 552 4508 autem
585 4449 840 4505 omnibus
864 4445 1009 4500 nulla
1048 4440 1311 4498 falsarum
1353 4440 1693 4510 opinionum,
1721 4440 1868 4495 nulla
1902 4440 2198 4510 impietatis
2245 4450 2302 4495 et
2346 4440 2667 4495 stolidorum
2699 4441 2764 4493 de
2810 4441 2918 4494 Deo
2969 4455 3279 4496 sermonum
3323 4459 3485 4499 causa
3510 4461 3629 4501 esse

367 4546 475 4600 alia
525 4545 765 4607 videtur,
802 4556 966 4611 quam
1017 4538 1306 4613 Scriptura
1350 4552 1456 4592 nou
1512 4536 1811 4591 secundum
1871 4536 2172 4607 spiritalem
2217 4552 2435 4591 sensum
2497 4535 2799 4600 intellecta,
2844 4537 2938 4591 sed
2989 4539 3281 4593 secundum
3339 4540 3626 4596 litteralem

371 4649 612 4710 accepta.

374 4758 403 4830 ᾗ
448 4754 510 4810 ll.
551 4752 634 4807 Ea:
662 4750 890 4830 Origene
918 4751 973 4804 in
1004 4746 1379 4830 Mosaicalege
1424 4744 1596 4830 multa
1624 4756 1746 4830 sunt
1784 4761 1906 4830 quae
1954 4745 2171 4827 litterali
2212 4755 2611 4830 sensunaccepto
2665 4746 2873 4830 nullam,
2917 4748 3105 4830 hebent
3154 4750 3363 4830 seriem,
3426 4752 3628 4830 nullam

447 4815 895 4893 consequentium,
922 4823 1015 4874 sed
1043 4820 1221 4888 potius
1242 4815 1591 4885 impossibilia
1620 4824 1765 4884 sunt,
1797 4815 1995 4870 rationi
2041 4817 2335 4882 contraria,
2366 4815 2474 4869 Deo
2506 4817 2743 4885 indigna,
2777 4828 2823 4872 et
2855 4817 3052 4888 legibus
3100 4836 3241 4873 mere
3271 4824 3513 4875 Immanis
3543 4825 3627 4875 ξη-

440 4896 659 4965 feriora.

444 5016 570 5073 Lib.
602 5031 678 5069 v11
708 5023 898 5068 contra
927 5011 1159 5074 Celsum,
1194 5024 1345 5065 nmn.
1374 5008 1446 5062 20
1477 5016 1533 5062 et
1565 5007 1659 5076 21,
1694 5009 1923 5077 objectis
1968 5006 2038 5063 ab
2089 5008 2195 5062 hoc
2240 5006 2508 5078 Epicureo
2540 5015 2733 5061 contra
2787 5006 2959 5077 legem
2994 5004 3280 5060 Mosaicam
3312 5021 3417 5060 non
3473 5006 3631 5063 aliter

373 5109 693 5179 respondet,
719 5121 883 5176 quam
914 5103 1201 5173 repudiato
1230 5100 1451 5155 litterali
1481 5114 1670 5154 sensu.
1734 5120 1752 5153 ι
1781 5101 1910 5155 Dico
1940 5101 2126 5171 igitur,
2167 5101 2363 5168 inquit,
2395 5099 2565 5168 legem
2592 5100 2855 5169 duplicem
2888 5115 3027 5164 esse,
3065 5098 3286 5153 alteram
3318 5100 3626 5161 litteralem,

376 5200 718 5274 spiritualem
758 5197 1012 5260 alteram,
1065 5203 1121 5248 ut
1155 5192 1268 5263 jam
1314 5202 1448 5244 ante
1481 5204 1580 5244 nos
1612 5191 1832 5260 quidam
1867 5192 2191 5246 docuerunt.
2257 5190 2566 5246 Litteralem
2608 5207 2710 5245 non
2766 5202 2872 5249 tam
2913 5207 3013 5246 nos
3058 5206 3218 5261 quam
3255 5191 3394 5246 Dens
3427 5191 3540 5260 ipse
3574 5193 3624 5244 in

371 5312 484 5353 uno
513 5311 544 5351 e
574 5291 858 5365 prophetis
902 5290 1133 5359 loquens
1175 5295 1338 5341 vocat
1377 5284 1591 5354 judicia
1640 5303 1743 5339 non
1792 5286 1948 5346 bona,
1998 5294 2256 5354 prlecepta
2288 5300 2390 5338 non
2423 5290 2554 5338 bona
2580 5285 2656 5353 “;
2692 5286 2992 5353 spiritualis
3030 5302 3158 5340 vero
3204 5284 3344 5354 apud
3377 5285 3625 5337 eumdem

373 5388 698 5460 prophetam
730 5382 1034 5453 appellatur
1064 5393 1092 5430 a
1120 5376 1232 5429 Deo
1254 5375 1463 5444 judicia
1493 5377 1650 5439 bona,
1677 5382 1939 5445 praerepta
1961 5373 2096 5426 bona
2124 5374 2184 5426 ".
2218 5372 2379 5429 Certe
2402 5377 2663 5444 propheta
2697 5379 2882 5430 eodem
2907 5375 2958 5427 in
2985 5376 3102 5430 loco
3128 5392 3309 5430 secum
3334 5377 3625 5447 pugnantia

372 5495 482 5535 non
519 5479 671 5534 dicit.
712 5479 891 5547 Atque
918 5477 1084 5530 etiam
1118 5476 1190 5529 illi
1228 5472 1431 5527 Paulus
1463 5478 1729 5528 consonat
1762 5467 1891 5521 dum
1920 5465 2001 5520 ait
2030 5465 2280 5532 litteram,
2316 5482 2436 5536 qua:
2470 5469 2609 5522 idem
2640 5477 2721 5520 est
2749 5482 2813 5520 ac
2846 5479 3036 5521 sensus
3060 5467 3330 5533 litteralis,
3363 5469 3625 5531 occidere;

445 5684 466 5717 ⁸
516 5682 719 5739 Jerem.
757 5697 845 5747 xv,
884 5680 971 5736 lli.
1048 5679 1068 5709 "
1116 5675 1287 5731 Exod.
1340 5690 1430 5736 xx,
1472 5674 1527 5729 Ei.
1602 5674 1639 5747 °_
1745 5670 2017 5747 Regaa‘V,
2055 5671 2138 5727 ll.
2216 5673 2233 5703 ⁷
2270 5672 2369 5727 lsa.
2405 5686 2526 5741 XLV,
2561 5668 2612 5726 7.
2693 5670 2712 5701 ⁸
2752 5674 2936 5726 Amos.
2972 5685 3054 5736 ιιι,
3084 5670 3137 5724 6.
3216 5670 3237 5702 '
3266 5670 3426 5725 Mil-lt.
3462 5686 3500 5735 ι,
3536 5669 3619 5724 l2.

376 5755 458 5809 ιιι
496 5756 624 5825 ιιυε.
659 5741 933 5819 minio.
1013 5751 1053 5783 ιι
1080 5750 1280 5805 Επρειι.
1314 5760 1404 5813 xx,
1432 5749 1521 5800 2.3.
1603 5745 1644 5775 η
1682 5745 1841 5808 lbal.,
1876 5741 1966 5795 at.
