4000 6146
326 327 397 385 Π
1575 328 1737 384 ΡΒᾹΞ
1746 324 1906 382 ΕΑἸΊ

1997 325 2079 380 AD
2112 321 2252 380 ΤΟΜ
2262 366 2275 378 .
2316 321 2378 375 ll.
3492 319 3577 372 ις

326 455 378 500 et
402 446 665 514 spiritum,
692 448 783 515 qui
811 447 948 502 idem
977 447 1250 518 signiﬁcat
1274 463 1339 503 ac
1371 462 1565 503 sensus
1588 446 1910 516 sptritualis,
1948 443 2211 511 riuiﬁcure
2234 439 2300 494 ¹³.
2340 436 2493 505 Apud
2528 434 2753 490 Paulum
2782 432 2947 501 igitur
2976 431 3219 487 invenire
3245 441 3327 486 est
3360 432 3555 486 similia

325 537 388 593 iis
417 554 534 608 quae
560 540 702 606 apud
738 540 1052 609 prophetam
1085 542 1359 595 contraria
1407 539 1508 595 sibi
1542 555 1663 593 esse
1696 522 1862 593 videri
1893 544 2131 606 possent.
2193 531 2326 586 Nam
2361 527 2814 599 quemadmodum
2845 523 3091 579 Ezechiel
3117 525 3270 588 dicit,
3315 524 3407 578 hic
3437 523 3560 590 qui—

325 633 441 685 dem
476 649 491 685 :
523 631 657 684 Dedi
684 633 758 686 eis
779 632 990 701 judicia
1020 649 1125 686 non
1165 633 1301 687 bona
1333 641 1383 686 et
1405 642 1665 698 prtecepta
1699 645 1804 683 non
1831 630 1962 683 bona
1988 630 2042 682 in
2066 629 2253 698 quibus
2295 642 2396 679 non
2438 625 2600 678 vivent
2626 621 2703 684 u’;
2739 619 2848 674 illic
2878 635 3006 674 vero
3043 637 3056 675 :
3091 616 3224 671 Dedi
3262 618 3336 670 eis
3353 616 3558 686 judicia

322 726 450 776 bona
473 734 522 776 et
560 733 822 792 prtecepta
856 731 989 778 bona
1034 728 1088 779 in
1119 728 1308 795 quibus
1331 727 1500 779 vivent
1526 725 1570 758 ⁸³
1598 741 1611 785 :_
1651 724 1731 779 sic
1766 723 1965 779 Paulus
1997 723 2084 777 ubi
2120 721 2291 791 legent
2326 718 2617 774 litteralem
2644 715 2953 783 deprimere
2980 711 3114 774 vult,
3145 712 3222 765 ait
3253 728 3267 764 :
3296 709 3354 764 Si
3387 720 3559 763 autem

321 818 632 871 ministratio
660 819 848 872 mortis
882 819 1072 873 litteris
1100 820 1399 889 deformata
1427 820 1480 872 in
1531 819 1814 883 lapidibus,
1847 817 1946 887 fuit
1977 817 2033 870 in
2067 816 2261 886 gloria,
2291 816 2371 868 ita
2405 823 2460 867 ut
2494 828 2596 866 non
2622 820 2826 881 possent
2860 808 3129 862 intendere
3156 805 3258 874 ﬁlii
3286 804 3455 858 Israel
3503 805 3563 856 in

320 909 505 975 faciem
537 908 740 980 Moysis
771 923 984 981 propter
1007 912 1233 981 gloriam
1279 911 1449 965 vultus
1478 910 1593 980 ejus
1616 925 1733 978 qua:
1762 923 2087 973 evacuatur;
2132 906 2392 979 quomodo
2422 921 2524 958 non
2558 903 2725 972 magis
2755 899 3076 955 ministratio
3119 897 3336 964 spiritus
3377 898 3473 950 erit
3500 895 3556 947 in

316 1000 479 1069 gloria
506 1002 595 1056 “7
654 1003 754 1059 Ubi
803 1015 987 1058 autem
1019 1005 1322 1059 admiratur
1350 1012 1405 1058 et
1447 997 1713 1073 apprbbat
1744 1002 1942 1072 legem,
1976 1003 2120 1056 illam
2162 998 2500 1071 spiritualem
2534 1004 2692 1049 vocat
2736 1011 2750 1047 :
2785 991 3011 1055 Scimus,
3062 988 3262 1060 inquit,
3309 987 3437 1058 quia
3476 985 3560 1039 lex

315 1093 606 1161 spiritualis
653 1095 817 1150 est".
857 1096 1004 1149 Illam
1041 1096 1207 1150 etiam
1270 1096 1538 1165 approbat
1577 1097 1679 1150 hoc
1714 1096 1834 1150 loco
1879 1112 1895 1150 :
1939 1092 2126 1163 Itaque
2151 1092 2238 1146 lea:
2268 1090 2480 1161 quidem
2522 1096 2727 1150 sancta,
2765 1094 2813 1139 et
2859 1083 3168 1139 mandatum
3203 1091 3468 1145 sanctum,
3512 1088 3561 1132 et

309 1184 533 1253 justum,
584 1197 636 1240 et
670 1189 862 1242 bonum
885 1187 950 1241 ‘8.
995 1186 1148 1261 Nunc
1187 1187 1231 1241 si
1269 1187 1430 1240 verba
1482 1187 1615 1257 legis
1639 1186 1804 1256 justis
1838 1185 2058 1240 divitias
2103 1183 2445 1254 pollicentur,
2473 1178 2661 1235 Celsus
2686 1177 3021 1232 occidentem
3050 1174 3286 1228 litteram
3318 1181 3562 1237 secutus,

317 1280 380 1335 de
409 1281 566 1334 caecis
604 1280 762 1335 hisce
794 1281 996 1337 divitiis
1022 1281 1439 1348 promissionem
1472 1279 1740 1349 intelligat
1774 1295 1788 1332 :
1836 1292 1935 1333 nos
1965 1277 2113 1332 illam
2146 1275 2417 1346 pertinere
2450 1272 2677 1329 dicimus
2719 1269 2785 1323 ad
2820 1267 2941 1323 illas
2970 1267 3190 1323 divitias
3219 1281 3339 1336 quae
3372 1267 3564 1321 oculos

315 1374 506 1427 mentis
530 1384 760 1438 acuunt,
806 1383 862 1429 et
910 1372 1107 1443 quibus
1133 1372 1284 1428 dives
1318 1372 1380 1426 ﬁt
1422 1373 1621 1443 aliquis
1644 1373 1701 1424 in
1728 1369 1870 1426 omni
1900 1373 2052 1425 verbo
2082 1380 2131 1424 et
2158 1370 2214 1423 in
2252 1369 2392 1423 omni
2427 1366 2646 1421 scientia
2672 1364 2734 1417 ’³.
2762 1382 2780 1415 ›
2822 1362 2931 1418 Nec
2965 1362 3141 1417 minus
3176 1372 3359 1432 aperte
3383 1358 3563 1415 homi-

312 1467 383 1521 lia
414 1471 472 1523 11
509 1469 562 1522 in
599 1468 847 1523 Exodum
879 1484 1032 1523 suam
1065 1483 1129 1523 ea
1170 1468 1236 1523 de
1264 1482 1324 1523 re
1358 1477 1593 1522 mentem
1624 1467 1870 1521 declarat
1899 1465 1986 1520 his
2012 1463 2197 1521 verbis
2230 1481 2247 1518 :
2295 1482 2313 1515 ι
2340 1462 2395 1516 Si
2428 1462 2548 1530 quis
2577 1469 2660 1515 est
2699 1457 2791 1528 qui
2834 1458 3016 1528 legens
3048 1455 3285 1527 Moysem
3317 1470 3561 1509 murmu-

315 1573 397 1615 rat
423 1563 686 1617 adversus
707 1575 851 1625 eum,
877 1567 932 1615 et
958 1560 1204 1629 displicet
1225 1560 1272 1614 ei
1297 1560 1381 1615 lex
1410 1574 1532 1629 quat
1554 1558 1849 1614 secundum
1875 1558 2110 1612 litteram
2148 1558 2350 1625 scripta
2373 1565 2479 1619 est,
2505 1552 2645 1621 quod
2673 1553 2726 1606 in
2754 1550 2935 1603 multis
2962 1564 3067 1602 non
3099 1549 3314 1603 videtur
3340 1563 3563 1603 servare

314 1652 785 1722 consequentiam,
834 1652 1072 1706 ostendit
1106 1653 1153 1705 ei
1197 1650 1408 1722 Moyses
1437 1660 1665 1720 petram,
1717 1664 1837 1719 qua:
1865 1661 1951 1705 est
1980 1649 2251 1713 Christus,
2302 1657 2357 1702 et
2392 1645 2612 1701 adducit
2639 1658 2764 1698 eum
2794 1643 2860 1696 ad
2896 1643 3088 1711 ipsam,
3127 1651 3184 1694 ut
3231 1641 3355 1694 inde
3410 1641 3560 1696 bibat

313 1755 369 1799 et
404 1744 612 1798 reﬁciat
644 1743 790 1797 sitim
837 1757 1012 1796 suam.
1043 1762 1062 1793 ι
1119 1740 1316 1797 Verum
1350 1758 1480 1797 ecce
1523 1759 1589 1799 ex
1624 1741 1846 1800 homilia
1875 1741 2105 1811 septima
2145 1741 2199 1795 in
2228 1738 2524 1794 Leviticutu
2553 1737 2779 1791 alterum
2826 1736 3000 1789 locum
3032 1733 3186 1805 longe
3222 1733 3444 1802 majoris
3469 1750 3562 1789 au-

312 1839 518 1893 daciae:
559 1855 579 1887 ι
606 1837 668 1892 Si
717 1838 1070 1899 assideamus,
1118 1838 1312 1906 inquit,
1349 1837 1564 1902 littera,
1612 1849 1667 1892 et
1696 1838 1990 1892 secundum
2024 1838 2128 1890 hoc
2176 1834 2259 1890 vel
2295 1835 2438 1902 quod
2467 1830 2687 1896 Judteis,
2740 1830 2825 1883 vel
2860 1831 2909 1882 id
2940 1828 3082 1897 quod
3131 1827 3292 1897 vulgo
3329 1829 3564 1891 videtur,

308 1932 645 1999 accipiamus
674 1947 796 2002 quae
823 1931 874 1985 in
906 1930 1021 2001 lege
1048 1932 1254 2000 scripta
1285 1942 1436 1999 sunt,
1466 1932 1731 1987 erubesco
1758 1931 1946 1985 dicere
1971 1942 2027 1984 et
2053 1928 2304 1984 conﬁteri
2334 1927 2464 1996 quia
2502 1926 2637 1980 tales
2666 1926 2812 1995 leges
2837 1923 3053 1977 dederit
3086 1921 3244 1975 Deus.
3290 1918 3565 1975 Videbun-

308 2037 392 2079 tnr
421 2027 569 2080 enim
596 2026 774 2095 magis
801 2025 1077 2093 elegantes
1099 2032 1153 2079 et
1182 2024 1543 2081 rationabiles
1567 2026 1848 2083 hominum
1875 2024 2040 2094 leges,
2069 2021 2219 2075 verbi
2250 2023 2445 2091 gratia,
2483 2018 2566 2073 vel
2589 2016 2976 2078 Rmnauorutn,
3008 2014 3090 2068 vel
3121 2011 3560 2079 Atheniensium,

303 2118 384 2172 vel
415 2116 984 2173 Lacedaemoniorum.
1017 2136 1035 2169 ι

556 2232 589 2304 §
638 2231 724 2286 ΙΙΙ.
775 2232 977 2287 Eadem
1005 2231 1263 2300 principia
1287 2228 1356 2283 ad
1386 2226 1618 2298 plurima
1650 2223 1852 2279 Veteris
1883 2222 2197 2278 Testamenti
2224 2234 2483 2293 praecepta
2514 2224 2578 2278 ab
2610 2224 2835 2296 Origene
2857 2228 3343 2282 accommodantur.

374 2345 617 2401 llomilia
657 2354 849 2415 quarta
883 2346 939 2400 in
969 2355 1137 2414 caput
1163 2353 1374 2400 sextum
1402 2342 1629 2398 Levitici
1658 2339 1938 2409 explicans
1974 2339 2078 2394 ista
2113 2338 2280 2393 verba
2313 2356 2328 2393 :
2361 2338 2669 2410 Quicunque
2711 2342 2938 2412 tetigerit
2984 2344 3343 2414 sanctiﬁcata,
3376 2354 3423 2398 et
3453 2345 3565 2413 ipse

300 2439 753 2506 sanctiﬁcabitur,
804 2438 882 2492 ait
916 2456 929 2491 :
971 2456 988 2489 ι
1015 2437 1365 2492 lledettndum
1399 2443 1485 2489 est
1515 2434 1673 2488 nobis
1703 2435 1770 2487 ad
1804 2432 2176 2503 expositiones
2209 2431 2552 2499 evangelicas
2587 2441 2754 2501 atquc
2790 2434 3141 2503 apostolicae,
3190 2448 3249 2488 ut
3277 2434 3363 2489 lex
3394 2437 3567 2504 possit

302 2531 567 2601 intelligi.
635 2529 746 2584 Nisi
784 2531 929 2584 enim
957 2529 1209 2584 velamen
1242 2526 1532 2582 abstulerit
1582 2525 1937 2595 Evangeliunt
1984 2523 2052 2579 de
2101 2522 2242 2577 facie
2274 2522 2469 2592 Moysi,
2503 2539 2608 2577 non
2643 2534 2821 2593 potest
2870 2526 3041 2579 videri
3073 2526 3254 2581 vultus
3296 2525 3434 2595 ejus,
3466 2541 3566 2584 nec

276 2639 503 2691 ,scnsus
534 2623 655 2694 ejus
686 2622 936 2693 intelligi.
998 2621 1139 2677 Vide
1169 2635 1302 2687 ergo
1346 2621 1614 2690 quomodo
1644 2621 1696 2673 in
1724 2617 1967 2672 Ecclesia
2001 2615 2368 2685 apostolorum
2396 2615 2645 2685 discipuli
2678 2618 2873 2671 adsunt
2902 2619 2990 2673 his
3020 2635 3142 2689 quae
3171 2620 3380 2692 Moyses
3414 2620 3562 2677 δοιοί-

297 2715 430 2785 psit,
468 2727 529 2769 et
552 2715 854 2769 defendunt
879 2731 951 2791 ea.
973 2715 1115 2783 quod
1140 2721 1194 2768 et
1223 2713 1622 2768 rationabiliter
1645 2712 1858 2781 impleri
1887 2718 2112 2779 queant,
2150 2717 2206 2764 et
2234 2708 2634 2765 rationabiliter
2662 2713 2864 2781 scripta
2899 2713 3043 2781 sint;
3089 2712 3398 2769 Judreorum
3430 2728 3563 2768 vero

298 2806 565 2861 doctores
606 2819 661 2860 et
711 2805 1076 2876 impossibilia
1110 2807 1225 2860 haec
1254 2816 1310 2861 et
1338 2803 1762 2866 irrationabilia,
1793 2813 2087 2872 sequentes
2119 2800 2378 2865 litteram,
2413 2802 2640 2859 faciunt.
2671 2823 2690 2857 ι
2738 2804 2980 2861 Ulterius
3005 2806 3183 2861 adhuc
3207 2806 3564 2878 progreditur

298 2895 535 2950 homilia
561 2897 847 2966 sequenti:
878 2912 898 2945 ι
922 2895 1049 2949 Haec
1072 2896 1273 2958 omnia,
1307 2896 1508 2965 inquit,
1533 2895 1635 2948 nisi
1664 2894 1770 2949 alio
1798 2909 1962 2948 sensu
1992 2891 2325 2961 accipiamus
2349 2908 2510 2963 quam
2542 2895 2737 2953 litterae
2763 2906 2963 2965 textus,
2997 2899 3139 2953 sicut
3159 2899 3274 2968 jam
3300 2898 3560 2962 diximus,

298 3001 428 3038 cum
470 2985 528 3038 in
561 2985 803 3041 Ecclesia
840 2986 1162 3049 recitantur,
1217 2987 1556 3041 obstaculnm
1595 2988 1766 3059 magis
1813 2997 1869 3042 et
1919 2987 2323 3043 subversionem
2352 2988 2676 3043 Christianae
2726 2990 2993 3059 religioni,
3050 3005 3212 3059 quam
3290 2991 3563 3044 rationem

293 3076 841 3148 aediﬁcationemque
892 3077 1254 3147 praestabunt.
1286 3098 1304 3132 ι
1364 3079 1493 3133 Item
1526 3078 1618 3134 lib.
1645 3094 1695 3133 tv
1729 3077 1803 3132 De
1831 3077 2128 3147 principiis,
2178 3093 2328 3135 num.
2358 3078 2447 3144 17,
2479 3078 2583 3131 alia
2618 3079 2753 3150 legis
2790 3090 3056 3149 prrecepta
3105 3080 3296 3144 refert,
3344 3095 3465 3150 qua:
3493 3079 3562 3135 ad

297 3170 557 3225 litteram
589 3179 748 3243 putat
777 3171 861 3227 vel
893 3188 1001 3228 non
1033 3172 1248 3239 debere,
1297 3174 1383 3230 vel
1431 3191 1535 3229 non
1566 3190 1728 3244 posse
1777 3174 2006 3230 servari.
2072 3192 2091 3226 ι
2113 3171 2171 3227 Si
2204 3174 2270 3227 ad
2305 3173 2471 3244 leges,
2520 3173 2710 3242 inquit,
2739 3175 2904 3229 etiam
2940 3173 3208 3230 Mosaicas
3252 3175 3563 3240 veniamus,

294 3269 584 3343 plurimae,
616 3269 660 3322 si
691 3270 757 3323 ad
791 3270 1024 3323 litteram
1053 3270 1403 3327 observandae
1431 3278 1582 3333 sunt,
1614 3272 1952 3337 ansordum;
2004 3270 2125 3326 aliae
2157 3269 2487 3338 impossibile
2519 3269 2856 3339 praecipiunt.
2910 3270 3219 3326 Absurdum
3255 3279 3342 3326 est
3374 3270 3560 3324 vultu.

295 3378 430 3417 rum
473 3376 624 3415 esum
655 3362 952 3432 prohiberi,
991 3379 1115 3418 cum
1146 3376 1301 3418 nemo
1334 3376 1402 3417 ne
1433 3375 1675 3417 extrema
1703 3362 1917 3432 quidem
1948 3372 2174 3431 urgente
2207 3362 2349 3417 fame
2379 3377 2446 3417 eo
2473 3361 2668 3417 adduci
2702 3362 2960 3431 potuerit,
2993 3374 3052 3416 ut
3081 3363 3147 3417 ad
3179 3362 3323 3417 istud
3356 3360 3562 3418 animal

295 3456 650 3527 cattfugeret.
714 3458 851 3514 Octo
877 3459 1086 3514 dierum
1120 3457 1359 3513 infantes
1388 3470 1496 3511 non
1529 3456 1847 3511 circumcisi
1878 3457 2236 3511 exterminari
2265 3465 2305 3511 c‘
2326 3471 2528 3528 genere
2553 3471 2650 3510 suo
2675 3456 2956 3526 iubentur,
2984 3471 3109 3512 cum
3141 3458 3320 3528 potius
3353 3459 3398 3513 si
3429 3458 3560 3530 qui}

297 3550 368 3603 de
399 3550 489 3605 his
525 3551 591 3604 ad
623 3550 863 3606 litteram
908 3551 1196 3607 servandis
1249 3551 1605 3605 sanciendum
1641 3561 1780 3613 erat,
1815 3552 2037 3621 praecipi
2091 3558 2371 3620 oporteret
2402 3559 2461 3604 ιιι
2505 3566 2693 3605 eorum
2732 3560 2988 3620 parentes
3017 3551 3102 3607 vel
3126 3567 3317 3608 eorum
3357 3552 3557 3609 altores

298 3646 775 3702 interﬁcerentur.
811 3647 968 3701 Nunc
1001 3656 1182 3701 autem
1236 3644 1311 3698 ait
1343 3644 1625 3713 Scriptura
1659 3660 1674 3697 :
1708 3642 1893 3698 Omnis
1934 3660 2048 3698 mas
2089 3644 2491 3700 incircumcisus
2521 3645 2611 3715 qui
2643 3660 2746 3698 non
2776 3645 3182 3699 circumcidetur
3228 3656 3411 3701 octavo
3447 3648 3556 3714 die,

297 3745 488 3809 peribit
536 3743 601 3794 de
652 3741 845 3810 popqu
897 3757 993 3794 suo
1013 3739 1082 3796 ¹⁰.
1126 3739 1277 3805 Quod
1310 3738 1358 3792 si
1411 3737 1763 3808 impossibilia
1805 3752 1926 3808 qua;
1956 3736 2073 3807 lege
2101 3739 2515 3810 praecipiuntur,
2566 3739 2730 3792 vultis
2758 3753 3008 3804 noscere,
3054 3742 3559 3800 animadvertamus

302 3833 684 3904 tragelaphum
715 3848 781 3887 ex
812 3831 879 3888 iis
909 3846 1031 3888 esse.
1062 3829 1431 3884 animantibus
1455 3843 1574 3898 qua:
1602 3829 1904 3883 consistere
1940 3830 1993 3883 in
2026 3843 2206 3883 rerum
2237 3839 2428 3884 natura
2480 3844 2586 3883 non
2643 3838 2871 3899 possunt
2908 3847 2923 3884 :
2957 3846 3115 3901 quem
3158 3842 3335 3888 tamen
3374 3845 3431 3890 ut
3458 3852 3556 3907 pu-

299 3942 424 3981 rum
448 3926 605 3995 jubet
630 3941 727 3980 nos
759 3926 972 3996 Moyses
1001 3924 1218 3980 oll‘erre.
1260 3924 1532 3995 Gryphem
1571 3938 1845 3994 nunquam
1898 3925 2142 3979 auditum
2172 3934 2257 3979 est
2288 3928 2354 3981 ab
2385 3925 2603 3981 homine
2631 3935 2850 3996 captum
2885 3940 3007 3981 esse
3039 3944 3053 3981 :
3089 3944 3250 3998 quem
3281 3931 3556 3989 nihilomi-

304 4031 412 4070 nus
450 4019 535 4071 edi
568 4027 718 4072 velat
753 4017 1051 4088 legislator.
1098 4017 1205 4072 Sed
1239 4025 1296 4071 et
1328 4016 1823 4072 celebratissimum
1863 4014 2159 4071 Sabbatum
2190 4017 2238 4071 ei
2272 4017 2367 4087 qui
2402 4026 2660 4072 accurate
2690 4018 3042 4086 perpenderit
3073 4020 3188 4075 haec
3217 4023 3379 4077 verba
3407 4039 3423 4078 :
3455 4021 3559 4080 Se-

301 4109 493 4162 debitis
527 4111 670 4163 domi
697 4120 881 4164 vestro
906 4109 1120 4179 singuli,
1154 4125 1300 4161 nemo
1333 4118 1559 4163 vestrum
1580 4119 1728 4161 exeat
1757 4123 1784 4161 e
1813 4106 1926 4162 loco
1959 4124 2059 4162 suo
2091 4109 2179 4162 die
2204 4108 2425 4178 septima
2448 4108 2516 4175 η,
2548 4108 2819 4164 videbitur
2863 4125 2971 4165 non
3008 4125 3169 4182 posse
3205 4112 3273 4167 ad
3309 4113 3558 4172 litteram

302 4201 610 4268 observari,
638 4217 763 4255 cum
798 4200 1003 4256 nullum
1031 4200 1233 4255 animal
1261 4215 1357 4271 per
1387 4208 1554 4254 totam
1585 4200 1725 4253 diem
1757 4200 2043 4255 immotum
2068 4200 2260 4255 sedere
2292 4210 2476 4269 queat.
2500 4218 2519 4253 ι

298 4313 332 4391 §
375 4315 469 4372 IV.
511 4314 596 4370 Ea;
630 4317 870 4396 Origenis
904 4327 1071 4371 mente
1102 4318 1158 4370 in
1201 4315 1375 4396 Veteri
1399 4316 1727 4396 Testamento
1756 4299 2001 4387 qutedam
2036 4326 2109 4396 ut‘
2143 4326 2287 4396 gesta
2318 4330 2628 4396 narrantur,
2672 4334 2789 4388 qua:
2819 4327 2997 4373 tamen
3025 4336 3293 4396 nunquam
3320 4324 3554 4396 contige-

574 4399 725 4453 runt;
753 4390 859 4442 alia
890 4404 1008 4459 qua:
1031 4399 1186 4457 prout
1216 4388 1539 4455 referuntur,
1565 4388 1703 4456 falsa
1726 4400 1876 4452 sunt,
1900 4404 1963 4442 ac
1990 4388 2211 4458 proinde
2240 4389 2460 4443 litterati
2502 4405 2657 4444 sensu
2685 4404 2788 4443 non
2826 4399 2945 4443 sunt
2979 4388 3304 4458 accipienda.

372 4502 713 4572 Argumenta
754 4505 984 4575 primum
1015 4506 1122 4559 erit
1155 4504 1208 4558 id
1255 4504 1398 4574 quod
1432 4503 1651 4557 homilia
1683 4513 1839 4558 sexta
1894 4504 1950 4558 in
1983 4484 2235 4559 Genesim
2274 4505 2339 4559 de
2372 4505 2597 4561 historia
2629 4503 2779 4560 Sara:
2822 4516 2878 4561 et
2906 4507 3220 4564 Abimelecb
3247 4513 3551 4570 adnotavit.

304 4612 327 4648 ι
350 4594 486 4664 Qtne
531 4595 711 4659 nobis,
743 4595 941 4664 inquit,
971 4595 1258 4650 aediﬁcatio
1285 4597 1388 4651 erit
1421 4595 1746 4664 legentibus,
1797 4595 2072 4651 Abraham
2105 4604 2312 4649 tantum
2340 4596 2735 4668 patriarcham,
2763 4613 2870 4651 non
2905 4598 3078 4654 solum
3114 4607 3398 4658 mentitum
3430 4620 3554 4664 esse

302 4688 625 4744 Abimelech
656 4689 791 4758 regi,
822 4688 912 4742 sed
947 4698 1003 4742 et
1032 4689 1344 4757 pudicitiam
1377 4689 1628 4760 conjugis
1654 4689 1996 4759 prodidisse?
2036 4689 2173 4756 Quid
2206 4707 2303 4747 nos
2333 4693 2566 4748 aediﬁcat
2602 4694 2737 4748 tanti
2776 4695 3099 4764 patriarcha:
3127 4713 3283 4764 uxor,
3319 4700 3362 4755 si
3392 4714 3549 4773 puteo

304 4793 393 4838 tur
421 4785 977 4840 contaminationiltus
1009 4784 1254 4854 exposita
1290 4799 1388 4853 per
1412 4785 1821 4838 conniventiam
1855 4785 2200 4841 maritalem?
2253 4786 2377 4842 Hth
2404 4785 2575 4843 Judaei
2608 4799 2821 4859 putent,
2869 4798 2925 4845 et
2949 4790 2995 4844 si
3030 4790 3123 4860 qui
3158 4809 3283 4849 cum
3312 4796 3394 4852 eis
3421 4812 3550 4857 sunt

302 4876 502 4933 litterae
534 4879 715 4943 amici,
753 4894 858 4933 non
911 4880 1156 4948 spiritus.
1188 4899 1208 4932 ι
1240 4878 1534 4934 Historiam
1572 4878 1832 4935 Rebeccae
1855 4897 2020 4950 quam
2068 4884 2233 4936 refert
2259 4882 2479 4939 humilia
2514 4884 2582 4938 10
2631 4886 2685 4939 in
2719 4886 2971 4941 eumdem
3019 4886 3295 4947 Geneseos
3325 4892 3544 4963 librum,

305 4971 410 5027 hac
437 4974 506 5027 ad
538 4973 817 5028 auditores
841 4974 1271 5044 interrogatione
1301 4975 1576 5029 concludit
1610 4990 1624 5028 :
1663 4994 1679 5026 ι
1708 4975 1831 5030 llaec
1865 4976 2072 5031 fabulas
2100 4977 2305 5046 putatis
2334 4994 2477 5044 esse,
2529 4990 2584 5034 et
2611 4980 2870 5034 historias
2903 4997 3129 5039 narrare
3161 4988 3213 5039 in
3250 4985 3546 5057 Scripturis

306 5063 571 5134 Spiritum
602 5074 849 5119 sanctum
870 5064 897 5118 ?
923 5102 938 5117 .
964 5101 980 5118 .
1013 5102 1028 5117 .
1091 5063 1244 5134 Stepe
1267 5065 1378 5135 jam
1406 5064 1514 5119 dixi
1548 5064 1689 5136 quod
1725 5065 1780 5119 in
1810 5066 1896 5120 bis
1930 5081 2034 5119 non
2066 5068 2306 5121 historia:
2337 5079 2650 5133 narrantur,
2684 5070 2777 5125 sed
2813 5074 3072 5141 mysteria
3103 5083 3492 5135 contexuntur.
3517 5100 3538 5132 ο

307 5157 543 5225 ltlipsum
578 5157 911 5226 paradoxum
960 5157 1206 5211 obtrudit
1234 5157 1452 5212 homilia
1490 5159 1663 5227 prima
1694 5159 1746 5212 in
1779 5159 2022 5214 Exodum
2050 5174 2065 5212 :
2104 5177 2125 5211 ι
2150 5158 2263 5213 Non
2310 5160 2487 5223 nobis,
2544 5162 2740 5229 inquit,
2774 5161 2889 5215 hzec
2919 5165 2985 5218 ad
3019 5165 3302 5221 historiam
3334 5172 3539 5243 scripta

307 5259 456 5313 sunt,
485 5266 660 5319 neque
685 5252 982 5320 putandum
1014 5260 1095 5306 est
1120 5251 1290 5307 libros
1333 5252 1545 5307 divinos
1577 5250 1956 5325 Egyptiorutn
2008 5263 2156 5323 gesta
2186 5268 2431 5307 narrare.
2481 5253 2587 5307 Sed
2623 5271 2744 5323 qua:
2777 5256 2978 5325 scripta
3014 5267 3161 5325 sunt,
3198 5259 3264 5314 ad
3298 5273 3537 5319 nostram

308 5344 614 5399 doctrinam
661 5345 858 5414 scripta
887 5353 1033 5399 sunt.
1061 5361 1079 5395 ι
1147 5344 1213 5399 Et
1241 5343 1461 5398 humilia
1492 5347 1543 5399 in
1574 5347 1823 5400 eumdem
1872 5345 2071 5400 librttm
2109 5347 2369 5407 secunda,
2414 5344 2503 5398 ubi
2532 5346 2597 5398 de
2624 5344 2895 5416 Egyptiis
2943 5348 3332 5406 obstetricibus
3362 5367 3543 5410 sermo

308 5446 390 5490 est
423 5449 441 5490 :
482 5455 501 5487 ι
529 5436 611 5502 Si,
644 5437 838 5506 inquit,
868 5437 1166 5491 secundum
1202 5435 1443 5492 historiae
1474 5437 1842 5492 narrationem
1873 5436 2211 5506 suscipienda
2239 5444 2425 5492 essent
2452 5450 2572 5503 quae
2598 5436 2804 5503 scripta
2839 5451 2991 5502 sunt,
3024 5441 3240 5495 videtur
3268 5441 3373 5494 hoc
3402 5445 3553 5514 quod

307 5528 440 5584 dicit
473 5529 777 5599 Scriptura,
826 5531 951 5599 quia
986 5545 1092 5584 non
1139 5529 1388 5584 fecerunt
1433 5528 1759 5585 obstetrices
1797 5528 2095 5586 secundum
2127 5530 2272 5601 quod
2318 5536 2657 5597 praeceperat
2701 5528 2783 5583 eis
2830 5545 2925 5585 rex
2950 5527 3191 5599 Egypti,
3239 5542 3387 5587 stare
3434 5550 3544 5592 non

382 5684 424 5756 ts
454 5683 496 5738 ιι
525 5686 651 5741 εον,
692 5703 774 5749 ιι,⁹
820 5688 874 5740 6,
961 5687 1005 5721 ει
1040 5689 1233 5746 Ezech.
1268 5706 1360 5756 xx,
1412 5689 1506 5743 ‘25.
1583 5690 1625 5721 "‘
1654 5689 1789 5744 Ibid.
1840 5692 1932 5747 2|.

2029 5692 2072 5724 ιο
2108 5691 2148 5747 u
2178 5691 2315 5745 Cor.
2338 5700 2431 5749 tu,
2467 5682 2524 5744 7,
2556 5681 2615 5736 8.
2684 5683 2723 5713 "
2754 5678 2907 5741 Rom.
2934 5701 3010 5749 tx,
3043 5685 3134 5742 15.
3207 5687 3250 5719 ιθ
3272 5684 3435 5752 ιιιιιιη
3464 5692 3554 5745 ω,

258 5775 261 5778 ⁴
314 5753 357 5787 ⁸³
390 5755 557 5813 lCor.
590 5772 628 5825 t,
659 5758 712 5813 5.
790 5759 835 5790 ¹⁰
869 5758 1005 5814 Gen.
1044 5776 1176 5825 xvu,
1216 5760 1301 5815 M.
1348 5753 1420 5793 ⁷²¹
1449 5760 1623 5817 Exod.
1657 5762 1891 5825 att-1.29.
