4000 6146
480 283 554 350 I9
1722 277 2060 335 PREFATN

2132 278 2218 332 AD
2257 279 2416 334 TOM.
2458 278 2522 334 Il.
3643 276 3712 329 20

477 414 658 484 posse.
691 417 708 448 ι
753 398 819 452 Ει
848 405 1132 469 postquam
1163 396 1342 467 inepta
1372 412 1599 467 prorsus
1624 411 1688 450 ac
1715 395 1853 449 futili
1884 393 2182 450 subtilitate
2213 395 2264 448 id
2287 396 2517 465 probare
2541 402 2769 449 conatus
2793 402 2893 459 est,
2927 395 3007 449 sic
3036 394 3206 450 infert
3241 411 3256 449 :
3293 410 3312 446 ς
3337 391 3464 449 Haec
3496 391 3708 447 interim

483 482 705 562 propter
731 505 825 544 eos
859 489 947 558 qui
979 488 1138 544 amici
1172 499 1296 544 sunt
1331 490 1544 554 litterae,
1580 497 1633 543 et
1664 503 1768 543 non
1801 496 1989 556 putant
2018 486 2189 557 legem
2226 486 2523 557 spiritalem
2552 503 2694 552 esse,
2724 497 2778 540 et
2801 488 3123 556 spiritaliter
3146 485 3564 553 intelligendam.
3608 482 3712 537 Sed

475 598 575 642 nos
608 583 701 653 qui
728 585 905 636 omnia
938 599 1058 653 qtne
1084 584 1284 654 scripta
1312 594 1458 646 sunt,
1498 598 1602 637 non
1635 597 1734 652 pro
1764 581 2167 637 narrationibus
2192 582 2601 650 antiquitatum,
2632 581 2727 635 sed
2749 596 2848 649 pro
2876 580 3163 649 disciplina
3187 588 3242 632 et
3270 577 3500 631 utilitate
3530 585 3712 628 nostra

476 674 765 732 didicimus
791 675 1012 744 scripta,
1045 677 1158 730 haec
1195 692 1312 744 qum
1336 677 1604 745 leguntur,
1641 674 1801 729 etiam
1836 686 1978 728 nunc
2005 671 2120 727 fieri
2155 673 2207 727 in
2247 675 2347 727 hoc
2375 674 2599 737 mundo,
2630 675 2720 741 qui
2751 671 3019 742 [Egyptus
3047 670 3341 741 figuraliter
3364 668 3585 731 dicitur,
3619 666 3711 721 sed

474 764 529 818 in
563 781 889 836 unoquoque
918 778 1159 822 nostrum
1190 768 1642 838 deprehendimus
1666 804 1682 821 .
1709 805 1724 827 .
1753 804 1769 819 .
1811 763 1925 817 lloc
1953 762 1996 818 si
2030 764 2102 816 ita
2134 765 2452 834 accipiatur,
2489 777 2546 817 ut
2595 765 2854 832 scriptum
2884 774 2986 829 est,
3020 777 3124 816 non
3159 761 3330 816 solum
3360 760 3493 813 nihil
3522 772 3712 813 conse-

472 861 732 929 quentiae,
771 862 865 916 sed
898 872 954 916 et
986 863 1262 916 inanitatis
1296 862 1493 921 habere
1526 859 1817 929 plurimum
1866 855 2161 917 videbitur.
2187 877 2206 911 ι
2258 858 2431 916 Aliam
2470 856 2732 923 triumphi
2769 855 3048 911 materiam
3100 852 3366 925 reperisse
3408 863 3480 908 se'
3507 851 3713 919 putavit

473 950 528 1007 in
561 959 751 1005 octavo
784 960 838 1007 et
887 968 1031 1007 nono
1077 953 1240 1008 Josue
1273 953 1565 1021 capitibus,
1598 952 1690 1005 ubi
1725 949 1887 1006 Josue
1915 952 2119 1012 dicitur
2150 964 2216 1011 ex
2245 963 2506 1017 expresso
2534 948 2625 1002 Dei
2660 956 2715 1003 et
2752 946 2950 1019 Moysis
2984 948 3238 1027 mandato
3272 947 3537 1014 integrum
3572 943 3710 996 Deuo

473 1041 834 1105 teronomium
888 1045 939 1099 in
971 1045 1241 1115 lapidibus
1272 1045 1632 1114 inscripsisse.
1699 1065 1717 1095 ι
1741 1044 2022 1111 Quomodo
2051 1044 2250 1116 (inquit
2279 1042 2501 1101 homilia
2533 1041 2567 1097 9
2618 1041 2673 1095 in
2705 1039 2889 1111 Josue)
2936 1040 3173 1110 potuerit
3207 1034 3338 1096 tam‘
3361 1050 3613 1111 magnum
3644 1032 3711 1087 li-

470 1135 632 1199 hrum
664 1136 746 1189 vel
780 1137 1179 1203 assistentibus,
1231 1140 1312 1193 vel
1362 1139 1808 1209 permanentibus
1845 1139 1916 1194 ibi
1949 1139 2073 1194 filiis
2104 1138 2267 1194 Israel
2301 1137 2637 1203 describere,
2670 1139 2742 1207 ita
2796 1146 2855 1191 ut
2897 1152 3005 1191 non
3052 1135 3394 1191 discederent
3433 1144 3710 1201 usquequo

471 1229 744 1297 Scriptura
780 1241 856 1285 tet
886 1246 1138 1287 versuum
1178 1233 1462 1289 finiretur?
1498 1233 1596 1291 Vel
1629 1236 1795 1292 etiam
1829 1239 2103 1306 quomodo
2138 1237 2417 1306 potuerint
2448 1235 2652 1306 lapides
2681 1234 2869 1288 altaris
2905 1233 3049 1289 ferre
3086 1239 3194 1285 tam
3228 1230 3406 1300 magni
3437 1227 3555 1282 libri
3589 1243 3713 1279 con-

471 1321 808 1380 tinentiam?
864 1323 1056 1378 Dicant
1100 1327 1232 1380 mihi
1282 1328 1369 1382 isti
1399 1340 1700 1385 assertores
1731 1328 1923 1386 littera:
1958 1329 2151 1394 Judaei,
2201 1328 2294 1397 qui
2327 1329 2578 1398 spiritum
2612 1327 2745 1397 legis
2785 1329 3057 1397 ignorant,
3109 1326 3378 1395 quomodo
3410 1321 3461 1375 in
3498 1321 3597 1375 hoc
3626 1319 3711 1375 hi-

469 1413 658 1476 storiae
683 1416 884 1471 veritas
912 1418 1336 1475 demonstratur.
1361 1440 1382 1474 ι
1419 1422 1536 1477 Alia
1560 1424 1827 1492 ejusmodi
1856 1425 2101 1494 exempla
2129 1422 2336 1494 profert
2367 1423 2462 1477 lih.
2488 1438 2541 1477 tv
2569 1422 2642 1476 De
2668 1424 2963 1493 principiis,
2994 1436 3144 1477 num.
3183 1420 3250 1474 16
3282 1444 3293 1475 ;
3332 1437 3349 1470 σ
3374 1418 3505 1486 Quis
3526 1417 3709 1488 igitur,

468 1507 667 1577 inquit,
698 1525 847 1565 sana:
882 1514 1078 1569 mentis
1103 1515 1498 1573 existimaverit
1532 1520 1766 1590 primam
1795 1529 1850 1576 et
1881 1522 2173 1575 secundam
2207 1528 2260 1574 et
2287 1520 2507 1572 tertiam
2537 1518 2701 1583 diem,
2736 1528 2791 1572 et
2818 1531 3126 1587 vesperam,
3156 1523 3211 1568 et
3241 1528 3400 1573 mane
3426 1512 3544 1565 sine
3572 1506 3708 1575 sole,

469 1599 621 1667 luna,
645 1612 701 1655 et
728 1601 925 1670 stellis,
961 1614 1016 1660 et
1045 1620 1165 1661 eam
1199 1622 1318 1678 quae
1353 1609 1514 1665 veluti
1546 1612 1717 1681 prima
1749 1621 1890 1677 erat,
1918 1612 2059 1668 diem
2092 1612 2213 1666 sine
2243 1609 2384 1666 caelo
2414 1609 2622 1665 fuisse?
2657 1609 2787 1675 Quis
2812 1610 2947 1665 adeo
2995 1608 3245 1668 stolidus,
3273 1616 3330 1659 ut
3359 1614 3510 1675 putet
3539 1603 3706 1659 Deum

468 1708 620 1755 more
640 1694 876 1755 hominis
906 1699 1155 1764 agricolae
1176 1700 1449 1770 plautasse
1478 1704 1693 1759 hortum
1746 1707 1796 1759 in
1825 1705 1976 1760 Edeu
2028 1703 2093 1756 ad
2119 1704 2406 1767 orientem,
2444 1703 2533 1757 ubi
2569 1702 2769 1774 lignum
2798 1700 2921 1754 vitae
2948 1699 3188 1769 posuerit
3217 1698 3362 1767 quod
3393 1694 3493 1751 sub
3523 1693 3710 1750 oculos

468 1794 526 1840 et
571 1802 763 1843 sensus
794 1790 1037 1856 caderet,
1070 1803 1129 1846 ut
1159 1795 1249 1863 qui
1283 1797 1561 1865 corporeis
1591 1797 1847 1853 dentibus
1897 1798 2130 1853 fructum
2175 1805 2473 1868 gustasset,
2504 1796 2669 1850 vitam
2705 1794 2829 1851 inde
2861 1793 3150 1860 reciperet,
3181 1797 3236 1843 et
3269 1802 3458 1841 rursus
3502 1785 3628 1840 boui
3657 1791 3712 1836 et

467 1878 596 1933 ma”
628 1882 902 1952 Ρθΐιῖοερε
928 1884 1107 1947 ἣδε-ει,
1157 1889 1248 1957 qui
1295 1887 1529 1943 fructum
1558 1905 1625 1945 ex
1658 1891 1762 1946 hac
1792 1891 1997 1947 arbore
2024 1891 2339 1959 decerptum
2370 1887 2738 1943 comedisset?
2785 1885 2851 1941 Et
2879 1901 2999 1940 cum
3027 1883 3169 1947 Deus
3201 1881 3427 1935 meridie
3455 1880 3507 1932 in
3547 1891 3709 1947 para-

465 1968 586 2035 diso
616 1972 897 2030 ambulare
941 1976 1160 2045 dicitur,
1204 1991 1263 2035 et
1288 1980 1460 2035 Adam
1493 1982 1593 2036 sub
1635 1985 1833 2038 arbore
1864 1983 2201 2046 delitescere,
2237 1982 2506 2037 neminem
2544 1981 2782 2035 arbitror
2808 1979 3058 2041 dubitare
3104 1976 3189 2033 his
3219 1977 3447 2044 tignrate
3479 1987 3579 2043 per
3605 1986 3707 2040 ap-

464 2071 747 2140 parentem
778 2063 1087 2133 historiam,
1116 2083 1236 2137 qua:
1266 2078 1442 2124 tamen
1471 2072 1826 2142 corporaliter
1858 2089 1964 2129 non
1992 2074 2308 2143 contigerit,
2339 2071 2587 2141 quaedam
2621 2071 2849 2126 indicari
2882 2070 3160 2142 mysteria.
3210 2069 3346 2124 Cain
3374 2078 3586 2135 quoque
3617 2078 3706 2117 re?

462 2151 667 2215 Cedens
693 2167 724 2206 a
782 2170 1072 2228 conspectu
1112 2161 1226 2231 Dei,
1285 2163 1573 2224 manifeste
1620 2165 1940 2234 prudentem
1992 2165 2247 2221 lectorem
2279 2175 2458 2218 movet
2511 2173 2570 2218 ut
2598 2164 2840 2233 requirat
2872 2164 3003 2234 quid
3046 2161 3213 2216 facies
3244 2158 3337 2215 Dei
3389 2158 3483 2221 sit,
3515 2167 3570 2211 et
3599 2171 3708 2227 quo

461 2260 624 2313 βθιιευ
658 2250 780 2319 quis
812 2253 963 2308 exire
1013 2256 1180 2323 possit
1224 2256 1293 2317 ab
1322 2273 1404 2312 ea.
1474 2261 1578 2314 Sed
1612 2260 1743 2330 quid
1782 2260 1976 2313 attinet
2004 2261 2158 2328 plura
2192 2259 2396 2324 dicere,
2449 2274 2571 2313 cum
2606 2258 2887 2312 innumera
2931 2256 3196 2326 ejusmodi
3250 2253 3455 2324 scripta
3482 2251 3703 2323 quidem

461 2353 584 2401 csse
612 2349 866 2413 tanquam
905 2359 1056 2425 gesta
1085 2349 1314 2417 fuerint;
1351 2368 1456 2409 non
1485 2363 1634 2433 gesta
1681 2369 1809 2413 vero
1834 2362 1898 2417 ut
1932 2354 2108 2417 littera
2138 2361 2317 2417 sonat,
2366 2353 2563 2417 ouivis,
2597 2353 2757 2406 modo
2790 2367 2896 2405 non
2930 2350 3088 2420 plane
3113 2348 3281 2419 stipes
3310 2346 3402 2415 sit,
3446 2345 3707 2414 colligere

459 2437 654 2516 possit.
675 2455 695 2497 ῃ

460 2575 490 2661 ᾗ
546 2575 723 2661 νμη
750 2579 925 2634 littera
969 2591 1019 2635 et
1047 2582 1283 2636 historiis
1327 2583 1638 2661 evangelicis
1666 2583 1903 2661 admittit
1932 2583 2181 2661 Origenes
2218 2579 2513 2644 mendacia,
2537 2587 2585 2661 et
2699 2577 3010 2661 videbantur
3041 2576 3373 2646 evangelista:
3402 2578 3544 2647 facta
3569 2593 3706 2661 non-

528 2649 678 2711 nulla
704 2648 818 2705 loco
862 2669 969 2717 non
996 2670 1094 2717 suo
1128 2670 1373 2708 narrasse
1405 2647 1873 2723 et'interpolasse;
1907 2657 2014 2707 alia
2032 2647 2218 2708 autem
2251 2661 2305 2704 ut
2333 2662 2476 2720 gesta
2504 2647 2762 2715 retulisse,
2797 2664 2916 2721 qua:
2952 2659 3126 2702 tamen
3175 2665 3439 2718 nunquam
3475 2649 3711 2717 conlige.

530 2730 677 2773 runt.

537 2830 664 2894 sAd
699 2829 1148 2900 approbationem
1183 2831 1376 2891 horum
1415 2831 1618 2901 (inquit
1664 2830 1854 2886 bomil.
1877 2829 1911 2884 6
1946 2831 1998 2883 in
2033 2830 2249 2902 Isaiam)
2283 2841 2340 2886 et
2381 2832 2610 2888 alterius
2655 2831 2843 2907 scripti
2891 2830 2960 2889 de
2998 2829 3289 2902 Evangelio
3338 2832 3705 2887 testimonium

460 2921 823 2999 proferemus,
858 2924 999 2991 quod
1026 2922 1182 2992 juxta
1213 2938 1309 2983 eos
1357 2925 1448 2998 qui
1500 2934 1707 2979 tantum
1745 2924 1982 2978 litteram
2024 2938 2350 2993 sequuntur,
2388 2925 2728 2980 mendacium
2760 2934 2866 2981 est.
2920 2924 3061 2985 Dicit
3088 2922 3343 2979 Salvator
3365 2932 3421 2978 et
3448 2922 3706 2978 Dominus

461 3028 650 3086 poster
676 3020 742 3071 ad
771 3018 1066 3088 discipulos
1099 3018 1151 3071 iu
1189 3017 1481 3088 Evangelio
1510 3017 1812 3073 secundum
1850 3019 2119 3074 Joannem
2150 3037 2164 3074 :
2193 3020 2255 3074 Si
2304 3021 2660 3086 credideritis,
2690 3037 2794 3074 non
2823 3021 2993 3075 solum
3012 3035 3131 3095 quae
3159 3035 3251 3090 ego
3282 3017 3446 3087 facio,
3472 3015 3704 3085 facietis,

460 3110 552 3175 sed
578 3121 626 3164 et
657 3111 864 3181 majora
908 3112 1094 3165 horum
1127 3110 1335 3179 facietis
1355 3112 1423 3166 “.
1464 3110 1754 3173 Videamus
1782 3126 1913 3181 ergo
1948 3112 1991 3165 si
2038 3112 2244 3180 majora
2275 3112 2454 3185 aliqua
2483 3112 2716 3174 fecerint
2747 3113 3020 3182 discipuli.
3055 3113 3192 3179 Quid
3226 3111 3399 3182 majus
3426 3118 3510 3164 est
3540 3125 3702 3177 quam

460 3213 733 3270 mortuum
764 3204 1068 3259 suscitare?
1091 3203 1245 3271 Quis,
1275 3218 1380 3258 non
1412 3204 1534 3267 dico
1563 3213 1828 3269 nostrum,
1865 3205 1959 3258 sed
1993 3204 2389 3274 apostolorum,
2427 3212 2697 3258 mortuum
2734 3205 3058 3258 suscitavit?
3103 3204 3291 3260 Refert
3323 3205 3544 3259 historia
3575 3203 3702 3272 quia

459 3294 661 3365 Paulus
687 3296 991 3376 Eutychum
1026 3297 1375 3359 resuscitavit
1412 3311 1442 3350 a
1476 3298 1726 3363 mortuis,
1763 3306 1819 3352 et
1850 3295 2047 3351 Petrus
2081 3295 2358 3358 Tabitam,
2403 3311 2523 3373 quae
2559 3297 2953 3365 interpretatur
3000 3299 3220 3352 Dorcas.
3280 3301 3389 3353 Ista
3439 3306 3617 3353 autem
3649 3308 3706 3353 et

461 3388 565 3459 alia
595 3390 904 3459 hujusmodi
937 3390 1166 3444 inveniri
1195 3399 1444 3459 possunt.
1488 3389 1591 3446 Ubi
1626 3399 1750 3445 sunt
1782 3391 2025 3460 majora?
2073 3390 2180 3446 Sed
2210 3400 2264 3444 et
2301 3406 2474 3451 cazcos
2509 3389 2762 3450 Salvator
2799 3389 2926 3445 fecit
2958 3406 3177 3445 rursum
3209 3391 3414 3455 videre,
3450 3400 3526 3456 et,
3560 3392 3702 3460 quod

461 3486 639 3554 majus
670 3496 776 3552 est,
807 3502 902 3552 eos
936 3487 1025 3557 qui
1059 3487 1139 3543 sic
1168 3487 1281 3541 nati
1318 3487 1558 3542 fuerunt.
1615 3487 1921 3547 Exhibeant
1955 3504 2091 3558 quos
2121 3502 2297 3542 caecos
2327 3489 2393 3542 ab
2422 3498 2579 3551 utero
2607 3487 2856 3545 manibus
2896 3488 3260 3557 apostolorum
3296 3496 3515 3550 curatos
3540 3500 3699 3556 aspe-

461 3581 663 3647 xerint.
707 3581 774 3636 Et
806 3580 910 3643 alia
946 3580 1158 3643 infinita
1195 3588 1376 3654 potest.
1402 3580 1469 3634 de
1501 3580 1798 3649 Evangelio
1824 3581 2071 3645 invenire
2104 3582 2197 3650 qui
2224 3582 2438 3657 quaerit,
2485 3579 2612 3649 quia
2642 3594 2816 3654 neque
2844 3579 3069 3648 apostoli
3099 3579 3181 3633 his
3214 3581 3416 3649 majora
3452 3579 3701 3641 fecerint,

458 3686 638 3741 neque
668 3687 854 3735 eorum
885 3686 1250 3727 successores.
1293 3670 1493 3727 Verum
1526 3685 1705 3726 sermo
1733 3671 2026 3741 Scriptura:
2053 3675 2167 3728 tale
2198 3674 2456 3742 quiddam
2489 3671 2700 3726 locutus
2723 3681 2806 3725 est
2836 3688 2850 3730 :
2884 3670 2976 3727 llis
3009 3686 3129 3741 quae
3160 3687 3261 3741 ego
3291 3671 3416 3737 feci,
3447 3686 3705 3740 corpora-

457 3765 602 3827 tibus
639 3778 731 3819 vos
763 3762 964 3829 majora
1016 3761 1252 3831 facietis.
1311 3762 1418 3832 Ego
1447 3762 1559 3821 feci.
1599 3776 1885 3833 resurgere
1917 3776 1984 3817 ex
2018 3763 2244 3827 mortuis
2271 3762 2653 3832 corporaliter,
2709 3775 2802 3815 vos
2837 3775 3121 3839 resurgere
3149 3760 3356 3816 facietis
3382 3776 3449 3816 ex
3475 3763 3702 3818 mortuis

456 3855 794 3927 spiritaliter.
840 3853 948 3924 Ego
983 3855 1142 3915 caecis
1174 3854 1430 3908 sensibile
1473 3854 1576 3909 hoc
1636 3853 1816 3909 lumen
1870 3852 2037 3908 iufttdi
2075 3877 2087 3911 :
2116 3870 2212 3918 vos
2237 3853 2531 3923 spiritalem
2561 3853 2735 3908 lucem
2783 3869 2890 3907 non
2918 3853 3225 3907 videntibus
3254 3853 3472 3908 dabitis.
3518 3853 3700 3926 Usque

457 3953 527 4016 ad
560 3952 704 4012 hanc
730 3958 911 4006 autem
945 3951 1088 4008 diem
1123 3951 1237 4015 haec
1274 3949 1478 4016 majora
1526 3949 1680 4017 signa
1711 3948 2085 4018 corporalibus
2117 3966 2238 4020 qua:
2267 3949 2396 4003 fecit
2419 3948 2600 4013 Jesus,
2643 3963 2745 4024 ego
2777 3948 2932 4011 video
2965 3948 3081 4002 fieri
3111 3963 3208 4017 per
3237 3947 3580 4004 fidelissimos
3615 3951 3700 4005 di-

453 4045 697 4114 scipulos
726 4043 918 4115 .lesu,p
990 4043 1159 4113 Temo
1193 4045 1479 4099 undecimo
1512 4044 1564 4099 in
1595 4043 1859 4106 Joannem
1921 4045 2133 4108 dubitat
2172 4061 2240 4100 an
2290 4060 2478 4100 revera
2511 4044 2759 4099 Christus
2805 4044 3104 4105 vendentes
3138 4058 3168 4098 e
3202 4042 3401 4112 templo
3436 4045 3696 4114 ejeccrit:

464 4156 486 4199 ι
507 4137 563 4193 Si
594 4147 795 4202 tamen,
825 4136 1021 4205 inquit,
1056 4138 1168 4191 haec
1193 4137 1419 4191 historia
1451 4137 1700 4208 contigit.
1723 4157 1743 4190 ι
1780 4138 2068 4200 Dubitandi
2101 4152 2289 4192 ansam
2325 4138 2449 4192 inde
2479 4138 2664 4207 sumit,
2694 4140 2837 4205 quod
2866 4138 3011 4206 apud
3039 4135 3176 4191 alios
3201 4147 3313 4190 tres
3342 4139 3701 4203 evangelistas

458 4235 762 4311 ingressum
793 4230 917 4285 Jesu
957 4230 1159 4285 Christi
1191 4231 1242 4284 in
1269 4229 1568 4285 Jerusalem
1618 4233 1733 4286 haec
1765 4232 1996 4286 historia
2031 4232 2290 4301 excipiat,
2323 4248 2352 4284 a
2386 4231 2596 4286 Joanne
2622 4246 2750 4285 vero
2798 4230 3158 4299 conjuugatut‘
3192 4229 3428 4298 ejusdem
3460 4232 3637 4286 itineri
3671 4248 3702 4287 e

455 4327 677 4385 Galilaaa
715 4327 768 4389 in
799 4325 1098 4392 Jerusalem
1134 4336 1255 4399 post
1296 4326 1616 4380 miraculum
1650 4328 1702 4387 in
1738 4328 1942 4397 nuptiis
1992 4337 2286 4396 patratum.
2343 4327 2401 4382 lu
2433 4327 2684 4393 confesso
2720 4342 2861 4380 nunc
2888 4335 2971 4379 est
3015 4326 3153 4403 apud
3186 4339 3374 4379 omnes
3407 4326 3487 4379 bis
3519 4343 3546 4379 a
3574 4326 3698 4382 Jesu

460 4424 760 4480 sentientes
790 4436 822 4475 e
873 4418 1074 4499 templo
1114 4419 1318 4489 ejectos
1370 4420 1558 4489 fuisse,
1616 4423 1689 4476 uti
1726 4422 1893 4492 liquet
1923 4437 1991 4479 ex
2024 4424 2205 4478 verbis
2235 4423 2697 4493 evangelistarum
2747 4423 2891 4476 inter
2916 4434 2977 4474 se
3023 4419 3254 4475 collatis.
3305 4420 3481 4474 Aliter
3515 4429 3695 4474 tamen

459 4515 630 4568 sentit
657 4514 943 4587 Origenes,
979 4529 1077 4567 nec
1108 4513 1222 4567 fieri
1256 4529 1414 4584 posse
1440 4515 1739 4578 existimat,
1769 4523 1829 4568 ut
1859 4515 2344 4570 contradictionem
2377 4515 2647 4583 ejusmodi
2674 4515 2941 4583 quispiam
2977 4523 3273 4579 removeat,
3325 4514 3561 4589 quandiu
3616 4515 3700 4567 hi-

459 4606 666 4661 storico
698 4606 880 4661 sensui
915 4607 1236 4662 adhaerebit.
1292 4605 1458 4677 Negat
1488 4608 1582 4662 lib.
1613 4623 1661 4660 tv
1694 4607 1770 4662 De
1799 4610 2097 4678 principiis,
2143 4624 2290 4664 num.
2318 4610 2406 4672 16,
2452 4609 2730 4663 Christum
2760 4624 2788 4660 a
2826 4606 3042 4670 diabolo
3078 4607 3398 4661 translatum
3437 4606 3603 4660 fuisse
3645 4607 3696 4659 in

457 4697 734 4757 excelsum
786 4708 1045 4763 montem,
1100 4700 1245 4752 unde
1294 4714 1400 4752 uuo
1431 4709 1701 4764 momento
1744 4702 1929 4754 omnia
1956 4701 2106 4757 orbis
2153 4711 2422 4767 terrarum
2455 4716 2619 4770 regna
2654 4700 2753 4754 sub
2781 4700 2967 4754 oculos
3001 4700 3117 4770 ejus
3151 4700 3466 4770 subjecerit.
3506 4718 3526 4750 ‹
3558 4700 3697 4753 Sex-

457 4797 614 4843 centa
641 4788 772 4857 alia,
808 4789 1003 4859 inquit,
1039 4791 1124 4845 his
1155 4790 1351 4853 similia
1383 4791 1434 4856 in
1464 4791 1772 4862 Evangeliis
1798 4797 2089 4850 observare
2114 4794 2241 4850 licet
2270 4795 2531 4851 attentius
2563 4793 2763 4863 legenti
2802 4811 2815 4847 :
2851 4793 2992 4847 unde
3021 4792 3234 4860 colliget
3259 4792 3324 4845 iis
3350 4806 3469 4860 quae
3503 4807 3699 4845 secun-

460 4884 588 4938 dum
634 4870 1053 4956 litteram-gesta
1107 4894 1256 4951 sunt,
1287 4885 1393 4941 alia
1434 4896 1642 4941 attexta
1694 4903 1814 4944 esse
1843 4905 1961 4958 qua"
2012 4906 2118 4945 non
2165 4892 2526 4961 contigerunt.
2554 4908 2572 4941 ι
2630 4887 2826 4942 Durius
2867 4888 3045 4942 adhuc
3084 4887 3321 4956 loquitur
3352 4895 3406 4940 et
3438 4886 3693 4953 majorem

460 4972 740 5044 paradoxa
771 4990 869 5029 suo
901 4976 1311 5046 amplitudinem
1348 4975 1539 5031 tribuit
1590 4989 1719 5033 tom.
1753 4995 1782 5032 χ
1815 4980 1865 5033 in
1902 4979 2086 5048 Joan.,
2137 4997 2286 5036 num.
2312 4981 2368 5045 2,
2425 4981 2513 5035 ubi
2548 4981 2616 5034 de
2647 4994 2860 5034 recessu
2895 4979 3020 5033 Jesu
3068 4979 3120 5032 in
3149 4978 3421 5033 Galilaeam
3454 4982 3567 5035 hzec
3596 4981 3694 5034 ad—

460 5074 652 5120 notat:
684 5082 702 5117 t
731 5064 999 5122 Harumce
1030 5084 1209 5122 rerum
1242 5070 1526 5125 veritatem
1555 5069 1716 5124 sitam
1766 5086 1888 5127 csse
1919 5088 2143 5137 necesse
2171 5083 2257 5127 est
2290 5074 2343 5127 in
2373 5088 2532 5128 sensu
2564 5071 2790 5142 spiritali
2817 5089 2832 5137 ;
2884 5082 2976 5124 aut
3002 5071 3047 5124 si
3080 5071 3418 5125 dissonantia
3448 5087 3551 5125 non
3584 5072 3692 5125 sol-

459 5160 623 5225 vitur,
675 5160 1035 5217 recedendum
1086 5170 1171 5215 est
1214 5178 1240 5213 a
1280 5161 1383 5216 fide
1427 5162 1863 5232 Evangeliorum,
1903 5177 2158 5237 tanquam
2194 5184 2316 5239 quae
2345 5182 2471 5222 vere
2506 5182 2610 5221 non
2658 5168 2766 5220 sint
2793 5166 2990 5232 scripta
3039 5180 3135 5232 per
3178 5162 3459 5233 Spiritum,
3517 5182 3694 5234 neque

458 5254 570 5319 sint
601 5250 891 5333 diviniora,
919 5269 1093 5323 neque
1121 5257 1327 5326 Optimo
1358 5258 1549 5312 ordine
1580 5270 1965 5323 commentata.
2029 5261 2272 5333 Utroque
2297 5262 2444 5317 enim
2477 5260 2634 5315 modo
2676 5259 2873 5314 dicitur
2902 5255 3186 5325 Scriptura
3222 5257 3469 5312 ordinata
3503 5256 3690 5312 fuisse.

458 5345 558 5411 Qui
594 5346 738 5405 enim
790 5347 1059 5415 recipiunt
1105 5360 1341 5425 quatuor
1370 5350 1684 5427 Evangelia,
1737 5369 1836 5409 nec
1865 5357 2185 5411 existimant
2232 5364 2580 5427 apparentem
2613 5353 3015 5408 dissonantiam
3041 5366 3283 5423 auagoge
3310 5352 3551 5418 dissolvi,
3587 5352 3695 5406 sol-

460 5448 591 5492 vant
626 5438 911 5508 praedictas
942 5456 970 5503 ξι
1006 5442 1162 5496 nobis
1192 5442 1557 5502 dubitationes
1600 5448 1666 5501 de
1716 5449 2074 5521 quadraginta
2123 5448 2316 5504 diebus
2351 5447 2689 5512 tentationis,
2724 5444 2815 5514 qui
2848 5443 3073 5498 minime
3100 5438 3293 5499 'locum
3342 5444 3540 5500 habere
3568 5459 3695 5514 pos-

462 5537 590 5583 sunt
622 5531 761 5600 apud
787 5528 1071 5587 Joannem.
1132 5534 1344 5603 Dicant,
1383 5540 1599 5607 quando
1642 5540 1807 5596 fuerit
1835 5541 1993 5599 Jesus
2025 5541 2353 5627 Capharnai.
2390 5540 2525 5607 Nam
2556 5540 2599 5596 si
2640 5548 2762 5622 post
2793 5552 2887 5603 sex
2920 5552 2947 5600 ει
2981 5536 3249 5618 baptismo
3275 5553 3374 5594 suo
3420 5538 3557 5604 diCS.
3590 5537 3691 5594 fuit

526 5708 574 5759 9³
604 5709 757 5767 Joan.
800 5730 907 5779 κη’,
946 5714 1028 5769 l2.
