4000 6146
294 290 354 345 91
1580 273 1874 330 ΡΒΔΕΡΑΤ

1990 271 2082 326 AD
2117 271 2279 327 TOM.
2310 269 2372 324 11.
3464 257 3536 320 22

299 405 619 475 C-apharnai,
649 419 772 458 cum
821 409 972 458 sexta
1000 403 1087 455 die
1115 399 1316 454 factum
1352 400 1422 454 sit
1471 399 1524 452 in
1553 398 1757 467 nuptiis
1791 399 1843 451 in
1873 397 2018 451 Cana
2044 393 2275 449 Galilaate
2326 391 2664 448 miraculum.
2705 390 3043 460 perspicuum
3079 399 3182 454 est,
3213 402 3385 460 neque
3414 398 3535 441 ten-

300 509 464 556 tatum
495 498 684 559 fuisse,
717 511 895 566 neque
943 495 995 548 in
1028 492 1256 546 Nazaris
1288 491 1478 554 fuisse,
1516 505 1692 559 neque
1725 489 1988 544 Joannem
2024 486 2279 540 traditum
2311 485 2496 539 fuisse.
2521 503 2541 536 ιν
2600 484 2658 537 Et
2690 483 2849 551 paulo
2877 495 3000 552 post
3029 503 3039 535 :
3074 502 3091 534 ι
3115 482 3264 550 Quod
3295 482 3338 537 si
3365 482 3535 536 inter-

295 593 605 664 rogantibus
634 591 787 644 nobis
812 589 1026 658 quando
1057 588 1292 656 primum
1325 585 1424 639 fuit
1456 585 1508 639 in
1541 585 1860 653 Capharnao
1887 581 2159 643 Christus,
2194 581 2284 647 qui
2320 580 2606 634 lectionem
2640 576 2879 630 Matthzei
2931 577 3379 645 reliquorumque
3405 573 3542 630 duo-

294 703 410 743 rum
466 693 788 754 sequuntur,
828 683 1034 747 dicent,
1081 691 1204 750 post
1243 680 1620 740 tentationcm,
1667 678 1883 745 quando
1940 677 2126 731 relicta
2165 675 2434 730 Nazarer
2486 673 2759 743 profectus
2811 671 3077 725 habitavit
3107 669 3160 723 in
3195 668 3540 737 Capharnao,

296 795 411 846 qua:
440 789 522 832 est
573 779 765 832 civitas
795 776 1067 831 maritima
1095 791 1110 839 ;
1159 773 1427 842 quomodo
1476 769 1640 824 simul
1665 785 1851 823 verum
1901 783 2022 823 esse
2069 769 2254 824 dicent
2287 778 2340 821 ct
2368 768 2494 822 illud
2526 767 2666 835 quod
2701 769 2839 835 apud
2874 764 3185 818 Matthzeum
3218 771 3273 816 et
3300 761 3541 816 Marcum

294 873 496 929 dictum
529 880 631 940 est,
667 871 850 927 Jesum
882 871 1176 926 secessisse
1208 870 1260 922 in
1293 867 1593 927 Galilaeam,
1625 874 1877 933 tanquam
1919 865 2010 932 qui
2040 863 2284 916 audisset
2313 861 2575 916 Joannem
2612 861 2869 914 traditum
2901 860 3098 924 fuisse;
3131 869 3183 912 et
3213 858 3365 922 illud,
3401 858 3544 925 quod

293 973 522 1042 positum
560 977 646 1023 est
698 968 840 1036 apud
890 964 1181 1026 Joannem,
1234 960 1472 1015 nondum
1524 959 1694 1014 fuisse
1728 959 2029 1026 Baptistam
2066 958 2374 1024 conjectum
2407 957 2458 1009 in
2506 971 2805 1024 carcerem,
2838 955 2930 1010 sed
2962 954 3242 1023 baptizare
3279 952 3329 1005 in
3365 949 3546 1004 [Enen

291 1066 433 1134 iuxta
461 1060 673 1116 Salim?
721 1058 774 1112 id
803 1057 945 1126 quod
979 1055 1200 1122 ponitur
1229 1061 1350 1120 post
1379 1049 1722 1104 mansionem
1755 1050 1966 1103 Domini
2005 1049 2060 1103 in
2093 1049 2441 1118 Capharnao,
2488 1057 2540 1103 et
2564 1057 2682 1114 post
2711 1061 2998 1101 ascensum
3031 1045 3096 1098 ad
3127 1045 3545 1116 Jerosolymam'

298 1159 528 1226 indeque
563 1155 630 1210 ad
660 1153 900 1208 Judaeam
931 1150 1273 1212 descensum,
1328 1152 1382 1198 et
1411 1153 1533 1214 post
1564 1143 1765 1197 multas
1797 1143 1934 1197 alias
1967 1144 2085 1212 ejus
2115 1144 2379 1198 actiones.
2407 1141 2609 1198 sPorro
2627 1140 2998 1212 Evangelistas
3024 1141 3126 1194 bac
3157 1139 3270 1193 sola
3312 1154 3550 1196 excusa-

293 1258 439 1311 tione
469 1252 727 1320 dignatur
760 1247 958 1301 ibidem
985 1247 1235 1302 num.4:¢
1265 1241 1379 1296 Non
1408 1239 1746 1310 reprehendo
1775 1248 1957 1294 autem
1989 1241 2136 1308 ipsos
2177 1239 2360 1309 aliquo
2390 1245 2548 1307 pacto
2577 1238 2979 1307 transposuisse
3011 1235 3078 1291 ad
3108 1235 3396 1290 utilitatem
3429 1248 3551 1306 my-

293 1349 441 1404 stica:
469 1337 932 1400 considerationis
973 1337 1165 1390 harmn
1212 1350 1419 1394 rerum,
1469 1332 1544 1397 id,
1591 1331 1735 1399 quod
1765 1331 2049 1401 (quantum
2075 1333 2269 1388 attinet
2296 1333 2362 1387 ad
2407 1331 2711 1396 historiam)
2742 1333 2845 1388 alio
2871 1332 3028 1386 modo
3065 1332 3268 1386 factum
3328 1330 3547 1398 fuerat;

293 1442 366 1497 ita
389 1450 449 1495 ut
469 1437 614 1506 quod
640 1451 748 1489 uno
771 1435 892 1488 loco
915 1431 1118 1486 factum
1143 1429 1343 1491 fuerat,
1378 1437 1637 1496 tanquam
1671 1427 1724 1481 in
1749 1426 1856 1481 alio
1882 1439 2096 1497 gestum
2128 1429 2222 1494 sit,
2260 1437 2579 1492 narrarent;
2611 1437 2666 1482 et
2695 1427 2836 1496 quod
2863 1443 2970 1483 uno
3001 1437 3264 1497 tempore,
3295 1437 3550 1498 tanquam

295 1537 350 1592 in
379 1535 520 1599 alio;
558 1543 613 1587 ct
647 1531 776 1585 illud
808 1528 952 1598 quod
983 1540 1089 1580 uno
1115 1525 1274 1579 modo
1312 1521 1720 1592 pronuntiatum
1743 1521 1940 1589 fuerat,
1967 1538 2090 1578 cum
2119 1524 2352 1592 quadam
2380 1523 2701 1578 alteratione
2723 1523 3010 1578 referrent.
3036 1523 3378 1594 Propositum
3406 1526 3551 1580 enim

298 1633 405 1688 illis
421 1641 534 1686 erat
563 1643 690 1681 vera
711 1639 938 1679 narrare
955 1633 1010 1677 et
1033 1621 1390 1690 spiritualiter
1407 1627 1462 1673 et
1495 1618 1884 1687 corporaliter,
1906 1619 1998 1673 ubi
2023 1619 2245 1685 liceret;
2279 1620 2369 1674 ubi
2395 1627 2574 1674 autem
2598 1635 2704 1674 non
2735 1621 3080 1690 contingebat
3103 1631 3414 1690 utrumque,
3441 1638 3551 1676 rem

301 1722 554 1791 przeferre
584 1719 915 1790 spiritualem
937 1713 1013 1768 rei
1033 1727 1324 1782 corporeae,
1344 1718 1553 1766 servata
1576 1723 1719 1776 saepe
1739 1708 1966 1762 veritate
1989 1707 2251 1776 spirituali
2272 1710 2324 1762 in
2349 1712 2609 1778 corporali
2636 1712 2717 1782 (ut
2740 1713 2931 1782 aliquis
2959 1714 3180 1787 diceret)
3206 1717 3542 1775 mendacia.

1363 1811 1391 1882 §
1427 1811 1514 1866 Vl.
1555 1811 1632 1865 De
1665 1814 1936 1881 praeceptis
1976 1811 2109 1866 Novi
2149 1813 2460 1868 Testamenti

356 1905 473 1960 Lib.
502 1915 557 1959 tv
594 1904 672 1959 De
705 1902 1002 1972 principiis,
1033 1919 1187 1962 num.
1218 1904 1309 1970 18,
1356 1906 1688 1975 probaturus
1713 1905 1922 1975 aliquot
1950 1921 2071 1962 esse
2103 1906 2236 1962 Novi
2265 1909 2601 1964 Testamenti
2647 1918 2908 1980 praecepta
2939 1922 2967 1960 a
2994 1906 3192 1975 quibus
3215 1908 3392 1962 omnis
3423 1923 3549 1963 sen-

287 2013 376 2053 sus
405 1997 708 2052 historicus
741 1998 811 2050 ita
846 1996 1176 2061 excluditur,
1203 2008 1261 2053 ut
1289 2000 1400 2054 sola
1438 2001 1491 2054 in
1530 1999 1637 2054 illis
1669 1999 2029 2070 intelligentia
2063 2002 2326 2071 spiritalis
2357 2004 2648 2072 quaerenda
2683 2003 2779 2067 sit,
2833 2002 2911 2057 sic
2941 2001 3197 2056 disserit:
3230 1999 3385 2055 «Jam
3421 2017 3549 2058 vero

284 2095 326 2148 si
364 2095 428 2147 ad
458 2091 814 2160 Evangelium
848 2091 1132 2145 veniamus
1165 2100 1218 2145 et
1248 2093 1447 2146 similia
1481 2095 1848 2163 requiramus,
1877 2098 2004 2164 quid
2040 2113 2068 2150 a
2112 2098 2324 2152 ratione
2357 2100 2526 2169 magis
2563 2099 2823 2162 alienum,
2866 2113 3027 2165 quam
3059 2098 3242 2152 istud:
3271 2095 3550 2153 Neminem

281 2202 372 2254 per
418 2186 560 2238 viam
595 2184 955 2237 salutaveritis
980 2184 1050 2248 ",
1078 2184 1221 2253 quod
1251 2171 1507 2254 apostolis
1535 2188 1859 2257 praecepisse
1885 2189 2228 2246 Salvatorem
2278 2192 2638 2262 simpliciores
2668 2192 3020 2247 existimant?
3067 2191 3128 2244 Et
3169 2207 3292 2246 eum
3326 2192 3552 2246 dextera

285 2281 505 2336 maxilla
546 2281 756 2350 percuti
793 2281 1012 2345 dicitur,
1047 2297 1134 2335 res
1160 2291 1246 2336 est
1275 2297 1301 2335 a
1339 2281 1624 2336 verisimili
1661 2299 1885 2353 prorsus
1913 2286 2236 2353 abhorrens,
2269 2305 2392 2341 cum
2424 2290 2602 2342 omnis
2632 2289 2722 2358 qui
2751 2289 3012 2359 percutit,
3047 2287 3148 2341 nisi
3186 2297 3374 2342 natura
3405 2303 3554 2342 man-

281 2391 376 2431 cus
412 2374 609 2439 fuerit,
647 2376 870 2429 dextera
906 2390 1064 2428 manu
1104 2375 1387 2430 sinistram
1423 2377 1692 2430 maxillam
1735 2378 1914 2436 feriat.
1964 2379 2145 2448 Neque
2171 2392 2351 2449 potest
2381 2398 2445 2435 ex
2478 2381 2772 2450 Evangelio
2802 2380 3006 2451 percipi
3033 2395 3141 2450 quo
3164 2389 3324 2450 pacto
3363 2381 3554 2435 dexter

279 2472 473 2527 oculus
504 2469 790 2526 offensioni
821 2472 908 2524 sit.
973 2471 1042 2526 Ut
1077 2473 1221 2526 enim
1253 2473 1614 2528 concedamus
1648 2490 1810 2544 posse
1837 2477 2147 2544 quempiam
2177 2477 2414 2531 videndo
2464 2477 2847 2540 scandalizari,
2883 2492 2980 2530 cur
3021 2491 3144 2529 cum
3173 2477 3277 2530 duo
3302 2475 3444 2530 oculi
3473 2477 3556 2529 vi-

281 2565 466 2629 deant,
503 2569 709 2620 crimen
747 2566 797 2618 in
845 2565 1094 2621 dextrum
1143 2567 1574 2622 transferendum
1605 2570 1728 2624 est?
1764 2570 1896 2636 Quis
1921 2571 2087 2624 etiam
2125 2572 2445 2640 sibimetipsi
2490 2571 2732 2626 infensus
2763 2571 2905 2640 quod
2934 2571 3134 2624 viderit
3175 2570 3458 2624 mulierem
3487 2570 3555 2625 ad

279 2663 781 2730 concupiscendum
813 2677 956 2726 eam,
989 2677 1212 2717 causam
1251 2678 1507 2734 regerens
1535 2665 1586 2717 in
1615 2681 1780 2719 unum
1812 2667 2068 2720 dextrum
2098 2667 2336 2733 oculum,
2369 2668 2566 2721 merito
2597 2668 2739 2721 hunc
2763 2669 2936 2735 ipsum
2961 2666 3261 2734 abiecerit?
3289 2665 3553 2720 Prteterea

278 2756 579 2822 Apostolus
614 2757 858 2825 praecipit
904 2759 1092 2812 dicens
1143 2777 1157 2810 :
1193 2759 1548 2812 Circumcisus
1577 2759 1771 2829 aliquis
1802 2769 2020 2814 vocatus
2045 2771 2122 2815 est
2143 2762 2168 2814 ἒ)
2213 2779 2319 2815 non
2351 2765 2580 2816 adducat
2611 2763 2928 2832 praeputium
2953 2761 3020 2816 “.
3063 2761 3300 2816 Primum
3328 2760 3559 2831 quilibet

278 2845 399 2902 haec
436 2849 539 2903 abs
571 2865 626 2903 re
654 2861 963 2920 praeterque
991 2851 1332 2920 propositum
1365 2853 1549 2905 dicere
1579 2851 1897 2921 Apostolum
1926 2855 2147 2910 videbit.
2211 2855 2345 2909 Nam
2381 2855 2652 2924 quomodo
2681 2857 2745 2909 de
2775 2855 2978 2924 nuptiis
3006 2864 3055 2909 et
3085 2854 3334 2910 castitate
3365 2850 3560 2922 prtecio-

281 2946 441 3009 piens
475 2960 581 2999 non
629 2947 878 3000 videatur
913 2947 1027 2999 htec
1063 2957 1271 3000 temere
1323 2948 1750 3015 interposuisse?
1787 2949 1991 3005 Deinde
2021 2951 2144 3020 quis
2179 2966 2411 3022 peccare
2443 2951 2590 3004 illum
2622 2951 2846 3016 dixerit,
2898 2951 2988 3020 qui
3019 2950 3252 3004 vitandae
3279 2948 3555 3004 obscazni-

279 3043 416 3096 tatis
447 3054 808 3115 causa,quam
845 3036 1039 3106 vulgus
1069 3037 1478 3092 circumcisioni
1527 3039 1709 3095 inesse
1739 3051 1914 3110 putat,
1955 3058 2236 3107 revocare,
2269 3044 2313 3097 si
2344 3043 2459 3098 ﬁeri
2489 3053 2689 3112 potest,
2726 3043 3046 3113 praeputium
3081 3052 3311 3097 conatus
3342 3041 3548 3097 fuerit?

277 3135 412 3189 Haec
468 3133 651 3186 omnia
701 3147 729 3183 a
759 3131 918 3185 nobis
969 3131 1110 3185 dicta
1145 3138 1294 3193 sunt,
1352 3138 1409 3182 ut
1456 3133 1808 3187 ostendamus
1858 3148 1961 3187 non
1995 3150 2058 3190 ea
2090 3135 2201 3190 sola
2253 3149 2374 3204 qure
2399 3135 2576 3190 littera
2616 3136 2858 3202 exhibet,
2909 3136 3244 3203 propositqu
3281 3133 3452 3189 fuisse
3499 3137 3550 3192 cl

275 3245 408 3298 qua:
443 3243 628 3282 sacras
657 3225 813 3280 nobis
859 3225 1064 3279 litteras
1110 3224 1279 3288 dedit,
1313 3223 1508 3278 divinas
1534 3226 1720 3279 virtuti
1755 3227 2067 3297 explicare:
2113 3230 2315 3300 quippe
2359 3244 2479 3300 qua:
2518 3229 2785 3284 interdum
2843 3229 3136 3282 secundum
3171 3227 3407 3282 litteram
3451 3229 3554 3281 mi-

276 3325 440 3378 nimc
493 3337 618 3374 vera
651 3322 782 3383 sint,
821 3321 916 3374 sed
965 3330 1018 3373 et
1048 3319 1283 3374 absurda
1319 3327 1375 3372 et
1408 3319 1804 3388 impossibilia;
1843 3333 1952 3377 tum
2003 3335 2208 3380 attexta
2241 3341 2363 3382 esse
2389 3325 2645 3382 nonnulla
2691 3340 2871 3381 rerum
2910 3337 3184 3396 gesmrum
3218 3325 3466 3379 historiae
3497 3333 3554 3378 et

278 3414 352 3468 iis
389 3412 603 3481 legibus
631 3426 748 3478 quae
780 3410 1072 3464 secundum
1108 3409 1346 3462 litteram
1382 3408 1534 3463 utilia
1573 3413 1914 3480 praecipiunt.
1950 3434 1968 3466 ι

283 3532 313 3602 §
346 3530 458 3585 VII.
501 3530 781 3584 DuriOrem
825 3529 962 3602 hanc
994 3529 1289 3602 doctrinam
1322 3528 1600 3602 paululum
1629 3530 1854 3602 emollit,
1879 3547 2054 3602 ‘sequc
2094 3530 2344 3602 adversus
2389 3545 2477 3602 eos
2507 3529 2741 3602 defendit
2775 3529 2865 3602 qui
2894 3528 3084 3602 ipsum
3127 3526 3452 3602 pessumdati
3492 3526 3553 3602 in

356 3603 652 3668 Scripturis
689 3615 866 3652 sensus
916 3599 1155 3651 litterulis
1185 3600 1404 3652 crimine
1465 3601 1805 3653 accusabant.
1866 3596 2085 3655 Sensum
2117 3599 2392 3653 litteralem
2428 3601 2484 3652 in
2519 3596 2752 3654 maxima
2787 3596 3078 3662 Scriptura:
3103 3607 3251 3665 parte
3293 3596 3549 3660 ad'mittit,

353 3675 448 3726 sed
488 3671 680 3738 ubique
709 3671 858 3724 illum
893 3687 997 3722 non
1023 3671 1278 3735 agnoscit.

361 3808 380 3840 ι
409 3789 484 3842 Ne
513 3789 638 3858 quis
668 3802 795 3841 vero
825 3786 1027 3854 (inquit
1059 3785 1159 3838 lib.
1189 3800 1243 3839 Iv
1272 3784 1347 3838 De
1370 3787 1667 3854 principiis,
1707 3799 1858 3838 num.
1891 3785 1979 3856 19)
2014 3798 2114 3838 nos
2147 3785 2458 3853 suspicetur
2488 3784 2538 3835 in
2587 3783 2844 3838 omnibus
2897 3783 2950 3838 id
2982 3783 3185 3851 dicere,
3233 3786 3432 3842 nullam
3464 3789 3550 3845 hi-

287 3885 516 3941 storiam
551 3883 866 3950 contigisse,
903 3882 1155 3949 quoniam
1186 3881 1364 3948 aliqua
1404 3897 1510 3934 non
1543 3882 1804 3951 contigit,
1870 3891 1923 3933 et
1952 3880 2152 3933 nullam
2183 3879 2356 3947 legem
2386 3879 2452 3932 ad
2498 3879 2888 3935 litteram-esse
2913 3881 3262 3947 servandam,
3293 3886 3549 3953 quoniam

287 3979 471 4046 aliqua
496 3976 792 4030 secundum
840 3974 1080 4029 litteram
1115 3981 1208 4026 aut
1236 3975 1472 4027 absurda
1528 3984 1620 4027 aut
1658 3973 2016 4043 impossibilia
2047 3973 2324 4041 prtecipit;
2384 3972 2463 4026 vel
2495 3987 2616 4040 quae
2644 3973 2710 4027 de
2737 3971 3021 4027 Salvatore
3052 3975 3253 4044 scripta
3285 3987 3432 4044 sunt,
3464 3992 3552 4032 se-

286 4072 526 4127 cundum
571 4070 860 4125 litteralem
890 4084 1111 4124 sensum
1162 4085 1266 4122 non
1301 4069 1612 4124 esse‘vera:
1660 4078 1756 4121 aut
1790 4068 1991 4120 nullam
2026 4067 2197 4136 ipsius
2229 4068 2397 4135 legem
2431 4076 2484 4119 et
2517 4075 2844 4135 prteceptum
2870 4069 3079 4123 servari
3111 4080 3386 4138 oportere,
3413 4073 3550 4127 dici-

286 4181 411 4220 mus
461 4164 745 4218 manifeste
784 4163 836 4216 in
866 4163 1186 4232 quibusdam
1217 4164 1457 4216 historia:
1492 4164 1777 4216 veritatem
1811 4162 1970 4214 nobis
1997 4175 2260 4229 apparere
2303 4179 2316 4212 :
2355 4159 2506 4212 verbi
2543 4159 2740 4229 gratia,
2770 4159 3067 4224 Abraham,
3110 4161 3264 4218 Isaac
3293 4173 3348 4217 et
3377 4162 3552 4221 Jaceb

287 4275 413 4312 cum
449 4273 553 4310 una
583 4273 676 4310 sua
707 4269 1146 4323 unumquemque
1175 4270 1347 4308 uxore
1376 4255 1431 4307 in
1463 4255 1662 4322 duplici
1695 4253 1948 4322 Spelunca
1986 4252 2226 4320 sepultos
2253 4266 2376 4306 esse
2427 4252 2477 4304 in
2513 4251 2786 4318 Hebrom;
2823 4251 3040 4306 Sicbem
3069 4251 3308 4322 Josepbo
3342 4256 3394 4310 iu
3424 4271 3552 4325 por-

286 4353 493 4405 tionem
524 4366 643 4405 esse
673 4352 1022 4414 attributam;
1060 4349 1356 4404 Jerusalem
1398 4349 1744 4417 metropolim
1777 4363 1900 4404 esse
1929 4346 2148 4412 Judtete,
2179 4349 2229 4402 in
2273 4363 2376 4416 qua
2409 4362 2438 4400 a
2469 4346 2758 4403 Salomone
2803 4348 3126 4404 aedificatum
3160 4351 3264 4406 fuit
3292 4354 3550 4424 templum

286 4446 405 4509 Dei,
451 4456 506 4500 et
555 4445 656 4497 alia
713 4456 988 4499 sexcenta.
1050 4444 1215 4498 Multo
1259 4447 1404 4499 enim
1453 4447 1601 4513 plura
1655 4456 1784 4498 sunt
1831 4446 2128 4498 secundum
2183 4445 2464 4498 historiam
2499 4460 2650 4509 vera,
2691 4461 2855 4513 quam
2892 4461 3015 4514 qum
3050 4462 3197 4501 mere
3241 4450 3547 4517 spiritualia

285 4544 395 4598 illis
429 4551 637 4597 attexta
673 4550 820 4594 sunt.
870 4542 1102 4595 llursum
1153 4542 1273 4608 quis
1315 4541 1531 4595 inficias
1581 4541 1704 4594 ierit
1739 4540 2052 4594 mandatum
2102 4539 2203 4594 hoc
2246 4554 2258 4590 :
2308 4538 2525 4594 Honora
2563 4550 2758 4606 patrem
2792 4549 2938 4594 tuum
2971 4549 3019 4594 et
3046 4550 3264 4596 matrem
3289 4554 3457 4605 tuam,
3486 4558 3544 4601 ut

286 4640 411 4693 bene
447 4640 515 4691 sit
543 4637 634 4689 tibi
660 4638 730 4700 ³⁵,
761 4640 919 4690 etiam
950 4639 1066 4690 sine
1095 4637 1285 4691 altiore
1317 4637 1670 4705 intelligentia
1699 4637 1832 4689 utile
1857 4650 1977 4690 esse
2004 4651 2068 4690 ac
2105 4636 2449 4702 servandum,
2489 4637 2727 4691 maxime
2752 4652 2874 4690 cum
2904 4636 3105 4692 Paulus
3134 4637 3326 4693 iisdem
3357 4641 3542 4695 verbis

286 4734 413 4788 illud
450 4732 890 4787 coimncndarit?
927 4732 1064 4798 Quid
1095 4733 1291 4786 attinet
1321 4734 1507 4788 dicere
1536 4733 1602 4788 de
1632 4733 1844 4786 caneris
1869 4746 1885 4785 :
1915 4730 2043 4784 Non
2067 4731 2424 4796 mmchaberis,
2469 4749 2572 4786 non
2602 4732 2830 4796 occides,
2866 4747 2968 4785 non
2997 4731 3199 4800 furtum
3229 4732 3412 4802 facies,
3445 4751 3548 4790 non

286 4830 422 4882 dices
459 4829 653 4897 falsum
687 4829 1041 4882 testimonium
1072 4828 1156 4881 1°?
1202 4829 1413 4882 Rursus
1445 4829 1497 4882 in
1532 4828 1820 4898 Evangelio
1848 4828 2100 4881 mandata
2131 4829 2376 4893 quaedam
2413 4829 2618 4897 scripta
2647 4837 2797 4890 sunt,
2825 4827 2893 4880 de
2924 4827 3123 4897 quibus
3151 4843 3256 4881 non
3284 4830 3545 4896 quaeritur

287 4929 463 4981 sintne
510 4927 576 4980 ad
609 4927 843 4980 litteram
892 4927 1161 4980 servanda
1205 4942 1378 4981 necne
1417 4943 1433 4980 :
1477 4926 1778 4994 cujusmodi
1817 4924 1946 4978 illud
1976 4935 2060 4979 est
2088 4945 2099 4981 ;
2127 4922 2240 4994 Ego
2287 4925 2408 4979 dico
2443 4926 2606 4988 vobis,
2652 4923 2952 4992 quicunque
2980 4925 3149 4977 iratus
3184 4923 3346 4994 fuerit
3387 4926 3548 4994 fratri

287 5039 383 5077 suo
405 5023 474 5088 ",
506 5030 561 5076 et
588 5038 712 5092 qum
743 5033 1067 5092 sequuntur.
1110 5023 1214 5077 Et:
1243 5021 1356 5093 Ego
1401 5023 1516 5076 dico
1545 5023 1688 5076 vobis
1719 5039 1824 5076 non
1848 5021 2038 5091 jurarc
2064 5022 2273 5076 omnino
2298 5021 2366 5074 ⁸⁸.
2423 5019 2488 5073 Et
2531 5019 2942 5074 custodiendum
2980 5029 3062 5073 est
3097 5018 3232 5073 illud
3259 5019 3501 5089 Apostoli
3527 5035 3544 5076 :

289 5121 547 5188 Corripite
574 5122 855 5190 inquietos,
897 5121 1246 5176 consolamini
1279 5121 1662 5188 pusillanimes,
1690 5122 1939 5188 suscipite
1966 5119 2226 5187 inﬁrmos,
2255 5118 2516 5186 patientes
2545 5126 2706 5171 estote
2751 5117 2820 5169 ad
2868 5131 3046 5170 omnes
3071 5117 3146 5181 ²⁹;
3193 5116 3406 5171 tametsi
3450 5115 3544 5186 qui

290 5229 373 5268 res
403 5213 566 5266 altius
603 5224 937 5279 scrutantur,
964 5229 1294 5284 componere
1323 5215 1532 5282 possint
1565 5214 1908 5269 altitudinem
1937 5211 2215 5281 sapientiae
2249 5211 2340 5265 Dei
2393 5224 2513 5262 cum
2546 5209 2769 5262 litterati
2813 5208 3194 5262 mandatorum
3225 5222 3408 5263 sensu.
3439 5206 3545 5262 Ve-

289 5321 587 5365 rumtamen
619 5313 709 5382 qui
740 5311 1000 5366 attentius
1028 5311 1241 5380 legerit,
1295 5311 1348 5365 in
1382 5311 1653 5366 nonnullis
1682 5309 1940 5379 ambiget,
1975 5322 2074 5362 nec
2103 5307 2221 5362 sine
2253 5305 2424 5360 multo
2455 5305 2708 5358 examine
2733 5303 3092 5373 pronuntiare
3127 5302 3332 5371 poterit
3363 5311 3546 5354 utrum

292 5403 402 5457 btec
433 5421 553 5473 qua:
586 5415 805 5474 putatur
832 5406 1082 5470 historia,
1118 5407 1413 5460 secundum
1442 5406 1676 5460 litteram
1709 5405 1976 5462 acciderit
2004 5419 2194 5467 necne,
2228 5411 2283 5456 et
2331 5398 2566 5468 huiusne
2602 5398 2734 5466 legis
2760 5399 2931 5454 verba
2983 5399 3248 5452 servanda
3298 5397 3432 5460 sint,
3475 5407 3548 5450 an

289 5509 465 5550 secus.
507 5497 870 5564 Quamobrem
902 5514 1126 5555 necesse
1156 5509 1240 5554 est
1283 5509 1343 5554 ut
1367 5510 1656 5556 accuratus
1690 5498 1859 5556 lector
1888 5509 2109 5557 servato
2137 5499 2242 5553 hoc
2269 5492 2584 5551 Salvatoris
2614 5502 2912 5562 praecepto,
2949 5492 3263 5544 scrutamini
3305 5488 3551 5558 Scripta,

360 5641 549 5697 “Luc.
587 5660 643 5706 x,
678 5645 731 5698 4.
810 5645 856 5676 ²³
895 5645 1072 5703 I‘Cor.
1108 5663 1203 5714 vn,
1241 5649 1326 5706 18.
1361 5649 1410 5681 ’⁸
1503 5648 1676 5704 Exod.
1713 5663 1807 5717 xx,
1842 5649 1864 5702 l

293 5709 378 5768 54.
452 5714 495 5743 ³³³
549 5715 563 5766 I
616 5714 807 5771 Thess.
844 5733 896 5773 ι’.
937 5719 1022 5773 14.

2008 5649 2054 5680 ³⁸
2092 5645 2255 5710 lbid.,
2295 5641 2364 5695 17)
2390 5649 2444 5694 et
2471 5651 2624 5705 seqq.
2722 5637 2767 5667 ³⁷
2815 5634 3004 5690 Matth.
3042 5648 3098 5700 v,
3139 5632 3233 5689 Ὤ.
3306 5631 3355 5666 ’⁸
3388 5632 3554 5693 Ibid»
