4000 6146
464 248 545 306 ωδ
1746 250 2117 310 ΡΒΔΞῈΑἸῚΟ
2160 251 2252 305 ΑΙ)
2290 252 2454 309 ΤΟΜ.
2489 254 2555 310 ll.
3645 266 3719 321 ενι

473 383 560 427 ras
585 366 652 429 ³ο,
684 363 1026 435 qttandonam
1051 379 1237 419 verum
1270 363 1341 419 sit
1367 366 1508 435 quod
1538 365 1718 420 littera
1750 374 1927 431 sonat,
1961 368 2303 435 quandonam
2336 367 2408 421 sit
2435 367 2791 439 impossibile,
2830 370 3114 440 diligenter
3141 375 3412 443 exploret,
3461 386 3515 432 et
3544 393 3609 434 ex
3638 381 3719 433 si-

473 458 681 517 milium
712 472 902 511 vocttm
956 457 1363 527 comparatione
1409 454 1661 512 dill'ttsum
1694 456 1895 525 ubique
1927 473 2023 525 per
2053 456 2370 528 Scripturas
2416 476 2633 515 sensum
2669 461 2785 530 ejus
2831 464 2977 534 quod
3029 468 3323 520 secundum
3367 468 3598 524 litteram
3631 486 3719 527 est

476 552 829 623 impossibile,
877 568 974 622 pro
1008 553 1213 607 viribus
1244 552 1548 622 investiget.
1575 571 1594 605 ›
1636 551 1773 607 Huic
1824 554 1899 607 rei
1935 553 2250 623 aptissimus
2288 556 2509 623 insuper
2544 567 2628 611 est
2664 557 2813 612 locus
2861 560 3001 613 alter
3045 576 3111 615 ex
3146 562 3363 616 homilia
3399 567 3623 634 septima
3663 571 3719 624 in

472 649 750 715 Genesim,
793 649 884 704 ubi
919 657 1204 718 postquam
1236 646 1388 703 Isaac
1434 657 1490 703 et
1521 646 1714 703 lsmael
1750 648 2032 703 historiam
2067 649 2276 714 retulit,
2323 652 2498 718 seipse
2524 651 2974 723 sic-interrogat:
3003 673 3022 706 ι
3047 655 3183 722 Quid
3219 658 3384 727 ergo?
3428 660 3574 713 Isaac
3610 678 3721 717 non

472 751 558 799 est
588 741 882 797 secundum
917 755 1138 795 carnem
1170 740 1362 794 natus?
1394 739 1512 796 Non
1538 757 1658 796 eunt
1686 742 1894 811 peperit
1924 742 2094 815 Sara?
2125 741 2240 796 Non
2273 753 2358 796 est
2389 744 2788 800 circumcisus?
2830 746 2941 802 lloc
2971 749 3144 818 ipsum
3174 752 3316 818 quod
3343 751 3562 806 ludebat
3589 769 3716 807 cum

471 831 685 897 lsmael,
738 847 845 887 non
879 831 932 886 itt
958 847 1126 886 carnc
1156 830 1417 885 ludebat?
1467 830 1579 887 Hoc
1613 841 1698 887 est
1725 834 1869 887 enim
1919 833 2063 902 quod
2096 835 2345 888 mirabile
2371 844 2454 889 est
2488 837 2538 890 itt
2573 837 2813 907 Apostoli
2862 854 3048 903 sensu,
3094 841 3238 911 quod
3284 842 3349 897 de
3381 845 3575 911 quibus
3607 861 3718 899 non

471 936 651 1009 potest
674 926 916 985 dubitari
942 926 1071 996 quin
1101 928 1395 981 secundum
1431 942 1651 983 carnem
1683 940 1830 999 gesta
1864 929 1994 993 sint,
2044 928 2159 983 haec
2207 930 2300 985 ille
2351 931 2482 985 dicit
2514 948 2633 988 esse
2669 934 2978 1003 allegorica,
3016 946 3073 990 ut
3104 952 3206 992 nos
3251 939 3376 1008 qttid
3409 938 3718 994 faciendum

472 1021 546 1083 sit
578 1021 630 1077 iu
668 1021 884 1079 caeteris
915 1019 1251 1087 noverimus,
1282 1020 1415 1075 etin
1443 1021 1530 1077 his
1562 1023 1794 1079 maxime
1825 1022 1876 1075 in
1911 1020 2108 1091 quibus
2139 1022 2272 1080 nihil
2311 1024 2490 1078 divina
2526 1024 2641 1096 lege
2686 1028 2904 1097 dignum
2938 1028 3196 1084 historica
3235 1030 3448 1086 videtur
3479 1031 3722 1090 indicare

477 1114 739 1173 narratio.
761 1131 781 1164 ι

473 1235 668 1293 Λιιτιο.
697 1229 759 1283 V.
802 1245 1062 1287 uvs'rtcns
1089 1245 1280 1286 sensus
1319 1245 1543 1285 NI‘I‘ITUB
1574 1243 1955 1287 moraturus
1986 1244 2106 1285 NOVI
2145 1245 2512 1295 TIS'I'AIIENTI,
2558 1248 2766 1296 ss'rone
2795 1248 2992 1289 ouattvo
3020 1250 3393 1303 NECESSARIUS,
3427 1254 3499 1296 ur
3523 1253 3586 1295 AB
3617 1256 3718 1296 ao-

956 1317 1140 1358 STIBUS
1167 1316 1311 1357 ΤυΤΔ
1338 1316 1552 1356 ἊΔΝΕΛΤ
1593 1315 1822 1355 νειιιτιδ
1851 1315 2282 1366 δοκιιδτυιιλιιυι,
2317 1318 2386 1356 ΕΤ
2419 1318 2546 1356 IPSE
2575 1317 2675 1358 DEO
2708 1318 2880 1358 DIGNJE
2908 1318 3246 1361 REDDANTUR.

545 1425 603 1485 In
634 1426 735 1481 hoc
768 1424 1000 1481 articulo
1029 1440 1135 1480 non
1181 1423 1404 1479 multum
1435 1425 1631 1492 diuque
1659 1423 2010 1489 immorabor,
2039 1423 2240 1494 quippe
2268 1423 2359 1492 qui
2411 1423 2669 1493 patientia
2702 1423 2918 1480 lectoris
2947 1427 3222 1491 abuterer,
3270 1427 3314 1481 si
3345 1429 3412 1481 ad
3449 1441 3705 1497 compro-s

477 1519 711 1579 bandttm
741 1519 996 1592 ntysticos
1021 1533 1215 1575 sensus
1247 1521 1302 1574 in
1335 1517 1614 1588 Scriptura
1645 1533 1802 1575 sacra
1829 1519 2101 1575 admissos
2125 1516 2295 1575 fuisse
2317 1518 2387 1573 ab
2426 1517 2678 1589 Origene,
2702 1519 2868 1575 multa
2912 1519 3031 1589 ejus
3070 1535 3420 1590 congererem
3464 1524 3714 1579 testimo-

477 1612 587 1673 nia.
636 1613 764 1679 Quae
809 1614 956 1668 enim
992 1615 1258 1670 hactenus
1289 1615 1499 1684 prolata
1530 1625 1679 1681 sunt,
1734 1614 1823 1668 illa
1862 1614 2067 1669 nullum
2104 1629 2165 1670 ea
2209 1616 2276 1669 de
2311 1629 2371 1669 re
2403 1615 2680 1671 dubitandi
2734 1614 2910 1669 locum
2954 1615 3287 1686 relinquunt,
3336 1619 3717 1689 neminemque

477 1704 625 1765 latet.
656 1723 759 1763 non
799 1708 918 1763 ideo
951 1710 1272 1778 reprehendi
1303 1709 1611 1781 Origenem,
1640 1711 1783 1780 quod
1813 1711 2014 1780 ingenii
2047 1711 2269 1767 solertia
2329 1712 2589 1778 caruerit,
2624 1727 2729 1780 qua
2769 1712 3043 1781 mysticos,
3101 1728 3236 1781 quos
3261 1728 3450 1768 revera
3480 1713 3721 1782 comple-

479 1801 644 1855 ctitur
670 1799 971 1871 Scriptura,
1004 1816 1196 1857 sensus
1224 1803 1599 1873 investigaret,
1647 1803 1741 1857 sed
1765 1804 1908 1872 quod
1932 1817 1992 1856 ca
2026 1803 2078 1856 in
2116 1817 2175 1858 re
2211 1801 2435 1856 ttintittttt
2473 1802 2691 1872 ingenio
2721 1818 2821 1858 suo
2860 1803 3165 1867 indulserit,
3202 1813 3254 1858 et
3284 1813 3467 1874 spreto
3496 1805 3723 1860 litterali

478 1911 639 1955 lcttsu
679 1896 963 1967 allegorias
989 1900 1270 1969 quaesierit
1318 1899 1451 1954 locis
1480 1900 1866 1969 propemodum
1899 1899 2199 1955 innumeris
2241 1914 2272 1953 a
2320 1900 2517 1967 quibus
2545 1914 2765 1969 prorsus
2796 1899 2987 1954 alienae
3019 1910 3164 1956 sunt.
3224 1901 3336 1955 Duo
3376 1909 3586 1956 tantum
3615 1900 3718 1957 ob-

478 1993 816 2053 servabimus
846 2008 967 2063 quae
998 1994 1220 2049 maximi
1259 2003 1387 2049 sunt
1433 1996 1693 2050 momenti
1742 2012 1758 2049 :
1805 1996 1860 2048 1ο
1890 1994 2146 2067 Mysticos
2177 2007 2368 2049 sensus
2399 1995 2725 2049 auctoritate
2768 1993 2901 2049 Novi
2933 1994 3265 2049 Testamenti
3295 1995 3476 2059 inniti,
3524 1995 3720 2062 probat

480 2096 592 2141 tum
626 2086 914 2141 traditione
940 2086 1215 2154 Ecclesiae,
1274 2098 1385 2143 tum
1415 2087 1648 2159 ipsomet
1687 2089 2096 2163 Scriptttrarttm
2129 2089 2394 2153 consilio;
2449 2088 2506 2142 2°
2527 2095 2718 2141 contra
2754 2085 2997 2140 infideles
3028 2087 3371 2141 demonstrat
3414 2085 3722 2155 allegoricis

479 2180 732 2237 sensibus
759 2179 1072 2248 Scripturas
1108 2191 1323 2236 nostras
1352 2197 1457 2236 non
1493 2196 1816 2252 repugnare.
1861 2181 2017 2247 Quod
2050 2181 2094 2235 si
2128 2181 2271 2236 inter
2304 2181 2468 2234 citata
2502 2180 2569 2234 ab
2602 2179 2719 2248 ipso
2760 2179 3055 2249 Scripturas
3087 2178 3397 2233 testimonia
3429 2179 3499 2234 ad
3535 2188 3721 2231 aucto-

479 2273 696 2325 ritatem
730 2271 972 2343 mysticis
998 2272 1247 2326 sensibus
1293 2272 1715 2334 conciliandam,
1770 2271 2033 2327 nonnulla
2083 2280 2210 2326 sunt
2239 2287 2359 2341 quae
2394 2286 2584 2340 parum
2638 2271 2705 2325 ad
2749 2285 2864 2324 rem
2913 2270 3139 2335 faciunt,
3168 2285 3234 2324 eo
3265 2269 3455 2324 saltem
3507 2270 3724 2324 nomine

484 2361 781 2420 laudandus
810 2373 914 2424 est.
942 2365 1083 2432 quod
1107 2363 1388 2417 disertiora
1414 2374 1468 2418 et
1496 2363 1692 2433 quibus
1722 2364 1945 2434 qutestio
1977 2363 2137 2432 plane
2165 2364 2344 2419 decisa
2374 2365 2466 2429 sit,
2505 2378 2609 2417 non
2644 2361 2908 2426 omiserit,
2927 2360 3227 2430 cujusmodi
3261 2360 3454 2421 sunt:l
3481 2361 3609 2417 Cor.
3638 2378 3717 2430 tx,

477 2458 545 2522 9;
576 2457 825 2525 lCor.'x,
853 2460 875 2513 1
913 2467 965 2513 et
995 2472 1185 2529 seqq.;
1218 2459 1394 2514 Galat.
1428 2476 1504 2524 tv,
1537 2460 1600 2514 21
1633 2469 1684 2514 et
1715 2474 1903 2529 seqq.;
1940 2459 2135 2529 Ephes.
2161 2474 2211 2524 v,
2235 2459 2295 2513 51
2324 2475 2340 2523 ;
2373 2456 2583 2513 Coloss.
2609 2473 2669 2523 tt,
2694 2456 2779 2525 l6,
2803 2458 2900 2523 l7;
2932 2456 3096 2511 Hebr.
3124 2472 3240 2522 vttt,
3264 2456 3330 2524 5;
3368 2457 3495 2512 item
3522 2471 3641 2527 cap.
3662 2470 3719 2522 ι,

482 2554 534 2615 ί,
566 2562 618 2607 et
646 2568 764 2623 cap.
795 2570 871 2616 ιχ,
900 2553 922 2606 1
958 2563 1012 2608 et
1037 2570 1187 2624 seqq.
1234 2554 1364 2609 Vide
1388 2554 1483 2609 lib.
1509 2569 1561 2608 tv
1592 2552 1669 2606 De
1695 2552 1994 2622 principiis,
2028 2567 2178 2607 num.
2207 2552 2273 2605 l2
2296 2562 2352 2606 et
2374 2553 2464 2614 l5,
2494 2561 2550 2608 et
2577 2552 2675 2606 lib.
2698 2566 2752 2606 tv
2783 2560 2967 2607 contra
2999 2550 3225 2604 Celsum.

549 2648 953 2714 Scripturarum
990 2650 1298 2705 auctoritati
1330 2649 1719 2703 auctoritatem
1766 2646 2157 2703 ecclesiaSticae
2193 2647 2503 2702 traditionis
2543 2645 2811 2716 adjungit,
2843 2655 2896 2700 et
2940 2655 3224 2714 postquam
3256 2641 3353 2699 lib.
3380 2658 3432 2697 tv
3463 2641 3543 2696 De
3568 2641 3719 2713 prin-

476 2745 650 2813 cipiis,
689 2761 813 2799 nttttt
838 2745 893 2813 8,
925 2748 1331 2801 demonstrasse
1364 2745 1467 2800 sibi
1499 2745 1648 2801 visus
1677 2743 2073 2800 estlitteralem
2123 2757 2341 2799 sensum
2392 2741 2724 2797 intinitorum
2760 2755 3010 2796 errorum
3049 2754 3268 2795 causam
3298 2739 3597 2802 exstitisse,
3632 2738 3715 2793 sic

481 2838 722 2906 loquitur
751 2854 900 2892 nutu.
925 2839 958 2894 9
984 2855 997 2893 :
1028 2856 1046 2889 ι
1074 2838 1415 2909 Quapropter
1442 2839 1508 2894 iis
1532 2839 1623 2913 qui
1650 2853 1972 2909 persuasum
2003 2838 2204 2893 habent
2247 2850 2437 2892 sacros
2465 2835 2628 2890 libros
2655 2849 2760 2890 non
2800 2833 3080 2890 hominum
3114 2846 3234 2889 esse
3267 2830 3717 2898 commentarios,

480 2934 574 2994 sed
605 2936 775 2990 sancti
815 2932 1049 3003 Spiritus
1084 2934 1286 3002 afﬂatu,
1342 2936 1623 2992 voluntate
1656 2937 1750 2992 Dei
1786 2937 2031 3007 parentis
2058 2937 2437 2991 universorum
2472 2949 2567 3005 per
2597 2932 2780 2989 Jesuttt
2814 2932 3092 2987 Christum
3140 2933 3377 3000 scriptos
3427 2943 3547 2985 esse
3571 2937 3627 2984 et
3651 2927 3719 2982 ad

480 3045 581 3091 nos
605 3031 938 3098 pervenisse,
970 3045 1075 3099 qua
1108 3032 1188 3084 via
1220 3031 1271 3084 itt
1303 3045 1487 3085 eorum
1517 3032 1749 3087 lectione
1784 3031 2138 3086 insistendum
2171 3044 2294 3086 esse
2321 3030 2477 3086 nobis
2506 3031 2772 3097 videatur,
2826 3028 3070 3084 iudicare
3114 3025 3460 3090 conabimur,
3505 3032 3721 3079 servata

480 3123 723 3183 caelestis
767 3126 1061 3180 secundum
1107 3126 1508 3181 successionem
1559 3127 1922 3195 apostolorum
1972 3124 2232 3181 Ecclesiae
2263 3124 2390 3180 Jesu
2423 3124 2629 3185 Christi
2680 3124 2889 3193 regula.
2947 3122 3013 3177 Et
3052 3136 3170 3177 esse
3215 3120 3431 3191 quidem
3463 3117 3723 3189 mysticas

480 3220 739 3288 quasdam
786 3220 1216 3289 dispensationes
1248 3236 1382 3290 quas
1426 3220 1626 3275 divina:
1664 3220 1965 3291 Scripturas
1999 3222 2258 3284 indicant,
2309 3222 2474 3275 etiam
2504 3220 2863 3290 simpliciores
2900 3219 3134 3273 fidelium
3181 3218 3441 3282 credunt;
3477 3200 3722 3285 quaenam

483 3332 614 3372 vero
643 3318 727 3373 ha:
754 3317 885 3383 sint,
935 3317 1145 3372 cordati
1171 3326 1225 3371 et
1250 3318 1480 3373 modesti
1518 3318 1732 3374 nescire
1760 3334 1819 3373 se
1851 3318 2109 3373 fatentur.
2140 3336 2159 3370 ι
2221 3316 2367 3372 Nihil
2402 3318 2486 3373 his
2519 3316 2702 3372 verbis
2730 3316 3062 3371 accuratius.
3118 3312 3384 3369 Generale
3413 3311 3539 3366 illud
3571 3308 3721 3378 prin-

481 3412 707 3479 crpium,
753 3415 894 3483 quod
925 3413 1190 3484 mysticos
1213 3414 1264 3468 in
1298 3414 1482 3469 Veteri
1508 3413 1858 3470 Testamento
1888 3428 2085 3469 sensus
2115 3414 2288 3482 ponit,
2340 3411 2651 3483 apostolicm
2684 3410 2943 3464 doctrinae
2970 3423 3095 3478 pars
3127 3418 3207 3461 est
3239 3416 3293 3460 et
3320 3404 3522 3460 veritas
3546 3411 3718 3468 certa,

482 3522 609 3579 qua:
637 3507 942 3564 ministerio
986 3518 1264 3576 pastorum
1317 3508 1383 3563 ad
1415 3524 1514 3564 nos
1549 3524 1721 3579 usque
1756 3510 2025 3581 pervenit.
2084 3508 2190 3563 Sed
2221 3508 2446 3579 quinam
2475 3515 2604 3563 sunt
2645 3504 2955 3576 singulatim
2989 3518 3181 3558 sensus
3209 3501 3284 3556 illi
3318 3498 3570 3571 mystici?
3602 3496 3720 3564 Qua

484 3604 572 3658 via
609 3603 689 3658 illi
732 3619 870 3673 quos
901 3604 1136 3675 Spiritus
1166 3616 1387 3661 sanctus
1418 3606 1522 3661 sibi
1567 3606 1874 3677 proposuit,
1927 3604 2316 3661 discernuntur
2363 3604 2433 3658 ab
2478 3603 2545 3658 iis
2575 3616 2709 3672 quos
2740 3600 2855 3656 sola
2895 3598 3065 3670 gignit
3109 3595 3436 3666 imaginaudi
3486 3590 3606 3647 vis?
3665 3589 3724 3642 Id

483 3716 710 3775 prorsus
741 3710 827 3756 est
870 3712 1021 3756 extra
1050 3701 1251 3757 limites
1282 3702 1607 3768 traditionis,
1642 3712 1698 3761 et
1726 3703 1969 3759 laborem
1998 3710 2150 3756 creat
2194 3700 2280 3755 vel
2312 3701 2443 3763 ipsis
2472 3696 2818 3769 peritioribus
2849 3693 3292 3764 insuperabilem,
3341 3698 3401 3746 ut
3450 3689 3565 3756 ipse
3593 3684 3723 3738 Oriv

485 3811 650 3865 genes
676 3796 897 3852 fatetur.
934 3797 1070 3854 Hinc
1105 3813 1330 3868 perraro
1376 3800 1443 3854 ad
1486 3797 1785 3869 Scripturas
1814 3797 2226 3867 traditionisque
2256 3796 2636 3851 auctoritatem
2668 3792 2918 3859 recurrit,
2957 3791 3117 3861 idque
3143 3797 3377 3849 tantum,
3408 3799 3529 3839 cum
3561 3795 3732 3848 gene-

486 3893 645 3951 ratim
690 3907 885 3948 sensus
928 3893 1204 3965 allegorici
1240 3898 1442 3950 veritas
1485 3905 1569 3950 est
1599 3894 1998 3949 constituenda.
2062 3891 2290 3959 Quando
2324 3900 2503 3946 autem
2539 3890 2607 3945 ad
2653 3889 3009 3956 singularittm
3054 3886 3292 3940 locorum
3327 3877 3726 3935 discussionem

485 3984 654 4051 venit,
706 3985 965 4039 continuo
993 3985 1197 4054 profert
1221 3984 1374 4052 illud,
1434 3985 1489 4040 in
1519 3999 1626 4056 quo
1655 3993 1936 4055 tantopere
1964 3983 2067 4038 sibi
2098 3981 2424 4052 complacet,
2476 3994 2507 4034 e
2543 3979 2740 4033 littera:
2768 3976 3097 4032 falsitatibus
3125 3982 3179 4026 et
3206 3966 3729 4026 contradictionibus

486 4080 709 4133 ductum
756 4088 1156 4162 argumentum.
1204 4062 1305 4136 Ubi
1339 4080 1508 4136 semel
1540 4079 1753 4136 tantilla
1798 4079 1977 4134 oritur
2026 4076 2331 4143 difﬁcultas,
2381 4076 2641 4131 continuo
2694 4072 2984 4127 litteralem
3036 4082 3256 4124 sensum
3306 4063 3562 4162 deserit,_
3590 4070 3645 4116 et
3670 4061 3728 4162 in

487 4172 759 4241 allegoria»:
785 4174 991 4242 campis
1014 4156 1298 4245 evagatur,
1328 4177 1405 4229 ttti
1435 4185 1581 4244 patet
1605 4191 1636 4231 e
1667 4175 1994 4231 testimoniis
2021 4173 2255 4229 articulo
2278 4182 2474 4243 quat-to
2504 4170 2705 4227 allatis.
2746 4167 2875 4223 Haec
2911 4176 3017 4231 est,
3048 4172 3107 4221 ut
3136 4165 3212 4219 ita
3238 4162 3438 4224 dicam,
3474 4156 3724 4228 Origcnis

489 4266 814 4324 trattslatitia
843 4267 1037 4334 clavis,
1085 4268 1329 4338 tantique
1377 4268 1503 4324 fecit
1541 4285 1696 4325 suum
1749 4268 1879 4325 illud
1914 4267 2273 4338 paradoxum,
2307 4277 2366 4319 ut
2395 4264 2464 4319 ad
2509 4264 2639 4318 illud
2668 4262 2783 4317 fere
2829 4274 3046 4314 omnem
3071 4253 3405 4312 elucidandae
3429 4250 3729 4320 Scriptura:

486 4371 658 4417 artem
698 4373 937 4419 revocet.
974 4362 1113 4420 Hine
1144 4373 1224 4419 tot
1258 4365 1371 4418 fere
1411 4365 1464 4419 in
1492 4362 1662 4430 Novo,
1694 4373 1824 4432 quot
1865 4365 1919 4418 itt
1959 4363 2136 4419 Veteri
2179 4363 2557 4423 Testamento,
2591 4358 2850 4427 mysticos
2879 4368 3075 4410 sensus
3107 4350 3361 4419 ponebat.
3424 4345 3561 4413 Quis
3594 4340 3722 4396 infi—

485 4457 601 4512 cias
630 4456 752 4513 ierit
783 4457 898 4514 suis
941 4472 1159 4527 quoque
1187 4455 1597 4514 diﬂicttltatibus
1624 4457 1890 4527 implicari
1920 4455 2126 4511 Novum
2156 4451 2607 4511 Testamentum?
2648 4450 2842 4505 Multas
2873 4451 2929 4502 in
2983 4460 3048 4500 eo
3076 4443 3277 4514 reperit
3304 4439 3588 4509 Origenes,
3617 4436 3729 4527 into

486 4549 671 4618 plures
698 4565 861 4621 quam
895 4549 1034 4605 alius
1063 4526 1314 4620 quilibet,
1348 4550 1588 4619 reperire
1619 4526 1824 4604 debuit.
1892 4545 1998 4605 Sed
2029 4546 2256 4603 dolenda
2290 4560 2519 4616 prorsus
2556 4557 2675 4600 sors
2709 4541 2921 4595 illorum
2967 4536 3208 4591 locorum
3240 4542 3346 4596 est,
3373 4544 3509 4599 quos
3544 4529 3609 4580 ad
3641 4526 3730 4579 lit-

490 4656 661 4703 teram
695 4645 960 4715 probabili
990 4644 1257 4702 solutione
1293 4645 1639 4714 interpretari
1688 4659 1794 4702 non
1821 4652 2035 4714 poterat
2070 4662 2084 4698 :
2128 4658 2251 4698 nam
2279 4639 2568 4697 confestim
2596 4637 2763 4694 solito
2807 4649 2927 4691 sese
2963 4630 3193 4686 includit
3220 4621 3640 4699 propugnaculo,
3672 4625 3729 4674 et

488 4742 772 4811 repudiato
801 4742 1019 4797 litterali
1050 4756 1213 4798 sensu
1248 4741 1597 4798 arbitrariatn
1627 4742 1788 4796 nobis
1815 4749 1872 4796 et
1902 4753 2046 4809 saepe
2073 4738 2496 4794 insulsissitnatn
2532 4732 2847 4804 allegoriam
2877 4725 3139 4783 obtrudit.
3260 4817 3264 4818 γ
3307 4816 3318 4818 _
3359 4815 3370 4818 Α
3484 4810 3496 4818 _
3587 4810 3599 4818 _
3684 4807 3696 4818 .

556 4810 856 4891 Plurimum
885 4849 1065 4892 tamen
1100 4837 1149 4893 ei
1182 4838 1283 4893 hoc
1312 4838 1531 4893 nomine
1569 4838 1818 4902 debetur,
1848 4838 1992 4904 quod
2024 4835 2431 4904 Scripturarutn
2460 4840 2772 4885 nostrarum
2803 4824 3091 4895 allegorias
3118 4837 3147 4875 a
3177 4816 3321 4874 Celsi
3358 4810 3728 4868 insultationi—

489 4931 591 4985 bus
625 4932 936 4991 viudicarit.
982 4932 1183 4988 Contra
1213 4933 1499 4988 historiam
1528 4931 1728 5003 Moysis
1755 4930 2133 4986 deblaterabat
2157 4929 2458 4998 Epicureus
2487 4926 2599 4990 ille,
2632 4937 2731 4979 nec
2764 4921 2873 4991 pati
2904 4924 3117 4989 poterat
3160 4922 3220 5008 ut
3248 4908 3542 5008 allegorice

493 5038 734 5092 neretur,
765 5036 821 5082 et
849 5027 988 5082 alius
1010 5043 1171 5098 quam
1203 5028 1452 5083 litteralis
1480 5029 1534 5082 in
1560 4994 1635 5083 ea-
1655 5040 1850 5082 sensus
1876 4994 2233 5095 qumreretur.
2274 5023 2419 5079 ldem
2446 5022 2513 5076 de
2543 5017 2770 5088 reliquis
2807 5012 3108 5082 Scripturis
3146 5004 3423 5098 eﬂ'tttiebat
3446 5015 3461 5055 :
3487 4997 3581 5054 sed
3609 4994 3732 5050 vide

490 5135 597 5193 quo
627 5130 788 5190 pacto
815 5097 1130 5176 confutetur
1157 5120 1225 5176 ab
1254 5119 1487 5191 Origene
1520 5121 1661 5176 libro
1686 5128 1871 5174 contra
1905 5118 2115 5175 Celsum
2140 5125 2357 5188 quarto,
2388 5129 2537 5168 nutu.
2560 5112 2653 5179 48,
2677 5110 2747 5167 49
2770 5119 2826 5164 et
2848 5108 2938 5174 50,
2965 5116 3021 5162 et
3047 5104 3140 5158 lib.
3164 5118 3205 5166 ι,
3241 5118 3294 5157 tt.
3328 5097 3416 5153 18.

593 5236 785 5299 Att'rtc.
809 5234 900 5290 Vl.
942 5252 1363 5303 ntrrtmtuuuu,
1394 5253 1460 5292 NE
1486 5252 1649 5293 utcut
1675 5250 2023 5297 tIPOSSIBlLE,
2053 5248 2331 5300 urs'rtcos,
2361 5246 2493 5296 QUOS
2523 5243 2815 5289 SCRIPTUM
2844 5237 3255 5284 COIPLECTITUB
3281 5231 3468 5276 sensus
3489 5230 3641 5271 mve-

1994 5321 2242 5363 ΒΤΙΕΔΒΕ.

565 5419 692 5477 Haec
723 5423 926 5478 veritas
952 5421 1206 5495 Origenis
1260 5423 1499 5478 animum
1542 5422 1698 5478 valde
1748 5423 1963 5479 videtur
2012 5421 2278 5479 affecisse.
2324 5420 2432 5476 «Et
2465 5434 2589 5475 esse
2615 5417 2829 5490 quidem
2879 5412 3078 5485 (inquit
3103 5410 3197 5465 lib.
3220 5423 3274 5463 tv
3310 5406 3389 5461 De
3433 5405 3726 5476 principiis,

493 5526 645 5571 nunt.
670 5512 726 5584 9)
765 5512 1023 5582 mysticas
1069 5514 1335 5583 quasdam
1363 5514 1796 5584 dispensationes
1842 5528 1978 5584 quas
2010 5512 2208 5569 divina:
2236 5512 2530 5583 Scriptura:
2579 5509 2841 5571 indicant,
2899 5505 3063 5559 etiam
3100 5500 3460 5569 simpliciores
3489 5496 3727 5552 fidelium

495 5608 725 5668 credunt
750 5625 764 5673 ;
794 5622 1044 5678 quaenam
1074 5623 1203 5665 vero
1230 5608 1336 5665 illae
1368 5610 1497 5676 sint,
1527 5610 1741 5668 cordati
1780 5620 1836 5672 et
1865 5611 2099 5672 modesti
2124 5611 2335 5673 nescire
2366 5623 2424 5671 sc
2455 5607 2715 5667 fatentur.
2759 5602 2939 5679 Quare
2965 5601 3009 5657 si
3044 5597 3165 5675 quis
3190 5594 3496 5657 sciscitatur
3518 5594 3583 5654 de
3606 5606 3730 5649 con-

636 5746 681 5788 "
707 5745 865 5809 Joan.
896 5763 950 5816 v,
979 5747 1073 5803 ‘59.
