4000 6146
340 239 417 296 ‘25
1629 240 2000 298 PRASFATIO
2033 244 2122 297 AD
2164 243 2327 299 TOM.
2370 244 2432 297 ll.
3539 248 3610 306 96

339 373 543 429 gressu
594 355 691 413 Lot
733 373 856 412 cum
907 357 1138 421 ﬁliabus,
1172 358 1239 413 de
1292 358 1503 418 duabus
1532 361 1796 415 uxoribus
1844 362 2140 426 Abraham,
2191 363 2255 415 de
2287 363 2500 415 duabus
2529 362 2811 417 sororibus
2853 378 2973 431 qua:
2998 372 3294 432 nupserunt
3325 361 3510 427 Iacob,
3537 366 3606 418 de

338 455 566 509 duabus
598 454 814 509 ancillis
841 470 964 524 qua:
1015 468 1083 508 ex
1113 453 1230 523 ipso
1277 467 1631 523 pepererunt,
1662 455 1797 508 nihil
1831 455 1975 507 aliud
2009 456 2408 523 respondebunt
2453 470 2617 523 quam)
2648 463 2902 526 mysteria
2935 457 3051 512 haec
3088 473 3210 512 esse
3245 474 3274 510 a
3309 457 3461 512 nobis
3493 474 3602 513 non

338 550 649 606 intellecta.
710 551 816 605 Sed
863 559 920 605 et
966 550 1299 604 tabernaculi
1334 550 1597 605 fabricam
1645 559 1767 604 cum
1816 551 2021 618 legunt,
2054 551 2338 605 credentes
2368 565 2491 618 quae
2540 550 2738 619 scripta
2770 559 2896 604 sunt
2924 566 3045 605 esse
3076 551 3295 620 ﬁguras,
3355 562 3604 621 quaerunt

336 658 465 714 qua:
502 646 720 715 possint
746 645 813 698 ad
842 643 1083 712 singulas
1115 645 1448 699 tabernaculi
1483 656 1664 715 partes
1699 646 2124 699 acconunodare.
2166 645 2351 713 Neque
2382 660 2510 699 vero
2549 645 2601 698 in
2635 660 2700 698 eo
2732 647 2873 714 quod
2910 646 3144 700 credunt
3172 646 3246 700 rei
3282 646 3512 713 alicujus
3542 647 3606 701 fi-

337 754 537 808 guram
587 755 712 796 esse
743 740 1175 803 tabernaculum,
1228 741 1511 805 falluntur,
1546 741 1639 795 sed
1670 757 1793 795 cum
1825 742 2088 795 rationem
2121 741 2265 796 illius
2301 740 2453 810 cujus
2486 752 2645 813 typus
2674 753 2757 796 est
2808 744 3240 806 tabernaculum,
3273 753 3440 797 certas
3486 745 3600 797 cui-

336 838 487 905 piam
520 836 630 902 rei,
658 847 820 906 prout
850 836 1091 906 postulat
1127 835 1422 906 Scriptura:
1449 836 1702 908 dignitas,
1730 849 1914 906 aptare
1951 837 2160 902 volunt,
2191 839 2476 907 aliquando
2503 840 2756 893 aberrant
2782 879 2797 900 ,
2841 850 2897 893 et
2921 854 3140 893 omnem
3165 840 3386 908 quidem
3415 855 3606 892 narra-

340 930 554 985 tionem
589 945 707 1000 qute
754 929 838 985 vel
866 925 1091 1000 nuptias'
1123 939 1368 999 spectare
1395 931 1629 996 videtur,
1673 930 1756 985 vel
1785 930 2074 985 liberorum
2105 932 2562 999 procreationem,
2594 931 2677 985 vel
2707 931 2866 999 bella,
2917 941 3008 984 aut
3057 932 3189 984 alias
3217 931 3489 999 quaslibet
3520 932 3603 983 hi-

336 1023 550 1078 storias
578 1040 702 1094 quae
729 1025 889 1094 vulgo
915 1022 1256 1077 circumferri
1288 1033 1531 1093 possunt,
1562 1025 1756 1095 ﬁguras
1785 1038 1904 1077 esse
1950 1024 2264 1091 declarant;
2307 1024 2401 1078 sed
2437 1039 2667 1094 quarum
2711 1040 2895 1079 rerum
2928 1023 3113 1092 figura:
3146 1023 3281 1086 sint,
3332 1022 3602 1074 interdum

336 1126 578 1185 propter
609 1116 857 1171 habitum
900 1131 1005 1170 non
1055 1115 1196 1168 bene
1229 1117 1611 1185 compositum,
1662 1114 1950 1183 aliquando
1998 1124 2221 1183 propter
2272 1115 2657 1178 temeritatem,
2707 1116 3034 1184 quandoque
3070 1115 3235 1167 etiam
3269 1113 3411 1181 quod
3441 1126 3602 1176 supra

340 1211 580 1263 modum
611 1208 925 1265 hominibus
949 1207 1167 1263 difﬁcile
1189 1207 1261 1261 sit
1291 1222 1378 1263 res
1406 1207 1663 1273 ejusmodi
1693 1204 2000 1276 explorare,
2027 1206 2421 1274 quantumlibet
2451 1208 2573 1273 quis
2599 1208 2932 1260 exercitatus
2958 1218 3011 1260 et
3043 1204 3329 1273 perspicax
3358 1202 3453 1267 sit,
3493 1215 3599 1254 non

336 1301 416 1356 ita
470 1301 763 1355 evidenter
794 1306 1037 1368 apparet,
1071 1314 1172 1353 nec
1202 1299 1536 1369 singulorum
1581 1298 1717 1352 ratio
1749 1296 1930 1350 aderri
1961 1305 2157 1367 potest.
2185 1315 2204 1348 ι
2242 1294 2499 1351 Eamdem
2532 1311 2726 1351 sensus
2772 1296 3031 1366 mySticos
3063 1290 3424 1361 investigandi
3455 1287 3601 1343 ditii-

337 1394 608 1448 cultatem
638 1393 957 1463 praphetiis,
985 1392 1312 1462 Evangeliis,
1346 1394 1597 1448 omnibus
1630 1393 1861 1462 denique
1890 1391 2020 1445 Novi
2055 1390 2390 1447 Testamenti
2420 1391 2722 1461 Seripturis
2753 1393 2939 1447 inesse
2964 1390 3162 1446 asserit
3189 1388 3433 1455 ejusdem
3463 1384 3588 1440 libri

339 1500 506 1538 num.
536 1485 622 1540 ιο.
662 1483 776 1539 ιιυο
806 1485 945 1538 infra
974 1500 1123 1538 num.
1151 1483 1220 1538 26
1245 1482 1517 1538 afﬁrmare
1539 1498 1645 1538 non
1680 1483 1896 1537 dubitat
1925 1484 2205 1537 minimam
2244 1483 2623 1552 mysticorum,
2653 1497 2793 1552 quos
2819 1468 3101 1551 Scriptura
3134 1481 3316 1545 habet,
3342 1493 3598 1535 sensuum

340 1586 561 1646 partem
591 1576 807 1647 ipsimet
834 1574 1002 1631 Paulo
1031 1587 1365 1644 compertam
1395 1576 1582 1630 fuisse.
1644 1594 1663 1628 ι
1689 1573 1744 1629 Si
1774 1577 1916 1644 quis,
1948 1575 2146 1644 inquit,
2194 1578 2442 1632 curiosus
2472 1577 2911 1645 explanationem
2952 1575 3287 1643 singulorum
3327 1572 3597 1642 requirat,

340 1669 533 1721 veniat
580 1676 637 1721 et
663 1667 945 1721 nobiscum
992 1667 1198 1735 pariter
1229 1666 1414 1719 audiat
1478 1667 1753 1735 quomodo
1798 1664 2001 1718 Paulus
2043 1664 2319 1731 apostolus
2370 1680 2464 1733 per
2498 1666 2763 1734 Spiritum
2790 1674 3037 1718 sanctum
3083 1664 3176 1733 qui
3226 1672 3601 1733 perscrutatur

347 1760 517 1813 etiam
550 1758 818 1826 profunda
852 1757 968 1825 Dei,
1023 1758 1363 1812 altitudinem
1395 1756 1589 1810 divina:
1617 1756 1899 1827 sapientiae
1945 1770 2010 1810 ac
2043 1756 2287 1811 scientiae
2319 1765 2591 1822 scrutaris,
2642 1771 2746 1809 nec.
2793 1766 2972 1810 tamen
3001 1757 3068 1809 ad
3116 1755 3299 1816 linem,
3331 1762 3403 1817 et,
3436 1764 3497 1805 ut
3527 1755 3595 1808 ita

335 1850 603 1914 dixerim,
635 1851 702 1905 ad
735 1852 978 1905 intimam
1008 1848 1371 1916 cognitionem
1399 1847 1700 1919 praevalens
1730 1848 2039 1916 pervenire,
2081 1847 2460 1917 desperatione
2495 1849 2568 1903 rei
2605 1858 2659 1902 et
2684 1858 2902 1917 stupore
2930 1849 3129 1901 clamat
3153 1855 3208 1900 et
3243 1847 3377 1900 dicit
3401 1861 3417 1900 :
3443 1842 3488 1898 0
3519 1844 3600 1899 al.

334 1943 518 1997 titudo
552 1943 863 1997 divitiarum
907 1939 1177 2009 sapientiae
1209 1947 1260 1994 et
1296 1940 1528 1994 scientia:
1561 1939 1656 1993 Dei
1681 1938 1744 1992 “.
1803 1937 1870 1992 Et
1897 1941 2038 2006 quod
2065 1939 2446 2006 desperatione
2496 1937 2752 2007 perfecta:
2790 1940 3291 2009 comprehensionis
3319 1939 3426 1993 hoc
3474 1953 3599 2007 pro-

331 2032 702 2097 nuntiaverit,
740 2031 864 2086 audi
895 2033 1068 2101 ipsum
1094 2032 1362 2086 dicentem
1403 2047 1416 2082 :
1460 2028 1631 2093 Quam
1656 2029 2018 2081 inscrutabilia
2049 2039 2171 2082 sunt
2198 2030 2409 2098 judicia
2440 2028 2555 2096 Dei,
2585 2040 2631 2083 et
2655 2046 2813 2099 quant
2844 2032 3224 2101 inrestigabiles
3258 2032 3354 2085 vite
3382 2030 3498 2099 ejus
3525 2029 3592 2085 ".

333 2122 460 2179 Non
499 2123 649 2178 enim
693 2123 846 2190 dicit,
888 2122 1099 2178 difﬁcile
1125 2138 1281 2191 posse
1329 2122 1566 2177 scrutari
1591 2120 1795 2188 judicia
1830 2121 1946 2186 Dei,
1976 2125 2067 2176 sed
2100 2125 2323 2177 omnino
2355 2138 2458 2177 non
2493 2138 2686 2193 posse;
2735 2140 2832 2178 nec
2863 2125 2999 2179 dixit
3032 2124 3246 2179 difﬁcile
3281 2124 3592 2192 investigari

331 2232 511 2287 posse
547 2219 666 2273 vias
706 2218 844 2285 ejus,
886 2218 981 2272 sed
1013 2232 1116 2271 non
1147 2231 1305 2286 posse
1350 2214 1690 2283 investigari.
1729 2217 2218 2284 Quantumcunque
2244 2215 2387 2269 enim
2423 2217 2548 2285 quis
2587 2217 2640 2270 in
2678 2219 2970 2271 scrutando
2995 2223 3383 2286 promoveatet
3413 2215 3595 2268 studio

332 2312 644 2367 intentiore
690 2320 1031 2379 promoveat,
1074 2311 1246 2380 gratia
1280 2324 1496 2379 quoque
1538 2309 1630 2362 Dei
1665 2308 1901 2377 adjutus,
1938 2323 2209 2376 sensuque
2237 2308 2592 2372 illuminatus,
2623 2310 2688 2361 ad
2714 2311 3009 2377 perlectum
3044 2310 3200 2361 ﬁnem
3240 2324 3432 2361 eorum
3471 2322 3594 2375 qua:

333 2403 721 2472 requiruntur,
764 2402 1050 2469 pervenire
1085 2417 1186 2454 non
1224 2402 1442 2469 poterit,
1475 2414 1572 2453 nec
1602 2399 1778 2453 omnis
1806 2414 1958 2453 mens
1984 2414 2107 2468 quae
2138 2409 2320 2454 creata
2355 2409 2459 2465 est,
2502 2401 2757 2468 possibile
2786 2400 2949 2454 habet
2977 2400 3083 2453 ullo
3116 2415 3312 2467 genere
3339 2416 3594 2469 compre-

332 2496 606 2558 hendere,
646 2497 738 2549 sed
762 2504 817 2547 ut
848 2492 1114 2548 invenerit
1153 2495 1396 2560 quasdam
1438 2505 1506 2545 ex
1533 2491 1622 2545 his
1643 2505 1763 2558 quae
1785 2498 2125 2557 qurernntur,
2161 2491 2355 2544 iterum
2383 2492 2526 2544 videt
2556 2493 2658 2543 alia
2692 2506 2810 2558 quae
2840 2491 3131 2559 quaerenda
3163 2502 3309 2544 sunt.
3350 2492 3505 2557 Quod
3538 2502 3592 2545 et

332 2588 381 2639 si
410 2586 484 2641 ad
517 2586 630 2655 ipsa
666 2585 1009 2655 pervenerit,
1041 2584 1210 2637 multo
1240 2585 1436 2637 iterum
1466 2584 1715 2653 plura-ex
1749 2581 1854 2634 illis
1884 2597 2004 2649 qua:
2037 2582 2204 2649 qiuari
2230 2582 2487 2646 debeant,
2520 2583 2844 2651 pervidebit.
2877 2602 2896 2635 ι
2936 2583 3336 2637 Commentario
3360 2585 3412 2637 in
3453 2584 3596 2653 psal-

333 2694 494 2732 mum
524 2678 781 2746 primum,
814 2691 937 2746 pag.
962 2675 1069 2731 526
1092 2686 1147 2730 et
1179 2675 1307 2738 527,
1332 2676 1720 2729 documentum
1754 2671 1855 2726 sibi
1883 2671 1952 2725 ab
1986 2670 2211 2726 llebrzeo
2242 2672 2499 2725 traditqu
2536 2672 2702 2726 refert
2725 2684 2782 2727 et
2827 2673 2898 2728 ita
2930 2675 3124 2744 probat
3151 2683 3209 2726 ut
3240 2691 3345 2728 non
3374 2674 3593 2730 aliunde

332 2769 518 2840 magis
548 2769 748 2838 liqueat
774 2770 902 2838 quid
925 2769 994 2823 de
1023 2769 1304 2836 Scriptura
1343 2782 1496 2821 sacra
1545 2766 1776 2835 ipsemet
1809 2765 2038 2820 sentiret
2066 2786 2078 2819 :
2110 2783 2127 2814 ι
2155 2764 2667 2831 Praeclarissimum,
2698 2767 2891 2835 inquit,
2922 2768 3304 2823 documentum
3342 2770 3502 2823 nobis
3526 2771 3594 2824 ab

332 2864 574 2918 Hebraeo
600 2863 666 2918 de
691 2863 841 2918 omni
877 2862 1155 2931 Scriptura
1209 2859 1471 2914 traditum
1503 2873 1872 2928 proponemus
1918 2875 1933 2912 :
1976 2858 2191 2914 dicebat
2235 2860 2382 2912 enim
2430 2859 2517 2913 ille
2558 2859 2789 2914 similem
2819 2874 2937 2914 esse
2968 2860 3304 2931 Scripturam
3331 2861 3594 2918 divinitus
3641 2932 3645 2936 θ

336 2958 586 3013 adlatam
617 2966 840 3028 propter
868 2956 1257 3011 obscuritatem
1290 2969 1410 3024 qua:
1439 2954 1491 3008 in
1519 2969 1581 3009 ea
1609 2963 1716 3018 est,
1753 2953 1938 3008 multis
1968 2954 2253 3008 domiciliis
2285 2969 2392 3008 uno
2440 2954 2670 3008 aedilicio
2706 2954 3014 3024 conclusis;
3045 2956 3334 3024 unicuique
3366 2956 3594 3011 domici-

334 3054 414 3105 lio
451 3050 764 3119 appositam
816 3048 1012 3103 clavim
1067 3062 1176 3102 non
1209 3047 1308 3117 ipsi
1340 3046 1774 3110 convenientem,
1812 3048 1998 3114 sicque
2027 3045 2317 3113 dissipatas
2364 3060 2483 3100 esse
2515 3046 2698 3099 claves
2745 3061 2842 3114 per
2875 3046 3172 3112 domicilia,
3212 3063 3317 3100 non
3369 3061 3590 3115 respon-

335 3146 541 3197 dentes
590 3140 833 3209 siugulas
868 3140 935 3194 iis
965 3139 1252 3194 domiciliis
1284 3139 1479 3208 quibus
1514 3139 1774 3207 appositae
1801 3149 1927 3193 sunt
1973 3158 1987 3193 :
2029 3154 2164 3207 opus
2196 3153 2326 3192 vero
2362 3139 2520 3208 longe
2551 3138 2927 3193 diliicillimum
2959 3152 3080 3193 esse
3114 3140 3355 3193 invenire
3383 3139 3587 3203 claves,

336 3244 401 3289 et
428 3248 525 3289 eas
573 3233 724 3288 cellis
768 3242 975 3303 aptare,
1022 3248 1158 3302 quas
1183 3232 1396 3301 aperire
1432 3240 1692 3299 possunt:
1719 3232 1898 3301 itaque
1923 3233 2084 3287 etiam
2119 3230 2428 3300 Scripturas
2459 3214 2740 3285 abstrusas
2796 3232 3012 3299 quidem
3050 3232 3172 3286 illas
3201 3230 3450 3300 intelligi,
3484 3246 3588 3285 non

335 3327 563 3381 aliunde
588 3328 814 3394 sumptis
847 3340 1009 3395 quam
1042 3326 1109 3378 ab
1140 3325 1270 3391 ipsis
1318 3323 1553 3377 invicem
1589 3322 1926 3391 argumentis
1959 3322 2341 3392 intelligentiae,
2378 3337 2496 3391 qtae
2532 3322 2583 3375 in
2618 3337 2680 3375 se
2715 3322 2917 3377 habent
2945 3322 3246 3391 dispersam
3284 3315 3587 3391 exponendi

338 3421 629 3475 rationem.
662 3439 682 3471 ι
748 3417 872 3472 Haec
907 3418 1162 3487 mysticos
1188 3416 1482 3486 Scripturte
1512 3431 1704 3471 sensus
1748 3417 2026 3471 scrutandi
2071 3416 2353 3472 diliicultas
2415 3417 2549 3471 adeo
2603 3416 2985 3487 insuperabilis
3010 3418 3229 3488 Origeni
3280 3418 3588 3478 videbatur,

336 3524 400 3568 ut
435 3529 546 3570 suae
592 3528 658 3568 ea
693 3514 758 3568 de
799 3527 858 3568 re
906 3511 1190 3567 sententiae
1235 3511 1459 3565 omnino
1489 3518 1909 3565 consentaneam
1945 3511 2133 3580 agendi
2162 3512 2426 3566 rationem
2478 3510 2748 3565 habuerit.
2793 3510 3052 3577 Quamvis
3085 3511 3284 3580 ubique
3332 3509 3586 3583 mysteria

337 3615 713 3669 consectetur,
764 3604 934 3659 libere
978 3613 1154 3657 tamen
1188 3617 1340 3657 suam
1375 3615 1439 3656 ea
1489 3600 1543 3654 in
1593 3616 1652 3656 re
1695 3602 1984 3657 conﬁtetur
2029 3603 2376 3670 imperitiam,
2412 3613 2467 3657 et
2497 3603 2542 3657 si
2582 3619 2718 3671 quos
2754 3604 3027 3657 detexisse
3054 3617 3112 3656 se
3145 3612 3300 3672 putat
3328 3605 3587 3674 mysticos

338 3713 554 3765 sensus,
591 3711 685 3751 eos
712 3710 925 3763 semper
954 3710 1075 3748 cum
1102 3708 1295 3765 magna
1328 3692 1492 3747 animi
1521 3693 1604 3748 sui
1637 3693 1907 3747 modestia
1939 3694 1991 3746 in
2029 3692 2201 3748 lucem
2229 3694 2456 3763 profert.
2522 3694 2752 3748 Homilia
2782 3696 2968 3762 quinta
3016 3696 3068 3748 in
3093 3695 3372 3760 Genesim,
3404 3698 3491 3749 ubi
3522 3699 3587 3750 de

342 3789 534 3861 ﬁguris
568 3802 703 3857 quas
753 3786 951 3841 veteris
980 3786 1113 3854 legis
1159 3784 1424 3840 sacriﬁcia
1457 3786 1832 3852 continebant,
1884 3801 2187 3841 sermonem
2224 3788 2419 3853 habet,
2472 3802 2564 3842 eas
2614 3804 2776 3856 supra
2818 3789 3232 3857 intelligentiam
3264 3803 3417 3843 suam
3464 3805 3586 3844 esse

340 3880 567 3936 candide
619 3877 839 3932 fatetur.
910 3895 928 3928 ι
953 3877 1069 3932 Non
1106 3886 1305 3937 autem,
1343 3876 1540 3946 inquit,
1574 3876 1764 3932 dubito
1795 3878 1962 3932 multa
1996 3894 2116 3933 esse
2165 3894 2285 3948 quas
2312 3894 2410 3933 nos
2442 3879 2632 3943 latent,
2666 3890 2721 3933 et
2750 3896 2971 3935 sensum
3003 3890 3255 3935 nostrum
3302 3892 3582 3949 superant.

341 3974 459 4031 Non
493 3975 638 4030 enim
688 3988 874 4029 sumus
908 3971 1050 4025 illius
1086 3969 1262 4024 meriti
1311 3979 1370 4023 ut
1403 3969 1673 4040 possimus
1703 3972 1886 4027 dicere
1923 3989 1938 4026 :
1972 3970 2084 4026 Nos
2119 3983 2294 4025 autem
2339 3988 2547 4026 sensum
2575 3972 2776 4028 Christi
2806 3973 3054 4028 habemus
3075 3975 3141 4032 ³³.
3168 4014 3182 4028 .
3204 4014 3219 4029 .
3264 3975 3394 4030 Eam
3425 3991 3583 4045 quam

340 4078 485 4119 nunc
509 4064 745 4118 diximus
773 4059 905 4129 legis
936 4059 1172 4113 animam
1222 4058 1584 4127 requiramus,
1616 4071 1877 4130 quantum
1924 4061 1989 4115 ad
2018 4075 2256 4130 praesens
2286 4072 2498 4131 tempus
2532 4074 2765 4133 spectat.
2825 4063 3022 4120 Nescio
3055 4075 3236 4121 autem
3286 4069 3330 4123 si
3367 4084 3583 4138 possum

341 4155 505 4209 etiam
532 4155 598 4209 ad
627 4153 876 4222 spiritum
906 4148 1023 4216 ejus
1056 4150 1353 4206 ascendere
1381 4152 1434 4204 in
1464 4151 1549 4205 his
1586 4166 1703 4220 qute
1740 4152 1807 4205 de
1839 4151 2123 4208 sacrificiis
2168 4153 2303 4208 lecta
2336 4164 2483 4209 sunt.
2518 4173 2537 4206 ι
2582 4154 2836 4224 Majorem
2871 4158 3051 4213 adhuc
3097 4174 3209 4229 pm
3237 4174 3296 4216 se
3324 4161 3431 4217 fert
3465 4163 3585 4215 ani-

340 4248 419 4301 mi
452 4245 769 4302 modestiam
804 4243 1025 4299 homiiia
1056 4243 1339 4297 undecima
1385 4243 1441 4297 in
1497 4241 1787 4309 Numeros,
1824 4244 1914 4297 ubi
1951 4244 2027 4298 ait
2070 4261 2085 4298 :
2143 4263 2163 4296 ι
2188 4244 2252 4300 Ει
2285 4246 2331 4301 si
2377 4262 2621 4302 mererer
2649 4263 2749 4318 ego
2778 4249 2936 4305 hodie
2978 4265 3232 4322 magnum
3264 4252 3497 4323 aliquem
3529 4262 3584 4306 et

342 4353 554 4394 summo
583 4336 835 4410 pontifice
861 4337 1083 4406 dignum
1119 4350 1339 4390 sensum
1372 4335 1637 4406 proferre,
1689 4337 1761 4391 ita
1792 4345 1851 4390 ut
1875 4351 1943 4391 ex
1972 4337 2038 4392 iis
2069 4339 2321 4394 omnibus
2345 4354 2467 4410 quae
2507 4339 2788 4411 loquimur
2816 4349 2871 4395 et
2900 4343 3177 4409 docemus,
3206 4354 3353 4399 esset
3383 4344 3583 4415 aliquid

338 4436 613 4506 egregium
647 4432 785 4503 quod
838 4423 1050 4487 Summo
1082 4429 1354 4484 sacerdoti
1388 4429 1603 4499 placere
1647 4429 1884 4494 deberet,
1934 4442 2148 4501 poterat
2178 4433 2407 4490 fortasse
2440 4435 2553 4490 fieri
2605 4445 2664 4490 ut
2694 4437 2918 4507 angelus
2949 4439 3041 4506 qui
3073 4452 3271 4507 praeest
3305 4441 3582 4508 Ecclesiae,

338 4545 405 4585 ex
432 4526 685 4581 omnibus
710 4524 870 4578 dictis
895 4521 1097 4578 nostris
1125 4521 1351 4591 eligeret
1382 4522 1604 4591 aliquid,
1642 4530 1695 4574 et
1727 4522 1845 4576 loco
1876 4523 2239 4591 primitiarum
2283 4527 2510 4582 Domino
2542 4527 2608 4581 de
2639 4527 2816 4596 agello
2843 4530 3025 4583 cordis
3058 4532 3164 4582 mei
3195 4530 3436 4589 oﬂ'erret.
3474 4535 3583 4589 Sed

337 4639 436 4695 ego
470 4636 553 4676 me
584 4620 701 4675 scio
731 4634 836 4673 non
872 4618 1092 4680 mereri,
1125 4630 1223 4670 nec
1255 4617 1505 4671 conscius
1532 4630 1650 4670 sum
1694 4615 1849 4680 mihi,
1896 4618 2036 4685 quod
2076 4619 2210 4674 talis
2247 4635 2441 4677 sensus
2473 4624 2782 4680 inveniatur
2813 4623 2866 4676 in
2926 4638 3011 4677 me
3051 4638 3211 4680 ouem
3244 4627 3464 4696 dignum
3494 4628 3583 4698 ju-

336 4719 477 4771 dicet
509 4712 730 4783 angelus
763 4710 855 4780 qui
885 4725 983 4765 nos
1016 4708 1236 4775 excolit,
1288 4706 1486 4761 offerre
1538 4723 1639 4776 pro
1671 4708 1925 4777 primitiis
1957 4708 2039 4762 vel
2073 4725 2171 4779 pro
2220 4714 2599 4784 primogenitis
2630 4719 2879 4773 Domino.
2921 4722 3099 4789 Atque
3133 4719 3338 4772 utinam
3382 4719 3489 4773 tale
3513 4721 3585 4774 sit

334 4807 479 4879 quod
512 4805 785 4875 loquimur
828 4811 884 4856 et
924 4803 1202 4862 docemus,
1235 4809 1292 4853 ut
1318 4813 1424 4853 non
1459 4814 1557 4867 pro
1583 4800 1760 4853 verbis
1791 4800 1988 4856 neSIris
2016 4803 2370 4859 condemnari
2403 4822 2731 4865 mereamur.
2793 4808 3077 4865 Suﬂiceret
3121 4810 3279 4864 nobis
3314 4810 3428 4864 lucc
3459 4826 3582 4879 gra-

336 4901 431 4954 tia.
460 4918 480 4952 ι
517 4897 785 4954 Praeterea
817 4897 1044 4966 insignis
1069 4910 1132 4949 ea
1166 4896 1232 4951 de
1259 4908 1317 4948 re
1344 4892 1494 4948 locus
1517 4903 1697 4948 exstat
1731 4894 1947 4948 homilia
1983 4897 2154 4964 prima
2188 4898 2238 4951 in
2273 4899 2519 4955 Exodum
2551 4922 2564 4958 :
2595 4923 2613 4954 ε
2643 4903 2703 4957 Si
2737 4905 2894 4970 mihi,
2922 4905 3119 4975 inquit,
3158 4905 3419 4960 Dominus
3449 4918 3584 4958 con-

335 4993 529 5047 cedere
579 4991 898 5060 dignaretur
930 4987 1195 5060 spiritalis
1232 4987 1580 5056 agricultura;
1621 4985 1988 5053 disciplinam,
2027 4988 2070 5042 si
2109 4991 2362 5056 peritiam
2397 4992 2611 5048 colendi
2666 4996 2808 5050 ruris
2838 4997 3089 5063 donaret,
3128 5014 3266 5051 unus
3309 5009 3490 5051 sermo
3514 5009 3581 5049 ex

338 5087 421 5141 his
447 5101 565 5155 qua:
608 5087 833 5142 recitata
865 5094 1017 5149 sunt,
1051 5085 1105 5137 in
1141 5092 1346 5137 tantum
1375 5091 1560 5153 posset
1590 5081 1746 5152 longe
1774 5082 1987 5151 lateque
2013 5082 2254 5153 diffundi,
2301 5086 2346 5142 si
2383 5097 2561 5143 tamen
2592 5101 2647 5144 et
2687 5091 2992 5146 auditorum
3043 5093 3319 5160 capacitas
3353 5078 3578 5153 sineret,

336 5191 393 5235 ut
420 5181 509 5235 vix
544 5180 701 5234 nobis
753 5177 821 5232 ad
847 5177 1231 5245 explicandum
1260 5175 1534 5231 sufﬁceret
1581 5174 1719 5230 dies.
1781 5172 2134 5230 Teutabimus
2184 5187 2366 5232 tamen
2398 5193 2496 5247 pro
2542 5180 2753 5236 viribus
2806 5184 3008 5239 nostris
3060 5183 3240 5251 aliqua
3288 5180 3579 5244 disserere,

337 5271 547 5326 etiamsi
599 5284 777 5341 neque
827 5269 984 5325 nobis
1013 5270 1271 5323 universa
1305 5266 1598 5337 explicare,
1647 5282 1825 5334 neque
1870 5268 2027 5323 vobis
2073 5279 2270 5325 cuncta
2319 5273 2512 5325 audire
2554 5273 2808 5340 possibile
2853 5286 2937 5332 est
2964 5292 2979 5339 ;
3007 5276 3133 5344 quia
3172 5287 3226 5331 et
3270 5275 3375 5326 hoc
3407 5270 3583 5340 ipsum

337 5376 653 5433 agnoscere,
687 5361 831 5432 quod
862 5376 1031 5431 supra
1061 5361 1211 5415 vires
1236 5369 1456 5415 nostras
1480 5359 1549 5413 sit
1585 5361 1780 5415 horum
1821 5359 2069 5427 scientia,
2098 5376 2205 5417 non
2238 5377 2423 5430 parvae
2454 5361 2698 5415 arbitror
2726 5380 2846 5423 esse
2870 5366 3102 5437 peritiae.
3132 5387 3151 5419 ι
3492 5354 3498 5365 ’

443 5481 764 5538 ΔιιτιεΝΙΙ.
803 5497 938 5539 mss
968 5498 1229 5539 rnorem-1'
1257 5495 1495 5537 uacuus
1522 5496 1710 5544 corpus
1737 5498 2077 5539 HYSTICORU!
2107 5500 2347 5540 sensurus
2372 5496 2799 5547 INTELLIGENTIA
2831 5503 3068 5546 metues
3103 5493 3489 5545 coupsnﬁ'ﬂll‘l.

409 5574 586 5630 Prima
625 5576 809 5647 regula
858 5592 977 5648 quze
1011 5576 1284 5647 praacipue
1328 5575 1385 5630 in
1416 5574 1669 5630 Mosaicis
1701 5574 1856 5631 libris
1905 5576 2083 5633 locum
2123 5579 2306 5643 habet,
2352 5571 2626 5646 ejusmodi
2662 5587 2754 5633 est
2803 5601 2818 5636 ι
2862 5600 2881 5631 ι
2908 5579 3180 5648 Quidquid
3223 5582 3280 5632 in
3315 5566 3614 5631 saltm!“

408 5707 451 5745 ³¹
484 5708 638 5767 Rom.
676 5727 756 5780 κε,
784 5713 874 5771 55.
954 5713 998 5749 δ’
1028 5712 1162 5770 ibid.
1239 5712 1285 5747 ³³
1332 5713 1349 5769 l
1383 5714 1510 5770 Cor.
1558 5729 1615 5781 ιι,
1657 5714 1742 5771 l6.
