4000 6146
421 255 499 310 ἳἸ
1713 251 1872 306 ΡιῖιλΕ
1881 250 2001 306 FA']

2123 252 2214 307 AD
2253 251 2414 308 TOM.
2456 250 2521 304 ΙΙ.
3617 248 3697 304 23

436 380 699 446 mandati,
753 378 1031 448 praecepti,
1064 376 1387 439 testimonii,
1428 376 1676 446 justitize,
1708 375 1927 446 judicii,
1973 385 2107 441 etc.,
2153 376 2377 430 vocibus
2412 372 2763 443 exprimitur,
2817 368 2870 422 id
2920 367 2989 421 ad
3030 367 3269 423 litteram
3315 367 3692 439 accipiendum

432 479 539 533 est,
576 485 674 524 nec
707 469 985 540 allegoriis
1037 469 1279 540 indiget;
1320 468 1589 539 quidquid
1638 481 1769 521 vero
1801 466 2025 523 nomine
2066 468 2200 538 legis
2233 467 2567 531 declaratur,
2618 464 2671 518 id
2711 461 2996 531 allegorice
3042 460 3486 529 explicandum.»
3550 460 3624 516 Ea
3658 477 3697 516 θ

432 565 605 619 verbo
652 564 718 618 ad
764 563 989 618 verbum
1018 572 1275 633 excerpta
1307 573 1488 617 estex
1540 562 1765 616 homilia
1798 562 2087 617 undecima
2137 564 2191 617 in
2220 562 2504 625 Numeros,
2553 559 2711 629 cujus
2749 558 3121 613 testimonium
3156 572 3318 625 supra
3368 560 3696 617 adduximus

435 660 669 714 articulo
702 661 970 716 secundo.
1010 657 1181 729 Hujus
1223 672 1387 725 porro
1421 658 1616 727 regulae
1647 672 1843 711 sensus
1872 666 1978 721 est,
2012 658 2447 712 caeremonialem
2481 657 2652 724 legem
2681 663 2849 708 totam
2887 668 3008 709 esse
3034 654 3222 723 ﬁguris
3260 653 3498 723 plenam,
3531 670 3696 712 secus

432 765 564 805 vero
596 750 769 819 legem
816 751 1123 816 moralem;
1153 750 1353 805 deinde
1400 750 1613 819 singula
1649 750 1946 818 Scriptura:
1987 750 2103 805 loca
2141 765 2261 819 qum
2291 752 2357 804 ad
2391 746 2825 804 czeremonialem
2873 748 3043 817 legem
3093 762 3308 817 quoquo
3338 749 3498 802 modo
3545 749 3693 806 refe-

430 850 646 905 runtur,
677 858 767 908 ea,
812 857 882 896 ne
912 857 1020 896 uno
1053 842 1272 911 quidem
1307 851 1555 908 excepto,
1588 856 1694 895 non
1739 842 2052 907 litteralem,
2082 842 2175 896 sed
2208 842 2426 895 unicum
2465 840 2753 912 mysticum
2785 854 3004 894 sensum
3042 839 3271 894 habere.
3332 838 3487 895 Hanc
3532 858 3694 910 regu-

433 935 541 989 lam
579 936 762 990 ﬁrmat
795 935 1093 1006 Scriptura;
1126 949 1300 989 sacrae
1336 934 1467 989 locis
1496 950 1618 1005 quae
1648 935 2080 990 caeremonialem
2112 934 2282 1002 legem
2316 934 2515 1004 ﬁguras
2546 933 2819 996 habuisse,
2853 948 2952 987 nee
2986 934 3219 1004 amplius
3250 948 3312 990 ea
3350 933 3693 990 Christianos

427 1027 659 1098 obligari
689 1029 906 1083 docent.
953 1027 1105 1083 Unde
1138 1026 1341 1095 colligit
1372 1036 1481 1081 tota
1528 1028 1629 1081 hac
1660 1026 1777 1095 lege
1810 1026 2015 1095 figuras
2045 1026 2319 1090 exhiberi,
2366 1024 2625 1095 omnique
2670 1039 2790 1078 eam
2822 1039 2964 1079 nunc
3008 1041 3202 1081 carere
3238 1041 3398 1082 sensu
3447 1026 3691 1095 litterali,

431 1120 883 1190 quandoquidem
915 1135 977 1175 ea
1007 1119 1121 1187 jam
1174 1120 1337 1174 soluti
1371 1126 1502 1174 sunt
1529 1118 1850 1174 Christiani.
1899 1118 1957 1174 Id
1999 1120 2515 1190 genussystematis
2542 1119 2656 1187 jam
2696 1120 3054 1189 introspicere
3086 1121 3237 1176 licuit
3267 1120 3488 1176 homilia
3530 1136 3693 1190 supra

430 1212 604 1267 citata
640 1214 694 1266 in
743 1214 1034 1280 Numeros,
1093 1213 1186 1269 sed
1236 1213 1449 1282 plenius
1495 1211 1852 1266 conﬁrmatur
1896 1213 2255 1281 sequentibus
2310 1212 2660 1267 testimoniis.
2721 1211 2953 1267 llomilia
3004 1212 3236 1283 septima
3284 1212 3339 1266 in
3368 1210 3692 1275 Leviticum,

432 1318 586 1360 num.
607 1304 665 1370 4,
715 1304 806 1360 ubi
837 1305 903 1358 de
938 1306 1265 1361 mundorum
1300 1317 1355 1360 et
1400 1306 1802 1359 imntnndorum
1835 1306 2151 1360 discrimine
2195 1306 2398 1377 agitur,
2426 1306 2508 1359 sic
2538 1305 2781 1373 loquitur
2829 1323 2844 1358 :
2894 1323 2914 1356 α
2941 1304 3046 1359 Sed
3079 1304 3142 1358 ad
3171 1305 3287 1360 haec
3318 1304 3693 1373 investiganda

435 1394 743 1465 Scriptura:
772 1397 1104 1453 testimoniis
1137 1398 1462 1468 indigemus,
1492 1411 1561 1451 ne
1590 1395 1713 1463 quis
1738 1404 1900 1465 putet
1930 1396 2140 1467 (amant
2174 1399 2317 1452 enim
2354 1396 2603 1451 homines
2629 1410 2898 1451 exacuere
2927 1396 3141 1465 linguas
3169 1411 3297 1451 suas
3326 1405 3386 1448 ut
3411 1392 3690 1465 gladium),

430 1502 504 1543 ne
524 1489 645 1558 quis
673 1500 840 1560 putet,
872 1490 1111 1560 inquam,
1150 1493 1295 1561 quod
1330 1507 1430 1561 ego
1461 1494 1566 1544 vim
1595 1491 1789 1545 faciam
1825 1489 2126 1562 Scripturis
2156 1490 2380 1553 divinis,
2402 1499 2462 1541 nt
2498 1504 2563 1544 ea
2593 1504 2714 1558 quae
2747 1490 2815 1545 de
2842 1489 3191 1552 animalibus,
3225 1487 3691 1556 quadrupedibus,

429 1581 515 1635 vel
550 1584 716 1637 etiam
770 1585 984 1650 avibus,
1020 1595 1113 1639 aut
1147 1586 1390 1653 piscibus
1440 1585 1656 1640 mundis
1688 1586 1802 1640 sive
1834 1584 2125 1638 immundis
2156 1583 2210 1637 in
2252 1582 2369 1651 lege
2394 1582 2725 1646 referuntur,
2759 1582 2826 1636 ad
2878 1583 3128 1638 homines
3161 1582 3394 1649 traham,
3432 1580 3574 1635 etde
3596 1582 3695 1635 ho-

430 1673 673 1730 minibus
704 1673 820 1729 hrcc
846 1676 988 1729 dicta
1019 1692 1140 1731 esse
1174 1676 1505 1744 conﬁngam.
1566 1676 1843 1732 Fortassis
1870 1676 2013 1730 enim
2039 1676 2185 1729 dicat
2231 1676 2353 1744 quis
2382 1675 2692 1729 auditorum
2730 1692 2744 1728 :
2770 1674 2881 1730 Cur
2903 1677 3010 1729 vim
3037 1674 3174 1730 facis
3199 1674 3531 1744 Scripturae?
3559 1673 3689 1727 Ani-

429 1769 593 1825 malia
651 1773 928 1837 dicuntur,
962 1773 1217 1827 animalia
1266 1773 1661 1843 intelligantur.
1704 1771 1784 1826 Ne
1829 1788 1958 1843 ergo
1986 1772 2186 1842 aliquis
2227 1772 2345 1826 haec
2381 1771 2667 1841 depravari
2715 1772 2953 1826 humano
2983 1772 3168 1827 credat
3199 1772 3439 1842 ingenio,
3472 1781 3694 1840 ap0sto-

430 1863 534 1920 lica
568 1864 620 1917 in
667 1864 749 1918 eis
797 1864 1094 1918 auctoritas
1123 1865 1395 1919 evocanda
1430 1873 1512 1918 est
1543 1904 1558 1918 .
1580 1903 1595 1920 .
1622 1902 1638 1918 .
1659 1903 1677 1919 .
1719 1863 1921 1919 Paulus
1949 1864 2136 1933 utique
2170 1878 2443 1932 nunquam
2478 1863 2704 1918 auderet
2738 1862 3036 1931 spiritalem
3072 1873 3254 1931 potum
3304 1872 3363 1916 et
3393 1863 3691 1932 spiritalem

428 1966 611 2005 escam
641 1951 933 2021 appellare,
971 1952 1070 2007 nisi
1106 1954 1248 2008 hunc
1280 1967 1403 2008 esse
1449 1968 1671 2008 sensum
1700 1952 2023 2023 legislatoris
2076 1968 2173 2020 per
2205 1953 2460 2007 traditam
2487 1954 2588 2008 sibi
2625 1954 2925 2007 verissima:
2951 1953 3214 2009 doctrinae
3240 1955 3523 2009 scientiam
3555 1957 3695 2011 didi-

428 2046 610 2099 cisset.
653 2044 805 2101 Unde
845 2055 900 2100 et
928 2045 1054 2101 illud
1089 2048 1237 2101 addit
1269 2056 1527 2117 tanquam
1567 2048 1849 2102 conﬁdens
1899 2056 1951 2101 et
1987 2056 2168 2101 certus
2201 2047 2268 2101 de
2295 2047 2543 2101 ciborum
2571 2046 2782 2101 ratione
2814 2047 3140 2100 mundorum
3181 2055 3235 2100 et
3271 2046 3694 2121 immundornm,

430 2139 574 2207 quod
612 2154 716 2191 non
746 2140 1042 2194 secundum
1077 2139 1335 2201 litteram.
1366 2139 1459 2195 sed
1494 2139 1819 2209 spiritaliter
1847 2140 2186 2194 observanda
2235 2141 2369 2205 sint,
2401 2149 2455 2194 et
2483 2139 2614 2193 dicit
2661 2154 2674 2192 :
2722 2137 2894 2192 Nemo
2923 2154 3047 2207 ergo
3092 2154 3184 2193 vos
3219 2140 3427 2208 judicet
3467 2141 3526 2193 in
3554 2142 3691 2206 cibo,

425 2240 522 2284 aut
559 2239 706 2299 potu,
738 2241 832 2286 aut
864 2232 918 2285 in
942 2243 1091 2301 parte
1129 2233 1238 2286 diei
1272 2233 1420 2297 festi,
1449 2243 1538 2285 aut
1568 2233 1880 2297 neomenim,
1908 2242 1999 2285 aut
2037 2230 2410 2298 Sabbatorum,
2438 2212 2559 2300 qua:
2583 2240 2703 2286 sunt
2732 2233 2919 2286 umbra
2944 2231 3245 2301 futurorum
3270 2232 3335 2287 “.
3374 2232 3535 2288 Vides
3562 2248 3692 2302 ergo

427 2326 700 2391 quomodo
729 2325 844 2380 hare
887 2327 1070 2379 omnia
1103 2341 1224 2396 qua:
1248 2327 1316 2380 de
1366 2326 1503 2381 cibis
1532 2325 1614 2378 vel
1648 2335 1779 2394 potu
1830 2325 2071 2394 loquitur
2101 2326 2334 2397 Moyses,
2386 2326 2586 2381 Paulus
2613 2326 2701 2393 qui
2752 2325 2946 2380 melius
2979 2326 3081 2380 ista
3119 2326 3409 2392 didicerat,
3441 2343 3600 2397 quam
3636 2328 3689 2382 hi

428 2418 522 2487 qui
556 2433 700 2471 nunc
726 2416 936 2484 jactant
962 2433 1022 2473 se
1055 2432 1176 2473 esse
1202 2420 1480 2482 doctores,
1511 2419 1696 2472 omnia
1727 2418 1839 2472 haec
1875 2418 2121 2473 umbram
2153 2420 2288 2473 dicit
2318 2435 2438 2474 esse
2466 2419 2796 2473 futurorum.
2856 2420 2924 2474 Et
2953 2420 3093 2486 ideo,
3144 2419 3285 2475 sicut
3329 2421 3589 2485 diximus,
3623 2421 3693 2478 ab

427 2510 536 2565 hac
580 2509 767 2563 tnnbra
799 2509 865 2562 ad
894 2510 1177 2565 veritatem
1210 2510 1473 2566 debemus
1513 2512 1839 2567 ascendere.
1894 2511 2224 2568 Christianis
2249 2522 2305 2566 et
2349 2526 2378 2564 a
2406 2510 2740 2566 Christianis
2785 2525 2970 2566 sermo
2997 2520 3103 2574 est,
3133 2510 3331 2580 quibus
3362 2511 3691 2578 apostolico-

426 2622 548 2661 rum
575 2605 844 2659 dictorum
879 2605 1043 2659 chara
1094 2605 1255 2660 debet
1303 2620 1427 2660 esse
1457 2606 1782 2662 auctoritas.
1826 2606 1883 2661 Si
1919 2606 2042 2676 quis
2073 2620 2202 2660 vero
2231 2608 2546 2676 armgantia
2582 2604 2827 2659 tumidus
2863 2606 3158 2674 apostolica
3208 2605 3355 2659 dicta
3387 2607 3694 2660 contemnit

425 2709 523 2753 aut
568 2698 794 2766 spernit,
834 2698 949 2767 ipse
983 2697 1201 2752 viderit.
1243 2696 1373 2752 Mihi
1405 2707 1582 2752 autem
1613 2700 1763 2755 sicut
1791 2699 1904 2754 Deo
1940 2709 1996 2754 et
2026 2700 2255 2755 Domino
2286 2699 2412 2754 Jesu
2443 2698 2684 2764 Christo,
2740 2698 2811 2751 ita
2857 2709 2913 2753 et
2942 2698 3199 2767 apostolis
3250 2698 3371 2768 ejus
3416 2699 3693 2754 adhaerere

425 2789 626 2845 bonum
662 2802 767 2855 (κει,
804 2799 858 2844 et
891 2807 955 2845 ex
987 2789 1188 2846 divinis
1226 2789 1526 2860 Scripturis
1573 2793 1872 2848 secundum
1917 2793 2158 2861 ipsorum
2195 2792 2541 2846 traditionem
2594 2791 3003 2862 intelligentiam
3041 2805 3258 2860 capere.
3286 2809 3306 2842 ι
3354 2789 3430 2843 Ex
3476 2791 3600 2857 hoc,
3636 2790 3691 2844 ni

426 2880 616 2943 fallor,
656 2881 971 2936 testimonio
997 2882 1165 2951 liquet
1195 2881 1460 2953 placuisse
1494 2884 1736 2954 Origeni,
1769 2892 1828 2938 ut
1859 2886 2038 2941 omnis
2061 2886 2463 2942 carremonialis
2486 2887 2570 2941 lex
2604 2887 2900 2956 allegorico
2932 2899 3093 2938 sensu
3128 2884 3463 2953 accipiatur:
3491 2900 3557 2938 en
3590 2884 3687 2938 tibi

428 2972 556 3038 alia,
593 2972 736 3028 unde
777 2982 988 3027 constat
1023 2990 1088 3029 ex
1122 2975 1241 3045 ejus
1274 2978 1539 3031 sententia
1587 2977 1734 3032 omni
1774 2994 1916 3032 nunc
1950 2994 2071 3033 eam
2129 2978 2343 3032 litterati
2391 2995 2517 3048 erga
2559 2980 2903 3034 Christianos
2951 2992 3111 3029 sensu
3163 2990 3372 3030 carere.
3436 2975 3577 3031 Nihil
3620 2976 3688 3030 ad

425 3078 548 3116 eam
584 3079 696 3118 rem
747 3065 919 3134 magis
955 3066 1242 3133 disertum,
1274 3085 1436 3139 quam
1470 3072 1613 3140 quod
1647 3072 1723 3123 ait
1771 3073 1991 3127 homilia
2025 3082 2175 3126 sexta
2210 3074 2262 3126 in
2290 3073 2544 3127 Genesim
2570 3090 2585 3126 :
2616 3090 2634 3122 σ
2666 3072 2819 3137 Quod
2847 3073 2890 3126 si
2919 3073 3151 3125 edocere
3184 3069 3265 3123 vis
3297 3071 3571 3138 quomodo
3603 3070 3689 3123 lex

424 3165 639 3210 mortua
671 3161 764 3222 sit,
792 3159 1076 3224 considera
1109 3172 1164 3217 et
1194 3161 1316 3217 vide
1343 3180 1489 3219 nunc
1523 3166 1817 3229 sacriﬁcia,
1855 3167 1943 3220 tibi
1971 3168 2169 3233 altare,
2201 3168 2290 3221 ubi
2325 3166 2605 3233 templum,
2653 3166 2741 3219 ubi
2772 3165 3202 3233 puriﬁcationes,
3235 3164 3326 3215 ubi
3374 3161 3695 3218 solemnitan

424 3248 648 3305 Pascha:
676 3269 693 3306 :
736 3269 916 3310 nonne
950 3265 1163 3310 mortua
1195 3265 1280 3309 est
1328 3258 1380 3308 in
1417 3258 1501 3311 his
1532 3257 1787 3312 omnibus
1834 3258 1963 3311 lex?
1992 3260 2098 3312 Aut
2131 3261 2174 3312 si
2208 3266 2436 3326 possunt
2470 3256 2558 3309 isti
2587 3258 2748 3309 amici
2800 3268 2854 3311 et
2883 3255 3206 3311 defensores
3254 3256 3469 3318 litterte,
3507 3265 3695 3311 custo-

424 3343 577 3397 diant
626 3344 861 3400 litteram
896 3348 1046 3419 legis.
1070 3367 1090 3399 ι
1144 3347 1213 3402 Et
1240 3349 1459 3403 homilia
1508 3351 1795 3406 undecima
1829 3353 1882 3405 in
1918 3352 2160 3407 Exodnm
2202 3369 2215 3403 :
2258 3368 2277 3401 ι
2308 3350 2425 3402 Non
2454 3351 2597 3403 enim
2628 3359 2830 3418 potest,
2861 3349 3063 3417 inquit,
3099 3347 3281 3403 facere
3310 3348 3391 3401 lex
3421 3348 3565 3401 sicut
3594 3345 3693 3402 Ju-

424 3435 525 3489 daei
557 3435 766 3504 dicunt,
802 3441 929 3508 quia
963 3441 1271 3495 inﬁrmatur
1296 3442 1383 3495 lex
1408 3443 1461 3495 in
1491 3457 1678 3506 carne,
1705 3444 1758 3498 id
1796 3454 1880 3497 est
1908 3446 1959 3497 in
1998 3444 2200 3506 littera,
2227 3454 2281 3499 et
2310 3442 2445 3498 nihil
2476 3452 2654 3511 potest
2685 3443 2983 3496 secundum
3013 3441 3249 3495 litteram
3280 3440 3458 3494 facere
3494 3457 3512 3496 :
3554 3440 3691 3497 nihil

423 3527 569 3581 enim
602 3531 668 3585 ad
698 3532 1001 3599 perfectum
1037 3534 1254 3588 adducit
1292 3534 1400 3590 lex.
1442 3535 1751 3590 Secundum
1782 3545 1962 3590 autem
1996 3538 2286 3591 consilium
2322 3534 2464 3604 quod
2497 3551 2595 3588 nos
2623 3533 2902 3588 allerimus
2931 3534 2998 3587 ad
3029 3533 3226 3603 legem,
3251 3543 3476 3603 possunt
3506 3534 3688 3588 omnia

424 3621 745 3688 spiritaliter
792 3625 931 3680 ﬁeri.
973 3626 1204 3680 Possunt
1251 3634 1306 3681 et
1355 3628 1626 3684 sacriﬁcia
1663 3629 1985 3698 spiritaliter
2034 3629 2245 3697 oil’erri,
2281 3645 2400 3699 quze
2430 3630 2593 3683 modo
2643 3627 2943 3682 carnaliter
2977 3641 3082 3680 non
3132 3635 3378 3696 possunt.
3418 3624 3607 3680 Potest
3636 3632 3692 3679 et

424 3712 510 3768 lex
545 3715 707 3784 lepra:
737 3719 1056 3787 spiritaliter
1087 3721 1315 3783 servari,
1347 3736 1467 3790 qua:
1497 3724 1798 3777 secundmn
1834 3723 2072 3777 litteram
2115 3739 2222 3777 non
2256 3732 2454 3792 potest.
2487 3722 2577 3776 Sic
2610 3736 2741 3790 ergo
2773 3719 3045 3790 quomodo
3071 3734 3167 3773 nos
3189 3719 3460 3774 sentimus
3481 3725 3535 3772 et
3561 3732 3692 3771 con-

424 3810 605 3866 silium
634 3814 845 3878 datnns,
870 3815 1050 3869 omnia
1090 3814 1219 3869 facit
1246 3815 1353 3870 lex.
1387 3817 1694 3870 Secundum
1732 3817 1966 3871 litteram
2003 3827 2183 3872 autem
2223 3834 2328 3871 non
2358 3819 2564 3881 omnia,
2591 3816 2686 3870 sed
2721 3816 3015 3870 admodum
3051 3829 3245 3884 pauca.
3274 3832 3293 3864 ι

496 3903 747 3960 Secunda
787 3906 995 3976 regula,
1036 3906 1189 3973 cujus
1219 3908 1551 3978 praecipuum
1584 3924 1740 3963 usmn
1772 3924 1892 3963 esse
1921 3909 2035 3961 vult
2091 3909 2143 3962 in
2197 3908 2535 3978 propheticis
2580 3917 2635 3960 et
2665 3906 2946 3961 historicis
3004 3894 3195 3970 libris,
3225 3905 3328 3959 hoc
3379 3913 3689 3960 commento

424 3998 660 4054 nititur:
700 4020 719 4052 ε
777 4000 834 4055 1η
860 4001 998 4057 εωῑο
1029 4003 1176 4071 regio
1208 4011 1290 4057 est
1317 4018 1438 4072 qua:
1462 4001 1681 4068 Induere,
1713 4004 1845 4057 urbs
1893 4018 2012 4071 quae
2059 4001 2435 4075 Jerosolymte,
2473 4002 2703 4073 populus
2745 4000 2834 4069 qtti
2881 3999 3107 4054 Judaico
3137 3998 3334 4068 populo
3370 3997 3684 4068 respondet.

423 4093 519 4152 Sic
543 4096 706 4151 etiam
741 4097 982 4151 coelestis
1013 4097 1281 4168 ngyptus
1315 4106 1419 4162 est,
1455 4098 1696 4154 caelestis
1726 4098 1990 4169 Babylon,
2018 4098 2263 4153 caelestis
2294 4099 2488 4161 Sidon,
2512 4098 2749 4152 caelestis
2777 4095 2975 4166 Tyrus,
3004 4101 3059 4147 et
3085 4093 3204 4148 aliae
3226 4093 3488 4163 ejusmodi
3522 4094 3687 4150 urbes

420 4201 480 4249 et
510 4192 648 4257 loca,
688 4207 808 4261 qua:
840 4191 1072 4244 terrenis
1111 4190 1352 4259 ejusdem
1402 4193 1643 4247 nominis
1694 4192 2009 4261 regiunihus
2037 4201 2093 4244 et
2132 4192 2451 4245 civitatibus
2481 4191 2831 4259 respondent.
2868 4189 2923 4242 In
2959 4187 3110 4241 hisce
3154 4188 3475 4244 coelestibus
3509 4191 3689 4262 regio-

420 4285 583 4340 nibus
613 4297 669 4340 et
725 4286 949 4340 urbibus
982 4286 1312 4341 domicilium
1351 4296 1436 4341 est
1475 4288 1804 4351 animarum,
1835 4304 1954 4357 quae
2000 4285 2307 4354 principum
2355 4285 2620 4339 bonorum
2648 4293 2742 4337 aut
2787 4281 3056 4336 malorum
3090 4284 3318 4350 imperio
3352 4283 3681 4342 subduntur.

420 4377 486 4432 Et
518 4377 970 4449 quemadmodum
1004 4378 1133 4433 hinc
1160 4380 1485 4434 decedentes
1528 4380 1804 4435 hominum
1854 4380 2048 4433 anima:
2081 4380 2132 4432 itt
2174 4378 2443 4432 infernum
2485 4376 2871 4443 detruduntur,
2903 4388 2964 4431 ut
3005 4378 3080 4432 ibi
3130 4376 3353 4430 meritas
3386 4392 3485 4446 pro
3527 4377 3685 4433 malis

419 4473 630 4527 actibus
660 4485 848 4540 pcenas
898 4472 1202 4538 exsolvant,
1234 4472 1316 4527 sic
1369 4473 1511 4527 idem
1548 4472 1720 4528 ferme
1775 4475 1829 4528 in
1865 4474 2118 4543 supernis
2180 4472 2311 4525 locis
2363 4472 2582 4536 accidit,
2619 4470 2707 4525 ubi
2761 4472 3031 4539 quoddam
3086 4471 3276 4524 mortis
3319 4485 3487 4539 genus
3519 4486 3685 4539 expe-

422 4569 639 4622 riuntur
668 4566 883 4629 animae,
909 4575 964 4618 et
994 4574 1114 4632 post
1136 4567 1293 4620 istam
1327 4578 1554 4621 mortem
1587 4568 1641 4620 in
1670 4577 1869 4623 terram
1902 4568 2044 4620 hanc
2074 4576 2312 4618 nostram
2337 4571 2592 4633 tanquam
2627 4565 2678 4616 in
2714 4563 2984 4616 infernum
3015 4562 3445 4631 prmeipitantur.
3491 4563 3683 4619 Potest

419 4659 589 4729 igitur
626 4659 742 4712 ﬁeri
775 4665 833 4709 ttt
868 4657 949 4709 hae
973 4672 1091 4724 quae
1141 4660 1194 4711 in
1234 4659 1387 4713 caelis
1413 4659 1682 4722 habitant,
1738 4659 1952 4722 animai,
1983 4659 2038 4711 in
2097 4667 2255 4712 terrae
2299 4671 2495 4710 nostra:
2552 4658 2726 4709 locum
2766 4655 2885 4724 plus
2925 4655 3168 4709 minusve
3195 4655 3536 4710 commodum
3584 4673 3683 4728 pro

418 4752 839 4824 praecedentium
872 4757 1087 4804 actuum
1117 4752 1435 4808 diversitate
1469 4754 1846 4818 amandentnr,
1875 4752 2063 4820 sicque
2096 4751 2243 4805 verbi
2275 4750 2449 4820 gratia
2497 4765 2528 4803 e
2559 4747 2742 4801 Jnthea
2781 4746 2988 4801 caelesti
3024 4748 3285 4802 oriundus
3330 4746 3575 4804 Israelita
3625 4749 3680 4802 in

420 4844 701 4915 Scythiam
740 4856 1076 4915 terrestrem,
1109 4857 1164 4902 et
1189 4848 1306 4903 vice
1331 4863 1488 4902 versa
1531 4862 1597 4903 ex
1625 4845 1862 4918 JEgypto
1886 4847 2094 4902 caelesti
2124 4844 2412 4916 Egyptius
2437 4845 2489 4897 in
2518 4841 2759 4897 Judteam
2791 4851 3062 4895 terrenam
3099 4842 3391 4912 relegetur.
3429 4860 3449 4894 ι

495 4936 591 4991 His
623 4938 960 4995 fundamenti
992 4941 1108 4995 loco
1142 4940 1353 5006 positis,
1384 4941 1637 4994 secundae
1663 4940 1860 5007 regulae
1885 4949 2039 4992 tenor
2067 4939 2159 4992 hic
2191 4947 2275 4990 est
2312 4955 2325 4990 :
2364 4955 2383 4987 ι
2416 4935 2690 5003 Quidquid
2736 4934 2786 4987 in
2835 4933 3115 5005 Scriptura
3168 4950 3323 4989 sacra
3366 4937 3432 4990 de
3462 4943 3679 4993 terrena

419 5029 744 5098 Ierusalem,
772 5033 837 5087 de
865 5042 1077 5089 terrena
1108 5032 1360 5105 Egypto,
1393 5033 1458 5086 de
1484 5031 1756 5104 Babylone
1797 5032 2045 5085 terrestri
2129 5042 2183 5086 et
2217 5032 2283 5084 de
2317 5030 2437 5083 aliis
2468 5027 2732 5087 eiusmodi
2782 5027 2934 5090 locis,
2977 5041 3184 5083 necnon
3232 5027 3445 5082 illorum
3486 5029 3681 5086 incolis

420 5123 646 5186 dicitur,
684 5124 735 5177 id
769 5126 833 5177 ad
885 5126 1133 5181 caelestes
1190 5124 1440 5195 regiones
1477 5125 1747 5192 urbesque
1794 5125 2143 5192 cognomines
2177 5133 2340 5190 atque
2375 5122 2443 5174 ad
2505 5122 2715 5174 illarum
2777 5121 2982 5174 incolas
3037 5120 3378 5174 referendum
3425 5133 3528 5176 est.
3568 5123 3678 5180 lmo

419 5219 722 5289 saepissime
756 5220 823 5273 de
849 5221 1160 5275 coelestibus
1209 5220 1294 5273 his
1340 5230 1548 5273 tantum
1579 5218 1714 5274 locis
1744 5218 2021 5288 prophetae
2051 5219 2195 5288 loqui
2232 5219 2333 5273 sibi
2361 5225 2779 5288 proposuerunt,
2810 5232 2933 5271 cum
2974 5216 3041 5269 de
3086 5224 3301 5269 terrena
3345 5212 3669 5281 Jerusalem,

412 5317 491 5370 de
519 5323 737 5368 terrena
771 5314 1025 5386 Egypto,
1066 5325 1158 5370 aut
1207 5316 1329 5370 aliis
1368 5315 1505 5369 locis
1538 5316 1770 5370 terrenis
1804 5327 2109 5369 sermonem
2166 5314 2370 5368 habere
2415 5314 2687 5377 videntur,
2740 5313 2906 5381 idque
2938 5310 3064 5365 inde
3093 5308 3271 5378 colligi
3323 5321 3503 5379 potest
3528 5316 3672 5382 quod

422 5406 688 5474 ejusmodi
712 5408 1011 5475 prophetiae
1041 5405 1426 5479 mysteriorum
1462 5407 1696 5476 speciem
1730 5420 1841 5474 prae
1877 5422 1937 5462 se
1981 5405 2182 5471 ferunt,
2219 5404 2497 5474 multaque
2520 5405 2804 5459 continent
2838 5417 2960 5470 qua:
3004 5400 3068 5453 ad
3109 5401 3356 5455 homines
3400 5405 3677 5472 pertinere

422 5514 767 5567 nequaquam
793 5509 1041 5570 possunt.
1079 5520 1099 5551 ι
1139 5502 1326 5556 Exstat
1379 5500 1483 5555 hoc
1513 5500 1844 5569 paradoxum
1873 5499 1970 5556 lib.
2016 5514 2069 5554 tv
2110 5498 2188 5553 De
2231 5498 2533 5567 principiis,
2568 5512 2716 5550 nutn.
2747 5493 2839 5559 20,
2869 5496 2933 5548 21
2964 5506 3020 5549 et
3047 5508 3222 5562 seqq.,
3277 5495 3516 5567 illudque
3565 5499 3673 5554 sibi

422 5599 763 5645 commentus
791 5601 875 5645 est
896 5589 1161 5660 Origenes
1197 5599 1312 5647 tum
1336 5605 1367 5647 e
1394 5590 1713 5650 discrimine
1739 5591 1880 5661 quod
1908 5590 2064 5663 ponit
2091 5589 2292 5645 Paulus
2326 5590 2467 5646 inter
2495 5587 2797 5643 Israelitatn
2825 5587 3122 5647 secundum
3151 5604 3372 5648 carnem
3402 5600 3456 5648 et
3495 5591 3671 5649 lsrae-

492 5725 767 5786 “Coloss.
822 5744 882 5797 tt,
934 5730 1032 5789 16.
