4000 6146
327 289 384 349 g9
1473 281 1842 337 PRAEFATIO
1882 284 1974 337 AD
2014 286 2179 342 ΤΟΜ.
2222 286 2287 342 ll.
3460 290 3531 347 50

328 404 450 454 luam
493 396 782 451 secundum
842 397 1114 465 spiritum,
1163 406 1275 450 tum
1335 412 1398 452 ex
1427 413 1491 452 eo
1523 404 1664 468 quod
1703 401 1843 453 idem
1874 402 2149 467 apostolus
2179 403 2228 456 in
2260 403 2500 469 Epistola
2546 403 2609 455 ad
2659 405 2880 458 Galatas
2915 404 3046 458 dicit
3099 404 3370 460 emlestem
3404 420 3527 458 esse

321 490 590 548 Jerusalem.
627 489 710 543 Ex
743 490 906 556 hujus
936 492 1184 560 principii
1221 493 1361 546 serie
1386 495 1552 547 etiam
1588 495 1728 547 hanc
1751 496 2061 564 generalem
2110 497 2453 564 propheticos
2508 497 2910 567 historicosque
2945 499 3112 552 libros
3140 499 3527 567 interpretandi

319 586 585 642 methodum
619 588 904 653 proponit,
952 595 1009 640 ut
1060 603 1251 656 nempe
1281 589 1541 658 quidquid
1571 589 1622 642 in
1647 590 1750 642 illis
1785 600 1887 654 est,
1917 591 1982 643 ad
2036 593 2206 643 bonos
2254 599 2306 643 et
2343 591 2408 643 ad
2446 592 2615 645 malos
2658 594 2876 660 angelos
2943 592 3230 646 referatur.
3321 592 3529 645 Diserte

317 681 424 737 illud
448 683 588 735 docet
618 682 846 735 homilia
879 683 1162 737 undecima
1197 685 1250 738 in
1290 683 1554 740 Numeros
1585 704 1598 737 :
1644 705 1661 736 ι
1695 686 1830 739 Ριιιο
1861 687 2026 750 enim,
2060 687 2254 755 inquit,
2295 689 2420 755 quia
2461 689 2602 742 sicut
2633 691 2878 756 quaedam
2925 689 3142 740 nomina
3180 687 3263 740 vel
3292 686 3528 753 gentium

315 778 382 830 vel
407 772 694 846 principum
718 777 770 829 in
793 776 1089 845 Scripturis
1121 781 1292 844 posita
1325 781 1587 844 videmus,
1608 797 1724 850 qua:
1753 784 1953 849 absque
1979 783 2318 837 dubitatione
2353 784 2417 835 ad
2451 782 2620 836 malos
2649 784 2869 848 angelos
2895 785 3035 836 etad
3058 783 3284 834 virtutes
3316 790 3534 833 contra-

313 873 404 927 rias
427 869 745 932 referantur,
774 871 915 923 sicut
941 871 1090 924 verbi
1122 873 1295 938 gratia
1327 871 1536 925 Pharao
1565 889 1655 927 rex
1685 873 1924 943 lEgypti,
1955 875 2454 929 Nabuchodonosor
2489 875 2840 944 Babylonius,
2871 883 2924 928 et
2945 875 3232 943 Assyrius;
3264 875 3334 925 ita
3369 872 3528 924 etiam

307 980 359 1018 ea
385 979 490 1034 qua:
517 963 577 1016 de
612 964 825 1017 sanctis
853 964 984 1017 viris
1013 974 1068 1016 et
1095 975 1254 1034 gente
1281 965 1536 1032 religiosa
1573 967 1906 1029 scribuntur,
1931 968 1996 1020 ad
2025 977 2243 1021 sanctos
2281 968 2499 1035 angelos
2537 978 2590 1020 et
2618 969 2682 1021 ad
2719 968 2981 1035 benignas
3025 967 3282 1020 debemus
3327 962 3533 1018 referre

309 1056 568 1110 virtutes...
608 1057 666 1111 Si
698 1071 832 1125 ergo
867 1057 980 1110 haec
1031 1058 1212 1111 omnia
1259 1059 1323 1110 ad
1357 1059 1579 1127 angelos
1606 1060 1866 1127 quosdam
1921 1076 2126 1128 magna:
2156 1061 2379 1115 virtutis
2431 1061 2620 1115 referri
2657 1061 2801 1129 cogit
2850 1060 2986 1114 ratio
3033 1059 3299 1122 veritatis,
3355 1070 3534 1110 nonne

303 1149 466 1206 eadem
518 1151 918 1217 consequentia
972 1151 1134 1205 etiam
1167 1167 1288 1220 quae
1335 1154 1402 1206 de
1445 1153 1598 1206 bonis
1633 1152 1714 1206 vel
1758 1153 2091 1220 principibus
2130 1153 2211 1207 vel
2254 1153 2503 1223 gentibus
2536 1153 2973 1217 conscribuntur,
3029 1152 3095 1206 ad
3144 1152 3429 1213 bonarum,
3467 1159 3526 1203 ut

306 1256 446 1306 supra
473 1240 737 1305 diximus,
773 1243 1032 1295 virtutum
1069 1243 1288 1312 angelos
1317 1244 1707 1311 ministrosque
1744 1245 2086 1297 referentur?
2109 1264 2128 1296 ι

367 1330 530 1383 Tertia
547 1331 790 1400 denique
815 1332 1066 1403 Origenis
1093 1335 1275 1404 regula
1295 1338 1558 1406 przecipit,
1582 1356 1600 1388 ι
1625 1347 1684 1390 ιιι
1702 1341 1766 1391 ad
1783 1337 2066 1408 mysticum
2087 1353 2303 1391 sensum
2324 1337 2680 1406 confugiatur,
2706 1347 2756 1392 et
2771 1337 3052 1391 deseratur
3069 1335 3272 1396 littera,
3305 1332 3524 1403 quoties

293 1423 440 1488 falsa,
468 1425 694 1490 inutilis,
726 1425 946 1496 Deoque
986 1429 1203 1499 indigna
1232 1429 1551 1497 reperietur.
1581 1449 1599 1479 ι
1639 1429 1693 1483 Id
1721 1431 2026 1486 necessario
2068 1432 2313 1498 sequitur
2332 1445 2361 1484 e
2385 1431 2667 1498 principiis
2707 1430 2940 1484 articulo
2964 1437 3161 1497 quarto
3184 1426 3515 1481 constitutis.

375 1541 988 1604 Animadversiones
1023 1543 1088 1604 in
1128 1543 1588 1620 Origenianum
1627 1544 1704 1605 de
1741 1543 2080 1620 Scriptum
2110 1559 2300 1603 sacrm
2331 1543 2820 1619 interpretanda:
2857 1543 3101 1602 ratione
3141 1546 3445 1619 systema.

372 1665 407 1720 Ι.
434 1665 669 1720 Primum
705 1682 810 1736 ego
841 1682 946 1722 non
975 1667 1188 1722 inﬁcias
1219 1667 1372 1721 ierim
1402 1667 1622 1738 Origeni
1670 1668 1899 1720 multum
1933 1667 2142 1731 deberi,
2190 1671 2333 1737 quod
2368 1667 2667 1736 Scriptura:
2718 1683 2890 1722 sacra:
2923 1667 3213 1737 allegorice
3260 1667 3527 1734 interpre-

303 1764 460 1818 tandze
493 1764 820 1818 methodum
859 1779 888 1816 a
929 1764 1072 1820 Celsi
1106 1764 1580 1820 criminationibus
1610 1766 1745 1819 adeo
1779 1764 1945 1818 solide
1975 1763 2355 1828 vindicaverit,
2386 1773 2444 1816 ut.
2471 1779 2527 1818 se
2559 1765 2671 1832 ipse
2713 1763 2764 1817 in
2798 1763 2900 1818 hac
2941 1772 3096 1832 parte
3128 1761 3528 1832 quodammodo

297 1873 567 1928 superasse
599 1859 875 1914 videatur.
905 1856 1108 1914 Invicte
1133 1859 1276 1913 enim
1308 1861 1525 1928 probat,
1555 1859 1840 1929 mysticum
1875 1874 2113 1922 sensum,
2150 1860 2193 1913 si
2229 1874 2314 1912 res
2337 1860 2633 1928 generatim
2655 1868 2947 1927 spectetur,
2974 1873 3077 1911 non
3108 1873 3225 1913 csse
3253 1872 3530 1912 commen-

296 1961 394 2004 tum
426 1951 758 2018 humanum,
785 1952 878 2007 sed
904 1954 1263 2021 ipsarummet
1293 1951 1706 2020 Scripturarum
1739 1951 2070 2005 auctoritate
2104 1952 2220 2017 niti,
2252 1952 2489 2018 nihilque
2523 1967 2812 2004 commune
2847 1951 3047 2005 habere
3083 1965 3203 2004 cum
3254 1947 3525 2014 allegoriis

287 2041 621 2104 Grzt‘corum,
649 2059 768 2111 qua:
796 2043 954 2112 longe
986 2052 1106 2112 post
1135 2054 1292 2097 natas
1313 2058 1500 2097 eorum
1525 2041 1732 2096 fabulas
1761 2043 2078 2112 echgitatze
2109 2052 2253 2102 sunt,
2284 2053 2341 2096 ut
2365 2043 2588 2095 deorum
2617 2058 2749 2115 quos
2785 2043 2989 2104 colunt,
3037 2041 3225 2095 honori
3273 2039 3525 2094 consule-

287 2147 449 2191 retur.
483 2137 696 2192 Deinde
743 2139 927 2207 magni
952 2138 1122 2191 etiam
1156 2137 1411 2206 ponderis
1436 2136 1592 2191 estin
1637 2137 1740 2192 hoc
1777 2147 1997 2190 auctore
2027 2137 2113 2190 illa
2143 2138 2437 2202 confessio,
2491 2140 2751 2206 mysticos
2779 2151 2972 2190 sensus
3008 2151 3112 2189 non
3139 2136 3339 2205 ubique
3373 2134 3524 2187 Scri-

282 2243 567 2301 pturarum
600 2234 860 2302 reperiri;
897 2232 1070 2300 major
1095 2243 1149 2288 et
1185 2234 1297 2298 illa,
1328 2231 1725 2298 difﬁcillimum,
1755 2248 1820 2288 ne
1849 2234 2062 2288 dicatur
2088 2235 2435 2303 impossibile,
2465 2249 2558 2289 eos
2579 2249 2712 2301 quos
2751 2234 2804 2286 in
2835 2247 2891 2286 se
2925 2232 3145 2295 habent,
3176 2231 3524 2300 investigare.

284 2328 529 2397 Denique
557 2329 774 2399 plurimi
808 2330 940 2384 item
971 2331 1348 2384 aestimandum
1380 2331 1524 2400 quod
1550 2331 1684 2384 dixit
1715 2331 1779 2384 de
1821 2330 2052 2386 utilitate
2085 2339 2142 2384 et
2185 2333 2495 2400 praestantia
2535 2329 2784 2383 litteralis
2835 2310 3073 2387 sensus,'
3105 2339 3212 2392 quo
3255 2323 3524 2390 integrum

280 2424 562 2494 religionis
591 2434 788 2479 nostra:
822 2426 1107 2480 aediﬁcium
1159 2425 1447 2490 fundatur,
1494 2427 1694 2498 quique
1740 2427 1804 2480 ad
1845 2427 2254 2480 :ediﬁcationcm
2303 2436 2357 2480 et
2395 2428 2776 2480 documentum
2807 2421 3044 2475 ﬁdelium
3077 2435 3175 2489 per
3217 2433 3275 2473 se
3306 2416 3524 2472 sullicit.

282 2509 448 2567 Hisce
482 2515 789 2567 enuntiatis
825 2513 936 2567 fere
966 2515 1280 2568 continetur
1312 2516 1571 2584 quidquid
1601 2516 1724 2570 boni
1757 2513 2087 2584 Origeniano
2119 2518 2258 2570 inest
2288 2515 2593 2584 systemati.

345 2603 412 2658 ll.
467 2603 578 2659 Sed
622 2606 810 2674 paucis
836 2606 985 2662 hisce
1020 2609 1178 2662 bonis
1211 2607 1370 2677 longe
1419 2607 1575 2676 plura
1631 2609 1770 2661 mala
1814 2609 2048 2662 admista
2090 2619 2238 2663 sunt.
2277 2610 2356 2662 Ac
2405 2611 2636 2678 primum
2677 2609 2918 2676 quidem,
2953 2610 3070 2669 illa,
3099 2621 3256 2676 quam
3311 2603 3525 2672 plurimi

281 2711 468 2756 tamen
515 2710 730 2754 veteres
775 2709 831 2754 et
873 2701 1204 2756 recentiores
1256 2702 1486 2771 amplexi
1534 2712 1682 2765 sunt,
1713 2703 2009 2772 Scriptura:
2061 2718 2231 2758 sacrae
2274 2704 2467 2758 divisio
2513 2705 2564 2757 in
2605 2705 2866 2773 triplicem
2919 2719 3158 2762 sensum,
3213 2699 3522 2758 litteralem,

274 2795 546 2850 moralem
572 2804 629 2849 et
663 2793 1038 2864 allegorieum,
1073 2810 1318 2848 censura:
1346 2795 1563 2848 videtur
1591 2795 1848 2850 obnoxia.
1879 2793 2100 2849 Moralis
2126 2795 2430 2862 appelletur
2455 2795 2743 2863 cujuslibet
2775 2795 2874 2848 loci
2908 2809 3123 2854 sensus,
3149 2792 3239 2862 qui
3287 2791 3529 2843 moribus

273 2887 591 2942 formandis
623 2887 873 2951 inservit,
911 2903 1006 2951 per
1037 2903 1125 2940 me
1151 2888 1301 2951 licet,
1333 2889 1492 2940 modo
1538 2889 1767 2943 ulterius
1803 2905 1908 2943 non
1959 2894 2306 2958 procedatur.
2367 2890 2421 2943 Si
2459 2904 2584 2942 vero
2637 2889 2686 2942 in
2733 2887 2952 2956 speciali
3005 2885 3306 2940 collocetur
3347 2882 3527 2935 classe

277 2997 486 3035 sensus
519 2982 772 3046 moralis,
805 2992 858 3035 et
888 2997 916 3033 a
948 2982 1173 3035 litterali
1201 2984 1562 3038 constituatur
1593 2984 1815 3053 perinde
1847 2987 2096 3043 diversus
2135 3001 2200 3040 ac
2232 2985 2575 3055 allegoricus,
2613 2985 2661 3037 id
2696 2983 2842 3037 nulla
2867 2983 3039 3037 solida
3073 2982 3284 3035 ratione
3311 2980 3526 3042 nititur,

271 3086 331 3129 et
369 3076 682 3144 perniciem
721 3091 904 3129 secum
937 3078 1228 3130 maximam
1261 3079 1442 3141 trahit,
1477 3081 1550 3132 uti
1582 3080 1827 3150 exemplo
1849 3081 2232 3150 comprobatur
2261 3080 2530 3147 Origenis,
2567 3080 2656 3146 qui
2697 3089 2755 3133 ut
2781 3079 3031 3133 litteralis
3059 3092 3250 3132 sensus
3295 3074 3525 3130 difﬁcul-

272 3180 429 3225 tates
455 3171 716 3228 eluderet.
747 3172 811 3223 ad
845 3173 1226 3226 documentum
1258 3175 1476 3243 aliquod
1509 3177 1712 3230 morale
1741 3177 2107 3245 confugiebat.
2143 3177 2223 3230 Ad
2275 3178 2560 3246 mysticum
2589 3177 2806 3243 quidem
2854 3188 3074 3228 sensum
3121 3173 3306 3225 statim
3337 3184 3526 3222 recura

274 3282 414 3320 rere
453 3266 754 3329 maluisset,
781 3267 874 3320 sed
905 3269 1028 3337 quia
1061 3285 1162 3322 non
1189 3285 1395 3338 semper
1423 3277 1744 3325 occurrebat
1777 3272 1868 3340 qui
1913 3272 2014 3326 sibi
2047 3271 2252 3326 faceret
2301 3278 2458 3332 satis,
2499 3280 2626 3324 tunc
2664 3271 2713 3323 in
2753 3270 2934 3322 anima
2964 3267 3283 3334 Scriptum,
3334 3264 3386 3316 id
3439 3269 3525 3317 est

275 3363 484 3416 morali
525 3377 684 3416 sensu
722 3362 972 3418 haerebat.
1007 3364 1455 3418 Animadvertere
1481 3366 1753 3420 debuisset
1791 3367 2023 3434 primum
2058 3367 2352 3419 moralibus
2380 3367 2536 3420 hisce
2563 3364 2921 3426 documentis,
2952 3377 3074 3415 cum
3124 3362 3336 3426 integer
3374 3371 3520 3410 sem—

275 3471 390 3528 per
419 3465 641 3509 maneat
677 3455 924 3509 litteralis
979 3471 1193 3521 sensus,
1230 3466 1386 3510 natas
1432 3473 1495 3510 ex
1549 3467 1668 3511 arte
1699 3459 1892 3512 critica
1925 3456 2271 3512 diﬂicultates
2328 3472 2664 3525 nequaquam
2714 3456 2883 3519 solvi;
2933 3454 3127 3507 deinde
3162 3449 3384 3504 moralia
3416 3448 3521 3502 ista

276 3555 608 3606 documenta
647 3563 774 3605 tunc
802 3551 974 3604 solum
1009 3551 1236 3620 alicujus
1263 3566 1382 3605 esse
1412 3553 1588 3616 pretii,
1618 3567 1738 3606 cum
1768 3563 1957 3621 sponte
1985 3570 2078 3607 sua
2122 3569 2152 3607 e
2204 3552 2424 3607 litterali
2475 3567 2636 3605 sensu
2701 3547 2999 3619 profluunt.
3023 3549 3257 3602 Tantum
3283 3547 3436 3598 abest
3465 3551 3525 3596 ut

278 3645 401 3699 haec
434 3646 482 3699 ei
517 3646 569 3698 in
603 3655 836 3699 mentem
869 3645 1136 3707 venerint,
1169 3654 1227 3697 ut
1272 3645 1452 3712 potius
1499 3646 1552 3697 in
1613 3646 1850 3699 animum
1909 3646 2181 3700 induxerit
2227 3660 2384 3698 suum
2415 3645 2662 3712 quaedam
2707 3657 2828 3696 esse
2875 3641 3169 3708 Scripturae
3213 3637 3355 3699 loca,
3405 3651 3524 3705 quae

280 3737 580 3792 litteralem
615 3754 838 3793 sensum
866 3754 1091 3808 prorsus
1123 3739 1439 3800 excludant,
1476 3750 1530 3792 et
1562 3741 1776 3793 unicum
1806 3739 2067 3793 moralem
2097 3740 2382 3794 admittant
2419 3756 2431 3790 :
2465 3737 2607 3805 quod
2645 3738 2869 3790 omnino
2918 3745 3195 3803 repugnat.
3237 3734 3342 3787 Aut
3381 3733 3522 3784 enim

282 3833 507 3886 moralis
541 3834 644 3887 iste
671 3849 868 3887 sensus
899 3849 928 3888 e
960 3834 1252 3887 verborum
1285 3847 1590 3900 vocumque
1618 3833 2020 3901 signiﬁcatione
2045 3835 2238 3896 oritur,
2273 3844 2328 3886 et
2357 3841 2483 3884 tunc
2529 3831 2777 3885 littoralis
2805 3838 2916 3892 est;
2947 3839 3036 3880 aut
3071 3824 3522 3895 quemmlmodum

285 3925 557 3996 principio
589 3931 1000 3994 consequentia,
1038 3928 1112 3980 ita
1142 3929 1408 3982 sermonis
1437 3931 1612 3984 littera
1644 3929 1758 3998 ipse
1784 3929 2116 3989 continetur,
2146 3937 2201 3982 et
2233 3940 2358 3984 tune
2407 3928 2714 3984 necessario
2739 3927 2948 3995 integra
2989 3931 3172 3976 manet
3207 3921 3388 3974 littera
3419 3933 3525 3988 qua

289 4024 548 4084 tauquam
587 4018 701 4070 basi
737 4019 950 4083 nititur,
981 4026 1036 4070 et
1065 4019 1207 4071 unde
1235 4020 1465 4072 naturali
1504 4021 1892 4088 consequentia
1923 4020 2187 4073 nascitur.

366 4107 454 4160 Ill.
485 4108 833 4163 Paradoxum
875 4109 1026 4172 illud,
1078 4126 1186 4179 quo
1219 4110 1387 4164 multa
1426 4112 1557 4166 falsa
1583 4123 1638 4166 et
1679 4129 1858 4167 secum
1896 4115 2187 4183 pugnantia
2244 4114 2296 4166 in
2351 4113 2644 4180 Scriptum
2685 4111 2863 4164 littera
2910 4112 3082 4178 ponit,
3137 4110 3202 4162 ad
3249 4108 3528 4177 religionis

292 4210 498 4254 nostra“:
525 4205 866 4254 eversionem
903 4208 1050 4255 recta
1087 4203 1259 4268 ducit,
1285 4204 1528 4271 mihique
1556 4207 1768 4272 quoties
1799 4205 1916 4272 ejus
1955 4206 2265 4260 testimonia
2299 4207 2529 4260 articulo
2553 4219 2744 4276 quarto
2781 4205 2945 4257 citata
2994 4203 3172 4268 legere
3214 4203 3522 4270 contingit;

293 4291 460 4344 toties
483 4290 661 4361 legere
698 4293 885 4346 videor
911 4308 1015 4347 non
1050 4295 1357 4348 testimonia
1386 4295 1618 4350 hominis
1644 4297 1734 4364 qui
1777 4298 2054 4351 ardentem
2100 4311 2314 4365 semper
2381 4297 2432 4350 in
2472 4297 2772 4364 Scripturis
2825 4294 3244 4362 interpretandis
3287 4292 3523 4347 animum

292 4382 558 4438 habuerit
609 4400 924 4454 summaque
955 4401 1168 4454 semper
1197 4403 1292 4442 eas
1327 4389 1672 4442 veneratione
1711 4391 2145 4457 pertractaverit,
2172 4392 2262 4445 sed
2307 4401 2562 4459 excerpta
2603 4390 2847 4458 quaedam
2889 4401 2918 4438 e
2952 4387 3222 4442 volumine
3266 4387 3525 4443 increduli

295 4477 604 4548 cujuspiam
629 4478 716 4546 qui
745 4479 1149 4548 Scripturarum
1176 4481 1460 4534 veritatem
1507 4482 1790 4551 multiplici
1825 4483 2158 4548 objectorum
2193 4498 2392 4550 genere
2439 4495 2732 4536 concutere
2784 4480 3094 4533 tentavcrit.
3151 4478 3317 4530 Miror
3351 4478 3524 4545 ipsum

296 4581 391 4627 aut
421 4587 526 4626 non
565 4571 897 4626 intellexisse
925 4587 1044 4626 cum
1075 4573 1337 4641 ejusmodi
1371 4574 1635 4643 principio
1661 4591 1899 4643 pugnare
1940 4591 2126 4628 carum
2160 4576 2611 4644 inspirationem;
2649 4583 2760 4636 aut,
2789 4574 2830 4626 si
2869 4573 2919 4625 id
2957 4571 3111 4634 vidit,
3143 4581 3290 4624 tanto
3323 4572 3528 4623 incom-

297 4667 462 4723 modo
493 4665 790 4720 remedium
817 4664 991 4719 all'erri
1019 4666 1382 4726 existimasse,
1416 4667 1459 4718 si
1495 4665 1636 4719 Deus
1664 4667 1716 4718 in
1751 4666 2002 4718 falsitatis
2043 4667 2474 4720 communionem
2520 4666 2899 4719 adduceretur.
2954 4665 3131 4718 Semel
3182 4661 3528 4732 pessumdato

297 4767 392 4814 aut
421 4756 676 4812 falsitatis
702 4757 1016 4811 insimulato
1055 4756 1276 4809 litterali
1325 4771 1482 4809 sensu
1516 4756 1582 4809 iis
1619 4758 1672 4809 in
1708 4758 1841 4812 locis
1870 4759 1959 4810 ubi
2006 4773 2194 4811 omnes
2234 4759 2324 4825 qui
2375 4759 2576 4825 requiri
2630 4767 2855 4824 possunt
2897 4759 3243 4812 characteres
3282 4752 3527 4808 historici

299 4848 640 4912 coalescunt,
675 4857 897 4903 corruat
927 4860 1148 4900 necesse
1186 4855 1271 4900 est
1301 4847 1708 4914 Scripturarum
1743 4851 2042 4902 auctoritas
2083 4850 2222 4915 apud
2257 4851 2513 4920 gentiles,
2553 4851 2690 4917 apud
2745 4849 3044 4910 ltmrelicos,
3086 4848 3223 4916 apud
3264 4843 3532 4902 Christia-

303 4955 431 5006 nos;
486 4941 628 5009 apud
654 4939 909 5010 gentiles,
941 4938 1030 5006 qui
1062 4939 1242 5008 potius
1281 4939 1403 4991 inde
1431 4940 1775 4992 occasionem
1824 4949 2037 4992 sument
2086 4941 2387 5002 rejiciendze
2431 4939 2724 5010 Scriptura:
2772 4949 3028 5005 tanquam
3077 4940 3278 5006 Spiritu
3335 4943 3530 5006 sancto

303 5031 562 5100 indignae,
589 5045 750 5098 quam
781 5028 923 5083 illius
951 5028 1238 5096 allegorice
1267 5029 1687 5096 interpretanda:
1736 5033 2115 5086 necessitatem
2171 5033 2464 5101 colligent;
2501 5034 2640 5100 apud
2689 5031 2976 5084 hrereticos
3004 5031 3094 5099 qui
3133 5033 3234 5084 hoc
3267 5023 3532 5098 principio

304 5124 617 5188 abutentur,
650 5132 711 5176 ut
742 5136 802 5176 se
823 5135 888 5175 ex
936 5120 1004 5174 iis
1031 5119 1317 5188 expediant
1362 5119 1494 5175 locis
1523 5137 1644 5188 qua:
1672 5131 1857 5176 contra
1911 5139 2036 5178 suos
2067 5125 2303 5191 ipsorum
2336 5139 2550 5177 errores
2592 5133 2833 5192 pugnant
2859 5140 2873 5187 ;
2941 5124 3172 5189 denique
3199 5121 3338 5188 apud
3369 5114 3530 5170 Chri-

303 5220 534 5279 stianos,
566 5230 704 5284 quos
737 5215 793 5268 in
822 5214 942 5268 ﬁdei
980 5229 1091 5268 sine
1122 5212 1503 5266 detrimentum
1534 5215 1664 5268 etin
1691 5227 1979 5284 perpetuas
2023 5217 2188 5271 animi
2243 5217 2551 5270 anxietates
2586 5216 2658 5268 ita
2711 5215 2961 5275 adducet,
2997 5224 3052 5266 nt
3098 5213 3338 5280 legendis
3377 5207 3532 5259 Scri-

303 5309 482 5384 pluris
512 5323 733 5377 prorsus
767 5306 1078 5361 renuntiare
1102 5303 1415 5357 maluerint.
1443 5303 1544 5359 Tot
1571 5308 1845 5377 tantisque
1880 5309 2239 5362 incommodis
2269 5309 2590 5377 perterritus
2617 5323 2720 5360 non
2752 5305 3134 5371 estOrigenes.
3167 5301 3314 5355 Adeo
3346 5308 3530 5348 verm"

304 5409 408 5458 est.
444 5399 614 5454 semel
648 5397 806 5453 valde
833 5406 1271 5468 praecenpatum
1307 5397 1544 5449 animum
1581 5401 1722 5454 nulla
1762 5402 1970 5456 ratione
2001 5403 2067 5455 ab
2091 5415 2278 5454 errore
2313 5413 2410 5452 suo
2439 5400 2676 5452 revocari
2712 5411 2890 5465 posse.

379 5491 472 5545 IV.
501 5491 654 5556 Quod
702 5506 836 5560 pene
881 5492 1200 5546 incredibile
1230 5493 1463 5559 videtur,
1496 5493 1784 5562 Origenem
1814 5494 1971 5547 latuit
2015 5493 2306 5546 discrimen
2335 5491 2475 5558 quod
2514 5491 2749 5562 litteram
2789 5488 2930 5539 inter
2956 5493 3011 5536 et
3052 5480 3339 5533 verborum
3391 5475 3534 5526 litte-

312 5587 480 5639 ralem
518 5602 735 5640 sensum
786 5589 1093 5642 intercedit.
1130 5587 1335 5642 Littera
1367 5597 1538 5657 potest
1568 5603 1686 5642 esse
1731 5589 1890 5653 falsa,
1939 5597 1995 5643 et
2038 5597 2218 5641 tamen
2268 5584 2607 5637 verissimum
2643 5582 2744 5637 sub
2800 5576 3052 5662 falsitatis
3092 5569 3278 5662 specie
3320 5574 3534 5662 sensum

313 5682 615 5736 continere.
653 5681 705 5736 Id
752 5681 804 5734 in
834 5681 1083 5735 omnibus
1123 5679 1414 5734 enuntiatis
1441 5680 1824 5748 metaphoricis
1848 5679 2130 5749 contingit.
2162 5677 2217 5730 Si
2257 5690 2422 5741 opera
2455 5673 2647 5743 quibus
2675 5654 3168 5760 insunt-ejusmodi
3198 5661 3544 5760 ῐηοὶτιιιίιοςξῗέ

315 5775 498 5836 licebit
531 5775 630 5840 hoc
664 5773 877 5834 nomine
913 5771 1163 5834 falsitatis
1198 5787 1470 5840 accusare,
1513 5739 1688 5828 nullus
1718 5774 1823 5826 erit
1870 5739 2160 5841 liberiqui
2203 5739 2526 5824 falsitatibus
2561 5739 2612 5817 et
2639 5745 3171 5814 contradictionibus
3215 5756 3408 5796 carere
3449 5739 3550 5788 dict
