4000 6146
433 220 502 283 Si
1675 220 2045 278 PRASFATIO
2086 221 2176 274 AD
2214 218 2372 274 ron.
2418 217 2481 272 ll.
3610 200 3706 261 32

434 344 632 415 possit,
664 361 787 400 cum
821 344 998 399 nullus
1024 345 1097 399 sit
1125 344 1283 409 liber,
1314 346 1367 398 in
1402 361 1507 415 quo
1536 347 1908 415 metaphorica
1937 358 2127 397 vocum
2171 341 2496 409 signiﬁcatio
2530 335 2761 404 simplici
2802 343 2856 387 et
2897 331 3117 386 litterali
3156 329 3524 399 intelligentia:
3572 341 3697 379 non

427 437 756 505 ireqnenter
792 436 1176 490 substituatur.
1215 436 1492 505 Scriptura
1519 453 1674 491 sacra
1712 437 1841 490 nihil
1874 437 1977 490 hac
2005 436 2059 488 in
2094 450 2151 488 re
2178 434 2359 494 habet,
2392 444 2500 499 quo
2522 446 2551 483 a
2574 427 2788 483 cazteris
2822 426 2975 478 libris
2997 434 3338 488 secernatur,
3364 437 3486 474 cum
3518 420 3698 484 Deus,

439 532 530 586 eui
561 530 806 584 hoinines
837 529 1034 582 docere
1064 530 1399 598 propositum
1428 528 1550 589 fuit,
1593 544 1652 583 se
1682 529 1868 597 utique
1907 527 1973 581 ad
2019 525 2240 580 humani
2279 522 2547 577 sermonis
2574 519 2787 590 regulas
2821 513 3334 571 accommodaverit.
3375 509 3518 577 Quid
3552 524 3699 580 ergo

437 622 766 675 censendum
794 621 858 673 de
880 620 1134 689 Origene,
1163 621 1279 688 qui,
1310 630 1367 673 ut
1393 620 1734 689 Scripturam
1763 634 1970 673 sacram
1996 615 2326 670 falsitatibus
2374 623 2428 666 et
2463 607 2990 666 contradictionibus
3020 616 3236 660 scatere
3267 604 3480 691 probet,
3518 600 3694 655 multa

440 717 573 769 citat
605 716 744 776 loca,
778 730 896 782 qum
925 715 1357 784 metaphoricum
1400 724 1456 769 et
1480 716 1822 769 verissinmm
1854 728 2073 767 sensum
2113 710 2356 765 habent?
2404 708 2634 763 Prorsus
2660 720 2724 759 ex
2755 704 2938 758 animo
2979 699 3097 768 ejus
3137 701 3410 755 excidisse
3457 710 3701 754 necesse

439 818 521 863 est
550 809 729 862 omnia
768 809 1023 863 humanae
1070 808 1500 862 ratiocinationis
1546 808 1832 876 principia,
1873 822 1995 860 cum
2046 804 2239 858 thesim
2278 817 2398 870 qua:
2432 811 2541 854 tam
2587 799 2710 852 mali
2748 796 2985 866 exempli
3031 806 3134 859 est,
3166 804 3221 849 et
3272 804 3379 848 tam
3419 793 3699 863 prociduo

437 902 631 957 nititur
655 900 1029 968 fundamento,
1061 902 1441 970 propugnavit.
1471 900 1821 955 Marcionitas
1848 896 2156 951 offendebat
2200 895 2376 948 littera
2411 892 2839 962 Scripturarum,
2871 898 3157 975 propterea
3182 888 3324 957 quod
3354 901 3572 940 omnem
3614 884 3695 939 ab

437 994 518 1048 eis
556 995 924 1060 metaphoram
952 992 1331 1046 excludebant.
1370 992 1445 1046 Ex
1488 992 1677 1045 eodem
1709 990 1855 1043 fonte
1889 986 2128 1041 manavit
2176 984 2483 1041 Judteorum
2533 997 2707 1044 error,
2747 981 2840 1051 qui
2886 980 3164 1035 Christum
3208 979 3454 1046 recipere
3493 975 3694 1030 nolue-

438 1095 588 1146 runt,
612 1091 667 1136 et
707 1084 1020 1152 prophetias
1050 1076 1118 1138 ab
1143 1098 1207 1135 eo
1238 1083 1558 1151 adimplctas
1584 1080 1752 1134 fuisse
1787 1083 2177 1149 pernegabant.
2210 1075 2293 1129 Ad
2325 1073 2789 1144 grammaticalem
2818 1073 3054 1127 litteram
3086 1072 3445 1141 accipiebant,
3473 1086 3593 1141 qua
3616 1085 3694 1128 eo

438 1183 655 1229 tantum
687 1176 914 1229 consilio
941 1177 1140 1243 scripta
1180 1184 1328 1237 sunt,
1358 1184 1418 1226 ut
1451 1174 1821 1242 metaphorice
1867 1170 2264 1239 intelligantur.
2302 1166 2578 1236 Ejusmodi
2622 1175 2750 1220 sunt
2810 1166 2950 1230 loca,
2976 1165 3066 1220 ubi
3117 1166 3321 1220 dicitur
3346 1165 3490 1220 Deus
3523 1167 3691 1235 plan-

437 1278 582 1323 tasse
610 1268 919 1337 paradisum
953 1271 1003 1321 in
1055 1269 1224 1332 Eden,
1266 1278 1429 1336 atque
1459 1267 1510 1320 in
1538 1282 1602 1320 eo
1633 1267 1961 1326 ambulasse,
2010 1275 2116 1319 etc.
2153 1263 2298 1317 Idem
2331 1246 2775 1315 sentiendum'de
2802 1261 3112 1330 przeceptis.
3143 1260 3262 1314 Alia
3299 1271 3426 1315 sunt
3455 1276 3577 1331 quae
3614 1262 3690 1316 ad

439 1361 904 1429 grammaticalem
932 1360 1167 1415 litteram
1205 1376 1309 1414 non
1338 1370 1465 1414 sunt
1494 1360 1833 1429 accipienda,
1861 1360 1946 1413 vel
1985 1374 2108 1427 qua:
2145 1360 2210 1411 ad
2251 1365 2400 1411 certa
2427 1357 2673 1425 qumdam
2700 1362 2964 1422 tempora,
2996 1355 3078 1409 vel
3119 1354 3184 1408 ad
3210 1366 3390 1409 certas
3417 1355 3686 1424 quasdam

438 1466 699 1520 personas
726 1462 853 1508 sunt
875 1455 1269 1522 restringenda,
1293 1453 1595 1521 cujnsmodi
1625 1463 1751 1506 sunt
1775 1453 1864 1506 illa
1891 1452 1958 1507 de
1990 1452 2205 1506 nemine
2235 1450 2289 1504 in
2318 1450 2400 1502 via
2427 1447 2732 1512 salutando,
2784 1449 2851 1502 de
2891 1446 3088 1501 calceis
3114 1454 3207 1500 aut.
3237 1447 3444 1501 dttabus
3485 1447 3689 1502 tunicis

435 1560 541 1600 non
573 1549 859 1616 habendis,
895 1551 960 1605 de
1001 1551 1225 1604 sinistra
1274 1549 1492 1602 maxilla
1544 1549 1835 1619 praebenda
1882 1549 1929 1601 ei
1973 1549 2062 1616 qui
2098 1546 2376 1601 dexteram
2431 1544 2783 1611 percusserit,
2820 1543 2886 1601 de
2934 1542 3113 1606 oculo,
3166 1558 3351 1608 manu,
3411 1542 3547 1610 pede
3621 1545 3681 1594 et

436 1639 655 1694 cteteris
678 1641 957 1704 membris,
993 1643 1036 1695 si
1063 1642 1320 1695 seandalo
1356 1640 1578 1703 fuerint,
1613 1641 1956 1707 auferentlis;
1989 1641 2092 1693 alia
2121 1649 2248 1695 sunt
2280 1654 2401 1707 quae
2425 1639 2592 1692 etiam
2618 1651 2723 1690 non
2751 1636 2958 1702 stricte,
2999 1637 3092 1690 sed
3133 1645 3296 1705 prout
3325 1649 3412 1688 res
3443 1635 3685 1688 humano

437 1747 599 1785 sensu
651 1734 909 1786 aestimari
957 1734 1114 1795 solet,
1147 1733 1496 1802 intelligenda
1544 1744 1673 1789 sunt
1722 1752 1734 1785 :
1772 1734 2073 1801 cujusmodi
2105 1742 2187 1786 est
2219 1747 2547 1802 praeceptum
2596 1747 2664 1786 ne
2711 1732 2834 1801 quis
2876 1731 2998 1785 loco
3018 1747 3126 1785 suo
3157 1741 3441 1785 moveatur
3494 1730 3545 1781 in
3596 1729 3686 1783 die

435 1822 683 1877 Sabbati.
715 1825 769 1878 Si
818 1825 941 1894 quis
970 1841 1037 1879 ex
1084 1826 1354 1881 similibus
1403 1828 1664 1896 exemplis
1715 1825 2342 1895 intulerit-Scripturam
2385 1842 2597 1882 sacram
2651 1840 2833 1879 secum
2880 1838 3119 1893 pugnare
3167 1840 3361 1891 resque
3410 1822 3575 1877 falsas
3625 1831 3680 1878 et

433 1914 849 1980 inexplicabiles
874 1917 1179 1981 continere,
1224 1918 1272 1971 is
1320 1918 1569 1986 profecto
1602 1918 1800 1972 misere
1829 1917 2033 1987 vulgari
2064 1917 2289 1971 humani
2322 1919 2589 1972 sermonis
2628 1931 2729 1970 usu
2759 1915 3023 1980 abutitur,
3074 1924 3130 1968 et
3167 1923 3354 1983 aperte
3399 1913 3679 1967 hominum

435 2010 745 2064 erednlitati
775 2011 970 2078 illttdit,
1005 2015 1205 2082 quippe
1231 2029 1368 2083 quos
1398 2015 1623 2069 inducat
1650 2023 1708 2068 ut
1762 2013 1814 2066 id
1862 2028 1960 2083 pro
1987 2014 2062 2065 rei
2104 2012 2339 2068 falsitate
2378 2020 2614 2079 sumant,
2650 2012 2790 2082 quod
2823 2020 3026 2066 tantum
3062 2020 3144 2065 est
3173 2011 3492 2067 elocutionis
3516 2010 3666 2065 falsi-

438 2112 544 2157 tas.
579 2105 756 2172 Atque
790 2106 994 2158 utinam
1031 2105 1253 2159 ulterius
1284 2121 1605 2175 progressus
1628 2122 1731 2159 non
1762 2106 1958 2159 fuisset
1984 2102 2249 2174 Origenes
2283 2122 2296 2158 :
2340 2104 2554 2163 facilem
2594 2119 2746 2158 mens
2769 2102 2883 2171 ejus
2925 2104 3329 2157 excusationem
3369 2103 3678 2159 habuisset.

435 2199 692 2248 damnato
712 2191 1091 2251 duntaxatlllo
1130 2212 1237 2266 quo
1282 2196 1428 2250 illam
1455 2200 1692 2266 aperuit,
1727 2199 1907 2252 modo.
1953 2196 2150 2249 Verum
2181 2210 2211 2249 e
2246 2196 2428 2250 citatis
2475 2196 2802 2249 testimoniis
2840 2195 3064 2248 nimium
3101 2194 3291 2264 liquet,
3324 2195 3580 2249 falsitatis
3615 2196 3683 2249 ab

432 2289 554 2357 ipso
615 2301 930 2344 accusatum
965 2292 1130 2344 fuism
1157 2308 1344 2345 verum
1381 2308 1597 2345 sensmn
1643 2291 1931 2344 litteralem
1968 2290 2324 2359 plurimorum
2357 2290 2623 2357 locorum,
2678 2290 2731 2342 in
2781 2288 2979 2356 qnibus
3026 2302 3216 2342 omnes
3247 2305 3390 2343 vera:
3438 2289 3682 2341 historia:

431 2378 777 2433 characteres
819 2390 871 2432 et
919 2380 1114 2436 indicia
1159 2393 1547 2450 agnoscuntur.
1603 2380 1901 2448 cujnsmodi
1952 2390 2079 2435 sunt
2145 2381 2374 2436 historia
2413 2380 2730 2445 creationis,
2758 2381 3000 2434 consitus
3050 2380 3103 2434 in
3162 2392 3305 2436 terra
3362 2380 3676 2452 paradisus,

431 2472 677 2525 historiae
703 2472 873 2534 Sarae,
927 2474 1209 2538 Rebeccae,
1244 2476 1592 2529 obstetricum
1639 2474 2043 2547 Egyptiarum,
2082 2476 2399 2529 tentationis
2446 2475 2685 2539 Domini,
2718 2485 2774 2527 et
2804 2473 3001 2543 jejunii
3042 2476 3402 2543 quadraginta
3433 2474 3672 2535 dierum,

433 2573 797 2616 mercatorum
824 2566 875 2616 in
907 2566 1107 2635 templo
1143 2582 1228 2621 res
1256 2582 1386 2621 suas
1411 2567 1788 2632 vendentium,
1819 2577 1870 2620 et
1902 2568 2020 2622 alite
2058 2564 2326 2635 ejusmodi
2368 2567 2780 2634 quamplurimae
2808 2567 3084 2620 historicae
3130 2567 3492 2619 narrationes.
3525 2563 3673 2617 Non-

431 2656 611 2711 nullas
647 2673 747 2727 pro
779 2659 1015 2714 anilibus
1064 2659 1262 2715 fabulis
1291 2661 1515 2728 habuit;
1568 2662 1619 2715 in
1658 2661 1781 2716 aliis
1812 2662 1947 2717 dixit
1976 2663 2121 2717 facta
2155 2677 2277 2717 esse
2318 2661 2677 2729 transposita,
2722 2675 2822 2715 nec
2873 2676 2938 2715 eo
2974 2676 3084 2730 quo
3131 2661 3461 2723 referuntur,
3518 2659 3678 2714 modo

429 2751 742 2820 contigisse.
776 2752 851 2807 Eo
879 2755 1041 2807 etiam
1078 2757 1318 2810 audaciae
1351 2758 1518 2820 venit,
1562 2768 1617 2809 ut
1654 2757 1824 2826 legem
1854 2756 2165 2820 Mosaicam,
2197 2756 2240 2809 si
2286 2755 2506 2810 litterali
2558 2769 2720 2809 sensu
2755 2755 3082 2821 accipiatur,
3117 2754 3231 2807 Deo
3292 2752 3571 2821 indignam
3617 2761 3677 2805 et

430 2840 640 2910 legibus
665 2859 809 2898 mere
828 2846 1080 2901 humanis
1118 2849 1430 2902 inferiorem
1475 2850 1874 2917 pronuntiaret,
1909 2865 2011 2905 nec
2040 2850 2199 2902 aliter
2223 2845 2525 2901 afﬁrmaret
2554 2847 2607 2899 in
2646 2854 2763 2899 tuto
2791 2846 2919 2914 poni
2965 2859 3120 2913 posse
3160 2844 3455 2913 Scriptura:
3501 2842 3678 2910 inspi~

430 2934 725 2997 rationem,
767 2951 927 3005 quam
987 2940 1030 2993 si
1084 2940 1296 2992 dicatur
1332 2940 1595 3008 Spiritttm
1642 2953 1888 2994 sanctum
1938 2956 2003 2994 eo
2049 2939 2279 2994 consilio
2330 2938 2695 3008 corporaliter
2744 2939 3029 2991 mentitum
3079 2951 3199 2990 esse
3249 2945 3305 2989 ut
3353 2937 3673 3004 spiritaliter

429 3040 560 3080 vera
596 3029 824 3095 diceret,
869 3033 920 3085 id
944 3042 1027 3086 est
1065 3033 1331 3087 falsitates
1360 3034 1650 3089 historicas
1679 3034 1938 3100 dictasse,
1969 3036 2068 3091 sub
2098 3051 2324 3104 quarum
2368 3035 2632 3088 velamine
2665 3033 2924 3088 veritates
2991 3031 3314 3101 allegoricas
3348 3032 3670 3086 insinuaret.

505 3118 569 3173 ν.
605 3119 648 3173 Ε
698 3122 872 3176 tribus
924 3125 1124 3195 regulis
1171 3142 1308 3194 quas
1343 3128 1626 3195 preposuit
1658 3126 1942 3197 Origenes,
1974 3139 2032 3181 ut
2061 3129 2411 3199 mysticorum
2439 3142 2695 3181 sensuum
2730 3128 3025 3180 faciliorem
3069 3127 3319 3180 redderet
3366 3126 3670 3196 intelligen~

426 3216 590 3281 tiam,
633 3219 851 3273 tertiam
907 3224 1090 3281 statim
1136 3239 1461 3277 evenescere
1507 3225 1677 3294 liquet
1716 3240 1785 3278 ex
1841 3225 1907 3278 iis
1933 3240 2053 3293 quae
2103 3240 2268 3293 supra
2319 3239 2347 3276 a
2390 3224 2547 3278 nobis
2586 3226 2869 3277 observata
2920 3233 3068 3278 sunt.
3114 3221 3427 3276 Falsissimo
3477 3222 3673 3290 quippe

428 3305 617 3363 innixa
652 3312 921 3382 principio
946 3317 1154 3387 regula,
1199 3317 1399 3372 nullius
1425 3319 1610 3388 utique
1644 3318 1894 3373 utilitatis
1918 3335 2036 3373 esse
2069 3328 2262 3387 potest.
2301 3319 2380 3370 Ad
2406 3327 2631 3370 creteras
2666 3317 2801 3370 duas
2837 3327 3192 3372 transeamus.
3221 3314 3421 3369 Verum
3456 3314 3670 3383 quidem

429 3411 515 3454 est
546 3402 621 3463 id.
663 3406 807 3473 quod
849 3407 1023 3475 prima
1058 3411 1237 3480 regula
1266 3411 1461 3475 fertur,
1496 3411 1930 3466 cteremonialem
1957 3411 2123 3478 legem
2153 3412 2357 3479 figuras
2389 3410 2673 3475 exhibere,
2714 3426 2872 3464 secus
2897 3427 3026 3464 vero
3054 3412 3223 3481 legem
3254 3410 3537 3464 moralem.
3566 3410 3672 3464 Sed

428 3494 533 3550 hoc
566 3503 974 3566 pronuntiatum
1008 3520 1115 3559 vnn
1142 3507 1274 3575 legis
1300 3506 1502 3562 habere
1531 3508 1738 3576 nequit,
1774 3507 1875 3562 nisi
1913 3508 1964 3561 id
1998 3519 2230 3575 ponatur
2256 3507 2421 3577 (quod
2453 3517 2632 3561 tamen
2668 3507 2888 3576 speciali
2927 3508 3392 3562 demonstratione
3442 3504 3670 3578 indiget)

434 3591 571 3645 nihil
596 3597 820 3651 omnino
847 3600 1212 3654 caeremoniali
1242 3601 1345 3669 legi
1372 3601 1552 3656 inesse
1580 3602 1723 3670 quod
1754 3601 1939 3671 tignris
1962 3611 2172 3655 careat.
2206 3600 2282 3654 lta
2323 3602 2538 3670 quidem
2578 3600 2748 3656 sensit
2791 3600 3072 3669 Origenes,
3115 3602 3207 3655 sed
3250 3617 3347 3654 nec
3388 3601 3521 3671 ipse,
3572 3617 3673 3656 nec

429 3687 567 3743 alius
601 3704 720 3759 post
755 3694 927 3760 ipsum
963 3697 1223 3764 ejusmodi
1258 3699 1527 3768 principio
1555 3699 1850 3753 astruendo
1881 3716 1978 3768 par
2009 3699 2126 3754 fuit.
2170 3700 2239 3754 Ea
2267 3715 2387 3769 quae
2427 3699 2690 3770 Origenes
2737 3700 2945 3769 profert
2985 3681 3665 3769 Scripturaa‘testimonia,

428 3780 686 3836 evincunt
711 3787 928 3852 quidem
955 3803 1075 3842 esse
1102 3790 1357 3844 nonnulla
1387 3792 1777 3845 czeremonialis
1810 3792 1941 3860 legis
1981 3792 2097 3845 loca
2122 3808 2238 3860 quae
2263 3792 2617 3858 allegoricum
2662 3808 2879 3847 sensum
2918 3794 3213 3861 patiantur,
3239 3794 3331 3847 sed
3380 3792 3512 3847 nihil
3555 3809 3671 3847 am-

427 3870 571 3940 plius
599 3873 723 3930 inde
756 3879 1060 3935 conﬁcitur.
1092 3881 1453 3938 Validissitnis
1499 3885 1802 3939 rationibus
1829 3900 1968 3955 opus
2007 3895 2091 3939 est
2130 3894 2189 3938 ut
2229 3885 2457 3941 ulterius
2487 3901 2652 3955 quam
2705 3886 2932 3956 apostoli
2971 3886 3241 3957 progressi
3280 3895 3429 3951 sunt,
3473 3900 3667 3954 proce-

429 3965 623 4034 datur;
650 3983 707 4024 at
736 3972 925 4028 validae
956 3977 1071 4028 ista
1095 3977 1334 4032 rationes
1361 3978 1628 4033 hactenus
1654 3981 1706 4034 in
1736 3979 1910 4035 lucem
1942 3995 2048 4034 non
2077 3980 2416 4048 prodierunt,
2453 3995 2554 4035 nec
2582 3996 2706 4050 spes
2730 3991 2816 4035 est
2859 3997 3101 4051 unquam
3144 3981 3474 4050 prodituras.
3507 3981 3668 4036 Certe

428 4058 743 4130 quicunque
769 4064 1011 4134 singulas
1039 4066 1268 4123 Levitici
1300 4081 1394 4124 aut
1418 4070 1587 4125 Exodi
1612 4082 1794 4141 partes
1825 4073 2071 4141 neglecto
2102 4071 2327 4126 litterali
2358 4086 2521 4127 sensu
2553 4072 2841 4140 allegorice
2873 4074 3137 4126 duntaxat
3178 4073 3451 4140 explicare
3494 4082 3667 4128 tenta-

427 4163 579 4216 runt,
611 4156 778 4210 risum
831 4162 1085 4218 omnibus
1126 4179 1271 4219 nunc
1322 4176 1540 4220 movent
1585 4166 1697 4221 suis
1745 4167 2064 4237 plerumque
2115 4167 2338 4222 insulsis
2385 4167 2684 4235 allegoriis,
2721 4168 2919 4233 quibus
2954 4165 3363 4236 Scripturarum
3409 4166 3665 4235 majestas

428 4244 757 4314 deprimitur
783 4261 837 4306 et
868 4257 1248 4311 conculcatur.

500 4337 652 4393 Alius
680 4357 837 4396 error
867 4355 948 4399 est
979 4350 1203 4405 credere
1230 4355 1660 4410 caare‘monialem
1691 4355 1884 4426 legem,
1917 4366 2203 4426 postquam
2233 4358 2494 4424 abrogata
2527 4366 2610 4412 est
2638 4366 2694 4412 et
2721 4357 3001 4411 observari
3033 4357 3214 4423 desiit,
3245 4357 3471 4412 litterali
3501 4372 3661 4412 sensu

429 4442 645 4500 Carere,
679 4439 762 4490 vel
788 4440 979 4496 saltent
1011 4443 1230 4501 litterali
1254 4463 1415 4503 sensu
1445 4467 1551 4505 non
1580 4451 1813 4521 amplius
1840 4467 1961 4507 esse
1993 4454 2477 4521 interpretandam.
2513 4452 2606 4505 Vix
2639 4452 2850 4519 concipi
2894 4461 3075 4519 potest
3100 4454 3368 4520 quomodo
3396 4452 3660 4521 ejusmodi

432 4537 799 4585 commentum
838 4535 890 4586 in
923 4534 1174 4605 Origcnis
1209 4550 1388 4597 mente
1439 4556 1624 4597 natum
1673 4546 1762 4599 sit.
1797 4543 1923 4599 Sive
1967 4546 2310 4606 observetur,
2341 4546 2455 4598 sive
2502 4557 2607 4597 non
2665 4544 2990 4597 observetur
3026 4554 3373 4614 praeceptum,
3426 4546 3470 4599 is
3499 4560 3660 4612 quem

430 4617 692 4704 continet,
719 4638 912 4679 sensus
943 4628 994 4680 in
1042 4640 1274 4700 utroque
1297 4649 1425 4687 casu
1474 4636 1698 4704 perinde
1737 4651 1796 4690 se
1842 4636 2009 4690 habet
2034 4646 2089 4691 et
2111 4636 2251 4690 idem
2281 4650 2497 4704 semper
2522 4634 2789 4690 subsistit.
2819 4632 3124 4688 Etiamnum
3170 4651 3201 4688 e
3247 4634 3359 4689 sola
3411 4634 3661 4692 Mosaij

427 4703 566 4776 legis
605 4709 789 4768 littera
823 4716 889 4768 ad
921 4718 1399 4777 demonstrandam
1436 4703 1675 4779 Jutlaica:
1706 4725 1983 4794 religionis
2009 4727 2351 4780 divinitatem
2388 4703 2444 4780 et
2478 4724 2887 4781 Christianismi
2932 4729 3299 4797 praestantiam
3340 4727 3511 4796 major
3564 4728 3656 4783 lux

430 4800 676 4872 affertur,
717 4824 877 4875 quam
909 4827 976 4865 ex
1010 4817 1283 4882 omnibus,
1316 4832 1453 4886 quas
1492 4830 1603 4872 tum
1630 4828 1863 4884 veteres,
1905 4826 2017 4872 tum
2067 4819 2400 4873 recentiores
2445 4832 2542 4886 pro
2581 4815 2805 4871 arbitrio
2833 4821 3238 4890 excugitarunt,
3263 4817 3538 4888 allegoriis
3599 4818 3655 4874 in

424 4910 595 4953 unum
621 4916 817 4973 corpus
842 4906 1081 4963 collectis
1102 4920 1156 4964 et
1185 4914 1453 4970 adunatis.

503 4990 755 5051 Secunda
800 5017 1015 5071 quoque
1045 5002 1300 5074 Origcnis
1350 5008 1533 5076 regula
1586 5007 1772 5076 paucis
1803 5008 1947 5062 veris
1993 5007 2225 5078 plurima
2259 5008 2517 5076 permista
2569 5008 2731 5061 habet
2780 5009 3005 5062 multum
3057 5021 3306 5062 erronea.
3344 5006 3398 5061 Id
3438 5005 3652 5075 quidem

427 5087 769 5144 verissimum
799 5104 882 5147 est
917 5098 1057 5162 quod
1084 5099 1240 5152 docet
1275 5098 1497 5163 Paulus,
1533 5101 1809 5154 etelcstem
1859 5114 1980 5153 esse
2031 5099 2360 5165 Jerusalem,
2390 5099 2546 5168 cujus
2591 5109 2747 5171 typus
2799 5112 2881 5156 est
2912 5100 3212 5155 Jerusalem
3255 5109 3501 5165 terrena;
3559 5101 3651 5154 sed

428 5177 552 5231 inde
582 5182 864 5250 consequi,
902 5195 961 5237 ut
997 5200 1332 5256 quaecunque
1369 5193 1435 5243 de
1489 5199 1705 5243 terrena
1758 5188 2054 5244 Jerusalem
2088 5200 2141 5243 et
2174 5190 2551 5258 adjacentibus
2581 5194 2627 5247 ei
2664 5193 2793 5248 locis
2825 5193 3099 5259 dicuntur,
3150 5208 3210 5247 ea
3258 5193 3325 5247 ad
3374 5194 3649 5248 caelestem

422 5268 726 5327 Jerusalem
756 5273 865 5327 sint
893 5278 1197 5345 referenda,
1234 5280 1286 5334 id
1313 5295 1443 5334 vero
1461 5298 1559 5335 nec
1586 5284 1921 5348 conceditur,
1965 5299 2064 5338 nec
2089 5285 2156 5338 ab
2181 5283 2417 5352 Origene
2456 5285 2881 5340 demonstratum
2916 5296 3019 5352 est,
3050 5299 3147 5340 nec
3173 5286 3349 5340 simile
3376 5287 3650 5354 quidpiam

431 5365 501 5418 ab
526 5367 785 5435 Apostolo
817 5371 1113 5438 profertur,
1146 5375 1236 5442 qui
1273 5376 1441 5429 multo
1469 5376 1647 5430 minus
1677 5377 1916 5446 loquitur
1939 5379 2004 5433 de
2032 5378 2375 5449 Origenianis
2402 5378 2508 5432 illis
2552 5379 2605 5433 in
2637 5379 2774 5434 etelo
2816 5379 3113 5433 animarum
3149 5378 3495 5441 habitaculis,
3532 5392 3651 5448 quae

426 5458 681 5531 Egypto,
716 5464 996 5536 Babyloni,
1046 5467 1431 5539 Tyro,'Sidoni
1500 5482 1555 5525 et
1600 5473 1722 5527 aliis
1770 5474 1995 5528 terrenis
2026 5473 2157 5527 locis
2209 5472 2594 5542 respondeant.
2621 5473 2805 5542 Apage
2844 5471 3123 5541 profanam
3152 5472 3310 5525 istam
3337 5480 3392 5524 et
3421 5471 3649 5527 monstri

430 5556 658 5617 similem
687 5558 1007 5615 Platonismi
1046 5574 1100 5617 et
1131 5563 1532 5634 Pythagorismi
1565 5581 1689 5619 cttm
1722 5566 2020 5635 Scripturis
2050 5565 2249 5620 nostris
2274 5566 2577 5622 misturam.

518 5646 590 5702 Ex
619 5647 778 5704 dictis
813 5650 977 5723 igitur
1008 5651 1176 5722 liquet
1204 5653 1409 5710 nullius
1432 5655 1545 5713 fere
1568 5671 1687 5713 esse
1715 5658 1967 5716 utilitatis
1996 5660 2297 5729 propositas
2323 5659 2388 5713 ab
2417 5656 2645 5730 Origene
2680 5657 2912 5728 regulas,
2948 5672 3064 5727 qua:
3096 5671 3161 5713 nc
3198 5656 3393 5712 nodum
3431 5658 3647 5727 quidem
