4000 6146
256 250 325 307 εδ
1480 250 1850 310 primario
1883 253 1974 309 an
2004 253 2166 311 TOM.
2205 257 2268 316 n.
3128 274 3135 283 ·
3236 296 3246 301 -
3438 272 3511 329 at

270 368 608 426 difficultatis
642 371 938 442 attingunt.
989 371 1033 426 E
1090 371 1237 429 Novo
1286 372 1644 433 Testamento
1678 379 1940 434 discimus
1991 380 2042 432 id
2099 396 2198 449 pro
2229 390 2381 435 certo
2426 381 2683 440 habuisse
2723 388 3017 457 apostolos,
3067 405 3193 446 esse
3239 393 3289 446 in
3329 394 3507 452 Veteri

259 460 613 554 Testamento
646 462 786 530 loca,
822 479 942 531 quae
979 464 1327 534 allegoricum
1360 483 1580 522 sensum
1608 471 1922 536 admittunt,
1944 473 2139 526 deinde
2170 487 2264 527 eos
2305 473 2448 529 istud
2484 477 2809 546 principium
2844 481 2909 535 ad
2941 484 3236 552 singularia
3261 489 3506 554 quaedam

250 552 372 611 loca
418 556 893 612 accommodasse.
929 555 1065 610 Hinc
1106 568 1407 613 nascuntur
1438 560 1543 615 ille
1573 564 1913 630 quaestiones
1956 579 2023 616 an
2062 564 2291 632 apostoli
2336 568 2673 623 crediderint
2714 580 2770 624 et
2803 573 3087 629 docuerint
3134 552 3340 632 nullum
3382 595 3509 636 esse

258 645 561 712 Scriptura:
597 645 773 699 locum
806 646 897 712 qui
925 644 1115 715 ﬁguris
1147 657 1367 713 careat;
1404 664 1471 702 an
1500 650 1680 719 plures
1719 667 1944 705 numero
1967 653 2078 707 sint
2104 653 2383 721 allegoria:
2412 672 2572 725 quam
2607 675 2729 724 quae
2776 663 2844 716 ab
2895 663 3005 717 illis
3042 665 3296 722 iudicatae
3342 680 3502 735 sunt;

250 753 317 792 an
349 738 416 791 iis
445 738 846 807 investigandis
869 747 925 792 et
957 741 1309 795 secernendis
1341 741 1409 794 ab
1444 742 1750 797 arbitrariis
1784 744 2052 811 allegoriis
2093 748 2338 813 quaedam
2393 752 2590 818 regula:
2630 754 2951 820 inserviant,
2996 769 3052 813 et
3097 775 3343 828 quaenam
3399 763 3505 816 illa:

245 827 394 922 sint;
432 844 534 922 anA
556 845 659 922 per
694 830 812 884 illas
860 829 1065 922 ﬁguras
1096 833 1232 888 nihil
1278 835 1459 889 obstet
1498 835 1790 903 quominus
1826 837 2039 905 integer
2083 851 2301 893 maneat
2341 841 2595 899 litteralis
2647 862 2869 916 sensus;
2928 866 3000 904 an
3052 827 3181 921 quia
3215 854 3506 922 Apostolus

244 918 462 1013 aliquod
501 918 808 989 Scriptura:
854 920 1227 977 testimonium
1276 923 1567 994 allegorica
1601 941 1764 980 sensu
1809 927 2199 995 interpretatus
2246 940 2353 996 est,
2391 933 2516 990 inde
2554 950 2944 1008 consequatur,
2982 952 3039 996 ut
3069 918 3340 1013 quidquid
3372 964 3496 1001 cum

243 1011 342 1065 hoc
370 1013 699 1066 testimonio
736 1012 969 1082 aliquam
1013 1015 1183 1071 habet
1226 1019 1645 1083 connexionem,
1677 1019 1941 1088 quidquid
1979 1024 2236 1089 prmeed'it
2293 1035 2346 1080 et
2387 1028 2651 1095 sequitur,
2700 1032 2752 1085 id
2784 1033 2974 1086 eodem
3022 1011 3182 1089 modo
3229 1011 3299 1090 sit
3332 1039 3504 1108 expli-

240 1104 499 1203 candum.
542 1103 675 1159 Haec
708 1117 834 1160 sunt
877 1124 1002 1176 quae
1038 1107 1302 1178 Origenes
1348 1111 1452 1165 sibi
1497 1112 1754 1167 solvenda
1784 1128 2089 1184 pr0ponere
2128 1117 2429 1176 debuisset.
2460 1121 2733 1190 Quantum
2760 1142 2890 1181 vero
2926 1129 2993 1182 iis
3023 1129 3301 1188 solvendis
3329 1103 3504 1203 impar

240 1196 313 1252 sit
334 1198 454 1267 ejus
475 1201 794 1264 methodus,
832 1208 1207 1270 quantumque
1239 1220 1267 1256 a
1304 1205 1532 1258 veritate
1565 1218 1934 1271 removeatur,
1964 1208 2074 1277 jam
2107 1223 2267 1264 nemo
2313 1221 2398 1266 est
2429 1214 2520 1283 qui
2549 1230 2655 1269 non
2695 1217 2984 1288 intelligat.

312 1309 400 1364 Vl.
434 1312 794 1381 Experientia
852 1313 1014 1367 docet
1042 1314 1176 1370 satis
1221 1315 1461 1371 solenme
1511 1324 1635 1373 esse
1662 1319 2022 1378 vividioribus
2054 1332 2110 1378 et
2160 1324 2265 1379 sibi
2304 1325 2542 1380 nimium
2581 1326 2986 1401 indulgentibus
3037 1334 3270 1405 ingeniis
3314 1356 3499 1399 secum

213 1401 476 1473 turpiter
508 1418 780 1474 pugnare,
808 1412 863 1458 et
892 1406 1072 1460 studia
1113 1407 1166 1461 in
1196 1407 1471 1462 contraria
1505 1418 1659 1462 extra
1685 1410 1902 1465 modum
1931 1411 2087 1467 ferri.
2120 1414 2254 1469 Cum
2295 1417 2347 1468 in
2373 1416 2634 1484 ejusmodi
2665 1419 2912 1477 homines
2942 1440 3045 1479 non
3072 1401 3230 1484 cadat
3269 1439 3498 1492 attentio

237 1502 498 1556 diuturna
533 1513 589 1557 et
620 1504 901 1568 continua,
934 1502 1186 1558 vividiori
1235 1518 1333 1557 sua
1392 1503 1723 1574 imaginandi
1780 1506 1831 1560 vi
1874 1507 2188 1561 necessario
2218 1510 2427 1578 abrepti
2483 1511 2755 1581 nullisque
2807 1515 2929 1571 lixis
2973 1519 3143 1574 innixi
3185 1525 3490 1597 principiis,

234 1593 567 1660 interrupte,
604 1602 665 1647 ut
695 1593 770 1648 ita
799 1594 1000 1660 dicam,
1042 1595 1460 1660 ratiocinantur,
1485 1605 1538 1649 et
1558 1610 1678 1665 qua:
1716 1612 1825 1651 uno
1854 1606 2099 1667 tempore
2124 1601 2454 1670 cogitarunt,
2485 1604 2754 1669 dixerunt,
2787 1618 2882 1662 aut
2923 1613 3280 1683 scripserunt,
3336 1593 3399 1672 ea
3431 1593 3499 1676 ex

233 1685 458 1739 illorum
495 1688 765 1741 memoria
794 1686 903 1741 alio
930 1696 1170 1758 tempore
1197 1687 1274 1740 ita
1307 1688 1582 1751 excidunt,
1621 1699 1681 1742 ut
1723 1690 1947 1744 omnino
1974 1693 2248 1770 contraria
2292 1708 2433 1762 saepe
2475 1695 2778 1762 proferant.
2828 1699 2941 1755 Hoc
2989 1704 3122 1758 vitio
3154 1722 3264 1762 non
3312 1713 3495 1765 caruit

232 1776 521 1847 Origenes.
562 1777 697 1844 Quis
735 1779 1112 1834 conciliaverit
1139 1796 1200 1836 ea
1243 1795 1361 1849 qua:
1412 1790 1600 1834 contra
1644 1794 1864 1835 sensum
1911 1782 2204 1837 litteralem
2272 1786 2494 1850 eifntiit,
2529 1804 2651 1842 cum
2687 1790 2753 1846 iis
2790 1807 2908 1862 quae
2941 1794 3066 1850 alibi
3104 1772 3271 1862 dixit,
3322 1804 3495 1872 ipsum

234 1870 573 1941 simplicium
607 1872 937 1925 institutioni
971 1883 1025 1926 et
1051 1872 1396 1927 aadilicationi
1429 1869 1701 1935 subicere,
1738 1872 1968 1941 ipsoque
1995 1873 2091 1927 niti
2123 1874 2442 1945 religionem
2471 1893 2688 1933 omnem
2722 1897 2787 1936 ac
2809 1881 2970 1937 ﬁdem
3016 1869 3498 1951 Christianorum?

232 1964 287 2019 Si
333 1965 647 2034 Scripturae
676 1965 855 2019 littera
886 1966 1183 2020 innumeris
1229 1965 1336 2020 illis
1378 1964 1587 2020 laborat
1622 1965 1766 2020 vitiis
1794 1979 1916 2034 quae
1942 1967 1992 2019 ei
2043 1969 2356 2036 exprobrat,
2404 1973 2646 2040 nunquid
2684 1973 2905 2031 timendi
2951 1977 3099 2033 locus
3140 1997 3249 2038 non
3291 1996 3393 2050 est,
3427 2006 3496 2045 ne

231 2057 408 2124 potius
458 2056 787 2111 scandalum
824 2058 1022 2126 pariat,
1083 2072 1245 2127 quam
1280 2058 1714 2125 aedificationem,
1746 2074 1810 2113 ac
1840 2061 2018 2127 petitis
2050 2059 2235 2129 lapsus
2259 2064 2476 2119 occasio
2520 2065 2610 2128 sit,
2639 2081 2802 2133 quam
2843 2068 2964 2125 fons
2988 2072 3209 2130 luminis
3229 2086 3284 2131 et
3308 2091 3494 2137 scatu—

233 2155 345 2221 rigo
399 2153 713 2206 salubrium
767 2155 1237 2215 documentorum,
1289 2151 1592 2219 praesertim
1636 2150 1995 2220 simplicibus,
2026 2167 2252 2221 quorum
2300 2154 2435 2210 ﬁdes
2490 2157 2624 2210 adeo
2669 2157 2829 2212 facile
2881 2159 3286 2221 labefactatur?
3335 2170 3490 2236 Quod

228 2245 461 2315 prodigii
498 2246 624 2300 loco
653 2254 757 2311 est,
792 2243 941 2298 mille
979 2245 1032 2299 in
1063 2244 1219 2309 locis,
1259 2242 1419 2311 idque
1464 2258 1648 2297 coram
1702 2244 1920 2313 populo,
1968 2245 2220 2301 litteralis
2267 2264 2458 2303 sensus
2520 2250 2860 2306 incommoda
2904 2257 2968 2308 ad
3013 2274 3270 2314 nauseam
3321 2279 3497 2333 usque

227 2347 536 2406 exaggerat
586 2335 891 2407 Origenes;
935 2336 1055 2390 aliis
1083 2344 1265 2389 autem
1296 2334 1351 2389 in
1385 2333 1517 2388 locis
1561 2336 1960 2403 persentisceus
2006 2338 2333 2405 perieulum,
2371 2340 2459 2394 cui
2493 2342 2762 2410 ejusmodi
2810 2347 3140 2415 principium
3189 2351 3488 2412 obnoxium

194 2424 323 2499 'est,
364 2432 507 2487 illud
534 2433 724 2487 eodem
757 2431 922 2486 animi
959 2432 1161 2486 ardore
1190 2428 1491 2498 impugnat,
1524 2442 1632 2496 quo
1679 2427 1853 2482 fuerat
1895 2437 2054 2482 antea
2095 2431 2163 2483 ab
2208 2431 2325 2500 ipso
2357 2445 2780 2504 propngnatum.
2826 2438 2879 2492 Id
2922 2440 3106 2496 videre
3149 2454 3236 2499 est
3268 2448 3486 2504 bomilia

221 2526 469 2581 secunda
505 2525 561 2578 in
593 2524 874 2589 Genesim,
909 2523 1000 2579 ubi
1025 2538 1169 2578 arcte
1207 2521 1443 2576 Noeticae
1478 2519 1762 2574 historiam
1793 2519 2014 2574 litterali
2047 2535 2209 2575 sensu
2243 2524 2420 2591 accipi
2452 2526 2649 2581 debere
2670 2532 2953 2585 contendit
2986 2547 3002 2586 :
3035 2549 3055 2584 ι
3100 2532 3246 2601 H330,
3282 2538 3484 2606 inquit,

221 2628 499 2686 quantum
531 2617 600 2672 ad
635 2611 878 2673 historiae
912 2618 1148 2687 pertinet
1180 2614 1469 2678 rationem,
1502 2612 1766 2666 adversus
1784 2626 1883 2666 eos
1917 2611 2062 2664 dicta
2087 2613 2217 2677 sint,
2246 2614 2337 2682 qui
2373 2615 2697 2684 impugnare
2717 2616 3034 2688 Scripturas
3054 2622 3270 2682 Veteris
3299 2627 3491 2684 Testa-

223 2711 394 2764 menti
432 2712 707 2776 ηίιυηιυιι,
740 2720 998 2780 tanquam
1030 2708 1385 2778 impossibilia
1413 2704 1661 2775 quaedam
1700 2712 1757 2756 et
1800 2702 2198 2759 irrationabilia
2244 2709 2608 2762 continentes.
2646 2727 2665 2761 ι
2719 2709 2887 2776 Quasi
2933 2728 3060 2770 vero
3085 2718 3230 2785 quod
3272 2719 3327 2775 in
3372 2722 3492 2778 aliis

217 2805 469 2870 damnat,
500 2805 554 2859 id
591 2820 697 2858 non
725 2804 890 2859 fuerit
931 2805 1000 2858 ab
1049 2805 1165 2873 ipso
1193 2802 1389 2856 millies
1414 2803 1783 2855 decantatum.
1818 2796 2092 2852 Praeterea
2117 2797 2402 2854 manifesta
2423 2810 2569 2867 sunt,
2605 2805 2903 2871 etdiserta,
2942 2817 2996 2862 et
3034 2824 3229 2880 magno
3263 2830 3491 2871 numero

221 2897 341 2968 ejus
371 2898 522 2965 loca,
558 2899 648 2953 ubi
686 2898 978 2970 allegorias
1021 2898 1076 2951 in
1123 2897 1270 2952 omni
1310 2896 1598 2960 Scriptura
1632 2892 1861 2961 reperiri
1898 2901 2180 2962 pernegat,
2230 2902 2284 2947 et
2329 2903 2509 2948 tamen
2556 2898 2710 2964 quasi
2760 2898 2923 2967 hujus
2975 2903 3223 2973 principii
3259 2906 3485 2973 oblitus,

224 2993 502 3063 mysticos
536 3006 730 3045 sensus
766 2991 822 3043 in
853 2990 1088 3059 singulis
1119 2989 1404 3058 utriusque
1437 2986 1767 3041 Testamenti
1800 2985 2017 3056 paginis
2043 2985 2266 3055 inquirit
2295 2995 2349 3041 et
2396 2989 2578 3055 animo
2621 2990 2721 3044 sibi
2755 2990 2907 3061 fingit
2987 2994 3128 3060 Quin
3155 3008 3211 3052 et
3258 2998 3481 3056 homilia

219 3088 411 3156 prima
450 3087 502 3139 in
536 3084 783 3140 Exedunt
826 3083 905 3139 sic
959 3082 1246 3152 loquitur:
1281 3101 1300 3135 ι
1331 3082 1447 3152 Ego
1480 3083 1706 3136 credens
1726 3082 1906 3136 verbis
1946 3082 2151 3136 Domini
2186 3083 2291 3137 mei
2320 3081 2445 3139 Iesu
2475 3083 2698 3150 Christi,
2735 3085 2790 3140 in
2837 3087 3038 3158 lege-et
3063 3095 3342 3162 prophetis
3369 3096 3476 3151 iota

219 3179 461 3247 quidem
499 3191 688 3243 unum,
716 3185 809 3230 aut
836 3191 1001 3231 unum
1029 3177 1236 3246 apicem
1271 3191 1377 3230 non
1408 3183 1540 3245 puto
1575 3189 1696 3230 esse
1727 3175 2004 3244 mysteriis
2035 3190 2287 3239 vacuum,
2326 3191 2425 3231 nec
2446 3188 2574 3247 puto
2601 3179 2803 3249 aliquid
2837 3183 3025 3238 horum
3064 3190 3300 3245 transire
3322 3206 3481 3261 posse

212 3273 412 3329 donec
446 3272 628 3327 omnia
685 3273 837 3327 liant.
869 3291 889 3325 ι
927 3272 990 3326 Ει
1024 3272 1125 3326 lib.
1163 3287 1216 3326 iv
1248 3271 1327 3326 De
1373 3272 1671 3341 principiis,
1699 3286 1850 3325 num.
1884 3270 1955 3326 20
1985 3287 2001 3324 :
2035 3291 2054 3322 ε
2098 3270 2190 3326 Sic
2242 3272 2389 3327 enim
2431 3273 2499 3328 de
2548 3275 2801 3332 universa
2855 3277 3138 3349 Scriptura
3188 3286 3482 3344 statuimus
3574 3294 3577 3301 '

212 3382 458 3423 sensum
491 3369 688 3438 ubique
716 3382 834 3423 esse
858 3368 1179 3438 spiritalem,
1218 3383 1325 3423 non
1356 3368 1557 3438 ubique
1588 3382 1792 3437 corpori

1894 3382 1936 3423 ι.
1975 3387 1994 3420 ι
2026 3367 2149 3424 Ητεε
2182 3378 2367 3437 aperte
2397 3379 2772 3439 pugnantcum
2798 3371 2913 3441 ejus
2943 3376 3269 3435 testimoniis
3312 3397 3474 3453 supra

211 3462 407 3517 citatis
430 3461 588 3515 artic.
623 3461 673 3514 2.
705 3461 944 3531 Denique
982 3461 1125 3530 quod
1159 3461 1294 3514 dixit
1319 3458 1667 3515 dillicilimum
1692 3474 1833 3523 esse,
1852 3475 1920 3516 ne
1948 3460 2159 3515 dicatur
2183 3460 2535 3531 impossibile,
2555 3464 2968 3533 tnysticosquos
2988 3466 3153 3522 habet
3194 3468 3475 3541 Scriptura

214 3573 414 3614 sensus
438 3559 790 3627 investigare,
822 3557 876 3612 id
926 3573 1033 3612 non
1056 3556 1217 3612 facile
1260 3572 1383 3613 cum
1436 3555 1707 3613 indefesso
1733 3557 1851 3627 ejus
1888 3557 1943 3611 in
1975 3556 2238 3627 ejusmodi
2289 3557 2536 3612 sensibus
2570 3559 2878 3614 scrutandis
2906 3560 3086 3616 studio
3131 3564 3467 3622 conciliatur.

292 3677 405 3735 γη.
444 3680 747 3736 Veritatem
788 3692 1078 3750 perperam
1114 3688 1394 3749 acceptam
1439 3694 1582 3748 saepe
1634 3676 1859 3749 perinde
1887 3692 2105 3741 nocere,
2148 3691 2215 3731 ac
2261 3675 2459 3731 falsum
2509 3676 2864 3747 principium,
2896 3693 3092 3747 magno
3117 3681 3366 3749 exemplo
3391 3690 3478 3738 est

219 3776 512 3847 Origenes.
546 3779 628 3833 Ab
660 3777 923 3847 apostolis
951 3776 1219 3831 didicerat
1244 3774 1427 3830 Jesum
1460 3776 1737 3831 Christum
1774 3787 1971 3843 resque
2005 3773 2073 3826 ab
2123 3787 2190 3827 eo
2216 3782 2396 3842 gestas
2437 3781 2492 3825 et
2525 3771 2639 3839 ejus
2668 3773 2925 3841 mysteria
2975 3773 3029 3827 in
3072 3774 3251 3831 Veteri
3281 3776 3472 3832 Testa—

221 3884 410 3927 mento
440 3873 779 3928 adumbrari.
814 3871 956 3927 Hinc
988 3873 1052 3927 ad
1083 3873 1436 3941 mysticorum
1467 3885 1725 3925 sensuum
1760 3869 2232 3939 investigationem
2262 3867 2504 3922 habenas
2535 3867 2751 3936 ingenio
2779 3883 2881 3923 suo
2926 3870 3321 3938 permittendas
3351 3887 3472 3928 esse

218 3968 458 4032 censuit,
492 3982 558 4023 eo
583 3967 805 4023 aliunde
833 3967 1097 4037 impulsus
1122 3966 1339 4038 publico
1381 3967 1465 4020 sui
1498 3966 1757 4036 temporis
1786 3979 2001 4034 sapore,
2026 3963 2276 4018 vividiori
2308 3978 2407 4017 sua
2437 3963 2767 4031 imaginandi
2802 3964 2880 4029 vi,
2905 3969 3232 4034 scriptorum
3258 3965 3471 4021 Judaeu-

218 4073 363 4125 rutn,
408 4062 691 4124 gentilium
743 4078 810 4118 ac
855 4062 1289 4119 Christianorum
1342 4061 1621 4132 allegoriis
1642 4062 1948 4116 deditorum
1997 4060 2255 4122 lectione,
2295 4073 2563 4128 perparvo
2585 4058 2728 4127 quod
2760 4068 2885 4113 tunc
2909 4071 3026 4114 erat
3056 4061 3123 4114 ad
3175 4060 3469 4132 Scriptura;

217 4151 465 4207 litteram
500 4154 884 4209 elneidandam
916 4154 1144 4218 auxilio,
1194 4170 1259 4209 ac
1309 4154 1546 4223 denique
1578 4155 1840 4222 stupenda
1873 4152 1987 4218 illa,
2021 4167 2126 4221 qua
2155 4165 2318 4219 opera
2344 4165 2440 4205 sua
2475 4149 2729 4215 cudebat,
2755 4149 3062 4206 velocitate.
3108 4151 3185 4206 Ex
3215 4153 3468 4211 omnibus

222 4247 342 4301 istis
376 4249 558 4303 causis
591 4249 794 4317 prodiit
832 4249 1190 4305 inexhaustus
1238 4249 1330 4304 ille
1373 4250 1756 4318 allegoriarum
1790 4247 1932 4313 fons,
1966 4262 2073 4315 quo
2105 4255 2316 4303 cuncta:
2340 4245 2457 4313 ejus
2495 4245 2818 4315 scriptiones
2851 4248 2989 4301 adeo
3020 4248 3375 4314 inundantur,
3407 4256 3466 4303 ut

218 4341 496 4395 neminem
526 4354 653 4397 ante
680 4357 737 4398 se
770 4344 823 4398 in
861 4345 961 4399 hoc
986 4358 1189 4413 genere
1214 4346 1547 4413 superiorem
1575 4345 1846 4411 habuerit,
1884 4358 1986 4407 nec
2011 4342 2177 4396 ullum
2205 4350 2326 4411 post
2354 4355 2416 4396 se
2445 4340 2547 4395 sibi
2583 4356 2770 4411 parem
2804 4341 3101 4412 reliquerit.
3131 4342 3371 4398 Primum
3396 4344 3461 4399 ad

216 4431 576 4505 allegoricam
602 4439 908 4495 methodum
943 4443 1202 4511 abreptus
1230 4451 1316 4496 est
1344 4451 1586 4497 veterum
1623 4441 1933 4497 Judazorum
1963 4437 2237 4506 exemplo,
2268 4437 2463 4507 quibus
2499 4437 2635 4491 alius
2675 4452 2782 4492 non
2820 4437 3098 4493 arridebat
3130 4440 3459 4508 exponendas

217 4524 516 4598 Scriptum
552 4529 761 4584 modus.
789 4531 872 4586 Ab
900 4533 983 4587 eis
1011 4532 1195 4587 hausit
1223 4532 1417 4586 scitum
1464 4532 1620 4596 illud,
1646 4531 1881 4586 litteram
1916 4545 2037 4585 esse
2060 4530 2364 4585 divinorum
2398 4528 2727 4583 voluminum
2770 4544 2987 4600 corpus,
3016 4532 3244 4600 mystico
3275 4540 3454 4583 autem

214 4631 373 4675 sensu
404 4620 648 4675 animam
684 4622 768 4677 vel
806 4625 1051 4694 spiritum
1085 4625 1301 4679 illorum
1328 4625 1618 4679 contineri.
1642 4624 2002 4679 Admirationi
2030 4623 2077 4678 ei
2110 4633 2267 4678 erant
2289 4619 2446 4674 Philo
2471 4621 2910 4687 etAristobulus,
2938 4622 3016 4675 uti
3058 4630 3203 4692 patet
3235 4637 3266 4676 e
3288 4622 3379 4677 lib.
3407 4638 3457 4676 tv

218 4723 399 4766 contra
432 4711 665 4780 Celsum,
696 4730 848 4769 num.
886 4717 977 4780 51,
1011 4718 1100 4773 ubi
1144 4718 1222 4772 ait
1258 4736 1272 4771 ε
1311 4735 1329 4767 ι
1375 4716 1594 4771 Illorum
1621 4715 1914 4782 volumina,
1947 4724 2203 4784 quantum
2234 4712 2545 4781 conjectura
2570 4727 2901 4783 cognoscere
2923 4719 3027 4777 est,
3064 4712 3288 4766 minime
3318 4712 3453 4766 vidit

215 4797 418 4859 Celsus.
445 4803 584 4857 Nam
620 4805 710 4859 illa
741 4806 875 4861 mihi
903 4808 1152 4862 videnlur
1190 4817 1426 4862 mentem
1456 4807 1860 4876 Scripturarum
1893 4815 1951 4859 ut
1978 4805 2268 4875 plurimum
2297 4805 2371 4859 ita
2401 4804 2638 4874 assequi,
2667 4811 2727 4856 ut
2750 4803 2835 4857 vel
2869 4802 3075 4858 Graecis
3113 4803 3455 4873 philosophis

216 4893 559 4952 admirationi
584 4911 704 4952 esse
731 4899 965 4968 possint.
1003 4897 1079 4952 lbi
1111 4898 1256 4952 enim
1294 4914 1399 4952 non
1429 4898 1603 4953 solum
1659 4898 1712 4951 in
1748 4896 2006 4959 dictione,
2041 4896 2133 4950 sed
2188 4896 2352 4950 etiam
2394 4896 2448 4948 in
2484 4893 2768 4949 sententiis
2816 4904 2873 4948 et
2923 4893 3191 4963 dogmatis
3241 4894 3452 4947 videtur

217 4983 454 5044 delectus
480 4998 538 5043 et
570 4989 868 5060 diligentia,
903 4999 959 5046 et
989 4991 1282 5061 praeclarus
1308 5006 1498 5046 eorum
1534 4990 1829 5059 Scriptum
1871 4988 2115 5043 locorum
2144 5003 2295 5053 usus,
2326 5003 2448 5057 quae
2483 4984 2673 5041 Celsus
2697 4999 2795 5055 pro
2826 4983 3021 5038 fabulis
3059 4984 3243 5039 habet.
3279 5004 3299 5038 ι
3331 4984 3452 5051 Qun

215 5081 453 5137 encomio
480 5081 643 5152 plane
673 5074 1036 5139 conﬁrmatur
1059 5086 1172 5138 haec
1195 5083 1375 5140 Pliotii
1421 5086 1490 5139 de
1540 5083 1768 5139 Philone
1820 5084 2099 5139 adnotatio
2140 5082 2399 5136 Biblioth.
2425 5080 2545 5137 cod.
2574 5093 2640 5133 ev
2675 5097 2688 5131 :
2734 5096 2753 5129 ι
2787 5078 2864 5132 Ex
2909 5091 2999 5141 eo,
3032 5078 3248 5148 opinor,
3275 5079 3451 5132 omnis

220 5170 504 5243 allegorica
540 5174 842 5244 Scriptura:
875 5177 1303 5245 interpretanda:
1340 5177 1477 5231 ratio
1510 5177 1563 5230 in
1599 5177 1898 5232 Ecclesiam
1936 5175 2179 5231 irruendi
2222 5174 2411 5230 habuit
2440 5173 2680 5229 initium.
2722 5190 2741 5224 ›
2791 5172 2996 5225 Deinde
3027 5173 3170 5240 quod
3207 5174 3287 5227 ait
3317 5173 3453 5228 Por—

217 5266 428 5338 phyrius
456 5270 602 5340 apud
638 5270 862 5336 Euseb.,
895 5270 1040 5326 Hist.
1085 5271 1239 5336 εδει,
1284 5272 1377 5325 lib.
1415 5287 1490 5337 γι,
1520 5288 1640 5341 cap.
1673 5273 1763 5339 l9,
1796 5273 1852 5328 id
1904 5272 2038 5327 mihi
2092 5270 2155 5325 lit
2202 5271 2490 5324 admodum
2562 5265 2875 5328 verisimile,
2905 5263 3193 5335 Origenem
3234 5281 3448 5338 nempe,

217 5371 327 5413 cum
351 5362 575 5417 assidua
626 5360 1032 5418 Platonicorum
1085 5377 1140 5417 et
1185 5363 1670 5434 Pythagoricorum
1717 5364 1948 5419 lectione
1993 5362 2318 5418 familiarem
2375 5360 2479 5415 sibi
2533 5355 2756 5411 fecisset
2816 5357 3172 5413 abstrusioris
3201 5369 3445 5414 veterum

217 5449 652 5523 philosophorum
688 5453 951 5510 doctrina:
977 5453 1264 5524 allegorieo
1291 5469 1456 5510 sensu
1488 5453 1909 5524 interpretanda:
1936 5455 2175 5517 modum,
2207 5453 2354 5506 illum
2382 5461 2600 5519 quoque
2633 5447 2701 5499 ad
2730 5446 3034 5501 Judaorum
3071 5450 3239 5504 libros
3269 5461 3447 5506 trans-

217 5541 409 5599 tulisse.
443 5545 564 5599 Huc
603 5546 741 5602 adde
769 5548 914 5616 quod
949 5544 1185 5613 coniicit
1222 5546 1453 5602 liuetius
1500 5546 1812 5617 Origenian.
1846 5549 1942 5603 lib.
1974 5561 2115 5615 It,q.
2147 5546 2235 5611 13,
2265 5546 2331 5597 ad
2365 5542 2418 5596 id
2460 5536 2732 5593 scribendi
2765 5550 2934 5604 Βθηυε
2960 5541 3255 5595 exc-Halm“
3288 5544 3450 5596 etiam

217 5632 368 5689 fuisse
389 5636 779 5691 Adamantium
822 5639 1071 5708 exemplo
1100 5638 1395 5695 Metrodori
1430 5636 1807 5707 Lampsaceni,
1837 5650 1998 5706 quem
2030 5644 2217 5688 narrat
2249 5631 2518 5685 Tatianus
2551 5630 2722 5675 totum
2754 5624 3043 5676 Homerum
3086 5629 3141 5682 in
3169 5623 3456 5693 allegorias

218 5728 458 5791 traxisse.
500 5740 556 5785 et
589 5730 891 5788 Heraclidis
921 5731 1585 5803 Pontici,llomericarum
1619 5729 2009 5812 allegoriarttml
2045 5726 2351 5797 scriptotis.
2410 5719 2683 5771 Praeterea
2730 5720 3067 5782 compertum
3125 5722 3236 5772 est.
3287 5717 3465 5785 magni
