  <div class='ocr_page' id='page_1' title='image "/cluster/home/n/w/nwhite01/storage/ocr_20150623/12/mdp.39015028786690/025.png"; bbox 0 0 4000 6146; ppageno 0'>
   <div class='ocr_carea' id='block_1_1' title="bbox 465 215 3758 289">
    <p class='ocr_par' dir='ltr' id='par_1_1' title="bbox 465 215 3758 289">
     <span class='ocr_line' id='line_1_1' title="bbox 465 215 3758 289; baseline -0.005 0"><span class='ocrx_word' id='word_1_1' title='bbox 465 231 549 289; x_wconf 74' lang='lat'><strong>55</strong></span> <span class='ocrx_word' id='word_1_2' title='bbox 1672 216 2045 279; x_wconf 64' lang='lat' dir='ltr'><strong>PREFATIO</strong></span> <span class='ocrx_word' id='word_1_3' title='bbox 2085 216 2178 272; x_wconf 88' lang='lat' dir='ltr'><strong>AD</strong></span> <span class='ocrx_word' id='word_1_4' title='bbox 2215 215 2376 272; x_wconf 83' lang='lat' dir='ltr'><strong>TOM.</strong></span> <span class='ocrx_word' id='word_1_5' title='bbox 2414 217 2487 272; x_wconf 72' lang='lat' dir='ltr'><strong>ll:</strong></span> <span class='ocrx_word' id='word_1_6' title='bbox 3683 216 3758 271; x_wconf 69' lang='lat'><strong>36</strong></span> 
     </span>
    </p>
   </div>
   <div class='ocr_carea' id='block_1_2' title="bbox 479 329 3755 421">
    <p class='ocr_par' dir='ltr' id='par_1_2' title="bbox 479 329 3755 421">
     <span class='ocr_line' id='line_1_2' title="bbox 479 329 3755 421; baseline -0.006 -15"><span class='ocrx_word' id='word_1_7' title='bbox 479 349 684 421; x_wconf 75' lang='lat' dir='ltr'><strong>ingenii</strong></span> <span class='ocrx_word' id='word_1_8' title='bbox 728 351 872 407; x_wconf 85' lang='lat' dir='ltr'><strong>viros</strong></span> <span class='ocrx_word' id='word_1_9' title='bbox 895 366 1021 408; x_wconf 85' lang='lat' dir='ltr'><strong>cum</strong></span> <span class='ocrx_word' id='word_1_10' title='bbox 1073 363 1139 405; x_wconf 82' lang='lat' dir='ltr'><strong>eo</strong></span> <span class='ocrx_word' id='word_1_11' title='bbox 1173 359 1345 416; x_wconf 91' lang='lat' dir='ltr'><strong>usque</strong></span> <span class='ocrx_word' id='word_1_12' title='bbox 1377 357 1487 399; x_wconf 91' lang='lat' dir='ltr'><strong>non</strong></span> <span class='ocrx_word' id='word_1_13' title='bbox 1516 339 1972 412; x_wconf 85' lang='lat' dir='ltr'><strong>progrediuntur,</strong></span> <span class='ocrx_word' id='word_1_14' title='bbox 2004 346 2061 392; x_wconf 92' lang='lat' dir='ltr'><strong>ut</strong></span> <span class='ocrx_word' id='word_1_15' title='bbox 2111 352 2273 409; x_wconf 81' lang='lat' dir='ltr'><strong>supra</strong></span> <span class='ocrx_word' id='word_1_16' title='bbox 2317 334 2498 392; x_wconf 80' lang='lat' dir='ltr'><strong>saeculi</strong></span> <span class='ocrx_word' id='word_1_17' title='bbox 2552 333 2635 388; x_wconf 90' lang='lat' dir='ltr'><strong>sui</strong></span> <span class='ocrx_word' id='word_1_18' title='bbox 2680 331 3055 402; x_wconf 71' lang='lat' dir='ltr'><strong>praeiudicatas</strong></span> <span class='ocrx_word' id='word_1_19' title='bbox 3101 329 3391 400; x_wconf 86' lang='lat' dir='ltr'><strong>opiniones</strong></span> <span class='ocrx_word' id='word_1_20' title='bbox 3429 345 3551 387; x_wconf 84' lang='lat' dir='ltr'><strong>sese</strong></span> <span class='ocrx_word' id='word_1_21' title='bbox 3582 334 3755 386; x_wconf 85' lang='lat' dir='ltr'><strong>attol-</strong></span> 
     </span>
    </p>
   </div>
   <div class='ocr_carea' id='block_1_3' title="bbox 479 423 3756 514">
    <p class='ocr_par' dir='ltr' id='par_1_3' title="bbox 479 423 3756 514">
     <span class='ocr_line' id='line_1_3' title="bbox 479 423 3756 514; baseline -0.006 -15"><span class='ocrx_word' id='word_1_22' title='bbox 479 436 619 509; x_wconf 68' lang='lat' dir='ltr'><strong>lant,</strong></span> <span class='ocrx_word' id='word_1_23' title='bbox 664 444 877 499; x_wconf 87' lang='lat' dir='ltr'><strong>illarum</strong></span> <span class='ocrx_word' id='word_1_24' title='bbox 914 443 1033 514; x_wconf 86' lang='lat' dir='ltr'><strong>plus</strong></span> <span class='ocrx_word' id='word_1_25' title='bbox 1084 439 1300 496; x_wconf 76' lang='lat' dir='ltr'><strong>caneris</strong></span> <span class='ocrx_word' id='word_1_26' title='bbox 1360 434 1671 490; x_wconf 87' lang='lat' dir='ltr'><strong>hominibus</strong></span> <span class='ocrx_word' id='word_1_27' title='bbox 1728 434 1958 492; x_wconf 74' lang='lat' dir='ltr'><strong>miseros</strong></span> <span class='ocrx_word' id='word_1_28' title='bbox 2000 444 2123 484; x_wconf 88' lang='lat' dir='ltr'><strong>esse</strong></span> <span class='ocrx_word' id='word_1_29' title='bbox 2161 444 2374 484; x_wconf 83' lang='lat' dir='ltr'><strong>servos.</strong></span> <span class='ocrx_word' id='word_1_30' title='bbox 2412 425 2662 498; x_wconf 85' lang='lat' dir='ltr'><strong>Origenis</strong></span> <span class='ocrx_word' id='word_1_31' title='bbox 2701 434 2886 489; x_wconf 68' lang='lat' dir='ltr'><strong>aatate,</strong></span> <span class='ocrx_word' id='word_1_32' title='bbox 2920 423 3159 476; x_wconf 91' lang='lat' dir='ltr'><strong>omnium</strong></span> <span class='ocrx_word' id='word_1_33' title='bbox 3219 424 3498 479; x_wconf 77' lang='lat' dir='ltr'><strong>hominum</strong></span> <span class='ocrx_word' id='word_1_34' title='bbox 3534 425 3756 480; x_wconf 84' lang='lat' dir='ltr'><strong>animos</strong></span> 
     </span>
    </p>
   </div>
   <div class='ocr_carea' id='block_1_4' title="bbox 479 515 3759 608">
    <p class='ocr_par' dir='ltr' id='par_1_4' title="bbox 479 515 3759 608">
     <span class='ocr_line' id='line_1_4' title="bbox 479 515 3759 608; baseline -0.007 -15"><span class='ocrx_word' id='word_1_35' title='bbox 479 537 880 608; x_wconf 87' lang='lat' dir='ltr'><strong>mystagogicus</strong></span> <span class='ocrx_word' id='word_1_36' title='bbox 924 535 1118 605; x_wconf 85' lang='lat' dir='ltr'><strong>genius</strong></span> <span class='ocrx_word' id='word_1_37' title='bbox 1171 534 1470 587; x_wconf 75' lang='lat' dir='ltr'><strong>invaserat.</strong></span> <span class='ocrx_word' id='word_1_38' title='bbox 1523 527 1603 582; x_wconf 86' lang='lat' dir='ltr'><strong>Eo</strong></span> <span class='ocrx_word' id='word_1_39' title='bbox 1655 539 1877 597; x_wconf 87' lang='lat' dir='ltr'><strong>quoque</strong></span> <span class='ocrx_word' id='word_1_40' title='bbox 1927 524 2100 594; x_wconf 85' lang='lat' dir='ltr'><strong>abripi</strong></span> <span class='ocrx_word' id='word_1_41' title='bbox 2146 539 2205 579; x_wconf 91' lang='lat' dir='ltr'><strong>se</strong></span> <span class='ocrx_word' id='word_1_42' title='bbox 2251 536 2442 592; x_wconf 89' lang='lat' dir='ltr'><strong>passus</strong></span> <span class='ocrx_word' id='word_1_43' title='bbox 2487 528 2574 574; x_wconf 90' lang='lat' dir='ltr'><strong>est</strong></span> <span class='ocrx_word' id='word_1_44' title='bbox 2607 515 2987 580; x_wconf 88' lang='lat' dir='ltr'><strong>Adamantius,</strong></span> <span class='ocrx_word' id='word_1_45' title='bbox 3045 530 3280 585; x_wconf 90' lang='lat' dir='ltr'><strong>cumque</strong></span> <span class='ocrx_word' id='word_1_46' title='bbox 3322 531 3384 571; x_wconf 88' lang='lat' dir='ltr'><strong>se</strong></span> <span class='ocrx_word' id='word_1_47' title='bbox 3429 516 3662 572; x_wconf 81' lang='lat' dir='ltr'><strong>dicendo</strong></span> <span class='ocrx_word' id='word_1_48' title='bbox 3687 531 3759 570; x_wconf 87' lang='lat' dir='ltr'><strong>ac</strong></span> 
     </span>
    </p>
   </div>
   <div class='ocr_carea' id='block_1_5' title="bbox 480 608 3754 698">
    <p class='ocr_par' dir='ltr' id='par_1_5' title="bbox 480 608 3754 698">
     <span class='ocr_line' id='line_1_5' title="bbox 480 608 3754 698; baseline -0.007 -13"><span class='ocrx_word' id='word_1_49' title='bbox 480 629 768 685; x_wconf 84' lang='lat' dir='ltr'><strong>scribendo</strong></span> <span class='ocrx_word' id='word_1_50' title='bbox 820 644 1049 698; x_wconf 91' lang='lat' dir='ltr'><strong>prorsus</strong></span> <span class='ocrx_word' id='word_1_51' title='bbox 1095 627 1349 682; x_wconf 90' lang='lat' dir='ltr'><strong>idoneum</strong></span> <span class='ocrx_word' id='word_1_52' title='bbox 1412 622 1665 686; x_wconf 85' lang='lat' dir='ltr'><strong>sentiret,</strong></span> <span class='ocrx_word' id='word_1_53' title='bbox 1716 620 1785 675; x_wconf 87' lang='lat' dir='ltr'><strong>ad</strong></span> <span class='ocrx_word' id='word_1_54' title='bbox 1837 620 1999 688; x_wconf 84' lang='lat' dir='ltr'><strong>idque</strong></span> <span class='ocrx_word' id='word_1_55' title='bbox 2047 631 2272 672; x_wconf 90' lang='lat' dir='ltr'><strong>munere</strong></span> <span class='ocrx_word' id='word_1_56' title='bbox 2324 630 2426 672; x_wconf 91' lang='lat' dir='ltr'><strong>suo</strong></span> <span class='ocrx_word' id='word_1_57' title='bbox 2472 612 2751 681; x_wconf 90' lang='lat' dir='ltr'><strong>variisque</strong></span> <span class='ocrx_word' id='word_1_58' title='bbox 2797 609 3229 665; x_wconf 86' lang='lat' dir='ltr'><strong>circumstantiis</strong></span> <span class='ocrx_word' id='word_1_59' title='bbox 3293 608 3629 678; x_wconf 83' lang='lat' dir='ltr'><strong>adigeretur,</strong></span> <span class='ocrx_word' id='word_1_60' title='bbox 3679 608 3754 662; x_wconf 90' lang='lat' dir='ltr'><strong>ad</strong></span> 
     </span>
    </p>
   </div>
   <div class='ocr_carea' id='block_1_6' title="bbox 481 700 3752 782">
    <p class='ocr_par' dir='ltr' id='par_1_6' title="bbox 481 700 3752 782">
     <span class='ocr_line' id='line_1_6' title="bbox 481 700 3752 782; baseline -0.005 -8"><span class='ocrx_word' id='word_1_61' title='bbox 481 720 792 776; x_wconf 87' lang='lat' dir='ltr'><strong>auditorum</strong></span> <span class='ocrx_word' id='word_1_62' title='bbox 854 736 921 777; x_wconf 86' lang='lat' dir='ltr'><strong>ac</strong></span> <span class='ocrx_word' id='word_1_63' title='bbox 973 720 1241 776; x_wconf 89' lang='lat' dir='ltr'><strong>lectorum</strong></span> <span class='ocrx_word' id='word_1_64' title='bbox 1304 729 1537 772; x_wconf 90' lang='lat' dir='ltr'><strong>suorum</strong></span> <span class='ocrx_word' id='word_1_65' title='bbox 1599 728 1874 782; x_wconf 85' lang='lat' dir='ltr'><strong>saporem,</strong></span> <span class='ocrx_word' id='word_1_66' title='bbox 1926 714 2017 781; x_wconf 87' lang='lat' dir='ltr'><strong>qui</strong></span> <span class='ocrx_word' id='word_1_67' title='bbox 2064 721 2207 766; x_wconf 86' lang='lat' dir='ltr'><strong>totus</strong></span> <span class='ocrx_word' id='word_1_68' title='bbox 2250 712 2303 764; x_wconf 91' lang='lat' dir='ltr'><strong>in</strong></span> <span class='ocrx_word' id='word_1_69' title='bbox 2353 708 2630 777; x_wconf 80' lang='lat' dir='ltr'><strong>allegoriis</strong></span> <span class='ocrx_word' id='word_1_70' title='bbox 2685 713 2820 767; x_wconf 86' lang='lat' dir='ltr'><strong>erat,</strong></span> <span class='ocrx_word' id='word_1_71' title='bbox 2878 717 2998 757; x_wconf 87' lang='lat' dir='ltr'><strong>sese</strong></span> <span class='ocrx_word' id='word_1_72' title='bbox 3048 702 3469 758; x_wconf 87' lang='lat' dir='ltr'><strong>accommodare</strong></span> <span class='ocrx_word' id='word_1_73' title='bbox 3514 700 3752 757; x_wconf 86' lang='lat' dir='ltr'><strong>studuit.</strong></span> 
     </span>
    </p>
   </div>
   <div class='ocr_carea' id='block_1_7' title="bbox 481 794 3755 885">
    <p class='ocr_par' dir='ltr' id='par_1_7' title="bbox 481 794 3755 885">
     <span class='ocr_line' id='line_1_7' title="bbox 481 794 3755 885; baseline -0.007 -16"><span class='ocrx_word' id='word_1_74' title='bbox 481 813 683 871; x_wconf 83' lang='lat' dir='ltr'><strong>Scribit</strong></span> <span class='ocrx_word' id='word_1_75' title='bbox 715 817 882 870; x_wconf 85' lang='lat' dir='ltr'><strong>etiam</strong></span> <span class='ocrx_word' id='word_1_76' title='bbox 909 815 1276 885; x_wconf 84' lang='lat' dir='ltr'><strong>Hieronymus</strong></span> <span class='ocrx_word' id='word_1_77' title='bbox 1307 813 1360 865; x_wconf 93' lang='lat' dir='ltr'><strong>in</strong></span> <span class='ocrx_word' id='word_1_78' title='bbox 1403 809 1657 880; x_wconf 80' lang='lat' dir='ltr'><strong>(.‘atalogo</strong></span> <span class='ocrx_word' id='word_1_79' title='bbox 1706 808 2020 877; x_wconf 81' lang='lat' dir='ltr'><strong>scriptorum</strong></span> <span class='ocrx_word' id='word_1_80' title='bbox 2069 803 2575 865; x_wconf 77' lang='lat' dir='ltr'><strong>ecclesiasticarum,</strong></span> <span class='ocrx_word' id='word_1_81' title='bbox 2624 815 2777 853; x_wconf 88' lang='lat' dir='ltr'><strong>num.</strong></span> <span class='ocrx_word' id='word_1_82' title='bbox 2832 799 2923 864; x_wconf 80' lang='lat'><strong>61,</strong></span> <span class='ocrx_word' id='word_1_83' title='bbox 2977 796 3324 853; x_wconf 86' lang='lat' dir='ltr'><strong>Ambrosium</strong></span> <span class='ocrx_word' id='word_1_84' title='bbox 3366 794 3434 850; x_wconf 85' lang='lat' dir='ltr'><strong>ad</strong></span> <span class='ocrx_word' id='word_1_85' title='bbox 3490 795 3755 849; x_wconf 87' lang='lat' dir='ltr'><strong>librorum</strong></span> 
     </span>
    </p>
   </div>
   <div class='ocr_carea' id='block_1_8' title="bbox 477 888 3754 975">
    <p class='ocr_par' dir='ltr' id='par_1_8' title="bbox 477 888 3754 975">
     <span class='ocr_line' id='line_1_8' title="bbox 477 888 3754 975; baseline -0.006 -13"><span class='ocrx_word' id='word_1_86' title='bbox 477 900 761 962; x_wconf 81' lang='lat' dir='ltr'><strong>sacrorum</strong></span> <span class='ocrx_word' id='word_1_87' title='bbox 820 905 1325 975; x_wconf 81' lang='lat' dir='ltr'><strong>interpretationem</strong></span> <span class='ocrx_word' id='word_1_88' title='bbox 1370 901 1661 970; x_wconf 86' lang='lat' dir='ltr'><strong>Origenem</strong></span> <span class='ocrx_word' id='word_1_89' title='bbox 1712 900 1991 963; x_wconf 86' lang='lat' dir='ltr'><strong>incitasse,</strong></span> <span class='ocrx_word' id='word_1_90' title='bbox 2044 897 2098 951; x_wconf 90' lang='lat' dir='ltr'><strong>iu</strong></span> <span class='ocrx_word' id='word_1_91' title='bbox 2148 894 2547 949; x_wconf 69' lang='lat' dir='ltr'><strong>aemulationem</strong></span> <span class='ocrx_word' id='word_1_92' title='bbox 2603 890 2900 963; x_wconf 81' lang='lat' dir='ltr'><strong>Hippolyti,</strong></span> <span class='ocrx_word' id='word_1_93' title='bbox 2930 891 3102 948; x_wconf 82' lang='lat' dir='ltr'><strong>editis</strong></span> <span class='ocrx_word' id='word_1_94' title='bbox 3149 888 3266 960; x_wconf 90' lang='lat' dir='ltr'><strong>jam</strong></span> <span class='ocrx_word' id='word_1_95' title='bbox 3315 889 3371 945; x_wconf 91' lang='lat' dir='ltr'><strong>in</strong></span> <span class='ocrx_word' id='word_1_96' title='bbox 3408 888 3754 958; x_wconf 88' lang='lat' dir='ltr'><strong>Scripturam</strong></span> 
     </span>
    </p>
   </div>
   <div class='ocr_carea' id='block_1_9' title="bbox 477 983 3758 1068">
    <p class='ocr_par' dir='ltr' id='par_1_9' title="bbox 477 983 3758 1068">
     <span class='ocr_line' id='line_1_9' title="bbox 477 983 3758 1068; baseline -0.005 -14"><span class='ocrx_word' id='word_1_97' title='bbox 477 998 730 1068; x_wconf 84' lang='lat' dir='ltr'><strong>plurimis</strong></span> <span class='ocrx_word' id='word_1_98' title='bbox 758 995 924 1065; x_wconf 90' lang='lat' dir='ltr'><strong>hujus</strong></span> <span class='ocrx_word' id='word_1_99' title='bbox 955 996 1177 1067; x_wconf 79' lang='lat' dir='ltr'><strong>generis</strong></span> <span class='ocrx_word' id='word_1_100' title='bbox 1209 992 1628 1050; x_wconf 89' lang='lat' dir='ltr'><strong>commentariis</strong></span> <span class='ocrx_word' id='word_1_101' title='bbox 1675 990 1991 1047; x_wconf 86' lang='lat' dir='ltr'><strong>clarissimi.</strong></span> <span class='ocrx_word' id='word_1_102' title='bbox 2031 988 2165 1044; x_wconf 89' lang='lat' dir='ltr'><strong>Cum</strong></span> <span class='ocrx_word' id='word_1_103' title='bbox 2222 988 2385 1058; x_wconf 78' lang='lat' dir='ltr'><strong>igitur</strong></span> <span class='ocrx_word' id='word_1_104' title='bbox 2439 987 2756 1056; x_wconf 83' lang='lat' dir='ltr'><strong>magistrum</strong></span> <span class='ocrx_word' id='word_1_105' title='bbox 2793 1002 2951 1041; x_wconf 92' lang='lat' dir='ltr'><strong>suum</strong></span> <span class='ocrx_word' id='word_1_106' title='bbox 3004 985 3207 1053; x_wconf 84' lang='lat' dir='ltr'><strong>nemini</strong></span> <span class='ocrx_word' id='word_1_107' title='bbox 3248 985 3550 1039; x_wconf 89' lang='lat' dir='ltr'><strong>concedere</strong></span> <span class='ocrx_word' id='word_1_108' title='bbox 3591 983 3758 1039; x_wconf 81' lang='lat' dir='ltr'><strong>vellet</strong></span> 
     </span>
    </p>
   </div>
   <div class='ocr_carea' id='block_1_10' title="bbox 464 1078 3757 1160">
    <p class='ocr_par' dir='ltr' id='par_1_10' title="bbox 464 1078 3757 1160">
     <span class='ocr_line' id='line_1_10' title="bbox 464 1078 3757 1160; baseline -0.005 -10"><span class='ocrx_word' id='word_1_109' title='bbox 464 1094 826 1157; x_wconf 57' lang='lat' dir='ltr'><strong>Ambrosius,</strong></span> <span class='ocrx_word' id='word_1_110' title='bbox 858 1092 993 1146; x_wconf 86' lang='lat' dir='ltr'><strong>nihil</strong></span> <span class='ocrx_word' id='word_1_111' title='bbox 1028 1107 1135 1147; x_wconf 91' lang='lat' dir='ltr'><strong>non</strong></span> <span class='ocrx_word' id='word_1_112' title='bbox 1161 1094 1331 1146; x_wconf 89' lang='lat' dir='ltr'><strong>movit</strong></span> <span class='ocrx_word' id='word_1_113' title='bbox 1371 1107 1478 1160; x_wconf 89' lang='lat' dir='ltr'><strong>quo</strong></span> <span class='ocrx_word' id='word_1_114' title='bbox 1508 1104 1630 1144; x_wconf 88' lang='lat' dir='ltr'><strong>eum</strong></span> <span class='ocrx_word' id='word_1_115' title='bbox 1659 1101 1876 1158; x_wconf 87' lang='lat' dir='ltr'><strong>quoque</strong></span> <span class='ocrx_word' id='word_1_116' title='bbox 1912 1085 1978 1138; x_wconf 87' lang='lat' dir='ltr'><strong>ad</strong></span> <span class='ocrx_word' id='word_1_117' title='bbox 2011 1084 2365 1154; x_wconf 85' lang='lat' dir='ltr'><strong>allegoricum</strong></span> <span class='ocrx_word' id='word_1_118' title='bbox 2407 1082 2684 1137; x_wconf 89' lang='lat' dir='ltr'><strong>scribendi</strong></span> <span class='ocrx_word' id='word_1_119' title='bbox 2714 1095 2885 1151; x_wconf 88' lang='lat' dir='ltr'><strong>genus</strong></span> <span class='ocrx_word' id='word_1_120' title='bbox 2914 1078 3240 1149; x_wconf 86' lang='lat' dir='ltr'><strong>impelleret,</strong></span> <span class='ocrx_word' id='word_1_121' title='bbox 3274 1087 3538 1148; x_wconf 87' lang='lat' dir='ltr'><strong>tantoque</strong></span> <span class='ocrx_word' id='word_1_122' title='bbox 3567 1079 3757 1134; x_wconf 91' lang='lat' dir='ltr'><strong>studio</strong></span> 
     </span>
    </p>
   </div>
   <div class='ocr_carea' id='block_1_11' title="bbox 478 1168 3753 1257">
    <p class='ocr_par' dir='ltr' id='par_1_11' title="bbox 478 1168 3753 1257">
     <span class='ocr_line' id='line_1_11' title="bbox 478 1168 3753 1257; baseline -0.005 -19"><span class='ocrx_word' id='word_1_123' title='bbox 478 1185 726 1257; x_wconf 85' lang='lat' dir='ltr'><strong>quotidie</strong></span> <span class='ocrx_word' id='word_1_124' title='bbox 751 1186 819 1239; x_wconf 91' lang='lat' dir='ltr'><strong>ab</strong></span> <span class='ocrx_word' id='word_1_125' title='bbox 843 1199 908 1238; x_wconf 91' lang='lat' dir='ltr'><strong>eo</strong></span> <span class='ocrx_word' id='word_1_126' title='bbox 940 1199 1077 1252; x_wconf 90' lang='lat' dir='ltr'><strong>opus</strong></span> <span class='ocrx_word' id='word_1_127' title='bbox 1100 1182 1376 1251; x_wconf 80' lang='lat' dir='ltr'><strong>exigebat,</strong></span> <span class='ocrx_word' id='word_1_128' title='bbox 1418 1190 1479 1236; x_wconf 91' lang='lat' dir='ltr'><strong>ut</strong></span> <span class='ocrx_word' id='word_1_129' title='bbox 1512 1181 1566 1234; x_wconf 92' lang='lat' dir='ltr'><strong>in</strong></span> <span class='ocrx_word' id='word_1_130' title='bbox 1599 1178 1832 1248; x_wconf 88' lang='lat' dir='ltr'><strong>quadam</strong></span> <span class='ocrx_word' id='word_1_131' title='bbox 1863 1173 2097 1245; x_wconf 90' lang='lat' dir='ltr'><strong>epistola</strong></span> <span class='ocrx_word' id='word_1_132' title='bbox 2135 1172 2500 1246; x_wconf 83' lang='grc' dir='ltr'><strong>ὲργοδιώκτην</strong></span> <span class='ocrx_word' id='word_1_133' title='bbox 2525 1188 2650 1227; x_wconf 90' lang='lat' dir='ltr'><strong>eum</strong></span> <span class='ocrx_word' id='word_1_134' title='bbox 2686 1170 2948 1243; x_wconf 82' lang='lat' dir='ltr'><strong>Origenes</strong></span> <span class='ocrx_word' id='word_1_135' title='bbox 2972 1170 3347 1242; x_wconf 87' lang='lat' dir='ltr'><strong>appellaverit.</strong></span> <span class='ocrx_word' id='word_1_136' title='bbox 3380 1168 3463 1226; x_wconf 79' lang='lat' dir='ltr'><strong>Ad</strong></span> <span class='ocrx_word' id='word_1_137' title='bbox 3495 1170 3547 1223; x_wconf 90' lang='lat' dir='ltr'><strong>id</strong></span> <span class='ocrx_word' id='word_1_138' title='bbox 3583 1172 3753 1224; x_wconf 89' lang='lat' dir='ltr'><strong>etiam</strong></span> 
     </span>
    </p>
   </div>
   <div class='ocr_carea' id='block_1_12' title="bbox 480 1264 3755 1352">
    <p class='ocr_par' dir='ltr' id='par_1_12' title="bbox 480 1264 3755 1352">
     <span class='ocr_line' id='line_1_12' title="bbox 480 1264 3755 1352; baseline -0.007 -13"><span class='ocrx_word' id='word_1_139' title='bbox 480 1283 629 1339; x_wconf 90' lang='lat' dir='ltr'><strong>illum</strong></span> <span class='ocrx_word' id='word_1_140' title='bbox 659 1280 895 1352; x_wconf 87' lang='lat' dir='ltr'><strong>perpulit</strong></span> <span class='ocrx_word' id='word_1_141' title='bbox 927 1280 1153 1350; x_wconf 67' lang='lat' dir='ltr'><strong>praebita</strong></span> <span class='ocrx_word' id='word_1_142' title='bbox 1184 1293 1215 1332; x_wconf 91' lang='lat' dir='ltr'><strong>a</strong></span> <span class='ocrx_word' id='word_1_143' title='bbox 1242 1278 1518 1332; x_wconf 84' lang='lat' dir='ltr'><strong>Marcione</strong></span> <span class='ocrx_word' id='word_1_144' title='bbox 1540 1274 1756 1330; x_wconf 83' lang='lat' dir='ltr'><strong>occasio</strong></span> <span class='ocrx_word' id='word_1_145' title='bbox 1783 1272 2044 1341; x_wconf 80' lang='lat' dir='ltr'><strong>pestifero</strong></span> <span class='ocrx_word' id='word_1_146' title='bbox 2074 1269 2359 1334; x_wconf 64' lang='lat' dir='ltr'><strong>haeretico,</strong></span> <span class='ocrx_word' id='word_1_147' title='bbox 2387 1271 2481 1340; x_wconf 91' lang='lat' dir='ltr'><strong>qui</strong></span> <span class='ocrx_word' id='word_1_148' title='bbox 2514 1267 2807 1339; x_wconf 78' lang='lat' dir='ltr'><strong>allegorias</strong></span> <span class='ocrx_word' id='word_1_149' title='bbox 2838 1282 2868 1320; x_wconf 88' lang='lat' dir='ltr'><strong>a</strong></span> <span class='ocrx_word' id='word_1_150' title='bbox 2896 1266 3197 1337; x_wconf 71' lang='lat' dir='ltr'><strong>Scriptum</strong></span> <span class='ocrx_word' id='word_1_151' title='bbox 3240 1279 3415 1320; x_wconf 75' lang='lat' dir='ltr'><strong>sacrae</strong></span> <span class='ocrx_word' id='word_1_152' title='bbox 3452 1264 3755 1334; x_wconf 57' lang='lat' dir='ltr'><strong>expositio-</strong></span> 
     </span>
    </p>
   </div>
   <div class='ocr_carea' id='block_1_13' title="bbox 488 1359 3758 1446">
    <p class='ocr_par' dir='ltr' id='par_1_13' title="bbox 488 1359 3758 1446">
     <span class='ocr_line' id='line_1_13' title="bbox 488 1359 3758 1446; baseline -0.006 -13"><span class='ocrx_word' id='word_1_153' title='bbox 488 1379 651 1433; x_wconf 89' lang='lat' dir='ltr'><strong>nibus</strong></span> <span class='ocrx_word' id='word_1_154' title='bbox 680 1376 900 1446; x_wconf 86' lang='lat' dir='ltr'><strong>penitus</strong></span> <span class='ocrx_word' id='word_1_155' title='bbox 932 1373 1275 1430; x_wconf 86' lang='lat' dir='ltr'><strong>excludebat.</strong></span> <span class='ocrx_word' id='word_1_156' title='bbox 1301 1371 1428 1441; x_wconf 81' lang='lat' dir='ltr'><strong>Ejus</strong></span> <span class='ocrx_word' id='word_1_157' title='bbox 1450 1368 1793 1442; x_wconf 77' lang='lat' dir='ltr'><strong>Oppugnandi</strong></span> <span class='ocrx_word' id='word_1_158' title='bbox 1819 1367 1998 1420; x_wconf 89' lang='lat' dir='ltr'><strong>studio</strong></span> <span class='ocrx_word' id='word_1_159' title='bbox 2031 1366 2084 1420; x_wconf 92' lang='lat' dir='ltr'><strong>in</strong></span> <span class='ocrx_word' id='word_1_160' title='bbox 2113 1366 2391 1421; x_wconf 90' lang='lat' dir='ltr'><strong>contraria</strong></span> <span class='ocrx_word' id='word_1_161' title='bbox 2426 1364 2607 1419; x_wconf 86' lang='lat' dir='ltr'><strong>omnia</strong></span> <span class='ocrx_word' id='word_1_162' title='bbox 2639 1363 2769 1417; x_wconf 86' lang='lat' dir='ltr'><strong>abiit</strong></span> <span class='ocrx_word' id='word_1_163' title='bbox 2798 1361 3062 1432; x_wconf 85' lang='lat' dir='ltr'><strong>Origenes</strong></span> <span class='ocrx_word' id='word_1_164' title='bbox 3090 1360 3474 1429; x_wconf 81' lang='lat' dir='ltr'><strong>allegoriisque</strong></span> <span class='ocrx_word' id='word_1_165' title='bbox 3502 1359 3758 1416; x_wconf 87' lang='lat' dir='ltr'><strong>consulto</strong></span> 
     </span>
    </p>
   </div>
   <div class='ocr_carea' id='block_1_14' title="bbox 481 1449 3758 1539">
    <p class='ocr_par' dir='ltr' id='par_1_14' title="bbox 481 1449 3758 1539">
     <span class='ocr_line' id='line_1_14' title="bbox 481 1449 3758 1539; baseline -0.006 -11"><span class='ocrx_word' id='word_1_166' title='bbox 481 1471 733 1528; x_wconf 82' lang='lat' dir='ltr'><strong>indulsit.</strong></span> <span class='ocrx_word' id='word_1_167' title='bbox 776 1468 961 1539; x_wconf 81' lang='lat' dir='ltr'><strong>Neque</strong></span> <span class='ocrx_word' id='word_1_168' title='bbox 998 1468 1164 1522; x_wconf 88' lang='lat' dir='ltr'><strong>etiam</strong></span> <span class='ocrx_word' id='word_1_169' title='bbox 1216 1466 1445 1520; x_wconf 88' lang='lat' dir='ltr'><strong>tacenda</strong></span> <span class='ocrx_word' id='word_1_170' title='bbox 1475 1471 1558 1519; x_wconf 90' lang='lat' dir='ltr'><strong>est</strong></span> <span class='ocrx_word' id='word_1_171' title='bbox 1604 1461 1692 1515; x_wconf 92' lang='lat' dir='ltr'><strong>illa</strong></span> <span class='ocrx_word' id='word_1_172' title='bbox 1724 1476 1843 1530; x_wconf 75' lang='lat' dir='ltr'><strong>qua:</strong></span> <span class='ocrx_word' id='word_1_173' title='bbox 1869 1458 2125 1532; x_wconf 81' lang='lat' dir='ltr'><strong>Origenis</strong></span> <span class='ocrx_word' id='word_1_174' title='bbox 2155 1468 2315 1513; x_wconf 59' lang='lat' dir='ltr'><strong>aetate</strong></span> <span class='ocrx_word' id='word_1_175' title='bbox 2347 1465 2489 1522; x_wconf 89' lang='lat' dir='ltr'><strong>erat,</strong></span> <span class='ocrx_word' id='word_1_176' title='bbox 2536 1454 2972 1513; x_wconf 88' lang='lat' dir='ltr'><strong>necessariorum</strong></span> <span class='ocrx_word' id='word_1_177' title='bbox 3005 1456 3073 1509; x_wconf 88' lang='lat' dir='ltr'><strong>ad</strong></span> <span class='ocrx_word' id='word_1_178' title='bbox 3104 1454 3298 1509; x_wconf 75' lang='lat' dir='ltr'><strong>littera:</strong></span> <span class='ocrx_word' id='word_1_179' title='bbox 3329 1449 3758 1509; x_wconf 81' lang='lat' dir='ltr'><strong>elucidationem</strong></span> 
     </span>
    </p>
   </div>
   <div class='ocr_carea' id='block_1_15' title="bbox 468 1546 3761 1636">
    <p class='ocr_par' dir='ltr' id='par_1_15' title="bbox 468 1546 3761 1636">
     <span class='ocr_line' id='line_1_15' title="bbox 468 1546 3761 1636; baseline -0.007 -12"><span class='ocrx_word' id='word_1_180' title='bbox 468 1569 809 1625; x_wconf 75' lang='lat' dir='ltr'><strong>auxiliorum</strong></span> <span class='ocrx_word' id='word_1_181' title='bbox 848 1566 1056 1636; x_wconf 80' lang='lat' dir='ltr'><strong>inopia.</strong></span> <span class='ocrx_word' id='word_1_182' title='bbox 1093 1564 1233 1619; x_wconf 86' lang='lat' dir='ltr'><strong>Hinc</strong></span> <span class='ocrx_word' id='word_1_183' title='bbox 1270 1563 1519 1632; x_wconf 73' lang='lat' dir='ltr'><strong>quaedam</strong></span> <span class='ocrx_word' id='word_1_184' title='bbox 1558 1557 1904 1614; x_wconf 85' lang='lat' dir='ltr'><strong>necessitatis</strong></span> <span class='ocrx_word' id='word_1_185' title='bbox 1937 1557 2148 1626; x_wconf 88' lang='lat' dir='ltr'><strong>species</strong></span> <span class='ocrx_word' id='word_1_186' title='bbox 2178 1554 2523 1610; x_wconf 82' lang='lat' dir='ltr'><strong>Christianos</strong></span> <span class='ocrx_word' id='word_1_187' title='bbox 2553 1551 2801 1623; x_wconf 81' lang='lat' dir='ltr'><strong>urgebat,</strong></span> <span class='ocrx_word' id='word_1_188' title='bbox 2827 1560 2889 1606; x_wconf 91' lang='lat' dir='ltr'><strong>ut</strong></span> <span class='ocrx_word' id='word_1_189' title='bbox 2916 1550 3180 1621; x_wconf 81' lang='lat' dir='ltr'><strong>mysticus</strong></span> <span class='ocrx_word' id='word_1_190' title='bbox 3211 1548 3303 1619; x_wconf 92' lang='lat' dir='ltr'><strong>qui</strong></span> <span class='ocrx_word' id='word_1_191' title='bbox 3341 1546 3505 1603; x_wconf 83' lang='lat' dir='ltr'><strong>facile</strong></span> <span class='ocrx_word' id='word_1_192' title='bbox 3532 1548 3761 1617; x_wconf 76' lang='lat' dir='ltr'><strong>excogi-</strong></span> 
     </span>
    </p>
   </div>
   <div class='ocr_carea' id='block_1_16' title="bbox 482 1639 3757 1728">
    <p class='ocr_par' dir='ltr' id='par_1_16' title="bbox 482 1639 3757 1728">
     <span class='ocr_line' id='line_1_16' title="bbox 482 1639 3757 1728; baseline -0.007 -9"><span class='ocrx_word' id='word_1_193' title='bbox 482 1674 696 1728; x_wconf 82' lang='lat' dir='ltr'><strong>tantur,</strong></span> <span class='ocrx_word' id='word_1_194' title='bbox 726 1676 921 1718; x_wconf 84' lang='lat' dir='ltr'><strong>sensus</strong></span> <span class='ocrx_word' id='word_1_195' title='bbox 963 1660 1165 1714; x_wconf 73' lang='lat' dir='ltr'><strong>litterte</strong></span> <span class='ocrx_word' id='word_1_196' title='bbox 1216 1656 1417 1727; x_wconf 63' lang='lat' dir='ltr'><strong>sepius</strong></span> <span class='ocrx_word' id='word_1_197' title='bbox 1460 1654 1711 1709; x_wconf 68' lang='lat' dir='ltr'><strong>obscuras</strong></span> <span class='ocrx_word' id='word_1_198' title='bbox 1757 1649 2173 1723; x_wconf 80' lang='lat' dir='ltr'><strong>substituerent.</strong></span> <span class='ocrx_word' id='word_1_199' title='bbox 2224 1645 2398 1715; x_wconf 82' lang='lat' dir='ltr'><strong>Hujus</strong></span> <span class='ocrx_word' id='word_1_200' title='bbox 2449 1645 2529 1701; x_wconf 86' lang='lat' dir='ltr'><strong>rei</strong></span> <span class='ocrx_word' id='word_1_201' title='bbox 2587 1644 2736 1699; x_wconf 90' lang='lat' dir='ltr'><strong>mille</strong></span> <span class='ocrx_word' id='word_1_202' title='bbox 2775 1653 3093 1713; x_wconf 85' lang='lat' dir='ltr'><strong>argumenta</strong></span> <span class='ocrx_word' id='word_1_203' title='bbox 3140 1640 3404 1711; x_wconf 87' lang='lat' dir='ltr'><strong>praebebit</strong></span> <span class='ocrx_word' id='word_1_204' title='bbox 3461 1639 3757 1712; x_wconf 86' lang='lat' dir='ltr'><strong>Origenes.</strong></span> 
     </span>
    </p>
   </div>
   <div class='ocr_carea' id='block_1_17' title="bbox 479 1739 3752 1828">
    <p class='ocr_par' dir='ltr' id='par_1_17' title="bbox 479 1739 3752 1828">
     <span class='ocr_line' id='line_1_17' title="bbox 479 1739 3752 1828; baseline -0.007 -13"><span class='ocrx_word' id='word_1_205' title='bbox 479 1761 709 1828; x_wconf 82' lang='lat' dir='ltr'><strong>Quoties</strong></span> <span class='ocrx_word' id='word_1_206' title='bbox 735 1757 1008 1814; x_wconf 88' lang='lat' dir='ltr'><strong>tantillum</strong></span> <span class='ocrx_word' id='word_1_207' title='bbox 1040 1754 1317 1821; x_wconf 77' lang='lat' dir='ltr'><strong>explicata</strong></span> <span class='ocrx_word' id='word_1_208' title='bbox 1352 1750 1591 1807; x_wconf 79' lang='lat' dir='ltr'><strong>diﬂicilis</strong></span> <span class='ocrx_word' id='word_1_209' title='bbox 1625 1758 1712 1805; x_wconf 89' lang='lat' dir='ltr'><strong>est</strong></span> <span class='ocrx_word' id='word_1_210' title='bbox 1738 1748 1944 1812; x_wconf 91' lang='lat' dir='ltr'><strong>littera,</strong></span> <span class='ocrx_word' id='word_1_211' title='bbox 1981 1746 2142 1801; x_wconf 87' lang='lat' dir='ltr'><strong>t0ties</strong></span> <span class='ocrx_word' id='word_1_212' title='bbox 2169 1745 2285 1800; x_wconf 89' lang='lat' dir='ltr'><strong>fere</strong></span> <span class='ocrx_word' id='word_1_213' title='bbox 2309 1743 2459 1798; x_wconf 89' lang='lat' dir='ltr'><strong>illam</strong></span> <span class='ocrx_word' id='word_1_214' title='bbox 2496 1742 2695 1798; x_wconf 87' lang='lat' dir='ltr'><strong>clamat</strong></span> <span class='ocrx_word' id='word_1_215' title='bbox 2717 1741 2937 1806; x_wconf 80' lang='lat' dir='ltr'><strong>falsam,</strong></span> <span class='ocrx_word' id='word_1_216' title='bbox 2986 1739 3301 1804; x_wconf 90' lang='lat' dir='ltr'><strong>absurdam,</strong></span> <span class='ocrx_word' id='word_1_217' title='bbox 3335 1739 3752 1808; x_wconf 88' lang='lat' dir='ltr'><strong>impossibilem,</strong></span> 
     </span>
    </p>
   </div>
   <div class='ocr_carea' id='block_1_18' title="bbox 477 1830 3752 1926">
    <p class='ocr_par' dir='ltr' id='par_1_18' title="bbox 477 1830 3752 1926">
     <span class='ocr_line' id='line_1_18' title="bbox 477 1830 3752 1926; baseline -0.008 -15"><span class='ocrx_word' id='word_1_218' title='bbox 477 1854 870 1926; x_wconf 89' lang='lat' dir='ltr'><strong>optionemque</strong></span> <span class='ocrx_word' id='word_1_219' title='bbox 897 1851 992 1904; x_wconf 91' lang='lat' dir='ltr'><strong>dat</strong></span> <span class='ocrx_word' id='word_1_220' title='bbox 1026 1845 1377 1902; x_wconf 86' lang='lat' dir='ltr'><strong>auditoribus</strong></span> <span class='ocrx_word' id='word_1_221' title='bbox 1405 1843 1521 1899; x_wconf 87' lang='lat' dir='ltr'><strong>suis</strong></span> <span class='ocrx_word' id='word_1_222' title='bbox 1548 1850 1610 1897; x_wconf 92' lang='lat' dir='ltr'><strong>ut</strong></span> <span class='ocrx_word' id='word_1_223' title='bbox 1634 1842 1720 1896; x_wconf 88' lang='lat' dir='ltr'><strong>vel</strong></span> <span class='ocrx_word' id='word_1_224' title='bbox 1754 1838 1879 1894; x_wconf 81' lang='lat' dir='ltr'><strong>fidei</strong></span> <span class='ocrx_word' id='word_1_225' title='bbox 1910 1837 2209 1906; x_wconf 73' lang='lat' dir='ltr'><strong>Scripturte</strong></span> <span class='ocrx_word' id='word_1_226' title='bbox 2238 1835 2650 1897; x_wconf 85' lang='lat' dir='ltr'><strong>abrenuntient,</strong></span> <span class='ocrx_word' id='word_1_227' title='bbox 2688 1833 2772 1888; x_wconf 88' lang='lat' dir='ltr'><strong>vel</strong></span> <span class='ocrx_word' id='word_1_228' title='bbox 2806 1833 2957 1887; x_wconf 84' lang='lat' dir='ltr'><strong>illam</strong></span> <span class='ocrx_word' id='word_1_229' title='bbox 2999 1832 3289 1905; x_wconf 82' lang='lat' dir='ltr'><strong>allegorice</strong></span> <span class='ocrx_word' id='word_1_230' title='bbox 3329 1840 3623 1901; x_wconf 82' lang='lat' dir='ltr'><strong>exponant.</strong></span> <span class='ocrx_word' id='word_1_231' title='bbox 3655 1830 3752 1886; x_wconf 86' lang='lat' dir='ltr'><strong>Illa</strong></span> 
     </span>
    </p>
   </div>
   <div class='ocr_carea' id='block_1_19' title="bbox 468 1924 3752 2001">
    <p class='ocr_par' dir='ltr' id='par_1_19' title="bbox 468 1924 3752 2001">
     <span class='ocr_line' id='line_1_19' title="bbox 468 1924 3752 2001; baseline -0.005 0"><span class='ocrx_word' id='word_1_232' title='bbox 468 1924 669 2001; x_wconf 72' lang='lat' dir='ltr'><strong>tamen</strong></span> <span class='ocrx_word' id='word_1_233' title='bbox 696 1943 821 1999; x_wconf 88' lang='lat' dir='ltr'><strong>loca</strong></span> <span class='ocrx_word' id='word_1_234' title='bbox 847 1940 993 1996; x_wconf 92' lang='lat' dir='ltr'><strong>unde</strong></span> <span class='ocrx_word' id='word_1_235' title='bbox 1020 1940 1101 1995; x_wconf 90' lang='lat' dir='ltr'><strong>sic</strong></span> <span class='ocrx_word' id='word_1_236' title='bbox 1128 1937 1498 1993; x_wconf 85' lang='lat' dir='ltr'><strong>ratiocinandi</strong></span> <span class='ocrx_word' id='word_1_237' title='bbox 1531 1949 1723 1989; x_wconf 89' lang='lat' dir='ltr'><strong>ansam</strong></span> <span class='ocrx_word' id='word_1_238' title='bbox 1754 1931 1973 2001; x_wconf 88' lang='lat' dir='ltr'><strong>arripit,</strong></span> <span class='ocrx_word' id='word_1_239' title='bbox 2008 1931 2081 1984; x_wconf 87' lang='lat' dir='ltr'><strong>ita</strong></span> <span class='ocrx_word' id='word_1_240' title='bbox 2136 1930 2460 2001; x_wconf 89' lang='lat' dir='ltr'><strong>plerumque</strong></span> <span class='ocrx_word' id='word_1_241' title='bbox 2504 1928 2779 1998; x_wconf 72' lang='lat' dir='ltr'><strong>explicatu</strong></span> <span class='ocrx_word' id='word_1_242' title='bbox 2837 1925 3017 1981; x_wconf 81' lang='lat' dir='ltr'><strong>facilia</strong></span> <span class='ocrx_word' id='word_1_243' title='bbox 3068 1935 3216 1991; x_wconf 89' lang='lat' dir='ltr'><strong>sunt,</strong></span> <span class='ocrx_word' id='word_1_244' title='bbox 3249 1934 3306 1979; x_wconf 93' lang='lat' dir='ltr'><strong>ut</strong></span> <span class='ocrx_word' id='word_1_245' title='bbox 3338 1924 3524 1979; x_wconf 89' lang='lat' dir='ltr'><strong>mirari</strong></span> <span class='ocrx_word' id='word_1_246' title='bbox 3553 1925 3752 1983; x_wconf 80' lang='lat' dir='ltr'><strong>subeat</strong></span> 
     </span>
    </p>
   </div>
   <div class='ocr_carea' id='block_1_20' title="bbox 469 2019 3753 2111">
    <p class='ocr_par' dir='ltr' id='par_1_20' title="bbox 469 2019 3753 2111">
     <span class='ocr_line' id='line_1_20' title="bbox 469 2019 3753 2111; baseline -0.007 -15"><span class='ocrx_word' id='word_1_247' title='bbox 469 2039 755 2111; x_wconf 71' lang='lat' dir='ltr'><strong>quomodo</strong></span> <span class='ocrx_word' id='word_1_248' title='bbox 787 2038 841 2091; x_wconf 88' lang='lat' dir='ltr'><strong>in</strong></span> <span class='ocrx_word' id='word_1_249' title='bbox 866 2035 1181 2106; x_wconf 80' lang='lat' dir='ltr'><strong>anagogicis</strong></span> <span class='ocrx_word' id='word_1_250' title='bbox 1214 2032 1467 2088; x_wconf 87' lang='lat' dir='ltr'><strong>sensibus</strong></span> <span class='ocrx_word' id='word_1_251' title='bbox 1501 2032 1592 2100; x_wconf 93' lang='lat' dir='ltr'><strong>qui</strong></span> <span class='ocrx_word' id='word_1_252' title='bbox 1625 2043 1771 2083; x_wconf 91' lang='lat' dir='ltr'><strong>nunc</strong></span> <span class='ocrx_word' id='word_1_253' title='bbox 1796 2042 1825 2081; x_wconf 90' lang='lat' dir='ltr'><strong>a</strong></span> <span class='ocrx_word' id='word_1_254' title='bbox 1859 2025 2107 2094; x_wconf 89' lang='lat' dir='ltr'><strong>subjecto</strong></span> <span class='ocrx_word' id='word_1_255' title='bbox 2155 2031 2477 2094; x_wconf 88' lang='lat' dir='ltr'><strong>argumento</strong></span> <span class='ocrx_word' id='word_1_256' title='bbox 2516 2038 2742 2093; x_wconf 90' lang='lat' dir='ltr'><strong>prorsus</strong></span> <span class='ocrx_word' id='word_1_257' title='bbox 2772 2021 2940 2076; x_wconf 89' lang='lat' dir='ltr'><strong>alieni</strong></span> <span class='ocrx_word' id='word_1_258' title='bbox 2982 2021 3262 2086; x_wconf 90' lang='lat' dir='ltr'><strong>videntur,</strong></span> <span class='ocrx_word' id='word_1_259' title='bbox 3311 2019 3753 2090; x_wconf 85' lang='lat' dir='ltr'><strong>introspiciendis</strong></span> 
     </span>
    </p>
   </div>
   <div class='ocr_carea' id='block_1_21' title="bbox 483 2111 3751 2192">
    <p class='ocr_par' dir='ltr' id='par_1_21' title="bbox 483 2111 3751 2192">
     <span class='ocr_line' id='line_1_21' title="bbox 483 2111 3751 2192; baseline -0.006 -5"><span class='ocrx_word' id='word_1_260' title='bbox 483 2142 596 2187; x_wconf 87' lang='lat' dir='ltr'><strong>tam</strong></span> <span class='ocrx_word' id='word_1_261' title='bbox 634 2139 851 2185; x_wconf 88' lang='lat' dir='ltr'><strong>acutum</strong></span> <span class='ocrx_word' id='word_1_262' title='bbox 880 2135 1152 2191; x_wconf 90' lang='lat' dir='ltr'><strong>cerneret,</strong></span> <span class='ocrx_word' id='word_1_263' title='bbox 1182 2134 1236 2181; x_wconf 92' lang='lat' dir='ltr'><strong>et</strong></span> <span class='ocrx_word' id='word_1_264' title='bbox 1269 2123 1488 2180; x_wconf 91' lang='lat' dir='ltr'><strong>aliunde</strong></span> <span class='ocrx_word' id='word_1_265' title='bbox 1537 2136 1766 2192; x_wconf 87' lang='lat' dir='ltr'><strong>prorsus</strong></span> <span class='ocrx_word' id='word_1_266' title='bbox 1798 2119 2104 2182; x_wconf 76' lang='lat' dir='ltr'><strong>caecutiret,</strong></span> <span class='ocrx_word' id='word_1_267' title='bbox 2154 2118 2247 2172; x_wconf 89' lang='lat' dir='ltr'><strong>ubi</strong></span> <span class='ocrx_word' id='word_1_268' title='bbox 2291 2116 2629 2186; x_wconf 90' lang='lat' dir='ltr'><strong>dispellenda</strong></span> <span class='ocrx_word' id='word_1_269' title='bbox 2674 2124 2791 2167; x_wconf 88' lang='lat' dir='ltr'><strong>erat</strong></span> <span class='ocrx_word' id='word_1_270' title='bbox 2823 2114 3004 2183; x_wconf 89' lang='lat' dir='ltr'><strong>aliqua</strong></span> <span class='ocrx_word' id='word_1_271' title='bbox 3033 2113 3232 2168; x_wconf 67' lang='lat' dir='ltr'><strong>littera:</strong></span> <span class='ocrx_word' id='word_1_272' title='bbox 3265 2111 3602 2177; x_wconf 88' lang='lat' dir='ltr'><strong>obscuritas,</strong></span> <span class='ocrx_word' id='word_1_273' title='bbox 3632 2128 3751 2181; x_wconf 78' lang='lat' dir='ltr'><strong>qua:</strong></span> 
     </span>
    </p>
   </div>
   <div class='ocr_carea' id='block_1_22' title="bbox 474 2204 3752 2286">
    <p class='ocr_par' dir='ltr' id='par_1_22' title="bbox 474 2204 3752 2286">
     <span class='ocr_line' id='line_1_22' title="bbox 474 2204 3752 2286; baseline -0.007 -6"><span class='ocrx_word' id='word_1_274' title='bbox 474 2223 687 2280; x_wconf 79' lang='lat' dir='ltr'><strong>nullam</strong></span> <span class='ocrx_word' id='word_1_275' title='bbox 715 2222 878 2277; x_wconf 89' lang='lat' dir='ltr'><strong>hodie</strong></span> <span class='ocrx_word' id='word_1_276' title='bbox 902 2220 986 2276; x_wconf 89' lang='lat' dir='ltr'><strong>vel</strong></span> <span class='ocrx_word' id='word_1_277' title='bbox 1016 2219 1388 2275; x_wconf 88' lang='lat' dir='ltr'><strong>mediocribus</strong></span> <span class='ocrx_word' id='word_1_278' title='bbox 1421 2215 1652 2286; x_wconf 83' lang='lat' dir='ltr'><strong>ingeniis</strong></span> <span class='ocrx_word' id='word_1_279' title='bbox 1682 2212 1992 2268; x_wconf 86' lang='lat' dir='ltr'><strong>molestiam</strong></span> <span class='ocrx_word' id='word_1_280' title='bbox 2025 2209 2273 2266; x_wconf 86' lang='lat' dir='ltr'><strong>facessit.</strong></span> <span class='ocrx_word' id='word_1_281' title='bbox 2324 2210 2572 2278; x_wconf 88' lang='lat' dir='ltr'><strong>Denique</strong></span> <span class='ocrx_word' id='word_1_282' title='bbox 2604 2207 2691 2261; x_wconf 86' lang='lat' dir='ltr'><strong>illa</strong></span> <span class='ocrx_word' id='word_1_283' title='bbox 2719 2222 2828 2276; x_wconf 85' lang='lat' dir='ltr'><strong>qua</strong></span> <span class='ocrx_word' id='word_1_284' title='bbox 2860 2206 2913 2260; x_wconf 90' lang='lat' dir='ltr'><strong>in</strong></span> <span class='ocrx_word' id='word_1_285' title='bbox 2952 2220 3180 2276; x_wconf 85' lang='lat' dir='ltr'><strong>operum</strong></span> <span class='ocrx_word' id='word_1_286' title='bbox 3208 2219 3432 2260; x_wconf 92' lang='lat' dir='ltr'><strong>suorum</strong></span> <span class='ocrx_word' id='word_1_287' title='bbox 3461 2204 3752 2261; x_wconf 87' lang='lat' dir='ltr'><strong>elucubra-</strong></span> 
     </span>
    </p>
   </div>
   <div class='ocr_carea' id='block_1_23' title="bbox 484 2297 3759 2382">
    <p class='ocr_par' dir='ltr' id='par_1_23' title="bbox 484 2297 3759 2382">
     <span class='ocr_line' id='line_1_23' title="bbox 484 2297 3759 2382; baseline -0.007 -9"><span class='ocrx_word' id='word_1_288' title='bbox 484 2317 639 2373; x_wconf 90' lang='lat' dir='ltr'><strong>tione</strong></span> <span class='ocrx_word' id='word_1_289' title='bbox 664 2313 960 2380; x_wconf 78' lang='lat' dir='ltr'><strong>ferebatur,</strong></span> <span class='ocrx_word' id='word_1_290' title='bbox 1011 2312 1301 2382; x_wconf 87' lang='lat' dir='ltr'><strong>rapiditas,</strong></span> <span class='ocrx_word' id='word_1_291' title='bbox 1342 2310 1410 2364; x_wconf 90' lang='lat' dir='ltr'><strong>iis</strong></span> <span class='ocrx_word' id='word_1_292' title='bbox 1451 2310 1611 2364; x_wconf 87' lang='lat' dir='ltr'><strong>rebus</strong></span> <span class='ocrx_word' id='word_1_293' title='bbox 1641 2307 1940 2362; x_wconf 83' lang='lat' dir='ltr'><strong>tractandis</strong></span> <span class='ocrx_word' id='word_1_294' title='bbox 1965 2319 2086 2375; x_wconf 80' lang='lat' dir='ltr'><strong>qu:e</strong></span> <span class='ocrx_word' id='word_1_295' title='bbox 2132 2318 2388 2373; x_wconf 88' lang='lat' dir='ltr'><strong>magnam</strong></span> <span class='ocrx_word' id='word_1_296' title='bbox 2423 2302 2860 2371; x_wconf 76' lang='lat' dir='ltr'><strong>disquisitionem</strong></span> <span class='ocrx_word' id='word_1_297' title='bbox 2888 2308 2945 2355; x_wconf 90' lang='lat' dir='ltr'><strong>et</strong></span> <span class='ocrx_word' id='word_1_298' title='bbox 2969 2299 3286 2354; x_wconf 90' lang='lat' dir='ltr'><strong>diuturnam</strong></span> <span class='ocrx_word' id='word_1_299' title='bbox 3341 2297 3759 2352; x_wconf 86' lang='lat' dir='ltr'><strong>meditationem</strong></span> 
     </span>
    </p>
   </div>
   <div class='ocr_carea' id='block_1_24' title="bbox 481 2390 3761 2477">
    <p class='ocr_par' dir='ltr' id='par_1_24' title="bbox 481 2390 3761 2477">
     <span class='ocr_line' id='line_1_24' title="bbox 481 2390 3761 2477; baseline -0.005 -15"><span class='ocrx_word' id='word_1_300' title='bbox 481 2407 790 2477; x_wconf 82' lang='lat' dir='ltr'><strong>requirunt,</strong></span> <span class='ocrx_word' id='word_1_301' title='bbox 817 2420 941 2461; x_wconf 92' lang='lat' dir='ltr'><strong>eum</strong></span> <span class='ocrx_word' id='word_1_302' title='bbox 967 2405 1186 2475; x_wconf 88' lang='lat' dir='ltr'><strong>penitus</strong></span> <span class='ocrx_word' id='word_1_303' title='bbox 1212 2404 1476 2473; x_wconf 87' lang='lat' dir='ltr'><strong>imparem</strong></span> <span class='ocrx_word' id='word_1_304' title='bbox 1503 2401 1788 2456; x_wconf 87' lang='lat' dir='ltr'><strong>reddebat.</strong></span> <span class='ocrx_word' id='word_1_305' title='bbox 1825 2399 1960 2455; x_wconf 87' lang='lat' dir='ltr'><strong>Cum</strong></span> <span class='ocrx_word' id='word_1_306' title='bbox 2007 2407 2213 2467; x_wconf 88' lang='lat' dir='ltr'><strong>septem</strong></span> <span class='ocrx_word' id='word_1_307' title='bbox 2261 2406 2317 2452; x_wconf 93' lang='lat' dir='ltr'><strong>et</strong></span> <span class='ocrx_word' id='word_1_308' title='bbox 2363 2396 2602 2465; x_wconf 84' lang='lat' dir='ltr'><strong>amplius</strong></span> <span class='ocrx_word' id='word_1_309' title='bbox 2648 2396 2892 2450; x_wconf 85' lang='lat' dir='ltr'><strong>notarios</strong></span> <span class='ocrx_word' id='word_1_310' title='bbox 2941 2395 3135 2449; x_wconf 92' lang='lat' dir='ltr'><strong>diurno</strong></span> <span class='ocrx_word' id='word_1_311' title='bbox 3164 2402 3537 2460; x_wconf 89' lang='lat' dir='ltr'><strong>nocturnoque</strong></span> <span class='ocrx_word' id='word_1_312' title='bbox 3564 2390 3761 2445; x_wconf 87' lang='lat' dir='ltr'><strong>labore</strong></span> 
     </span>
    </p>
   </div>
   <div class='ocr_carea' id='block_1_25' title="bbox 476 2485 3755 2572">
    <p class='ocr_par' dir='ltr' id='par_1_25' title="bbox 476 2485 3755 2572">
     <span class='ocr_line' id='line_1_25' title="bbox 476 2485 3755 2572; baseline -0.006 -13"><span class='ocrx_word' id='word_1_313' title='bbox 476 2503 793 2567; x_wconf 85' lang='lat' dir='ltr'><strong>distineret,</strong></span> <span class='ocrx_word' id='word_1_314' title='bbox 824 2508 1077 2572; x_wconf 90' lang='lat' dir='ltr'><strong>paratam</strong></span> <span class='ocrx_word' id='word_1_315' title='bbox 1112 2514 1332 2569; x_wconf 85' lang='lat' dir='ltr'><strong>semper</strong></span> <span class='ocrx_word' id='word_1_316' title='bbox 1364 2498 1567 2553; x_wconf 90' lang='lat' dir='ltr'><strong>habere</strong></span> <span class='ocrx_word' id='word_1_317' title='bbox 1598 2496 1788 2551; x_wconf 88' lang='lat' dir='ltr'><strong>debuit</strong></span> <span class='ocrx_word' id='word_1_318' title='bbox 1840 2494 2152 2560; x_wconf 88' lang='lat' dir='ltr'><strong>materiam,</strong></span> <span class='ocrx_word' id='word_1_319' title='bbox 2188 2508 2353 2564; x_wconf 86' lang='lat' dir='ltr'><strong>quam</strong></span> <span class='ocrx_word' id='word_1_320' title='bbox 2390 2501 2469 2547; x_wconf 86' lang='lat' dir='ltr'><strong>tot</strong></span> <span class='ocrx_word' id='word_1_321' title='bbox 2512 2491 2694 2561; x_wconf 88' lang='lat' dir='ltr'><strong>operis</strong></span> <span class='ocrx_word' id='word_1_322' title='bbox 2735 2489 3111 2546; x_wconf 90' lang='lat' dir='ltr'><strong>distribueret.</strong></span> <span class='ocrx_word' id='word_1_323' title='bbox 3139 2488 3333 2543; x_wconf 83' lang='lat' dir='ltr'><strong>Melius</strong></span> <span class='ocrx_word' id='word_1_324' title='bbox 3364 2502 3494 2556; x_wconf 82' lang='lat' dir='ltr'><strong>ergo</strong></span> <span class='ocrx_word' id='word_1_325' title='bbox 3526 2488 3581 2540; x_wconf 92' lang='lat' dir='ltr'><strong>in</strong></span> <span class='ocrx_word' id='word_1_326' title='bbox 3614 2485 3755 2540; x_wconf 88' lang='lat' dir='ltr'><strong>alle-</strong></span> 
     </span>
    </p>
   </div>
   <div class='ocr_carea' id='block_1_26' title="bbox 468 2572 3760 2671">
    <p class='ocr_par' dir='ltr' id='par_1_26' title="bbox 468 2572 3760 2671">
     <span class='ocr_line' id='line_1_26' title="bbox 468 2572 3760 2671; baseline -0.005 -19"><span class='ocrx_word' id='word_1_327' title='bbox 468 2597 664 2671; x_wconf 64' lang='lat' dir='ltr'><strong>sorica</strong></span> <span class='ocrx_word' id='word_1_328' title='bbox 696 2611 860 2666; x_wconf 86' lang='lat' dir='ltr'><strong>quam</strong></span> <span class='ocrx_word' id='word_1_329' title='bbox 893 2596 948 2650; x_wconf 89' lang='lat' dir='ltr'><strong>in</strong></span> <span class='ocrx_word' id='word_1_330' title='bbox 984 2593 1204 2650; x_wconf 89' lang='lat' dir='ltr'><strong>litterali</strong></span> <span class='ocrx_word' id='word_1_331' title='bbox 1238 2593 1647 2662; x_wconf 89' lang='lat' dir='ltr'><strong>Scripturarum</strong></span> <span class='ocrx_word' id='word_1_332' title='bbox 1696 2590 2044 2660; x_wconf 83' lang='lat' dir='ltr'><strong>expositione</strong></span> <span class='ocrx_word' id='word_1_333' title='bbox 2077 2604 2193 2644; x_wconf 90' lang='lat' dir='ltr'><strong>rem</strong></span> <span class='ocrx_word' id='word_1_334' title='bbox 2240 2603 2394 2643; x_wconf 87' lang='lat' dir='ltr'><strong>suam</strong></span> <span class='ocrx_word' id='word_1_335' title='bbox 2437 2586 2545 2643; x_wconf 90' lang='lat' dir='ltr'><strong>sibi</strong></span> <span class='ocrx_word' id='word_1_336' title='bbox 2588 2584 2769 2640; x_wconf 89' lang='lat' dir='ltr'><strong>facere</strong></span> <span class='ocrx_word' id='word_1_337' title='bbox 2800 2585 3111 2648; x_wconf 85' lang='lat' dir='ltr'><strong>videbatur,</strong></span> <span class='ocrx_word' id='word_1_338' title='bbox 3141 2583 3341 2654; x_wconf 91' lang='lat' dir='ltr'><strong>quippe</strong></span> <span class='ocrx_word' id='word_1_339' title='bbox 3391 2580 3482 2637; x_wconf 89' lang='lat' dir='ltr'><strong>cui</strong></span> <span class='ocrx_word' id='word_1_340' title='bbox 3518 2572 3760 2637; x_wconf 81' lang='lat' dir='ltr'><strong>fecunda</strong></span> 
     </span>
    </p>
   </div>
   <div class='ocr_carea' id='block_1_27' title="bbox 480 2675 3760 2762">
    <p class='ocr_par' dir='ltr' id='par_1_27' title="bbox 480 2675 3760 2762">
     <span class='ocr_line' id='line_1_27' title="bbox 480 2675 3760 2762; baseline -0.005 -15"><span class='ocrx_word' id='word_1_341' title='bbox 480 2691 814 2762; x_wconf 82' lang='lat' dir='ltr'><strong>imaginandi</strong></span> <span class='ocrx_word' id='word_1_342' title='bbox 847 2689 932 2744; x_wconf 89' lang='lat' dir='ltr'><strong>vis</strong></span> <span class='ocrx_word' id='word_1_343' title='bbox 957 2689 1226 2760; x_wconf 81' lang='lat' dir='ltr'><strong>mysticus</strong></span> <span class='ocrx_word' id='word_1_344' title='bbox 1252 2703 1449 2743; x_wconf 86' lang='lat' dir='ltr'><strong>sensus</strong></span> <span class='ocrx_word' id='word_1_345' title='bbox 1474 2702 1691 2756; x_wconf 89' lang='lat' dir='ltr'><strong>semper</strong></span> <span class='ocrx_word' id='word_1_346' title='bbox 1722 2687 1790 2742; x_wconf 92' lang='lat' dir='ltr'><strong>ad</strong></span> <span class='ocrx_word' id='word_1_347' title='bbox 1821 2685 2111 2740; x_wconf 87' lang='lat' dir='ltr'><strong>arbitrium</strong></span> <span class='ocrx_word' id='word_1_348' title='bbox 2151 2682 2438 2740; x_wconf 68' lang='lat' dir='ltr'><strong>offerebat.</strong></span> <span class='ocrx_word' id='word_1_349' title='bbox 2466 2680 2794 2737; x_wconf 90' lang='lat' dir='ltr'><strong>Econtrario</strong></span> <span class='ocrx_word' id='word_1_350' title='bbox 2818 2680 3038 2736; x_wconf 88' lang='lat' dir='ltr'><strong>taedium</strong></span> <span class='ocrx_word' id='word_1_351' title='bbox 3075 2694 3139 2735; x_wconf 87' lang='lat' dir='ltr'><strong>ac</strong></span> <span class='ocrx_word' id='word_1_352' title='bbox 3172 2678 3445 2734; x_wconf 89' lang='lat' dir='ltr'><strong>fastidium</strong></span> <span class='ocrx_word' id='word_1_353' title='bbox 3482 2676 3532 2731; x_wconf 88' lang='lat' dir='ltr'><strong>ei</strong></span> <span class='ocrx_word' id='word_1_354' title='bbox 3573 2675 3760 2747; x_wconf 92' lang='lat' dir='ltr'><strong>parie-</strong></span> 
     </span>
    </p>
   </div>
   <div class='ocr_carea' id='block_1_28' title="bbox 483 2766 3760 2853">
    <p class='ocr_par' dir='ltr' id='par_1_28' title="bbox 483 2766 3760 2853">
     <span class='ocr_line' id='line_1_28' title="bbox 483 2766 3760 2853; baseline -0.005 -13"><span class='ocrx_word' id='word_1_355' title='bbox 483 2785 578 2840; x_wconf 88' lang='lat' dir='ltr'><strong>bat</strong></span> <span class='ocrx_word' id='word_1_356' title='bbox 602 2785 689 2841; x_wconf 86' lang='lat' dir='ltr'><strong>vel</strong></span> <span class='ocrx_word' id='word_1_357' title='bbox 720 2785 945 2840; x_wconf 90' lang='lat' dir='ltr'><strong>minima</strong></span> <span class='ocrx_word' id='word_1_358' title='bbox 974 2785 1170 2839; x_wconf 69' lang='lat' dir='ltr'><strong>litterae</strong></span> <span class='ocrx_word' id='word_1_359' title='bbox 1193 2783 1506 2849; x_wconf 82' lang='lat' dir='ltr'><strong>diiiicultas,</strong></span> <span class='ocrx_word' id='word_1_360' title='bbox 1533 2797 1774 2853; x_wconf 88' lang='lat' dir='ltr'><strong>cumque</strong></span> <span class='ocrx_word' id='word_1_361' title='bbox 1802 2793 2045 2853; x_wconf 87' lang='lat' dir='ltr'><strong>tempore</strong></span> <span class='ocrx_word' id='word_1_362' title='bbox 2068 2766 2168 2837; x_wconf 66' lang='lat' dir='ltr'><strong>suo</strong></span> <span class='ocrx_word' id='word_1_363' title='bbox 2191 2781 2267 2839; x_wconf 88' lang='lat' dir='ltr'><strong>uti</strong></span> <span class='ocrx_word' id='word_1_364' title='bbox 2294 2795 2390 2851; x_wconf 93' lang='lat' dir='ltr'><strong>pro</strong></span> <span class='ocrx_word' id='word_1_365' title='bbox 2412 2778 2638 2834; x_wconf 89' lang='lat' dir='ltr'><strong>arbitrio</strong></span> <span class='ocrx_word' id='word_1_366' title='bbox 2673 2778 2723 2833; x_wconf 92' lang='lat' dir='ltr'><strong>ei</strong></span> <span class='ocrx_word' id='word_1_367' title='bbox 2762 2792 2867 2832; x_wconf 91' lang='lat' dir='ltr'><strong>non</strong></span> <span class='ocrx_word' id='word_1_368' title='bbox 2891 2777 3103 2841; x_wconf 88' lang='lat' dir='ltr'><strong>liceret,</strong></span> <span class='ocrx_word' id='word_1_369' title='bbox 3137 2774 3242 2830; x_wconf 89' lang='lat' dir='ltr'><strong>illis</strong></span> <span class='ocrx_word' id='word_1_370' title='bbox 3266 2776 3380 2829; x_wconf 89' lang='lat' dir='ltr'><strong>fere</strong></span> <span class='ocrx_word' id='word_1_371' title='bbox 3402 2781 3522 2828; x_wconf 90' lang='lat' dir='ltr'><strong>erat</strong></span> <span class='ocrx_word' id='word_1_372' title='bbox 3560 2771 3760 2828; x_wconf 88' lang='lat' dir='ltr'><strong>similis</strong></span> 
     </span>
    </p>
   </div>
   <div class='ocr_carea' id='block_1_29' title="bbox 483 2863 3761 2946">
    <p class='ocr_par' dir='ltr' id='par_1_29' title="bbox 483 2863 3761 2946">
     <span class='ocr_line' id='line_1_29' title="bbox 483 2863 3761 2946; baseline -0.003 -17"><span class='ocrx_word' id='word_1_373' title='bbox 483 2876 754 2946; x_wconf 88' lang='lat' dir='ltr'><strong>operariis</strong></span> <span class='ocrx_word' id='word_1_374' title='bbox 787 2876 879 2945; x_wconf 92' lang='lat' dir='ltr'><strong>qui</strong></span> <span class='ocrx_word' id='word_1_375' title='bbox 907 2870 1045 2944; x_wconf 85' lang='lat' dir='ltr'><strong>opus</strong></span> <span class='ocrx_word' id='word_1_376' title='bbox 1070 2875 1291 2945; x_wconf 89' lang='lat' dir='ltr'><strong>aliquod</strong></span> <span class='ocrx_word' id='word_1_377' title='bbox 1316 2874 1631 2931; x_wconf 88' lang='lat' dir='ltr'><strong>faciendum</strong></span> <span class='ocrx_word' id='word_1_378' title='bbox 1660 2875 1956 2943; x_wconf 89' lang='lat' dir='ltr'><strong>redimunt,</strong></span> <span class='ocrx_word' id='word_1_379' title='bbox 1995 2885 2050 2929; x_wconf 91' lang='lat' dir='ltr'><strong>et</strong></span> <span class='ocrx_word' id='word_1_380' title='bbox 2078 2889 2192 2945; x_wconf 71' lang='lat' dir='ltr'><strong>pra:</strong></span> <span class='ocrx_word' id='word_1_381' title='bbox 2220 2874 2390 2929; x_wconf 88' lang='lat' dir='ltr'><strong>nimia</strong></span> <span class='ocrx_word' id='word_1_382' title='bbox 2414 2886 2522 2942; x_wconf 90' lang='lat' dir='ltr'><strong>qua</strong></span> <span class='ocrx_word' id='word_1_383' title='bbox 2550 2871 2701 2942; x_wconf 88' lang='lat' dir='ltr'><strong>operi</strong></span> <span class='ocrx_word' id='word_1_384' title='bbox 2751 2871 3069 2927; x_wconf 85' lang='lat' dir='ltr'><strong>incumbunt</strong></span> <span class='ocrx_word' id='word_1_385' title='bbox 3111 2867 3408 2934; x_wconf 80' lang='lat' dir='ltr'><strong>celeritate,</strong></span> <span class='ocrx_word' id='word_1_386' title='bbox 3441 2866 3556 2923; x_wconf 90' lang='lat' dir='ltr'><strong>fere</strong></span> <span class='ocrx_word' id='word_1_387' title='bbox 3621 2863 3761 2922; x_wconf 81' lang='lat' dir='ltr'><strong>nihil</strong></span> 
     </span>
    </p>
   </div>
   <div class='ocr_carea' id='block_1_30' title="bbox 483 2967 1196 3037">
    <p class='ocr_par' dir='ltr' id='par_1_30' title="bbox 483 2967 1196 3037">
     <span class='ocr_line' id='line_1_30' title="bbox 483 2967 1196 3037; baseline -0.001 -14"><span class='ocrx_word' id='word_1_388' title='bbox 483 2967 611 3023; x_wconf 88' lang='lat' dir='ltr'><strong>boni</strong></span> <span class='ocrx_word' id='word_1_389' title='bbox 638 2982 801 3037; x_wconf 88' lang='lat' dir='ltr'><strong>agere</strong></span> <span class='ocrx_word' id='word_1_390' title='bbox 824 2969 1196 3037; x_wconf 85' lang='lat' dir='ltr'><strong>reperiuntur.</strong></span> 
     </span>
    </p>
   </div>
   <div class='ocr_carea' id='block_1_31' title="bbox 553 3081 3757 3158">
    <p class='ocr_par' dir='ltr' id='par_1_31' title="bbox 553 3081 3757 3158">
     <span class='ocr_line' id='line_1_31' title="bbox 553 3081 3757 3158; baseline -0.001 -20"><span class='ocrx_word' id='word_1_391' title='bbox 553 3081 691 3138; x_wconf 74' lang='lat' dir='ltr'><strong>Vill.</strong></span> <span class='ocrx_word' id='word_1_392' title='bbox 724 3101 745 3136; x_wconf 75' lang='lat' dir='ltr'><strong>r</strong></span> <span class='ocrx_word' id='word_1_393' title='bbox 781 3083 1073 3155; x_wconf 77' lang='lat' dir='ltr'><strong>Allegoriis</strong></span> <span class='ocrx_word' id='word_1_394' title='bbox 1101 3085 1263 3140; x_wconf 91' lang='lat' dir='ltr'><strong>nimis</strong></span> <span class='ocrx_word' id='word_1_395' title='bbox 1303 3084 1597 3142; x_wconf 90' lang='lat' dir='ltr'><strong>indulsisse</strong></span> <span class='ocrx_word' id='word_1_396' title='bbox 1624 3085 1918 3157; x_wconf 90' lang='lat' dir='ltr'><strong>Origenem</strong></span> <span class='ocrx_word' id='word_1_397' title='bbox 1952 3086 2146 3143; x_wconf 89' lang='lat' dir='ltr'><strong>Patres</strong></span> <span class='ocrx_word' id='word_1_398' title='bbox 2185 3087 2448 3154; x_wconf 89' lang='lat' dir='ltr'><strong>clamant,</strong></span> <span class='ocrx_word' id='word_1_399' title='bbox 2489 3106 2509 3140; x_wconf 77' lang='grc' dir='ltr'><strong><em>ι</em></strong></span> <span class='ocrx_word' id='word_1_400' title='bbox 2544 3087 2722 3158; x_wconf 86' lang='lat' dir='ltr'><strong>inquit</strong></span> <span class='ocrx_word' id='word_1_401' title='bbox 2750 3085 2977 3142; x_wconf 85' lang='lat' dir='ltr'><strong>Huetius</strong></span> <span class='ocrx_word' id='word_1_402' title='bbox 3007 3084 3319 3156; x_wconf 84' lang='lat' dir='ltr'><strong>Origenian.</strong></span> <span class='ocrx_word' id='word_1_403' title='bbox 3349 3083 3442 3138; x_wconf 89' lang='lat' dir='ltr'><strong>lio.</strong></span> <span class='ocrx_word' id='word_1_404' title='bbox 3470 3096 3537 3146; x_wconf 84' lang='grc' dir='ltr'><strong>ιι,</strong></span> <span class='ocrx_word' id='word_1_405' title='bbox 3556 3084 3757 3151; x_wconf 68' lang='lat' dir='ltr'><strong>quaest.</strong></span> 
     </span>
    </p>
   </div>
   <div class='ocr_carea' id='block_1_32' title="bbox 484 3178 3759 3251">
    <p class='ocr_par' dir='ltr' id='par_1_32' title="bbox 484 3178 3759 3251">
     <span class='ocr_line' id='line_1_32' title="bbox 484 3178 3759 3251; baseline -0.001 -17"><span class='ocrx_word' id='word_1_406' title='bbox 484 3178 576 3245; x_wconf 73' lang='lat' dir='ltr'><strong>I5,</strong></span> <span class='ocrx_word' id='word_1_407' title='bbox 601 3188 657 3234; x_wconf 92' lang='lat' dir='ltr'><strong>et</strong></span> <span class='ocrx_word' id='word_1_408' title='bbox 690 3194 712 3230; x_wconf 72' lang='grc' dir='ltr'><strong><em>ι</em></strong></span> <span class='ocrx_word' id='word_1_409' title='bbox 754 3192 898 3248; x_wconf 68' lang='lat' dir='ltr'><strong>saepe</strong></span> <span class='ocrx_word' id='word_1_410' title='bbox 928 3180 1254 3234; x_wconf 88' lang='lat' dir='ltr'><strong>historicum</strong></span> <span class='ocrx_word' id='word_1_411' title='bbox 1285 3195 1507 3235; x_wconf 90' lang='lat' dir='ltr'><strong>sensum</strong></span> <span class='ocrx_word' id='word_1_412' title='bbox 1554 3181 1981 3251; x_wconf 90' lang='lat' dir='ltr'><strong>proculcandum</strong></span> <span class='ocrx_word' id='word_1_413' title='bbox 2039 3198 2105 3237; x_wconf 88' lang='lat' dir='ltr'><strong>ac</strong></span> <span class='ocrx_word' id='word_1_414' title='bbox 2152 3184 2613 3239; x_wconf 89' lang='lat' dir='ltr'><strong>contemnendum</strong></span> <span class='ocrx_word' id='word_1_415' title='bbox 2646 3184 2827 3247; x_wconf 88' lang='lat' dir='ltr'><strong>docet,</strong></span> <span class='ocrx_word' id='word_1_416' title='bbox 2864 3200 2883 3235; x_wconf 70' lang='grc' dir='ltr'><strong><em>ι</em></strong></span> <span class='ocrx_word' id='word_1_417' title='bbox 2932 3182 3139 3236; x_wconf 87' lang='lat' dir='ltr'><strong>fatente</strong></span> <span class='ocrx_word' id='word_1_418' title='bbox 3185 3182 3377 3236; x_wconf 91' lang='lat' dir='ltr'><strong>eodem</strong></span> <span class='ocrx_word' id='word_1_419' title='bbox 3435 3178 3759 3235; x_wconf 89' lang='lat' dir='ltr'><strong>doctissimo</strong></span> 
     </span>
    </p>
   </div>
   <div class='ocr_carea' id='block_1_33' title="bbox 482 3272 3758 3345">
    <p class='ocr_par' dir='ltr' id='par_1_33' title="bbox 482 3272 3758 3345">
     <span class='ocr_line' id='line_1_33' title="bbox 482 3272 3758 3345; baseline -0.002 -17"><span class='ocrx_word' id='word_1_420' title='bbox 482 3272 738 3345; x_wconf 71' lang='lat' dir='ltr'><strong>prtesule,</strong></span> <span class='ocrx_word' id='word_1_421' title='bbox 772 3272 863 3342; x_wconf 88' lang='lat' dir='ltr'><strong>qui</strong></span> <span class='ocrx_word' id='word_1_422' title='bbox 933 3283 982 3326; x_wconf 89' lang='lat' dir='ltr'><strong>et</strong></span> <span class='ocrx_word' id='word_1_423' title='bbox 1049 3272 1192 3327; x_wconf 88' lang='lat' dir='ltr'><strong>istud</strong></span> <span class='ocrx_word' id='word_1_424' title='bbox 1233 3272 1426 3343; x_wconf 88' lang='lat' dir='ltr'><strong>probat</strong></span> <span class='ocrx_word' id='word_1_425' title='bbox 1455 3275 1646 3330; x_wconf 89' lang='lat' dir='ltr'><strong>iisdem</strong></span> <span class='ocrx_word' id='word_1_426' title='bbox 1681 3276 1879 3343; x_wconf 90' lang='lat' dir='ltr'><strong>quibus</strong></span> <span class='ocrx_word' id='word_1_427' title='bbox 1903 3291 2004 3330; x_wconf 90' lang='lat' dir='ltr'><strong>nos</strong></span> <span class='ocrx_word' id='word_1_428' title='bbox 2033 3286 2191 3331; x_wconf 88' lang='lat' dir='ltr'><strong>antea</strong></span> <span class='ocrx_word' id='word_1_429' title='bbox 2216 3277 2298 3331; x_wconf 93' lang='lat' dir='ltr'><strong>usi</strong></span> <span class='ocrx_word' id='word_1_430' title='bbox 2329 3290 2537 3342; x_wconf 89' lang='lat' dir='ltr'><strong>sumus,</strong></span> <span class='ocrx_word' id='word_1_431' title='bbox 2569 3274 2716 3330; x_wconf 92' lang='lat' dir='ltr'><strong>illius</strong></span> <span class='ocrx_word' id='word_1_432' title='bbox 2743 3275 3090 3330; x_wconf 90' lang='lat' dir='ltr'><strong>testimoniis.</strong></span> <span class='ocrx_word' id='word_1_433' title='bbox 3128 3273 3264 3340; x_wconf 82' lang='lat' dir='ltr'><strong>Quis</strong></span> <span class='ocrx_word' id='word_1_434' title='bbox 3298 3272 3424 3328; x_wconf 86' lang='lat' dir='ltr'><strong>inde</strong></span> <span class='ocrx_word' id='word_1_435' title='bbox 3474 3286 3583 3325; x_wconf 91' lang='lat' dir='ltr'><strong>non</strong></span> <span class='ocrx_word' id='word_1_436' title='bbox 3632 3283 3758 3338; x_wconf 79' lang='lat' dir='ltr'><strong>spe-</strong></span> 
     </span>
    </p>
   </div>
   <div class='ocr_carea' id='block_1_34' title="bbox 483 3362 3764 3437">
    <p class='ocr_par' dir='ltr' id='par_1_34' title="bbox 483 3362 3764 3437">
     <span class='ocr_line' id='line_1_34' title="bbox 483 3362 3764 3437; baseline 0 -17"><span class='ocrx_word' id='word_1_437' title='bbox 483 3374 662 3420; x_wconf 82' lang='lat' dir='ltr'><strong>rasset</strong></span> <span class='ocrx_word' id='word_1_438' title='bbox 712 3362 852 3430; x_wconf 81' lang='lat' dir='ltr'><strong>fore,</strong></span> <span class='ocrx_word' id='word_1_439' title='bbox 897 3373 955 3419; x_wconf 92' lang='lat' dir='ltr'><strong>ut</strong></span> <span class='ocrx_word' id='word_1_440' title='bbox 1009 3364 1339 3419; x_wconf 87' lang='lat' dir='ltr'><strong>sententiam</strong></span> <span class='ocrx_word' id='word_1_441' title='bbox 1386 3367 1438 3420; x_wconf 93' lang='lat' dir='ltr'><strong>in</strong></span> <span class='ocrx_word' id='word_1_442' title='bbox 1492 3364 1783 3436; x_wconf 87' lang='lat' dir='ltr'><strong>Origenem</strong></span> <span class='ocrx_word' id='word_1_443' title='bbox 1815 3368 2021 3424; x_wconf 86' lang='lat' dir='ltr'><strong>ferret?</strong></span> <span class='ocrx_word' id='word_1_444' title='bbox 2063 3368 2197 3423; x_wconf 84' lang='lat' dir='ltr'><strong>Eum</strong></span> <span class='ocrx_word' id='word_1_445' title='bbox 2232 3378 2413 3424; x_wconf 88' lang='lat' dir='ltr'><strong>tamen</strong></span> <span class='ocrx_word' id='word_1_446' title='bbox 2466 3370 2571 3424; x_wconf 89' lang='lat' dir='ltr'><strong>hoc</strong></span> <span class='ocrx_word' id='word_1_447' title='bbox 2616 3369 2840 3424; x_wconf 86' lang='lat' dir='ltr'><strong>nomine</strong></span> <span class='ocrx_word' id='word_1_448' title='bbox 2869 3368 3132 3431; x_wconf 84' lang='lat' dir='ltr'><strong>defendit,</strong></span> <span class='ocrx_word' id='word_1_449' title='bbox 3184 3368 3327 3437; x_wconf 91' lang='lat' dir='ltr'><strong>quod</strong></span> <span class='ocrx_word' id='word_1_450' title='bbox 3365 3386 3385 3418; x_wconf 89' lang='grc'><strong>‹</strong></span> <span class='ocrx_word' id='word_1_451' title='bbox 3435 3364 3764 3420; x_wconf 85' lang='lat' dir='ltr'><strong>accuratius</strong></span> 
     </span>
    </p>
   </div>
   <div class='ocr_carea' id='block_1_35' title="bbox 483 3457 3759 3531">
    <p class='ocr_par' dir='ltr' id='par_1_35' title="bbox 483 3457 3759 3531">
     <span class='ocr_line' id='line_1_35' title="bbox 483 3457 3759 3531; baseline -0.001 -17"><span class='ocrx_word' id='word_1_452' title='bbox 483 3458 688 3528; x_wconf 85' lang='lat' dir='ltr'><strong>scripta</strong></span> <span class='ocrx_word' id='word_1_453' title='bbox 713 3458 831 3527; x_wconf 89' lang='lat' dir='ltr'><strong>ejus</strong></span> <span class='ocrx_word' id='word_1_454' title='bbox 860 3458 1134 3512; x_wconf 80' lang='lat' dir='ltr'><strong>evolventi</strong></span> <span class='ocrx_word' id='word_1_455' title='bbox 1159 3457 1328 3511; x_wconf 92' lang='lat' dir='ltr'><strong>multa</strong></span> <span class='ocrx_word' id='word_1_456' title='bbox 1356 3471 1677 3525; x_wconf 89' lang='lat' dir='ltr'><strong>occurrant,</strong></span> <span class='ocrx_word' id='word_1_457' title='bbox 1710 3461 1763 3515; x_wconf 93' lang='lat' dir='ltr'><strong>in</strong></span> <span class='ocrx_word' id='word_1_458' title='bbox 1796 3461 1993 3531; x_wconf 89' lang='lat' dir='ltr'><strong>quibus</strong></span> <span class='ocrx_word' id='word_1_459' title='bbox 2029 3476 2183 3516; x_wconf 91' lang='lat' dir='ltr'><strong>suam</strong></span> <span class='ocrx_word' id='word_1_460' title='bbox 2217 3460 2418 3515; x_wconf 69' lang='lat' dir='ltr'><strong>litterae</strong></span> <span class='ocrx_word' id='word_1_461' title='bbox 2449 3460 2767 3531; x_wconf 85' lang='lat' dir='ltr'><strong>dignitatem</strong></span> <span class='ocrx_word' id='word_1_462' title='bbox 2809 3470 3012 3525; x_wconf 83' lang='lat' dir='ltr'><strong>servat,</strong></span> <span class='ocrx_word' id='word_1_463' title='bbox 3040 3471 3095 3514; x_wconf 89' lang='lat' dir='ltr'><strong>et</strong></span> <span class='ocrx_word' id='word_1_464' title='bbox 3126 3461 3193 3514; x_wconf 89' lang='lat' dir='ltr'><strong>de</strong></span> <span class='ocrx_word' id='word_1_465' title='bbox 3221 3473 3282 3513; x_wconf 90' lang='lat' dir='ltr'><strong>ea</strong></span> <span class='ocrx_word' id='word_1_466' title='bbox 3317 3473 3470 3527; x_wconf 68' lang='lat' dir='ltr'><strong>aequa</strong></span> <span class='ocrx_word' id='word_1_467' title='bbox 3498 3473 3565 3510; x_wconf 86' lang='lat' dir='ltr'><strong>ac</strong></span> <span class='ocrx_word' id='word_1_468' title='bbox 3605 3465 3759 3511; x_wconf 84' lang='lat' dir='ltr'><strong>recta</strong></span> 
     </span>
    </p>
   </div>
   <div class='ocr_carea' id='block_1_36' title="bbox 480 3549 3760 3626">
    <p class='ocr_par' dir='ltr' id='par_1_36' title="bbox 480 3549 3760 3626">
     <span class='ocr_line' id='line_1_36' title="bbox 480 3549 3760 3626; baseline -0.001 -19"><span class='ocrx_word' id='word_1_469' title='bbox 480 3549 716 3607; x_wconf 87' lang='lat' dir='ltr'><strong>scribit:</strong></span> <span class='ocrx_word' id='word_1_470' title='bbox 755 3549 1081 3605; x_wconf 87' lang='lat' dir='ltr'><strong>historicum</strong></span> <span class='ocrx_word' id='word_1_471' title='bbox 1112 3550 1164 3604; x_wconf 91' lang='lat' dir='ltr'><strong>in</strong></span> <span class='ocrx_word' id='word_1_472' title='bbox 1199 3551 1479 3621; x_wconf 87' lang='lat' dir='ltr'><strong>aliquibus</strong></span> <span class='ocrx_word' id='word_1_473' title='bbox 1499 3553 1793 3609; x_wconf 87' lang='lat' dir='ltr'><strong>admittens</strong></span> <span class='ocrx_word' id='word_1_474' title='bbox 1825 3570 2070 3622; x_wconf 90' lang='lat' dir='ltr'><strong>sensum,</strong></span> <span class='ocrx_word' id='word_1_475' title='bbox 2100 3555 2453 3625; x_wconf 79' lang='lat' dir='ltr'><strong>allegoricum</strong></span> <span class='ocrx_word' id='word_1_476' title='bbox 2484 3557 2538 3610; x_wconf 89' lang='lat' dir='ltr'><strong>in</strong></span> <span class='ocrx_word' id='word_1_477' title='bbox 2575 3556 2844 3626; x_wconf 92' lang='lat' dir='ltr'><strong>pluribus,</strong></span> <span class='ocrx_word' id='word_1_478' title='bbox 2880 3555 2933 3609; x_wconf 90' lang='lat' dir='ltr'><strong>in</strong></span> <span class='ocrx_word' id='word_1_479' title='bbox 2967 3555 3152 3609; x_wconf 91' lang='lat' dir='ltr'><strong>multis</strong></span> <span class='ocrx_word' id='word_1_480' title='bbox 3185 3565 3493 3623; x_wconf 90' lang='lat' dir='ltr'><strong>utrumque.</strong></span> <span class='ocrx_word' id='word_1_481' title='bbox 3538 3573 3557 3604; x_wconf 77' lang='grc' dir='ltr'><strong><em>ι</em></strong></span> <span class='ocrx_word' id='word_1_482' title='bbox 3591 3552 3760 3617; x_wconf 77' lang='lat' dir='ltr'><strong>Qua:-</strong></span> 
     </span>
    </p>
   </div>
   <div class='ocr_carea' id='block_1_37' title="bbox 483 3646 3761 3723">
    <p class='ocr_par' dir='ltr' id='par_1_37' title="bbox 483 3646 3761 3723">
     <span class='ocr_line' id='line_1_37' title="bbox 483 3646 3761 3723; baseline 0 -24"><span class='ocrx_word' id='word_1_483' title='bbox 483 3660 610 3699; x_wconf 88' lang='lat' dir='ltr'><strong>nam</strong></span> <span class='ocrx_word' id='word_1_484' title='bbox 639 3646 713 3702; x_wconf 91' lang='lat' dir='ltr'><strong>sit</strong></span> <span class='ocrx_word' id='word_1_485' title='bbox 741 3646 906 3717; x_wconf 90' lang='lat' dir='ltr'><strong>hujus</strong></span> <span class='ocrx_word' id='word_1_486' title='bbox 928 3646 1261 3702; x_wconf 82' lang='lat' dir='ltr'><strong>defensionis</strong></span> <span class='ocrx_word' id='word_1_487' title='bbox 1295 3650 1378 3703; x_wconf 92' lang='lat' dir='ltr'><strong>vis</strong></span> <span class='ocrx_word' id='word_1_488' title='bbox 1418 3665 1524 3705; x_wconf 91' lang='lat' dir='ltr'><strong>non</strong></span> <span class='ocrx_word' id='word_1_489' title='bbox 1557 3651 1956 3720; x_wconf 90' lang='lat' dir='ltr'><strong>persentiscere</strong></span> <span class='ocrx_word' id='word_1_490' title='bbox 2003 3668 2091 3708; x_wconf 89' lang='lat' dir='ltr'><strong>me</strong></span> <span class='ocrx_word' id='word_1_491' title='bbox 2140 3653 2331 3708; x_wconf 86' lang='lat' dir='ltr'><strong>fateor.</strong></span> <span class='ocrx_word' id='word_1_492' title='bbox 2382 3651 2522 3720; x_wconf 86' lang='lat' dir='ltr'><strong>Quid</strong></span> <span class='ocrx_word' id='word_1_493' title='bbox 2566 3666 2698 3723; x_wconf 85' lang='lat' dir='ltr'><strong>ergo</strong></span> <span class='ocrx_word' id='word_1_494' title='bbox 2742 3659 3025 3720; x_wconf 88' lang='lat' dir='ltr'><strong>propterea</strong></span> <span class='ocrx_word' id='word_1_495' title='bbox 3051 3650 3195 3718; x_wconf 90' lang='lat' dir='ltr'><strong>quod</strong></span> <span class='ocrx_word' id='word_1_496' title='bbox 3229 3649 3473 3702; x_wconf 90' lang='lat' dir='ltr'><strong>litteram</strong></span> <span class='ocrx_word' id='word_1_497' title='bbox 3551 3647 3761 3713; x_wconf 88' lang='lat' dir='ltr'><strong>ubique</strong></span> 
     </span>
    </p>
   </div>
   <div class='ocr_carea' id='block_1_38' title="bbox 481 3734 3755 3815">
    <p class='ocr_par' dir='ltr' id='par_1_38' title="bbox 481 3734 3755 3815">
     <span class='ocr_line' id='line_1_38' title="bbox 481 3734 3755 3815; baseline 0.001 -26"><span class='ocrx_word' id='word_1_498' title='bbox 481 3734 708 3805; x_wconf 78' lang='lat' dir='ltr'><strong>falsam,</strong></span> <span class='ocrx_word' id='word_1_499' title='bbox 729 3740 935 3810; x_wconf 87' lang='lat' dir='ltr'><strong>ubique</strong></span> <span class='ocrx_word' id='word_1_500' title='bbox 965 3755 995 3794; x_wconf 89' lang='lat' dir='ltr'><strong>a</strong></span> <span class='ocrx_word' id='word_1_501' title='bbox 1022 3743 1238 3795; x_wconf 89' lang='lat' dir='ltr'><strong>ratione</strong></span> <span class='ocrx_word' id='word_1_502' title='bbox 1265 3741 1520 3809; x_wconf 86' lang='lat' dir='ltr'><strong>alienam,</strong></span> <span class='ocrx_word' id='word_1_503' title='bbox 1562 3743 1764 3812; x_wconf 85' lang='lat' dir='ltr'><strong>ubique</strong></span> <span class='ocrx_word' id='word_1_504' title='bbox 1796 3744 1906 3799; x_wconf 91' lang='lat' dir='ltr'><strong>Deo</strong></span> <span class='ocrx_word' id='word_1_505' title='bbox 1935 3744 2212 3815; x_wconf 83' lang='lat' dir='ltr'><strong>indignam</strong></span> <span class='ocrx_word' id='word_1_506' title='bbox 2240 3760 2365 3800; x_wconf 90' lang='lat' dir='ltr'><strong>esse</strong></span> <span class='ocrx_word' id='word_1_507' title='bbox 2390 3760 2497 3800; x_wconf 92' lang='lat' dir='ltr'><strong>non</strong></span> <span class='ocrx_word' id='word_1_508' title='bbox 2527 3745 2735 3809; x_wconf 92' lang='lat' dir='ltr'><strong>docuit,</strong></span> <span class='ocrx_word' id='word_1_509' title='bbox 2762 3744 2816 3798; x_wconf 89' lang='lat' dir='ltr'><strong>id</strong></span> <span class='ocrx_word' id='word_1_510' title='bbox 2848 3742 2993 3812; x_wconf 89' lang='lat' dir='ltr'><strong>quod</strong></span> <span class='ocrx_word' id='word_1_511' title='bbox 3030 3742 3112 3795; x_wconf 87' lang='lat' dir='ltr'><strong>ait</strong></span> <span class='ocrx_word' id='word_1_512' title='bbox 3147 3740 3385 3795; x_wconf 89' lang='lat' dir='ltr'><strong>litteram</strong></span> <span class='ocrx_word' id='word_1_513' title='bbox 3414 3739 3499 3792; x_wconf 91' lang='lat' dir='ltr'><strong>his</strong></span> <span class='ocrx_word' id='word_1_514' title='bbox 3525 3739 3672 3792; x_wconf 82' lang='lat' dir='ltr'><strong>vitiis</strong></span> <span class='ocrx_word' id='word_1_515' title='bbox 3696 3738 3755 3791; x_wconf 88' lang='lat' dir='ltr'><strong>in</strong></span> 
     </span>
    </p>
   </div>
   <div class='ocr_carea' id='block_1_39' title="bbox 481 3832 3760 3906">
    <p class='ocr_par' dir='ltr' id='par_1_39' title="bbox 481 3832 3760 3906">
     <span class='ocr_line' id='line_1_39' title="bbox 481 3832 3760 3906; baseline -0.002 -17"><span class='ocrx_word' id='word_1_516' title='bbox 481 3834 723 3889; x_wconf 80' lang='lat' dir='ltr'><strong>maxima</strong></span> <span class='ocrx_word' id='word_1_517' title='bbox 754 3833 1004 3890; x_wconf 90' lang='lat' dir='ltr'><strong>locorum</strong></span> <span class='ocrx_word' id='word_1_518' title='bbox 1035 3850 1261 3890; x_wconf 89' lang='lat' dir='ltr'><strong>suorum</strong></span> <span class='ocrx_word' id='word_1_519' title='bbox 1290 3847 1447 3906; x_wconf 89' lang='lat' dir='ltr'><strong>parte</strong></span> <span class='ocrx_word' id='word_1_520' title='bbox 1468 3835 1746 3900; x_wconf 88' lang='lat' dir='ltr'><strong>laborare,</strong></span> <span class='ocrx_word' id='word_1_521' title='bbox 1776 3838 2186 3904; x_wconf 87' lang='lat' dir='ltr'><strong>reprehensioni</strong></span> <span class='ocrx_word' id='word_1_522' title='bbox 2235 3854 2340 3893; x_wconf 89' lang='lat' dir='ltr'><strong>non</strong></span> <span class='ocrx_word' id='word_1_523' title='bbox 2377 3839 2486 3894; x_wconf 91' lang='lat' dir='ltr'><strong>erit</strong></span> <span class='ocrx_word' id='word_1_524' title='bbox 2520 3836 2860 3894; x_wconf 81' lang='lat' dir='ltr'><strong>obnoxium?</strong></span> <span class='ocrx_word' id='word_1_525' title='bbox 2894 3835 2953 3890; x_wconf 91' lang='lat' dir='ltr'><strong>Si</strong></span> <span class='ocrx_word' id='word_1_526' title='bbox 3007 3849 3137 3888; x_wconf 81' lang='lat' dir='ltr'><strong>vero</strong></span> <span class='ocrx_word' id='word_1_527' title='bbox 3185 3833 3452 3901; x_wconf 85' lang='lat' dir='ltr'><strong>ejusmodi</strong></span> <span class='ocrx_word' id='word_1_528' title='bbox 3489 3832 3760 3887; x_wconf 80' lang='lat' dir='ltr'><strong>enuntia-</strong></span> 
     </span>
    </p>
   </div>
   <div class='ocr_carea' id='block_1_40' title="bbox 485 3925 3758 3999">
    <p class='ocr_par' dir='ltr' id='par_1_40' title="bbox 485 3925 3758 3999">
     <span class='ocr_line' id='line_1_40' title="bbox 485 3925 3758 3999; baseline -0 -18"><span class='ocrx_word' id='word_1_529' title='bbox 485 3938 624 3992; x_wconf 90' lang='lat' dir='ltr'><strong>tum,</strong></span> <span class='ocrx_word' id='word_1_530' title='bbox 657 3926 790 3983; x_wconf 92' lang='lat' dir='ltr'><strong>licet</strong></span> <span class='ocrx_word' id='word_1_531' title='bbox 816 3928 1153 3996; x_wconf 86' lang='lat' dir='ltr'><strong>restrictum,</strong></span> <span class='ocrx_word' id='word_1_532' title='bbox 1189 3929 1296 3984; x_wconf 88' lang='lat' dir='ltr'><strong>ulla</strong></span> <span class='ocrx_word' id='word_1_533' title='bbox 1329 3931 1518 3998; x_wconf 91' lang='lat' dir='ltr'><strong>nequit</strong></span> <span class='ocrx_word' id='word_1_534' title='bbox 1549 3930 1761 3984; x_wconf 88' lang='lat' dir='ltr'><strong>ratione</strong></span> <span class='ocrx_word' id='word_1_535' title='bbox 1792 3929 2008 3984; x_wconf 85' lang='lat' dir='ltr'><strong>defendi</strong></span> <span class='ocrx_word' id='word_1_536' title='bbox 2045 3941 2103 3984; x_wconf 91' lang='lat' dir='ltr'><strong>et</strong></span> <span class='ocrx_word' id='word_1_537' title='bbox 2139 3930 2493 3986; x_wconf 89' lang='lat' dir='ltr'><strong>falsissimum</strong></span> <span class='ocrx_word' id='word_1_538' title='bbox 2523 3943 2628 3996; x_wconf 90' lang='lat' dir='ltr'><strong>est,</strong></span> <span class='ocrx_word' id='word_1_539' title='bbox 2650 3931 2774 3999; x_wconf 90' lang='lat' dir='ltr'><strong>jure</strong></span> <span class='ocrx_word' id='word_1_540' title='bbox 2802 3931 3060 3985; x_wconf 81' lang='lat' dir='ltr'><strong>adversus</strong></span> <span class='ocrx_word' id='word_1_541' title='bbox 3091 3927 3383 3996; x_wconf 87' lang='lat' dir='ltr'><strong>Origenem</strong></span> <span class='ocrx_word' id='word_1_542' title='bbox 3427 3925 3758 3981; x_wconf 77' lang='lat' dir='ltr'><strong>insurrexe-</strong></span> 
     </span>
    </p>
   </div>
   <div class='ocr_carea' id='block_1_41' title="bbox 482 4020 3755 4092">
    <p class='ocr_par' dir='ltr' id='par_1_41' title="bbox 482 4020 3755 4092">
     <span class='ocr_line' id='line_1_41' title="bbox 482 4020 3755 4092; baseline -0.001 -14"><span class='ocrx_word' id='word_1_543' title='bbox 482 4031 611 4078; x_wconf 86' lang='lat' dir='ltr'><strong>runt</strong></span> <span class='ocrx_word' id='word_1_544' title='bbox 644 4020 862 4078; x_wconf 88' lang='lat' dir='ltr'><strong>Patres.</strong></span> <span class='ocrx_word' id='word_1_545' title='bbox 891 4022 973 4076; x_wconf 83' lang='lat' dir='ltr'><strong>Ad</strong></span> <span class='ocrx_word' id='word_1_546' title='bbox 1001 4023 1174 4092; x_wconf 88' lang='lat' dir='ltr'><strong>ipsam</strong></span> <span class='ocrx_word' id='word_1_547' title='bbox 1209 4021 1559 4092; x_wconf 77' lang='lat' dir='ltr'><strong>Origeniana:</strong></span> <span class='ocrx_word' id='word_1_548' title='bbox 1589 4023 1834 4079; x_wconf 87' lang='lat' dir='ltr'><strong>methodi</strong></span> <span class='ocrx_word' id='word_1_549' title='bbox 1878 4024 2238 4081; x_wconf 88' lang='lat' dir='ltr'><strong>substantiam</strong></span> <span class='ocrx_word' id='word_1_550' title='bbox 2271 4042 2379 4081; x_wconf 90' lang='lat' dir='ltr'><strong>non</strong></span> <span class='ocrx_word' id='word_1_551' title='bbox 2401 4026 2539 4081; x_wconf 89' lang='lat' dir='ltr'><strong>satis</strong></span> <span class='ocrx_word' id='word_1_552' title='bbox 2588 4026 2884 4080; x_wconf 90' lang='lat' dir='ltr'><strong>attendisse</strong></span> <span class='ocrx_word' id='word_1_553' title='bbox 2933 4026 3153 4078; x_wconf 84' lang='lat' dir='ltr'><strong>videtur</strong></span> <span class='ocrx_word' id='word_1_554' title='bbox 3201 4021 3450 4077; x_wconf 87' lang='lat' dir='ltr'><strong>Huetius.</strong></span> <span class='ocrx_word' id='word_1_555' title='bbox 3511 4020 3755 4091; x_wconf 71' lang='lat' dir='ltr'><strong>Singulae</strong></span> 
     </span>
    </p>
   </div>
   <div class='ocr_carea' id='block_1_42' title="bbox 482 4112 3752 4189">
    <p class='ocr_par' dir='ltr' id='par_1_42' title="bbox 482 4112 3752 4189">
     <span class='ocr_line' id='line_1_42' title="bbox 482 4112 3752 4189; baseline -0.003 -17"><span class='ocrx_word' id='word_1_556' title='bbox 482 4117 634 4173; x_wconf 86' lang='lat' dir='ltr'><strong>illius</strong></span> <span class='ocrx_word' id='word_1_557' title='bbox 653 4126 840 4189; x_wconf 90' lang='lat' dir='ltr'><strong>partes</strong></span> <span class='ocrx_word' id='word_1_558' title='bbox 873 4117 1018 4171; x_wconf 90' lang='lat' dir='ltr'><strong>inter</strong></span> <span class='ocrx_word' id='word_1_559' title='bbox 1048 4131 1109 4172; x_wconf 88' lang='lat' dir='ltr'><strong>se</strong></span> <span class='ocrx_word' id='word_1_560' title='bbox 1146 4118 1385 4172; x_wconf 83' lang='lat' dir='ltr'><strong>maxime</strong></span> <span class='ocrx_word' id='word_1_561' title='bbox 1409 4130 1672 4172; x_wconf 60' lang='lat' dir='ltr'><strong>connexus</strong></span> <span class='ocrx_word' id='word_1_562' title='bbox 1697 4126 1846 4179; x_wconf 90' lang='lat' dir='ltr'><strong>sunt,</strong></span> <span class='ocrx_word' id='word_1_563' title='bbox 1873 4125 1928 4170; x_wconf 91' lang='lat' dir='ltr'><strong>et</strong></span> <span class='ocrx_word' id='word_1_564' title='bbox 1956 4115 2127 4171; x_wconf 83' lang='lat' dir='ltr'><strong>series</strong></span> <span class='ocrx_word' id='word_1_565' title='bbox 2155 4117 2491 4185; x_wconf 89' lang='lat' dir='ltr'><strong>postulabat,</strong></span> <span class='ocrx_word' id='word_1_566' title='bbox 2528 4123 2588 4169; x_wconf 92' lang='lat' dir='ltr'><strong>ut</strong></span> <span class='ocrx_word' id='word_1_567' title='bbox 2618 4115 2756 4170; x_wconf 89' lang='lat' dir='ltr'><strong>bene</strong></span> <span class='ocrx_word' id='word_1_568' title='bbox 2801 4130 2864 4168; x_wconf 85' lang='lat' dir='ltr'><strong>ac</strong></span> <span class='ocrx_word' id='word_1_569' title='bbox 2910 4115 3051 4168; x_wconf 87' lang='lat' dir='ltr'><strong>male</strong></span> <span class='ocrx_word' id='word_1_570' title='bbox 3097 4114 3162 4167; x_wconf 89' lang='lat' dir='ltr'><strong>de</strong></span> <span class='ocrx_word' id='word_1_571' title='bbox 3210 4113 3393 4166; x_wconf 85' lang='lat' dir='ltr'><strong>littera</strong></span> <span class='ocrx_word' id='word_1_572' title='bbox 3448 4112 3752 4180; x_wconf 67' lang='lat' dir='ltr'><strong>Scriptura:</strong></span> 
     </span>
    </p>
   </div>
   <div class='ocr_carea' id='block_1_43' title="bbox 484 4205 3752 4281">
    <p class='ocr_par' dir='ltr' id='par_1_43' title="bbox 484 4205 3752 4281">
     <span class='ocr_line' id='line_1_43' title="bbox 484 4205 3752 4281; baseline -0.003 -14"><span class='ocrx_word' id='word_1_573' title='bbox 484 4211 809 4281; x_wconf 90' lang='lat' dir='ltr'><strong>loqueretur</strong></span> <span class='ocrx_word' id='word_1_574' title='bbox 836 4209 1221 4276; x_wconf 86' lang='lat' dir='ltr'><strong>Adamantius,</strong></span> <span class='ocrx_word' id='word_1_575' title='bbox 1244 4211 1338 4266; x_wconf 92' lang='lat' dir='ltr'><strong>sed</strong></span> <span class='ocrx_word' id='word_1_576' title='bbox 1365 4210 1414 4263; x_wconf 91' lang='lat' dir='ltr'><strong>ei</strong></span> <span class='ocrx_word' id='word_1_577' title='bbox 1453 4220 1631 4263; x_wconf 89' lang='lat' dir='ltr'><strong>tamen</strong></span> <span class='ocrx_word' id='word_1_578' title='bbox 1664 4207 1787 4278; x_wconf 87' lang='lat' dir='ltr'><strong>plus</strong></span> <span class='ocrx_word' id='word_1_579' title='bbox 1818 4208 1944 4262; x_wconf 88' lang='lat' dir='ltr'><strong>mali</strong></span> <span class='ocrx_word' id='word_1_580' title='bbox 1993 4224 2155 4278; x_wconf 85' lang='lat' dir='ltr'><strong>quam</strong></span> <span class='ocrx_word' id='word_1_581' title='bbox 2186 4209 2313 4264; x_wconf 92' lang='lat' dir='ltr'><strong>boni</strong></span> <span class='ocrx_word' id='word_1_582' title='bbox 2367 4207 2665 4279; x_wconf 80' lang='lat' dir='ltr'><strong>aliingeret.</strong></span> <span class='ocrx_word' id='word_1_583' title='bbox 2717 4208 2772 4262; x_wconf 93' lang='lat' dir='ltr'><strong>ld</strong></span> <span class='ocrx_word' id='word_1_584' title='bbox 2819 4221 3007 4261; x_wconf 87' lang='lat' dir='ltr'><strong>revera</strong></span> <span class='ocrx_word' id='word_1_585' title='bbox 3048 4206 3115 4261; x_wconf 88' lang='lat' dir='ltr'><strong>ab</strong></span> <span class='ocrx_word' id='word_1_586' title='bbox 3152 4207 3266 4273; x_wconf 89' lang='lat' dir='ltr'><strong>ipso</strong></span> <span class='ocrx_word' id='word_1_587' title='bbox 3304 4205 3608 4274; x_wconf 75' lang='lat' dir='ltr'><strong>prtestitum</strong></span> <span class='ocrx_word' id='word_1_588' title='bbox 3640 4215 3752 4264; x_wconf 81' lang='lat' dir='ltr'><strong>est.</strong></span> 
     </span>
    </p>
   </div>
   <div class='ocr_carea' id='block_1_44' title="bbox 483 4298 3749 4372">
    <p class='ocr_par' dir='ltr' id='par_1_44' title="bbox 483 4298 3749 4372">
     <span class='ocr_line' id='line_1_44' title="bbox 483 4298 3749 4372; baseline -0.002 -15"><span class='ocrx_word' id='word_1_589' title='bbox 483 4302 562 4357; x_wconf 83' lang='lat' dir='ltr'><strong>Ex</strong></span> <span class='ocrx_word' id='word_1_590' title='bbox 591 4303 712 4372; x_wconf 85' lang='lat' dir='ltr'><strong>ipso</strong></span> <span class='ocrx_word' id='word_1_591' title='bbox 741 4301 927 4357; x_wconf 88' lang='lat' dir='ltr'><strong>littera</strong></span> <span class='ocrx_word' id='word_1_592' title='bbox 955 4301 1292 4357; x_wconf 70' lang='lat' dir='ltr'><strong>aedificandis</strong></span> <span class='ocrx_word' id='word_1_593' title='bbox 1321 4299 1661 4368; x_wconf 88' lang='lat' dir='ltr'><strong>simplicibus</strong></span> <span class='ocrx_word' id='word_1_594' title='bbox 1693 4298 1911 4354; x_wconf 84' lang='lat' dir='ltr'><strong>sulIicit.</strong></span> <span class='ocrx_word' id='word_1_595' title='bbox 1952 4300 2063 4354; x_wconf 86' lang='lat' dir='ltr'><strong>Sub</strong></span> <span class='ocrx_word' id='word_1_596' title='bbox 2091 4300 2195 4355; x_wconf 88' lang='lat' dir='ltr'><strong>hoc</strong></span> <span class='ocrx_word' id='word_1_597' title='bbox 2234 4310 2507 4370; x_wconf 88' lang='lat' dir='ltr'><strong>respectu,</strong></span> <span class='ocrx_word' id='word_1_598' title='bbox 2538 4300 2843 4355; x_wconf 86' lang='lat' dir='ltr'><strong>reverentia</strong></span> <span class='ocrx_word' id='word_1_599' title='bbox 2871 4299 3031 4369; x_wconf 83' lang='lat' dir='ltr'><strong>digna</strong></span> <span class='ocrx_word' id='word_1_600' title='bbox 3059 4310 3163 4354; x_wconf 89' lang='lat' dir='ltr'><strong>est.</strong></span> <span class='ocrx_word' id='word_1_601' title='bbox 3191 4298 3425 4352; x_wconf 89' lang='lat' dir='ltr'><strong>Aliunde</strong></span> <span class='ocrx_word' id='word_1_602' title='bbox 3457 4298 3749 4352; x_wconf 84' lang='lat' dir='ltr'><strong>innumera</strong></span> 
     </span>
    </p>
   </div>
   <div class='ocr_carea' id='block_1_45' title="bbox 481 4390 3753 4463">
    <p class='ocr_par' dir='ltr' id='par_1_45' title="bbox 481 4390 3753 4463">
     <span class='ocr_line' id='line_1_45' title="bbox 481 4390 3753 4463; baseline -0.002 -13"><span class='ocrx_word' id='word_1_603' title='bbox 481 4395 645 4451; x_wconf 84' lang='lat' dir='ltr'><strong>habet</strong></span> <span class='ocrx_word' id='word_1_604' title='bbox 668 4392 831 4461; x_wconf 81' lang='lat' dir='ltr'><strong>falsa,</strong></span> <span class='ocrx_word' id='word_1_605' title='bbox 863 4395 1128 4458; x_wconf 87' lang='lat' dir='ltr'><strong>absurda,</strong></span> <span class='ocrx_word' id='word_1_606' title='bbox 1166 4392 1545 4463; x_wconf 85' lang='lat' dir='ltr'><strong>impossibilia,</strong></span> <span class='ocrx_word' id='word_1_607' title='bbox 1571 4404 1627 4449; x_wconf 90' lang='lat' dir='ltr'><strong>et</strong></span> <span class='ocrx_word' id='word_1_608' title='bbox 1661 4409 1848 4448; x_wconf 87' lang='lat' dir='ltr'><strong>secum</strong></span> <span class='ocrx_word' id='word_1_609' title='bbox 1885 4394 2203 4463; x_wconf 82' lang='lat' dir='ltr'><strong>pugnantia,</strong></span> <span class='ocrx_word' id='word_1_610' title='bbox 2233 4397 2300 4448; x_wconf 90' lang='lat' dir='ltr'><strong>de</strong></span> <span class='ocrx_word' id='word_1_611' title='bbox 2324 4394 2412 4447; x_wconf 86' lang='lat' dir='ltr'><strong>illa</strong></span> <span class='ocrx_word' id='word_1_612' title='bbox 2444 4393 2608 4462; x_wconf 83' lang='lat' dir='ltr'><strong>igitur</strong></span> <span class='ocrx_word' id='word_1_613' title='bbox 2628 4393 2751 4447; x_wconf 89' lang='lat' dir='ltr'><strong>mali</strong></span> <span class='ocrx_word' id='word_1_614' title='bbox 2779 4392 3002 4447; x_wconf 90' lang='lat' dir='ltr'><strong>multum</strong></span> <span class='ocrx_word' id='word_1_615' title='bbox 3025 4394 3205 4448; x_wconf 88' lang='lat' dir='ltr'><strong>dicere</strong></span> <span class='ocrx_word' id='word_1_616' title='bbox 3236 4392 3441 4447; x_wconf 81' lang='lat' dir='ltr'><strong>debuit.</strong></span> <span class='ocrx_word' id='word_1_617' title='bbox 3469 4390 3535 4445; x_wconf 87' lang='lat' dir='ltr'><strong>Et</strong></span> <span class='ocrx_word' id='word_1_618' title='bbox 3572 4391 3753 4459; x_wconf 83' lang='lat' dir='ltr'><strong>reipsa</strong></span> 
     </span>
    </p>
   </div>
   <div class='ocr_carea' id='block_1_46' title="bbox 483 4484 3753 4573">
    <p class='ocr_par' dir='ltr' id='par_1_46' title="bbox 483 4484 3753 4573">
     <span class='ocr_line' id='line_1_46' title="bbox 483 4484 3753 4573; baseline -0.001 -31"><span class='ocrx_word' id='word_1_619' title='bbox 483 4502 670 4543; x_wconf 89' lang='lat' dir='ltr'><strong>nonne</strong></span> <span class='ocrx_word' id='word_1_620' title='bbox 718 4488 772 4542; x_wconf 79' lang='lat' dir='ltr'><strong>in</strong></span> <span class='ocrx_word' id='word_1_621' title='bbox 821 4503 941 4543; x_wconf 90' lang='lat' dir='ltr'><strong>eam</strong></span> <span class='ocrx_word' id='word_1_622' title='bbox 991 4490 1192 4543; x_wconf 87' lang='lat' dir='ltr'><strong>acriter</strong></span> <span class='ocrx_word' id='word_1_623' title='bbox 1223 4487 1520 4553; x_wconf 88' lang='lat' dir='ltr'><strong>invehitur,</strong></span> <span class='ocrx_word' id='word_1_624' title='bbox 1550 4489 1762 4558; x_wconf 75' lang='lat' dir='ltr'><strong>quoties</strong></span> <span class='ocrx_word' id='word_1_625' title='bbox 1795 4487 1974 4558; x_wconf 91' lang='lat' dir='ltr'><strong>aliqua</strong></span> <span class='ocrx_word' id='word_1_626' title='bbox 2025 4488 2343 4542; x_wconf 70' lang='lat' dir='ltr'><strong>dilIit-ultate</strong></span> <span class='ocrx_word' id='word_1_627' title='bbox 2385 4488 2717 4543; x_wconf 86' lang='lat' dir='ltr'><strong>intricatur?</strong></span> <span class='ocrx_word' id='word_1_628' title='bbox 2752 4487 2901 4542; x_wconf 88' lang='lat' dir='ltr'><strong>Unde</strong></span> <span class='ocrx_word' id='word_1_629' title='bbox 2954 4489 3147 4556; x_wconf 77' lang='lat' dir='ltr'><strong>colligo</strong></span> <span class='ocrx_word' id='word_1_630' title='bbox 3195 4488 3387 4573; x_wconf 50' lang='lat' dir='ltr'><strong>pau&#39;eis</strong></span> <span class='ocrx_word' id='word_1_631' title='bbox 3430 4484 3587 4540; x_wconf 90' lang='lat' dir='ltr'><strong>bonis</strong></span> <span class='ocrx_word' id='word_1_632' title='bbox 3627 4498 3753 4552; x_wconf 73' lang='lat' dir='ltr'><strong>quae</strong></span> 
     </span>
    </p>
   </div>
   <div class='ocr_carea' id='block_1_47' title="bbox 483 4577 3754 4652">
    <p class='ocr_par' dir='ltr' id='par_1_47' title="bbox 483 4577 3754 4652">
     <span class='ocr_line' id='line_1_47' title="bbox 483 4577 3754 4652; baseline -0.001 -19"><span class='ocrx_word' id='word_1_633' title='bbox 483 4580 676 4634; x_wconf 83' lang='lat' dir='ltr'><strong>litterae</strong></span> <span class='ocrx_word' id='word_1_634' title='bbox 707 4580 913 4646; x_wconf 90' lang='lat' dir='ltr'><strong>tribuit,</strong></span> <span class='ocrx_word' id='word_1_635' title='bbox 939 4584 1225 4637; x_wconf 88' lang='lat' dir='ltr'><strong>innumera</strong></span> <span class='ocrx_word' id='word_1_636' title='bbox 1239 4596 1361 4652; x_wconf 68' lang='lat' dir='ltr'><strong>qua:</strong></span> <span class='ocrx_word' id='word_1_637' title='bbox 1384 4583 1432 4635; x_wconf 90' lang='lat' dir='ltr'><strong>ei</strong></span> <span class='ocrx_word' id='word_1_638' title='bbox 1449 4581 1746 4651; x_wconf 79' lang='lat' dir='ltr'><strong>exprobrat</strong></span> <span class='ocrx_word' id='word_1_639' title='bbox 1772 4582 1901 4634; x_wconf 88' lang='lat' dir='ltr'><strong>vitia</strong></span> <span class='ocrx_word' id='word_1_640' title='bbox 1936 4596 2040 4635; x_wconf 93' lang='lat' dir='ltr'><strong>non</strong></span> <span class='ocrx_word' id='word_1_641' title='bbox 2078 4582 2265 4636; x_wconf 89' lang='lat' dir='ltr'><strong>deleri.</strong></span> <span class='ocrx_word' id='word_1_642' title='bbox 2296 4581 2662 4649; x_wconf 86' lang='lat' dir='ltr'><strong>Quamobrem</strong></span> <span class='ocrx_word' id='word_1_643' title='bbox 2686 4579 2881 4635; x_wconf 87' lang='lat' dir='ltr'><strong>Huetio</strong></span> <span class='ocrx_word' id='word_1_644' title='bbox 2909 4581 3205 4635; x_wconf 90' lang='lat' dir='ltr'><strong>condonari</strong></span> <span class='ocrx_word' id='word_1_645' title='bbox 3240 4581 3427 4648; x_wconf 85' lang='lat' dir='ltr'><strong>nequit</strong></span> <span class='ocrx_word' id='word_1_646' title='bbox 3457 4577 3754 4646; x_wconf 90' lang='lat' dir='ltr'><strong>injuriosus</strong></span> 
     </span>
    </p>
   </div>
   <div class='ocr_carea' id='block_1_48' title="bbox 483 4674 3750 4748">
    <p class='ocr_par' dir='ltr' id='par_1_48' title="bbox 483 4674 3750 4748">
     <span class='ocr_line' id='line_1_48' title="bbox 483 4674 3750 4748; baseline -0.001 -19"><span class='ocrx_word' id='word_1_647' title='bbox 483 4674 572 4730; x_wconf 90' lang='lat' dir='ltr'><strong>ille</strong></span> <span class='ocrx_word' id='word_1_648' title='bbox 603 4676 796 4731; x_wconf 91' lang='lat' dir='ltr'><strong>modus</strong></span> <span class='ocrx_word' id='word_1_649' title='bbox 825 4690 933 4745; x_wconf 91' lang='lat' dir='ltr'><strong>quo</strong></span> <span class='ocrx_word' id='word_1_650' title='bbox 967 4687 1216 4731; x_wconf 87' lang='lat' dir='ltr'><strong>sanctum</strong></span> <span class='ocrx_word' id='word_1_651' title='bbox 1253 4688 1545 4748; x_wconf 82' lang='lat' dir='ltr'><strong>martyrem</strong></span> <span class='ocrx_word' id='word_1_652' title='bbox 1578 4674 1919 4729; x_wconf 78' lang='lat' dir='ltr'><strong>Eustathium</strong></span> <span class='ocrx_word' id='word_1_653' title='bbox 1943 4675 2347 4731; x_wconf 77' lang='lat' dir='ltr'><strong>Antiochenam</strong></span> <span class='ocrx_word' id='word_1_654' title='bbox 2384 4677 2570 4743; x_wconf 91' lang='lat' dir='ltr'><strong>habet,</strong></span> <span class='ocrx_word' id='word_1_655' title='bbox 2599 4680 2754 4748; x_wconf 84' lang='lat' dir='ltr'><strong>cujus</strong></span> <span class='ocrx_word' id='word_1_656' title='bbox 2793 4686 2980 4731; x_wconf 87' lang='lat' dir='ltr'><strong>contra</strong></span> <span class='ocrx_word' id='word_1_657' title='bbox 3012 4675 3397 4745; x_wconf 86' lang='lat' dir='ltr'><strong>Origcnianam</strong></span> <span class='ocrx_word' id='word_1_658' title='bbox 3431 4675 3750 4730; x_wconf 90' lang='lat' dir='ltr'><strong>methodum</strong></span> 
     </span>
    </p>
   </div>
   <div class='ocr_carea' id='block_1_49' title="bbox 479 4767 3748 4842">
    <p class='ocr_par' dir='ltr' id='par_1_49' title="bbox 479 4767 3748 4842">
     <span class='ocr_line' id='line_1_49' title="bbox 479 4767 3748 4842; baseline 0 -22"><span class='ocrx_word' id='word_1_659' title='bbox 479 4767 692 4836; x_wconf 88' lang='lat' dir='ltr'><strong>objecta</strong></span> <span class='ocrx_word' id='word_1_660' title='bbox 723 4768 903 4836; x_wconf 77' lang='lat' dir='ltr'><strong>futiles</strong></span> <span class='ocrx_word' id='word_1_661' title='bbox 932 4778 1093 4824; x_wconf 88' lang='lat' dir='ltr'><strong>vocat</strong></span> <span class='ocrx_word' id='word_1_662' title='bbox 1120 4769 1503 4824; x_wconf 80' lang='lat' dir='ltr'><strong>cavillationes.</strong></span> <span class='ocrx_word' id='word_1_663' title='bbox 1532 4771 1650 4827; x_wconf 88' lang='lat' dir='ltr'><strong>Non</strong></span> <span class='ocrx_word' id='word_1_664' title='bbox 1682 4773 1936 4842; x_wconf 87' lang='lat' dir='ltr'><strong>equidem</strong></span> <span class='ocrx_word' id='word_1_665' title='bbox 1968 4769 2255 4825; x_wconf 83' lang='lat' dir='ltr'><strong>inliciabor</strong></span> <span class='ocrx_word' id='word_1_666' title='bbox 2282 4770 2466 4825; x_wconf 87' lang='lat' dir='ltr'><strong>acrius</strong></span> <span class='ocrx_word' id='word_1_667' title='bbox 2489 4785 2650 4839; x_wconf 89' lang='lat' dir='ltr'><strong>quam</strong></span> <span class='ocrx_word' id='word_1_668' title='bbox 2677 4784 2776 4838; x_wconf 85' lang='lat' dir='ltr'><strong>par</strong></span> <span class='ocrx_word' id='word_1_669' title='bbox 2809 4779 2928 4825; x_wconf 87' lang='lat' dir='ltr'><strong>erat</strong></span> <span class='ocrx_word' id='word_1_670' title='bbox 2955 4770 3024 4824; x_wconf 87' lang='lat' dir='ltr'><strong>ab</strong></span> <span class='ocrx_word' id='word_1_671' title='bbox 3053 4770 3337 4825; x_wconf 85' lang='lat' dir='ltr'><strong>Eustathio</strong></span> <span class='ocrx_word' id='word_1_672' title='bbox 3372 4770 3748 4837; x_wconf 69' lang='lat' dir='ltr'><strong>impugnatum</strong></span> 
     </span>
    </p>
   </div>
   <div class='ocr_carea' id='block_1_50' title="bbox 482 4860 3750 4936">
    <p class='ocr_par' dir='ltr' id='par_1_50' title="bbox 482 4860 3750 4936">
     <span class='ocr_line' id='line_1_50' title="bbox 482 4860 3750 4936; baseline -0 -20"><span class='ocrx_word' id='word_1_673' title='bbox 482 4863 652 4917; x_wconf 88' lang='lat' dir='ltr'><strong>fuisse</strong></span> <span class='ocrx_word' id='word_1_674' title='bbox 675 4863 991 4918; x_wconf 82' lang='lat' dir='ltr'><strong>Adamantii</strong></span> <span class='ocrx_word' id='word_1_675' title='bbox 1022 4864 1090 4919; x_wconf 89' lang='lat' dir='ltr'><strong>de</strong></span> <span class='ocrx_word' id='word_1_676' title='bbox 1104 4863 1436 4936; x_wconf 84' lang='lat' dir='ltr'><strong>Pythonissa</strong></span> <span class='ocrx_word' id='word_1_677' title='bbox 1470 4868 1821 4923; x_wconf 89' lang='lat' dir='ltr'><strong>sententiam.</strong></span> <span class='ocrx_word' id='word_1_678' title='bbox 1849 4865 2088 4933; x_wconf 70' lang='lat' dir='ltr'><strong>Quaestio</strong></span> <span class='ocrx_word' id='word_1_679' title='bbox 2129 4865 2274 4919; x_wconf 88' lang='lat' dir='ltr'><strong>enim</strong></span> <span class='ocrx_word' id='word_1_680' title='bbox 2323 4872 2407 4917; x_wconf 89' lang='lat' dir='ltr'><strong>est</strong></span> <span class='ocrx_word' id='word_1_681' title='bbox 2441 4878 2591 4918; x_wconf 90' lang='lat' dir='ltr'><strong>mere</strong></span> <span class='ocrx_word' id='word_1_682' title='bbox 2618 4864 2833 4928; x_wconf 90' lang='lat' dir='ltr'><strong>critica,</strong></span> <span class='ocrx_word' id='word_1_683' title='bbox 2863 4880 2987 4933; x_wconf 87' lang='lat' dir='ltr'><strong>quae</strong></span> <span class='ocrx_word' id='word_1_684' title='bbox 3027 4878 3127 4918; x_wconf 89' lang='lat' dir='ltr'><strong>nec</strong></span> <span class='ocrx_word' id='word_1_685' title='bbox 3164 4863 3312 4929; x_wconf 80' lang='lat' dir='ltr'><strong>fidei,</strong></span> <span class='ocrx_word' id='word_1_686' title='bbox 3363 4878 3462 4917; x_wconf 89' lang='lat' dir='ltr'><strong>nec</strong></span> <span class='ocrx_word' id='word_1_687' title='bbox 3499 4860 3750 4917; x_wconf 83' lang='lat' dir='ltr'><strong>moribus</strong></span> 
     </span>
    </p>
   </div>
   <div class='ocr_carea' id='block_1_51' title="bbox 483 4952 3745 5025">
    <p class='ocr_par' dir='ltr' id='par_1_51' title="bbox 483 4952 3745 5025">
     <span class='ocr_line' id='line_1_51' title="bbox 483 4952 3745 5025; baseline 0 -18"><span class='ocrx_word' id='word_1_688' title='bbox 483 4969 684 5009; x_wconf 91' lang='lat' dir='ltr'><strong>nocere</strong></span> <span class='ocrx_word' id='word_1_689' title='bbox 705 4965 892 5023; x_wconf 87' lang='lat' dir='ltr'><strong>queat.</strong></span> <span class='ocrx_word' id='word_1_690' title='bbox 925 4952 1034 5010; x_wconf 90' lang='lat' dir='ltr'><strong>Sed</strong></span> <span class='ocrx_word' id='word_1_691' title='bbox 1064 4954 1335 5009; x_wconf 89' lang='lat' dir='ltr'><strong>acerrima</strong></span> <span class='ocrx_word' id='word_1_692' title='bbox 1361 4956 1465 5010; x_wconf 89' lang='lat' dir='ltr'><strong>hac</strong></span> <span class='ocrx_word' id='word_1_693' title='bbox 1499 4972 1731 5011; x_wconf 89' lang='lat' dir='ltr'><strong>censura</strong></span> <span class='ocrx_word' id='word_1_694' title='bbox 1767 4972 1874 5011; x_wconf 91' lang='lat' dir='ltr'><strong>non</strong></span> <span class='ocrx_word' id='word_1_695' title='bbox 1908 4966 2016 5009; x_wconf 90' lang='lat' dir='ltr'><strong>tam</strong></span> <span class='ocrx_word' id='word_1_696' title='bbox 2050 4956 2118 5009; x_wconf 89' lang='lat' dir='ltr'><strong>ab</strong></span> <span class='ocrx_word' id='word_1_697' title='bbox 2147 4954 2437 5009; x_wconf 72' lang='lat' dir='ltr'><strong>Euatathio</strong></span> <span class='ocrx_word' id='word_1_698' title='bbox 2463 4965 2690 5009; x_wconf 74' lang='lat' dir='ltr'><strong>vexatus</strong></span> <span class='ocrx_word' id='word_1_699' title='bbox 2733 4955 2903 5010; x_wconf 88' lang='lat' dir='ltr'><strong>fuisse</strong></span> <span class='ocrx_word' id='word_1_700' title='bbox 2938 4957 3149 5010; x_wconf 89' lang='lat' dir='ltr'><strong>videtur</strong></span> <span class='ocrx_word' id='word_1_701' title='bbox 3187 4953 3447 5025; x_wconf 87' lang='lat' dir='ltr'><strong>Origenes</strong></span> <span class='ocrx_word' id='word_1_702' title='bbox 3484 4956 3553 5009; x_wconf 88' lang='lat' dir='ltr'><strong>ob</strong></span> <span class='ocrx_word' id='word_1_703' title='bbox 3588 4969 3745 5008; x_wconf 86' lang='lat' dir='ltr'><strong>suam</strong></span> 
     </span>
    </p>
   </div>
   <div class='ocr_carea' id='block_1_52' title="bbox 484 5047 3748 5118">
    <p class='ocr_par' dir='ltr' id='par_1_52' title="bbox 484 5047 3748 5118">
     <span class='ocr_line' id='line_1_52' title="bbox 484 5047 3748 5118; baseline -0.001 -16"><span class='ocrx_word' id='word_1_704' title='bbox 484 5048 552 5102; x_wconf 92' lang='lat' dir='ltr'><strong>de</strong></span> <span class='ocrx_word' id='word_1_705' title='bbox 587 5047 931 5116; x_wconf 87' lang='lat' dir='ltr'><strong>ventriloqua</strong></span> <span class='ocrx_word' id='word_1_706' title='bbox 956 5049 1288 5117; x_wconf 90' lang='lat' dir='ltr'><strong>opinionem,</strong></span> <span class='ocrx_word' id='word_1_707' title='bbox 1320 5058 1483 5117; x_wconf 89' lang='lat' dir='ltr'><strong>quam</strong></span> <span class='ocrx_word' id='word_1_708' title='bbox 1518 5051 1588 5104; x_wconf 90' lang='lat' dir='ltr'><strong>ob</strong></span> <span class='ocrx_word' id='word_1_709' title='bbox 1610 5066 1762 5104; x_wconf 90' lang='lat' dir='ltr'><strong>suam</strong></span> <span class='ocrx_word' id='word_1_710' title='bbox 1797 5050 2218 5118; x_wconf 78' lang='lat' dir='ltr'><strong>interpretanth</strong></span> <span class='ocrx_word' id='word_1_711' title='bbox 2251 5048 2556 5117; x_wconf 66' lang='lat' dir='ltr'><strong>Scriptura:</strong></span> <span class='ocrx_word' id='word_1_712' title='bbox 2605 5049 2953 5117; x_wconf 88' lang='lat' dir='ltr'><strong>methodum,</strong></span> <span class='ocrx_word' id='word_1_713' title='bbox 2999 5064 3120 5118; x_wconf 77' lang='lat' dir='ltr'><strong>quae</strong></span> <span class='ocrx_word' id='word_1_714' title='bbox 3168 5063 3445 5104; x_wconf 78' lang='lat' dir='ltr'><strong>Sacrorum</strong></span> <span class='ocrx_word' id='word_1_715' title='bbox 3499 5050 3748 5103; x_wconf 86' lang='lat' dir='ltr'><strong>omnium</strong></span> 
     </span>
    </p>
   </div>
   <div class='ocr_carea' id='block_1_53' title="bbox 483 5136 3748 5214">
    <p class='ocr_par' dir='ltr' id='par_1_53' title="bbox 483 5136 3748 5214">
     <span class='ocr_line' id='line_1_53' title="bbox 483 5136 3748 5214; baseline -0.001 -18"><span class='ocrx_word' id='word_1_716' title='bbox 483 5143 746 5197; x_wconf 86' lang='lat' dir='ltr'><strong>librorum</strong></span> <span class='ocrx_word' id='word_1_717' title='bbox 774 5156 994 5197; x_wconf 90' lang='lat' dir='ltr'><strong>sensum</strong></span> <span class='ocrx_word' id='word_1_718' title='bbox 1025 5146 1312 5213; x_wconf 88' lang='lat' dir='ltr'><strong>pervertit,</strong></span> <span class='ocrx_word' id='word_1_719' title='bbox 1340 5159 1402 5197; x_wconf 88' lang='lat' dir='ltr'><strong>ac</strong></span> <span class='ocrx_word' id='word_1_720' title='bbox 1430 5145 1659 5213; x_wconf 87' lang='lat' dir='ltr'><strong>proinde</strong></span> <span class='ocrx_word' id='word_1_721' title='bbox 1684 5146 1886 5214; x_wconf 88' lang='lat' dir='ltr'><strong>justam</strong></span> <span class='ocrx_word' id='word_1_722' title='bbox 1927 5144 2210 5197; x_wconf 79' lang='lat' dir='ltr'><strong>Eustathio</strong></span> <span class='ocrx_word' id='word_1_723' title='bbox 2245 5143 2672 5211; x_wconf 85' lang='lat' dir='ltr'><strong>indignationem</strong></span> <span class='ocrx_word' id='word_1_724' title='bbox 2705 5156 2975 5209; x_wconf 83' lang='lat' dir='ltr'><strong>moverat,</strong></span> <span class='ocrx_word' id='word_1_725' title='bbox 3005 5136 3105 5197; x_wconf 49' lang='lat' dir='ltr'><strong>~uti</strong></span> <span class='ocrx_word' id='word_1_726' title='bbox 3179 5146 3315 5199; x_wconf 88' lang='lat' dir='ltr'><strong>satis</strong></span> <span class='ocrx_word' id='word_1_727' title='bbox 3356 5143 3526 5211; x_wconf 88' lang='lat' dir='ltr'><strong>liquet</strong></span> <span class='ocrx_word' id='word_1_728' title='bbox 3554 5158 3618 5194; x_wconf 73' lang='lat' dir='ltr'><strong>ex</strong></span> <span class='ocrx_word' id='word_1_729' title='bbox 3655 5140 3748 5194; x_wconf 82' lang='lat' dir='ltr'><strong>bis</strong></span> 
     </span>
    </p>
   </div>
   <div class='ocr_carea' id='block_1_54' title="bbox 483 5234 3744 5312">
    <p class='ocr_par' dir='ltr' id='par_1_54' title="bbox 483 5234 3744 5312">
     <span class='ocr_line' id='line_1_54' title="bbox 483 5234 3744 5312; baseline -0.001 -21"><span class='ocrx_word' id='word_1_730' title='bbox 483 5241 603 5309; x_wconf 86' lang='lat' dir='ltr'><strong>ejus</strong></span> <span class='ocrx_word' id='word_1_731' title='bbox 630 5238 855 5292; x_wconf 89' lang='lat' dir='ltr'><strong>verbis:</strong></span> <span class='ocrx_word' id='word_1_732' title='bbox 890 5254 909 5287; x_wconf 74' lang='grc' dir='ltr'>ι</span> <span class='ocrx_word' id='word_1_733' title='bbox 955 5234 1055 5292; x_wconf 87' lang='lat' dir='ltr'><strong>Hic</strong></span> <span class='ocrx_word' id='word_1_734' title='bbox 1085 5236 1235 5291; x_wconf 90' lang='lat' dir='ltr'><strong>solus</strong></span> <span class='ocrx_word' id='word_1_735' title='bbox 1277 5247 1361 5291; x_wconf 91' lang='lat' dir='ltr'><strong>est</strong></span> <span class='ocrx_word' id='word_1_736' title='bbox 1400 5236 1704 5306; x_wconf 75' lang='lat' dir='ltr'><strong>Scriptura:</strong></span> <span class='ocrx_word' id='word_1_737' title='bbox 1736 5238 1889 5292; x_wconf 92' lang='lat' dir='ltr'><strong>locus</strong></span> <span class='ocrx_word' id='word_1_738' title='bbox 1918 5251 2079 5307; x_wconf 90' lang='lat' dir='ltr'><strong>quem</strong></span> <span class='ocrx_word' id='word_1_739' title='bbox 2129 5235 2416 5307; x_wconf 88' lang='lat' dir='ltr'><strong>Origenes,</strong></span> <span class='ocrx_word' id='word_1_740' title='bbox 2453 5253 2481 5290; x_wconf 92' lang='lat' dir='ltr'><strong>a</strong></span> <span class='ocrx_word' id='word_1_741' title='bbox 2512 5254 2619 5308; x_wconf 87' lang='lat' dir='ltr'><strong>quo</strong></span> <span class='ocrx_word' id='word_1_742' title='bbox 2661 5242 2871 5312; x_wconf 88' lang='lat' dir='ltr'><strong>integra</strong></span> <span class='ocrx_word' id='word_1_743' title='bbox 2904 5242 2971 5293; x_wconf 89' lang='lat' dir='ltr'><strong>ad</strong></span> <span class='ocrx_word' id='word_1_744' title='bbox 3008 5240 3301 5308; x_wconf 78' lang='lat' dir='ltr'><strong>allegorias</strong></span> <span class='ocrx_word' id='word_1_745' title='bbox 3337 5238 3597 5292; x_wconf 82' lang='lat' dir='ltr'><strong>translata</strong></span> <span class='ocrx_word' id='word_1_746' title='bbox 3632 5247 3744 5303; x_wconf 85' lang='lat' dir='ltr'><strong>est,</strong></span> 
     </span>
    </p>
   </div>
   <div class='ocr_carea' id='block_1_55' title="bbox 482 5327 3746 5400">
    <p class='ocr_par' dir='ltr' id='par_1_55' title="bbox 482 5327 3746 5400">
     <span class='ocr_line' id='line_1_55' title="bbox 482 5327 3746 5400; baseline -0 -17"><span class='ocrx_word' id='word_1_747' title='bbox 482 5330 708 5385; x_wconf 88' lang='lat' dir='ltr'><strong>litterali</strong></span> <span class='ocrx_word' id='word_1_748' title='bbox 738 5343 900 5383; x_wconf 89' lang='lat' dir='ltr'><strong>sensu</strong></span> <span class='ocrx_word' id='word_1_749' title='bbox 934 5330 1050 5383; x_wconf 89' lang='lat' dir='ltr'><strong>vult</strong></span> <span class='ocrx_word' id='word_1_750' title='bbox 1080 5329 1276 5399; x_wconf 90' lang='lat' dir='ltr'><strong>accipi.</strong></span> <span class='ocrx_word' id='word_1_751' title='bbox 1318 5348 1338 5380; x_wconf 73' lang='grc' dir='ltr'><strong><em>ι</em></strong></span> <span class='ocrx_word' id='word_1_752' title='bbox 1374 5327 1743 5395; x_wconf 86' lang='lat' dir='ltr'><strong>Quaestionem</strong></span> <span class='ocrx_word' id='word_1_753' title='bbox 1777 5330 1947 5399; x_wconf 82' lang='lat' dir='ltr'><strong>igitur</strong></span> <span class='ocrx_word' id='word_1_754' title='bbox 1978 5330 2045 5384; x_wconf 92' lang='lat' dir='ltr'><strong>de</strong></span> <span class='ocrx_word' id='word_1_755' title='bbox 2076 5329 2421 5398; x_wconf 87' lang='lat' dir='ltr'><strong>ventriloqua</strong></span> <span class='ocrx_word' id='word_1_756' title='bbox 2446 5331 2489 5386; x_wconf 94' lang='lat' dir='ltr'><strong>si</strong></span> <span class='ocrx_word' id='word_1_757' title='bbox 2522 5334 2825 5400; x_wconf 84' lang='lat' dir='ltr'><strong>exceperis,</strong></span> <span class='ocrx_word' id='word_1_758' title='bbox 2863 5332 3125 5387; x_wconf 86' lang='lat' dir='ltr'><strong>Eustathii</strong></span> <span class='ocrx_word' id='word_1_759' title='bbox 3158 5333 3417 5386; x_wconf 88' lang='lat' dir='ltr'><strong>adversus</strong></span> <span class='ocrx_word' id='word_1_760' title='bbox 3448 5329 3746 5398; x_wconf 83' lang='lat' dir='ltr'><strong>Origenem</strong></span> 
     </span>
    </p>
   </div>
   <div class='ocr_carea' id='block_1_56' title="bbox 480 5419 3742 5493">
    <p class='ocr_par' dir='ltr' id='par_1_56' title="bbox 480 5419 3742 5493">
     <span class='ocr_line' id='line_1_56' title="bbox 480 5419 3742 5493; baseline -0.001 -18"><span class='ocrx_word' id='word_1_761' title='bbox 480 5420 890 5475; x_wconf 90' lang='lat' dir='ltr'><strong>criminationes</strong></span> <span class='ocrx_word' id='word_1_762' title='bbox 927 5420 1126 5489; x_wconf 66' lang='lat' dir='ltr'><strong>iniquae</strong></span> <span class='ocrx_word' id='word_1_763' title='bbox 1168 5435 1273 5473; x_wconf 91' lang='lat' dir='ltr'><strong>non</strong></span> <span class='ocrx_word' id='word_1_764' title='bbox 1309 5429 1454 5484; x_wconf 90' lang='lat' dir='ltr'><strong>sunt,</strong></span> <span class='ocrx_word' id='word_1_765' title='bbox 1491 5435 1596 5475; x_wconf 91' lang='lat' dir='ltr'><strong>nec</strong></span> <span class='ocrx_word' id='word_1_766' title='bbox 1630 5421 1775 5474; x_wconf 90' lang='lat' dir='ltr'><strong>belle</strong></span> <span class='ocrx_word' id='word_1_767' title='bbox 1804 5435 1898 5475; x_wconf 90' lang='lat' dir='ltr'><strong>eas</strong></span> <span class='ocrx_word' id='word_1_768' title='bbox 1933 5419 2219 5489; x_wconf 90' lang='lat' dir='ltr'><strong>propulsat</strong></span> <span class='ocrx_word' id='word_1_769' title='bbox 2250 5420 2500 5478; x_wconf 92' lang='lat' dir='ltr'><strong>Huetius.</strong></span> <span class='ocrx_word' id='word_1_770' title='bbox 2532 5423 2588 5478; x_wconf 84' lang='lat' dir='ltr'><strong>id</strong></span> <span class='ocrx_word' id='word_1_771' title='bbox 2622 5425 2934 5492; x_wconf 83' lang='lat' dir='ltr'><strong>expostulat</strong></span> <span class='ocrx_word' id='word_1_772' title='bbox 2976 5421 3473 5493; x_wconf 73' lang='lat' dir='ltr'><strong>Eustathiusquod</strong></span> <span class='ocrx_word' id='word_1_773' title='bbox 3518 5423 3742 5490; x_wconf 82' lang='lat' dir='ltr'><strong>paradi-</strong></span> 
     </span>
    </p>
   </div>
   <div class='ocr_carea' id='block_1_57' title="bbox 481 5513 3738 5587">
    <p class='ocr_par' dir='ltr' id='par_1_57' title="bbox 481 5513 3738 5587">
     <span class='ocr_line' id='line_1_57' title="bbox 481 5513 3738 5587; baseline -0.001 -17"><span class='ocrx_word' id='word_1_774' title='bbox 481 5530 601 5571; x_wconf 83' lang='lat' dir='ltr'><strong>sum</strong></span> <span class='ocrx_word' id='word_1_775' title='bbox 633 5521 949 5569; x_wconf 87' lang='lat' dir='ltr'><strong>terrestrem</strong></span> <span class='ocrx_word' id='word_1_776' title='bbox 980 5523 1037 5568; x_wconf 93' lang='lat' dir='ltr'><strong>et</strong></span> <span class='ocrx_word' id='word_1_777' title='bbox 1058 5513 1373 5569; x_wconf 85' lang='lat' dir='ltr'><strong>fructiferas</strong></span> <span class='ocrx_word' id='word_1_778' title='bbox 1402 5514 1640 5585; x_wconf 88' lang='lat' dir='ltr'><strong>paradisi</strong></span> <span class='ocrx_word' id='word_1_779' title='bbox 1677 5515 1906 5570; x_wconf 88' lang='lat' dir='ltr'><strong>arbores</strong></span> <span class='ocrx_word' id='word_1_780' title='bbox 1937 5515 2229 5586; x_wconf 80' lang='lat' dir='ltr'><strong>allegorica</strong></span> <span class='ocrx_word' id='word_1_781' title='bbox 2269 5517 2611 5587; x_wconf 79' lang='lat' dir='ltr'><strong>expositione</strong></span> <span class='ocrx_word' id='word_1_782' title='bbox 2640 5518 2965 5572; x_wconf 87' lang='lat' dir='ltr'><strong>aboleverit.</strong></span> <span class='ocrx_word' id='word_1_783' title='bbox 3009 5515 3260 5586; x_wconf 87' lang='lat' dir='ltr'><strong>Nunquid</strong></span> <span class='ocrx_word' id='word_1_784' title='bbox 3303 5516 3442 5570; x_wconf 89' lang='lat' dir='ltr'><strong>bene</strong></span> <span class='ocrx_word' id='word_1_785' title='bbox 3475 5525 3738 5585; x_wconf 80' lang='lat' dir='ltr'><strong>purgatur</strong></span> 
     </span>
    </p>
   </div>
   <div class='ocr_carea' id='block_1_58' title="bbox 480 5607 3739 5677">
    <p class='ocr_par' dir='ltr' id='par_1_58' title="bbox 480 5607 3739 5677">
     <span class='ocr_line' id='line_1_58' title="bbox 480 5607 3739 5677; baseline -0.001 -15"><span class='ocrx_word' id='word_1_786' title='bbox 480 5607 861 5673; x_wconf 77' lang='lat' dir='ltr'><strong>Adamantius,</strong></span> <span class='ocrx_word' id='word_1_787' title='bbox 889 5621 1016 5662; x_wconf 90' lang='lat' dir='ltr'><strong>cum</strong></span> <span class='ocrx_word' id='word_1_788' title='bbox 1059 5607 1211 5662; x_wconf 92' lang='lat' dir='ltr'><strong>illum</strong></span> <span class='ocrx_word' id='word_1_789' title='bbox 1250 5608 1405 5662; x_wconf 65' lang='lat' dir='ltr'><strong>‘hanc</strong></span> <span class='ocrx_word' id='word_1_790' title='bbox 1448 5608 1776 5662; x_wconf 88' lang='lat' dir='ltr'><strong>sententiam</strong></span> <span class='ocrx_word' id='word_1_791' title='bbox 1818 5623 1850 5663; x_wconf 93' lang='lat' dir='ltr'><strong>e</strong></span> <span class='ocrx_word' id='word_1_792' title='bbox 1881 5607 2127 5663; x_wconf 83' lang='lat' dir='ltr'><strong>Philonis</strong></span> <span class='ocrx_word' id='word_1_793' title='bbox 2172 5607 2329 5664; x_wconf 89' lang='lat' dir='ltr'><strong>libris</strong></span> <span class='ocrx_word' id='word_1_794' title='bbox 2373 5619 2676 5665; x_wconf 89' lang='lat' dir='ltr'><strong>mutuatum</strong></span> <span class='ocrx_word' id='word_1_795' title='bbox 2704 5623 2826 5663; x_wconf 85' lang='lat' dir='ltr'><strong>esse</strong></span> <span class='ocrx_word' id='word_1_796' title='bbox 2856 5607 3145 5677; x_wconf 90' lang='lat' dir='ltr'><strong>respondet</strong></span> <span class='ocrx_word' id='word_1_797' title='bbox 3192 5608 3454 5663; x_wconf 86' lang='lat' dir='ltr'><strong>Huetius?</strong></span> <span class='ocrx_word' id='word_1_798' title='bbox 3482 5608 3739 5676; x_wconf 75' lang='lat' dir='ltr'><strong>Nunquid</strong></span> 
     </span>
    </p>
   </div>
   <div class='ocr_carea' id='block_1_59' title="bbox 481 5700 3735 5775">
    <p class='ocr_par' dir='ltr' id='par_1_59' title="bbox 481 5700 3735 5775">
     <span class='ocr_line' id='line_1_59' title="bbox 481 5700 3735 5775; baseline -0 -17"><span class='ocrx_word' id='word_1_799' title='bbox 481 5700 734 5773; x_wconf 85' lang='lat' dir='ltr'><strong>Origenis</strong></span> <span class='ocrx_word' id='word_1_800' title='bbox 762 5703 973 5760; x_wconf 89' lang='lat' dir='ltr'><strong>crimen</strong></span> <span class='ocrx_word' id='word_1_801' title='bbox 1005 5703 1170 5762; x_wconf 88' lang='lat' dir='ltr'><strong>simili</strong></span> <span class='ocrx_word' id='word_1_802' title='bbox 1203 5703 1450 5762; x_wconf 83' lang='lat' dir='ltr'><strong>Philonis</strong></span> <span class='ocrx_word' id='word_1_803' title='bbox 1482 5704 1713 5761; x_wconf 89' lang='lat' dir='ltr'><strong>crimine</strong></span> <span class='ocrx_word' id='word_1_804' title='bbox 1766 5703 2034 5764; x_wconf 74' lang='lat' dir='ltr'><strong>diluitur?</strong></span> <span class='ocrx_word' id='word_1_805' title='bbox 2086 5704 2458 5775; x_wconf 80' lang='lat' dir='ltr'><strong>Conqueritur</strong></span> <span class='ocrx_word' id='word_1_806' title='bbox 2502 5703 2821 5761; x_wconf 82' lang='lat' dir='ltr'><strong>Eustathius</strong></span> <span class='ocrx_word' id='word_1_807' title='bbox 2883 5704 3026 5773; x_wconf 90' lang='lat' dir='ltr'><strong>quod</strong></span> <span class='ocrx_word' id='word_1_808' title='bbox 3071 5703 3218 5758; x_wconf 86' lang='lat' dir='ltr'><strong>nulla</strong></span> <span class='ocrx_word' id='word_1_809' title='bbox 3256 5716 3450 5759; x_wconf 83' lang='lat' dir='ltr'><strong>sensus</strong></span> <span class='ocrx_word' id='word_1_810' title='bbox 3480 5700 3735 5763; x_wconf 71' lang='lat' dir='ltr'><strong>historici</strong></span> 
     </span>
    </p>
   </div>
  </div>
