4000 6146
297 209 369 270 33
1539 213 1877 274 ΡΒᾹΞΡΑΤΙ(

1989 218 2032 273 1)
2061 217 2103 273 Τ
2110 219 2224 275 OM.
2263 219 2324 278 ll.
3495 233 3569 291 54

313 331 662 388 difﬁcultatis
698 332 993 405 attingunt.
1046 333 1090 389 E
1146 331 1294 392 Novo
1347 332 1702 396 Testamento
1736 343 1997 396 discimus
2049 343 2099 395 id
2156 359 2254 412 pro
2287 354 2438 398 certo
2485 344 2739 402 habuisse
2780 352 3074 420 apostolos,
3125 366 3249 408 esse
3295 353 3346 408 in
3387 356 3564 415 Veteri

302 423 667 479 Testamento
703 425 843 493 loca,
879 443 998 494 qua:
1036 426 1384 496 allegoricum
1419 446 1637 486 sensum
1667 436 2196 500 admittunt,deinde
2229 451 2322 489 eos
2363 437 2506 491 istud
2543 441 2864 510 principium
2901 444 2966 496 ad
2998 446 3293 515 singularia
3319 450 3564 516 quaedam

291 515 421 574 loca
472 519 950 575 accommodasse.
986 519 1122 573 Hinc
1165 531 1464 577 nascuntur
1497 524 1608 578 illae
1632 528 1971 594 qua-stiones
2015 542 2080 579 an
2120 527 2348 595 apostoli
2396 531 2729 584 crediderint
2771 543 2826 587 et
2860 536 3143 590 docuerim
3187 515 3396 594 nullum
3441 556 3567 598 esse

302 608 619 675 Scriptura
653 607 831 662 locum
865 609 954 676 qui
982 607 1172 678 ﬁguris
1206 621 1425 676 careat;
1463 628 1528 665 an
1558 614 1738 682 plures
1777 631 2001 668 numero
2025 617 2137 668 sint
2164 616 2441 684 allegoriae
2471 635 2630 688 quam
2665 638 2786 686 qua:
2834 625 2901 679 ab
2954 626 3062 680 illis
3099 627 3352 683 indicata?
3399 641 3559 697 sunt;

296 716 364 752 an
401 701 470 754 iis
503 701 904 770 investigandis
927 709 982 754 et
1015 704 1366 757 secernendis
1400 704 1468 757 ab
1503 706 1808 760 arbitrariis
1842 708 2110 777 allegoriis
2152 710 2396 777 quaedam
2449 713 2648 781 regulae
2689 717 3008 783 inserviant,
3053 730 3109 775 et
3154 737 3398 790 quaenam
3457 725 3563 778 illa:

292 791 448 853 sint;
490 809 566 845 an
617 809 715 863 per
752 792 870 846 illas
918 793 1122 862 ﬁguras
1155 797 1288 850 nihil
1336 798 1516 851 obstet
1556 799 1847 865 quominus
1885 801 2097 868 integer
2141 812 2359 855 maneat
2401 804 2653 861 litteralis
2706 823 2926 875 sensus;
2987 828 3056 865 an
3109 816 3236 882 quia
3272 817 3562 884 Apostolus

291 881 523 949 aliquod
565 882 864 951 Scripturte
913 884 1284 938 testimonium
1334 887 1624 957 allegorice
1659 904 1822 942 sensu
1869 890 2257 957 interpretatus
2306 903 2410 958 est,
2449 896 2574 951 inde
2613 911 3002 968 consequatur,
3038 913 3096 957 ut
3126 881 3396 974 quidquid
3430 925 3552 962 cum

289 974 395 1028 hoc
427 977 757 1029 testimonio
795 975 1027 1044 aliquam
1073 978 1240 1032 habet
1284 982 1703 1044 connexionem,
1735 983 1998 1050 quidquid
2039 987 2293 1050 prtecetlit
2352 998 2403 1042 et
2446 991 2709 1056 sequitur,
2759 994 2810 1046 id
2842 994 3030 1048 eodem
3080 997 3238 1050 modo
3286 1000 3356 1051 sit
3389 1001 3560 1070 expli-

289 1069 561 1122 candnm.
607 1067 733 1122 llaec
766 1080 891 1123 sunt
935 1086 1059 1139 quze
1097 1070 1360 1140 Origenes
1407 1074 1510 1128 sibi
1556 1075 1813 1129 solvenda
1845 1092 2146 1145 proponere
2187 1081 2486 1138 debuisset.
2518 1083 2790 1151 Quantum
2817 1102 2948 1142 vero
2985 1091 3050 1143 iis
3082 1091 3359 1149 solvendis
3388 1067 3563 1164 impar

289 1160 366 1214 sit
390 1162 515 1230 ejus
539 1163 851 1226 methodus,
891 1172 1265 1232 quantumque
1299 1181 1326 1218 a
1363 1167 1590 1220 veritate
1625 1180 1991 1233 removeatur,
2023 1170 2132 1238 jam
2167 1187 2326 1227 nemo
2372 1183 2456 1228 est
2487 1178 2578 1244 qui
2608 1193 2713 1230 non
2754 1180 3040 1248 intelligat.

367 1272 458 1326 Vl.
495 1275 854 1344 Experientia
909 1277 1070 1329 docet
1101 1276 1234 1332 satis
1281 1277 1519 1333 solemne
1571 1296 1692 1334 esse
1720 1281 2080 1339 vividioribus
2115 1296 2168 1338 et
2219 1286 2322 1339 sibi
2375 1288 2599 1341 nimiunn
2640 1291 3043 1362 indulgentibus
3095 1297 3326 1367 ingeniis
3373 1318 3556 1360 secum

291 1367 538 1436 turpiter
571 1380 838 1436 pugnare,
867 1375 921 1420 et
951 1369 1130 1422 studia
1174 1371 1226 1422 in
1256 1370 1531 1424 contraria
1564 1383 1717 1424 extra
1745 1374 1960 1427 modum
1991 1374 2145 1428 ferri.
2179 1377 2312 1431 Cum
2354 1379 2405 1431 in
2433 1377 2693 1445 ejusmodi
2725 1381 2968 1438 homines
3001 1403 3102 1441 non
3131 1391 3286 1444 cadat
3329 1399 3556 1452 attentio

290 1465 558 1518 diuturna
594 1475 648 1519 et
678 1466 959 1529 continua,
994 1465 1246 1519 vividiori
1295 1480 1392 1519 sua
1452 1466 1781 1536 imaginandi
1840 1469 1889 1521 vi
1934 1470 2247 1522 necessario
2278 1473 2485 1539 abrepti
2542 1473 2813 1542 nullisque
2867 1478 2986 1532 ﬁxis
3031 1481 3200 1535 innixi
3243 1488 3548 1557 principiis,

289 1557 627 1622 interrupte,
664 1565 724 1609 ut
755 1556 828 1610 ita
859 1556 1058 1622 dicam,
1101 1557 1519 1623 ratiocinantur,
1545 1567 1598 1611 et
1618 1573 1737 1628 qua:
1778 1575 1884 1614 uno
1916 1568 2157 1629 tempore
2184 1564 2513 1632 cogitarunt,
2546 1565 2812 1630 dixerunt,
2846 1579 2939 1622 aut
2983 1574 3336 1644 scripserunt,
3394 1556 3457 1633 ea
3489 1596 3556 1637 ex

291 1647 518 1701 illorum
556 1649 824 1702 memoria
853 1649 962 1702 alio
990 1660 1229 1733 tempore
1256 1651 1333 1702 ita
1367 1649 1642 1713 excidunt,
1681 1662 1739 1704 ut
1783 1653 2006 1706 omnino
2034 1654 2308 1708 contraria
2352 1670 2492 1724 saepe
2536 1657 2837 1724 proferant.
2889 1661 2997 1716 lloc
3047 1666 3180 1718 vitio
3214 1685 3321 1723 non
3369 1674 3552 1727 caruit

291 1739 586 1808 Origenes.
624 1740 756 1806 Quis
795 1741 1172 1795 conciliaverit
1198 1758 1261 1797 ea
1303 1755 1420 1810 quae
1473 1753 1660 1796 contra
1706 1757 1924 1797 sensum
1971 1745 2262 1798 litteralem
2332 1747 2553 1812 elfntiit,
2589 1765 2708 1803 cum
2747 1753 2812 1808 iis
2850 1770 2967 1822 qute
2999 1756 3124 1812 alibi
3162 1762 3321 1823 dixit,
3379 1767 3553 1834 ipsum

291 1833 632 1903 simplicium
668 1834 995 1887 institutioni
1030 1845 1084 1888 et
1111 1835 1456 1888 aedilicationi
1490 1832 1762 1897 sufﬁcere,
1800 1834 2028 1902 ipsoque
2056 1836 2150 1888 niti
2185 1837 2502 1906 religionem
2531 1853 2747 1894 omnem
2783 1859 2845 1896 ac
2870 1844 3028 1898 ﬁdem
3074 1832 3556 1913 Christianorum?

288 1928 346 1982 Si
393 1927 706 1995 Scriptura:
736 1926 914 1980 littera
947 1927 1244 1982 innumeris
1290 1927 1396 1982 illis
1438 1927 1646 1982 laborat
1683 1927 1826 1980 vitiis
1856 1941 1974 1995 qu:e
2003 1929 2051 1980 ei
2105 1931 2416 1997 exprobrat,
2465 1934 2706 2000 nunquid
2745 1935 2962 1991 timendi
3011 1939 3158 1994 locus
3200 1959 3306 1998 non
3351 1958 3450 2011 est,
3486 1966 3555 2007 ne

284 2021 471 2088 potius
530 2019 846 2072 scandalum
883 2020 1081 2088 pariat,
1144 2034 1305 2088 quant
1340 2021 1774 2086 aediﬁcationem,
1807 2036 1870 2074 ac
1902 2023 2078 2089 p0tins
2113 2022 2294 2088 lapsus
2319 2025 2536 2080 occasio
2580 2027 2670 2089 sit,
2700 2043 2862 2095 quam
2903 2030 3022 2085 fons
3048 2033 3267 2090 luminis
3289 2048 3340 2092 et
3367 2051 3552 2098 scatu‘

286 2117 407 2183 rigo
462 2116 772 2168 salubrium
827 2117 1297 2175 documentorum,
1350 2113 1652 2180 prmsertitn
1697 2112 2054 2180 simplicibus,
2087 2128 2313 2180 quorum
2362 2116 2496 2170 ﬁdes
2551 2118 2684 2171 adeo
2729 2118 2889 2172 facile
2942 2120 3344 2181 labefactatur?
3393 2132 3548 2196 Quod

283 2209 529 2277 prodigii
563 2208 684 2261 loco
714 2216 816 2271 est,
852 2207 1000 2259 mille
1039 2207 1092 2260 in
1125 2206 1279 2268 locis,
1320 2205 1480 2273 idque
1526 2220 1708 2258 coram
1764 2206 1980 2274 populo,
2030 2207 2280 2261 litteralis
2328 2225 2519 2264 sensus
2583 2211 2918 2266 incommoda
2965 2218 3027 2268 ad
3073 2235 3328 2274 nauseam
3381 2240 3556 2294 usque

285 2309 598 2368 exaggerat
646 2297 952 2369 Origenes;
996 2298 1116 2351 aliis
1144 2307 1326 2350 autem
1357 2295 1412 2350 in
1448 2295 1578 2349 locis
1621 2299 2021 2364 persentiscens
2067 2300 2391 2366 periculum,
2431 2301 2520 2354 cui
2554 2303 2821 2371 ejusmodi
2871 2308 3198 2376 principium
3248 2312 3546 2373 obnoxium

281 2405 386 2461 est,
429 2395 570 2449 illud
597 2395 786 2448 eodem
819 2393 983 2448 animi
1020 2393 1222 2446 ardore
1253 2391 1551 2458 impugnat,
1586 2404 1693 2457 quo
1740 2390 1913 2462 fuerat
1955 2401 2112 2444 antea
2155 2393 2222 2444 ab
2268 2393 2384 2461 ipso
2419 2405 2838 2466 propngnatum.
2885 2399 2938 2452 ld
2981 2402 3164 2456 videre
3207 2416 3294 2459 est
3327 2409 3544 2465 homilia

281 2488 535 2545 secunda
568 2487 622 2541 in
654 2485 936 2550 Genesim,
972 2485 1061 2540 ubi
1087 2500 1230 2538 arcte
1269 2483 1504 2537 Noeticte
1540 2481 1824 2534 hiSIoriam
1855 2482 2073 2535 litterali
2107 2498 2266 2536 sensu
2303 2486 2479 2553 accipi
2511 2488 2708 2542 debere
2731 2493 3011 2545 contendit
3046 2510 3060 2546 :
3094 2510 3114 2544 ι
3161 2494 3302 2561 llaec,
3342 2500 3542 2568 inquit,

282 2590 562 2650 quantum
594 2579 661 2633 ad
699 2579 940 2634 historia:
976 2579 1209 2647 pertinet
1240 2576 1529 2638 rationem,
1564 2574 1826 2626 adversus
1846 2587 1942 2626 eos
1978 2574 2120 2626 dicta
2146 2575 2275 2638 sint,
2305 2577 2394 2643 qui
2433 2579 2749 2646 impugnare
2775 2579 3091 2649 Scripturas
3115 2585 3326 2642 Veteris
3357 2589 3550 2644 Testa-

285 2674 458 2726 menti
496 2673 769 2736 nituntur,
803 2681 1060 2740 tanquam
1092 2669 1445 2738 impossibilia
1473 2665 1720 2736 quaedam
1760 2673 1815 2716 et
1861 2664 2255 2719 irrationabilia
2302 2670 2666 2724 continentes.
2707 2690 2723 2721 ι
2778 2672 2943 2738 Quasi
2990 2691 3117 2731 vero
3144 2682 3284 2746 quod
3332 2684 3383 2736 in
3429 2684 3550 2739 aliis

281 2770 531 2832 damnat,
564 2765 615 2820 id
655 2781 759 2819 non
787 2764 951 2819 fuerit
993 2766 1061 2820 ab
1111 2767 1224 2834 ipso
1253 2763 1448 2817 millies
1474 2764 1840 2816 decantatnm.
1878 2758 2148 2814 Praeterea
2177 2759 2460 2815 manifesta
2481 2773 2627 2828 sunt,
2664 2767 2961 2832 etdiserta,
3001 2779 3054 2823 et
3093 2786 3286 2840 magno
3321 2793 3549 2834 numero

286 2861 407 2931 ejus
435 2861 583 2927 loca,
615 2860 711 2914 ubi
749 2859 1036 2930 allegorias
1080 2859 1134 2913 in
1182 2859 1330 2913 omni
1369 2857 1655 2924 Scriptura
1690 2853 1920 2923 reperiri
1957 2863 2238 2922 pernegat,
2287 2863 2342 2908 et
2389 2864 2568 2909 tamen
2616 2861 2769 2926 quasi
2821 2860 2981 2930 hujus
3034 2865 3282 2934 principii
3317 2869 3542 2936 oblitus,

289 2956 562 3026 mysticus
596 2967 790 3006 sensus
825 2953 881 3005 in
911 2951 1145 3021 singulis
1176 2951 1460 3020 utriusque
1495 2948 1824 3004 Testamenti
1860 2946 2075 3018 paginis
2103 2947 2324 3017 inquirit
2356 2958 2408 3002 et
2457 2950 2639 3004 animo
2683 2952 2782 3006 sibi
2818 2953 2968 3023 ﬁngit
3047 2956 3187 3021 Qttin
3215 2970 3270 3013 et
3318 2961 3540 3018 humilia

286 3051 472 3118 prima
509 3049 562 3101 in
597 3045 839 3102 Exedunt
883 3045 960 3100 sic
1015 3045 1303 3114 loquitur:
1339 3064 1357 3097 ι
1391 3045 1504 3112 Ego
1537 3045 1766 3098 credens
1786 3043 1965 3097 verbis
2006 3044 2212 3098 Domini
2247 3047 2351 3098 mei
2381 3043 2506 3100 Jesu
2537 3046 2759 3112 Christi,
2798 3047 2850 3101 in
2897 3049 3097 3120 lege-et
3125 3057 3402 3122 prophetis
3430 3057 3538 3114 iota

289 3141 519 3209 quidem
556 3155 744 3204 unum,
773 3149 864 3192 aut
892 3154 1057 3193 unum
1087 3140 1294 3207 apicem
1331 3153 1434 3191 non
1467 3147 1598 3206 puto
1633 3153 1756 3191 esse
1789 3137 2064 3206 mysteriis
2097 3153 2347 3201 vacuum,
2388 3154 2487 3193 nec
2510 3149 2636 3208 puto
2664 3141 2864 3210 aliquid
2898 3144 3085 3198 horum
3125 3152 3360 3206 transire
3383 3169 3544 3220 posse

284 3236 472 3291 donec
503 3235 686 3290 omnia
743 3237 894 3289 ﬁant.
928 3254 948 3287 ι
986 3235 1049 3288 Et
1086 3235 1183 3288 lib.
1224 3250 1277 3289 tv
1311 3235 1387 3288 De
1434 3234 1732 3303 principiis,
1761 3250 1911 3287 num.
1946 3233 2016 3288 20
2048 3251 2062 3286 :
2097 3252 2115 3282 ε
2161 3233 2252 3288 Sic
2304 3235 2452 3288 enim
2494 3236 2561 3290 de
2613 3237 2862 3292 universa
2917 3239 3198 3309 Scriptura
3249 3248 3543 3306 statuimus

281 3345 516 3386 sensum
551 3332 746 3399 ubique
775 3345 894 3385 esse
919 3331 1240 3399 spiritalem,
1281 3346 1387 3384 non
1418 3331 1617 3400 ubique
1649 3345 1997 3399 corporeum.
2038 3350 2056 3381 ι
2089 3329 2212 3385 [hee
2245 3340 2428 3398 aperte
2459 3341 2834 3400 pugnantcum
2860 3333 2974 3402 ejus
3005 3337 3329 3395 testimoniis
3375 3358 3537 3413 supra

279 3425 468 3478 citatis
491 3424 648 3477 artic.
683 3424 736 3477 2.
767 3423 1008 3492 Denique
1045 3424 1187 3490 quod
1222 3423 1358 3476 dixit
1384 3421 1728 3476 dilﬁcilimum
1756 3437 1894 3484 esse,
1914 3439 1983 3477 ne
2011 3422 2222 3476 dicatur
2247 3422 2598 3492 impossibile,
2619 3425 2876 3493 mysticus
2891 3443 3028 3492 quos
3051 3428 3214 3482 habet
3255 3429 3536 3502 Scriptura

280 3535 476 3576 sensus
500 3521 853 3589 investigare,
887 3519 941 3573 id
989 3535 1096 3574 non
1119 3519 1280 3574 facile
1323 3535 1445 3574 cum
1499 3518 1769 3574 indefesso
1795 3519 1913 3588 ejus
1952 3519 2004 3572 in
2038 3518 2301 3587 ejusmodi
2352 3519 2598 3572 sensibus
2633 3521 2939 3574 scrutandis
2968 3522 3146 3576 studio
3193 3526 3530 3583 conciliatur.

359 3640 468 3697 νη.
506 3642 810 3697 Veritatem
854 3654 1140 3711 perperam
1177 3650 1456 3710 acceptam
1501 3656 1642 3710 swpe
1697 3639 1920 3710 perinde
1951 3653 2168 3703 nocere,
2211 3653 2277 3692 ac
2326 3636 2521 3692 falsum
2571 3639 2924 3706 principium,
2957 3655 3152 3709 magno
3178 3643 3426 3710 exemplo
3453 3651 3539 3698 est

283 3739 574 3810 Origenes.
609 3740 692 3793 Ah
724 3739 986 3808 apostolis
1016 3738 1281 3792 didicerat
1307 3736 1488 3790 Jesum
1523 3738 1799 3792 Christum
1836 3750 2033 3803 resque
2069 3735 2136 3787 ab
2187 3749 2252 3787 eo
2279 3744 2459 3802 gestas
2500 3742 2555 3786 et
2587 3732 2702 3800 ejus
2733 3735 2987 3801 mysteria
3037 3735 3090 3788 in
3133 3737 3312 3791 Veteri
3343 3737 3534 3793 Testa-

283 3846 472 3888 mento
504 3834 842 3888 adumbrari.
876 3831 1018 3888 Hinc
1051 3833 1115 3887 ad
1145 3834 1498 3902 mysticorum
1531 3847 1787 3886 sensuum
1823 3830 2295 3900 investigationem
2327 3829 2566 3882 habenas
2597 3828 2814 3897 ingenio
2842 3844 2943 3883 suo
2989 3832 3380 3898 permittendas
3413 3850 3533 3889 esse

281 3931 520 3992 censuit,
556 3944 621 3984 eo
648 3928 866 3983 aliunde
897 3928 1158 3997 impulsus
1185 3928 1401 3998 publico
1444 3928 1526 3981 sui
1561 3927 1819 3995 temporis
1849 3941 2062 3994 sapore,
2088 3924 2338 3978 vividiori
2372 3939 2468 3978 sua
2500 3924 2829 3991 imaginandi
2866 3925 2942 3990 vi,
2967 3931 3292 3995 scriptorum
3321 3927 3534 3983 Julia-o-

281 4037 428 4086 rum,
471 4023 754 4090 gentilium
808 4039 872 4078 ac
919 4023 1352 4078 Christianorum
1405 4023 1683 4092 allegoriis
1706 4023 2010 4076 deditorum
2062 4021 2316 4082 lectione,
2361 4034 2626 4088 perparvo
2649 4019 2790 4087 quod
2823 4029 2947 4074 tunc
2971 4034 3086 4074 erat
3119 4023 3185 4074 ad
3239 4023 3531 4092 Scriptum

279 4111 528 4169 litteram
563 4115 946 4170 elucidandam
980 4115 1204 4178 auxilio,
1258 4131 1320 4170 ac
1373 4115 1607 4184 denique
1640 4116 1901 4182 stupenda
1938 4113 2049 4176 illa,
2085 4128 2190 4180 qua
2219 4125 2380 4179 opera
2409 4126 2502 4164 sua
2539 4109 2792 4175 cudebat,
2820 4111 3125 4166 velocitate.
3172 4113 3245 4166 Ex
3277 4115 3530 4173 omnibus

284 4209 408 4264 istis
442 4210 621 4264 causis
653 4210 858 4278 prodiit
896 4209 1251 4266 inexhaustus
1299 4210 1392 4265 ille
1437 4210 1818 4279 allegoriarum
1854 4208 1994 4274 fons,
2029 4222 2136 4275 quo
2169 4216 2378 4262 cunctae
2404 4205 2518 4272 ejus
2558 4205 2881 4274 scriptiones
2915 4208 3050 4261 adeo
3084 4209 3437 4275 inundantur,
3469 4218 3528 4266 ut

279 4303 558 4356 neminem
589 4313 716 4358 ante
743 4319 800 4359 se
835 4305 888 4358 in
923 4305 1023 4360 hoc
1049 4317 1250 4374 genere
1275 4307 1609 4374 superiorem
1638 4305 1909 4371 habuerit,
1948 4320 2049 4359 nec
2074 4304 2240 4357 ullum
2269 4312 2388 4370 post
2420 4316 2478 4356 se
2508 4301 2610 4356 sibi
2647 4316 2834 4371 parem
2867 4302 3164 4372 reliquerit.
3194 4304 3433 4359 Primum
3459 4307 3524 4359 ad

277 4393 639 4466 allegoricam
663 4399 970 4455 methodum
1006 4403 1264 4472 abreptus
1293 4411 1378 4456 est
1407 4411 1648 4456 veterum
1687 4401 1995 4456 Iudaeorum
2027 4400 2301 4467 exemplo,
2332 4399 2526 4467 quibus
2563 4397 2699 4451 alius
2741 4412 2846 4450 non
2886 4398 3161 4452 arridebat
3193 4401 3522 4468 exponendae

278 4487 581 4556 Scriptum
617 4489 822 4544 modus.
852 4491 934 4545 Ab
963 4493 1045 4546 eis
1073 4492 1258 4546 hausit
1286 4493 1480 4546 scitum
1529 4492 1683 4554 illud,
1711 4492 1945 4545 litteram
1980 4505 2100 4544 esse
2125 4491 2426 4545 divinorum
2461 4489 2791 4543 voluminum
2834 4503 3050 4560 corpus,
3079 4491 3307 4560 mystico
3338 4501 3518 4545 autem

273 4595 438 4637 sensu
471 4580 710 4634 animam
747 4582 828 4637 vel
867 4584 1114 4653 spiritum
1149 4585 1364 4639 illorum
1392 4585 1681 4639 contineri.
1707 4583 2065 4638 Admirationi
2093 4584 2140 4637 ei
2175 4593 2329 4636 erant
2353 4580 2508 4634 Philo
2535 4582 2973 4645 etAristobulus,
3003 4583 3079 4635 uti
3123 4591 3266 4651 patet
3299 4597 3328 4635 c
3353 4582 3443 4636 lib.
3470 4597 3520 4636 tv

277 4683 466 4725 contra
498 4671 726 4739 Celsum,
758 4691 909 4728 num.
949 4677 1039 4741 51,
1074 4676 1164 4732 ubi
1208 4677 1284 4731 ait
1323 4695 1336 4729 :
1375 4694 1393 4726 ι
1439 4675 1657 4730 lllorum
1685 4676 1976 4741 volumina,
2011 4684 2267 4743 quantum
2299 4674 2608 4740 conjectura
2634 4686 2965 4742 cognoscere
2987 4681 3090 4737 est,
3127 4671 3351 4724 ntinime
3381 4673 3516 4726 vidit

271 4760 484 4818 Celsus.
510 4763 646 4818 Nam
683 4765 772 4818 illa
807 4765 938 4820 mihi
966 4767 1215 4821 videntur
1254 4776 1490 4821 mentem
1521 4767 1923 4834 Scripturarum
1957 4776 2015 4818 ut
2040 4765 2332 4835 plurimum
2361 4766 2434 4818 ita
2465 4765 2701 4833 assequi,
2732 4773 2789 4816 ut
2814 4763 2900 4816 vel
2935 4762 3139 4817 Graecis
3178 4764 3518 4833 philosophis

271 4855 622 4912 admirationi
645 4873 766 4912 esse
795 4859 1028 4927 possint.
1066 4858 1142 4912 lbi
1175 4859 1321 4912 enim
1360 4873 1463 4911 non
1495 4857 1668 4911 solum
1723 4858 1776 4909 in
1812 4856 2070 4918 dictione.
2107 4856 2198 4910 sed
2253 4856 2416 4908 etiam
2459 4855 2512 4907 in
2550 4854 2831 4908 sententiis
2882 4865 2936 4906 et
2987 4854 3254 4923 dogmatis
3306 4855 3516 4906 videtur

272 4946 518 5004 delectus
545 4959 600 5004 et
633 4951 932 5020 diligentia,
969 4959 1021 5004 et
1053 4951 1346 5020 praeclarus
1375 4966 1563 5004 eorum
1600 4949 1893 5017 Scriptum
1936 4949 2180 5002 locorum
2209 4963 2360 5010 usus,
2391 4962 2512 5015 qua:
2549 4944 2735 5000 Celsus
2762 4959 2859 5014 pro
2892 4944 3085 4998 fabulis
3124 4945 3305 5000 habet.
3343 4963 3361 4997 ι
3395 4945 3515 5011 Quo

270 5040 518 5097 encomio
546 5042 706 5112 plane
737 5043 1097 5098 conﬁrmatur
1122 5046 1234 5098 haec
1260 5045 1441 5099 Photii
1487 5045 1554 5097 de
1606 5043 1832 5097 Philone
1887 5043 2163 5096 adnotatio
2208 5041 2464 5095 Biblioth.
2491 5040 2609 5094 cod.
2639 5054 2702 5092 cv
2739 5057 2752 5091 :
2799 5056 2817 5088 ι
2853 5038 2928 5090 Ex
2975 5052 3062 5101 eo,
3097 5039 3310 5107 opinor,
3339 5039 3514 5095 omnis

275 5132 569 5204 allegorica
605 5134 904 5204 Scriptura;
940 5138 1366 5205 tnterpretandae
1404 5136 1543 5190 ratio
1575 5137 1628 5188 in
1664 5136 1962 5191 Ecclesiam
2001 5135 2243 5190 irruendi
2288 5134 2476 5188 habuit
2507 5133 2743 5187 initium.
2787 5150 2806 5182 ›
2857 5131 3060 5184 Deinde
3091 5135 3233 5199 quod
3272 5136 3351 5186 ait
3382 5134 3516 5188 Por-

271 5228 494 5298 phyrius
523 5230 665 5299 apud
702 5229 926 5294 Euseb.,
959 5230 1102 5286 Hist.
1149 5232 1302 5295 θυσίη
1346 5232 1440 5286 lib.
1479 5245 1554 5296 vt,
1585 5247 1704 5300 cap.
1739 5232 1828 5298 19,
1863 5233 1916 5286 id
1969 5232 2104 5286 mihi
2160 5230 2220 5283 ﬁt
2269 5230 2554 5283 admodum
2627 5227 2937 5288 verisimile,
2969 5224 3255 5294 Origenent
3297 5243 3512 5298 nempe,

272 5334 392 5372 cum
419 5320 640 5375 assidua
689 5319 1094 5377 Platonicorum
1149 5335 1203 5376 et
1249 5323 1734 5393 Pythagoricorum
1782 5323 2014 5377 lectione
2060 5322 2383 5376 familiarem
2443 5319 2544 5372 sibi
2599 5317 2820 5370 fecisset
2879 5319 3234 5371 abstrusioris
3264 5331 3508 5375 veterum

271 5411 716 5480 philosophorum
751 5413 1014 5468 doctrinae
1040 5413 1328 5484 allegorieo
1355 5430 1519 5469 sensu
1552 5413 1974 5483 interpretanda:
2003 5414 2240 5473 modum,
2273 5411 2419 5462 illum
2449 5423 2662 5475 quoque
2697 5408 2764 5460 ad
2794 5407 3099 5463 Judaeorum
3136 5409 3301 5462 libros
3332 5422 3511 5467 trans-

273 5503 477 5557 tulisse.
511 5502 630 5557 Huc
666 5505 805 5560 adde
835 5508 978 5576 quod
1012 5504 1250 5573 conjicit
1289 5506 1516 5561 Huetius
1566 5505 1878 5576 Origem‘an.
1914 5508 2006 5561 lib.
2041 5519 2178 5572 tt,q.
2213 5504 2299 5567 15,
2331 5504 2394 5554 ad
2432 5501 2483 5551 id
2527 5498 2795 5550 scribendi
2829 5516 2998 5567 genus
3025 5500 3319 5551 excitatura
3353 5505 3514 5557 etiam

272 5592 435 5648 fuisse
458 5594 844 5650 Adamantium
887 5599 1136 5666 exemplo
1166 5597 1460 5652 Metrodori
1496 5596 1873 5666 Lampsaceni,
1904 5611 2063 5664 quem
2095 5603 2282 5647 narrat
2315 5589 2580 5642 Tatianns
2615 5593 2785 5635 totum
2819 5589 3111 5641 llomcrum
3153 5587 3206 5638 in
3234 5584 3522 5654 allegorias

275 5687 526 5749 traxisse.
567 5698 621 5744 et
653 5689 956 5750 Heraclidls
985 5689 1220 5760 Pontici,
1248 5691 1650 5766 flomericarum
1688 5689 2062 5759 allegoriarum
2110 5685 2415 5754 scriptoris.
2476 5679 2744 5731 Praeterea
2792 5677 3140 5749 compertum
3197 5682 3302 5732 est,
3355 5681 3536 5750 magni
