4000 6146
405 213 478 269 35
1603 203 1852 260 PRAEFA
1861 201 1975 256 'l’lO

2147 201 2308 256 TOM.
2348 204 2411 256 ll.
3617 207 3690 262 36

410 332 611 402 ingenii
658 333 802 388 viros
828 349 950 392 cum
1002 347 1068 386 e0
1102 343 1273 399 usque
1309 342 1416 380 non
1447 324 1901 395 progrediuntur,
1935 332 1990 376 ut
2043 338 2202 392 supra
2249 320 2428 376 saeculi
2483 319 2566 373 sui
2612 318 2988 389 praeiudicatas
3036 318 3324 386 opiniones
3364 334 3484 374 sese
3516 323 3685 374 attul-

410 420 547 489 lant,
593 426 806 480 illarum
844 426 962 496 plus
1013 422 1228 478 caeteris
1289 415 1599 473 hominibus
1659 418 1888 469 miseros
1930 430 2052 468 esse
2092 429 2304 468 servos.
2343 411 2593 483 Origeuis
2633 421 2818 475 aglale,
2853 411 3092 463 omnium
3153 412 3431 468 hominum
3467 414 3687 469 animos

410 521 808 591 mystagogicus
854 519 1045 588 genius
1100 518 1397 570 invaserat.
1452 511 1531 566 Eo
1585 523 1806 580 quoque
1857 508 2030 578 abripi
2077 524 2135 562 se
2182 522 2372 577 passus
2417 515 2504 560 est
2539 503 2918 566 Adamantius,
2978 517 3212 572 cumque
3256 520 3314 558 se
3363 505 3594 558 dicendo
3620 521 3690 559 ac

409 613 696 667 scribendo
751 627 977 681 prorsus
1023 610 1276 664 idoneum
1342 606 1594 669 sentiret,
1645 604 1714 658 ad
1767 604 1927 672 idque
1977 617 2202 656 munere
2255 616 2356 656 suo
2403 599 2682 668 variisque
2729 597 3158 651 circumstantiis
3227 597 3561 666 adigeretur,
3613 598 3686 650 ad

409 703 719 757 auditorum
782 719 847 758 ac
903 703 1169 758 lectorum
1233 714 1464 756 suorum
1527 713 1801 766 saporem,
1856 698 1946 766 qui
1995 706 2136 750 totus
2181 696 2232 748 in
2283 695 2559 764 allegoriis
2615 701 2750 752 erat,
2810 704 2929 743 sese
2981 691 3402 746 accommodare
3448 690 3684 746 Studuit.

409 797 611 853 Scribit
642 799 808 852 etiam
838 797 1204 868 llieronymns
1235 795 1286 849 in
1332 792 1585 862 (Iatalogo
1634 793 1949 860 scriptorum
1999 789 2504 849 ecclesiasticarum,
2556 802 2707 840 num.
2764 786 2853 850 61,
2909 784 3255 840 Ambrosium
3298 783 3366 838 ad
3423 783 3686 837 librorum

406 887 686 944 saerorum
747 888 1252 958 interpretationem
1298 884 1587 954 Origenem
1642 884 1918 947 incitasse,
1973 882 2026 935 in
2077 880 2476 935 aemulationem
2534 878 2830 950 Hippolyti,
2866 878 3033 935 editis
3081 876 3197 948 jam
3249 877 3303 932 in
3340 876 3687 948 Scripturam

405 981 656 1050 plurimis
686 978 850 1047 hujus
882 980 1104 1050 generis
1137 976 1556 1032 commentariis
1603 975 1919 1031 clarissimi.
1959 972 2094 1028 Cum
2151 973 2314 1044 igitur
2368 973 2686 1042 magistrum
2724 989 2880 1028 suum
2934 972 3140 1026 nemini
3180 974 3482 1028 concedere
3522 972 3690 1027 vellet

405 1077 751 1140 Ambrosius,
786 1075 919 1129 nihil
956 1089 1062 1129 non
1089 1077 1259 1129 movit
1299 1090 1406 1143 quo
1435 1089 1556 1128 eum
1587 1085 1803 1141 quoque
1839 1069 1906 1122 ad
1939 1069 2294 1138 allegoricnm
2336 1068 2613 1123 scribendi
2644 1083 2816 1138 genus
2844 1065 3171 1136 impelleret,
3205 1075 3469 1134 tantoque
3499 1069 3689 1122 studio

404 1168 652 1239 quotidie
678 1169 744 1220 ab
769 1182 835 1220 eo
866 1182 1003 1235 opus
1027 1165 1302 1234 exigebat,
1345 1174 1404 1218 ut
1440 1165 1492 1218 in
1526 1163 1759 1232 quadam
1790 1159 2024 1230 epistola
2063 1158 2429 1230 ἐργοδιώκτην
2455 1175 2579 1214 eum
2614 1157 2878 1229 Origenes
2903 1159 3278 1230 appellaverit.
3311 1157 3395 1212 Ad
3427 1160 3478 1212 id
3514 1161 3684 1212 etiam

405 1265 554 1321 illum
585 1263 822 1334 perpulit
853 1263 1078 1333 prmbita
1111 1277 1140 1314 a
1170 1261 1444 1315 Marcione
1466 1257 1682 1313 occasio
1710 1256 1971 1326 pestifero
2003 1254 2288 1320 hicretico,
2315 1256 2409 1325 qui
2443 1255 2737 1325 allegorias
2768 1269 2797 1307 a
2826 1253 3127 1324 Scriptura:
3171 1267 3346 1308 sacrae
3384 1255 3682 1322 expositio-

414 1362 575 1415 nibus
607 1360 826 1428 penitus
859 1356 1201 1412 excludebat.
1228 1355 1353 1424 Ejus
1376 1351 1718 1424 oppugnandi
1745 1351 1925 1405 studio
1959 1351 2010 1404 in
2041 1351 2318 1406 contraria
2353 1351 2535 1405 omnia
2569 1350 2698 1404 abiit
2727 1348 2991 1420 Origenes
3020 1349 3405 1417 allegoriisque
3434 1349 3686 1406 consulto

409 1453 658 1508 indulsit.
702 1451 886 1521 Neque
925 1451 1089 1504 etiam
1143 1449 1367 1503 tacenda
1401 1455 1482 1502 est
1531 1446 1617 1499 illa
1649 1461 1768 1514 quae
1795 1443 2052 1516 Origenis
2081 1453 2241 1497 aetate
2275 1451 2415 1508 erat,
2466 1442 2898 1496 necessariorum
2934 1445 3002 1496 ad
3035 1442 3228 1496 litterae
3260 1440 3684 1497 elucidationem

406 1551 733 1608 auxiliorum
775 1549 982 1618 in0pia.
1019 1547 1158 1602 llinc
1196 1546 1443 1614 quaadam
1484 1541 1828 1597 necessitatis
1863 1542 2074 1611 species
2105 1540 2450 1594 Christianos
2482 1538 2730 1608 urgebat,
2757 1547 2817 1592 ut
2845 1539 3108 1608 mysticos
3141 1537 3231 1606 qui
3271 1535 3435 1590 facile
3462 1538 3685 1605 excogi-

408 1657 621 1710 tantur,
651 1659 845 1699 sensus
888 1643 1088 1696 littera:
1142 1641 1340 1710 saepius
1385 1639 1634 1692 obscurae
1683 1634 2099 1688 sul,:stituerent.
2151 1631 2325 1699 l-lujns
2380 1631 2454 1686 rei
2515 1631 2664 1686 mille
2703 1640 3020 1700 argumenta
3070 1629 3332 1699 praebebit
3391 1627 3677 1699 Origenes.

405 1745 633 1810 Quoties
661 1741 932 1796 tantillum
965 1738 1239 1804 explicatu
1278 1734 1514 1788 difﬁcilis
1549 1744 1634 1788 est
1664 1734 1869 1795 littera,
1907 1731 2067 1785 toties
2097 1730 2212 1785 fere
2235 1730 2385 1784 illam
2423 1729 2623 1784 clamat
2647 1728 2864 1792 falsam,
2915 1727 3229 1792 absurdam,
3264 1728 3676 1796 impossibilem,

403 1838 794 1908 optionemque
823 1833 916 1886 dat
951 1830 1297 1885 auditoribus
1329 1828 1444 1881 suis
1473 1835 1532 1880 ut
1559 1825 1642 1878 vel
1680 1824 1804 1878 fidei
1835 1822 2134 1889 Scriptura:
2165 1822 2577 1883 abrenuntient,
2614 1819 2699 1874 vel
2734 1819 2884 1874 illam
2926 1819 3217 1888 allegorice
3257 1829 3551 1890 exponant.
3585 1820 3679 1875 Illa

409 1941 592 1984 tamen
621 1927 744 1981 loca
773 1923 916 1979 unde
944 1924 1025 1977 sic
1054 1921 1419 1976 ratiocinandi
1455 1934 1645 1973 ansam
1678 1917 1897 1986 arripit,
1934 1917 2006 1968 ita
2062 1916 2385 1984 plerumque
2431 1914 2705 1984 explicatu
2765 1912 2944 1967 facilia
2995 1923 3144 1976 sunt,
3176 1922 3233 1968 ut
3266 1913 3452 1966 mirari
3483 1914 3683 1968 subeat

406 2023 678 2093 quomodo
713 2022 764 2074 in
791 2018 1104 2087 anagogicis
1138 2017 1390 2071 sensibus
1425 2017 1515 2083 qui
1550 2029 1693 2067 nunc
1721 2028 1748 2065 a
1784 2009 2032 2078 subjecto
2079 2018 2402 2078 argumento
2443 2024 2669 2079 prorsus
2699 2009 2867 2062 alieni
2910 2008 3190 2073 videntur,
3239 2009 3681 2078 introspicieudis

406 2124 518 2169 tam
557 2123 774 2166 acutum
805 2120 1075 2173 cerneret,
1107 2118 1160 2163 et
1191 2109 1412 2163 aliunde
1462 2121 1689 2176 prorsus
1722 2104 2026 2167 caecutiret,
2081 2103 2170 2155 ubi
2217 2102 2556 2171 dispellenda
2601 2110 2718 2153 erat
2751 2101 2932 2169 aliqua
2961 2101 3160 2154 litterae
3192 2099 3529 2165 obscuritas,
3561 2117 3681 2168 qua:

407 2206 610 2261 nullam
639 2205 801 2259 hodie
827 2203 910 2258 vel
940 2202 1310 2256 mediocribus
1343 2199 1574 2269 ingeniis
1605 2197 1915 2251 molestiam
1949 2195 2196 2250 facessit.
2250 2196 2496 2262 Denique
2531 2193 2617 2247 illa
2646 2209 2753 2261 qua
2788 2193 2840 2246 in
2880 2207 3106 2262 operum
3136 2206 3358 2246 suorum
3389 2191 3681 2250 elucubra-

408 2300 562 2356 tione
588 2297 881 2360 ferebatur,
935 2295 1222 2365 rapiditas,
1265 2293 1332 2347 iis
1374 2293 1533 2347 rebus
1564 2292 1862 2346 tractandis
1887 2305 2010 2360 qua:
2056 2304 2313 2357 magnam
2348 2287 2786 2357 disquisitionem
2815 2295 2872 2341 et
2895 2286 3212 2340 diuturnam
3268 2285 3680 2340 meditationem

406 2391 713 2460 requirunt,
742 2404 863 2444 eum
891 2389 1108 2458 penitus
1136 2388 1399 2455 imparem
1427 2386 1710 2440 reddebat.
1748 2384 1883 2439 Cum
1931 2393 2137 2451 septem
2186 2391 2240 2436 et
2290 2382 2526 2451 amplius
2574 2383 2817 2436 notarios
2867 2382 3061 2435 diurno
3091 2390 3464 2447 nocturnoque
3492 2379 3684 2432 labore

405 2487 715 2550 distineret,
747 2493 998 2554 paratam
1035 2498 1255 2553 semper
1288 2481 1489 2536 habere
1521 2481 1710 2535 debuit
1763 2480 2074 2546 materiam,
2113 2494 2276 2548 quam
2315 2486 2394 2532 tot
2437 2477 2619 2546 operis
2662 2475 3037 2532 distribueret.
3065 2475 3259 2530 Melius
3291 2490 3421 2544 ergo
3454 2475 3506 2528 in
3541 2473 3678 2529 alle-

403 2581 586 2653 gorica
620 2595 782 2650 quam
817 2579 870 2633 in
908 2577 1126 2633 litterali
1161 2577 1570 2644 Scripturarum
1618 2575 1966 2643 expositione
1999 2589 2115 2629 rem
2164 2589 2318 2627 suam
2361 2573 2468 2628 sibi
2514 2571 2693 2626 facere
2727 2571 3035 2635 videbatur,
3067 2571 3267 2641 quippe
3318 2569 3406 2625 cui
3445 2567 3682 2624 fecunda

404 2675 733 2745 imaginandi
770 2673 854 2727 vis
881 2673 1147 2743 mysticos
1173 2687 1370 2726 sensus
1397 2685 1613 2740 semper
1645 2671 1712 2726 ad
1743 2671 2034 2724 arbitrium
2075 2667 2360 2724 offerebat.
2392 2666 2718 2722 Econlrario
2743 2669 2961 2721 taedium
3000 2681 3063 2720 ac
3097 2666 3370 2720 fastidium
3409 2664 3457 2720 ei
3500 2665 3682 2735 parie—

405 2769 499 2822 bat
529 2769 610 2823 vel
645 2769 866 2822 minima
897 2769 1091 2822 littera;
1114 2767 1428 2832 difficultas,
1455 2783 1695 2836 cumque
1724 2777 1968 2837 tempore
1991 2781 2090 2822 suo
2115 2767 2190 2819 uti
2218 2780 2314 2835 pro
2335 2765 2561 2819 arbitrio
2599 2765 2646 2819 ei
2689 2779 2791 2818 non
2818 2763 3028 2825 liceret,
3062 2761 3166 2817 illis
3193 2762 3305 2816 fere
3329 2769 3447 2816 erat
3487 2760 3684 2816 similis

407 2860 675 2928 operariis
709 2860 799 2928 qui
830 2875 966 2927 Opus
992 2859 1212 2927 aliquod
1238 2858 1550 2914 faciendum
1583 2860 1877 2925 redimunt,
1917 2869 1972 2914 et
2001 2873 2114 2929 prae
2145 2859 2314 2913 nimia
2339 2874 2443 2928 qua
2475 2858 2624 2929 operi
2675 2857 2993 2913 incumbunt
3036 2855 3332 2922 celeritate,
3368 2854 3481 2911 fere
3547 2853 3684 2910 nihil

406 2951 532 3005 boni
561 2966 721 3020 agere
746 2951 1116 3020 reperiuntur.

477 3066 610 3120 Vlll.
645 3085 664 3119 ι
703 3067 994 3138 Allegoriis
1022 3069 1184 3124 nimis
1226 3069 1518 3125 indulsisse
1546 3070 1850 3140 Origenem-
1874 3071 2068 3128 Patres
2107 3072 2370 3137 clamant,
2413 3091 2432 3125 ›
2469 3073 2646 3144 inquit
2674 3071 2901 3128 Huetius
2931 3070 3243 3141 Origenian.
3275 3071 3366 3126 lio.
3396 3075 3675 3140 tt,qua'st.

405 3163 495 3227 13,
523 3174 576 3217 et
611 3180 630 3214 ‹
676 3179 817 3232 saepe
849 3164 1175 3218 historicum
1207 3180 1427 3217 sensum
1477 3166 1902 3234 proculcandnm
1961 3184 2026 3222 ac
2073 3169 2750 3232 contemnendumdocet,
2787 3187 2806 3220 ›
2856 3169 3062 3222 fatente
3109 3169 3300 3222 eodem
3360 3167 3677 3222 doctissimo

405 3256 658 3328 praesule,
692 3258 782 3324 qui
853 3267 903 3310 et
971 3259 1111 3310 istud
1154 3257 1347 3326 probat
1377 3259 1567 3312 iisdem
1603 3261 1800 3327 quibus
1825 3277 1924 3316 nos
1953 3273 2112 3316 antea
2138 3263 2217 3316 nsi
2251 3278 2458 3326 sumus,
2493 3261 2638 3315 illius
2666 3262 3013 3316 testimoniis.
3052 3259 3186 3325 Quis
3222 3260 3346 3314 inde
3398 3274 3506 3312 non
3556 3272 3674 3325 spe-

406 3358 580 3402 rasset
634 3347 772 3414 fore,
819 3359 876 3402 ut
930 3350 1258 3402 sententiam
1308 3351 1358 3403 in
1414 3349 1702 3420 Origenem
1736 3353 1940 3408 ferret?
1984 3355 2118 3408 Eum
2155 3365 2334 3409 tamen
2389 3356 2492 3408 hoc
2541 3356 2762 3409 nomine
2791 3354 3055 3418 defendit,
3107 3355 3250 3423 quod
3289 3371 3306 3405 ι
3359 3353 3677 3406 accuratius

405 3443 607 3511 scripta
633 3442 750 3509 ejus
780 3443 1052 3496 evolventi
1081 3442 1246 3495 multa
1277 3457 1597 3508 occurrant,
1631 3447 1683 3498 in
1717 3446 1913 3516 quibus
1951 3463 2103 3500 suam
2142 3446 2338 3500 littera:
2371 3447 2689 3516 dignitatem
2731 3455 2935 3510 servat,
2963 3455 3017 3499 ct
3049 3446 3115 3500 de
3143 3461 3205 3500 ea
3240 3460 3392 3514 aequa
3423 3460 3488 3498 ac
3528 3456 3674 3498 recta

404 3533 634 3589 scribit:
677 3534 1001 3623 historicum
1032 3535 1084 3588 in
1119 3536 1398 3606 aliquibus
1419 3538 1712 3593 admittens
1745 3556 1990 3606 sensum,
2021 3541 2374 3609 allegoricnm
2406 3542 2459 3594 in
2499 3542 2766 3610 pluribus,
2803 3541 2855 3595 in
2889 3541 3074 3596 multis
3106 3550 3414 3611 utrumque.
3461 3559 3478 3592 ι
3513 3539 3678 3605 Quie-

405 3644 529 3682 nam
561 3629 632 3685 sit
663 3630 824 3700 hujus
848 3629 1180 3685 defensionis
1217 3633 1298 3686 vis
1338 3650 1442 3688 non
1477 3636 1876 3704 persentiscere
1925 3653 2011 3690 me
2061 3638 2251 3692 fateor.
2304 3636 2442 3704 Quid
2488 3653 2618 3707 ergo
2665 3645 2946 3704 propterea
2973 3635 3116 3704 quod
3152 3635 3396 3689 litteram
3473 3634 3680 3701 ubique

405 3717 626 3786 falsam,
651 3723 854 3792 ubique
885 3737 912 3777 a
941 3727 1157 3778 ratione
1185 3725 1438 3791 alienam,
1483 3729 1682 3797 ubique
1718 3729 1826 3782 Deo
1857 3730 2132 3800 indignam
2161 3745 2284 3784 esse
2312 3746 2416 3783 non
2449 3730 2656 3792 docuit,
2685 3729 2737 3782 id
2771 3728 2913 3796 quod
2952 3727 3034 3780 ait
3069 3725 3307 3780 litteram
3337 3727 3421 3780 his
3447 3726 3594 3779 vitiis
3621 3727 3674 3778 in

404 3817 640 3871 maxima
675 3817 923 3872 locorum
955 3836 1180 3874 suorum
1212 3831 1365 3890 parte
1388 3820 1664 3884 laborare,
1696 3823 2107 3888 reprehensioni
2157 3839 2259 3875 non
2298 3824 2406 3878 erit
2442 3821 2781 3877 obnoxium?
2815 3820 2875 3875 Si
2929 3835 3059 3874 vero
3106 3819 3374 3888 ejusmodi
3410 3820 3679 3873 enuntia-

407 3921 543 3975 tum,
577 3909 707 3967 licet
737 3912 1071 3979 restrictum,
1107 3913 1215 3967 ulla
1249 3915 1436 3982 nequit
1469 3914 1680 3968 ratione
1711 3914 1927 3968 defendi
1965 3925 2021 3968 et
2061 3915 2413 3970 falsissimum
2445 3926 2549 3978 est,
2572 3916 2694 3983 jure
2724 3917 2981 3970 adversus
3013 3913 3303 3982 Origenem
3349 3911 3679 3967 insurrexe-

403 4013 530 4060 runt
564 4004 778 4062 Patres.
809 4006 890 4060 Ad
919 4008 1091 4075 ipsam
1129 4005 1477 4075 Origenianae
1508 4008 1750 4062 methodi
1798 4010 2157 4064 substantiam
2193 4027 2297 4065 non
2322 4011 2458 4065 satis
2510 4011 2805 4064 attendisse
2855 4011 3073 4064 videtur
3124 4008 3370 4062 lluetius.
3432 4007 3675 4077 Singula:

403 4101 553 4158 illius
572 4111 757 4171 partes
791 4101 934 4155 inter
966 4115 1027 4155 se
1064 4102 1303 4156 maxime
1329 4115 1590 4156 connexa:
1616 4111 1764 4163 sunt,
1793 4109 1846 4154 et
1875 4101 2046 4155 series
2076 4102 2408 4169 postulabat,
2449 4109 2508 4154 ut
2539 4101 2678 4156 bene
2723 4116 2784 4153 ac
2833 4099 2972 4153 male
3017 4099 3083 4152 de
3132 4099 3314 4152 littera
3369 4097 3672 4166 Scriptura:

405 4194 724 4264 loqueretur
754 4194 1138 4261 Adamantius,
1161 4195 1256 4250 sed
1283 4194 1332 4248 ei
1371 4203 1548 4247 tamen
1582 4193 1704 4264 plus
1737 4193 1861 4246 mali
1913 4209 2074 4263 quam
2109 4193 2232 4246 boni
2286 4193 2583 4262 allingeret.
2636 4193 2692 4247 Id
2741 4207 2929 4247 revera
2967 4191 3036 4247 ab
3073 4193 3187 4259 ipso
3225 4192 3527 4261 prmstitum
3561 4203 3672 4250 est.

400 4285 478 4340 Ex
511 4287 628 4355 ipso
661 4285 842 4340 littera
871 4286 1208 4341 azdificandis
1238 4284 1579 4352 simplicibus
1612 4283 1829 4338 sufficit.
1871 4286 1982 4338 Sub
2012 4286 2112 4338 hoc
2154 4296 2423 4354 respectu,
2459 4285 2763 4339 reverentia
2791 4285 2951 4355 digna
2980 4294 3083 4339 est.
3111 4284 3345 4338 Aliunde
3377 4285 3666 4338 innumera

399 4380 560 4434 habet
585 4378 747 4444 falsa,
779 4380 1044 4444 absurda,
1083 4377 1462 4447 impossibilia,
1491 4388 1545 4433 et
1579 4393 1765 4432 secum
1803 4380 2122 4448 pugnantia,
2153 4383 2219 4432 de
2243 4379 2328 4432 illa
2364 4379 2526 4447 igitur
2548 4379 2670 4432 mali
2699 4378 2922 4432 multum
2944 4379 3126 4433 dicere
3156 4379 3361 4433 debuit.
3391 4377 3456 4431 Et
3493 4378 3669 4445 reipsa

401 4487 586 4533 nonne
637 4473 688 4526 ia
739 4489 856 4526 eam
908 4474 1108 4527 acriter
1141 4472 1438 4537 invehitur,
1468 4473 1679 4541 quoties
1713 4473 1891 4542 aliqua
1945 4474 2260 4527 difficultate
2306 4474 2636 4528 intricatur?
2671 4473 2820 4527 Unde
2873 4475 3067 4542 colligo
3115 4475 3305 4543 paucis
3350 4472 3505 4526 bouis
3547 4486 3669 4538 qua:

401 4564 592 4617 litterae
627 4564 828 4630 tribuit,
857 4568 1141 4620 innumera
1158 4581 1277 4635 qua:
1302 4567 1349 4620 ei
1367 4565 1662 4635 exprobrat
1691 4566 1817 4619 vitia
1855 4582 1958 4621 non
1995 4567 2184 4620 deleri.
2215 4565 2580 4633 Quamobrem
2607 4567 2801 4619 lluctio
2829 4566 3124 4620 condonari
3160 4567 3348 4635 nequit
3377 4564 3669 4634 iujuriosns

401 4657 490 4713 ille
522 4661 712 4712 modus
742 4675 849 4728 quo
885 4672 1132 4715 sanctum
1171 4671 1462 4732 martyrem
1495 4659 1835 4714 Eustathinm
1862 4661 2264 4715 Antiochenum
2304 4663 2488 4726 habet,
2519 4666 2673 4731 cujus
2712 4670 2898 4715 contra
2931 4661 3316 4731 Origenianam
3351 4661 3663 4715 methodnm

397 4750 610 4819 objecta
640 4753 818 4818 futiles
851 4762 1008 4806 vocat
1039 4754 1419 4809 cavillationes.
1449 4756 1566 4812 Non
1601 4758 1852 4828 equidem
1887 4756 2173 4810 inliciabor
2201 4755 2384 4809 acrius
2408 4770 2568 4824 quam
2598 4769 2696 4823 par
2728 4764 2846 4809 erat
2875 4755 2943 4809 ab
2974 4755 3256 4810 Eustathio
3292 4756 3661 4823 impugnatani

400 4847 569 4901 fuisse
592 4847 908 4900 Adatnantii
941 4849 1005 4902 de
1030 4848 1353 4920 Pythonissa
1388 4854 1736 4908 sententiam.
1765 4851 2005 4920 Quaestio
2047 4852 2191 4904 enim
2241 4857 2325 4902 est
2360 4863 2508 4902 mere
2538 4849 2751 4911 critica,
2783 4864 2905 4916 qua:
2946 4863 3046 4903 nec
3083 4849 3229 4913 ﬁdei,
3283 4863 3382 4902 nec
3418 4847 3664 4901 moribus

400 4952 600 4991 nocere
623 4949 808 5006 queat.
843 4939 949 4992 Sed
981 4939 1250 4992 acerrima
1278 4942 1380 4994 hac
1415 4959 1645 4996 censura
1684 4959 1788 4997 non
1825 4953 1932 4996 tam
1967 4942 2034 4996 ab
2065 4941 2355 4995 Eustathio
2382 4949 2609 4994 vexatus
2653 4941 2822 4994 fuisse
2858 4941 3068 4995 videtur
3106 4939 3366 5010 Origenes
3403 4942 3472 4995 ob
3505 4955 3658 4994 suam

401 5031 468 5085 de
507 5031 845 5098 ventriloqua
873 5034 1204 5101 opinionem,
1236 5049 1398 5102 quam
1433 5036 1502 5090 ob
1525 5052 1676 5090 suam
1713 5037 2134 5106 interpretanda:
2168 5035 2473 5103 Scriptura:
2525 5034 2870 5102 methodum,
2918 5049 3038 5103 qua:
3086 5049 3364 5090 sacrorum
3417 5035 3660 5091 omnium

399 5127 662 5180 libroruin
691 5140 910 5181 sensum
941 5131 1227 5196 pervertit,
1256 5145 1318 5182 ac
1346 5131 1574 5197 proinde
1599 5133 1800 5200 justam
1842 5131 2126 5184 Eustathio
2161 5128 2588 5197 indignationem
2625 5141 2892 5195 moverat,
2941 5129 3022 5184 uti
3097 5131 3233 5186 satis
3274 5129 3443 5198 liquet
3472 5143 3534 5182 ex
3573 5127 3659 5182 his

399 5223 519 5291 ejus
547 5221 770 5276 verbis:
806 5237 825 5270 ‹
871 5219 970 5276 llic
1001 5221 1150 5275 solus
1191 5233 1275 5276 est
1315 5223 1617 5292 Scriptura:
1649 5225 1803 5281 locus
1833 5241 1994 5295 quem
2045 5223 2333 5293 Origenes,
2370 5238 2398 5275 a
2430 5239 2536 5292 quo
2580 5225 2789 5296 integra
2823 5227 2889 5280 ad
2925 5225 3219 5294 allegorias
3255 5225 3514 5278 translata
3550 5233 3657 5291 est,

399 5313 624 5368 litterali
653 5327 814 5367 sensu
849 5313 964 5367 vult
996 5315 1191 5383 accipi.
1233 5334 1252 5365 ι
1289 5314 1656 5380 ριιωειίυιιθιη
1692 5319 1861 5388 igitur
1893 5318 1960 5370 de
1993 5315 2338 5383 ventriloqua
2362 5315 2406 5371 si
2439 5317 2743 5385 exceperis,
2780 5317 3043 5372 Eustathii
3075 5318 3334 5372 adversus
3365 5315 3658 5386 Origenem

397 5405 805 5459 criminationes
842 5405 1038 5473 iniquae
1083 5421 1186 5458 non
1224 5415 1369 5470 sunt,
1405 5422 1508 5462 nec
1546 5409 1688 5462 belle
1719 5423 1812 5462 eas
1846 5406 2134 5476 propulsat
2166 5406 2416 5462 lluetius.
2449 5407 2504 5462 1d
2539 5409 2852 5478 expostulat
2894 5408 3390 5481 Eustathiusqnod
3435 5409 3656 5478 paradi-

397 5514 516 5554 sum
551 5506 864 5552 terrestrem
896 5507 950 5552 et
975 5498 1287 5554 fructiferas
1317 5501 1554 5570 paradisi
1592 5503 1820 5557 arbores
1853 5502 2145 5572 allegorica
2186 5501 2527 5572 expositione
2557 5502 2880 5558 aboleverit.
2926 5501 3175 5572 Nunquid
3219 5504 3359 5558 bene
3392 5512 3652 5573 purgatur

397 5591 776 5656 Adamantius,
806 5606 930 5646 cum
975 5592 1125 5646 illum
1177 5593 1320 5646 hanc
1363 5595 1689 5649 sententiam
1732 5610 1763 5649 e
1797 5593 2043 5648 Philonis
2089 5592 2244 5648 libris
2290 5605 2592 5648 mutuatum
2621 5609 2742 5648 esse
2773 5594 3062 5664 respondet
3109 5595 3371 5651 Huetius?
3400 5596 3652 5664 Nunquid

398 5685 650 5755 Origenis
679 5687 887 5743 crimen
921 5687 1085 5743 simili
1119 5687 1365 5744 Philonis
1399 5689 1627 5746 crimine
1681 5689 1948 5748 diluitur?
2003 5688 2374 5760 Conqueritur
2418 5687 2735 5744 Eustathius
2799 5691 2942 5759 quod
2989 5689 3133 5745 nulla
3175 5705 3366 5747 sensus
3398 5690 3647 5749 historici
