4000 6146
291 256 372 332 57,
1559 264 1871 322 ΡιυειτΑτ]

2027 265 2071 320 D
2121 265 2282 320 10M.
2321 265 2384 321 ll.
3527 271 3598 326 58

289 377 499 442 iniecta
536 380 844 440 mentione
874 381 1106 438 eﬂossos
1129 381 1195 438 ab
1224 383 1504 438 Abraham
1562 394 1756 454 puteos
1804 384 1856 438 in
1894 383 2188 456 allegorias
2224 383 2473 452 traxerit,
2511 386 2602 454 qui
2665 402 2759 442 sua
2816 393 2996 441 tamen
3037 396 3198 442 atate
3247 401 3586 455 supererant.

287 471 628 543 Respondet
690 475 944 539 lluetius,
979 479 1027 529 ei
1062 475 1152 543 qui
1181 483 1263 530 tot
1295 491 1470 544 atutos
1519 477 1573 531 in
1611 474 1797 531 Judaa
1830 483 2190 545 transegerat,
2216 486 2427 545 tguotos
2462 492 2587 534 esse
2621 495 2728 534 non
2776 479 3023 548 potuisse
3067 478 3330 548 ejusmodi
3378 487 3570 547 puteos

290 563 506 619 Verum
567 581 768 623 annon
819 569 921 622 hoc
971 569 1092 637 ipso
1130 570 1488 626 excusatione
1533 572 1710 624 minus
1759 569 1958 638 dignus
1999 579 2082 622 est
2132 567 2418 638 Origenes,
2472 573 2615 639 quod
2662 589 2774 627 rent
2817 573 2869 626 in
2918 572 3206 642 propatulo
3249 573 3510 643 positam,
3540 585 3594 630 et

283 657 550 714 omnium
597 661 784 716 oculis
813 661 1055 727 obviam,
1079 663 1238 732 quasi
1265 663 1698 716 commentitiam
1736 677 1800 716 ac
1837 661 2084 714 lictitiam
2136 662 2476 715 traduxerit?
2508 663 2666 718 Certe
2705 663 2926 717 homilia
2955 663 3168 718 decima
3217 663 3272 717 in
3315 663 3568 719 Genesim

284 766 457 820 quam
518 750 740 808 Boetio
767 755 984 809 videtur
1017 757 1335 826 designasse
1365 754 1704 819 Eustathius,
1730 754 1782 808 id
1820 753 1980 808 habet
2015 767 2029 804 :
2063 771 2081 804 t
2129 753 2284 822 Sa’pe
2337 753 2447 823 jam
2497 755 2606 810 dixi
2660 756 2802 826 quod
2839 756 2892 810 in
2922 755 3007 810 his
3037 771 3143 810 non
3185 756 3424 811 historia
3465 771 3573 811 nar-

284 853 513 908 rantur,
577 848 685 901 sed
714 849 972 918 mysteria
999 857 1382 902 contexuntur.
1425 866 1443 897 ι

362 939 639 994 Alteram
667 939 889 1013 Origcni
923 941 1302 997 defensionem
1350 944 1550 1010 prabet
1583 938 1834 1005 Huetius,
1867 954 1988 1008 qua
2025 937 2213 1007 utique
2242 939 2468 1004 nemini,
2508 939 2722 1009 opinor,
2755 941 3099 1010 probabitur.
3128 941 3368 1009 Primus,
3395 938 3593 1014 inquit,

285 1035 443 1092 hunc
471 1035 926 1106 interpretanda
954 1036 1255 1106 Scriptura
1311 1050 1518 1089 morem
1557 1051 1664 1088 non
1701 1033 1930 1088 invexit.
1967 1033 2114 1086 Inter
2157 1031 2390 1098 .ludacos,
2423 1033 2817 1103 Therapeutas,
2867 1035 3260 1097 Aristobulum,
3307 1046 3360 1088 et
3411 1037 3597 1091 Philo~

286 1144 468 1195 nem;
539 1131 700 1185 inter
749 1132 1005 1200 gentiles,
1068 1132 1478 1185 Charemonem
1538 1130 1808 1194 Stoicum,
1844 1129 2168 1190 Cornutum,
2219 1127 2586 1184 Metrodorum
2645 1129 3103 1201 Lampsacenum,
3159 1140 3214 1184 et
3254 1131 3594 1188 Heraclidem

287 1222 605 1281 Ponticum
643 1229 882 1294 pravios
907 1230 1073 1283 duces
1105 1227 1335 1292 habuit;
1368 1226 1510 1280 inter
1531 1226 1873 1281 Christianos
1901 1240 2030 1278 vero
2059 1225 2337 1295 apostolus
2361 1225 2558 1280 Paulus
2579 1226 2626 1280 ei
2658 1228 2927 1296 pracipne
2955 1237 3145 1280 auctor
3180 1227 3300 1293 fuit,
3333 1243 3431 1281 cur
3465 1227 3596 1281 allec

289 1323 520 1391 goricas
555 1323 939 1392 expositiones
981 1333 1309 1377 sectaretur.
1344 1322 1510 1377 Docte
1535 1321 1754 1391 quidem
1796 1321 1910 1374 hac
1940 1320 2146 1384 omnia,
2173 1319 2266 1374 sed
2299 1334 2401 1373 nOn
2427 1322 2660 1375 advertit
2685 1321 2910 1375 lluetius
2946 1338 3050 1375 non
3096 1323 3145 1375 id
3192 1323 3359 1392 quari
3412 1331 3591 1375 utrum

290 1416 526 1485 primus
560 1417 719 1473 hunc
779 1433 989 1472 morem
1041 1419 1311 1473 invexerit
1358 1416 1646 1488 Origenes,
1676 1418 1774 1470 sed
1833 1427 2010 1469 otrtnn
2054 1431 2174 1470 mos
2229 1417 2328 1470 iste
2381 1417 2551 1472 bonus
2581 1417 2651 1471 sit
2682 1427 2737 1471 et
2766 1420 3074 1471 sectandas.
3119 1417 3593 1486 Supervacaneum

293 1511 478 1579 igitur
513 1523 606 1567 est
637 1512 926 1583 gentilium
960 1521 1015 1568 et
1049 1511 1364 1568 Judaorum
1397 1512 1729 1580 exemplum,
1765 1512 1867 1566 nisi
1898 1512 2113 1565 veritati
2147 1521 2570 1566 consentaneum
2605 1515 3029 1566 dentonstrctnr.
3065 1513 3145 1566 Ad
3198 1512 3421 1566 Paulum
3453 1513 3596 1582 quod

297 1607 536 1675 attinet,
573 1609 891 1678 allegorica
917 1607 1135 1678 quidem
1173 1609 1428 1665 methodo
1451 1609 1834 1662 auctoritatem
1860 1607 2136 1672 conciliat,
2155 1607 2247 1663 sed
2281 1623 2384 1663 non
2411 1623 2496 1673 eo,
2523 1625 2629 1678 quo
2661 1609 2747 1662 illa
2775 1611 2976 1662 abusus
3003 1617 3084 1662 est
3109 1609 3391 1676 Origenes,
3417 1611 3594 1664 modo.

298 1701 502 1772 Neque
541 1709 699 1758 enim
736 1706 938 1776 ﬁguras
972 1705 1025 1758 in
1075 1708 1224 1760 omni
1268 1713 1379 1759 tum
1421 1705 1601 1760 Veteri
1660 1714 1769 1759 tum
1830 1704 1984 1758 Novo
2035 1704 2385 1758 Testamento
2432 1706 2843 1768 consectandas,
2899 1719 2998 1759 nec
3051 1703 3336 1757 litteralem
3379 1718 3597 1758 sensum

304 1797 529 1864 uspiam
581 1800 1023 1869 proculcandum
1047 1811 1100 1854 et
1125 1803 1582 1856 contemnendum
1611 1816 1730 1856 esse
1773 1801 1931 1855 docet
1958 1801 2267 1870 Apostolus.
2293 1800 2376 1854 Sit
2407 1802 2568 1871 igitur
2600 1803 2710 1856 hac
2738 1813 2917 1855 nostra
2950 1801 3250 1863 conclusio,
3275 1813 3396 1853 cmn
3422 1800 3534 1870 jam
3567 1814 3597 1851 a

302 1889 502 1944 multis
537 1892 708 1946 annis
741 1893 786 1946 is
825 1907 946 1946 mos
977 1892 1292 1958 invaluerit,
1326 1902 1387 1947 ut
1417 1894 1508 1962 qui
1563 1893 1794 1963 alicujus
1817 1893 2063 1948 auctoris
2115 1909 2282 1964 opera
2329 1894 2380 1947 in
2438 1893 2612 1946 lucem
2646 1893 2958 1963 proferunt,
2987 1909 3131 1958 cum,
3162 1902 3421 1961 quantum
3456 1894 3507 1946 in
3539 1907 3600 1948 se

302 1995 412 2051 est,
443 1988 520 2041 ab
553 1987 820 2057 impactis
847 1989 1170 2043 criminibus
1221 1988 1474 2056 libereut,
1502 2005 1568 2044 eo
1601 2003 1818 2059 quoque
1849 2004 2001 2042 more
2043 1989 2223 2058 abripi
2269 2005 2328 2044 se
2372 2005 2586 2058 passum
2631 2004 2750 2044 esse
2793 1987 3065 2051 lluetium,
3115 1988 3268 2055 cuius
3317 1989 3360 2043 si
3413 1987 3600 2043 irritus

299 2092 557 2136 conatus
595 2080 720 2147 fuit,
761 2097 868 2136 non
902 2085 953 2136 id
1000 2081 1288 2151 imperitia
1326 2083 1457 2136 vitio
1493 2098 1600 2152 quo
1639 2099 1744 2135 non
1774 2081 2046 2136 laboravit
2076 2083 2428 2135 doctissimus
2475 2081 2690 2151 prasul,
2743 2083 3086 2137 tribuendum
3126 2091 3230 2148 est,
3269 2082 3360 2136 sed
3399 2083 3597 2137 intole-

305 2173 505 2228 randis
549 2174 816 2244 Origenis
846 2177 1186 2243 excessibus,
1216 2177 1307 2248 qui
1335 2175 1564 2230 omnino
1599 2175 1704 2245 legi
1731 2185 1788 2228 et
1812 2173 2140 2229 dissimulari
2171 2190 2274 2227 non
2307 2183 2616 2244 potuerunt.

382 2289 479 2344 IX.
526 2293 828 2364 Origenem
862 2311 985 2370 post
1012 2310 1221 2355 tantam
1245 2299 1411 2354 animi
1441 2298 1524 2355 sui
1560 2299 1613 2352 in
1642 2296 1925 2366 Scriptura
1951 2313 2108 2352 sacra
2128 2297 2417 2367 allegorice
2446 2297 2759 2364 exponenda
2784 2294 3274 2364 intemperantiam,
3311 2293 3598 2347 multorum

310 2397 560 2442 censura
589 2399 840 2448 vexatum
866 2393 1034 2452 fuisse
1061 2396 1196 2451 nihil
1229 2396 1450 2450 mirum.
1482 2394 1616 2448 lllud
1647 2393 1819 2461 magis
1858 2395 2106 2447 demiror
2137 2394 2412 2462 quomodo
2442 2408 2504 2445 ea
2539 2394 2590 2445 in
2633 2407 2694 2446 re
2739 2391 3055 2446 defensores
3101 2391 3300 2446 habere
3342 2389 3596 2459 potuerit.

312 2473 370 2530 Id
409 2481 620 2537 saltem
646 2485 710 2540 iis
738 2488 934 2556 quibus
968 2489 1130 2556 prisci
1166 2488 1354 2544 Patres
1380 2487 1718 2543 venerationi
1748 2495 1896 2552 sunt,
1927 2486 2125 2541 solatio
2167 2493 2256 2540 est
2286 2525 2300 2549 ,
2328 2485 2470 2553 quod
2500 2500 2634 2554 quos
2668 2484 2961 2552 antiquitas
2989 2483 3160 2550 magis
3185 2483 3600 2544 commendavit,

319 2570 356 2624 ii
391 2587 599 2643 aperte
629 2581 941 2651 acriterque
972 2583 1024 2637 in
1080 2585 1229 2638 illum
1277 2584 1698 2649 insurrexerint,
1738 2582 2040 2654 repudiatis
2072 2580 2188 2634 fere.
2219 2581 2470 2634 omnibus
2514 2595 2632 2648 qua
2668 2581 2718 2633 in
2765 2580 2881 2646 ejus
2922 2579 3172 2632 methodo
3227 2577 3400 2650 magis
3441 2579 3600 2631 noxia

319 2669 614 2730 videntur.
645 2678 970 2736 Eustathius
1009 2681 1064 2736 in
1099 2697 1352 2738 sermone
1373 2681 1452 2736 De
1500 2681 1851 2750 ventriloqua,
1875 2681 1940 2734 de
1971 2693 2037 2733 eo
2070 2679 2153 2734 sic
2191 2677 2460 2746 loquitur:
2481 2676 2616 2742 «Qui
2661 2675 2842 2729 omnia
2883 2673 3179 2743 Scriptura
3212 2676 3370 2729 verba
3402 2674 3602 2742 allego-

324 2761 427 2815 riis
450 2779 737 2835 exponere
779 2785 948 2826 ausus
981 2779 1087 2837 est,
1123 2773 1226 2826 hoc
1254 2772 1426 2827 solmn
1455 2773 1522 2826 ad
1558 2772 1792 2827 litteram
1826 2769 2042 2824 tradere
2087 2785 2192 2823 non
2223 2767 2514 2822 erubescit.
2541 2768 2795 2834 Quiuimo
2842 2767 2911 2821 de.
2957 2767 3228 2835 paradiso,
3261 2781 3420 2834 quem
3463 2766 3605 2823 Deus

329 2854 383 2908 in
415 2857 594 2914 Edent
627 2863 986 2931 plantaverat,
1015 2868 1177 2921 verba
1212 2865 1442 2930 faciens,
1479 2881 1688 2920 necnon
1719 2881 1824 2934 qua
1864 2863 2076 2918 ratione
2124 2863 2267 2933 ligna
2314 2860 2595 2916 fructifera
2621 2860 3011 2932 germinarunt,
3057 2875 3314 2913 enarrare
3365 2868 3602 2923 tentans,

328 2949 485 3008 inter
514 2958 622 3010 alia
653 2961 891 3014 subdidit
933 2978 948 3015 :
989 2961 1121 3015 Cum
1155 2973 1383 3033 tegentes
1424 2979 1454 3014 a
1487 2961 1705 3030 fabulis,
1748 2963 1982 3030 serieque
2019 2975 2136 3030 qua:
2166 2959 2452 3012 secundum
2485 2957 2712 3010 litteram
2754 2966 2851 3021 est,
2891 2957 3061 3024 gradu
3093 2956 3234 3025 facta
3265 2955 3597 3009 ascendimus

325 3054 374 3094 et
412 3060 666 3113 quanam
703 3049 797 3102 illa
821 3051 965 3120 ligna
997 3053 1125 3117 sint,
1167 3067 1284 3122 qua:
1330 3051 1468 3104 Deus
1491 3051 1636 3115 colit,
1665 3057 1973 3120 quwrimus,
2011 3050 2236 3103 dicimus
2263 3049 2319 3102 in
2350 3064 2408 3102 eo
2449 3046 2565 3101 loco
2599 3047 2761 3118 ligna,
2801 3063 2917 3118 qua
2947 3065 3100 3103 sensu
3147 3047 3314 3115 accipi
3356 3059 3600 3116 possunt,

327 3149 443 3191 non
476 3141 715 3207 reperiri.
746 3141 871 3196 [lac
896 3161 1019 3198 cum
1056 3160 1156 3213 per
1185 3144 1600 3198 translationem
1628 3153 1886 3214 exponat,
1918 3159 2023 3196 non
2059 3145 2244 3197 horret
2278 3139 2491 3196 fabulas
2537 3140 2830 3211 appellare,
2867 3158 2988 3210 qua
3026 3139 3166 3195 Deus
3213 3150 3392 3195 creata
3425 3140 3603 3208 perfe-

329 3225 482 3282 cisse
520 3231 774 3296 traditur,
806 3232 1206 3303 fidissimosque
1244 3233 1362 3300 ejus
1397 3250 1589 3289 servus
1645 3233 1860 3302 Moyses
1885 3234 2104 3302 scriptis
2132 3235 2498 3303 consignavit.
2540 3234 2606 3288 Et
2647 3247 2712 3288 ex
2758 3235 3026 3302 opposito,
3080 3249 3142 3286 ea
3180 3249 3300 3303 qua
3337 3233 3513 3286 fabula
3546 3232 3599 3286 in

332 3334 534 3377 ventre
570 3321 796 3391 efﬁngit,
824 3337 876 3379 et
898 3326 1127 3382 obscure
1160 3328 1396 3392 insonat,
1431 3342 1494 3381 ac
1540 3325 1586 3382 sl
1637 3327 1890 3397 dogmata
1924 3337 2132 3389 essent,
2170 3335 2572 3397 programmate
2616 3323 2842 3388 stabilit,
2886 3340 3008 3378 vera
3041 3338 3161 3378 esse
3196 3325 3598 3378 demonstrans.

335 3415 407 3469 Et
447 3418 614 3472 verba
647 3420 1070 3490 engastrimythi
1096 3437 1124 3473 a
1158 3419 1363 3489 Spirittt
1391 3430 1585 3474 sancto
1612 3419 1816 3474 dictata
1849 3421 2208 3482 contendens,
2255 3433 2340 3485 ea,
2379 3429 2437 3472 ttt
2492 3417 2594 3472 sibi
2629 3419 2842 3473 videtur
2896 3419 3174 3472 ascribens
3222 3416 3332 3470 vult
3379 3417 3602 3472 immota

333 3523 691 3577 permanere,
758 3515 961 3570 divinis
990 3531 1118 3570 vero
1147 3515 1384 3571 oraculis
1416 3532 1444 3570 a
1477 3515 1661 3587 Moyse
1699 3515 1910 3569 traditis
1940 3515 2237 3570 fabularum
2272 3515 2490 3570 nomine
2525 3513 2792 3584 insignitis
2831 3529 3048 3568 sensum
3081 3515 3320 3578 invertit,
3371 3513 3602 3569 littera-

334 3617 448 3671 que
479 3607 760 3662 traditioni
797 3624 903 3664 non
939 3611 1052 3664 vult
1085 3623 1141 3664 ut
1167 3612 1292 3683 quis
1321 3613 1560 3666 animum
1594 3613 1860 3666 intendat.
1885 3610 2078 3666 Nonne
2113 3613 2239 3667 item
2272 3613 2336 3664 ad
2365 3612 2640 3666 Abraham
2670 3623 2860 3681 puteos
2885 3608 3134 3677 elfossos,
3176 3612 3386 3679 aliaque
3417 3613 3481 3664 ad
3512 3626 3606 3666 eos

335 3699 698 3766 pertinentia,
733 3699 1015 3770 allegoriis
1051 3703 1294 3771 exponit,
1326 3713 1584 3772 tantaque
1617 3717 1932 3756 sermonum
1975 3703 2127 3772 copia
2177 3704 2229 3756 in
2282 3702 2607 3757 immensum
2651 3711 2956 3771 protracta,
2983 3717 3145 3756 omne
3192 3702 3258 3756 de
3299 3701 3408 3755 illis
3435 3717 3603 3772 nego-

343 3791 476 3846 tium
511 3792 860 3850 disterminat
897 3793 952 3848 in
1001 3796 1169 3849 alium
1205 3811 1424 3850 sensum
1457 3795 1804 3860 translatum,
1832 3793 1960 3849 licet
2003 3796 2072 3848 ad
2121 3796 2236 3849 hac
2265 3809 2435 3863 usque
2465 3805 2708 3862 tempora
2747 3794 2798 3848 in
2846 3794 3066 3863 regione
3099 3793 3187 3847 illa
3223 3794 3394 3848 oculis
3428 3796 3606 3850 adhuc

342 3885 797 3954 conspiciantur?
821 3884 1010 3940 Nonne
1035 3885 1187 3942 Isaac
1208 3895 1263 3942 et
1290 3886 1553 3942 Rebecca
1585 3900 1673 3940 res
1706 3897 1889 3955 gestas
1913 3885 2238 3949 immutavit,
2271 3885 2509 3949 inaures,
2538 3895 2590 3939 et
2642 3884 2908 3948 armillas,
2949 3900 3227 3940 sermones
3257 3901 3377 3942 esse
3409 3902 3606 3944 aureos

338 3977 550 4042 dicens,
579 3989 638 4034 et
663 3979 983 4038 universum
1012 3983 1248 4053 denique
1294 3993 1680 4050 argumentum
1733 3997 1831 4052 per
1858 3981 1966 4037 vim
2013 3981 2324 4043 distortum,
2354 3981 2423 4035 ad
2474 3995 2536 4034 ea
2567 3995 2686 4050 qua
2725 3979 2912 4034 animo
2957 3990 3254 4035 cernuntur
3297 3991 3350 4035 et
3397 3982 3606 4038 ratione

342 4070 726 4143 intelliguntur
765 4075 1102 4140 traductum,
1135 4074 1578 4130 cavillationibus
1609 4073 1963 4144 deturpaviti
1997 4093 2016 4126 ι
2050 4073 2118 4127 Et
2163 4082 2446 4142 postquam
2475 4071 2580 4125 alia
2613 4071 2881 4142 ejusmodi
2927 4071 3174 4142 exempla
3228 4073 3474 4142 protulit,
3527 4073 3609 4130 sic

340 4166 552 4237 pergit:
581 4185 600 4219 ι
632 4165 776 4233 Quid
813 4168 940 4222 inde
967 4181 1106 4238 Opus
1139 4177 1223 4222 est
1251 4166 1394 4220 ultra
1432 4165 1727 4237 progredi?
1773 4163 1990 4230 Omnia,
2027 4173 2087 4219 ut
2112 4164 2282 4220 verbo
2310 4163 2616 4233 expediam,
2646 4161 2922 4232 allegoriis
2963 4172 3015 4217 et
3049 4163 3357 4220 nominibus
3385 4167 3606 4220 desum-

341 4258 458 4321 ptis
483 4259 739 4328 exponit,
767 4274 952 4314 rerum
985 4268 1305 4331 argumenta
1337 4259 1405 4314 de
1434 4258 1614 4312 medio
1641 4257 1778 4312 tollit
1805 4271 1820 4311 :
1848 4271 2025 4326 neque
2057 4257 2185 4312 illud
2215 4255 2541 4326 percipiens,
2573 4255 2771 4310 multas
2799 4271 2920 4312 esse
2953 4256 3223 4326 justorum
3273 4267 3328 4312 et
3377 4259 3611 4330 injuste-

341 4359 466 4402 rutn
500 4349 719 4402 easdem
750 4348 1243 4414 denominationes,
1267 4360 1447 4418 neque
1475 4347 1592 4402 fieri
1625 4361 1807 4417 posse,
1833 4357 1890 4401 ut
1917 4347 2146 4403 diversa
2171 4348 2296 4402 vita
2322 4347 2562 4402 rationes
2601 4348 2668 4402 ab
2698 4363 2804 4402 uno
2837 4349 3057 4404 nomine.
3104 4352 3358 4407 similiter
3405 4353 3610 4424 dijudi-

344 4450 565 4496 centur.
602 4439 697 4494 Est
733 4439 900 4496 ludas
937 4442 1208 4511 proditor,
1245 4449 1332 4496 est
1356 4449 1411 4496 et
1437 4439 1579 4495 alter
1614 4438 1782 4495 Judas
1825 4439 2142 4507 apostolus;
2197 4438 2281 4493 vel
2323 4455 2538 4495 rursum
2586 4439 2879 4496 Zacharias
2918 4455 3008 4495 rex
3060 4441 3474 4513 injuStissimus,
3525 4459 3609 4506 est

341 4533 643 4590 Zacharias
667 4535 804 4592 alter
834 4537 1121 4606 prepbeta.
1155 4535 1224 4592 Et
1257 4537 1350 4606 qui
1381 4536 1433 4590 in
1469 4536 1690 4591 fornace
1718 4534 1857 4606 ignis
1885 4535 2118 4603 injectus
2157 4544 2262 4600 est,
2308 4535 2547 4591 Ananias
2580 4537 2896 4604 vocabatur,
2947 4539 3040 4592 sed
3089 4539 3226 4594 alter
3273 4551 3358 4597 est
3410 4555 3610 4614 prater

343 4629 494 4685 hunc
515 4631 783 4697 Ananias,
809 4634 902 4704 qui
935 4633 1244 4688 Ecclesiam
1279 4631 1781 4702 persequebatur...
1811 4631 1978 4701 Igitur
2002 4633 2047 4688 si
2086 4631 2310 4688 nomine
2349 4648 2436 4688 res
2471 4631 2600 4702 ipsa
2621 4633 3029 4701 discernuntur,
3061 4637 3152 4706 qui
3192 4637 3466 4695 similibus
3497 4652 3608 4698 tro-

345 4721 579 4792 pologiis
608 4724 954 4788 incumbunt,
978 4724 1167 4779 dicant
1197 4738 1304 4793 qua
1341 4724 1606 4779 methodo
1643 4724 1890 4780 diversas
1925 4725 2183 4780 scientias
2217 4735 2309 4778 aut
2333 4725 2454 4779 vita
2483 4726 2722 4781 rationes
2750 4742 2818 4780 ex
2843 4726 3032 4781 eodem
3063 4729 3278 4784 nomine
3303 4732 3610 4801 explicant?

343 4812 500 4870 Multi
534 4815 748 4872 scilicet
775 4816 828 4868 in
867 4815 1010 4870 hunc
1045 4816 1185 4870 diem
1215 4815 1752 4886 progenitorum'aut
1783 4816 2169 4885 prophetarum
2199 4816 2514 4871 nominibus
2550 4818 2792 4882 insigniti
2823 4817 2993 4872 Judaei
3047 4819 3134 4888 jus
3171 4821 3379 4876 violant
3408 4834 3465 4880 et
3507 4828 3610 4882 im-

342 4911 436 4983 pie
462 4913 675 4968 vivunt.
712 4909 865 4966 Multi
898 4911 1027 4966 item
1054 4921 1109 4966 et
1139 4912 1280 4982 apud
1309 4913 1542 4984 gentiles
1569 4909 1716 4966 Petri
1777 4922 1832 4967 et
1878 4911 2033 4966 Pauli
2071 4915 2366 4982 nuncupati
2401 4913 2610 4969 nefarie
2659 4931 2776 4970 rent
2808 4933 2962 4972 suam
3005 4934 3266 4990 gerunt...
3320 4921 3431 4978 Hac
3471 4923 3608 4977 dtin-

346 5013 502 5061 taxat
526 5003 782 5060 methodo
803 5019 871 5058 ex
905 5019 1059 5058 more
1091 5004 1272 5058 omnia
1304 5001 1507 5072 ubique
1535 5002 1814 5075 allegoriis
1845 5002 2160 5068 infarciens,
2197 5011 2404 5056 tanttmt
2435 5006 2853 5077 engaslrimytbi
2881 5007 3040 5063 verba
3077 5010 3305 5081 figurate
3336 5013 3611 5069 extrieare

346 5117 458 5158 non
491 5101 694 5171 potuit,
738 5113 914 5170 neque
953 5100 1070 5170 ipsa
1111 5114 1291 5152 rerum
1324 5107 1604 5170 gestarum
1640 5098 2029 5167 consequentia
2084 5097 2134 5151 in
2169 5099 2341 5152 lucem
2378 5099 2625 5154 veritatis
2656 5100 2920 5169 proferre.
2966 5123 2984 5155 ›
3018 5101 3179 5160 Vides
3219 5107 3287 5160 ab
3325 5105 3610 5163 Eustathio

347 5196 504 5265 carpi
534 5204 592 5250 ει
620 5193 828 5248 acriter
858 5191 1189 5261 reprehendi
1229 5189 1546 5262 Origenem,
1576 5191 1722 5262 quod
1749 5191 2039 5246 litteralem
2067 5205 2285 5245 sensum
2311 5193 2547 5258 aboleat,
2576 5203 2630 5248 et
2663 5194 2862 5264 ﬁguras
2891 5198 3091 5267 ubique
3121 5201 3397 5271 exquirat.

424 5313 611 5377 Idem,
654 5309 825 5364 tacito
858 5318 1038 5362 tamen
1077 5305 1198 5373 eius
1249 5308 1496 5371 nomine,
1531 5308 1598 5361 de
1645 5306 1738 5361 illo
1780 5306 2006 5375 ejusque
2041 5305 2263 5361 asseclis
2301 5305 2566 5376 judicium
2618 5307 2740 5360 tulit
2787 5307 3020 5366 Basilius
3055 5313 3282 5368 hotnilia
3333 5318 3497 5372 tertia
3556 5320 3609 5373 in

354 5407 729 5465 Hexaemeron
761 5422 912 5461 num.
939 5405 994 5462 9.
1033 5421 1052 5455 ι
1083 5403 1430 5472 Quinetiam,
1473 5402 1674 5472 inquit,
1709 5402 1908 5472 aliquis
1945 5401 2100 5456 nobis
2143 5401 2406 5457 adversus
2459 5403 2864 5460 ecclesiasticos
2910 5409 3172 5477 quosdam
3205 5411 3500 5480 scriptores
3543 5417 3610 5469 de

353 5505 609 5562 discretis
649 5504 805 5572 aquis
848 5502 1132 5558 habendus
1176 5507 1264 5555 est
1311 5511 1494 5554 sermo
1535 5514 1549 5552 :
1581 5497 1672 5568 qui
1711 5512 1982 5568 anagoges
2007 5505 2062 5552 et
2095 5495 2432 5552 sublimioris
2477 5496 2848 5566 intelligentia
2881 5503 3100 5556 nomine
3139 5501 3502 5573 confugerunt
3545 5508 3612 5564 ad

356 5599 669 5669 allegorias,
715 5597 854 5652 adeo
904 5604 962 5649 ut
1008 5591 1283 5664 spiritales
1320 5599 1376 5646 et
1425 5592 1781 5660 incorporeas
1815 5590 2050 5645 virtutes
2100 5599 2354 5643 asseram
2405 5603 2502 5656 per
2554 5602 2729 5656 aquas
2766 5593 2974 5660 tropice
3013 5593 3380 5660 significari..
3407 5637 3422 5650 ,
3458 5596 3618 5652 Tales

358 5709 519 5766 porro
550 5707 832 5750 sermones
873 5691 1058 5760 veluti.
1083 5689 1424 5745 sonmiorum
1457 5687 1940 5756 interpretationes
1983 5696 2041 5739 et
2073 5684 2252 5737 aniles
2277 5682 2495 5737 fabulas
2534 5679 2875 5747 rejicicntes,
2912 5700 3130 5753 aquam,
3177 5698 3372 5752 aquam
3420 5689 3623 5744 amem-

359 5805 575 5860 gamus,
611 5798 666 5848 et
709 5787 1074 5848 secretiouem
1107 5800 1138 5842 a
1185 5785 1540 5842 firmamento
1577 5781 1776 5839 factam
1809 5781 1964 5851 juxta
2015 5779 2235 5834 allatam
2280 5776 2561 5832 rationem
2600 5770 2954 5835 accipiamus.
2978 5797 2995 5828 ι
3041 5776 3167 5831 item
3216 5776 3441 5835 homilia
3480 5792 3623 5834 nona
