4000 6146
385 195 458 256 39
1607 191 1766 250 tum:
1776 201 1804 248 ια
1820 186 1965 248 A'l‘ltl

2066 190 2108 248 D
2143 192 2303 248 'l'OM.
2345 193 2411 249 lt.
3570 205 3646 262 ω

385 321 439 374 in
466 316 726 372 l-lexaem.
793 329 940 370 num.
967 313 994 367 1
1026 335 1038 368 :
1078 331 1097 364 ι
1126 310 1258 366 Novi
1304 309 1451 380 leges
1498 307 1793 380 allegoriae,
1840 310 2054 366 etiamsi
2096 325 2188 366 eas
2237 325 2342 366 non
2384 325 2453 367 ex
2495 325 2581 366 me
2617 312 2736 383 ipso
2776 313 3164 384 excogitarim,
3197 320 3290 374 sed
3325 321 3376 376 in
3407 322 3643 378 aliorum

380 408 666 466 lnciderim
742 408 976 462 labores.
1019 406 1164 472 Quas
1207 402 1613 473 Scripturarum
1659 415 1978 456 communes
2027 401 2278 457 notiones
2322 403 2413 472 qui
2466 419 2574 459 non
2627 407 2968 476 suscipiunt,
3017 423 3238 478 aquam,
3285 427 3390 468 non
3437 429 3640 484 aquam

383 501 594 565 dicunt,
635 498 728 553 sed
766 498 928 551 aliam
987 496 1279 568 quamdam
1313 503 1590 557 naturam,
1634 501 1690 546 et
1724 491 1989 561 plantam,
2031 502 2086 547 et
2128 497 2352 562 piscem,
2387 495 2686 550 secundum
2731 512 2883 552 suam
2921 499 3159 568 ipsorum
3191 505 3516 558 sententiam
3550 506 3644 560 iu-

383 601 772 660 terpretantur.
808 591 1119 658 Quinetiam
1155 587 1424 658 reptilium
1474 595 1528 640 et
1573 599 1836 654 pecorum
1876 583 2287 652 generationem
2332 584 2398 638 ad
2443 600 2572 642 suas
2614 585 2906 656 allegorias
2955 587 3228 645 detortam
3264 595 3491 660 perinde
3534 611 3636 650 ex-

381 691 623 753 ponunt,
670 691 728 736 ut
761 683 981 752 quidam
1035 697 1218 738 rerum
1273 693 1396 735 sese
1442 678 1824 750 imaginationi
1880 677 2261 747 objicientium
2324 677 2676 748 interpretes,
2723 680 2816 750 qui
2855 682 3516 754 suasiuterpretationes
3561 689 3639 744 ad

380 775 660 844 proprium
695 791 917 845 scopum
967 777 1400 832 accommodant.
1430 774 1545 845 Ego
1587 787 1714 828 vero
1749 789 1874 828 cum
1908 772 2114 828 frenum
2156 772 2341 839 audio,
2383 771 2590 828 fmnum
2636 774 2899 846 intelligo,
2932 785 2986 830 et
3013 777 3275 847 plantam,
3304 789 3358 835 et
3393 782 3635 850 piscem,

377 879 430 924 et
472 869 724 937 bestiam,
756 880 815 924 et
844 885 1034 940 pecus,
1063 871 1252 927 omnia
1291 871 1367 924 uti
1406 870 1548 924 dicta
1589 879 1716 924 sunt
1742 869 1822 923 sic
1855 869 2124 938 accipio.»
2164 869 2227 922 Et
2259 869 2422 938 paulo
2471 880 2632 940 post:
2672 889 2691 922 ι
2720 871 2910 926 Nonne
2954 875 3134 942 potius
3177 877 3223 929 ei
3269 877 3468 932 dedero
3512 880 3637 949 glo-

375 965 512 1018 riam
564 966 656 1034 qui
689 975 924 1021 mentem
964 975 1201 1021 nostram
1235 965 1292 1020 in
1328 980 1512 1020 rerum
1539 979 1806 1020 vanarum
1840 965 2200 1034 occupatione
2245 981 2354 1020 non
2390 965 2646 1030 detinuit,
2689 967 2781 1021 sed
2806 969 2988 1022 omnia
3019 969 3085 1023 ad
3109 969 3544 1026 ‘tedillcatiouem
3576 979 3642 1029 et

379 1060 772 1129 perfectionem
819 1062 1127 1116 animarum
1161 1071 1469 1116 nostrarum
1513 1063 1782 1117 conscribi
1834 1062 2051 1117 sanxit?
2085 1061 2139 1115 ld
2190 1066 2331 1131 quod
2367 1062 2583 1130 quidam
2639 1064 2768 1116 mihi
2816 1065 3067 1119 videntur
3112 1081 3216 1120 non
3253 1067 3584 1123 intellexisse
3611 1092 3631 1128 ε

373 1152 466 1222 qui
499 1153 842 1222 captionibus
879 1153 1200 1221 quibusdam
1235 1160 1399 1220 atque
1442 1153 1755 1223 tr0pologiis
1782 1167 1849 1208 ex
1885 1166 1982 1206 suo
2019 1153 2258 1221 ipsorum
2305 1153 2523 1223 ingenio
2553 1153 2754 1223 aliquid
2798 1155 3095 1225 Scripturis
3125 1160 3401 1213 asciscere
3430 1171 3635 1216 aucto-

375 1243 556 1298 ritatis
597 1244 778 1298 conati
817 1255 965 1298 sunt.
998 1244 1196 1298 Verum
1231 1243 1279 1296 id
1314 1243 1363 1296 ei
1399 1244 1682 1312 competit,
1713 1242 1802 1311 qui
1837 1242 2073 1312 seipsurn
2111 1241 2349 1311 Spiritus
2384 1245 2556 1297 sancti
2603 1246 2841 1300 oraculis
2877 1247 3162 1302 constituit
3204 1250 3636 1317 sapientiorem,

373 1336 574 1403 quique
631 1333 1098 1403 interpretationis
1151 1344 1419 1404 prtetextu
1451 1344 1756 1389 commenta
1791 1349 1887 1389 sua
1922 1333 2154 1388 inducit.
2193 1334 2316 1390 Haec
2363 1335 2564 1404 itaque,
2601 1338 2743 1391 sicut
2777 1342 2977 1408 scripta
3013 1350 3142 1393 sunt
3195 1341 3580 1410 intelligantur.
3603 1359 3630 1394 ι

372 1424 587 1480 Rursus
634 1427 822 1482 homil.
850 1427 885 1481 2
920 1429 975 1482 in
1020 1426 1280 1483 l-lexaem.
1342 1443 1493 1482 num.
1522 1425 1598 1481 5:
1637 1446 1655 1478 ι
1687 1428 1916 1483 Omnem
1949 1427 2116 1496 igitur
2155 1429 2655 1496 interpretationem
2678 1470 2692 1494 ,
2740 1432 2911 1500 tr0pis
2953 1441 3008 1485 et
3045 1432 3320 1504 allegoriis
3363 1443 3633 1490 constan-

375 1529 509 1586 tem,
543 1521 596 1573 in
624 1522 915 1589 praesentia
953 1522 1453 1591 prtetermitteutes,
1495 1522 1846 1577 tenebrarum
1885 1525 2160 1578 notionem
2191 1522 2519 1593 simpliciter
2542 1535 2598 1580 et
2627 1527 2763 1582 citra
2799 1528 3196 1598 curiositatem,
3223 1544 3442 1585 sensum
3476 1529 3632 1586 Scri-

374 1619 546 1682 ptura:
579 1614 771 1680 secuti,
802 1617 1154 1686 accipiamus.
1184 1636 1202 1670 ι

444 1708 808 1780 Allegoricam
850 1711 1104 1783 Origenis
1135 1713 1362 1783 ejusque
1397 1713 1715 1783 sequacium
1773 1714 2088 1768 metliodum
2124 1713 2327 1769 diserte
2367 1715 2530 1769 etiam
2578 1716 2824 1772 confutat
2854 1718 3276 1790 Chrysostomus
3305 1720 3527 1775 homilia
3567 1721 3635 1775 15

374 1801 429 1857 in
487 1804 761 1868 Genesim,
805 1813 936 1860 tom.
960 1806 1027 1861 IV
1059 1822 1188 1863 nov.
1243 1809 1377 1874 edi.,
1414 1824 1539 1878 pag.
1586 1808 1688 1861 1θὲ
1729 1817 1782 1863 et
1815 1809 1942 1868 105.
1975 1809 2069 1864 ubi
2137 1809 2251 1864 ait:
2291 1828 2308 1861 ι
2340 1809 2450 1865 l-loc
2497 1814 2618 1868 loco
2649 1813 2799 1878 illud,
2831 1812 3084 1882 plantavit
3110 1814 3176 1878 ³⁸,
3210 1814 3289 1868 sic
3323 1813 3632 1884 intelligen-

374 1897 523 1964 dum,
564 1898 774 1954 scilicet
801 1900 977 1970 ipsum
1009 1901 1309 1971 imperasse
1348 1913 1406 1956 ut
1441 1904 1726 1972 paradisus
1765 1904 1816 1957 in
1852 1913 1997 1958 terra
2035 1905 2221 1958 iteret.
2252 1947 2268 1961 .
2293 1943 2311 1959 .
2335 1941 2350 1956 .
2378 1905 2501 1961 Ideo
2531 1908 2696 1961 etiam
2731 1907 2835 1963 loci
2887 1924 3082 1962 nomen
3129 1908 3288 1962 affert
3325 1907 3535 1977 Moyses
3574 1909 3630 1960 in

374 1985 702 2056 Scripturis,
735 2001 794 2044 ut
835 2004 902 2045 ne
935 1990 1128 2046 liceret
1154 1990 1354 2046 frustra
1401 1994 1594 2062 nugari
1639 1992 1944 2047 volentibus
1978 1993 2370 2063 simpliciorum
2417 1994 2641 2050 auribus
2687 1995 2985 2065 imponere,
3023 1997 3313 2065 dicereque
3354 2012 3461 2050 non
3509 2013 3632 2052 esse

372 2079 425 2136 in
467 2091 605 2136 terra
647 2082 984 2151 paradisum,
1027 2084 1123 2138 sed
1160 2085 1214 2138 in
1249 2076 1499 2153 coelo,'et
1533 2084 1745 2140 fabulas
1789 2085 2102 2153 hujusmodi
2145 2090 2436 2143 somniare.
2485 2086 2619 2141 Nam
2664 2089 2709 2143 si
2753 2104 2876 2142 cum
2921 2090 3103 2144 divina
3146 2089 3428 2156 Scriptura
3477 2096 3631 2143 tanta

370 2188 470 2227 usa
505 2175 575 2227 sit
610 2175 898 2229 verborum
935 2176 1304 2242 accuratione,
1355 2190 1461 2230 non
1499 2176 1814 2230 dubitarunt
1849 2185 2028 2230 tamen
2073 2178 2297 2246 quidam
2339 2180 2406 2232 de
2437 2176 2686 2231 facundia
2736 2194 2859 2244 sua,
2907 2194 3117 2234 necnon
3162 2180 3227 2232 de
3283 2177 3628 2248 philosomiia

370 2266 585 2322 exotica
638 2265 805 2319 altum
848 2267 1146 2336 sapientes,
1189 2267 1421 2322 adversa
1463 2267 1762 2337 Scripturis
1809 2268 1984 2338 loqui,
2033 2281 2086 2323 et
2122 2270 2307 2325 dicere
2344 2271 2655 2340 paradisum
2699 2271 2752 2324 in
2803 2280 2949 2325 terra
2997 2287 3105 2326 non
3156 2285 3302 2337 esse,
3347 2271 3628 2338 multaque

369 2358 477 2414 alia
513 2368 710 2429 praeter
743 2373 802 2413 ea
839 2374 958 2428 qua:
992 2360 1138 2414 dicta
1174 2367 1298 2415 sunt
1349 2361 1684 2430 adoptantes,
1720 2370 1910 2414 contra
1965 2361 2301 2430 Scripturam
2357 2363 2584 2426 sentire,
2611 2371 2665 2415 et
2699 2364 2984 2416 adversam
3020 2372 3207 2416 tenere
3250 2362 3420 2424 viam,
3458 2370 3630 2429 atque

369 2471 434 2511 ea
475 2470 594 2526 quae
628 2457 692 2510 de
741 2465 885 2509 terra
925 2457 1065 2511 dicta
1112 2465 1270 2522 sunt,
1312 2457 1378 2510 de
1428 2456 1584 2511 ctelis
1632 2457 1773 2510 dicta
1809 2466 2029 2526 putare,
2076 2457 2178 2511 nisi
2227 2457 2416 2511 humili
2457 2457 2547 2510 illa
2586 2464 2642 2512 et
2685 2467 3039 2528 attemperate
3085 2457 3370 2512 verborum
3413 2455 3625 2510 ratione

371 2567 506 2605 usus
533 2550 743 2621 Moyses
778 2563 943 2616 esset,
978 2551 1184 2622 Spiritu
1221 2561 1409 2605 sancto
1440 2551 1675 2620 linguam
1703 2551 1821 2618 ejus
1847 2560 2118 2615 movente,
2148 2565 2257 2620 quo
2289 2568 2397 2604 nou
2436 2551 2670 2606 devoluti
2703 2553 2923 2606 essent?
2943 2591 2957 2604 .
2982 2589 2996 2604 .
3020 2589 3035 2606 .
3071 2549 3189 2606 Non
3220 2553 3442 2606 credere
3473 2550 3621 2604 enim

370 2645 439 2699 iis
467 2659 583 2712 qua:
616 2645 666 2698 in
702 2645 882 2698 divina
910 2642 1190 2716 Scriptura
1223 2646 1496 2712 feruntur,
1524 2647 1620 2700 sed
1655 2645 1758 2699 alia
1789 2660 1856 2700 ex
1890 2644 2108 2714 propria
2143 2656 2323 2701 mente
2354 2645 2628 2710 inducere,
2665 2661 2913 2713 maguum
2949 2652 3076 2714 puto
3103 2644 3403 2713 periculum
3429 2658 3621 2699 creare

371 2740 496 2794 talia
527 2739 870 2796 audentibus.
886 2759 906 2793 ι

416 2831 588 2890 Ἰηιθιε
632 2847 756 2892 octo
788 2837 1133 2907 Origeniante
1167 2839 1425 2893 doctrinae
1456 2838 1658 2908 capita,
1705 2852 1939 2906 quorum
1974 2837 2330 2908 Epiphanius,
2358 2838 2688 2908 Theophilus
2731 2846 2784 2891 et
2817 2835 3182 2905 llierouymus
3213 2835 3617 2890 damnationem

369 2941 400 2980 a
436 2925 644 2984 Joanne
684 2929 1138 3000 Jerosolymitano
1169 2930 1423 2999 episcopo
1457 2930 1826 2999 postulabant,
1857 2940 2069 2984 sextum
2103 2939 2156 2986 et
2196 2933 2485 2999 septimum
2531 2932 2596 2985 ad
2631 2930 2982 3000 allegoricum
3015 2929 3311 2998 Scriptum
3346 2929 3617 2997 interpre-

371 3022 551 3077 tanda:
589 3025 807 3077 modum
851 3031 1128 3092 spectant,
1175 3032 1231 3078 et
1263 3024 1403 3093 apud
1458 3023 1771 3094 Hieronym.
1802 3025 1962 3093 epist.
1989 3024 2058 3079 '58
2103 3025 2171 3078 ad
2207 3025 2545 3092 Pammach.,
2579 3037 2710 3080 tom.
2739 3024 2835 3090 IV,
2865 3039 2989 3094 pag.
3016 3023 3120 3078 510
3151 3038 3275 3078 nov.
3328 3003 3482 3084 edit.,
3531 3020 3618 3075 his

371 3116 554 3170 verbis
587 3114 973 3170 continentur:
1014 3131 1032 3164 t
1063 3112 1199 3169 Octo
1229 3113 1325 3168 tibi
1367 3113 1448 3184 (ut
1474 3112 1659 3168 statim
1699 3113 1962 3186 probabo)
1995 3115 2060 3168 de
2095 3130 2188 3185 spe
2231 3114 2356 3169 fidei
2393 3115 2717 3169 Christiana:
2763 3115 3126 3183 quastionum
3181 3113 3358 3182 capita
3404 3111 3616 3180 objecta

367 3216 530 3262 sunt.
554 3245 570 3262 .
595 3244 612 3260 .
643 3216 853 3262 sextum
915 3206 1056 3274 quod
1087 3206 1167 3260 sic
1198 3206 1509 3274 paradisum
1544 3205 1876 3276 allegorizet,
1907 3215 1965 3259 ut
2012 3206 2254 3262 historiae
2297 3206 2512 3261 auferat
2545 3207 2861 3273 veritatem,
2907 3222 3004 3277 pro
3047 3207 3338 3262 arboribus
3371 3205 3614 3276 angelos,

365 3314 468 3368 pro
497 3297 803 3353 ﬂuminibus
838 3299 1066 3352 virtutes
1098 3297 1354 3351 caelestes
1387 3295 1718 3365 intelligens,
1763 3307 2040 3366 totamque
2077 3299 2314 3367 paradisi
2365 3299 2756 3354 continentiam
2803 3298 3134 3370 tropologica
3167 3298 3618 3368 interpretatione

365 3393 671 3448 subvertat.
715 3392 1042 3461 Septimum,
1086 3391 1232 3460 quod
1264 3405 1458 3460 aquas,
1496 3405 1615 3459 quae
1647 3405 1812 3460 super
1842 3391 2011 3446 cce-los
2055 3391 2110 3446 in
2156 3391 2460 3462 Scripturis
2506 3408 2626 3448 esse
2667 3394 2946 3458 dicuntur,
2979 3403 3195 3449 sanctas
3237 3407 3618 3462 supernasque

363 3486 632 3550 virtutes;
673 3498 790 3552 qua
820 3499 980 3554 super
1015 3493 1219 3536 terram
1247 3491 1303 3536 et
1331 3481 1472 3536 infra
1509 3492 1728 3547 terram,
1759 3483 2066 3539 contrarias
2094 3493 2149 3538 et
2174 3484 2535 3539 daemoniacas
2575 3500 2696 3541 esse
2732 3485 3050 3541 arbitretur.
3079 3503 3096 3536 ι
3133 3485 3280 3539 Idem
3321 3484 3374 3538 in
3404 3483 3616 3543 Daniel.

371 3597 494 3652 cap.
545 3597 612 3649 χ,
649 3590 781 3637 tom.
817 3578 916 3645 lll,
965 3595 1088 3650 pag.
1135 3576 1307 3643 1118,
1352 3579 1432 3633 sic
1498 3576 1836 3648 Origenistas
1890 3579 2210 3648 perstringit
2252 3596 2267 3632 :
2317 3596 2337 3630 ι
2381 3579 2582 3634 Eorum
2641 3579 2999 3634 deliramenta
3053 3579 3464 3642 conticescant,
3522 3583 3617 3648 qui

363 3676 587 3732 umbras
623 3683 678 3728 et
719 3673 988 3744 imagines
1032 3673 1086 3725 in
1129 3671 1358 3726 veritate
1389 3679 1723 3738 quaerentes,
1761 3673 1934 3739 ipsam
1976 3680 2249 3725 conantur
2284 3679 2530 3726 evertere
2567 3672 2874 3736 veritatem,
2909 3681 2962 3724 ut
3015 3670 3234 3726 ﬂumina
3282 3681 3335 3724 et
3370 3673 3614 3730 arbores.

362 3773 418 3818 et
448 3765 762 3833 paradisum
811 3770 1002 3831 putent
1045 3760 1322 3832 allegoriae
1362 3759 1568 3829 legibus
1612 3773 1672 3814 se
1714 3760 1913 3814 debere
1954 3762 2278 3814 subruere.»
2320 3761 2462 3816 Idem
2511 3759 2727 3831 praefat.
2771 3761 2866 3816 lib.
2896 3776 2927 3814 v
2957 3760 3248 3817 Comment.
3280 3767 3334 3816 in
3377 3763 3617 3826 Isaiam,

365 3870 498 3916 tom.
532 3858 621 3922 Ill,
652 3872 777 3927 pag.
805 3856 903 3910 107
932 3874 946 3909 :
983 3873 1002 3905 ι
1035 3853 1174 3919 Quid
1210 3853 1376 3923 igitur
1401 3851 1634 3905 faciam?
1667 3851 1967 3905 subeamne
1991 3864 2130 3919 opus
2161 3850 2216 3904 in
2243 3865 2352 3919 quo
2391 3851 2494 3905 viri
2528 3849 2882 3905 eruditissimi
2925 3855 3277 3919 sudaveruut,
3314 3853 3608 3922 Origenem

364 3955 579 4024 loquor,
626 3960 682 4005 et
711 3949 1002 4004 Eusebium
1042 3944 1354 4015 Pamphili:
1387 3958 1617 4013 quorum
1659 3943 1798 3995 alter
1841 3940 2032 3995 liberis
2067 3940 2341 4012 allegoriae
2384 3941 2579 4007 spatiis
2611 3951 2893 4012 evagatur,
2921 3952 2977 3995 et
3023 3942 3394 4012 interpretatis
3439 3947 3620 4000 nomi-

359 4050 523 4105 nibus
567 4044 927 4115 singulorum,
968 4039 1244 4110 ingenium
1277 4051 1433 4091 suum
1477 4035 1611 4089 facit
1644 4034 1902 4090 Ecclesia:
1949 4045 2328 4100 sacramenta;
2368 4034 2510 4088 alter
2544 4034 2859 4089 historicam
2893 4037 3285 4104 expositionem
3319 4037 3476 4094 titulo
3518 4055 3612 4094 re-

359 4139 688 4214 promittens
732 4133 999 4188 interdum
1050 4129 1394 4186 obliviscitur
1440 4127 1819 4198 propositi,‘et
1861 4125 1916 4179 iu
1963 4124 2212 4195 Origenis
2253 4125 2389 4179 scita
2435 4126 2708 4180 concedit.
2738 4145 2757 4178 ι
2808 4124 3071 4196 Origenes
3122 4124 3374 4184 Jeremite
3431 4129 3610 4186 locum

361 4240 667 4285 exstantem
701 4242 819 4296 cap.
845 4240 1014 4288 xxvu,
1049 4224 1102 4285 2,
1133 4221 1206 4276 3:
1241 4239 1260 4271 ι
1287 4220 1396 4275 Fac
1429 4219 1528 4274 tibi
1573 4219 1785 4273 vincula
1824 4228 1879 4272 et
1909 4227 2168 4273 catenas:
2208 4226 2265 4271 et
2303 4230 2472 4287 pones
2515 4233 2609 4273 eas
2651 4220 2702 4272 in
2738 4218 2878 4272 collo
2925 4227 3039 4284 tuo,
3077 4229 3133 4274 et
3176 4220 3360 4277 mittes
3406 4237 3502 4280 eas
3547 4225 3617 4279 ad

361 4338 544 4392 regem
573 4322 768 4381 Edoni,
811 4326 868 4373 et
905 4318 968 4372 ad
1001 4330 1181 4386 regem
1218 4312 1394 4378 Moab,
1423 4321 1478 4367 et
1504 4313 1569 4366 ad
1602 4326 1783 4381 regem
1822 4309 2056 4364 filiorum
2086 4309 2342 4374 Ammon,
2371 4320 2424 4364 et
2450 4311 2518 4364 ad
2549 4325 2725 4378 regem
2755 4309 2906 4381 Tyri,
2935 4319 2992 4365 et
3025 4311 3093 4365 ad
3121 4326 3306 4382 regem
3336 4313 3614 4381 Sidonis,»

365 4411 422 4469 in
456 4413 767 4484 allegoriam
801 4418 1060 4465 traxerat.
1101 4407 1229 4478 Ejus
1257 4405 1654 4476 expositionem
1689 4402 1854 4459 refert
1889 4403 2248 4473 Hieronymus
2279 4411 2414 4456 tom.
2443 4402 2529 4463 lll,
2563 4418 2691 4472 pag.
2716 4404 2821 4458 658
2852 4423 2866 4459 :
2905 4423 2923 4456 ι
2955 4402 3111 4459 Hunc
3154 4404 3354 4472 locum,
3404 4407 3611 4478 inquit,

361 4509 684 4578 allegoricus
722 4521 936 4574 semper
974 4506 1261 4573 interpres,
1305 4512 1360 4556 et
1395 4501 1636 4556 historiae
1687 4499 1906 4570 fugiens
1938 4499 2254 4562 veritatem,
2301 4499 2697 4568 interpretatur
2745 4501 2808 4554 de
2841 4500 3048 4555 caelesti
3098 4499 3421 4567 Jerusalem,
3467 4508 3614 4572 quod

362 4608 598 4661 debeant
665 4603 995 4658 habitatores
1040 4600 1158 4668 ejus
1201 4608 1396 4668 sponte
1439 4609 1718 4650 assumere
1770 4609 2032 4663 corpora,
2079 4603 2135 4648 et
2165 4593 2493 4648 descendere
2541 4596 2591 4649 iu
2627 4593 2975 4666 Babylonem,
3020 4595 3074 4648 id
3114 4607 3200 4651 est
3237 4596 3613 4652 confusionem

362 4702 546 4757 mundi
582 4701 742 4769 hujus
787 4699 880 4769 qui
933 4699 986 4752 in
1022 4696 1255 4765 maligno
1293 4695 1506 4763 positus
1536 4702 1644 4759 est,
1690 4701 1746 4747 et
1777 4693 1987 4747 servire
2035 4690 2148 4760 regi
2192 4688 2512 4760 Babylonio,
2549 4691 2693 4745 haud
2742 4692 2965 4746 dubium
3001 4692 3130 4760 quin
3176 4692 3410 4747 diabolo.
3459 4694 3614 4760 Quod

361 4799 406 4851 si
451 4798 552 4850 hoc
601 4795 782 4848 facere
829 4793 1124 4858 noluerint,
1161 4803 1504 4860 nequaquam
1548 4803 1642 4844 eos
1697 4787 1885 4858 gravia
1923 4801 2153 4856 corpora
2205 4795 2540 4854 portaturos.
2589 4787 2680 4840 sed
2725 4786 2996 4855 perituros
3041 4786 3238 4857 gladio,
3272 4797 3326 4841 et
3363 4788 3528 4853 fame,
3559 4803 3616 4844 et

361 4902 532 4961 peste,
575 4899 632 4945 et
674 4905 1010 4962 nequaquam
1042 4887 1291 4942 homines
1326 4885 1563 4950 futuros,
1593 4885 1687 4938 sed
1721 4885 2015 4938 daemones.
2063 4881 2176 4936 lloc
2215 4881 2304 4935 ille
2351 4881 2570 4948 dixerit,
2607 4895 2675 4935 ne
2707 4881 3019 4938 defensores
3057 4881 3174 4951 ejus
3215 4882 3370 4937 nobis
3402 4882 3615 4936 calum—

361 4987 506 5040 niam
537 4985 759 5040 faciant.
801 4984 1071 5040 Caeterum
1106 4997 1204 5036 nos
1249 4981 1547 5048 simplicem
1593 4991 1650 5033 et
1691 4993 1873 5032 veram
1927 4992 2224 5048 sequamur
2268 4977 2575 5042 historiam,
2626 4992 2692 5030 ne
2740 4979 3062 5047 quibusdam
3100 4977 3333 5034 nubibus
3373 4990 3426 5034 et
3468 4995 3611 5048 prte—

361 5081 541 5151 stigiis
582 5081 943 5134 involvamur.
973 5099 991 5131 ι
1022 5077 1421 5146 εωθιηφνίεήιι.
1467 5077 1518 5130 in
1556 5076 1816 5137 Malach.,
1853 5083 1986 5128 tom.
2021 5072 2109 5138 111,
2141 5088 2195 5142 p.
2222 5072 2380 5134 l803,
2413 5071 2553 5124 hanc
2600 5072 2666 5124 de
2714 5070 3041 5139 Origcuiano
3085 5068 3138 5122 in
3188 5068 3330 5123 hunc
3375 5072 3608 5140 prophe-

363 5185 472 5228 tam
521 5171 912 5228 commentario
958 5170 1065 5224 fert
1113 5170 1435 5222 sententiam
1476 5184 1490 5219 :
1529 5185 1546 5216 ι
1579 5165 1810 5234 Scripsit
1846 5167 1896 5219 in
1947 5167 2092 5220 hunc
2140 5163 2336 5217 librum
2387 5159 2650 5230 Origenes
2686 5160 2788 5212 tria
2837 5158 3140 5225 volumina,
3182 5160 3274 5213 sed
3321 5158 3604 5214 historiam

360 5265 582 5321 omnino
618 5279 729 5319 non
762 5263 960 5332 tetigit,
987 5271 1042 5316 et
1072 5275 1221 5316 more
1263 5274 1360 5314 suo
1405 5269 1551 5312 tutus
1597 5259 1648 5310 in
1700 5257 1972 5326 allegoriae
2021 5253 2468 5322 interpretatione
2514 5262 2763 5306 versatus
2795 5259 2912 5312 est,
2963 5251 3161 5303 nullam
3194 5249 3374 5305 Esdrze
3402 5250 3608 5310 faciens
3644 5258 3652 5288 ’-

362 5361 721 5424 mentionem,
764 5360 856 5414 sed
890 5357 1137 5426 angelum
1171 5365 1372 5424 putans
1410 5354 1581 5408 fuisse
1611 5354 1701 5424 qui
1741 5351 1980 5420 scripsit,
2025 5348 2319 5404 secundum
2352 5347 2478 5401 illud
2514 5346 2658 5416 quod
2687 5346 2756 5400 de
2788 5342 2995 5399 Joanne
3029 5343 3261 5414 legimus
3293 5361 3308 5398 :
3347 5346 3478 5400 Ecce
3509 5363 3607 5418 ego

361 5454 509 5508 mitto
547 5451 790 5521 angelum
823 5467 994 5504 meum
1021 5460 1142 5503 ante
1175 5448 1364 5516 faciem
1399 5455 1542 5500 tuam
1567 5445 1631 5499 ³⁸.
1666 5443 1818 5510 Quod
1857 5457 1956 5498 nos
1981 5442 2207 5499 omnino
2234 5455 2338 5495 non
2370 5440 2686 5508 recipimus,
2719 5451 2784 5491 ne
2818 5434 3120 5490 animarum
3158 5435 3223 5491 de
3251 5436 3388 5496 cmlo
3418 5438 3607 5497 ruinas

363 5543 636 5612 auScipere
668 5543 1070 5610 compellamur.
1097 5559 1114 5592 ι

434 5680 482 5714 ³³
526 5681 660 5739 Gen.
708 5697 769 5749 tt,
820 5681 874 5738 8.
949 5679 994 5712 "
1043 5679 1230 5736 Matth.
1284 5695 1364 5749 ιι,
1404 5677 1494 5736 10.

3891 293 3909 1364 1

3879 1819 3909 3216 Ι
