4000 6146
67 3545 76 3886 Ξ

384 212 446 257 41
733 158 737 163 ⁴
1168 196 1486 256 MUNITUM
1519 199 1612 253 AD
1649 194 1969 255 ORIGENIS
2005 195 2395 254 EXEGETICA
2442 195 2508 252 IN
2545 197 2865 257 GENESIM.
3569 205 3639 261 Β

460 316 572 370 Non
618 315 824 369 minori
881 314 1001 370 zelo
1044 313 1377 383 Augustinus
1424 320 1610 368 contra
1657 310 1993 381 Origenistas
2044 311 2274 372 debitam
2325 313 2543 369 litterali
2603 314 3006 383 Scripturarum
3059 319 3240 374 sensui
3280 323 3638 377 reverentiam

390 418 572 464 tuetur
598 408 727 462 libr.
753 422 850 462 vrtt
894 408 969 461 De
997 405 1184 463 Cenes.
1211 412 1281 461 ad
1305 409 1434 472 litt.,
1464 421 1589 475 cap.
1624 406 1675 471 l,
1708 422 1857 461 num.
1886 406 1942 472 4,
1976 413 2103 459 tom.
2129 407 2222 472 Ill,
2253 423 2375 478 pag.
2404 409 2532 475 226,
2565 410 2655 464 ubi
2686 412 2764 465 sic
2801 420 3035 467 mentem
3075 429 3225 469 suam
3261 416 3434 484 aperit
3460 435 3471 468 :
3510 433 3531 467 ι
3561 417 3641 471 Ad

388 515 487 554 eos
518 501 711 567 loquor
739 498 839 569 qui
871 498 1251 554 auctoritatem
1283 499 1480 552 barum
1520 496 1824 551 litterarum
1860 506 2185 566 sequuntur.
2231 499 2430 554 Eorum
2467 501 2612 555 enim
2664 503 2882 570 quidam
2930 520 3035 558 non
3082 505 3318 575 pr0prie,
3362 510 3458 560 sed
3498 508 3637 578 ﬁgu-

392 601 513 645 rate
559 592 877 660 paradisum
910 591 1136 659 intelligi
1172 591 1382 646 volunt.
1443 589 1578 646 Nam
1610 590 1700 660 qui
1748 590 1972 645 omnino
2020 589 2381 645 adversantur
2425 591 2512 646 his
2564 592 2782 656 litteris,
2824 594 2959 649 alias
2993 611 3113 650 cum
3159 598 3238 650 eis
3281 607 3443 666 atque
3485 601 3640 655 aliter

386 685 984 755 egimus:quanquam
1043 693 1098 739 et
1131 685 1245 738 haec
1281 685 1333 738 in
1381 685 1483 740 hoc
1528 686 1646 754 ipso
1693 699 1858 755 opere
1891 691 2099 748 nostro,
2145 695 2403 753 quantum
2438 685 2707 751 valemus,
2752 687 2826 740 ita
2863 687 3215 744 defendamus
3259 692 3326 746 ad
3372 692 3635 757 litteram,

387 779 583 846 utqui
640 793 747 833 non
806 770 1202 833 rationabiliter
1254 779 1407 844 moti,
1444 789 1672 850 propter
1725 781 1965 833 animum
2020 778 2356 848 pervicacem
2395 780 2479 835 vel
2534 782 2814 846 hebetem,
2871 784 3094 839 credere
3151 785 3250 851 ista
3304 787 3638 850 detrectant,

388 870 605 925 nullam
642 870 819 926 tamen
863 871 1149 926 inveniant
1189 873 1455 927 rationem
1500 875 1643 927 unde
1680 870 1817 935 falsa
1848 885 1970 926 esse
2010 872 2357 926 convincunt.
2386 870 2585 927 Verum
2633 873 2723 929 isti
2765 876 2933 929 nostri
2976 875 3069 944 qui
3101 876 3261 930 ﬁdem
3305 878 3506 936 habent
3555 882 3641 937 his

391 964 602 1017 divinis
630 963 809 1027 libris,
837 973 894 1019 et
926 964 1119 1020 nolunt
1152 964 1461 1033 paradisum
1499 966 1566 1018 ad
1602 963 1993 1034 pr0prietatem
2026 961 2224 1018 litterte
2270 963 2518 1034 intelligi,
2560 964 2735 1019 locum
2785 964 2994 1021 scilicet
3037 968 3490 1037 amoenissimum,
3524 973 3641 1031 fru-

387 1056 603 1110 ctuosis
644 1056 957 1111 nemoribus
990 1066 1296 1124 opacatum,
1340 1053 1698 1124 eumdemque
1735 1067 2011 1123 magnum,
2072 1061 2127 1106 et
2172 1069 2363 1125 magno
2397 1053 2546 1109 fonte
2577 1054 2886 1123 fecundum,
2932 1072 3054 1111 cum
3102 1060 3321 1117 videant
3361 1063 3503 1119 nulla
3539 1067 3640 1123 hu-

390 1165 562 1204 mana
605 1166 766 1218 opera
800 1158 877 1205 tot
905 1166 970 1206 ac
999 1159 1149 1205 tanta
1188 1151 1358 1204 vireta
1399 1149 1690 1205 silvescere
1723 1147 1935 1203 occulto
1975 1161 2139 1216 opere
2180 1149 2298 1216 Dei,
2346 1150 2516 1204 miror
2563 1151 3015 1218 quemadmodum
3057 1154 3286 1207 credunt
3323 1157 3498 1224 ipsum
3542 1160 3640 1215 ho-

388 1245 599 1299 minem
646 1245 721 1298 ita
769 1243 970 1298 factum
1024 1243 1482 1313 quemadmodum
1521 1256 1801 1311 nunquam
1843 1240 2123 1295 viderunt.
2161 1241 2277 1294 Aut
2318 1242 2361 1309 si
2405 1250 2459 1296 et
2502 1242 2620 1311 ipse
2667 1241 2897 1313 ﬁgurate
2946 1242 3326 1314 intelligendus
3359 1258 3474 1314 est,
3513 1251 3639 1321 quis

388 1339 589 1406 genuit
625 1337 781 1404 Cain,
808 1337 965 1401 Abel,
990 1347 1044 1391 et
1072 1336 1240 1392 Seth?
1266 1340 1348 1391 An
1381 1347 1432 1392 et
1463 1336 1561 1406 ipsi
1596 1336 1825 1406 ﬁgurate
1868 1343 2075 1389 tantum
2110 1334 2359 1402 fuerunt;
2397 1352 2502 1391 non
2531 1338 2695 1391 etiam
2734 1337 2981 1393 homines
3010 1353 3078 1393 ex
3125 1340 3441 1398 hominibus
3486 1346 3641 1399 nati?

390 1431 474 1484 De
513 1430 767 1500 proximo
806 1446 937 1500 ergo
975 1432 1262 1484 attendant
1303 1429 1458 1484 istam
1512 1427 1984 1500 praesumptionem
2035 1441 2142 1496 quo
2192 1427 2397 1494 tendat,
2428 1437 2483 1483 et
2525 1439 2793 1484 conentur
2833 1427 3113 1485 nobiscum
3156 1444 3352 1489 cuncta
3387 1435 3640 1504 primitus

390 1539 521 1593 qua:
566 1535 717 1594 gesta
764 1533 1078 1589 narrantur,
1115 1524 1168 1578 in
1219 1524 1621 1593 expressionem
1672 1519 1920 1574 veritatis
1963 1520 2228 1589 accipere.
2280 1520 2412 1587 Quis
2453 1522 2599 1576 enim
2653 1521 2734 1576 eis
2778 1528 2967 1589 postea
3016 1536 3126 1577 non
3189 1521 3372 1579 faveat
3431 1526 3638 1583 intelli-

393 1618 656 1689 gentibus
693 1615 822 1685 quid
859 1615 961 1669 ista
1009 1616 1174 1671 etiam
1220 1615 1449 1685 ﬁgurata
1491 1611 1895 1683 signiﬁcatione
1940 1623 2345 1678 commoneant,
2393 1613 2508 1668 sive
2538 1613 2778 1681 ipsarum
2815 1613 3138 1683 spiritalium
3197 1625 3512 1674 naturarum
3554 1621 3641 1676 vel

396 1709 775 1775 an‘ectionum,
810 1709 924 1763 sive
955 1724 1137 1763 rerum
1176 1708 1523 1763 futurarum?
1563 1707 1705 1762 Sane
1738 1706 1783 1760 si
1824 1704 1971 1759 nullo
2003 1705 2163 1761 modo
2204 1716 2428 1776 possent
2467 1710 2621 1763 salva
2668 1707 2772 1763 ﬁde
2821 1708 3062 1763 veritatis
3108 1724 3196 1774 ea,
3228 1726 3347 1780 quae
3378 1728 3640 1782 corpora-

394 1800 527 1855 liter
559 1802 646 1855 hic
694 1800 969 1855 nominata
1016 1808 1175 1866 sunt,
1221 1800 1580 1870 corporaliter
1627 1801 1787 1855 etiam
1838 1798 2031 1866 accipi,
2077 1798 2210 1867 quid
2257 1798 2403 1854 aliud
2452 1808 2779 1866 remaneret,
2831 1799 2938 1855 nisi
2980 1810 3042 1855 ut
3079 1815 3142 1855 ea
3179 1802 3358 1870 potius
3407 1803 3639 1875 ﬁgurate

396 1893 539 1947 dicta
592 1893 1035 1963 intelligeremus,
1076 1908 1239 1961 quam
1293 1892 1630 1963 Scripturam
1678 1899 1924 1946 sanctam
1975 1889 2139 1959 impie
2184 1889 2564 1961 culparemus?
2607 1892 2778 1949 Porro
2826 1902 3010 1947 autem
3060 1894 3105 1948 si
3155 1909 3260 1948 non
3309 1895 3482 1950 solum
3531 1913 3638 1951 non

392 1985 720 2054 impediunt,
750 2001 939 2040 verum
974 1986 1139 2040 etiam
1172 1985 1397 2040 solidius
1435 1994 1688 2040 asserunt
1730 1983 1899 2039 divini
1941 1983 2139 2053 eloquii
2185 1984 2562 2039 narrationem
2593 1985 2711 2041 haec
2754 1985 2920 2040 etiam
2948 1988 3303 2056 corporaliter
3344 1988 3636 2053 intellecta,

392 2093 558 2132 nemo
590 2080 718 2143 erit,
750 2091 807 2132 ut
837 2079 1052 2149 opinor,
1083 2088 1193 2132 tam
1225 2078 1514 2134 inﬁdeliter
1557 2078 1839 2146 pertinax,
1884 2077 2015 2145 qui,
2060 2092 2180 2131 cum
2232 2091 2295 2132 ea
2325 2076 2621 2132 secundum
2666 2078 2905 2148 regulam
2947 2078 3069 2134 ﬁdei
3124 2083 3368 2151 exposita
3423 2082 3640 2152 proprie

389 2170 617 2235 viderit,
651 2170 802 2224 malit
847 2171 901 2224 in
938 2169 1155 2239 propria
1191 2185 1473 2226 remanere
1501 2171 1796 2234 sententia,
1826 2169 1870 2223 si
1904 2168 2046 2223 forte
2086 2168 2165 2222 illi
2207 2169 2325 2222 visa
2368 2168 2585 2223 fuerant
2632 2170 2847 2225 nonnisi
2903 2170 3128 2241 ﬁgurate
3179 2188 3339 2242 posse
3390 2175 3589 2244 accipi.
3616 2197 3636 2228 ι

390 2259 659 2315 Eamdem
697 2263 1011 2328 veritatem,
1037 2265 1091 2320 id
1118 2273 1200 2318 est
1228 2277 1258 2315 a
1294 2262 1404 2317 Deo
1446 2262 1717 2316 consitum
1748 2277 1931 2317 revera
1961 2261 2012 2315 in
2048 2270 2194 2314 terra
2224 2257 2390 2313 fuisse
2414 2260 2745 2328 paradisum,
2773 2263 2960 2316 eadem
2995 2263 3041 2316 vi
3075 2275 3373 2334 propugnat
3416 2266 3510 2321 lib.
3539 2282 3638 2321 xnr

390 2354 474 2408 De
498 2356 646 2411 civit.
667 2353 781 2420 Dei,
812 2369 932 2424 cap.
953 2355 1046 2420 21,
1082 2365 1208 2410 tom.
1238 2352 1346 2420 Vll,
1379 2369 1501 2424 pag.
1527 2353 1652 2419 '5“,
1688 2353 1771 2407 his
1802 2353 2022 2407 verbis:
2053 2371 2072 2404 ι
2102 2350 2261 2407 Unde
2285 2351 2527 2406 nonnulli
2557 2361 2725 2406 totum
2763 2352 2935 2421 ipsum
2978 2358 3314 2424 paradisum,
3355 2359 3443 2414 ubi
3477 2363 3638 2430 primi

389 2449 646 2506 homines
676 2459 930 2519 parentes
974 2450 1189 2520 generis
1222 2450 1445 2505 humani
1475 2459 1676 2503 sancta:
1724 2448 2020 2519 Scriptura:
2063 2446 2296 2501 veritate
2335 2445 2503 2503 fuisse
2538 2457 2852 2518 narrantur,
2880 2451 2950 2505 ad
2980 2451 3336 2522 intelligibilia
3369 2454 3629 2523 referunt,

397 2545 738 2612 arboresque
770 2543 887 2598 illas
918 2555 973 2598 et
1004 2544 1147 2615 ligna
1180 2542 1459 2598 fructifera
1494 2543 1553 2597 in
1585 2542 1817 2597 virtutes
1854 2543 1972 2597 vitzc
2003 2554 2290 2610 moresque
2321 2549 2670 2606 convertunt,
2717 2551 2971 2612 tanquam
3015 2543 3246 2599 visibilia
3290 2545 3381 2601 illa
3414 2559 3470 2602 et
3502 2563 3631 2603 cor-

391 2634 609 2704 poralia
639 2650 742 2689 non
768 2635 987 2703 fuerint,
1010 2634 1103 2689 sed
1131 2633 1542 2705 iutelligibilium
1565 2633 2022 2704 signiﬁcationum
2052 2650 2214 2690 causa
2239 2647 2305 2687 eo
2330 2633 2489 2687 modo
2511 2632 2653 2687 dicta
2680 2633 2760 2685 vel
2789 2634 2988 2701 scripta
3018 2636 3144 2690 sint.
3164 2635 3325 2701 Quasi
3354 2650 3640 2709 propterea

393 2744 509 2783 non
546 2729 789 2799 potuerit
816 2744 938 2783 esse
981 2728 1267 2798 paradisus
1308 2729 1629 2798 corporalis,
1668 2729 1794 2798 quia
1825 2737 2004 2797 potest
2039 2731 2202 2785 etiam
2233 2726 2493 2798 spiritalis
2540 2726 2806 2797 intelligi?
2832 2726 3109 2797 Tanquam
3147 2730 3268 2785 ideo
3297 2746 3403 2787 non
3435 2733 3641 2793 fuerint

396 2825 520 2878 dua:
583 2822 862 2888 mulieres,
895 2822 1038 2892 Agar
1085 2832 1140 2875 et
1173 2821 1333 2884 Sara,
1372 2831 1427 2875 et
1458 2836 1527 2875 ex
1572 2820 1677 2874 illis
1706 2821 1812 2875 duo
1847 2819 1943 2874 ﬁlii
1971 2821 2224 2886 Abrahae,
2257 2835 2396 2875 unus
2424 2818 2490 2873 de
2520 2819 2714 2873 ancilla
2742 2829 2796 2874 et
2835 2820 2974 2875 alius
3024 2821 3088 2876 de
3118 2822 3323 2884 libera:
3373 2827 3497 2894 quia
3536 2831 3641 2886 duo

396 2924 727 2971 testamenta
760 2915 812 2967 in
848 2915 928 2968 eis
979 2913 1202 2984 ﬁgurata
1248 2914 1379 2968 dicit
1406 2912 1735 2981 Apostolus:
1772 2921 1865 2968 aut
1896 2914 2017 2968 ideo
2046 2914 2113 2968 de
2143 2912 2287 2966 nulla
2322 2920 2499 2981 petra,
2536 2910 2717 2982 Moyse
2760 2914 3114 2982 percutiente,
3146 2931 3281 2986 aqua
3314 2917 3627 2985 defluxerit,

338 3018 345 3023 '
393 3008 526 3078 quia
567 3017 746 3077 potest
789 3006 898 3061 illic
937 3006 1165 3076 ﬁgurata
1198 3006 1596 3076 signiﬁcatione
1638 3007 1801 3061 etiam
1847 3006 2095 3062 Christus
2131 3005 2381 3077 intelligi,
2416 3007 2605 3061 eodem
2654 3005 2912 3075 Apostolo
2955 3006 3169 3063 dicente
3207 3027 3221 3064 :
3258 3009 3420 3065 Petra
3467 3024 3640 3069 autem

395 3111 512 3155 erat
565 3098 810 3154 Christus
834 3099 906 3151 ³⁷.
941 3097 1110 3154 Nemo
1156 3099 1341 3166 itaque
1384 3097 1636 3168 prohibet
1684 3098 1985 3168 intelligere
2035 3097 2365 3168 paradisum,
2403 3097 2571 3151 vitam
2607 3097 2923 3164 beatorum;
2957 3107 3189 3169 quatuor
3216 3101 3333 3172 ejus
3378 3101 3638 3174 ﬂumina,

401 3204 648 3261 quatuor
696 3193 953 3257 virtutes,
1005 3191 1382 3261 prudentiam,
1430 3186 1833 3255 fortitudinem,
1875 3190 2282 3260 temperantiam
2343 3197 2508 3259 atque
2556 3186 2861 3258 justitiam.
2889 3230 2944 3247 ..
2991 3189 3153 3255 llaec,
3199 3202 3254 3247 et
3286 3194 3333 3247 si
3368 3210 3474 3263 qua
3531 3198 3638 3253 alia

397 3288 744 3342 commodius
777 3286 881 3341 dici
924 3295 1149 3356 possunt
1184 3286 1254 3356 de
1282 3285 1631 3355 intelligendo
1664 3286 1986 3356 spiritaliter
2018 3286 2290 3356 paradiso,
2338 3284 2552 3339 nemine
2580 3285 2918 3354 prohibente,
2966 3285 3263 3343 dicantur:
3297 3290 3426 3346 dum
3462 3299 3641 3350 tamen

400 3389 460 3433 et
492 3379 644 3433 illius
670 3379 909 3435 historia:
938 3378 1145 3434 veritas
1176 3354 1492 3434 ﬁdelissima
1525 3392 1706 3433 rerum
1740 3387 2016 3447 gestarum
2047 3378 2362 3433 narratione
2387 3377 2762 3432 commendata
2789 3378 3068 3433 credatur.
3091 3396 3110 3431 ι

467 3471 544 3525 Er
582 3471 665 3525 his
691 3472 848 3535 satis,
873 3470 1088 3541 opinor,
1129 3469 1299 3540 liquet
1334 3469 1720 3542 Origeniauam
1753 3467 2053 3538 Scriptura:
2099 3484 2270 3525 sacrae
2317 3468 2612 3540 allegorico
2645 3483 2810 3524 sensu
2854 3468 3280 3539 interpretanda:
3332 3475 3646 3533 met-hodum

395 3567 652 3635 reiectam
688 3565 858 3621 fuisse
892 3582 923 3621 a
952 3566 1227 3632 Patribus,
1262 3580 1294 3620 e
1323 3581 1554 3636 quorum
1588 3580 1686 3622 ore
1726 3564 2014 3632 discimus,
2059 3566 2279 3621 litterali
2323 3566 2507 3621 sensui
2548 3565 2866 3620 reverentiae
2905 3565 3197 3634 plurimum
3234 3569 3456 3636 deberi;
3496 3572 3643 3629 illum

397 3661 643 3731 mysticis
693 3660 968 3731 plerisque
993 3658 1422 3728 expositionibus
1455 3673 1575 3727 qua:
1617 3666 1676 3713 ut
1706 3658 1996 3727 plurimum
2023 3673 2054 3711 a
2099 3657 2347 3712 vividiori
2381 3669 2436 3713 et
2480 3657 2724 3713 abnormi
2763 3657 3148 3724 imaginatione
3192 3671 3513 3726 nascuntur,
3558 3665 3642 3719 in-

396 3754 606 3809 ﬁnitum
646 3762 940 3822 praestare;
985 3750 1324 3820 frequentem
1374 3750 1760 3821 allegoriarum
1798 3765 1951 3803 usum
1987 3750 2229 3819 periculo
2261 3766 2371 3805 non
2415 3766 2633 3816 vacare,
2679 3762 2731 3805 et
2777 3750 2860 3805 vel
2896 3751 2961 3805 iis
3006 3751 3059 3804 iu
3104 3751 3262 3815 locis,
3300 3754 3390 3808 ubi
3425 3754 3637 3824 ﬁgurati

392 3862 583 3902 sensus
613 3848 817 3903 veritas
849 3848 901 3900 in
932 3846 1153 3901 dubium
1196 3846 1384 3916 nequit
1412 3846 1687 3913 revocari,
1722 3860 1935 3902 summa
1967 3845 2219 3900 cautione
2246 3860 2382 3916 opus
2411 3861 2555 3912 esse,
2585 3862 2650 3901 ne
2685 3845 2829 3902 illius
2859 3855 3120 3915 praetextu
3164 3846 3364 3901 veritas
3398 3849 3643 3908 historici

388 3954 578 3992 sensus
604 3939 997 3993 detrimentum
1029 3938 1243 4008 aliquod
1285 3938 1543 4010 patiatur.

456 4031 500 4063 ³⁷
532 4028 553 4083 1
586 4029 718 4085 Cor.
747 4048 805 4098 Χ,
840 4032 900 4086 4.

386 4186 671 4197 -ς--ο

879 4206 1113 4221 h__,.
1178 4212 1230 4222 _
1267 4209 1755 4233 ___.7_~..._______.
1784 4214 1797 4223 _
3612 4193 3624 4217 τ

1678 4351 2362 4469 MONITUM

932 4580 1067 4655 AD
1140 4574 1624 4656 OBIGENIS
1698 4559 2354 4657 ΕΞΗΓΗΤΙΚΑ
2431 4567 2512 4649 ιι

1529 4574 1624 4653 IS
1698 4559 2354 4657 ΕΞΗΓΗΤΙΚΑ
2431 4567 2544 4650 ΙΝ
2619 4568 3103 4652 GENESIM.

460 4884 504 4941 l.
543 4881 903 4951 Hieronymus
932 4881 991 4934 in
1029 4880 1243 4950 prologo
1276 4882 1497 4950 prce/imo
1532 4896 1646 4934 sua:
1678 4881 2099 4951 interpretationi
2135 4880 2475 4935 ltomiliarum
2510 4896 2641 4948 quas
2677 4880 2729 4933 in
2765 4876 3089 4951 Ezechielcm
3124 4878 3379 4947 Origenes
3418 4879 3599 4951 habuit
3628 4895 3644 4933 :

401 4978 420 5008 ι
468 4955 645 5018 illud,
708 4949 921 5022 inquit,
971 4953 1190 5004 breviter
1236 4949 1512 5022 admoneo,
1580 4961 1637 5022 ut
1682 4949 1825 5005 scias
1871 4949 2116 5019 Origenis
2167 4952 2418 5022 opuscula
2487 4954 2544 5003 in
2588 4950 3177 5022 omnemScripturam
3228 4964 3339 5022 esse
3388 4950 3640 5018 triplicia.

399 5025 638 5079 Primum
677 5020 794 5090 ejus
835 5031 1111 5087 excerpta,
1155 5036 1273 5089 qute
1309 5021 1492 5075 Greece
1522 5020 1707 5090 σχόλια
1745 5029 2142 5088 nuncupantur,
2177 5021 2234 5073 in
2262 5021 2455 5085 quibus
2485 5037 2546 5073 ea
2591 5036 2706 5088 quia
2736 5020 2847 5090 sibi
2879 5020 3191 5090 videbantur
3237 5021 3460 5072 obscura
3490 5029 3643 5089 atque

399 5096 585 5147 habere
642 5087 852 5159 aliquid
921 5087 1264 5160 difﬁcultatis,
1316 5087 1615 5144 summatim
1672 5092 1992 5160 breviterque
2059 5091 2335 5161 distinxit;
2390 5087 2675 5161 secundum
2741 5087 3057 5161 ὁμιλητικὸν
3102 5105 3298 5158 genus,
3353 5095 3417 5141 de
3460 5087 3567 5161 quo
3599 5099 3649 5141 et

400 5180 623 5232 praesens
660 5165 1029 5228 interpretatio
1058 5172 1171 5225 est;
1219 5162 1603 5232 tertiuntrquod
1646 5163 1856 5229 scripsit
1901 5163 2012 5226 ipse
2061 5160 2278 5229 τόμους,
2324 5176 2417 5213 nos
2468 5160 2731 5232 volumina
2766 5176 3041 5232 possumus
3075 5172 3419 5232 nuncupare:
3457 5160 3645 5232 inﬂue

403 5228 549 5300 opere
589 5243 702 5303 tota
736 5234 932 5303 ingenii
960 5233 1044 5303 sui
1074 5232 1184 5303 vela
1223 5228 1941 5303 spirantibusve‘ntis’dedit,
1969 5240 2015 5303 et
2043 5228 2534 5303 recedenshaterra
2580 5231 2635 5282 in
2681 5230 2907 5303 medium
2950 5229 3468 5303 pelagus‘aulugit.)
3506 5228 3647 5293 Quid

404 5305 518 5427 ξίηὲ
548 5299 955 5372 εεΙιοΙὶα,’ᾳιιὶά
984 5300 1239 5368 Ιιοηιὶιῐω,
1267 5301 1399 5370 quid
1439 5302 1591 5367 tomi,
1620 5300 1734 5370 fuse
1764 5301 2004 5356 edisserit
2034 5299 2263 5354 Huctius
2295 5299 2751 5370 Origeniauorum
2777 5300 2871 5353 lib.
2898 5314 2979 5364 ιιι,
3011 5316 3129 5370 cap.
3159 5300 3215 5365 2,
3250 5309 3379 5353 sect.
3414 5299 3466 5365 1,
3498 5315 3644 5351 num.

443 5416 458 5427 .
543 5383 593 5427 et
624 5389 768 5427 sena.

484 5375 518 5427 3
543 5383 593 5428 et
624 5389 768 5428 sena.

443 5389 867 5504 Ἰῗεεὲῖιῐέἷῖιιε,
894 5439 987 5493 lib.
1016 5456 1065 5494 vt
1110 5440 1249 5495 Hist.
1270 5440 1614 5510 ecclesiast"
1641 5455 1758 5510 cap.
1785 5438 1878 5503 24,
1924 5438 2199 5510 duodecim
2228 5446 2445 5510 tantum
2480 5449 2850 5492 commemorat
2888 5441 2955 5510 in_
2985 5436 3229 5493 Genesim
3272 5438 3490 5510 τόμους.
3530 5434 3647 5510 ξιι-

395 5516 590 5568 sebium
624 5524 839 5567 secutus
880 5521 952 5564 est
988 5510 1206 5568 Suidas.
1237 5509 1435 5565 Verum
1470 5511 1545 5563 bis
1576 5504 1640 5562 ab
1687 5505 2007 5578 Hieronymo
2042 5508 2293 5578 tredecim
2330 5517 2675 5560 numerantur
2716 5519 2844 5561 tom.
2876 5508 2956 5561 IV
2992 5526 3133 5562 nova:
3180 5504 3489 5578 edit.,'pu_q.
3516 5504 3647 5567 45d,

390 5594 437 5639 et
469 5593 599 5638 tom.
628 5583 721 5645 ΙΙ,
752 5597 875 5649 pug.
902 5581 1025 5642 562,
1063 5584 1149 5634 ubi
1179 5582 1446 5646 explicans
1485 5596 1602 5651 quae
1631 5581 1799 5647 capite
1831 5576 2020 5651 quarto
2048 5576 2306 5651 Geueseos
2338 5581 2537 5651 scripta
2565 5586 2694 5651 sunt
2719 5580 2782 5629 de
2811 5579 2941 5651 Cain
2982 5589 3027 5651 et
3074 5578 3316 5643 Lumerh,
3358 5577 3648 5651 Damasum

386 5669 580 5725 papam
614 5645 796 5709 monet
824 5645 862 5700 ἰ
895 5652 1174 5720 Origenem
1224 5645 1591 5707 duodecimum
1634 5645 1921 5703 et‘tertium
1952 5648 2209 5704 decimum
2248 5650 2302 5702 in
2350 5645 2593 5702 Genesim
2635 5648 2828 5700 librant
2870 5648 2933 5701 de
2977 5647 3077 5701 hac
3113 5659 3315 5702 tantum
3363 5645 3651 5717 quastione

723 5747 1001 5809 ΡΑτιιοι.
1032 5745 1149 5809 Gn.
1180 5746 1319 5809 Xll.
1877 5800 1883 5807 .

1877 5800 1883 5807 .
3295 5739 3340 5801 2
