4000 6146
348 266 421 321 45
1806 271 1873 328 ΙΝ
1911 279 1919 322 ‹

2027 267 2232 328 lESlM.
3551 288 3618 343 «56

425 386 493 443 Υ.
534 387 613 471 pe
640 399 874 475 tempore
901 407 1003 461 quo
1038 391 1202 475 hasce
1230 393 1926 475 homiliasnprenuntiaverit
1958 395 2233 475 orrgenes,
2266 398 2322 452 id
2349 412 2875 475 unumne-onstum“
2916 420 3053 459 anno
3093 404 3448 460 ducentesimo
3480 423 3615 475 qua-

344 460 888 544 dragesimo-quinto
914 460 1041 544 esse.
1089 467 1424 544 posteriores.
1470 460 1902 544 Extemporanem
1943 460 2080 544 enim
2124 460 2247 544 sunt
2277 479 2325 522 et
2367 486 2432 522 ex
2490 471 2705 544 illorum
2747 460 2962 528 numero
3006 491 3124 544 qua!
3166 477 3232 529 ab
3266 460 3524 530 actuariis
3560 480 3614 530 in

348 531 559 616 litteras
601 531 789 612 reique
822 541 970 613 sunt.
1006 533 1168 612 .Atqui
1216 532 1518 616 (-Qrigettes
1548 531 1676 616 jam
1724 538 2067 606 sexagenario
2110 539 2303 616 major.
2330 577 2344 593 .
2373 579 2388 593 .
2415 542 2690 616 conciones
2733 559 2867 616 quas
2909 531 3128 616 habebat
3167 547 3237 600 ad
3275 547 3550 616 populum.
3583 567 3616 599 ιι

347 600 575 683 notariis
603 602 1059 683 excipi_permisit,
1088 620 1211 658 cum
1247 606 1303 659 id
1341 600 1497 660 lintea
1534 600 1654 675 ﬁeri
1686 600 1956 675 nunquam
1999 600 2354 675 concessisset,
2382 629 2401 662 ο
2435 612 2603 683 inquit
2644 600 2903 668 Eusebius
2949 615 3199 671 Historiis
3229 600 3614 672 ecclesiastica!

343 667 443 719 lib.
473 685 549 733 vt,
578 686 697 731 cap.
720 667 814 725 56.

422 738 737 827 V‘l.‘Etit°lt:o
769 742 993 827 ﬂerlinj
1029 743 1355 827 Hieronymo
1400 746 1666 827 tribuebat
1690 764 1892 827 eorum
1938 748 2421 827 interpretationem
2458 750 2746 827 Latinam;
2784 753 2920 808 Imm:
2958 755 3149 827 Ruﬁno
3194 758 3372 812 deberi
3405 757 3611 811 erudite

342 810 537 898 probet
566 812 904 898 clarissimus
938 814 1163 869 Huetius
1194 810 1648 898 O'rigenlianornm
1682 819 1775 874 lib.
1804 834 1895 898 In,
1916 834 2046 898 cap.
2075 810 2129 881 2,
2162 830 2288 874 sect.
2316 821 2368 883 '5,
2405 837 2550 877 num.
2581 824 2634 885 1,
2660 810 2747 877 ιιόί
2793 810 3277 895 ιιι-αξιενεεᾰἦιοηέέ,⁷
3297 810 3613 898 postremam

340 878 617 934 homiliam
646 882 787 937 bona
819 885 904 938 sui
930 896 1078 954 parte
1106 902 1216 940 esse
1248 878 1573 940 mutilatum.
1610 886 1633 940 1
1641 905 1797 959 psum
1842 878 2061 944 viduis.

340 1039 3585 1074 ._.__—_____________________________________________

762 1199 931 1291 EX
1000 1202 1825 1296 PRIEFATIONE
1903 1203 2550 1298 LIBBORUM
2624 1205 3208 1302 ORIGENIS

1543 1402 1689 1519 ΙΝ
1764 1400 2437 1516 GENESIM.

419 1755 557 1828 1(1)
590 1755 705 1810 Nisi
728 1754 1057 1811 omnimodo
1081 1754 1221 1827 pigri
1248 1768 1517 1822 essemus,
1539 1769 1603 1810 ac
1626 1755 1842 1812 desides
1861 1768 1930 1810 ne
1958 1760 2003 1817 Α
2033 1754 2161 1809 talia
2200 1757 2379 1826 potuit
2412 1757 2498 1812 vel
2524 1756 2790 1827 proferre.
2821 1757 2931 1816 Nos
2959 1775 3090 1817 vero
3111 1777 3211 1832 pro
3231 1778 3294 1819 eo
3324 1767 3444 1825 solo
3464 1772 3606 1840 quod

341 1852 416 1905 ad
442 1847 824 1918 inquirendum
848 1849 1069 1918 quidem
1093 1849 1358 1904 accedere
1391 1849 1623 1904 Domino
1648 1857 1702 1903 et
1732 1847 1929 1904 Salva-

342 1951 470 1999 tore
506 1950 693 1997 nostro
717 1941 787 1996 ad
811 1940 914 1995 hoc
953 1953 1054 1994 nos
1088 1949 1440 2009 provocante,
1487 1939 1733 2010 profecto
1774 1955 1933 1995 revo-

340 2051 629 2092 cassemus
667 2036 883 2105 pedem,
915 2033 1339 2089 considerantes
1377 2034 1517 2104 quod
1562 2033 1719 2102 longe
1759 2034 1930 2091 simns

341 2127 416 2183 ab
442 2146 508 2185 ea
548 2129 928 2201 magnitudine
965 2126 1233 2197 spiritalis
1281 2128 1677 2204 intelligentiae,
1717 2144 1821 2198 qua
1864 2129 1931 2185 de

342 2229 457 2275 tam
481 2222 699 2290 magnis
724 2221 894 2275 rebus
917 2220 1228 2290 investigari
1258 2219 1455 2275 debeat
1502 2221 1833 2277 intellectus.
1860 2220 1929 2276 Et

340 2312 506 2379 paulo
529 2322 646 2381 post
671 2331 690 2367 :
719 2312 779 2368 Si
802 2312 888 2367 cui
920 2325 1048 2367 vero
1090 2310 1144 2364 in
1174 2311 1569 2383 disceptatione
1595 2312 1928 2384 profundum

342 2402 551 2470 aliquid
597 2403 922 2468 occurrerit,
969 2404 1038 2458 de
1084 2404 1188 2458 hoc
1226 2403 1515 2458 dicendum
1558 2404 1776 2473 quidem
1816 2411 1923 2467 est,

344 2494 441 2548 sed
509 2510 619 2549 non
675 2509 799 2549 cum
846 2497 994 2550 omni
1052 2495 1435 2551 atﬁrmatione.
1487 2494 1599 2551 Hoc
1639 2496 1785 2549 enim
1831 2504 1928 2550 aut

354 2587 640 2641 temerarii
665 2588 902 2644 hominis
935 2598 1041 2655 est,
1081 2599 1137 2645 et
1173 2591 1293 2661 ejus
1330 2589 1424 2660 qui
1467 2603 1687 2644 sensum
1734 2588 1927 2643 huma-

344 2694 432 2735 nae
478 2679 815 2735 inﬁrmitatis
841 2682 1163 2752 perdiderit,
1203 2682 1517 2752 oblitusque
1555 2683 1637 2739 sui
1682 2684 1798 2751 sit;
1834 2690 1929 2738 aut

344 2778 495 2824 certe
554 2770 920 2840 perfectorum
967 2773 1242 2837 virorum,
1280 2784 1337 2829 et
1381 2789 1573 2829 eorum
1620 2774 1712 2844 qui
1757 2772 1929 2829 conti-

345 2862 541 2918 denter
584 2878 647 2919 se
697 2864 878 2919 sciant
924 2867 992 2920 ab
1043 2867 1161 2937 ipso
1196 2866 1427 2921 Domino
1477 2864 1603 2922 Jesu
1651 2865 1926 2934 didlCiSse,

342 2953 398 3010 id
440 2964 567 3022 est,
635 2972 666 3010 a
714 2957 882 3013 verbo
926 2960 1199 3026 veritatis,
1244 2969 1301 3014 et
1360 2959 1430 3014 ab
1477 2959 1592 3028 ipsa
1657 2959 1929 3030 sapientia

2033 1844 2386 1901 mediocriter
2431 1845 2580 1911 licet,
2638 1845 2910 1903 credimus
2960 1858 3139 1905 tamen
3202 1852 3434 1911 Domino
3477 1856 3606 1913 Jesu

2032 1933 2272 2002 Christo,
2301 1944 2355 1990 et
2391 1935 2510 2004 eius
2552 1937 2853 2007 gloriamur
2891 1953 3012 1996 esse
3059 1942 3337 2014 discipuli,
3377 1962 3476 2004 nec
3518 1959 3607 2005 ta-

2032 2041 2156 2081 men
2196 2027 2458 2083 andemus
2500 2028 2682 2083 dicere
2714 2032 2860 2102 quod
2892 2031 3032 2090 facie
3076 2036 3142 2090 ad
3172 2035 3366 2094 faciem
3393 2042 3460 2097 ab
3488 2041 3606 2113 ipso

2034 2119 2290 2173 traditam
2348 2122 2748 2191 susceperimus
2805 2126 3223 2197 intelligentiam
3260 2145 3448 2188 eorum
3486 2148 3607 2204 quae

2032 2211 2085 2266 in
2122 2211 2324 2267 divinis
2378 2212 2534 2266 libris
2582 2214 2893 2274 referuntur
2931 2236 2946 2273 :
2997 2234 3118 2289 qua:
3157 2221 3374 2290 quidem
3421 2234 3610 2282 certus

2031 2318 2151 2358 sum
2194 2305 2336 2376 quod
2384 2322 2453 2361 ne
2480 2308 2595 2377 ipse
2636 2310 2853 2380 quidem
2887 2313 3123 2368 mundus
3168 2329 3268 2384 pro
3301 2317 3504 2373 virtute
3542 2333 3607 2372 ac

2030 2393 2319 2460 majestate
2371 2410 2634 2451 sensuum
2684 2413 2881 2467 capere
2934 2408 3131 2470 potest.
3182 2400 3417 2472 Propter
3460 2405 3606 2474 quod

2028 2487 2388 2556 pronuntiare
2452 2491 2673 2558 quidem
2733 2493 2801 2546 de
2840 2493 2927 2548 his
2988 2508 3111 2564 quae
3163 2495 3418 2564 dicimus,
3466 2496 3608 2551 sicut

2031 2579 2261 2648 apostoli
2301 2588 2635 2649 potuerunt,
2679 2599 2785 2638 non
2833 2584 3097 2640 audemus
3145 2604 3160 2642 :
3205 2587 3258 2641 in
3313 2601 3379 2643 eo
3424 2596 3604 2643 autem

2028 2673 2233 2742 gratias
2261 2673 2495 2744 agimus,
2538 2676 2681 2744 quod
2729 2692 2852 2731 cum
2902 2678 3055 2733 multi
3086 2678 3413 2749 imperitiam
3448 2695 3605 2736 suam

2031 2765 2301 2832 nesciant,
2356 2774 2412 2820 et
2451 2776 2633 2823 motus
2693 2783 2818 2824 suos
2871 2769 3261 2840 incompositos
3293 2782 3346 2827 et
3386 2772 3604 2827 inordi-

2031 2861 2225 2924 natos,
2278 2857 2548 2913 interdum
2595 2859 2760 2914 etiam
2811 2874 2865 2917 et
2920 2862 3134 2932 ineptos
3186 2877 3251 2918 ac
3303 2863 3602 2929 fabulosos,

2028 2965 2150 3003 cum
2189 2953 2335 3005 omni
2384 2951 2686 3008 intentione
2715 2955 2856 3010 sicut
2897 2955 2998 3011 sibi
3042 2956 3281 3023 videtur,
3327 2956 3483 3027 quasi
3511 2971 3604 3011 ve-

338 3062 441 3117 per
480 3064 647 3118 quam
695 3051 880 3105 omnia
942 3051 1089 3107 facta
1135 3061 1285 3118 sum,
1332 3053 1653 3123 agnovisse;
1698 3053 1788 3108 vel
1830 3067 1925 3107 θο.
1953 3119 1986 3123 _
2030 3042 2246 3097 rissima
2281 3047 2583 3102 assertione
2619 3048 2999 3116 pronuntient,
3037 3065 3136 3106 nos
3175 3051 3243 3106 de
3288 3050 3453 3106 rebus
3485 3063 3603 3103 ma-

336 3157 463 3196 rum
510 3143 606 3211 qui
674 3143 863 3198 divina
929 3159 1191 3214 responsa
1252 3119 1482 3216 ingressi
1532 3145 1804 3200 turbinem
1866 3154 1919 3201 et

2027 3134 2170 3205 gnis,
2201 3144 2256 3190 et
2292 3135 2378 3192 bis
2405 3153 2526 3206 quas
2553 3153 2719 3209 supra
2758 3154 2859 3195 nos
2889 3150 3037 3209 sunt,
3086 3138 3450 3211 ignorantiam
3497 3153 3602 3193 no-

336 3233 627 3305 caliginem
678 3233 769 3290 ubi
812 3235 928 3304 ipse
970 3236 1112 3290 Deus
1150 3244 1265 3301 est,
1308 3234 1526 3291 caelitus
1566 3246 1917 3304 acceperunt,

337 3324 392 3379 in
437 3328 585 3397 quod
630 3327 724 3382 vix
778 3327 874 3382 ille
914 3326 1129 3398 Moyses
1178 3328 1457 3398 ingressus
1482 3327 1568 3382 vel
1610 3328 1917 3397 intelligere

2027 3236 2199 3280 stram
2240 3242 2346 3281 non
2383 3228 2719 3299 ignoramus.

402 3440 480 3513 (l)
518 3441 943 3514 Desumpsimus
977 3445 1079 3500 hoc
1125 3444 1490 3517 fragmentum
1532 3463 1599 3503 ex
1646 3448 1980 3516 Apolngetico
2015 3448 2285 3520 Pamphili
2320 3452 2575 3522 martyris
2601 3466 2702 3521 pro
2738 3448 2992 3524 Origene.

319 3605 1723 3634 Μ

1871 3605 3562 3639 W

1007 3766 1401 3855 ΤΟΜΟΥ
1472 3760 1555 3852 Ᾰ’
1627 3766 1854 3852 ΤΩΝ
1928 3766 2099 3852 ΕΙΣ
2170 3766 2401 3851 ΤΗΝ
2473 3766 2968 3854 ΓΕΝΕΣΙΝ.

1628 4138 1708 4249 Ε
1793 4136 2191 4251 ΤΟΜΟ
2275 4138 2322 4250 Ι

965 4357 2124 4455 COMMENTARIORUM
2205 4362 2329 4449 IN
2411 4357 2970 4451 GENESIM.

372 4700 455 4755 Οὒ
491 4699 609 4771 γὰρ
638 4700 669 4753 ὁ
702 4696 845 4761 Θεὸς
877 4695 1065 4771 Πατὴρ
1108 4698 1245 4755 εἶναι
1275 4700 1497 4774 ἤρξατο,
1545 4702 1908 4774 κωλυόμενος,

2094 4702 2172 4777 (2)
2213 4703 2328 4759 Νοη
2372 4704 2515 4761 enim
2559 4705 2701 4761 Deus
2734 4718 2860 4760 cum
2892 4705 3043 4774 prius
3082 4718 3190 4760 non
3229 4710 3374 4761 esset
3408 4700 3592 4776 Pater,

312 4798 389 4863 ὡς
417 4801 467 4852 al.
488 4797 777 4868 γινόμενοι
818 4796 1053 4865 πατέρες
1078 4799 1372 4869 ἄνθρωποι,
1400 4796 1505 4850 ὑπὸ
1525 4795 1618 4850 τοῦ
1652 4795 1724 4867 μὴ
1759 4796 1911 4851 δύνα-

325 4892 447 4946 σθαί
479 4908 569 4943 πω
608 4888 855 4959 πατέρες
888 4884 1045 4942 εἶναι.
1079 4889 1142 4942 El
1172 4889 1281 4960 γὰρ
1310 4888 1398 4941 ἀεὶ
1436 4886 1639 4950 τέλειος
1680 4888 1709 4938 ὁ
1752 4887 1909 4954 Θεὸς,

328 4982 419 5035 καὶ
450 4981 714 5051 πάρεστιν
749 4976 900 5049 αὐτῷ
931 4978 1157 5050 δύναμις
1185 4979 1277 5033 τοῦ
1306 4977 1519 5051 πατέρα
1551 4978 1713 5031 αὐτὸν
1746 4973 1907 5043 εἶναι,

335 5071 424 5123 καὶ
452 5068 617 5123 καλὸν
649 5068 818 5122 αὑτὸν
850 5062 990 5121 εἶναι
1022 5068 1243 5140 Πατέρα
1267 5067 1363 5122 τοῦ
1397 5066 1638 5121 τοιούτου
1674 5064 1827 5134 Υἱοῦ,
1853 5067 1907 5119 τί

334 5160 711 5225 ἀναϐάλλεται,
739 5160 834 5214 καὶ
849 5160 1039 5214 ἑαυτὸν
1052 5159 1148 5214 τοῦ
1166 5159 1329 5215 καλοῦ
1359 5159 1654 5231 στερίσκει,
1684 5158 1797 5223 καὶ,
1832 5159 1909 5221 ὡς

330 5255 470 5310 ἐστιν
485 5257 684 5319 εἰπεῖν,
709 5252 771 5320 ἐξ
785 5250 847 5308 οὗ
868 5254 1086 5309 δύναται
1111 5256 1301 5327 Πατὴρ
1326 5249 1462 5309 εἶναι
1489 5251 1650 5319 Υῐοῦ;
1678 5252 1752 5305 Τὸ
1776 5251 1907 5306 αὐτὸ

333 5349 576 5420 μέντοιγε
598 5348 694 5401 καὶ
720 5347 852 5420 περὶ
880 5347 974 5401 τοῦ
999 5347 1151 5417 ἁγίου
1184 5345 1323 5401 Πνεύ
1333 5364 1498 5418 ματος
1530 5346 1770 5400 λεκτέον.

2013 4805 2200 4865 postea
2250 4793 2412 4851 Pater
2435 4808 2557 4851 esse
2584 4795 2775 4865 coepit,
2811 4795 2961 4849 velut
2993 4794 3284 4865 impeditus
3320 4794 3591 4865 aliquibus

2013 4900 2080 4943 ex
2120 4888 2320 4957 causis,
2374 4889 2575 4959 quibus
2623 4889 2872 4944 homines
2907 4888 3166 4943 mortales
3211 4887 3456 4957 impediri
3501 4903 3593 4943 so-

2013 4982 2146 5045 lent,
2190 4989 2251 5037 ut
2293 4997 2399 5037 non
2446 4981 2628 5037 statim
2662 4997 2731 5037 ex
2778 4996 2887 5053 quo
2938 4990 3090 5046 sunt,
3129 4990 3185 5036 et
3228 4990 3410 5052 patres
3459 4995 3581 5036 esse

2014 5073 2243 5141 possint.
2279 5073 2338 5127 Si
2369 5072 2516 5128 enim
2564 5087 2781 5143 semper
2832 5073 3109 5144 perfectus
3141 5080 3227 5128 est
3280 5073 3447 5137 Deus,
3488 5085 3589 5126 nec

2017 5163 2171 5217 deest
2216 5162 2267 5217 ei
2307 5163 2479 5218 virtus
2508 5178 2615 5233 qua
2650 5173 2809 5234 pater
2838 5165 2931 5229 sit,
2984 5173 3043 5219 et
3088 5164 3287 5220 bonum
3330 5169 3418 5218 est
3468 5175 3590 5217 esse

2016 5266 2138 5307 eum
2182 5252 2398 5309 Patrem
2434 5254 2556 5310 talis
2592 5254 2740 5324 Filii,
2768 5255 2898 5325 quid
2952 5254 3154 5321 dill'ert,
3201 5262 3296 5311 aut
3322 5252 3451 5325 quid
3485 5253 3590 5307 hoc

2014 5345 2155 5403 bono
2183 5346 2397 5401 fraudat
2430 5363 2510 5412 se,
2542 5355 2599 5402 et
2624 5362 2727 5402 non
2767 5347 2971 5416 statim,
3000 5347 3045 5404 si
3094 5347 3172 5403 ita
3213 5344 3322 5402 dici
3365 5352 3586 5416 potest,

328 5461 385 5502 se
412 5445 575 5500 Pater
603 5445 774 5500 etlicit
811 5443 1029 5500 Patrem
1057 5444 1173 5517 (δη
1207 5444 1267 5499 Id
1302 5444 1480 5515 ipsum
1526 5451 1708 5497 autem
1736 5442 1903 5498 etiam
1933 5441 2002 5499 de
2027 5441 2235 5514 Spiritu
2263 5454 2458 5499 sancto
2482 5443 2773 5501 dicendum
2805 5452 2910 5498 est.

393 5604 472 5674 (2)
510 5605 761 5661 Exhibet
787 5603 896 5674 hoc
926 5602 1294 5674 fragmentum
1317 5599 1510 5655 Latine
1542 5612 1607 5652 ex
1643 5598 1908 5674 interpre-

325 5666 525 5733 tatione
554 5674 748 5730 Ruﬁni
778 5666 1297 5743 Apolongamphili
1333 5677 1496 5743 mart.
1545 5682 1654 5743 pro
1681 5666 1903 5743 Origen.

319 5749 507 5805 Graece
559 5755 755 5803 autem
792 5739 1027 5799 habetur
1073 5741 1214 5813 apud
1249 5741 1540 5796 Eusebium
1602 5739 1699 5794 lib.
1741 5752 1758 5791 ι
1810 5739 1909 5790 ad-

2018 5614 2195 5655 versus
2230 5596 2536 5656 Marcellum
2564 5594 2934 5668 Ancyranum1
2994 5613 3118 5668 pag.
3143 5599 3234 5656 22.

2084 5670 2161 5741 (5)
2201 5670 2292 5723 Sic
2326 5685 2457 5725 mss.
2488 5671 2640 5729 Alias
2670 5665 2799 5725 vero
2830 5683 2848 5724 :
2885 5665 2972 5724 Ea:
2998 5665 3103 5740 quo
3146 5679 3310 5741 pom:
3342 5681 3451 5719 esse
3490 5680 3586 5733 pa.-

2011 5747 2115 5807 ter,
2141 5741 2364 5811 efﬁcitur
2390 5741 2582 5811 pater?
