4000 6146
323 297 396 363 ιθ

1816 298 1883 353 IN
1912 293 2233 353 GENESIM.
3544 288 3615 343 50

338 420 569 492 πρόνοιά
593 441 685 487 τις
722 424 1086 498 πρεσϐυτέρα
1116 422 1272 488 Θεοῦ,
1321 422 1630 491 ἀναγκαίως
1670 420 1768 492 τὴν
1814 419 1938 490 ῦλην

2050 426 2315 488 perpetuo
2352 414 2636 479 molitoris,
2669 412 2932 483 parentis,
2961 409 3200 481 benigni,
3232 407 3381 473 boni,
3416 423 3480 465 ac
3507 423 3616 467 ca-

351 513 504 569 ῑσται
524 515 954 587 ὕποόεϐληκυῖα
985 516 1060 586 τῷ
1086 515 1225 586 Θεῷ,
1254 514 1619 585 προνοουμένη
1641 512 1737 584 τὴν
1756 511 1949 582 τέχνην

354 608 456 679 τὴν
482 608 915 680 ἐνυπάρχουσαν
950 609 1095 679 αὐτῷ
1121 608 1195 680 μὴ
1224 606 1615 677 κενοπαθῆσαι,
1648 607 1749 658 οὐκ
1782 604 1948 675 οὔσης

361 700 566 764 οὐσίας,
661 701 932 773 ὁμιλῆσαι
965 700 1258 770 δυνάμενος
1295 698 1674 767 κατεκόσμησε
1708 696 1770 748 τὸ
1796 696 1948 765 τηλι-

363 792 528 847 κοῦτο
556 792 765 863 κόσμου
796 792 1013 856 κάλλος.
1042 791 1212 844 Πόθεν
1244 790 1300 843 δὲ
1337 790 1432 842 καὶ
1461 788 1680 860 δεκτικὴ
1718 788 1946 859 γεγένη-

361 900 457 938 ται
492 886 669 955 πάσης
698 878 770 956 ἦς
820 883 1070 954 βούλεται
1098 885 1126 936 ὁ
1166 882 1297 945 Θεὸς
1328 880 1630 951 ποιότητος,
1664 880 1738 951 μὴ
1784 879 1947 933 αὑτοῦ

362 973 464 1028 τοῦ
505 975 638 1028 Θεοῦ
683 974 861 1044 ἐαυτῷ
885 973 1151 1043 τοσαύτην
1183 975 1277 1026 καὶ
1303 971 1558 1043 τοιαύτην
1602 973 1944 1043 ποιήσαντος,

356 1065 560 1121 ὁποίαν
589 1067 730 1137 ἔχειν
761 1066 1049 1132 ἐϐούλετο;
1104 1065 1240 1118 Καθ’
1285 1063 1539 1118 ὑπόθεσιν
1570 1062 1701 1133 γοῦν
1754 1063 1947 1116 ἀποδε-

359 1154 595 1225 ξάμενοι
615 1157 674 1210 τὸ
706 1156 997 1228 ἀγέννητον
1026 1150 1164 1208 εἶναι
1193 1154 1291 1227 τὴν
1324 1152 1479 1224 ῦλην,
1512 1152 1684 1207 ταῦτα
1715 1152 1945 1224 ἐροῦμεν

359 1247 510 1316 πρὸς
557 1249 681 1311 τοὺς
719 1247 875 1301 τοῦτο
917 1246 1294 1318 βουλομένους,
1334 1247 1415 1299 ὅτι
1455 1247 1504 1299 εἰ
1538 1245 1801 1316 Προνοίας
1850 1244 1946 1316 οὐχ

360 1339 781 1408 ὑποϐαλλούσης
804 1340 900 1411 τὴν
931 1339 1117 1392 οὐσίαν
1137 1337 1216 1409 τῷ
1231 1337 1375 1409 Θεῷ,
1398 1337 1615 1409 τοιαύτη
1633 1337 1940 1408 γεγένηται,

354 1428 419 1481 εἰ
450 1428 684 1498 Πρόνοια
713 1424 779 1499 ἦν
810 1428 1117 1497 ὑφεστῶσα,
1144 1427 1196 1480 τί
1230 1426 1295 1481 ἂν
1322 1426 1483 1480 πλέον
1528 1426 1817 1496 πεποιήκει
1849 1424 1942 1477 τοῦ

356 1519 714 1589 aut-optatos;
749 1520 843 1572 καὶ
883 1520 933 1572 εἰ
978 1518 1140 1581 αὐτὸς
1189 1515 1264 1589 μὴ
1303 1514 1469 1587 οὔσης
1514 1516 1646 1587 ὕλης
1693 1514 1946 1569 ἐϐούλετο

357 1608 775 1662 κατασκευάσαι
815 1607 1004 1680 αὐτὴν,
1049 1608 1104 1662 τί
1147 1607 1214 1661 ἂν
1260 1606 1419 1661 πλέον
1463 1609 1497 1678 ἠ
1543 1606 1725 1675 σοφία,
1773 1606 1868 1660 καὶ
1909 1608 1943 1679 ἡ

358 1698 581 1770 θειότης
604 1700 765 1754 αὐτοῦ
784 1702 1073 1771 πεποιήκει
1088 1697 1182 1753 τοῦ
1198 1698 1257 1765 ἐξ
1274 1700 1570 1771 ἀγεννήτου
1588 1699 1941 1763 ύποστάντος;

360 1791 433 1843 Εἰ
461 1792 567 1862 γὰρ
593 1791 904 1862 εὑρίσκεται
928 1791 1122 1846 ταυτὸν
1143 1791 1430 1860 γενόμενον
1458 1790 1522 1844 ἂν
1550 1791 1656 1844 ὑπὸ
1676 1791 1773 1862 τῆς
1801 1792 1941 1863 Προ-

356 1883 536 1948 νοίας,
564 1885 699 1955 ὅπερ
724 1885 818 1937 καὶ
850 1884 1021 1955 χωρὶς
1053 1884 1317 1956 Προνοίας
1360 1883 1589 1954 ὑπέστη,
1616 1883 1701 1936 διὰ
1731 1884 1782 1935 τί
1819 1884 1941 1953 ούχὶ

356 1975 457 2027 καὶ
486 1974 581 2027 ἐπὶ
603 1975 697 2028 τοῦ
744 1976 950 2046 κόσμου
980 1974 1313 2046 ἀθετήσομεν
1347 1975 1437 2028 τὸν
1483 1975 1810 2046 δημιουργὸν
1845 1972 1941 2027 καὶ

352 2063 451 2117 τὸν
475 2065 754 2137 τεχνίτην;
788 2066 998 2135 Ὥσπερ
1023 2064 1131 2136 γὰρ
1165 2064 1363 2116 ἄτοπον
1388 2065 1479 2120 ἐπὶ
1510 2063 1601 2116 τοῦ
1627 2064 1829 2133 κόσμου
1860 2064 1939 2116 εί-

352 2155 484 2205 mi“:
517 2152 659 2207 οὕτω
688 2156 951 2225 τεχνικῶς
1000 2152 1505 2224 κατεσκευασμένου
1548 2153 1609 2206 τὸ
1650 2152 1817 2224 χωρὶς
1848 2170 1939 2205 τε-

348 2245 543 2316 χνίτου
576 2245 738 2315 σοφοῦ
763 2246 853 2299 τὸν
882 2245 1247 2301 αύτοτοιοῦτον
1272 2245 1718 2314 γεγονέναι,οὖτω
1751 2245 1846 2298 καὶ
1876 2246 1938 2298 τὸ

349 2335 458 2407 τὴν
498 2336 632 2407 ῦλην
670 2339 935 2407 τοσαύτην
968 2338 1061 2391 καὶ
1089 2336 1341 2407 τοιαύτην
1371 2337 1464 2390 καὶ
1491 2334 1662 2400 οὕτως
1695 2335 1937 2408 είκτικὴν

351 2427 442 2498 τῷ
474 2429 693 2502 τεχνίτῃ
715 2428 857 2500 λόγῳ
884 2428 1040 2493 Θεοῦ,
1067 2428 1431 2498 ὑφεστηκέναι
1456 2429 1784 2499 ἀγεννήτως,
1817 2428 1937 2481 ἐπί-

352 2536 462 2591 σης
502 2522 650 2575 ἐστὶν
678 2521 890 2591 ἄλογον.
926 2522 1069 2592 Πρὸς
1126 2522 1373 2594 μέντοιγε
1407 2520 1531 2584 τοὺς
1568 2519 1937 2593 παραϐάλλον-

349 2625 478 2673 τας,
503 2611 585 2663 ὅτι
607 2610 777 2675 οὐδεὶς
797 2611 1127 2683 δημιουργὸς
1153 2610 1322 2682 χωρὶς
1345 2609 1475 2680 ὕλης
1502 2611 1664 2674 ποιεῖ,
1699 2608 1935 2674 λεκτέον,

348 2702 440 2755 ὅτι
474 2704 742 2775 ἀνομοίως
776 2704 1200 2776 παραϐάλλουσι.
1240 2704 1473 2777 Πρόνοια
1512 2702 1621 2775 γὰρ
1655 2703 1816 2758 παντὶ
1847 2720 1934 2758 τε-

348 2794 515 2868 χνίτῃ
546 2796 833 2851 ὑποϐάλλει
867 2797 965 2868 τὴν
1011 2795 1163 2868 ὓλην,
1201 2795 1308 2850 ἀπὸ
1344 2796 1614 2868 προτέρας
1649 2796 1865 2867 τέχνης,
1901 2796 1935 2867 ἢ

350 2884 726 2958 ἀνθρωπίνης,
759 2888 791 2958 ἢ
827 2886 976 2951 θείας
1010 2886 1332 2959 ἐρχομένην.
1366 2885 1550 2938 Ταῦτα
1594 2886 1691 2957 μὲν
1722 2882 1814 2938 οὖν
1843 2885 1935 2938 ἐπὶ

348 2978 450 3031 τοῦ
497 2980 763 3051 παρόντος
810 2980 1032 3052 ἀρκέσει
1072 2979 1207 3049 πρὸς
1242 2980 1368 3042 τοὺς
1409 2978 1498 3032 διὰ
1542 2977 1602 3030 τὸ
1644 2975 1931 3046 λέγεσθαι⁹

356 3089 379 3122 ι
431 3070 495 3124 Ἡ
515 3071 573 3125 δὲ
606 3072 675 3143 γῆ
699 3069 766 3143 ἦν
794 3072 1024 3144 ἀόρατος
1049 3072 1143 3124 καὶ
1168 3070 1669 3134 ἀκατασκεύαστος,
1710 3089 1728 3121 ι
1757 3068 1953 3140 οἰομέ-“

346 3179 478 3227 νους
511 3165 803 3235 ἀγέννητον
835 3160 974 3219 εἶναι
1004 3166 1101 3237 τὴν
1129 3162 1445 3236 σωματικὴν
1472 3160 1653 3232 φύσιν.

2052 511 2183 565 teris
2221 509 2500 573 omnibus,
2543 520 2662 575 quae
2706 519 2898 575 magna
2929 518 3051 558 cum
3099 502 3309 557 ratione
3356 499 3467 556 Deo
3515 501 3618 557 tri.

2048 601 2309 662 buuntur,
2347 596 2656 652 nominibus
2703 595 2965 664 spoliatus
3015 591 3369 657 perstitissct.
3412 590 3616 647 Deinde

2048 692 2138 762 qui
2186 691 2299 745 ﬁeri
2333 689 2525 760 possit,
2560 696 2621 741 ut
2667 688 2776 741 vim
2820 686 3062 740 materia:
3097 693 3330 751 tantam,
3361 683 3443 738 sic
3496 695 3616 737 tan-

2048 795 2209 849 quam
2239 780 2307 833 ad
2349 778 2559 847 pondus
2591 785 2848 830 accurate
2886 774 3137 843 justeque
3182 775 3495 829 admensam
3530 773 3617 827 in—

2042 872 2281 936 venerit,
2317 885 2434 940 qua:
2468 869 2534 924 ad
2571 867 2727 935 hujus
2757 868 2976 938 proprie
3028 881 3132 921 non
3166 864 3386 932 majoris
3441 865 3619 920 mino-

2048 963 2191 1017 risve
2244 962 2425 1017 mundi
2492 960 2823 1015 molitionem
2899 957 3035 1013 satis
3084 953 3272 1011 esset?
3305 956 3615 1012 lnvehenda

2048 1049 2247 1119 quippe
2293 1049 2475 1103 nescio
2521 1063 2661 1118 quae,
2698 1048 2805 1102 Deo
2848 1054 3031 1099 tamen
3081 1044 3381 1114 antiquior,
3425 1045 3619 1101 Provi-

2047 1143 2227 1197 dentia
2253 1140 2564 1196 necessario
2591 1139 2782 1205 fuerit,
2815 1154 2934 1208 qua:
2980 1137 3264 1192 materiam
3293 1138 3343 1193 ei
3369 1137 3615 1205 subjece-

2046 1233 2139 1299 rit,
2184 1234 2389 1305 3dum
2432 1233 2483 1287 id
2518 1249 2577 1288 ea
2612 1232 2921 1302 provideret
2948 1231 3001 1285 in
3034 1241 3331 1301 posterum,
3362 1246 3431 1285 ne
3478 1244 3614 1301 quas

2049 1325 2102 1379 iu
2127 1340 2185 1379 se
2220 1325 2359 1378 Deus
2391 1325 2616 1379 haberet
2636 1325 2773 1379 artis
2802 1338 2913 1378 suae
2942 1324 3211 1388 notiones,
3253 1322 3420 1376 irritae
3449 1324 3613 1377 cede-

2049 1425 2194 1482 rent,
2241 1417 2286 1470 si
2319 1432 2425 1470 nou
2477 1416 2593 1486 ejus
2624 1426 2831 1471 naturae
2876 1419 3027 1486 copia
3060 1417 3233 1481 ﬁeret,
3265 1416 3417 1482 cujus
3449 1430 3612 1483 opera

2051 1516 2168 1578 tam,
2191 1508 2548 1563 excellentem
2579 1500 2918 1563 et'eximiam
2952 1509 3186 1563 universi
3232 1508 3469 1576 speciem
3498 1506 3614 1561 elli-

2045 1608 2220 1653 ceret.
2259 1598 2416 1654 Unde
2464 1613 2628 1668 porro
2684 1599 2735 1652 id
2778 1599 2986 1664 habuit,
3033 1607 3090 1652 ut
3121 1600 3302 1653 omnis
3331 1599 3613 1668 qualitatis

2045 1708 2215 1762 capax
2238 1702 2403 1757 esset,
2434 1706 2597 1762 quam
2622 1694 2795 1747 eidem
2824 1692 3141 1760 imprimere
3161 1692 3303 1748 Deus
3328 1693 3609 1763 voluisset,

1969 1772 2014 1831 Β
2048 1783 2149 1837 nisi
2190 1783 2406 1852 qualem
2467 1798 2586 1837 eam
2646 1781 2848 1838 habere
2892 1784 3006 1853 ipse
3060 1784 3241 1849 vellet,
3270 1785 3428 1839 talem
3484 1796 3612 1843 ante

2042 1874 2170 1940 sibi,
2200 1884 2516 1945 tantamque
2545 1875 2762 1931 molitus
2794 1876 2938 1931 erit?
2964 1874 3083 1930 Jam
3111 1885 3170 1931 ut
3206 1878 3482 1933 nonnullis
3511 1880 3610 1933 da-

2048 1981 2236 2023 remus
2267 1977 2386 2022 ortu
2411 1983 2599 2023 carere
2627 1968 2930 2033 materiam,
2963 1968 3031 2022 iis
3063 1978 3241 2023 tamen
3264 1971 3354 2039 qui
3384 1971 3465 2025 sic
3495 1970 3612 2040 opi-

2041 2067 2264 2124 nantur,
2294 2058 2437 2112 hunc
2463 2058 2518 2111 in
2550 2058 2765 2111 modum
2792 2057 2995 2113 instare
3020 2073 3300 2128 possemus
3326 2077 3338 2112 :
3365 2060 3410 2115 si
3437 2075 3612 2129 quan-

2043 2149 2246 2203 tumvis
2277 2158 2527 2204 naturam
2562 2150 2707 2206 illam
2734 2148 2844 2203 Deo
2871 2149 3221 2208 Providentia
3254 2154 3399 2207 nulla
3429 2153 3609 2223 subje-

2039 2243 2199 2309 cerit,
2230 2241 2493 2311 ejusmodi
2523 2254 2702 2301 tamen
2735 2262 2798 2304 ea
2834 2263 2931 2317 per
2967 2262 3092 2303 sese
3141 2246 3242 2302 fuit
3294 2265 3309 2301 :
3362 2248 3608 2303 eamdem

2038 2336 2085 2392 si
2114 2335 2461 2393 Providentia
2501 2349 2692 2413 suopte
2742 2341 2977 2397 consilio
3024 2348 3386 2411 procreasset,
3414 2342 3609 2411 ecquid

2039 2429 2269 2499 amplius
2294 2429 2434 2500 ipsa,
2465 2446 2629 2501 quam
2658 2432 2804 2501 quod
2843 2432 3075 2487 fortuito
3119 2448 3358 2502 casuque
3406 2434 3610 2487 factum

2036 2520 2306 2587 videmus,
2354 2520 2659 2578 eﬁ'ecisset?
2712 2522 2850 2589 Quid
2877 2524 2920 2578 si
2962 2524 3106 2579 Deus
3148 2526 3262 2594 ipse
3303 2525 3607 2590 materiam,

2037 2627 2156 2683 quae
2182 2613 2327 2667 nulla
2358 2614 2484 2669 dum
2514 2622 2681 2681 esset,
2711 2615 2917 2685 ﬁngere
2947 2614 3233 2685 molirique
3279 2611 3609 2670 statuisset?

2034 2705 2243 2776 Ecquid
2277 2706 2495 2761 tandem
2525 2706 2643 2775 ejus
2691 2721 2813 2760 cum
2866 2708 3152 2777 sapientia,
3188 2717 3302 2760 tum
3355 2705 3611 2761 divinitas

2034 2796 2407 2863 excellentius,
2438 2812 2600 2868 quam
2651 2799 2791 2868 quod
2840 2813 2907 2852 ex
2954 2808 3074 2853 ortu
3113 2808 3330 2853 carente
3385 2798 3609 2852 materia

2035 2890 2275 2954 exstitit,
2336 2891 2526 2944 molita
2578 2889 2769 2945 esset?
2835 2888 2970 2944 Nam
3018 2891 3061 2945 si
3126 2906 3192 2945 ex
3260 2889 3608 2944 Providentia

2036 2978 2179 3033 idem
2210 2982 2435 3036 omnino
2464 2982 2834 3052 profecturum
2869 2990 3009 3046 erat,
3061 2984 3201 3051 quod
3255 2984 3372 3037 sine
3414 2981 3606 3035 Provi-

2036 3069 2219 3125 dentia
2245 3072 2451 3128 factum
2481 3083 2602 3129 est:
2633 3075 2819 3143 quidni
2850 3089 2918 3130 ex
2970 3074 3090 3143 ipso
3138 3087 3352 3144 quoque
3404 3071 3606 3125 mundo

1958 3155 1999 3213 C
2034 3171 2317 3218 auctorem
2342 3179 2557 3221 omnem
2593 3165 2969 3235 artiﬁcemque
2997 3162 3290 3220 tollamus?
3332 3161 3607 3234 Quemad-

348 3256 580 3309 modum
640 3259 782 3311 enim
837 3259 1136 3312 absurdum
1182 3258 1366 3322 fuerit,
1423 3255 1682 3309 mundum
1728 3254 1872 3309 hunc
1916 3254 2124 3321 dicere,
2192 3265 2301 3310 tam
2345 3258 2619 3328 eleganter
2672 3265 2907 3327 apteque
2962 3265 3355 3322 constructum,
3402 3255 3609 3321 absque

349 3345 622 3414 sapientis
670 3347 896 3402 artiﬁcis
947 3364 1109 3403 manu
1170 3349 1332 3402 talem
1384 3347 1682 3412 exstitisse,
1743 3344 1817 3399 ita
1872 3345 1980 3400 vim
2036 3349 2280 3403 materia:
2336 3357 2561 3415 tantam,
2614 3348 2839 3419 ejusque
2886 3347 3217 3403 conditionis
3262 3354 3318 3402 et
3372 3356 3606 3410 natura,

352 3440 602 3506 adeoque
634 3439 830 3494 artiﬁci
870 3441 1107 3494 nmuiuis
1140 3440 1333 3496 rationi
1382 3440 1797 3508 obsequentem,
1831 3438 1948 3496 sine
1979 3452 2134 3497 ortus
2160 3442 2242 3494 sui
2272 3441 2540 3510 principio
2570 3455 2668 3511 per
2723 3453 2780 3494 se
2810 3440 2981 3510 ipsam
3015 3439 3313 3505 exstitisse,
3366 3451 3476 3492 non
3506 3436 3611 3491 mi-

355 3542 461 3582 nus
505 3529 744 3598 ineptum
793 3530 962 3587 videri
994 3531 1176 3589 debet.
1227 3533 1502 3589 Caeterum
1556 3532 1627 3587 iis
1654 3532 1746 3602 qui
1778 3532 2046 3589 artiﬁcum
2096 3544 2406 3590 nostrorum
2465 3534 2927 3604 comparationem
2973 3533 3304 3597 obtendunt,
3374 3544 3609 3602 quorum

356 3636 515 3675 nemo
543 3622 662 3677 sine
722 3625 951 3678 materia
985 3627 1278 3695 quidquam
1337 3624 1556 3689 elliciat,
1586 3625 1980 3680 occurrendum
2016 3626 2218 3682 nullam
2276 3641 2466 3681 eorum
2497 3627 2599 3680 hoc
2653 3625 2707 3679 in
2742 3639 2941 3694 genere
2998 3623 3406 3680 similitudinem
3463 3636 3605 3679 esse.

354 3711 636 3766 Materiam
680 3713 830 3767 enim
889 3715 1091 3771 artiﬁci
1137 3717 1363 3771 cuilibet
1394 3715 1748 3771 Providentia
1793 3715 2035 3786 subjicit,
2092 3733 2212 3788 quae
2267 3732 2299 3772 a
2349 3718 2595 3790 principe
2637 3718 2895 3789 quadam,
2946 3731 3041 3772 seu
3079 3718 3313 3772 humana
3360 3717 3470 3781 illa,
3508 3731 3604 3772 seu

351 3804 528 3858 divina
574 3806 670 3873 sit,
720 3816 841 3861 arte
872 3807 1101 3863 oriatur.
1130 3810 1305 3879 Atque
1358 3809 1474 3864 haec
1520 3810 2005 3880 imprmsentiarum
2055 3814 2318 3870 adversus
2363 3828 2461 3870 eos
2507 3815 2641 3870 satis
2666 3823 2848 3881 erunt,
2897 3815 2989 3884 qui
3035 3816 3178 3885 quod
3228 3815 3300 3869 ita
3345 3816 3604 3885 script-ur.

350 3896 562 3951 videant
596 3915 612 3951 :
652 3916 670 3950 ι
711 3898 885 3953 Terra
922 3910 1102 3955 autem
1140 3911 1260 3956 erat
1300 3901 1588 3957 invisibilis
1652 3914 1706 3958 et
1758 3902 2112 3975 incomposita
2152 3906 2270 3971 '8,»
2312 3915 2558 3961 naturam
2616 3921 2931 3977 corpoream
2983 3916 3139 3963 ortus
3202 3907 3380 3962 omnis
3408 3921 3601 3978 etper-

339 4000 447 4045 tem
479 4005 605 4044 esse
640 3993 969 4060 opinantur.

335 4092 3574 4133 Μ

1006 4232 1401 4321 ΤΟΜΟΥ
1470 4227 1553 4317 Γ’
1628 4232 1854 4318 ΤΩΝ
1931 4232 2102 4318 ΕΙΣ
2175 4235 2404 4319 ΤΗΝ
2474 4234 2963 4321 ΙῈΝΕΣΙΝ.

1581 4479 1662 4588 Ε
1745 4476 2140 4590 ΤΟΜο
2222 4477 2379 4589 lll

960 4670 2120 4811 COMMENTARIORUM
2200 4675 2325 4766 IN
2402 4672 2970 4764 GENESIM.

1605 4941 1702 5006 Ad
1731 4951 1916 5021 caput
1949 4960 1992 5017 ι,
2039 4957 2203 5004 vers.
2239 4937 2333 4999 1ῐι.

381 5068 465 5141 (6)
501 5068 657 5141 Περὶ
684 5063 787 5119 τοῦ
819 5067 900 5127 είς
927 5068 1127 5136 σημεῖα
1151 5069 1430 5136 γεγονέναι
1462 5070 1589 5132 τοὺς
1632 5071 1925 5142 φωστῆρας

2101 5068 2127 5121 l
2145 5104 2157 5122 .
2181 5064 2334 5133 Quod
2365 5064 2451 5119 hic
2482 5061 2731 5128 habetur,
2749 5060 3037 5116 luminaria
3059 5076 3178 5133 quae
3198 5076 3328 5119 sane
3353 5063 3456 5119 alia
3488 5080 3594 5122 non

312 5164 418 5218 οῦκ
450 5161 660 5223 ἄλλους
697 5158 857 5228 ἡλίου
894 5158 1267 5231 καὶὶσελήνης,
1309 5162 1403 5214 καὶ
1444 5161 1550 5215 τῶν
1590 5161 1802 5233 ἄστρων
1845 5162 1919 5233 (7)

322 5254 732 5323 τυγχάνοντας,
772 5249 883 5302 τῶν
924 5251 1128 5323 σφόδρα
1174 5254 1619 5321 ἀναγκαιοτάτων
1654 5255 1769 5307 ἐστὶ
1809 5254 1926 5307 δια-

328 5343 535 5405 λαϐεῖν,
562 5343 627 5395 οὐ
669 5342 837 5412 μόνον
870 5341 1079 5395 πολλῶν
1110 5343 1279 5397 ἐθνῶν
1311 5344 1419 5396 τῶν
1442 5344 1539 5415 τῆς
1572 5344 1809 5417 Χριστοῦ
1837 5346 1926 5399 πί-

340 5450 505 5497 στεως
528 5431 860 5503 ἀλλοτρίων,
904 5434 1285 5506 σφαλλομένων
1328 5436 1409 5498 εἰς
1438 5435 1528 5489 τὸν
1560 5436 1687 5505 περὶ
1714 5436 1810 5506 τῆς
1852 5437 1929 5489 εἱ-

409 5524 456 5555 "
485 5524 625 5579 Gen.
661 5539 703 5587 l,
735 5523 794 5578 2.

414 5633 491 5704 (6)
532 5632 730 5687 Exstat
772 5634 876 5705 hoc
922 5634 1115 5705 fragm.
1161 5636 1302 5705 apud
1356 5636 1552 5691 Euseb.
1600 5637 1693 5691 lib.
1736 5653 1788 5692 vr
1838 5637 1911 5692 De

355 5718 570 5787 priapo].
596 5704 837 5787 evangel.
852 5714 922 5787 ξι
957 5704 1325 5787 inmutata!”
1357 5723 1478 5779 cap.
1506 5707 1598 5762 22.
1648 5706 1916 5779 Interpre-

358 5775 486 5829 tatio
515 5772 710 5829 Latina
735 5772 823 5829 est
850 5773 944 5829 Fr.
974 5775 1172 5846 Vigeri.

2029 5168 2158 5215 sunt
2204 5173 2364 5229 quam
2402 5155 2501 5218 sol,
2555 5154 2706 5220 luna,
2735 5163 3036 5223 caeteraque
3081 5155 3279 5221 sidera,
3335 5165 3591 5227 tanquam

2027 5251 2181 5321 signa
2213 5249 2458 5320 quaedam
2487 5260 2608 5301 esse
2633 5247 2951 5309 constituta,
2982 5246 3034 5300 id
3066 5261 3195 5302 vero
3221 5256 3281 5301 ut
3306 5247 3592 5317 diligenter

2032 5346 2357 5417 explicetur,
2403 5345 2457 5399 in
2507 5343 2694 5414 primis
2751 5341 3119 5398 necessarium
3168 5350 3273 5396 est.
3308 5341 3417 5397 Nec
3447 5341 3593 5397 enim

2031 5439 2280 5509 plurima
2331 5446 2518 5507 gentes
2573 5437 2753 5497 modo.
2791 5449 2910 5505 quae
2945 5449 2973 5486 a
3018 5432 3221 5489 Christi
3269 5433 3373 5488 ﬁde
3404 5432 3595 5489 aliena

2093 5640 2170 5722 (ἶ)
2215 5641 2666 5727 ηρίΙη-ἀστέρων..
2705 5644 2869 5727 Paulo
2901 5652 3043 5710 post,
3076 5643 3137 5695 οὐ
3181 5643 3339 5713 μόνον
3384 5640 3594 5699 πολλῶν

2023 5711 2212 5766 ἐθνῶν.
2248 5714 2441 5770 Euseb.
2476 5711 2662 5768 omisit
2690 5713 2920 5767 πολλῶν.
