4000 6146
313 259 384 318 53
1779 254 1848 310 ΙΝ
1879 247 2204 309 GENESIM.
3506 238 3576 294 55

312 390 393 430 σιν
433 375 812 448 ἀνειληφέναι
849 379 1157 450 γενόμενος,
1195 376 1369 430 πάντα
1415 377 1702 446 πεποιήκοι
1731 391 1787 426 τε
1817 389 1887 426 κα

1985 427 1986 431 η
2015 368 2194 422 inanis
2222 362 2466 435 profecto
2490 361 2683 427 solum,
2709 375 2771 414 ac
2797 368 3193 428 supervacanea
3225 351 3358 407 ﬁdes
3390 359 3574 405 nostra

309 462 486 528 πάθοι,
511 464 575 518 οὐ
611 464 707 517 τοῦ
739 466 890 521 Θεοῦ
919 469 1016 521 καὶ
1056 465 1269 538 Πατρὸς
1305 463 1413 538 (12)
1441 464 1550 518 τῶν
1592 465 1728 519 ὅλων
1759 461 1887 532 αύτιξ

2009 458 2188 514 futura
2227 455 2320 520 sit,
2373 455 2466 508 sed
2501 467 2568 506 ne
2609 453 2726 522 ipse
2763 451 2978 521 quidem
3027 449 3289 504 adventus
3340 443 3573 507 Christi,

305 556 401 619 τὰς
454 557 817 628 παραδόξους
865 559 1121 629 δυνάμεις
1168 535 1575 628 δωρησαμένου,
1619 555 1755 610 ἀλλά
1801 553 1887 607 τῶε

2008 559 2226 618 totaque
2271 546 2359 600 illa
2389 560 2482 600 seu
2515 545 2676 616 legis,
2705 557 2798 598 seu
2826 540 3209 612 prophetarum
3245 535 3570 599 (economia,

306 627 573 718 ἀστέρων,
607 640 714 709 Οἷς
748 647 938 712 ἀθέοις
980 627 1076 700 καὶ
1122 627 1343 698 ἀσεϐέσι
1373 627 1698 714 τυγχάνουσι
1729 641 1887 708 λόγοις

2005 652 2059 696 et
2089 639 2458 709 apostolorum
2489 637 2544 690 in
2573 635 2878 692 excitandis
2906 627 3457 695 constabiliendisque
3479 640 3578 694 per

304 735 590 790 ἀκολουθεί
621 737 728 791 καὶ
754 737 824 790 τὸ
845 737 972 800 τοὺς
1003 735 1355 798 πιστεύοντας
1391 733 1498 786 ὑπὸ
1529 733 1638 786 τῶν
1663 730 1887 802 ἀστέρωπ

2005 731 2282 788 Christum
2324 730 2414 784 Dei
2457 727 2720 784 Ecclesiis
2751 737 3003 793 suscepta
3035 721 3318 776 contentio
3354 719 3436 772 vel
3479 719 3571 772 hi-

300 821 611 893 ἀγομένους
654 824 950 879 πιστεύειν
988 825 1067 888 ei;
1109 823 1240 877 Θεὸν
1279 821 1552 892 λέγεσθαι.
1596 819 1887 890 Πυθοίμεθι

2005 823 2114 877 lum
2142 821 2432 892 profecerit
2477 837 2490 872 :
2538 821 2638 874 nisi
2698 828 2878 874 tamen
2941 817 3112 886 ipsius
3143 813 3305 868 etiam
3367 810 3574 866 Christi

298 913 343 966 δ’
387 913 456 966 ἂν
507 913 704 967 αὐτῶν
746 915 810 970 τί
845 918 873 970 ό
911 915 1044 973 Θεὸς
1089 915 1409 986 βουλόμενος
1446 913 1683 966 τοιοῦτον
1733 910 1882 964 ἐποίε

2005 929 2110 970 non
2166 914 2326 968 modo
2365 912 2620 968 nascendi
2679 911 2967 972 rationem,
3008 907 3102 961 sed
3139 903 3398 974 quidquid
3439 916 3576 972 prte-

299 1004 526 1075 κόσμον,
557 1005 630 1058 ἶν’
651 1007 710 1060 οἱ
748 1007 856 1078 μὲν
883 1010 940 1062 ἐν
961 1007 1108 1078 αὐτῷ
1127 1007 1318 1078 ἀνδρες
1341 1006 1514 1071 ὄντες,
1541 1007 1609 1060 τά
1633 1004 1887 1076 γυναικῶη

2007 1017 2150 1062 terea
2187 1006 2271 1060 vel
2315 1005 2501 1076 egerit,
2530 1003 2612 1058 vel
2655 1001 2858 1065 tulerit,
2891 1003 2941 1053 in
2980 997 3224 1052 eamdem
3260 993 3577 1048 conversio-

299 1099 610 1166 πάσχωσιν,
640 1099 914 1172 οὐδαμῶς
945 1101 1156 1162 ἑαυτοῖς
1187 1099 1347 1152 αἴτιοι
1371 1099 1469 1170 τῆς
1500 1099 1784 1168 ἀσελγείας
1813 1116 1887 1169 γε·

2004 1101 2088 1155 nis
2104 1108 2368 1154 astrorum
2387 1097 2764 1151 necessitatem
2783 1089 3022 1161 projecta
3041 1086 3318 1142 hominum
3341 1085 3570 1140 istorum

297 1189 616 1258 γενημένοι,
648 1191 848 1264 ἕτεροι
875 1192 932 1246 δὲ
969 1191 1172 1264 ἀγρίων
1205 1191 1358 1258 ζώων
1387 1191 1719 1246 κατάστασιν
1759 1190 1887 1263 εἰληι

2003 1193 2276 1248 temeritas
2322 1189 2548 1260 illigabit
2577 1205 2592 1241 :
2621 1183 2846 1257 perinde
2887 1180 3170 1242 videlicet,
3207 1177 3358 1247 quasi
3411 1177 3457 1230 is
3505 1175 3572 1231 ab

297 1280 456 1347 φάτες
480 1280 625 1350 (15),
656 1281 746 1353 τῷ
785 1283 886 1352 τὴν
929 1284 1098 1355 φορὰν
1129 1285 1222 1338 τοῦ
1257 1283 1458 1347 παντὸς
1498 1283 1770 1350 τοιούτους
1803 1285 1887 1338 αὐ-

2001 1283 2268 1338 sideribus
2291 1282 2400 1334 vim
2428 1281 2575 1334 illam
2603 1289 2782 1330 rerum
2809 1271 3232 1334 admirabilium,
3264 1282 3368 1321 non
3386 1281 3416 1320 a
3438 1267 3568 1330 Deo,

295 1371 421 1434 τοὺς
451 1373 863 1442 πεποιηκέναι,
886 1373 974 1427 διά
997 1375 1056 1428 τὸ
1079 1374 1167 1428 τὸν
1191 1374 1322 1428 Θεὸν
1341 1372 1484 1428 οὕτω
1503 1373 1887 1446 κεκοσμηκέναι

2002 1383 2430 1442 cunctorumqne
2452 1375 2676 1441 parente
2706 1363 2994 1435 acceperit.
3019 1361 3184 1432 Cujus
3207 1375 3270 1415 ex
3294 1359 3564 1414 orationis

296 1461 356 1514 τὸ
388 1463 522 1524 πᾶν,
565 1462 920 1517 ἐπιδιδόασιν
965 1465 1190 1526 ἑαυτοὺς
1229 1464 1531 1536 ὠμοτάτοις
1561 1463 1654 1518 καὶ
1698 1463 1887 1536 σφόδρα

2003 1465 2280 1536 impietate
2305 1465 2434 1518 illud
2461 1463 2732 1531 sequitur,
2761 1466 2822 1512 ut
2848 1464 3115 1526 quotquot
3143 1453 3383 1508 divinam
3409 1452 3570 1505 tidem

297 1551 708 1622 ἀπανθρώπως
763 1556 1109 1628 πράγμασιν,
1161 1557 1535 1628 ἀνδροφονίαις
1572 1558 1667 1611 καὶ
1712 1571 1887 1628 πειρα·

2001 1555 2051 1628 5
2069 1557 2489 1626 amplectuntur,
2519 1553 2583 1607 ad
2607 1551 2752 1604 illam
2772 1549 3009 1604 siderum
3029 1560 3221 1600 omnes
3237 1542 3569 1612 impulsione

298 1644 488 1706 τείαις.
526 1645 646 1699 Καὶ
678 1647 741 1700 τί
775 1647 858 1700 δεῖ
882 1647 1059 1716 λέγειν
1090 1649 1234 1718 ἡμᾶς
1269 1648 1396 1719 περὶ
1432 1647 1542 1700 τῶν
1577 1645 1887 1716 συμϐαινόν-

2003 1648 2301 1716 rapiantur.
2339 1645 2451 1716 Ego
2480 1657 2610 1697 vero
2637 1639 2946 1712 qumsierim
2994 1653 3056 1694 ex
3101 1637 3170 1692 iis
3209 1634 3560 1704 perlibenter,

301 1749 404 1787 των
440 1735 500 1788 ὲν
540 1736 898 1807 ἀνθρώποις,
945 1739 1041 1792 καὶ
1081 1737 1542 1808 ἁμαρτανομένων
1589 1737 1680 1790 ὑπ’
1723 1737 1887 1791 auct?»

2011 1738 2138 1806 quid
2167 1736 2384 1791 tandem
2420 1747 2637 1792 secutus
2665 1737 2766 1788 bac
2796 1732 2850 1786 in
2894 1730 3074 1784 tnnndi
3105 1729 3384 1784 molitione
3421 1727 3564 1781 Deus

303 1825 506 1894 μυρίων
539 1825 698 1879 ὅσων
733 1828 1133 1898 τυγχανόντων,
1171 1824 1421 1891 οὕστινας
1442 1829 1488 1881 οἱ
1515 1826 1621 1880 τῶν
1645 1827 1887 1896 γενναίωη

2009 1829 2191 1896 fuerit,
2228 1838 2286 1884 ut
2309 1843 2377 1884 ex
2415 1843 2478 1884 ca
2514 1829 2753 1884 virorum
2787 1823 2878 1894 qui
2923 1823 2976 1877 in
3004 1837 3068 1876 eo
3093 1823 3293 1890 degunt
3320 1816 3566 1872 multitu-

300 1917 708 1986 προϊστάμενοι
734 1919 942 1973 τούτων
955 1919 1128 1988 λόγων
1147 1917 1473 1982 ἀπολύοντες
1493 1919 1693 1982 παντὸς
1715 1919 1887 1991 ἐγκλήι

2008 1922 2151 1988 dine,
2179 1920 2272 1976 alii
2296 1919 2442 1975 nulla
2471 1934 2566 1974 sua
2611 1917 2765 1988 culpa
2799 1914 3080 1970 muliebris
3127 1911 3342 1967 veneris
3387 1907 3568 1978 turpi-

299 2017 484 2074 ματος,
503 2005 590 2077 τῷ
619 2008 754 2080 Θεῷ
774 2011 1186 2084 προσγράφουσι
1211 2010 1426 2064 πάντων
1453 2011 1561 2065 τῶν
1581 2012 1766 2076 κακῶς
1785 2011 1887 2085 (14]

2009 2017 2251 2070 tudinem
2283 2023 2630 2086 paterentur;
2679 2011 2770 2065 alii
2821 2010 2994 2063 ferino
3033 2006 3192 2077 plane
3237 2005 3367 2071 ritu,
3419 2002 3566 2072 quod

294 2097 384 2148 καὶ
417 2096 656 2167 ψεκτῶς
694 2103 1091 2175 πραττομένων
1119 2103 1218 2174 τὴν
1242 2105 1458 2170 αἰτίαν;

2005 2106 2140 2162 tales
2165 2108 2312 2176 ipsos
2340 2104 2576 2160 eliiceret
2597 2101 2838 2157 universi
2875 2101 3018 2154 hunc
3055 2099 3108 2152 in
3133 2097 3350 2150 modum
3382 2107 3414 2147 a
3455 2092 3568 2146 Deo

296 2192 588 2247 constituti
642 2194 892 2265 impetus
937 2207 1100 2266 atque
1131 2198 1442 2265 conversio,
1495 2197 1788 2252 teterrimis
1837 2213 1958 2254 sese
2015 2199 2417 2268 dirissimisque
2451 2194 2770 2260 sceleribus,
2807 2202 2866 2246 ut
2894 2189 3199 2246 homicidiis
3227 2201 3291 2242 ae
3321 2182 3567 2254 piraticis

294 2283 750 2351 praedationibus
799 2288 1080 2344 dederent.
1136 2288 1456 2358 Quanquam
1511 2291 1638 2359 quid
1686 2291 1882 2346 attinet
1919 2293 2059 2348 hanc
2100 2308 2128 2347 a
2179 2291 2334 2346 nobis
2365 2291 2433 2346 de
2483 2288 2644 2342 rebus
2676 2287 2762 2350 iis,
2814 2299 2934 2354 qua:
2965 2283 3047 2337 vel
3081 2281 3394 2336 hominibus
3437 2292 3564 2332 eve-

298 2373 475 2441 niunt,
511 2377 605 2433 vel
656 2381 736 2436 ab
781 2379 974 2435 iisdem
1027 2393 1340 2452 peccantur,
1389 2397 1616 2452 qumque
1661 2398 1886 2452 prorsus
1941 2384 2167 2438 infinita:
2227 2391 2374 2448 sunt,
2431 2378 2850 2449 disputationem
2887 2375 3116 2437 institui,
3147 2387 3284 2442 quos
3337 2384 3566 2438 praaser-

298 2467 388 2520 tim
421 2469 722 2538 dogmatis
771 2471 930 2526 istius
973 2483 1278 2528 assertores
1325 2474 1528 2545 egregii
1573 2473 1697 2528 dum
1735 2476 1802 2530 ab
1830 2475 1978 2530 omni
2008 2475 2164 2546 culpa
2213 2473 2465 2538 liberant,
2519 2469 2808 2536 malorum,
2856 2481 3084 2536 quaeque
3131 2463 3393 2520 scelerate
3429 2464 3563 2518 [lunt

296 2559 570 2626 enutriunt,
621 2563 742 2617 Deo
770 2578 994 2617 causam
1029 2565 1342 2634 assignant?

389 2649 522 2704 Ἐἀν
553 2652 619 2706 δέ
657 2670 808 2716 τινες
843 2654 1020 2708 αὐτῶν
1045 2655 1178 2725 (15),
1209 2655 1284 2719 ὡς
1309 2655 1730 2727 ἀπολογούμενοι
1768 2657 1896 2728 περὶ

297 2739 456 2805 Θεοῦ,
491 2741 702 2816 ’ἕτερον
736 2744 835 2816 μὲν
876 2741 1014 2798 εἶναι
1053 2745 1251 2815 λέγωσι
1286 2747 1378 2800 τὸν
1419 2746 1640 2816 ἀγαθὸν,
1682 2747 1893 2812 οὐδενὸς

296 2833 504 2888 τούτων
547 2835 754 2907 ἔχοντα
783 2836 880 2908 τὴν
907 2839 1102 2910 ἀρχὴν,
1132 2838 1209 2910 τῷ
1236 2839 1291 2891 δὲ
1330 2838 1643 2910 δημιουργῷ
1675 2839 1891 2896 πάντων

299 2927 365 2980 τὰ
407 2927 648 2982 τοιαῦτα
694 2929 1050 3001 προσάπτωσι
1078 2929 1212 3000 (16),
1261 2929 1475 3002 πρῶτον
1523 2929 1620 3000 μὲν
1657 2929 1776 2982 οὐδὲ
1814 2929 1890 2992 ὡς

2061 2655 2118 2711 2.
2135 2654 2342 2710 Horum
2367 2655 2410 2710 si
2434 2653 2699 2720 nonnulli,
2719 2661 2778 2708 ut
2798 2651 2891 2707 Dei
2917 2664 3138 2706 causam
3179 2647 3314 2702 tueri
3337 2647 3564 2702 videan-

1992 2757 2098 2814 tur,
2117 2749 2313 2803 bonum
2341 2745 2630 2816 quemdam
2661 2744 2890 2799 alterum
2921 2755 3043 2797 esse
3068 2741 3286 2806 dicent,
3325 2749 3563 2808 eutnque

1990 2854 2169 2894 rerum
2187 2841 2410 2892 istarum
2430 2835 2633 2890 fontem
2667 2849 2791 2890 esse
2822 2850 2888 2890 ac
2919 2832 3240 2903 principium
3264 2831 3556 2900 negabunt,

1987 2929 2128 3000 quod
2162 2929 2253 2984 uni
2291 2927 2379 2982 isti
2412 2927 2676 2982 duntaxat
2727 2940 2910 2981 rerum
2963 2933 3276 2978 creatarum
3327 2921 3558 2976 molituri

301 3017 592 3087 βούλονται
623 3019 946 3092 δυνήσονται
982 3021 1376 3086 ἀποδεικνύναι,
1400 3021 1482 3074 ὃτι
1513 3020 1630 3073 ἐστὶ
1663 3020 1882 3084 δίκαιος·

1990 3021 2186 3075 similia
2225 3019 2509 3074 tribuenda
2544 3018 2752 3086 velint;
2790 3017 3048 3088 primum,
3089 3031 3156 3070 ne
3201 3015 3280 3070 sic
3311 3013 3559 3084 quidem,

301 3109 417 3174 πῶς
453 3109 574 3182 γὰρ
623 3113 654 3165 ὁ
697 3111 966 3167 τοσούτων
1007 3113 1127 3166 κατ’
1156 3113 1353 3178 αὐτοὺς
1405 3113 1612 3184 Πατὴρ,
1655 3111 1889 3179 εὐλόγως

298 3202 646 3271 χρηματίζοι
684 3201 1068 3275 (17)δίκαιος;
1110 3203 1360 3276 δεύτερον
1410 3205 1467 3257 δὲ
1512 3205 1639 3275 περὶ
1685 3202 1892 3257 ἑαυτῶν

299 3293 354 3345 τί
376 3309 514 3346 ποτε
549 3295 840 3365 φήσουσιν,
872 3295 1198 3360 ἐξεταστέον
1233 3295 1456 3367 πότερον
1483 3295 1793 3348 ὑπόκεινται
1827 3297 1892 3367 τῇ

305 3383 450 3454 ιρορᾷ
483 3383 601 3436 τῶν
635 3384 899 3454 ἀστέρων,
937 3383 968 3454 ἢ
1007 3383 1432 3454 ὴλευθέρωνται,
1467 3385 1560 3436 καὶ
1599 3385 1655 3435 ὲν
1686 3381 1764 3453 τῷ
1797 3382 1895 3453 βίῳ

305 3472 696 3542 τυγχάνοντες,
727 3473 879 3526 οὐδὲν
911 3473 1298 3545 ὲνεργούμενον
1331 3475 1410 3535 εἰς
1435 3473 1658 3536 ἑαυτοὺς
1683 3471 1897 3543 ἔχουσιν

304 3562 516 3615 ἐκεῖθεν
537 3579 556 3626 ;
585 3563 645 3616 Ei
665 3563 762 3634 μὲν
778 3563 888 3636 γάρ
911 3565 1170 3634 φήσουσιν
1193 3562 1636 3626 ύποκεῖσΟαιτοῖς
1657 3562 1894 3632 ἄστροις,

305 3652 463 3724 δῆλον
489 3656 580 3708 ὅτι
604 3654 672 3708 τά
706 3655 882 3727 ἄστρα
915 3655 975 3708 τὸ
1003 3657 1190 3726 νοῆσαι
1225 3655 1336 3726 (18)
1373 3656 1556 3719 αὐτοῖς
1587 3655 1742 3708 τοῦτο
1771 3657 1897 3726 ἐχα-

311 3747 521 3816 ρίσατο,
554 3749 650 3801 καὶ
677 3751 706 3802 ό
735 3749 1062 3819 δημιουργὸς
1088 3747 1476 3818 ὑποϐεϐληκὼς
1507 3748 1657 3802 ἔσται
1688 3747 1774 3802 διὰ
1793 3747 1893 3817 τῆς

306 3837 400 3890 τοῦ
427 3839 638 3902 παντὸς
667 3841 933 3910 κινήσεως
952 3838 1043 3892 τὸν
1067 3838 1224 3908 λόγον
1247 3839 1336 3892 τὸν
1365 3839 1605 3910 περὶτοῦ
1637 3839 1892 3911 ἀνωτέρω

311 3930 807 4003 ἀναππλασμένου
834 3932 992 3996 Θεοῦ,
1019 3933 1154 4004 ὅπερ
1182 3931 1243 3984 οὐ
1275 3931 1550 4003 βούλονται
1569 3945 1582 3958 ·
1607 3933 1655 3984 εί
1676 3931 1733 3984 δὲ
1761 3933 1894 3985 ἀπο-

312 4020 648 4090 κρινοῦνται,
683 4021 765 4076 ὅτι
813 4021 920 4086 ἔξω
949 4021 1056 4075 τῶν
1095 4022 1277 4093 νόμων
1309 4022 1636 4092 τυγχάνουσι
1674 4021 1767 4074 τοῦ
1799 4022 1894 4092 δη-

315 4109 579 4181 μιουργοῦ
603 4111 711 4163 τῶν
745 4111 887 4163 κατὰ
917 4113 1044 4176 τοὺς
1077 4112 1331 4184 ἀστέρας,
1369 4112 1457 4166 ἴνα
1503 4111 1578 4184 μὴ
1617 4112 1892 4180 ἀπόῃασις

311 4191 345 4270 ᾖ
376 4199 440 4251 τὸ
465 4199 758 4271 λεγόμενον
785 4201 878 4253 ὑπ’
899 4199 1078 4255 αὐτῶν
1113 4201 1517 4265 ἀναπόδεικτος,
1547 4199 1892 4272 πειραθήτω-

314 4305 416 4344 σαν
468 4293 622 4362 ἡμᾶς
678 4291 979 4362 προσάγειν
1026 4289 1585 4362 ἀναγκαπικὼτερον,
1633 4289 1891 4361 διαφορὰν

384 4446 505 4518 (l2)
551 4444 775 4518 (illitam,
808 4459 925 4516 post
955 4445 1189 4518 Πατρός,
1214 4447 1360 4501 addit
1391 4443 1576 4500 αὐτοῦ.

383 4514 504 4590 (IS)
559 4514 1198 4590 ΙξΙιίίυεηάνειληφότες,
1257 4528 1314 4570 et
1361 4520 1522 4585 paulo
1577 4514 1738 4580 infra,
1787 4516 1880 4570 xui.

314 4586 708 4658 ἀνδροφονίαις.

345 4653 432 4791 ag
443 4653 500 4780 4Ῑὶ
529 4657 754 4778 {Eur-8b.,
798 4655 1002 4710 κακῶν.
1060 4656 1183 4710 Mox
1241 4655 1466 4722 Philoc.,
1494 4653 1880 4726 πραττομένων

433 4744 472 4781 α
493 4745 523 4779 τ
547 4743 632 4789 ας.

313 4730 408 4789 τὰς
433 4730 632 4789 αἰτίας.

383 4797 499 4870 (Ιῆ)
545 4797 693 4870 Ed»:
709 4794 793 4870 es
817 4812 975 4870 τινες
1015 4795 1234 4870 αὑτῷν,
1267 4803 1372 4850 etc.
1423 4792 1748 4870 Simoniaui,
1775 4795 1882 4870 va:

315 4865 621 4927 lentin’iani,
656 4867 1007 4926 Cerdouiani,
1059 4869 1258 4936 aliique
1285 4866 1588 4934 complures
1639 4865 1878 4920 haeretici

319 4939 424 4991 duo
457 4937 746 5004 principia,
774 4950 866 4989 seu
907 4937 1036 4990 deos
1075 4937 1211 4991 duos
1251 4937 1600 5000 statuebant;
1649 4937 1878 4989 alterum

317 5009 540 5069 malum,
577 5006 672 5060 sed
712 5006 944 5074 justum,
973 5005 1154 5058 mundi
1203 5007 1558 5068 conditorem,
1603 5005 1736 5074 legis
1765 5005 1880 5072 opi-

319 5077 470 5131 ﬁcem
494 5094 510 5142 ;
539 5077 738 5128 bonum
763 5075 1015 5136 alterum,
1047 5075 1246 5130 Christi
1275 5076 1512 5135 Patrem,
1539 5085 1595 5128 et
1621 5075 1751 5128 Novi
1773 5075 1881 5130 Te-

317 5145 571 5200 stamenti
608 5155 910 5198 auctorem.
945 5143 1316 5198 Tertullianus
1343 5152 1398 5199 et
1433 5145 1662 5200 lremeus
1684 5147 1879 5199 adver-

317 5231 405 5270 sus
429 5219 570 5272 hanc
597 5215 901 5270 doctrinam
926 5229 1029 5268 non
1057 5215 1297 5284 segniter
1325 5215 1526 5268 velitati
1550 5225 1676 5269 sunt
1707 5231 1720 5266 :
1759 5215 1882 5270 Ori—

316 5301 480 5355 senes
509 5299 640 5338 vero
675 5285 897 5351 passim.
937 5285 1058 5339 Haec
1111 5301 1140 5338 a
1179 5286 1348 5352 magis
1395 5293 1575 5338 ortum
1607 5285 1758 5339 duxit
1787 5299 1878 5340 ve-

316 5357 488 5420 sania,
538 5370 679 5424 quos
729 5356 835 5409 duo
879 5355 1063 5408 itidem
1116 5355 1402 5425 principia,
1449 5355 1880 5425 bonnminnum,

319 5429 514 5478 malum
566 5426 801 5478 alterum
848 5425 1094 5493 posuisse
1123 5424 1377 5492 prodidit
1420 5424 1766 5488 Aristoteles,
1799 5426 1877 5478 uti

317 5496 574 5566 discimus
604 5510 667 5547 ex
701 5493 920 5566 Laenio
955 5494 1006 5546 in
1038 5495 1365 5566 protentio:
1417 5493 1790 5566 Ἀριστοτέλης
1835 5493 1880 5566 δ’

317 5563 372 5616 ἒν
402 5564 801 5638 πρῴτῳίηερὶ-
825 5559 1204 5638 φίλοᾳοβίιις,
1245 5565 1340 5638 καὶ,
1360 5559 1778 5638 Δπρεσοᾷυτέρουὶς
1807 5559 1883 5638 εζ-

317 5651 400 5689 ναι
429 5631 539 5689 τῶν
567 5631 1154 5704 Αἰγυπτίωνῳάγους)
1193 5636 1286 5688 καί
1314 5633 1406 5686 δύο
1426 5631 1554 5704 ’κατ’
1587 5631 1777 5698 αὐτοὺς
1807 5631 1883 5686 εἷ-

318 5722 400 5762 ναι
427 5707 623 5778 ἀρχὰς,
649 5702 856 5774 ἀγαθὸν
883 5703 1109 5776 δαίμιττ.
1137 5707 1232 5760 καὶ
1256 5705 1420 5760 κακὸν
1443 5702 1686 5776 δαίμονα.
1716 5725 1731 5755 ι
1765 5706 1882 5758 Ari-

1989 3113 2130 3181 quod
2157 3113 2256 3181 ipsi
2288 3111 2490 3176 volunt,
2509 3109 2690 3178 justus
2717 3108 2893 3163 utiste
2908 3105 3256 3162 sitellicieut.
3281 3103 3560 3172 Quomodo

1990 3207 2132 3262 enim
2178 3220 2336 3274 quem
2381 3213 2458 3258 tot
2499 3201 2762 3257 malorum
2808 3207 3088 3268 parentem
3140 3197 3398 3258 fatentur,
3453 3196 3560 3260 ipsi

1991 3293 2432 3366 quoqnejustum
2468 3293 2716 3349 eumdem
2752 3289 3012 3358 essejure
3047 3289 3348 3358 meritoque
3371 3286 3560 3341 defen-

1993 3387 2167 3442 dant?
2195 3387 2403 3441 Deinde
2437 3386 2566 3454 qnid
2589 3383 2828 3441 sentiant
2855 3383 2958 3452 ipsi
2991 3382 3058 3438 de
3093 3397 3172 3446 se,
3202 3379 3557 3451 quaerendum

1995 3495 2058 3534 ex
2091 3479 2195 3532 illis
2225 3487 2342 3545 est;
2379 3486 2557 3530 utrum
2584 3490 2705 3530 sese
2734 3484 3004 3529 astrorum
3035 3473 3391 3527 conversione
3419 3471 3559 3525 obli-

1991 3577 2146 3637 gates
2171 3583 2310 3632 esse,
2363 3582 2430 3620 an
2458 3565 2698 3632 diheros,
2745 3573 2910 3634 atque
2941 3563 3230 3632 ejusmodi,
3261 3562 3399 3631 apud
3422 3577 3559 3632 quos

1993 3661 2096 3712 hac
2130 3659 2182 3711 in
2213 3659 2319 3712 vita
2350 3658 2482 3712 nihil
2515 3658 2737 3712 omnino
2771 3667 2948 3711 motus
2981 3655 3068 3708 ille
3099 3653 3307 3724 possit?
3342 3653 3558 3720 Obliga-

1990 3757 2075 3803 tos
2099 3750 2142 3803 si
2180 3748 2520 3817 fatebuntur,
2561 3751 2705 3804 hunc
2743 3749 2852 3802 illis
2898 3745 3143 3816 profecto
3169 3753 3314 3800 astra
3343 3760 3559 3814 quoque

1987 3855 2203 3898 sensum
2240 3841 2614 3911 impresserint
2641 3859 2654 3898 :
2677 3843 2920 3912 adeoque
2951 3853 3144 3893 novam
3173 3837 3240 3892 de
3269 3836 3556 3906 superiore

1989 3947 2090 3987 suo
2146 3931 2447 4001 lictitioque
2496 3933 2605 3988 Deo
2655 3945 2928 3994 mentem,
2991 3931 3152 4001 hujus
3203 3929 3558 3983 conversione

1989 4021 2194 4088 mundi,
2228 4037 2360 4077 suus
2389 4022 2499 4089 ille,
2523 4021 2666 4091 quod
2703 4021 2806 4091 ipsi
2843 4030 3075 4090 negant,
3108 4018 3440 4073 architectus
3468 4017 3555 4070 in-

1984 4110 2198 4181 jecerit.
2231 4112 2329 4168 Sin
2367 4124 2547 4168 autem
2579 4113 2696 4182 eius
2726 4128 2786 4169 se
2811 4112 3052 4178 minime,
3089 4123 3225 4180 quas
3255 4117 3408 4163 astra
3435 4107 3559 4162 vol-

1987 4211 2142 4267 vunt,
2183 4201 2391 4272 legibus
2426 4203 2594 4256 teneri
2627 4200 3060 4272 respondebunt,
3105 4199 3158 4253 id
3185 4213 3254 4252 ne
3283 4201 3350 4250 ab
3383 4197 3448 4251 iis
3477 4205 3558 4251 te-

1989 4306 2136 4348 mere
2163 4291 2345 4362 negari
2379 4293 2651 4358 videatur,
2687 4290 2880 4362 majori
2924 4293 3112 4361 utique
3145 4291 3195 4345 vi
3237 4287 3554 4362 suﬂ‘ragium

1913 4447 1956 4502 D
1987 4446 2208 4502 stoteles
2239 4458 2418 4517 autem
2447 4448 2497 4501 in
2531 4447 2704 4515 primo
2729 4446 2804 4501 De
2823 4447 3176 4515 philosophia,
3205 4457 3260 4504 et
3283 4447 3558 4517 antiquio—

1987 4531 2073 4590 res
2101 4533 2220 4590 esse
2247 4516 2517 4588 :Egyptiis
2542 4517 2791 4590 4(magos)
2834 4529 2889 4572 et
2937 4517 3224 4590 duo_ju.\'ta
3273 4519 3392 4573 illos
3419 4516 3558 4578 esse

1981 4587 2264 4656 principia,
2299 4587 2498 4641 bonum
2525 4587 2844 4650 daemonem,
2869 4594 2924 4641 et
2951 4587 3148 4640 malum
3181 4591 3502 4656 daemonem,
3534 4602 3553 4634 ι

1981 4653 2182 4727 Auctor
2208 4653 2422 4727 quoque
2444 4657 3002 4725 Φιιῑοσοςρουμένων,
3032 4673 3152 4726 qua:
3180 4653 3399 4727 Origeni
3422 4653 3556 4727 falso

1981 4724 2308 4784 tribuuntur.
2337 4724 2524 4783 Scribit
2548 4724 2796 4782 Zaratam
2822 4724 3135 4782 Chaldwum
3166 4726 3438 4788 docuisse,
3465 4724 3558 4778 δύο

1979 4795 2237 4870 δαίμονας
2277 4796 2445 4870 εἶναι,
2481 4801 2574 4870 τὸν
2609 4799 2705 4870 μὲν
2745 4798 2997 4870 ονῦρᾲνιον
3025 4794 3184 4870 εἶναι..
3215 4797 3307 4850 τὸν
3335 4795 3392 4870 δε
3427 4793 3554 4870 χθό-

1979 4883 2090 4940 νιον
2112 4885 2124 4897 ο
2159 4869 2253 4940 καὶ
2279 4870 2369 4940 τὸν
2395 4869 2490 4940 μέν
2518 4867 2727 4940 χθόνιον
2752 4867 2972 4940 ἀνιέναι
2989 4867 3086 4938 τὴν
3115 4867 3326 4940 γένεσιν
3359 4867 3424 4918 ὲκ
3444 4867 3554 4940 Δτῆς

1979 4935 2120 5011 γῆς,
2148 4935 2285 5011 εἶναι
2315 4939 2373 5011 δὲ
2625 4941 2716 4994 τὸν
2749 4941 2821 5011 δὲ,
2844 4935 3136 5011 οὐράνιον-ί
3156 4936 3286 5008 πῦρ,
3329 4935 3554 5011 μετέχον

1977 5007 2070 5060 τοῦ
2099 5009 2278 5081 ἀέρος,
2306 5009 2504 5081 Θερμὸν
2529 5007 2624 5064 καὶ
2650 5010 2876 5081 ψυχρόν.
2913 5007 3082 5081 Porro
3111 5007 3315 5081 bonmn
3334 5007 3552 5081 daemo-

1971 5091 2100 5150 nem
2130 5075 2309 5134 Persae
2337 5075 2677 5150 appellabant
2706 5075 3062 5150 O‘romasﬁden,
3099 5079 3300 5150 malum
3337 5075 3554 5150 Arima-

1977 5148 2104 5211 nin,
2138 5160 2198 5204 ut
2239 5145 2428 5205 docent
2465 5151 2790 5205 Plutarchus
2823 5149 2875 5201 in
2918 5149 3055 5202 Iside
3097 5157 3152 5202 et
3191 5145 3557 5211 Themistocle,

1982 5209 2232 5268 Laertius
2270 5215 2322 5266 in
2369 5213 2732 5282 prommio,et
2763 5211 3020 5280 Agathias
3047 5211 3138 5265 lib.
3173 5227 3268 5265 vn.
3302 5209 3403 5282 Qui
3436 5209 3552 5264 Ma-

1983 5283 2222 5338 nit-bzeos
2256 5281 2637 5351 isto'Ou-igenis
2670 5281 2784 5336 loro
2809 5282 3100 5349 significari
3130 5281 3384 5351 credidit,
3411 5295 3552 5351 __me-

1984 5354 2228 5409 minissct
2251 5348 2686 5424 Origenis'attate
2710 5348 3039 5421 posteriores
3075 5365 3168 5406 eos
3195 5349 3382 5405 fuisse.
3410 5348 3551 5404 Hus-

1985 5439 2128 5476 TIUS.

2055 5494 2166 5564 (l6)
2207 5491 2432 5556 Philae"
2461 5493 2636 5564 πάντα
2659 5491 2740 5564 Λτά
2765 5491 2988 5564 τοιαῦτα
3017 5489 3464 5564 προσανάπτωσι.

2057 5557 2167 5633 (17)
2200 5562 2831 5633 vamtatifm.Philae”
2862 5557 3260 5633 δογματίζοιτο.
3305 5567 3360 5612 et
3395 5557 3550 5626 paulo

1984 5631 2124 5706 poSt.
2149 5631 2201 5686 τί
2235 5631 2514 5706 ἑρίήσουσιν,
2543 5631 2874 5706 ἐξεταστέον.

2059 5706 2170 5777 (l8)
2215 5700 2556 5772 Τὸίὀῆσαι.
2593 5700 2822 5764 I‘lu!oc.,
2853 5700 3128 5772 νοηθῆναι.
