4000 6146
457 283 528 342 55
1908 282 2251 342 ORIGENES
3623 277 3701 329 so

456 405 532 459 illi
579 416 822 463 nostrum
853 416 1179 477 extorquere
1206 406 1443 476 debent,
1490 416 1642 463 certo
1693 407 1988 463 discrimin

2087 400 2473 473 ,περιστάντες
2510 399 2603 453 νοῦ
2646 416 2788 463 τινος
2832 395 3195 467 ὑποκειμένου
3241 393 3449 462 γενέσει
3489 392 3580 446 καὶ
3617 395 3703 445 εἰ-

452 497 560 552 duo
600 499 742 552 inter
769 498 1030 551 mentium
1058 513 1259 568 genera
1298 499 1616 564 constituto,
1645 512 1874 568 quarum
1898 498 2018 552 alia:

452 599 624 653 ortus,
675 591 877 658 fatique
920 593 1303 646 necessitatem
1349 593 1534 647 subire
1564 601 1864 663 cogantur,
1899 592 2017 647 alia!

450 679 749 749 defugiant.
801 679 911 735 Hac
940 682 1083 735 enim
1129 697 1187 736 se
1218 683 1519 751 quaestione
1569 684 1816 753 profecto
1872 699 2014 738 nun-

446 786 607 840 quam
640 770 1029 841 explicabunt;
1064 783 1122 828 ut
1167 776 1516 831 manifestum
1556 785 1641 831 est
1671 776 1736 832 iis
1768 777 1858 846 qui
1896 776 2014 830 illos

447 870 665 916 norunt.
692 863 774 917 Ad
793 864 907 919 haec
928 880 1114 933 preces
1141 882 1204 921 ac
1230 878 1353 921 vota
1388 884 1720 937 nuncupare,
1756 884 2014 938 superva-

446 965 674 1008 caneum
721 955 880 1024 plane
914 958 1006 1010 sit.
1050 957 1183 1013 Nam
1229 960 1273 1014 si
1301 960 1415 1015 lucc
1454 961 1615 1015 illave
1641 962 1756 1016 fieri
1790 977 2013 1017 necesse

444 1055 547 1109 est,
572 1046 819 1117 hancque
842 1058 986 1104 astra
1020 1051 1401 1106 necessitatem
1438 1051 1696 1119 afferunt,
1732 1068 1832 1107 nec
1854 1054 2011 1108 aliter

442 1151 605 1206 quam
638 1152 827 1192 eorum
866 1150 1051 1194 mutua
1087 1143 1390 1211 complexio
1422 1143 1699 1214 Gjubcat,
1726 1143 2011 1213 fieriquid-

442 1242 605 1295 quam
632 1238 827 1297 potest,
859 1231 962 1286 hoc
998 1240 1096 1285 aut
1124 1233 1252 1287 illud
1285 1237 1383 1289 abs
1416 1236 1527 1289 Deo
1562 1235 1858 1304 impetrare
1891 1237 2009 1290 sine

440 1322 654 1376 ratione
694 1325 1092 1381 contendimus.
1133 1325 1239 1381 Sed
1270 1343 1530 1397 quorsum
1581 1329 1826 1399 pluribus
1850 1345 2005 1385 com-

440 1415 623 1470 munis
655 1417 813 1488 hujus
840 1418 905 1472 de
934 1419 1043 1473 fato
1081 1420 1211 1485 loci,
1243 1437 1401 1492 quem
1435 1425 1835 1481 inconsiderate
1886 1426 2005 1479 vul-

438 1521 539 1576 gus
558 1508 735 1562 adhuc
753 1510 1033 1565 hominum
1057 1514 1227 1578 trivit,
1245 1514 1577 1585 impietatem
1592 1518 2002 1587 persequimur?

436 1612 555 1652 eam
595 1599 795 1670 quippe
818 1603 1088 1673 superiori
1133 1606 1379 1660 oratione
1424 1605 1747 1664 informasse
1773 1618 1858 1665 sat
1895 1618 1996 1666 est.

2125 493 2395 566 μαρμένῃ,
2441 494 2536 546 καί⁸
2567 493 2753 564 ἑτέρου
2799 491 2906 545 ἀπὸ
2949 491 3154 543 τούτων
3186 487 3496 558 ἐλευθέρου-
3532 485 3699 555 δῆλον

2120 588 2228 658 γάρ
2260 588 2377 639 ἐστι
2416 589 2530 649 τοῖς
2575 584 2740 637 εἰδόσι
2770 582 2881 653 (19)
2912 583 3037 646 τοὺς
3074 579 3366 644 τοιούτους,
3412 579 3493 632 ὅτι
3532 578 3699 647 λόγον

2120 676 2508 747 ἁπαιτηθέντες
2551 676 2749 730 διδόναι
2800 671 2983 737 αὐτοῖς
3052 671 3302 742 οὐδαμῶς
3346 671 3689 743 δυνήσονται.

2119 769 2263 840 Πρὸς
2293 769 2349 821 δὲ
2375 771 2486 832 τοῖς
2507 767 2815 840 εἰρημένοις
2839 767 2933 818 καὶ
2957 764 3113 835 εὐχαὶ
3146 763 3477 834 παρέλκουσι
3512 763 3696 833 μάτην

2118 856 2688 929 παραλαμϐανόμεναι·
2718 857 2765 908 εί
2802 853 2912 927 γὰρ
2939 854 3379 924 κατηνάγκασται
3414 853 3537 906 τάδε
3565 853 3695 907 τινὰ

2115 950 2384 1018 γενέσθαι,
2428 951 2522 1003 καὶ
2567 952 2614 1002 οἱ
2654 948 2882 1020 ἀστέρες
2937 945 3201 1010 ποιοῦσιν,
3248 946 3396 1000 οὐδὲν
3431 944 3486 998 δὲ
3534 944 3695 1017 παρὰ

2115 1040 2212 1113 τὴν
2242 1042 2443 1095 τούτων
2492 1040 2627 1112 πρὸς
2659 1040 2917 1111 ἀλλήλους
2952 1038 3251 1110 ἐπιπλοκὴν
3281 1038 3502 1092 δύναται
3538 1035 3699 1105 γενέ-

2117 1134 2260 1200 σθαι,
2300 1134 2432 1187 Θεὸν
2461 1133 2756 1202 ἀλογίστως
2790 1132 3049 1200 ἀξιοῦμεν
3079 1131 3205 1187 τάδε
3241 1131 3362 1185 τινὰ
3408 1132 3537 1202 ἡμῖν
3579 1130 3688 1182 δωο

2115 1225 2397 1298 ρήσασθαι.
2427 1225 2536 1278 Καὶ
2563 1223 2615 1278 τί
2637 1224 2729 1277 ἐπὶ
2760 1224 2869 1295 (ἓο)
2899 1223 3080 1277 πλεῖον
3109 1222 3366 1294 μηκύνειν
3396 1222 3552 1291 λόγον
3578 1223 3684 1285 δεῖ,

2113 1317 2453 1389 παριστάντα
2484 1315 2543 1369 τὸ
2568 1316 2761 1378 ἀσεϐὲς
2790 1314 2880 1368 τοῦ
2907 1314 3389 1385 κατημαξευμένα)
3421 1314 3685 1369 ἀϐασανί-

2112 1426 2251 1472 στως
2278 1409 2427 1480 παρά
2441 1412 2553 1472 τοῖς
2577 1408 2788 1472 πολλοῖς
2816 1409 2943 1480 περί
2966 1408 3304 1479 εἱμαρμένης
3327 1409 3493 1462 τόπου
3519 1409 3687 1475 ;Δύτ-

2113 1501 2257 1574 άρκη
2292 1503 2399 1573 γὰρ
2424 1504 2503 1565 εἰς
2535 1502 2855 1574 ὑπογραφὴν
2882 1503 2976 1556 καὶ
3002 1502 3071 1555 τά
3098 1503 3380 1575 εἰρημένα.

506 1736 561 1790 5.
611 1734 730 1789 Jam
770 1750 902 1793 vero
944 1740 1068 1792 cuin
1106 1738 1289 1794 «locum
1338 1740 1485 1796 illum
1518 1746 1944 1809 expenderemus
1980 1766 1988 1804 :

2173 1741 2342 1797 Πόθεν
2373 1742 2450 1806 δὲ,
2485 1740 2827 1807 ἐξετάζοντες
2858 1741 2918 1795 τό
2940 1758 2953 1773 ⁸
2994 1761 3014 1794 ι
3059 1742 3340 1796 Ἔστωσαν
3370 1743 3448 1805 εἰς
3475 1744 3682 1813 σημεῖα

438 1828 592 1880 «Sint
614 1829 666 1882 in
687 1830 839 1899 signa
876 1830 1159 1885 luminaria
1187 1832 1254 1897 ”,
1290 1850 1309 1884 ι
1340 1835 1789 1901 quemadmodum
1809 1839 1859 1892 in
1883 1855 1988 1896 eam

2104 1835 2154 1887 οἰ
2185 1836 2485 1907 φωστῆρες,
2527 1853 2545 1886 ι
2586 1835 2680 1888 ἐπὶ
2706 1833 2876 1887 ταῦτα
2906 1833 3258 1906 ἐληλύθαμεν.
3293 1834 3517 1899 ἑαυτοὺς
3541 1836 3677 1888 ὑπο.

429 1918 844 1991 disputatiouem
878 1923 1079 1993 delapsi
1111 1924 1395 1991 fuerimus,
1450 1928 1605 1983 nobis
1664 1929 1718 1983 in
1771 1941 2002 1987 mentem

430 2029 771 2070 revocemus.
803 2017 902 2084 Qui
933 2018 1016 2072 vel
1054 2019 1236 2087 aliqua
1262 2020 1327 2074 de
1359 2036 1416 2074 re
1449 2022 1561 2076 veri
1594 2036 1660 2076 ex
1698 2024 1819 2080 aliis
1844 2027 2001 2095 quid-

428 2109 573 2177 piam
601 2110 923 2180 intelligunt,
957 2110 1040 2165 vel
1066 2111 1280 2179 ipsimet
1310 2110 1386 2164 rei
1418 2121 1583 2181 gestae
1605 2115 1804 2169 oculati
1832 2126 1999 2171 testes

427 2202 671 2269 fuerunt,
708 2203 743 2257 ii
784 2204 1031 2272 profecto
1069 2219 1183 2257 rem
1218 2189 1430 2275 aperire
1464 2208 1703 2270 sincere,
1755 2209 1996 2277 integri-.-

428 2311 535 2363 que
584 2299 1084 2367 possunt:quippe
1136 2301 1228 2369 qui
1283 2300 1361 2353 vel
1416 2300 1560 2370 quod
1619 2316 1811 2368 passus
1858 2305 1997 2359 alter

427 2386 613 2450 fuerit,
649 2388 734 2442 vel
768 2389 912 2457 quod
955 2389 1098 2444 idem
1155 2389 1468 2459 perfecerit,
1522 2402 1617 2446 aut
1668 2392 1839 2448 oculis
1892 2395 1992 2463 ipsi

423 2480 540 2533 suis
580 2484 927 2548 usurparint,
972 2490 1066 2536 aut
1104 2483 1359 2551 aliorum,
1396 2484 1486 2553 qui
1529 2494 1706 2540 tamen
1750 2487 1830 2541 rei
1863 2504 1992 2543 cau-

421 2585 537 2624 sam
569 2571 821 2626 dederint
853 2572 1075 2638 nullam,
1103 2574 1622 2632 commemoratione
1655 2580 1985 2649 acceperint.

418 2660 558 2715 Illud
592 2663 733 2716 enim
766 2679 896 2718 sane
920 2666 1263 2731 omittamus,
1306 2668 1420 2722 fieri
1456 2683 1633 2738 posse,
1672 2681 1728 2725 ut
1762 2671 1852 2741 qui
1882 2671 1987 2726 ali-

417 2754 548 2823 quid
592 2754 675 2811 vel
717 2757 858 2825 passi
906 2756 1109 2812 fuerint
1145 2759 1227 2812 vel
1257 2759 1513 2825 fecerint,
1563 2778 1657 2817 eos
1693 2765 1855 2818 etiam
1890 2766 1985 2835 qui

416 2869 712 2927 praesentes
742 2876 845 2915 non
878 2861 1249 2928 interfuerint,
1279 2866 1593 2922 narratione
1623 2870 1721 2933 ipsi
1765 2886 1863 2925 sua
1902 2881 1985 2927 to-

418 2952 529 3004 tius
581 2952 634 3005 in
674 2952 751 3007 rei
790 2954 1160 3023 cognitionem
1218 2958 1509 3013 adducant.
1549 2960 1606 3015 Si
1642 2962 1766 3029 quis
1814 2978 1979 3034 ergo,

412 3051 698 3112 postquam
725 3045 860 3099 certi
891 3046 1092 3115 aliquid
1128 3055 1217 3103 aut
1242 3052 1491 3106 evenisse
1517 3053 1864 3123 quihusdam,
1889 3070 1983 3114 aut

2107 1928 2418 1998 μνήσωμεν.
2469 1928 2532 1980 Οἰ
2565 1926 2927 1998 μανθάνοντες
2973 1927 3100 1999 περί
3142 1944 3301 1982 τινων
3327 1927 3520 1999 ἀληθῆ,
3556 1928 3677 1998 ἦτοι

2101 2020 2365 2073 αὐτόπται
2411 2019 2519 2073 τῶν
2560 2020 2899 2091 πραγμάτων
2944 2020 3242 2090 γενόμενοι,
3286 2020 3674 2088 ἀποφαίνονται

2099 2110 2225 2163 τάδε
2260 2110 2383 2164 τινὰ
2410 2110 2626 2178 ύγειῶς,
2661 2110 2721 2165 τὸ
2755 2111 2925 2175 πάθος
2974 2113 3068 2165 καὶ
3100 2110 3196 2183 τὴν
3239 2111 3518 2183 ἐνέργειαν
3565 2111 3674 2167 τῶν

2098 2201 2463 2265 πεπονθότων,
2522 2202 2555 2273 ἦ
2612 2202 3025 2274 ἐνεργησάντων
3073 2202 3188 2275 (2-1)
3235 2203 3579 2274 θεασάμενοι,
3635 2203 3672 2275 ἦ

2097 2291 2550 2360 ἀπαγγελλόντων
2586 2291 2695 2346 τῶν
2728 2293 2977 2364 οὐδαμῶς
3013 2293 3196 2349 αἰτίων
3228 2297 3336 2358 τοῖς
3366 2296 3667 2367 γεγενημέ-

2096 2401 2212 2447 νοις
2240 2384 2587 2449 ἀκούσαντες,
2617 2386 2741 2439 τάδε
2766 2387 2886 2440 τινά
2913 2384 3267 2456 γινώσκουσιν
3294 2386 3427 2455 (22).
3474 2386 3667 2453 ’Υπεξ-

2093 2476 2318 2549 ῃρήσθω
2365 2478 2422 2531 δὲ
2460 2477 2557 2533 νῦν
2599 2478 2695 2533 τοῦ
2735 2479 2893 2548 λόγου
2934 2479 2995 2532 τὸ
3031 2478 3287 2533 δύνασθαι
3334 2480 3460 2542 τοὺς
3489 2479 3670 2551 δεδρα-

2102 2570 2267 2634 κότας
2288 2571 2320 2643 ἦ
2344 2572 2696 2637 πεπονθότας,
2726 2572 3113 2643 διηγουμένους
3137 2572 3244 2644 (25)
3269 2572 3303 2626 ἂ
3325 2572 3666 2644 δεδράκασιν,

2089 2660 2122 2733 ἢ
2140 2662 2486 2726 πεπόνθασιν,
2501 2662 2711 2733 ἐνάγειν
2730 2664 2810 2727 εἰς
2826 2663 3022 2731 γνῶσιν
3038 2663 3145 2715 τῶν
3164 2663 3560 2735 πεπραγμένων
3574 2664 3667 2716 τὸν

2094 2750 2170 2822 μὴ
2204 2753 2634 2823 παρατετυχότα.
2682 2752 2807 2806 Ἐὰν
2844 2749 2937 2806 οὖν
2970 2755 2998 2806 ὁ
3024 2752 3404 2823 διδασκόμενος
3436 2754 3540 2807 ὑπὸ
3571 2753 3665 2807 τοῦ

2090 2842 2358 2914 μηδαμῶς
2391 2845 2566 2897 αἰτίου
2593 2843 2700 2897 τῶν
2733 2844 3051 2915 γινομένων,
3078 2845 3139 2898 τὸ
3167 2846 3287 2899 τάδε
3325 2844 3446 2898 τινὰ
3487 2844 3663 2900 τοῖσδε

2084 2933 2428 3007 γεγονέναιῆ
2476 2936 2868 3009 συμϐήσεσθαι,
2917 2936 2991 3009 μὴ
3041 2937 3289 3011 διακρίνῃ
3324 2936 3435 3006 (24)
3476 2938 3557 2991 δτι
3598 2938 3661 2992 ού

2086 3025 2305 3091 πάντως
2331 3029 2360 3081 ὁ
2390 3027 2653 3082 διδάσκων
2697 3029 2823 3101 περί
2850 3046 2994 3093 τινος
3028 3029 3102 3093 ὡς
3142 3028 3430 3099 γενομένου
3463 3029 3496 3101 ἢ
3542 3031 3662 3082 ἐσο-

412 3146 734 3190 eventurum
766 3151 911 3204 esse,
945 3141 1011 3191 ab
1039 3139 1129 3193 illo
1169 3140 1260 3210 qui
1291 3142 1407 3211 ejus
1438 3159 1601 3200 causa
1634 3163 1737 3201 non
1766 3149 1859 3216 sit,
1888 3166 1982 3205 au-

2087 3117 2269 3189 μένου,
2307 3120 2479 3184 αἴτιός
2514 3123 2627 3174 ἐστι
2655 3120 2749 3175 τοῦ
2787 3122 2847 3175 τὸ
2879 3122 3109 3192 πρᾶγμα
3142 3120 3347 3174 τοιόνδε
3371 3138 3422 3173 τι
3455 3121 3659 3191 τυγχά-

417 3227 622 3282 ditione
653 3232 948 3298 acceperit,
970 3246 1078 3284 non
1096 3233 1299 3302 cogitet
1324 3238 1464 3305 apud
1491 3254 1569 3306 se,
1598 3240 1843 3310 quisquis
1873 3258 1984 3297 rem

409 3322 704 3391 quamlibet
725 3334 817 3378 aut
836 3335 1039 3395 gestam
1059 3342 1197 3395 esse,
1220 3340 1309 3383 aut
1325 3341 1533 3400 gestum
1562 3333 1625 3387 iri
1650 3334 1858 3400 doceat,
1879 3352 1983 3391 non

409 3430 530 3467 eum
562 3417 817 3470 continuo
839 3417 1074 3485 ejusdem
1101 3422 1175 3474 rei
1195 3437 1413 3476 causam
1446 3425 1660 3480 esse:is
1695 3430 1986 3497 sane,qui-

410 3521 630 3575 cunque
672 3507 755 3562 ve!
788 3508 989 3563 factum
1017 3512 1258 3579 aliquid,
1292 3513 1375 3568 vel
1422 3514 1657 3569 futurum
1699 3533 1819 3572 esse
1860 3535 1983 3590 ape-

408 3598 535 3665 riet,
568 3598 637 3653 ab
659 3600 849 3654 eodem
876 3611 965 3655 aut
996 3602 1299 3672 profectum
1332 3605 1590 3671 illud,aut
1610 3607 1977 3675 profecturum

404 3690 749 3757 epinabitur,
781 3692 917 3748 falso
965 3703 1142 3749 tamen
1176 3696 1493 3763 opinabitur
1525 3714 1538 3749 :
1583 3699 1747 3753 veluti
1789 3701 1833 3755 si
1859 3704 1978 3771 quis

404 3796 473 3836 ex
500 3783 809 3851 prophetico
834 3784 1127 3852 volumine,
1145 3788 1287 3855 quod
1307 3785 1456 3841 Judae
1479 3788 1773 3857 proditoris
1800 3793 1977 3850 scelus

403 3875 739 3945 exitiumque
772 3879 1113 3946 praediceret,
1168 3880 1406 3933 futuram
1447 3884 1616 3938 totius
1649 3885 1724 3938 rei
1776 3886 1974 3941 seriem

405 3968 795 4032 intellexisset,
824 3970 1065 4041 adeoque
1084 3987 1204 4026 cum
1238 3975 1353 4027 suis
1386 3973 1591 4029 factum
1635 3977 1811 4047 ipsum
1843 3995 1975 4035 ocu—

401 4057 473 4112 lis
522 4059 847 4124 intueretur,
896 4062 1036 4116 idem
1070 4064 1120 4117 in
1167 4066 1415 4121 volumen
1456 4067 1718 4125 facinoris
1748 4086 1970 4128 causam

402 4165 645 4215 omnem,
682 4151 1015 4222 culpamque,
1034 4155 1308 4211 conferret
1345 4176 1360 4211 :
1400 4169 1493 4215 aut
1528 4163 1572 4217 si
1604 4163 1781 4218 minus
1813 4164 1969 4219 volu-

398 4259 547 4310 men,
578 4260 700 4300 eum
735 4257 883 4300 certe
913 4262 943 4301 a
991 4264 1099 4317 quo
1146 4253 1378 4319 primum
1427 4259 1794 4328 conscriptum
1838 4261 1967 4316 illud

399 4354 563 4412 esset,
597 4356 689 4400 aut
720 4364 847 4404 vero
884 4349 1053 4405 Deum
1087 4353 1286 4423 ipsum,
1320 4359 1476 4423 cujus
1507 4361 1739 4432 impulsu
1771 4380 1836 4420 ac
1870 4383 1967 4421 nu—

395 4439 545 4495 mine
583 4443 893 4507 prodiisset,
926 4445 1165 4516 ejusdem
1224 4450 1464 4517 perfidiae
1517 4466 1799 4513 auctorem
1845 4477 1965 4518 esse
1996 4471 2042 4526 D

398 4544 647 4598 sentiret.
678 4547 1140 4613 Quemadmodum
1170 4562 1350 4608 autem
1390 4562 1670 4629 conceptis
1692 4578 1757 4617 ac
1786 4566 1961 4621 diser-

398 4636 493 4701 tis,
518 4636 562 4691 si
595 4652 653 4689 ea
680 4638 963 4707 diligenter
987 4646 1281 4711 cxpendas,
1306 4647 1458 4702 istius
1476 4650 1539 4704 de
1565 4651 1699 4708 Juda
1731 4660 1961 4726 prophe-

397 4727 486 4780 tia:
528 4727 718 4789 verbis.
760 4730 901 4785 Deus
936 4735 1114 4790 omnis
1144 4739 1469 4805 proditionis
1498 4742 1612 4812 ejus
1638 4747 1795 4817 culpa
1825 4750 1960 4806 libe-

499 4843 543 4875 ³³
569 4843 704 4899 Gen.
736 4860 777 4911 t,
811 4848 898 4903 M.

390 4985 573 5110 £18213?
618 4989 775 5044 Ἐστι
812 4995 936 5060 τοῖς
974 4996 1178 5050 εἰδόσι.
1216 4999 1371 5067 Apud
1410 5000 1610 5056 Euseb.
1656 5005 1803 5058 deest
1850 5013 1962 5072 τοῖς

459 5127 573 5197 (ἳυ)
618 5128 762 5183 Ἐπί.
810 5131 1163 5197 Philoc.,§1t.

610 5198 1129 5284 γεργησάγτων..
1150 5205 1379 5270 Philoc.,
1409 5211 1810 5284 ἐνηργηκὸτων.

458 5266 570 5348 (2‘2)
623 5266 959 5356 resima:
1002 5266 1423 5356 γινώσκουσιν.
1459 5266 1611 5356 itali;
1666 5266 1952 5356 παρέλκειν

388 5341 728 5413 conjeelabat
762 5341 1019 5413 Vigerns,
1049 5347 1169 5399 licet
1204 5359 1420 5401 exstent
1456 5350 1508 5404 in
1541 5341 1857 5410 Philocdlia.

604 5406 1063 5495 ‘Amy‘tovﬁérovq.
1086 5414 1313 5495 Phi/om,
1335 5406 1773 5495 δεδιηγη
1789 5406 1952 5481 Ρνείιιιο

383 5485 524 5598 post,
554 5477 658 5598 ἐπὸν
691 5477 763 5552 μὴ
810 5477 1274 5556 παρατετευχότα,
1304 5477 1369 5545 νει
1412 5477 1571 5562 mihi;
1619 5477 1808 5550 attice.

421 5562 550 5598 ενοι).
583 5566 703 5598 νων.

421 5562 507 5597 svo
513 5562 703 5615 μενων.

381 5559 507 5613 γενο
513 5559 703 5615 μενων.

593 5621 1142 5702 διακρίνῃνηῐὲιιεοιι..
1182 5628 1484 5702 διακρίνων.

416 5686 566 5778 ~1‘25)
596 5686 1206 5778 ρίιίίοιοηξείρίήσεται,
1243 5686 1488 5778 etfpaulo
1509 5717 1649 5777 post,
1685 5709 1945 5778 διδάσκει,

380 5753 561 5826 δῆλον,
593 5759 673 5812 δτι
701 5753 1052 5834 ἐσφαλμένως
1084 5753 1237 5825 τοῦτο
1262 5753 1535 5844 οἰήσεταιῗ
1580 5753 1599 5762 ”
1634 5753 1637 5777 ἶ

2087 3226 2218 3273 νειν,
2246 3211 2486 3282 οἰήσεται
2513 3212 2624 3282 (‘25)
2656 3212 2746 3265 τὸν
2787 3214 3216 3283 παραστήσαντα
3248 3213 3376 3283 περί
3408 3212 3501 3265 τοῦ
3534 3212 3658 3265 τάδε

2084 3300 2205 3355 τινὰ
2239 3303 2541 3370 γεγονέναι,
2574 3303 2605 3375 ἦ
2649 3304 2772 3358 τάδε
2808 3303 2927 3357 τινὰ
2956 3302 3193 3367 ἔσεσθαι,
3226 3303 3583 3375 πεποιηκέναι
3619 3304 3651 3375 ἢ

2086 3393 2331 3463 ποιήσειν
2360 3394 2429 3445 τὰ
2472 3394 2600 3464 περί
2646 3387 2721 3447 ὧν
2754 3394 3026 3447 διδάσκει·
3063 3395 3302 3464 οἰήσεται
3331 3393 3387 3446 δὲ
3417 3394 3656 3465 δηλονότι

2083 3482 2446 3554 ὲσφαλμένως·
2464 3484 2539 3548 ὡς
2558 3486 2729 3549 εἴτις,
2756 3483 2991 3554 ἐντυχὼν
3008 3487 3312 3556 προφητικῇ
3333 3484 3498 3555 βίϐλῳ
3519 3484 3652 3555 (26),

2083 3573 2422 3647 προδηλούσῃ
2454 3574 2520 3627 τὰ
2552 3577 2680 3647 περί
2735 3575 2932 3629 Ἰούδαν
2968 3574 3059 3627 τὸν
3099 3574 3382 3645 προδότην,
3433 3576 3655 3647 νομίσαι

2084 3664 2267 3735 μαθὼν
2299 3666 2360 3719 τὸ
2403 3666 2677 3738 ἐσόμενον,
2707 3667 2849 3739 ὁρῶν
2891 3667 3021 3720 αὐτὸ
3065 3667 3513 3738 ἀποτελούμενον,
3553 3666 3653 3739 τὴν

2080 3754 2258 3824 βίϐλον
2288 3757 2465 3810 αἰτίαν
2507 3753 2646 3812 εἶναι
2679 3756 2772 3811 τοῦ
2816 3758 2925 3828 (Ξῖ)
2954 3758 3069 3811 τόδε
3100 3775 3153 3811 τι
3189 3759 3467 3827 γεγονέναι
3496 3757 3655 3812 ὔστε-

2081 3863 2190 3918 ρον,
2225 3848 2345 3901 ὲπεί
2370 3849 2476 3902 ἀπὸ
2498 3850 2596 3916 τῆς
2621 3849 2804 3920 βίϐλου
2827 3850 3111 3921 μεμάθηκε
3130 3850 3197 3904 τά
3221 3850 3324 3904 ὑπὸ
3346 3851 3438 3904 τοῦ
3481 3852 3652 3906 Ἰούδα

2075 3938 2496 4010 πραχθησόμενα
2529 3940 2769 4012 ὕστερον
2803 3941 2834 4012 ἦ
2871 3942 3029 3995 πάλιν
3066 3943 3138 4013 μὴ
3178 3943 3275 4014 τὴν
3312 3942 3488 4013 βίϐλον
3518 3945 3650 3997 ὑπο-

2073 4027 2228 4084 λάϐοι
2253 4029 2391 4086 εἶναι
2417 4032 2613 4096 αἰτίαν,
2638 4034 2771 4087 ἀλλά
2794 4034 2883 4087 τὸν
2907 4034 3120 4106 πρῶτον
3144 4034 3431 4105 γράψαντα
3453 4036 3645 4108 αὐτὴν,

2071 4119 2104 4191 ἢ
2138 4120 2227 4174 τὸν
2264 4123 2797 4195 ὲνεργήσαντα,ς,ςέρε
2825 4125 2997 4178 εἰπεῖν
3025 4123 3114 4178 τὸν
3143 4125 3295 4179 Θεόν.
3339 4126 3549 4199 Ὥσπερ
3587 4127 3645 4179 δὲ

2069 4214 2165 4266 ἐπὶ
2203 4214 2311 4267 τῶν
2353 4215 2481 4287 περὶ
2520 4216 2614 4269 τοῦ
2657 4216 2823 4270 Ἰούδα
2862 4217 3351 4288 προφητεύομένων
3379 4219 3542 4272 αὐταὶ
3585 4220 3644 4271 αἰ

2068 4306 2238 4371 λέξεις
2270 4305 2653 4378 ἐξεταζόμεναι
2687 4308 3006 4379 ἐμφαίνουσι
3034 4308 3124 4361 τὸν
3155 4308 3285 4362 Θεὸν
3320 4309 3544 4380 ποιητὴν
3567 4309 3641 4382 μὴ

2066 4400 2344 4467 γεγονέναι
2376 4400 2473 4470 τῆς
2512 4400 2605 4453 τοῦ
2656 4401 2825 4454 Ἰούδα
2857 4400 3163 4472 προδοσίας,
3198 4400 3333 4454 ἀλλά
3369 4401 3528 4472 μόνον
3552 4402 3640 4455 δε-

2067 4490 2364 4562 δηλωκέναι
2404 4495 2785 4565 προεγνωκότα
2826 4493 2896 4547 τὰ
2938 4494 3045 4546 ἀπὸ
3077 4495 3176 4564 τῆς
3209 4494 3397 4547 τούτου
3439 4496 3642 4560 κακίας

2066 4581 2489 4653 πραχθησόμενα
2518 4582 2668 4655 παρὰ
2704 4582 2802 4654 τὴν
2844 4583 3005 4636 αὐτοῦ
3032 4584 3208 4637 αἰτίαν
3232 4583 3363 4655 (‘28)'
3392 4584 3563 4649 οὕτως
3589 4585 3643 4638 εἰ

2063 4689 2148 4734 τις
2174 4673 2472 4742 ἐμϐαθύναι
2511 4674 2589 4745 τῷ
2622 4674 2765 4744 λόγῳ
2789 4674 2882 4727 τοῦ
2916 4675 3219 4746 προειδέναι
3250 4676 3318 4731 τά
3350 4677 3524 4731 πάντα
3547 4677 3638 4730 τὸν

2066 4762 2217 4828 Θεὸν,
2248 4767 2474 4828 καὶτοῖς
2509 4768 2567 4819 ὲν
2600 4760 2682 4830 οἷς
2711 4764 2820 4820 οἷον
2843 4766 2953 4837 (29)
2985 4767 3287 4822 ἐνετύπωσε
3319 4769 3415 4840 τῆς
3440 4768 3636 4823 ἑαυτοῦ

2138 5014 2254 5079 (26)
2292 5014 2632 5091 ηρωξῃῖικῇ
2664 5016 2876 5091 ’ξ’λῳ.
2909 5016 3001 5071 Vel
3038 5017 3297 5084 psalmum
3322 5030 3493 5091 naut
3520 5038 3628 5091 Liv,

2066 5084 2702 5162 autCvttt‘iutelligittqui
2734 5086 2881 5162 Julia;
2906 5091 3194 5162 perfidiam
3223 5084 3627 5162 vatieittautur;

2065 5154 2146 5206 vel
2184 5154 2323 5223 quod
2356 5155 2701 5227 verisimilius
2732 5168 2832 5216 est.
2869 5157 2918 5210 id
2966 5159 3042 5211 ait
3070 5174 3136 5211 ex
3186 5161 3493 5227 hypothesi,
3528 5154 3633 5219 fin;

2062 5238 2193 5291 gens
2221 5224 2591 5295 propheticum
2643 5227 2876 5295 aliquem
2928 5227 3119 5280 librum
3160 5224 3311 5283 Ju'tlaa
3354 5232 3628 5295 proditio-

2063 5310 2181 5366 nem
2212 5294 2546 5361 complexum
2573 5294 2867 5362 exstitisse,
2904 5298 2995 5366 qui
3032 5296 3265 5353 fortasse
3294 5294 3474 5354 nullus
3504 5305 3627 5360 fuit.

2056 5362 2422 5503 Ιιηὲζὲυεῶοῦ.
2477 5434 2635 5489 θυαε,
2688 5436 2826 5503 apud
2885 5436 3200 5490 Eusebium.
3259 5438 3424 5492 Paulo
3484 5441 3626 5499 infra

2056 5502 2372 5567 l’ltilocalia,
2403 5505 2687 5576 μεμάθηκε
2724 5502 2789 5557 τὸ
2832 5506 2935 5561 ὑπὸ
2972 5506 3065 5560 τοῦ
3109 5507 3277 5562 Ἰούδα
3311 5510 3628 5585 πραχθησό-

2056 5589 2234 5713 μεῖἕξδ
2282 5644 2508 5716 Αἰτίων.
2545 5643 2619 5716 ita
2650 5644 2891 5714 plerique
2920 5646 3064 5703 Phil.
3100 5651 3244 5716 cod.,
3273 5653 3510 5708 nonnulli
3543 5661 3627 5709 ta-

2055 5729 2175 5768 men
2208 5715 2406 5767 habent
2438 5715 2652 5768 κακίαν.

2124 5782 2236 5858 (‘29)
2272 5779 2427 5839 Οἶον.
2467 5786 2625 5842 Deest
2659 5787 2710 5843 iu
2744 5784 3056 5843 Pliilocalia.
