4000 6146
222 343 283 399 57
952 303 963 317 ’
1671 336 1744 392 IN
1777 337 1804 395 ε

1909 336 2103 394 [Εειιι.
3410 329 3483 388 58

215 456 554 535 προγνώσεως
581 457 719 521 τοὺς
753 456 972 527 λόγους,
1015 458 1347 530 κατανοῆσαι
1377 457 1463 523 ἂν,
1497 457 1578 512 ὅτι
1604 457 1730 513 οὒτε
1768 462 1797 515 6

1909 472 2089 529 ratur;
2125 459 2288 530 idque
2316 472 2483 513 unum
2518 472 2587 513 ex
2639 456 2749 512 illis
2798 454 2991 511 inferri
3038 459 3253 524 potest,
3309 450 3480 506 Deum

214 554 459 627 προγνοὺς
501 552 734 617 πάντως
766 554 944 618 αἴτιος
984 552 1093 606 τῶν
1137 553 1625 627 προεγνωσμένων,
1670 553 1793 608 οὔτε

212 642 271 698 τὰ
299 643 415 705 τοῦς
441 640 652 705 τύπους
682 643 803 696 τῶν
844 643 1015 713 λόγων
1043 643 1154 715 (50)
1186 644 1285 715 τῆς
1312 643 1672 715 προγνώσεως
1702 646 1795 698 τοῦ

210 733 603 806 προεγνωκότος
653 733 954 806 δεξάμενα.
991 736 1112 789 ’Ότι
1163 736 1259 807 μὲν
1294 732 1386 789 οὖν
1420 736 1648 793 ἕκαστον
1688 734 1797 789 τῶν

210 824 464 896 ἐσομένων
506 824 617 895 πρὸ
653 824 863 878 πολλοῦ
904 822 1042 878 οἶδεν
1072 826 1100 877 6
1137 824 1271 889 Θεὸς
1307 826 1672 898 γενησόμενον
1704 825 1799 879 καὶ

208 918 359 988 χωρὶς
389 916 488 986 μὲν
516 915 760 988 Γραφῆς
795 917 1020 970 αὐτόθεν
1059 919 1127 970 ἐκ
1156 917 1258 986 τῆς
1301 918 1509 981 ἐννοίας
1538 918 1637 989 τῆς
1672 918 1801 990 περὶ

206 1007 348 1071 Θεοῦ,
379 1006 538 1077 δῆλον
560 1006 645 1077 τῷ
682 1008 931 1061 συνιέντι
965 1008 1180 1080 ἀξίωμα
1207 1009 1489 1080 δυνάμεως
1512 1008 1606 1062 νοῦ
1640 1007 1801 1063 Θεοῦ.

1901 556 2045 626 quod
2085 553 2228 607 nulla
2259 552 2340 607 sui
2373 551 2612 605 numinis
2639 549 3046 613 communione,
3090 545 3209 600 sola
3240 544 3480 598 hominis

1902 645 2252 715 improbitate
2296 642 2538 697 futurum
2574 641 2753 696 scelus
2780 650 2908 694 ante
2944 644 3296 708 cognoverat,
3336 649 3483 704 prae-

1903 737 2185 792 nuntiasse
2214 754 2229 790 :
2256 736 2325 789 ita
2345 734 2590 802 profecto
2609 734 2857 805 quisquis
2881 739 2936 788 et
2948 745 3067 785 eam
3088 730 3138 782 in
3159 724 3486 796 disputatio-

1906 843 2051 889 nem,
2084 843 2188 895 qua
2225 826 2335 881 Deo
2371 841 2556 880 rerum
2585 825 2829 879 omnium
2873 832 3191 892 antegressa
3238 817 3484 888 cognitio

1909 919 2195 983 tribuitur,
2232 928 2287 972 et
2322 919 2376 972 in
2416 930 2501 985 ea,
2553 916 2751 986 quibus
2784 932 2898 970 sure
2944 910 3277 982 cognitionis
3326 910 3485 979 signa

1909 1011 2157 1080 quaedam
2185 1019 2242 1065 et
2273 1010 2477 1065 formas
2503 1008 2866 1079 impresserit,
2901 1006 3086 1060 subire
3118 1003 3281 1057 altius
3307 1013 3485 1068 acpe-

208 1115 408 1154 netrare
437 1101 716 1166 voluerit,
773 1103 1037 1174 intelliget
1063 1105 1180 1173 ipse
1210 1105 1494 1171 continuo,
1553 1121 1658 1160 non
1710 1105 1782 1159 illi
1822 1105 2010 1174 utique
2042 1106 2133 1175 qui
2188 1106 2542 1177 przenoverit,
2596 1113 2691 1158 aut
2733 1104 2800 1158 iis
2825 1103 2959 1174 ipsis
2984 1102 3173 1163 rebus,
3198 1112 3319 1167 qua:
3351 1109 3490 1163 pm-

207 1194 428 1248 notionis
473 1195 600 1264 ejus
650 1196 875 1250 formas
901 1197 1160 1266 quasdam
1210 1208 1479 1267 notasque
1506 1198 1872 1266 susceperint,
1911 1212 2103 1252 eorum
2135 1213 2254 1267 quae
2287 1196 2634 1267 praanoverit,
2680 1210 2900 1250 causam
2954 1207 3075 1247 esse
3111 1185 3477 1244 tribuendam.

206 1285 310 1340 Jan)
338 1300 470 1340 vero
500 1286 786 1355 quidquid
819 1287 1116 1357 aliquando
1139 1288 1382 1342 futurum
1412 1295 1515 1355 est,
1549 1287 1600 1341 id
1632 1302 1792 1343 omne
1826 1289 1996 1343 Deum
2042 1290 2212 1345 multo
2243 1299 2368 1344 ante
2390 1290 2441 1359 7
2486 1289 2730 1343 futurum
2776 1299 3074 1358 praenosse,
3105 1293 3164 1336 ut
3188 1282 3485 1349 Scriptum

207 1382 407 1435 abesset
436 1381 790 1447 auctoritas,
838 1383 925 1437 vel
973 1385 1205 1453 ipsamet
1240 1397 1305 1438 ex
1347 1384 1439 1438 Dei
1492 1383 1715 1438 notione
1772 1384 1820 1439 is
1875 1385 2121 1455 profecto
2160 1386 2375 1441 demum
2422 1385 2714 1456 intelligat,
2770 1383 2863 1454 qui
2904 1383 3073 1455 probe
3106 1381 3213 1435 vim
3246 1378 3395 1433 illam
3433 1384 3492 1432 et

208 1475 569 1530 excellentiam
606 1477 822 1532 divinae
854 1479 1054 1533 mentis
1090 1479 1371 1549 intelligit.

267 1570 330 1623 Εἰ
380 1565 437 1621 δὲ
486 1568 571 1621 δεῖ
622 1571 728 1624 καὶ
758 1571 868 1624 ἀπὸ
916 1572 1022 1624 τῶν
1066 1571 1296 1641 Γραφῶν
1335 1570 1493 1625 τοῦτο
1524 1572 1804 1645 παραστῆ-

1977 1566 2031 1622 4.
2070 1565 2125 1620 Si
2175 1576 2357 1621 tamen
2407 1581 2694 1622 sacrarum
2742 1580 2960 1634 quoque
2988 1564 3293 1620 litterarum
3329 1567 3487 1623 testi-

210 1679 312 1725 σαι,
337 1661 563 1734 πλήρεις
589 1667 699 1734 μέν
732 1666 873 1717 εἰσιν
902 1665 958 1718 αἱ
988 1666 1315 1735 προφητεῖαι
1340 1664 1595 1720 τοιούτων
1630 1678 1802 1734 παρα-

208 1757 533 1827 δειγμάτωνο
572 1759 678 1811 καὶ
714 1759 787 1812 τὰ
819 1760 963 1814 κατὰ
1001 1759 1114 1832 (51)
1155 1759 1253 1832 τὴν
1301 1759 1591 1815 Σωσάνναν
1617 1759 1675 1812 δὲ
1705 1759 1801 1815 τοῦ

210 1848 335 1902 Θεοῦ
368 1847 746 1917 γινώσκοντος
779 1851 849 1904 τὰ
893 1852 1089 1916 πάντα,
1129 1850 1260 1923 πρὶν
1293 1849 1561 1920 γενέσεως
1600 1850 1800 1916 αὐτῶν,

210 1940 339 1993 οὕτω
367 1940 637 2009 λέγουσαν
665 1959 680 1971 ο
728 1961 748 1993 ‹
796 1943 852 1996 ’0
877 1942 1007 2005 Θεὸς
1031 1944 1059 1995 6
1086 1941 1324 2006 αἰώνιος,
1357 1943 1386 1995 6
1407 1940 1515 1995 τῶν
1544 1940 1804 2014 κρυπτῶν

214 2034 458 2105 γνώστης,
485 2036 516 2088 6
543 2035 712 2099 είδὼς
735 2035 806 2090 τὰ
834 2035 1009 2089 πάντα
1035 2036 1166 2107 πρὶν
1199 2034 1473 2103 γενέσεως
1506 2033 1708 2101 αὐτῶν,
1739 2034 1805 2089 σὺ

212 2127 512 2189 ἐπίστασαι,
552 2128 642 2179 ὅτι
690 2125 869 2197 ψευδῆ
901 2145 1003 2197 μου
1046 2125 1542 2197 κατεμαρτύρησαν
1574 2117 1744 2178 οὗτοι.
1780 2142 1799 2175 ι

216 2218 519 2286 Σαφέστατα
562 2217 624 2270 δὲ
662 2220 723 2271 ὲν
760 2220 826 2288 τῇ
854 2217 1015 2291 τρίτῃ
1044 2217 1155 2270 τῶν
1184 2217 1477 2271 Βασιλειῶν
1503 2218 1597 2270 καὶ⁹
1632 2215 1807 2286 ὅνομα

216 2307 609 2376 βασιλεύσοντος
638 2309 760 2380 (52)
790 2347 803 2372 ,
845 2310 941 2363 καὶ
974 2308 1202 2378 πράξεις
1247 2309 1666 2380 ἀνεγράφησαν,
1700 2307 1808 2378 πρὸ

218 2399 450 2452 πλειόνων
480 2397 622 2452 ἑτῶν
652 2398 753 2453 ’τοῦ
790 2400 1043 2469 γενέσθαι
1072 2399 1549 2470 προφητευόμενα,
1590 2399 1764 2460 οὕτως
1790 2414 1804 2427 ·

220 2510 237 2541 ι
272 2492 367 2545 Kal
408 2493 682 2564 εποίησεν
727 2475 1011 2565 Ἱεροϐοὰῇ
1055 2494 1248 2564 ἑορτὴν
1296 2494 1353 2545 ὲν
1410 2490 1489 2561 τῷ
1553 2490 1680 2561 μηνὶ
1728 2487 1805 2559 τῷ

218 2582 387 2653 ὀγδόῳ,
428 2589 483 2636 εν
522 2587 594 2655 τῇ
632 2584 876 2657 πέμπτῃ
917 2576 1237 2655 καιδεκάτῃ
1275 2567 1460 2655 ἡμέρᾳ
1483 2580 1575 2633 τοῦ
1614 2578 1803 2650 μηνὸς,

218 2673 342 2726 κατὰ
366 2674 459 2744 τὴν
488 2675 700 2746 ἑορτὴν
731 2674 829 2746 τὴν
865 2676 923 2728 ὲν
957 2677 1025 2747 γῇ
1064 2674 1254 2728 Ἰούδα.
1291 2674 1401 2728 Kal
1435 2672 1599 2744 ἀνέὸη
1626 2670 1719 2724 ἐπὶ
1748 2668 1809 2721 τὸ

222 2765 590 2836 θυσιαστήριον
638 2769 705 2819 ἐν
743 2764 984 2837 Βαιθὴλ,
1023 2766 1052 2819 6
1085 2766 1308 2837 ἐποίησε
1349 2765 1443 2819 τοῦ
1485 2764 1636 2819 θύειν
1688 2764 1810 2825 ταῖς

220 2856 519 2927 δαμάλεσιν,
550 2853 647 2922 αἷς
682 2858 940 2928 εποίησεν
969 2857 1101 2927 (55).
1135 2876 1154 2908 ι
1179 2853 1313 2910 Εἶτα
1333 2857 1449 2927 μετ’
1464 2854 1670 2924 ὀλίγως
1699 2852 1809 2904 Kal

1905 1657 2107 1711 moniis
2135 1672 2252 1710 eam
2287 1657 2339 1711 in
2371 1673 2484 1711 rem
2518 1672 2652 1725 opus
2685 1665 2800 1724 est,
2850 1656 3021 1725 plenae
3052 1665 3180 1711 sunt
3205 1658 3488 1729 exemplo-

1904 1765 2024 1803 rum
2080 1750 2130 1805 id
2182 1766 2352 1819 genus
2404 1751 2793 1819 prophetarum
2832 1764 3037 1804 voces:
3086 1750 3309 1819 ipsaque
3349 1754 3486 1809 adeo

1907 1842 2155 1897 Susanna
2183 1857 2366 1895 rerum
2399 1843 2447 1896 ei
2484 1842 2856 1913 cognitionem
2889 1841 3135 1901 omnium
3182 1842 3270 1896 his
3305 1842 3488 1899 verbis

1905 1934 2141 1988 asseruit
2175 1951 2189 1987 :
2232 1952 2250 1984 ‹
2284 1933 2425 1987 Deus
2452 1944 2679 1997 aeterne,
2705 1933 2798 2002 qui
2828 1933 3268 1988 absconditorum
3299 1950 3358 1990 es
3396 1951 3492 1991 co-

1906 2022 2118 2091 gnitor;
2164 2021 2254 2089 qui
2305 2020 2446 2075 nosti
2484 2022 2665 2075 omnia
2716 2031 3011 2089 antequam
3061 2022 3233 2077 fiant:
3277 2034 3335 2079 tu
3381 2026 3490 2082 scis

1906 2113 2162 2181 quoniam
2195 2110 2388 2167 falsum
2415 2112 2783 2167 testimonium
2805 2114 3044 2169 tulerunt
3067 2127 3257 2169 contra
3283 2114 3480 2171 me“.i

1906 2206 1985 2258 Ac
2011 2204 2217 2275 Regum
2258 2207 2441 2271 tertio,
2473 2205 2616 2276 regis
2648 2205 2819 2274 ipsius
2856 2222 3077 2272 nomen,
3108 2223 3305 2278 resque
3327 2209 3392 2264 ab
3422 2225 3486 2265 eo

1908 2307 2112 2364 gestas,
2155 2295 2343 2351 multis
2374 2307 2501 2350 ante
2530 2296 2710 2361 annis,
2747 2312 2912 2366 quam
2945 2299 3117 2353 lucem
3153 2301 3486 2369 aspicerent,

1910 2388 2054 2442 hunc
2085 2389 2135 2441 in
2157 2391 2376 2442 modum
2402 2389 2713 2444 clarissime
2747 2400 2899 2444 vates
2930 2392 3143 2446 divinus
3170 2392 3441 2462 expressit
3470 2410 3486 2449 :

1915 2498 1934 2531 ι
1970 2479 2375 2550 Constituitque
2423 2481 2712 2538 Jeroboam
2749 2484 3157 2538 solemnitatem
3209 2486 3260 2538 in
3303 2501 3490 2541 mense

1910 2584 2123 2638 octavo,
2157 2574 2562 2642 quintadecima
2605 2575 2692 2630 die
2725 2577 2947 2644 mensis,
2986 2578 3039 2629 in
3073 2577 3487 2634 similitudinem

1913 2665 2303 2731 solemnitatis,
2330 2683 2447 2737 quae
2473 2666 2845 2722 celebrabatur
2872 2667 2925 2720 in
2949 2663 3106 2720 Juda.
3140 2666 3204 2720 Et
3240 2670 3492 2722 ascendit

1913 2760 1980 2812 ad
2013 2758 2189 2812 altare
2221 2759 2363 2827 quod
2398 2757 2528 2813 fecit
2565 2759 2617 2811 in
2646 2757 2859 2823 Bethel,
2898 2768 2958 2811 ut
2988 2760 3298 2814 immolaret
3343 2761 3487 2813 vitu-

1911 2850 2001 2918 lis,
2037 2865 2174 2919 quos
2206 2850 2505 2904 fabricatus
2535 2849 2714 2904 fuerat
2748 2848 2813 2903 “.
2850 2868 2868 2901 ι
2905 2849 2969 2904 Et
3001 2854 3161 2919 paulo
3187 2860 3303 2920 post
3330 2866 3343 2902 :
3372 2869 3390 2902 ι
3425 2851 3489 2905 Et

227 2950 323 3004 ἰδοῦ
351 2950 643 3023 ἄνθρωπος
670 2951 764 3005 τοῦ
790 2950 924 3004 Θεοῦ
949 2950 1010 3015 ἐξ
1039 2949 1207 3004 Ἰούδα
1230 2948 1560 3020 παρεγένετο
1583 2948 1641 2999 ὲν
1664 2945 1804 3017 λόγῳ

1914 2958 2043 2996 ecce
2072 2943 2154 2995 vir
2184 2942 2277 2996 Dei
2316 2942 2463 2996 venit
2497 2941 2563 2996 de
2590 2939 2749 3009 Juda,
2786 2942 2839 2996 in
2883 2957 3136 2996 sermone
3168 2943 3402 3009 Domini,
3434 2943 3487 2998 in

225 3042 410 3113 Κυρίου
428 3044 486 3096 ὲν
513 3042 749 3115 Βαιθὴλ,
782 3043 877 3095 καὶ
915 3040 1195 3113 Ἰεροὸοὰμ
1223 3040 1466 3111 εἱστήκει
1494 3039 1588 3092 ἐπὶ
1618 3037 1679 3091 τὸ
1712 3036 1806 3090 θυ-

229 3134 518 3204 σιαστήριον
552 3131 656 3186 τοῦ
684 3131 959 3186 ὲπιθῦσαι.
988 3130 1100 3184 Kal
1138 3128 1469 3183 ἐπεκάλεσεν
1493 3127 1588 3180 ἐπὶ
1619 3125 1679 3179 τὸ
1715 3125 1807 3178 θυ-

228 3226 527 3296 σιαστήριον
560 3227 621 3279 ὲν
656 3225 801 3295 λόγῳ
828 3223 1058 3296 Κυρίου,
1094 3223 1191 3275 καὶ
1217 3216 1358 3273 εἷπε·
1384 3218 1802 3289 Θυσιαστήριον,

228 3313 339 3367 τάδε
360 3314 507 3383 λέγει
526 3317 734 3388 Κύριος
753 3333 765 3344 ·
805 3315 938 3368 Ἰδοὺ
961 3314 1077 3377 υίὸς
1096 3312 1337 3366 τίκτεται
1361 3308 1440 3381 τῷ
1463 3308 1598 3381 οἴκῳ
1618 3306 1803 3374 Δαυῒδ,

239 3407 435 3471 Ἰωσίας
478 3407 655 3479 δνομα
681 3405 830 3477 αὐτῷ
853 3446 869 3471 ,
903 3406 995 3459 καὶ
1043 3405 1194 3458 θύσει
1233 3404 1325 3456 ἐπὶ
1371 3403 1430 3455 σὲ
1465 3402 1590 3465 τοὺς
1639 3403 1806 3473 ἱερεῖς

230 3497 327 3549 τῶν
354 3498 568 3569 ὑψηλῶν
593 3498 705 3551 τῶν
732 3497 1063 3550 ὲττιθυὸντων
1096 3497 1188 3549 ἐπὶ
1219 3496 1299 3559 σὲ,
1318 3495 1412 3547 καὶ
1444 3494 1578 3547 ὀστᾶ
1605 3492 1807 3565 ἀνθρώ-

232 3607 339 3644 πων
370 3593 560 3645 καύσει
597 3594 693 3645 ἐπὶ
720 3592 801 3645 σέ.
841 3591 949 3643 Καὶ
979 3589 1179 3643 ἔδωκεν
1221 3591 1279 3642 ὲν
1312 3590 1379 3658 τῇ
1411 3586 1594 3659 ἡμέρᾳ
1619 3586 1804 3660 ἐκείνῃ

233 3683 399 3755 τέρας,
431 3686 458 3738 6
501 3685 736 3756 ἐλάλησε
771 3682 974 3756 Κύριος
1006 3681 1210 3748 λέγων·
1262 3679 1392 3733 Ἰδοὺ
1425 3678 1487 3732 τὸ
1524 3678 1810 3752 θυσιαστή-

238 3792 338 3846 ριον
370 3779 659 3850 ῥήγνυται,
695 3777 790 3831 καὶ
819 3774 1179 3847 ἐκχυθήσεται
1206 3776 1241 3845 ἡ
1284 3772 1477 3844 πιότης
1521 3775 1555 3845 ή
1597 3773 1683 3826 ἐπ’
1711 3773 1809 3826 αύ-

350 3887 368 3919 ι
404 3871 510 3924 Καὶ
546 3872 664 3941 μετ’
689 3869 846 3936 ὀλίγα
869 3866 1141 3937 δηλοῦται,
1170 3868 1253 3919 δτι
1289 3863 1386 3918 καὶ
1423 3863 1486 3917 τὸ
1514 3863 1808 3935 θυσιαστή-

240 3973 342 4027 ριον
361 3951 587 4031 ἐρράγη,
607 3959 703 4012 καὶ
729 3956 959 4028 ἐξεχύθη
988 3959 1022 4029 ή
1044 3955 1238 4025 πιότης
1264 3954 1372 4008 ἀπὸ
1399 3953 1491 4008 τοῦ
1522 3953 1809 4024 θυσιαστη-

243 4048 345 4120 ρίου
391 4054 525 4107 κατὰ
577 4051 638 4105 τὸ
668 4050 831 4121 τέρας
861 4049 889 4103 6
921 4048 1120 4102 ἔδωκεν
1162 4049 1190 4100 6
1235 4045 1524 4119 ἅνθρωπος
1566 4047 1625 4099 ὲν
1664 4045 1807 4116 λόγῳ

242 4141 444 4212 Κυρίου.
476 4144 587 4197 Kal
612 4145 670 4196 ἐν
700 4142 780 4214 τῷ
817 4140 1017 4212 Ἡσαΐᾳ
1049 4138 1325 4209 γενομένῳ
1359 4138 1463 4209 πρὸ
1491 4136 1684 4191 πολλοῦ
1710 4137 1808 4209 τῆς

240 4235 594 4305 αἰχμαλωσίας
627 4238 725 4307 τῆς
773 4237 854 4299 είς
887 4233 1214 4296 Βαϐυλῶνα,
1253 4231 1373 4304 μεθ’
1416 4232 1483 4302 ἥν
1526 4230 1808 4302 αἰχμαλω-

244 4325 348 4379 σίαν
367 4326 588 4400 ὕστερόν
614 4346 743 4382 ποτε
778 4328 986 4396 γίνεται
1014 4325 1194 4397 Κῦρος
1226 4327 1254 4378 6
1275 4324 1498 4396 Περσῶν
1530 4322 1804 4394 βασιλεὺς,

246 4421 563 4490 συνεργήσας
607 4421 670 4490 τῇ
729 4417 985 4488 οἰκοδομῇ
1040 4415 1135 4468 τοῦ
1179 4414 1305 4468 ναοῦ
1329 4454 1344 4478 ,
1393 4413 1658 4486 γενομένῃ
1694 4411 1804 4486 (54)

246 4509 365 4562 κατὰ
394 4512 519 4574 τοὺς
552 4510 771 4581 χρόνους
806 4509 1045 4580 Ἔσδρα,
1086 4508 1260 4561 ταῦτα
1306 4508 1434 4578 περὶ
1473 4506 1659 4577 Κύρου
1693 4506 1807 4558 ὀνο-

248 4602 389 4665 pasti.
431 4602 863 4675 προφητεύεται·
922 4619 940 4651 ι
983 4600 1141 4653 Οῦτω
1182 4598 1328 4668 λέγει
1374 4597 1578 4670 Κύριος
1616 4599 1644 4651 ὁ
1675 4597 1807 4660 Θεὸς

246 4681 311 4760 τῷ
345 4694 544 4765 χριστῷ
589 4712 688 4766 μου
723 4693 925 4765 Κύρῳ,
960 4688 1019 4747 οῦ
1052 4691 1334 4763 ἐκράτησα
1364 4691 1462 4760 τῆς
1495 4689 1675 4755 δεξιᾶς
1709 4689 1806 4741 αύ-

245 4770 637 4840 τοῦὲπακοῦσαι
670 4783 979 4855 ἔμπροσθεν
1013 4782 1176 4836 αὐτοῦ
1209 4781 1360 4853 ἔθνη,
1405 4781 1499 4833 καὶ
1528 4779 1680 4849 ἰσχὺν
1709 4778 1806 4847 βα-

251 4876 409 4933 σιλέων
453 4878 767 4951 διαρρήξω·
814 4875 1009 4939 ἀνοίξω
1044 4873 1355 4946 ἔμπροσθεν
1397 4871 1562 4928 αὑτοῦ
1611 4871 1802 4943 θύρας,

249 4968 326 5020 καὶ
365 4971 523 5025 πύλαι
557 4971 670 5040 (551
719 4970 779 5022 ού
814 4966 1363 5038 συγκλεισθήσονται·
1413 4963 1555 5033 Ἐγὼ
1594 4963 1804 5035 ἔμπρο-

252 5058 354 5113 σθέν
379 5080 470 5116 σου
498 5063 856 5134 πορεύσομαι,
886 5061 979 5113 καὶ
1008 5059 1105 5130 ὅρη
1130 5057 1339 5129 ὁμαλιῶ
1362 5075 1377 5088 ·
1406 5058 1574 5130 θύρας
1593 5055 1800 5126 χαλκᾶς

252 5156 493 5226 συντρίψω
518 5196 532 5220 ,
586 5155 682 5208 καὶ
745 5152 973 5225 μοχλοὺς
1034 5149 1285 5223 σιδηροῦς
1340 5149 1637 5202 συνθλάσω.
1687 5148 1799 5201 Καὶ

251 5242 374 5300 δώσω
396 5266 477 5302 σοι
506 5247 813 5318 θησαυροὺς
845 5245 1149 5310 σκοτεινοῦς
1168 5284 1183 5309 ,
1217 5243 1591 5316 ἀποκρύφους,
1629 5241 1798 5313 ἀορά-

307 5362 344 5394 ⁶⁰
377 5366 508 5419 Dan.
543 5382 664 5431 xui,
700 5365 790 5419 ιε.
868 5364 912 5395 δι
939 5364 1008 5419 111
1039 5364 1173 5435 Ileg.
1226 5379 1329 5430 xu,
1359 5364 1428 5417 32
1460 5372 1516 5416 et
1555 5376 1670 5430 seq.

254 5527 409 5597 aliqui,
437 5527 645 5585 τύπων.

310 5604 405 5661 (3|)
442 5604 517 5657 Τὰ
548 5601 725 5657 κατά.
757 5600 841 5654 Τά
872 5602 1024 5656 deest
1054 5601 1194 5666 apud
1216 5599 1416 5653 Euseb.

312 5672 406 5743 (52)
436 5674 638 5743 Phi/oc,
690 5674 979 5743 impressa,
1028 5671 1124 5723 καὶ
1166 5669 1336 5743 δνομα
1391 5666 1675 5739 βασιλειῶν
1704 5667 1797 5743 καὶ

252 5734 399 5813 ᾇνόμα
419 5734 853 5813 βασιλεύσαντος.
878 5742 1098 5813 Aliquot
1125 5734 1339 5813 codices
1371 5734 1503 5795 mss.
1525 5749 1669 5794 recte
1703 5740 1797 5792 ha-

257 5807 353 5883 Ιιριιι
381 5807 787 5883 βασιλεύσοντος
815 5828 910 5883 pro
948 5807 1381 5883 βασιλεύσαντος.

308 5879 399 5957 (33)
421 5883 657 5953 Philam,
688 5883 755 5948 ἃς
788 5879 1064 5954 ἐποίησεν,
1096 5889 1151 5940 ct
1192 5880 1353 5951 infra,
1393 5881 1486 5935 καὶ
1532 5879 1790 5935 ἐκάλεσεν

1908 3034 2126 3101 Bethel,
2181 3034 2471 3091 Jeroboam
2523 3044 2702 3090 stante
2746 3050 2912 3103 super
2940 3034 3110 3089 altare
3130 3077 3143 3100 ,
3173 3045 3227 3090 et
3257 3036 3380 3090 thus
3405 3036 3490 3101 ja-

1909 3128 2104 3182 cicnte.
2142 3127 2206 3182 Et
2226 3128 2553 3182 exclamavit
2582 3136 2770 3182 contra
2804 3128 2976 3181 altare
3015 3128 3069 3181 in
3100 3141 3349 3181 sermone
3384 3128 3489 3182 Do-

1909 3224 2063 3286 mini,
2100 3231 2155 3277 et
2185 3223 2294 3277 ait:
2320 3224 2528 3287 Altare,
2566 3224 2681 3278 haec
2721 3221 2849 3277 dicit
2872 3221 3322 3278 DominuszEece
3349 3223 3490 3279 filius

1909 3325 2168 3371 nascetur
2202 3316 2385 3371 domui
2418 3315 2611 3381 David,
2650 3313 2830 3370 Josias
2866 3317 3111 3381 nomine,
3149 3324 3202 3369 et
3242 3315 3491 3369 immola-

1908 3409 1988 3463 bit
2017 3424 2184 3479 super
2214 3418 2264 3463 te
2296 3411 2612 3464 sacerdotes
2638 3409 3007 3476 excelsorum,
3032 3410 3121 3479 qui
3166 3425 3307 3464 nunc
3344 3410 3395 3462 in
3438 3418 3491 3463 te

1910 3501 2066 3554 thura
2097 3502 2456 3565 succendunt,
2487 3510 2540 3557 et
2562 3516 2687 3555 ossa
2722 3502 3003 3557 hominum
3034 3517 3195 3572 super
3229 3511 3279 3556 te
3304 3501 3490 3555 incen-

1909 3592 2018 3647 det.
2051 3594 2318 3662 Deditque
2351 3595 2403 3648 in
2451 3594 2539 3648 illa
2582 3595 2670 3648 die
2705 3596 2942 3665 signum,
2984 3596 3123 3664 quod
3161 3596 3375 3650 locutus
3404 3604 3491 3650 est

1909 3685 2201 3749 Dominus,
2245 3686 2434 3740 dicens
2468 3704 2482 3741 :
2516 3685 2657 3740 Ecce
2686 3686 2859 3740 altare
2893 3688 3204 3750 sciudetur,
3235 3696 3287 3741 ct
3317 3685 3493 3741 cﬂ'un-

1908 3778 2067 3832 dctur
2096 3777 2260 3847 adeps
2285 3778 2378 3847 qui
2415 3778 2465 3832 in
2496 3794 2561 3834 eo
2588 3786 2670 3833 est
2689 3779 2757 3833 ".
2791 3799 2810 3830 ι
2847 3778 2926 3833 Ac
2957 3779 3145 3848 paucis
3171 3778 3487 3849 interiectis,

1908 3868 2079 3923 altare
2105 3870 2412 3938 disruptum
2447 3910 2464 3936 ,
2512 3869 2857 3940 elfusumque
2886 3870 3098 3939 adipem
3129 3885 3247 3925 esse
3297 3887 3488 3925 narra-

1906 3968 2016 4024 tur,
2048 3960 2189 4029 quod
2212 3960 2425 4030 signum
2453 3962 2510 4015 in
2554 3977 2807 4017 sermone
2842 3960 3054 4016 Domini
3092 3962 3359 4030 propheta
3395 3962 3491 4017 de-

1909 4054 2083 4107 derat.
2116 4053 2383 4109 Similiter
2408 4056 2546 4125 apud
2581 4056 2797 4124 Isaiam,
2841 4056 2934 4126 qui
2965 4056 3154 4110 multis
3172 4067 3295 4109 ante
3318 4056 3491 4123 capti-

1907 4145 2014 4198 vita
2025 4154 2128 4199 tem
2146 4146 2466 4217 Babylonica
2476 4163 2525 4200 ιιι
2546 4161 2652 4200 ann
2664 4147 2709 4202 is
2724 4147 2953 4212 vixerat,
2967 4147 3033 4203 de
3049 4146 3191 4217 Cyro
3205 4146 3492 4201 Persarum

1913 4249 2062 4303 rege,
2095 4236 2183 4304 qui
2220 4244 2371 4289 tanto
2412 4236 2789 4306 captivitatem
2836 4237 2978 4291 illam
3019 4236 3304 4291 intervallo
3335 4250 3492 4288 secu-

1917 4336 2003 4380 tus
2037 4335 2140 4391 ‘est,
2178 4328 2376 4398 quippe
2405 4330 2497 4396 qui
2536 4330 2895 4383 instaurando
2931 4329 3128 4398 templo
3156 4330 3229 4398 (id
3257 4330 3397 4397 quod
3434 4328 3489 4382 in

1914 4417 2102 4472 Esdra:
2152 4427 2363 4488 tempus
2416 4418 2647 4491 incidit)
2681 4436 2898 4489 operam
2929 4420 3148 4474 navarit
3179 4435 3372 4483 suam,
3414 4418 3489 4472 ita

1915 4498 2236 4564 nominatim
2267 4513 2687 4581 prmnuntiatum
2726 4511 2897 4567 habes
2929 4531 2941 4567 :
2983 4531 3001 4563 ‹
3050 4512 3174 4565 11ωο
3203 4511 3337 4566 dicit
3385 4511 3492 4565 Do-

1916 4601 2097 4657 minus
2139 4603 2349 4657 cbristo
2384 4617 2504 4659 meo
2534 4604 2712 4676 Cyro,
2746 4605 2902 4674 cujus
2935 4602 3266 4674 apprehendi
3298 4604 3489 4656 dexte-

1905 4708 2045 4755 ram,
2082 4701 2140 4746 ut
2170 4693 2454 4761 subjiciam
2499 4705 2626 4750 ante
2659 4691 2851 4750 faciem
2886 4696 3005 4767 ejus
3052 4704 3266 4762 gentes,
3297 4706 3352 4748 et
3379 4693 3492 4749 for-

1906 4784 2185 4838 titudinem
2237 4801 2425 4855 regum
2475 4785 2855 4857 perfringam:
2915 4788 3158 4856 aperiam
3201 4801 3385 4841 coram
3424 4802 3490 4842 eo

1895 4874 2117 4951 januas,
2142 4887 2196 4930 et
2222 4889 2394 4946 porta:
2424 4894 2558 4932 mea:
2588 4894 2694 4933 non
2744 4879 3065 4935 claudentur
3092 4877 3237 4947 :Ego
3259 4888 3384 4934 ante
3426 4890 3480 4936 te

1901 4964 2010 5028 ibo,
2053 4974 2108 5021 et
2156 4976 2368 5023 montes
2409 4969 2808 5037 complanabo:
2848 4980 3037 5039 portas
3080 4985 3250 5024 :ereas
3295 4981 3491 5025 conte-

1904 5071 2044 5121 ram,
2095 5066 2149 5114 et
2193 5069 2379 5116 vectes
2433 5062 2646 5117 ferreos
2694 5062 3059 5134 confringatur.
3111 5062 3176 5115 Et
3219 5062 3360 5116 dabo
3396 5063 3489 5117 tibi

1898 5149 2194 5205 thesauros
2226 5153 2594 5219 absconditos,
2631 5155 2897 5218 occultos,
2933 5153 3231 5208 invisibiles
3248 5154 3490 5221 aperiam

1911 5239 2037 5308 tibi,
2071 5250 2128 5294 ut
2152 5241 2297 5296 scias
2323 5245 2444 5311 quia
2481 5258 2580 5315 ego
2612 5244 2873 5299 Dominus
2903 5243 3066 5310 Deus,
3104 5246 3193 5314 qui
3225 5259 3359 5298 voco
3391 5258 3489 5295 no-

1746 5360 1791 5392 “
1844 5357 1911 5412 111
1941 5356 2069 5429 Reg.
2096 5375 2215 5425 xm,
2244 5359 2269 5412 1
2303 5372 2416 5427 seq.

308 5457 402 5544 (ὅθ.)
434 5464 659 5547 Agrum.
697 5460 844 5517 Libri
873 5460 1077 5529 aliquot
1112 5458 1422 5513 Philocalia:
1450 5458 1531 5512 sic
1567 5457 1795 5522 habent;
1840 5541 1854 5554 κ

1907 5452 2087 5529 ὲπλᾷτδ
2120 5454 2504 5529 θυσιαστήριον

1977 5526 2088 5600 (51)
2127 5526 2457 5600 Γενομέιῖῃ.
2506 5529 2580 5584 lta
2613 5528 2927 5594 Philocah'a,
2962 5530 3148 5597 sicque
3197 5527 3482 5600 legendum

1903 5598 2127 5669 omnino
2160 5599 2296 5652 vidit
2327 5600 2572 5669 \‘igerus.
2611 5602 2763 5668 Apud
2787 5601 3078 5656 Eusebium
3106 5601 3301 5668 legitur
3328 5598 3484 5667 γενοὲ-

1906 5666 2120 5814 μῆἶὲξλ
2146 5737 2384 5814 Philae...
2412 5740 2507 5793 καὶ
2557 5739 2761 5805 πόλεις.
2818 5739 3019 5797 Eadem
3063 5738 3201 5795 infra
3255 5737 3483 5809 μοχλοὺς

1905 5802 2155 5882 σιδηροῦς
2188 5808 2494 5878 συγκλάσω.
