4000 6146
524 285 598 344 b9
2014 282 2359 341 ORIGENES
3063 302 3071 311 ·
3707 281 3778 337 60

525 417 650 460 mea
679 409 848 463 tuiim,
867 403 1005 457 Deus
1030 401 1218 458 Israel.
1246 400 1473 472 Propter
1494 416 1710 458 servum
1730 415 1906 456 meum
1929 398 2079 455 Jacol

2199 417 2323 463 τους
2350 398 2546 466 ἀνοίξω
2580 417 2693 465 σοι,
2730 400 2817 453 ἵνα
2862 396 3005 469 γνῷς
3025 437 3039 460 ,
3091 398 3172 450 ὅτι
3199 394 3310 465 ἐγὼ
3338 395 3540 468 Κύριος
3570 397 3598 448 6
3623 397 3778 462 Θεὸς,

523 502 581 549 ει
604 491 770 547 lsrael
799 491 1030 547 electum
1055 507 1232 546 meum
1255 533 1271 559 ,
1296 507 1395 563 ego
1425 493 1633 548 vocabo
1671 503 1724 548 te
1753 493 1972 547 nomine
2009 503 2079 546 ιιι(

2200 492 2229 543 ὁ
2273 490 2452 544 καλῶν
2500 490 2560 543 τὸ
2589 490 2760 560 ὄνομά
2807 506 2935 553 σου,
2966 489 3098 552 Θεὸς
3139 487 3374 560 Ἰσραήλ.
3410 488 3634 542 Ἕνεκεν
3681 488 3776 542 τοῦ

522 594 581 641 et
620 583 916 651 suscipiam
945 590 997 638 te
1018 581 1086 637 “.
1120 603 1140 637 ι
1176 585 1255 639 Ex
1305 586 1372 641 iis
1402 586 1548 640 enim
1581 586 1757 653 quivis
1791 599 2016 655 prorsus
2043 583 2079 653 ε

2201 581 2388 645 παιδός
2433 599 2534 652 μου
2578 580 2768 635 Ἰακὼϐ
2817 581 2910 634 καὶ
2960 578 3175 651 Ἰσραὴλ
3226 578 3318 633 τοῦ
3370 577 3625 633 ὲκλεκτοῦ
3672 597 3775 652 μου

524 674 811 742 intelligat,
846 672 1044 745 Cyrum
1092 677 1147 731 in
1176 677 1293 747 ejus
1329 678 1510 748 populi
1541 678 1794 747 gratiam,
1823 691 1982 745 quem
2018 683 2094 730 tot

524 766 808 822 beneficiis
840 767 1120 836 affecerat,
1155 780 1212 823 ut
1246 769 1593 827 Hebraeorum
1637 770 1888 839 pietatem
1918 786 1982 825 ac
2012 787 2098 826 re-

521 854 775 928 ligionem
800 860 1085 931 ignoraret,
1104 876 1132 916 a
1148 862 1256 915 Deo
1277 871 1454 916 tamen
1475 861 1712 931 gentium
1742 861 2094 931 plurimarum

522 947 813 1016 imperium
840 952 1135 1019 accepisse.
1166 951 1344 1020 Atque
1380 953 1431 1005 id
1463 967 1528 1005 ex
1564 950 1768 1006 Graecis
1795 953 1980 1017 etiam,
2004 954 2094 1022 qui

524 1054 614 1093 res
644 1038 792 1109 Cyri,
814 1056 974 1111 quem
1008 1044 1273 1113 propheta
1303 1043 1523 1107 cecinit,
1547 1043 1823 1098 memoriae
1847 1045 2097 1112 prodide-

523 1141 671 1195 runt,
692 1133 904 1188 discere
933 1136 1129 1203 possis.
1157 1134 1462 1202 Quinetiam
1495 1137 1636 1204 apud
1667 1135 1969 1201 Danielem,
1989 1152 2095 1206 quo

524 1229 767 1292 tempore
787 1222 1175 1295 Babylonicum
1204 1223 1432 1279 ﬂorebat
1462 1226 1745 1295 imperium
1768 1269 1783 1293 ,
1808 1225 2095 1281 Nabucho-

520 1311 775 1367 donosori
826 1314 1129 1370 futurorum
1178 1317 1440 1384 deinceps
1502 1317 1857 1386 imperiorum
1909 1319 2090 1375 oblata

521 1405 732 1473 species
770 1415 878 1459 est.
918 1407 1065 1461 Auro
1091 1408 1292 1478 quippe
1322 1407 1766 1479 Babyloniorum,
1805 1410 2092 1467 Persarum

520 1506 768 1565 argento,
800 1496 1150 1553 Macedonum
1200 1513 1329 1565 aere,
1377 1498 1525 1554 ferro
1556 1501 1790 1571 denique
1818 1501 2093 1558 Romano-

519 1601 640 1641 rum
674 1587 1087 1657 signiﬁcabatur
1118 1590 1428 1661 imperium.
1466 1591 1546 1647 Ac
1576 1607 1766 1647 rursus
1795 1593 1935 1649 idem
1967 1611 2092 1665 pro-

519 1678 679 1747 pheta
703 1681 770 1733 de
800 1680 962 1735 Dario
991 1683 1154 1737 simul
1176 1692 1234 1738 et
1258 1684 1597 1749 Alexandro,
1627 1701 1836 1743 necnon
1871 1688 1936 1742 de
1953 1704 2090 1757 qua-

2198 671 2309 740 ὲγὼ
2334 672 2549 725 καλέσω
2575 690 2633 725 σε
2655 671 2731 743 τῷ
2755 671 2978 742 ὀνόματί
3006 689 3099 726 σου
3127 671 3260 743 (56),
3289 672 3382 725 καὶ
3412 671 3776 744 προσ-δέξομαί

2200 782 2260 818 σε
2280 782 2294 794 ’
2335 785 2352 816 ›
2386 766 2571 835 σαφῶς
2593 766 2701 838 γὰρ
2735 767 2829 819 κειιῖ¹
2859 768 2924 819 ἐκ
2952 766 3151 819 τούτων
3193 766 3485 837 δεδήλωται
3512 808 3526 832 ,
3566 768 3648 820 ὅτι
3688 767 3777 821 διὰ

2196 855 2287 909 τὸν
2327 856 2452 909 λαὸν
2484 856 2542 910 ὃν
2581 857 2940 929 εὐεργέτησεν
2984 858 3013 909 ὀ
3044 855 3245 928 Κῦρος,
3286 857 3314 908 6
3342 857 3478 921 Θεὸς
3511 858 3584 929 μὴ
3614 857 3777 928 γινὼ-

2198 964 2378 1000 σκοντι
2412 947 2560 1019 αὐτῷ
2604 947 2700 1019 τὴν
2748 948 2860 1001 καθ’
2912 946 3193 1018 Ἐϐραίους
3228 946 3536 1002 θεοσέϐειαν
3571 950 3779 1023 ἐδωρή-

2199 1053 2325 1091 σατο
2358 1038 2523 1092 ἐθνῶν
2559 1038 2819 1092 πλειόνων
2867 1037 3026 1110 ἄρξαι
3047 1055 3059 1068 ⁸
3099 1038 3191 1091 καὶ
3231 1038 3347 1091 ἔστι
3376 1039 3551 1094 ταῦτα
3581 1042 3774 1111 μαθεῖν

2196 1130 2289 1182 καὶ
2329 1130 2437 1183 ἀπὸ
2484 1129 2591 1185 τῶν
2630 1129 2892 1202 Ἐλλήνων
2935 1130 3041 1184 τῶν
3086 1129 3515 1202 ἀναγραψάντων
3543 1132 3609 1185 τὰ
3642 1133 3773 1203 περὶ

2195 1220 2286 1272 τὸν
2328 1220 2768 1291 προφητευθέντα
2794 1220 2974 1290 Κῦρον
3011 1220 3144 1293 (57).
3198 1222 3317 1275 Ἔτι
3358 1221 3415 1274 δὲ
3464 1223 3557 1275 καὶ
3607 1225 3668 1276 ὲν
3694 1223 3774 1295 τῷ

2193 1311 2408 1382 Δανιὴλ,
2445 1312 2797 1365 Βαϐυλωνίων
2826 1313 3209 1384 βασιλευόντων
3235 1313 3355 1367 τότε
3385 1314 3462 1386 τῷ
3495 1316 3775 1387 Ναϐουχο-

2193 1400 2407 1473 δονόσορ
2437 1400 2737 1456 δείκνυνται
2770 1404 2825 1454 αἱ
2851 1403 3115 1473 ’ἐσόμεναι
3143 1402 3410 1474 βασιλεῖαι
3439 1404 3553 1474 μετ’
3582 1405 3768 1460 αὐτόν’

2191 1494 2492 1548 δείκνυνται
2520 1495 2576 1549 δὲ
2606 1495 2691 1548 διὰ
2720 1497 2818 1567 τῆς
2843 1496 3049 1560 εἰκόνος
3072 1513 3085 1527 ·
3121 1496 3344 1569 χρυσίου
3381 1498 3479 1568 μὲν
3523 1498 3620 1568 τῆς
3662 1498 3771 1551 Βα-

2193 1586 2467 1640 ϐυλωνίων
2519 1588 2695 1658 ἀρχῆς
2755 1587 3191 1659 ὀνομαζομένης,
3248 1589 3509 1660 ἀργυρίου
3560 1589 3618 1642 δὲ
3668 1589 3769 1661 τῆς

2192 1674 2449 1748 Περσῶν,
2485 1678 2683 1748 χαλκοῦ
2713 1677 2769 1730 δὲ
2807 1678 2908 1748 τῆς
2947 1679 3267 1733 Μακεδόνων
3287 1719 3302 1744 ,
3334 1680 3551 1752 σιδήρου
3585 1681 3640 1733 δὲ
3667 1680 3770 1751 τῆς

522 1777 643 1823 ιιιοι·
695 1770 986 1826 Alexandri
1036 1772 1389 1830 Macedonum
1442 1779 1588 1847 regis
1641 1779 2079 1847 successoribus,

2207 1768 2509 1840 Ῥωμαίων.
2546 1770 2655 1822 Kal.
2693 1770 2851 1823 πάλιν
2886 1772 2943 1823 ἐν
2977 1770 3052 1841 τῷ
3082 1769 3229 1841 αὐτῷ
3257 1773 3511 1846 προφήτῃ
3547 1773 3616 1826 τὰ
3642 1773 3771 1844 περὶ

519 1858 743 1930 ipsoque
771 1861 1081 1931 Ptolemaeo,
1115 1866 1207 1935 qui
1238 1867 1456 1938 Egypti
1495 1885 1718 1939 regnum
1752 1871 1945 1938 tenuit,
1971 1873 2090 1927 cui-

516 1968 622 2021 que
645 1953 793 2025 Lago
827 1966 1243 2025 cognomentum
1279 1960 1400 2027 fuit,
1432 1962 1697 2031 ejusmodi
1732 1962 1951 2034 reliquit
1972 1979 2094 2018 ora-

513 2044 697 2099 clilum
725 2062 740 2101 :
780 2066 799 2098 ι
834 2047 972 2103 Ecce
1007 2058 1188 2104 autem
1213 2050 1403 2107 hircus
1433 2068 1717 2122 caprarum
1744 2056 1998 2110 veniebat
2023 2056 2088 2111 ab

513 2137 822 2204 occidente,
863 2155 1024 2208 super
1079 2141 1276 2197 faciem
1329 2144 1495 2199 totius
1546 2153 1707 2200 terra:
1745 2162 1760 2211 ;
1802 2159 1858 2201 et
1905 2147 2089 2202 hircus

515 2229 749 2285 habebat
781 2247 949 2287 cornu
982 2234 1129 2288 inter
1151 2234 1339 2289 oculos
1370 2250 1520 2291 suos.
1547 2237 1610 2290 Et
1638 2239 1784 2292 venit
1815 2255 1986 2309 usque
2021 2241 2085 2295 ad

513 2319 737 2375 arietem
773 2321 919 2376 illum
971 2333 1287 2389 cornutum,
1343 2340 1501 2394 quem
1555 2328 1797 2382 videram
1851 2340 2085 2385 stantem

510 2416 639 2461 ante
672 2407 824 2473 Uhal,
853 2420 907 2465 et
935 2414 1173 2466 cucurrit
1202 2414 1268 2467 ad
1290 2429 1412 2468 eum
1443 2415 1496 2468 in
1524 2415 1722 2485 impetu
1750 2417 2087 2477 fortitudinis

510 2512 642 2552 suae.
680 2499 746 2552 Et
777 2501 884 2555 vidi
916 2517 1037 2557 eum
1069 2504 1479 2573 pervenientem
1524 2523 1698 2578 usque
1727 2511 1791 2563 ad
1831 2511 2082 2577 arietem,

509 2599 564 2645 et
587 2589 842 2648 efferatus
863 2604 947 2649 est
977 2596 1030 2649 in
1051 2610 1197 2660 eum,
1222 2605 1276 2651 et
1297 2600 1562 2667 percussit
1585 2601 1832 2668 arietem,
1849 2611 1904 2658 et
1929 2618 2082 2659 com-

509 2682 704 2740 minuit
737 2686 845 2742 duo
878 2703 1083 2743 cornua
1117 2691 1252 2755 eius,
1292 2704 1348 2748 et
1384 2708 1487 2747 non
1514 2703 1726 2763 poterat
1762 2696 1906 2750 aries
1947 2698 2083 2752 resi-

509 2784 656 2831 stere
691 2778 765 2843 ei,
800 2794 1032 2852 cumque
1064 2797 1190 2837 eum
1232 2786 1471 2841 misisset
1501 2787 1554 2842 in
1590 2799 1829 2855 terram,
1866 2791 2085 2845 concul-

507 2869 694 2923 cavit:
725 2879 782 2925 et
834 2888 993 2928 nemo
1036 2875 1228 2945 quibat
1275 2876 1517 2933 liberare
1554 2881 1783 2936 arietem
1814 2883 1881 2936 de
1915 2898 2077 2939 manu

507 2961 641 3031 ejus.
678 2961 874 3018 Hircus
896 2976 1074 3021 autem
1103 2985 1335 3039 magnus
1371 2970 1546 3025 factus
1578 2980 1661 3027 est
1690 2973 1852 3027 nimis
1887 2990 1900 3026 :
1934 2991 2083 3030 cum-

506 3068 615 3120 que
652 3055 945 3121 crevisset,
976 3057 1178 3113 factuni
1211 3070 1299 3115 est
1335 3076 1504 3116 cornu
1538 3062 1655 3133 ejus
1691 3080 1982 3135 magnum;
2023 3079 2076 3122 et

2192 1863 2433 1934 Δαρεῖον,
2478 1863 2573 1916 καὶ
2613 1863 2958 1935 Ἀλέξανδρον
2980 1904 2995 1928 ,
3031 1865 3123 1916 καὶ
3146 1866 3272 1927 τοὺς
3298 1865 3567 1936 τέσσαρας
3595 1865 3771 1919 διαδό-

2191 1969 2318 2023 χους
2351 1952 2460 2023 (58)
2500 1953 2854 2024 Ἀλεξάνδρου
2879 1950 2974 2006 τοῦ
3012 1953 3335 2007 Μακεδόνων
3361 1954 3642 2025 βασιλέως,
3673 1955 3770 2009 καὶ

2188 2042 2515 2114 Πτολεμαῖον
2560 2045 2651 2097 τὸν
2691 2045 2791 2115 τῆς
2826 2045 3100 2113 Αἰγύπτου
3130 2043 3367 2116 ἄρξαντα
3390 2085 3404 2109 ,
3450 2047 3540 2100 τὸν
3574 2049 3771 2099 ἐπικα-

2187 2136 2446 2208 λούμενον
2476 2137 2668 2205 Δαγὼν
2701 2136 2809 2208 (59)
2835 2137 2979 2190 οῦτω
3002 2137 3402 2209 προφητεύεται
3422 2155 3435 2168 ο
3469 2158 3485 2189 ι
3520 2141 3628 2193 Καὶ
3653 2140 3766 2193 ἰδοὺ

2186 2229 2386 2300 τράγος
2412 2229 2581 2298 αἰγῶν
2621 2230 2819 2300 ἤρχετο
2851 2229 2957 2283 ἀπὸ
2981 2229 3127 2292 λιϐὸς
3154 2230 3245 2282 ἐπὶ
3274 2230 3557 2301 πρόσωπον
3584 2231 3769 2302 πάσης

2185 2322 2284 2393 τῆς
2305 2321 2538 2391 γῆςοκαὶ
2564 2321 2640 2393 τῷ
2665 2323 2850 2394 τράγῳ
2876 2322 3042 2393 κέρας
3073 2321 3174 2375 ἀνὰ
3206 2322 3367 2392 μέσον
3412 2321 3519 2377 τῶν
3558 2323 3766 2395 ὀφθαλ-

2189 2413 2322 2484 μῶν.
2360 2414 2467 2467 Kal
2512 2409 2673 2486 ἦλθεν
2706 2414 2810 2478 ἕως
2842 2412 2931 2467 τοῦ
2982 2412 3145 2485 κριοῦ
3180 2413 3273 2467 τοῦ
3305 2414 3374 2468 τά
3411 2416 3614 2487 κέρατα
3649 2416 3768 2486 (40)

2186 2505 2427 2577 ἔχοντος,
2465 2501 2526 2562 οὗ
2558 2503 2695 2561 εἶδον
2725 2508 2954 2573 ἑστῶτος
3000 2506 3227 2561 ἐνώπιον
3269 2507 3364 2562 τοῦ
3399 2507 3578 2561 ossae
3601 2547 3616 2570 ,
3666 2524 3768 2562 και

2186 2595 2387 2668 ἔδραμε
2433 2597 2569 2664 πρὸς
2607 2598 2766 2651 αὐτὸν
2806 2596 3034 2651 ἐνώπιον
3064 2596 3164 2665 τῆς
3203 2596 3383 2667 ἰσχύος
3420 2595 3605 2651 αὑτοῦ.
3649 2597 3770 2653 Καὶ

2183 2685 2322 2743 εἶδον
2348 2690 2510 2744 αὐτὸν
2548 2690 2815 2760 φθάνοντα
2852 2689 2956 2753 ἕως
2981 2688 3072 2742 τοῦ
3107 2688 3284 2760 κριοῦ,
3324 2689 3419 2742 καὶ
3453 2688 3768 2761 ἐξηγριώθη

2184 2783 2318 2854 πρὸς
2350 2782 2508 2836 αὐτὸν
2530 2823 2544 2847 ,
2588 2784 2682 2836 καὶ
2731 2782 2923 2835 ἔπαισε
2966 2783 3053 2836 τὸν
3083 2784 3236 2855 κριὸν
3263 2822 3277 2846 ,
3316 2784 3410 2836 καὶ
3441 2782 3768 2854 συνέτριψεν

2183 2873 2467 2948 ἀμφότερα
2498 2875 2565 2929 τά
2593 2875 2798 2947 κέρατα
2841 2875 3004 2928 αὐτοῦ
3030 2916 3045 2939 ,
3095 2876 3188 2929 καὶ
3230 2875 3329 2928 οῦκ
3371 2871 3439 2945 ἦν
3493 2877 3644 2945 ἰσχὺς
3679 2875 3768 2946 τῷ

2182 2970 2323 3043 κριῷ
2368 2971 2555 3042 στῆναι
2590 2969 2818 3023 ἐνώπιον
2852 2968 3048 3034 αὐτοῦ,
3086 2968 3181 3022 καὶ
3216 2967 3436 3040 ἔρριψεν
3474 2968 3634 3021 αὑτὸν
3664 2968 3765 3022 ἐπὶ

2183 3061 2279 3134 τὴν
2312 3064 2434 3134 γῆν,
2475 3063 2569 3116 καὶ
2605 3062 2973 3132 συνεπάτησεν
3003 3062 3182 3114 αὐτόν’
3216 3061 3308 3114 καὶ
3338 3060 3436 3113 οὐκ
3464 3055 3532 3131 ἦν
3560 3060 3587 3111 ὁ
3612 3060 3763 3126 agat-

506 3150 622 3197 orta
652 3156 779 3199 sunt
808 3147 910 3201 alia
938 3159 1176 3217 quatuor
1202 3166 1406 3206 cornua
1441 3155 1632 3209 subter
1655 3155 1784 3210 illud
1821 3173 1916 3226 per
1945 3175 2078 3228 qua-

2183 3156 2443 3229 ροῦμενος
2469 3155 2559 3207 τὸν
2606 3154 2756 3228 κριὸν
2806 3155 2870 3206 ὲκ
2907 3154 3088 3224 χειρὸς
3134 3151 3317 3206 αὐτοῦ.
3362 3152 3472 3204 Kal.
3501 3154 3530 3204 6
3557 3153 3764 3224 τράγος

509 3242 635 3289 ιιιοι·
668 3248 860 3294 ventos
881 3241 1027 3295 cceli.
1058 3242 1132 3297 De
1160 3259 1267 3297 uno
1288 3256 1470 3299 autem
1501 3261 1567 3300 ex
1591 3248 1669 3302 eis
1693 3263 1968 3317 egressura
1997 3263 2080 3307 est

507 3340 673 3382 cornu
713 3345 877 3385 unum
916 3331 1077 3399 forte,
1104 3348 1157 3389 et
1190 3336 1386 3391 factum
1414 3346 1498 3392 est
1529 3340 1736 3408 grande
1771 3343 1927 3396 valde
1950 3360 2079 3399 con-

508 3426 590 3474 tra
616 3422 897 3477 meridiem
918 3435 974 3479 et
1008 3427 1351 3484 occidentem
1386 3431 1452 3486 “.
1488 3451 1508 3485 ι
1545 3433 1683 3499 Quid
1719 3434 1806 3488 hic
1844 3437 2078 3506 prophe-

509 3518 684 3565 tarum
722 3514 787 3566 dc
813 3513 1035 3570 Christo
1070 3519 1184 3587 ipso
1214 3536 1374 3577 voces
1403 3533 1457 3575 et
1497 3525 1718 3579 oracula
1750 3541 2079 3583 commemo-

507 3602 660 3657 rem?
688 3605 752 3658 de
782 3605 1111 3674 Bethleemo,
1157 3611 1244 3665 ubi
1278 3625 1475 3679 natus;
1528 3618 1595 3670 de
1624 3615 1948 3689 Nazaretho,
1985 3623 2075 3677 tibi

504 3694 766 3751 educatus
822 3709 938 3766 est;
982 3704 1445 3768 quemadmodum
1489 3707 1540 3761 in
1570 3707 1865 3780 Egyptum
1898 3729 2075 3770 seces-

504 3786 658 3850 serit,
689 3802 811 3857 qua:
829 3790 1087 3847 miracula
1118 3794 1432 3863 perfecerit,
1459 3803 1727 3867 quomodo
1746 3801 1898 3859 Iudae
1914 3821 2072 3875 quem

503 3880 874 3945 apostolorum
932 3887 985 3939 in
1049 3903 1335 3945 numerum
1372 3886 1740 3963 ‘aggregarat,
1794 3898 2072 3966 perﬁdiam

503 3969 971 4043 proditionemque
994 3977 1267 4036 subierit?
1302 3982 1511 4050 Quibus
1545 4000 1611 4041 ex
1644 3989 1901 4045 omnibus
1924 4002 2075 4047 certe

501 4058 723 4125 quidem
748 4060 981 4119 illustria
1014 4068 1211 4124 divina:
1241 4076 1597 4141 praenotionis
1629 4090 1944 4147 argumenta
1967 4080 2071 4135 du-

501 4164 734 4210 cuntur.
772 4157 1000 4213 Accedit
1033 4159 1143 4229 ipsa
1171 4177 1383 4234 quoque
1414 4165 1724 4224 Servatoris
1753 4173 2071 4238 auctoritas,

501 4246 628 4300 dum
659 4248 732 4302 ita
773 4248 1049 4313 loquitur:
1086 4271 1105 4305 ι
1136 4253 1269 4309 Cum
1301 4257 1546 4312 videritis
1576 4259 1973 4316 circumdatam
2004 4266 2072 4320 ab

500 4339 835 4397 exercitibus
861 4341 1229 4411 Hierusalem,
1263 4357 1390 4404 tunc
1406 4351 1591 4405 scietis
1621 4354 1747 4423 quia
1780 4358 2073 4426 appropin-

499 4431 689 4498 quavit
738 4433 1000 4490 desolatio
1040 4438 1156 4507 ejus
1193 4437 1260 4491 ".
1297 4458 1317 4491 ι
1357 4439 1449 4497 llis
1500 4445 1646 4499 enim
1705 4445 1885 4500 verbis
1939 4448 2067 4517 quid

499 4521 755 4594 deinceps
779 4524 1016 4582 futurmn
1041 4540 1208 4597 esset,
1231 4532 1335 4587 hoc
1360 4543 1447 4588 est
1472 4550 1782 4606 supremum
1811 4538 2068 4593 Hieroso-

500 4615 742 4687 lymitani
766 4622 958 4675 excidii
984 4622 1142 4676 linem
1178 4626 1496 4696 exitumque
1535 4631 1809 4699 praedixit.

568 4708 621 4762 5.
637 4706 756 4763 Jam
772 4716 1186 4782 vero,quoniam
1205 4716 1343 4772 hanc
1359 4719 1411 4772 in
1434 4719 1540 4775 Deo
1559 4724 1933 4791 prmiioscendi
1956 4724 2064 4779 vim

2180 3247 2286 3302 τῶν
2309 3247 2479 3316 αἰγῶν
2507 3247 2858 3319 ὲμεγαλύνθη
2888 3248 2993 3310 ἓως
3025 3248 3228 3319 σφόδρα
3252 3264 3265 3277 ·
3292 3249 3385 3300 καὶ
3412 3247 3469 3298 ὲν
3500 3244 3578 3316 τῷ
3603 3247 3761 3318 ἰσχῦ-

2182 3357 2268 3394 σαι
2308 3340 2466 3394 αὐτὸν
2498 3340 2785 3412 συνετρίϐη
2829 3339 2887 3392 τὸ
2927 3339 3092 3411 κέρας
3141 3338 3304 3392 αὑτοῦ
3344 3339 3404 3391 τὸ
3456 3338 3630 3409 μέγα·
3667 3341 3759 3393 καὶ

2178 3430 2345 3502 ἀνέϐη
2377 3431 2538 3502 ἕτερα
2566 3431 2805 3502 τέσσαρα
2833 3430 2942 3502 (ll)
2976 3431 3182 3502 κέρατα
3209 3431 3463 3484 ὑποκάτω
3488 3430 3654 3483 αὑτοῦ
3678 3435 3760 3496 εἰς

2176 3527 2303 3587 τοὺς
2331 3523 2600 3596 τέσσαρας
2630 3524 2862 3595 ἀνέμους
2887 3522 2979 3576 τοῦ
3006 3522 3255 3595 οὐρανοῦ.
3291 3523 3399 3576 Kal.
3424 3524 3487 3575 ὲκ
3513 3521 3606 3575 τοῦ
3638 3523 3762 3587 ἑνὸς

2177 3617 2369 3688 ἐξῆλθε
2412 3617 2578 3690 κέρας
2610 3617 2668 3670 ἒν
2698 3616 2934 3688 ἰσχυρὸν,
2970 3617 3064 3669 καὶ
3097 3615 3438 3686 ὲμεγαλύνθη
3478 3617 3760 3688 περισσῶς

2177 3711 2314 3782 πρὸς
2340 3710 2429 3764 τὸν
2456 3710 2604 3763 νότον
2630 3710 2723 3763 καὶ
2756 3710 2854 3781 τὴν
2882 3708 3056 3762 δύσιν.
3103 3731 3120 3759 ι
3160 3709 3223 3760 Τί
3257 3708 3313 3761 δὲ
3342 3708 3423 3762 δεῖ
3452 3708 3629 3776 λέγειν
3651 3710 3758 3774 τὰς

2176 3804 2305 3874 περὶ
2326 3802 2561 3874 Χριστοῦ
2586 3802 2938 3872 προφητείας,
2965 3795 3076 3853 οἷον
3104 3799 3264 3852 τόπον
3299 3800 3563 3868 γενέσεως
3587 3800 3757 3855 αὑτοῦ

2175 3896 2444 3969 Βηθλεὲμ,
2481 3898 2575 3950 καὶ
2609 3897 2772 3949 τόπον
2805 3897 3114 3967 ἀνατροφῆς
3146 3894 3308 3949 αὐτοῦ
3346 3894 3619 3967 Ναζαρὲτ,
3660 3896 3758 3950 καὶ

2173 3996 2255 4058 εἰς
2287 3993 2562 4063 Αἴγυπτον
2599 3990 2976 4062 ἀναχώρησιν,
3008 3990 3100 4043 καὶ
3135 3990 3392 4062 τεράστια
3422 3990 3458 4043 ἃ
3498 3991 3752 4062 ἐποίησε,

2174 4089 2269 4141 καὶ
2312 4087 2435 4140 τινα
2476 4086 2676 4157 τρόπον
2730 4084 2833 4136 ὑπὸ
2873 4084 3038 4136 Ἰούδα
3071 4081 3163 4135 τοῦ
3208 4085 3287 4144 εἰς
3333 4081 3635 4152 ἀποστολὴν
3660 4099 3756 4136 κε-

2174 4179 2444 4249 κλημένου
2480 4175 2743 4247 προεδόθη
2773 4192 2786 4240 ;
2822 4175 3007 4227 Πάντα
3042 4175 3149 4243 γὰρ
3177 4173 3347 4227 ταῦτα
3390 4176 3588 4244 σημεῖά
3633 4176 3754 4227 ἐστι

2171 4267 2270 4338 τῆς
2290 4268 2382 4320 τοῦ
2404 4265 2537 4321 Θεοῦ
2569 4266 2945 4336 προγνώσεως.
2979 4265 3139 4318 Ἀλλὰ
3169 4266 3263 4318 καὶ
3291 4265 3450 4327 αὐτὸς
3480 4268 3506 4317 ό
3530 4265 3748 4336 Σωτὴρ,

2180 4379 2198 4411 ‹
2231 4362 2419 4424 Ὅταν,
2455 4360 2638 4431 φησὶν,
2677 4358 2823 4429 ἴδητε
2847 4357 3217 4428 κυκλουμένην
3243 4356 3347 4409 ὑπὸ
3375 4356 3752 4426 πρατοπέιίων

2173 4452 2272 4521 τὴν
2306 4450 2689 4522 Ἰερουσαλὴμ,
2720 4450 2837 4502 τότε
2870 4447 3164 4516 γνώσεσθε.
3195 4449 3275 4500 ὅτι
3306 4448 3530 4519 ἤγγικεν
3558 4450 3590 4517 ἡ
3618 4448 3749 4518 ἐρή-

2178 4559 2348 4614 μωσις
2382 4543 2567 4612 αὐτῆς.
2603 4561 2619 4590 ι
2656 4542 2887 4611 Προεῖπε
2912 4538 3020 4610 γὰρ
3052 4538 3113 4591 τὸ
3145 4538 3369 4609 ὕστερον
3404 4539 3753 4610 συμϐεϐηκὸς

2173 4634 2234 4687 τὸ
2255 4634 2406 4696 τέλος
2434 4634 2531 4703 τῆς
2564 4633 2919 4701 κατασκαφῆς
2954 4630 3256 4701 Ἰερουσαλή
3267 4649 3323 4701 μ.

2258 4727 2726 4798 Ἀποδεδειγμένου
2758 4727 2937 4780 τοίνυν
2964 4728 3091 4797 ἡμῖν
3115 4725 3241 4797 περὶ
3269 4724 3363 4778 τοῦ
3391 4727 3748 4798 προγνῶστην

566 4800 613 4832 ⁸³
637 4801 737 4857 lsa.
759 4820 881 4870 XLV,
910 4806 959 4867 1,
985 4811 1019 4860 ‘2
1045 4820 1100 4862 et
1132 4824 1283 4880 seqq.
1359 4811 1404 4843 “
1432 4814 1688 4881 Danum,
1728 4815 1761 4868 5
1795 4827 1848 4870 ct
1882 4834 1994 4885 seq.
2071 4820 2116 4853 ⁸⁵
2140 4821 2265 4875 Luc.
2311 4837 2427 4881 χχι,
2456 4820 2545 4874 90.

566 4898 677 4978 (δεῖ.)
714 4899 1065 4978 Ίξῷρφᾐᾴμαιιξζ
1083 4921 1222 4960 σου.
1254 4906 1583 4978 Sic_omnino
1612 4908 1894 4978 legendum
1921 4927 2058 4969 erat.

498 4971 573 5046 Ita
599 4970 760 5039 aliqui
802 4970 1112 5046 Pliilocalite
1156 4978 1310 5030 codd.
1346 4976 1420 5029 lta
1460 4970 1692 5046 Optima?
1721 4978 1828 5033 τῶν
1863 4986 1918 5034 0'
1946 4986 2062 5038 edi—

498 5044 694 5120 tiones,
729 5052 783 5120 et
837 5046 1005 5120 codex
1037 5044 1309 5120 _Marchali
1343 5057 1395 5101 et
1424 5049 1472 5099 οἱ
1497 5044 1675 5120 τρεῖς
1726 5049 2062 5109 Theodoreto

495 5125 637 5189 szepe
661 5113 856 5189 laudati
887 5131 902 5169 :
935 5116 1003 5168 ita
1020 5115 1200 5189 _Sy_rus
1232 5131 1446 5189 quoque
1472 5127 1526 5189 et
1551 5113 1741 5170 Arabs.
1763 5121 1917 5189 Apud
1946 5123 2057 5178 Eu-

495 5182 947 5258 sebiilinle‘gitur,
975 5185 1053 5258 τῷ
1074 5182 1304 5257 ’ὀνόματί
1490 5188 1745 5258 Hunnus.

565 5251 680 5323 (5'7)
707 5254 924 5322 Κῦρον.
979 5251 1158 5327 Recte
1177 5251 1269 5310 ’δῖε
1315 5251 1474 5310 liabet
1519 5257 1835 5327 l’ltt'locult'a,
1880 5263 2059 5321 minus

494 5322 792 5399 beneame
818 5327 1110 5399 Eusebium
1149 5325 1338 5399 legitur
1365 5327 1573 5399 κύριον.

567 5393 679 5469 (58)
735 5396 882 5469 Τοὺς
914 5393 1595 5469 τέσσαρας-λδιαὸόριους.
1630 5399 1877 5469 Quinque
1913 5408 2054 5458 enim

495 5463 1150 5537 przecipuinumerantnr
1185 5463 1473 5522 Alexandri
1528 5463 1893 5537 successores,
1933 5474 2058 5527 Pto-

492 5536 734 5610 lemzens,
753 5536 1075 5610 Antigonus,
1093 5537 1380 5610 Seleucus,
1395 5536 1698 5594 Cassander
1727 5553 1780 5595 et
1817 5543 2056 5610 Lysima-

494 5605 630 5679 chus
656 5622 671 5656 :
704 5605 931 5679 quorum
960 5607 1283 5663 illustriores
1304 5609 1516 5675 priores
1536 5605 2056 5679 quatuor..iosephns

498 5674 590 5751 li_h.
618 5689 693 5751 ξιι
719 5675 927 5751 Aulim,
961 5692 1084 5751 c_a_p._
1110 5679 1131 5730 l
1165 5674 1625 5751 εμεταπεσούσης
1651 5680 1707 5734 δὲ
1730 5685 1810 5745 εἰς
1832 5674 2056 5748 πολλοὺς

490 5743 593 5814 τῆς
619 5745 790 5816 ἀρχῆς
819 5745 1241 5821 [Ἀλεξάνδρου],
1284 5743 1591 5821 Ἀντίγονος
1610 5743 1712 5824 μὲν
1740 5743 1835 5825 τῆς
1879 5743 2057 5819 Ἀσίας

2166 4918 2379 4987 κρατεῖ,
2408 4915 2668 4987 Σέλευκος
2697 4913 3112 4987 δᾼζβαϐυλῶνος,
3133 4914 3237 4987 ’καὶ
3264 4913 3372 4967 τῶν
3400 4916 3521 4987 εκεῖ,
3537 4913 3742 4987 ἐθνῶν·

2167 4983 2478 5070 ῥύσέμαχος
2586 4984 2684 5070 ’τὸν
2714 4983 3107 5070 ζΕλλήστποντον
3126 4984 3335 5070 διεῖπςῃ·
3360 4984 3458 5070 τὴν
3482 4984 3537 5067 δὲ
3564 4986 3749 5070 Μακε-

2166 5054 2343 5127 δονίαν
2376 5054 2489 5125 εἶχε
2518 5055 2864 5127 Κάσανδρος·
2902 5055 3231 5127 Πτολεμαῖος
3273 5054 3331 5127 δὲ
3360 5056 3389 5107 ό
3428 5054 3607 5127 Λάγου
3632 5058 3745 5127 τὴν

2167 5125 2438 5193 Αἴγυπτον
2472 5124 2701 5194 εἰλήφει.
2754 5143 2771 5176 ι
2798 5126 2929 5179 Cum
2977 5126 3043 5176 ad
3077 5124 3257 5193 plures
3290 5126 3571 5191 imperium
3591 5124 3745 5193 (Aie-

2169 5194 2383 5263 Ittlttlt‘i)
2421 5198 2726 5259 recidisset,
2758 5196 3061 5259 Antigonus
3091 5198 3310 5262 quidem
3358 5195 3543 5247 Asiam
3593 5196 3745 5247 obi-

2171 5275 2294 5330 net;
2325 5265 2580 5319 Seleucus
2610 5275 2741 5319 vero
2786 5263 3111 5333 Babylonem
3160 5273 3217 5319 et
3268 5266 3476 5317 vicinas
3507 5275 3737 5333 gentes;

2166 5334 2523 5406 Lysimachus
2557 5345 2740 5388 autem
2787 5334 3190 5406 Hellespontum
3249 5334 3426 5396 rexit;
3467 5343 3524 5406 at
3558 5333 3739 5406 Mace-

2165 5403 2376 5478 donian
2409 5406 2594 5459 habuit
2620 5407 2954 5478 Cassander;
2982 5403 3305 5478 Ptolemaius
3332 5418 3460 5459 vero
3501 5403 3631 5473 Lagi
3676 5404 3742 5457 fi-

2161 5474 2266 5528 lius
2296 5473 2528 5545 Afgypto
2554 5477 2752 5545 potitus
2777 5482 2946 5545 est.___i
2982 5473 3242 5545 Hunnus.

2234 5545 2346 5614 (‘59)
2374 5542 2614 5610 Ῥιιὶιοέ.,
2642 5543 2840 5614 Λάγον.
2873 5542 3069 5612 Vigero
3104 5542 3351 5612 mihique
3379 5543 3735 5599 scribendum

2160 5613 2897 5693 νῖιὲειξένέίεγογνειλλάγωι
3007 5682 3088 5693 ._
3192 5680 3242 5693 ..
3383 5682 3397 5693 .
3501 5690 3509 5693 Α
3609 5681 3636 5693 -

2234 5684 2346 5752 (10)
2376 5681 2580 5738 Τοῦτὰ
2606 5682 2839 5751 κέρατα.
2870 5683 3021 5751 Apud
3052 5681 3337 5752 Eusebium
3364 5682 3517 5740 deest
3542 5681 3663 5740 τοῦ.

2238 5750 2349 5828 (ll)
2391 5750 2678 5823 Τέσσαραᾲ
2711 5754 2867 5809 Deest
2892 5750 3029 5821 apud
3052 5750 3365 5810 Eusebium.
