4000 6146
506 251 580 309 63
1986 260 2067 316 ΟΠ

2173 254 2332 317 ῗΝΕΞ

3722 248 3798 304 οι

508 366 779 437 simulque
801 366 1024 438 proinde
1051 380 1265 423 omnem
1288 365 1582 420 cumlaude
1602 365 2056 437 vituperationem

2187 369 2281 422 καὶ
2305 365 2565 422 ἀδύνατόν
2594 366 2738 421 ἐστιν
2761 366 2871 437 (52)
2906 364 3034 419 ἄλλο
3068 383 3121 419 τι
3152 362 3354 436 πρᾶξαι
3381 362 3545 418 αὐτὸν
3575 363 3608 437 ἢ
3644 364 3796 433 ὅπερ

507 466 563 511 et
588 455 844 527 quidquid
883 464 977 509 aut
1013 464 1097 511 est
1123 453 1590 524 complectendum
1635 455 1688 508 in
1734 455 1954 517 virtute,
1988 461 2081 507 aut

506 549 561 603 in
615 548 744 602 vitio
788 547 1315 615 reprehendendum.
1353 547 1672 610 Enimvero,
1718 546 1988 616 inquiunt,
2035 545 2082 600 si

504 642 648 694 hunc
682 648 774 693 aut
806 639 954 693 illum
1009 640 1151 694 Deus
1197 637 1517 707 injuriosum
1570 637 1833 703 futurum,
1882 639 1927 692 si
1985 638 2083 692 has

503 740 596 785 aut
627 731 743 785 illas
779 730 1003 799 injurias
1038 732 1309 786 illaturum
1357 746 1425 785 ex
1472 732 1777 785 aeternitate
1808 732 2078 799 cognovit,

502 836 602 877 nec
630 822 739 876 falli
777 825 1038 893 przcnotio
1088 824 1272 878 divina
1310 831 1522 892 potest;
1558 823 1602 876 is
1631 822 1875 892 profecto
1919 835 2077 890 quem

501 914 769 984 ejusmodi
800 915 913 971 fore
944 917 1277 987 praeviderit.
1309 927 1362 972 et
1402 918 1507 987 ιο
1536 916 1829 984 injuriosus
1857 916 2079 971 omnino

500 1005 718 1062 futurus
745 1017 849 1072 est,
877 1018 932 1062 et
957 1008 1091 1063 tales
1115 1009 1339 1077 injurias
1368 1010 1616 1064 illaturus
1643 1024 1657 1061 :
1684 1007 1927 1075 adeoque
1959 1008 2076 1062 ﬁeri

2188 461 2216 512 ὁ
2229 459 2359 522 Θεὸς
2373 458 2531 527 ἔγνω.
2550 459 2613 511 Εἰ
2628 458 2684 512 δὲ
2696 459 2954 513 ἀδύνατον
2970 458 3097 512 ἄλλο
3108 476 3159 511 τι
3176 456 3379 529 πρᾶξαι
3404 455 3584 520 αὑτὸν,
3601 455 3797 521 οὐδεὶς

2190 550 2246 603 δὲ
2268 549 2501 603 ἀδύνατα
2535 550 2608 621 μὴ
2635 551 2866 622 ποιήσας
2885 549 3079 620 ψεκτός
3104 550 3240 616 ἐστι,
3274 549 3449 619 μάτην
3471 544 3794 617 αἰτιώμεθα

2182 641 2311 703 τοὺς
2332 641 2568 704 ἀδίκους.
2604 643 2735 695 Ἀπὸ
2763 642 2821 695 δὲ
2848 642 2941 695 τοῦ
2970 642 3153 695 ἀδίκου
3173 640 3267 695 καὶ
3292 640 3397 693 τῶν
3420 637 3791 709 ἀδικημάτων

2182 732 2503 804 ἐπέρχονται
2528 733 2638 805 (55)
2666 735 2759 789 καὶ
2787 736 2881 788 ἐπὶ
2909 733 2974 788 τά
2996 734 3129 788 ἀλλα
3148 735 3542 806 ἁμαρτήματαο
3563 728 3692 785 εἶτα
3721 733 3790 783 ὲκ

2181 824 2276 877 τοῦ
2321 827 2561 879 ἐναντίου
2594 828 2688 880 καὶ
2738 827 2806 881 τὰ
2845 826 3173 898 νομιζόμενα
3206 824 3636 897 κατορθώματα·
3688 821 3790 876 καί

2181 934 2345 986 φασιν
2372 917 2681 971 ἀκολουθεῖν
2712 918 2788 988 τῷ
2819 918 2909 969 τὸν
2935 918 3066 971 Θεὸν
3094 916 3163 971 τά
3198 916 3459 988 μέλλοντα
3493 931 3789 987 προεγνω-

2180 1008 2332 1062 κέναι
2361 1008 2422 1061 τὸ
2463 1008 2538 1081 μὴ
2565 1008 2821 1063 δύνασθαι
2856 1009 2965 1080 (Si)
3004 1009 3071 1063 τά
3104 1009 3188 1079 ἐφ’
3216 1011 3346 1081 ἡμῖν
3373 1006 3667 1073 σώζεσθαι.

501 1102 647 1156 nullo
679 1103 835 1156 modo
866 1112 1065 1172 potest,
1094 1112 1152 1156 ut
1181 1105 1248 1159 ab
1280 1103 1387 1157 illis
1425 1101 1637 1170 injuriis
1677 1101 1968 1155 abstineat.
2009 1101 2065 1155 Si
2106 1114 2287 1156 autem
2319 1104 2431 1157 fieri
2464 1105 2614 1156 milio
2657 1106 2815 1159 modo
2860 1113 3056 1173 potest,
3085 1115 3143 1157 nt
3171 1105 3238 1158 ab
3268 1104 3374 1158 illis
3402 1103 3615 1171 injuriis
3644 1103 3785 1157 abs-

504 1198 691 1264 tineat,
740 1197 804 1251 ad
860 1212 951 1251 eas
994 1196 1303 1252 inferendas
1337 1199 1657 1253 necessitate
1706 1198 1933 1264 rapitur,
1977 1212 2073 1252 ncc
2110 1198 2258 1253 aliud
2307 1198 2378 1252 ab
2424 1216 2489 1253 eo
2533 1201 2828 1270 quidquam
2890 1200 3004 1254 fieri
3038 1207 3232 1267 potest.
3274 1214 3434 1268 quam
3461 1197 3599 1266 quod
3629 1196 3787 1251 futu-

500 1307 621 1347 rum
665 1291 805 1347 Deus
849 1305 968 1346 esse
1009 1294 1345 1363 cognoverit.
1400 1291 1518 1346 Jani
1575 1292 1619 1347 si
1673 1285 1819 1346 aliud
1868 1308 2087 1361 prorsus
2134 1309 2292 1363 agere
2350 1295 2478 1349 nihil
2528 1305 2721 1365 potest,
2774 1311 2874 1351 nec
2916 1297 3195 1365 quisquam
3234 1294 3359 1365 jure
3411 1296 3781 1367 vituperatur,

498 1387 641 1455 quod
689 1386 745 1439 id
790 1400 896 1439 non
948 1385 1160 1451 fecerit,
1211 1385 1355 1455 quod
1384 1385 1499 1439 fieri
1544 1386 1613 1439 ab
1639 1400 1704 1438 eo
1736 1400 1839 1438 non
1867 1385 2061 1454 potuit,
2098 1386 2348 1440 homines
2404 1387 2695 1453 injuriosos
2725 1387 2925 1441 frustra
2949 1388 3364 1441 caluniniamnr.
3401 1388 3602 1443 Deinde
3643 1403 3784 1444 vero

497 1482 565 1535 ab
623 1479 899 1547 injuriosis
942 1490 995 1537 et
1034 1479 1250 1549 injuriis
1283 1481 1351 1535 ad
1382 1488 1578 1535 caetera
1631 1492 1977 1551 peccatorum
2038 1495 2234 1549 genera
2270 1482 2494 1549 gradum
2543 1482 2770 1537 faciunt.
2833 1481 2969 1535 Tum
3008 1498 3036 1536 a
3068 1482 3345 1537 contrario
3401 1482 3467 1537 de
3511 1481 3578 1538 iis
3634 1498 3782 1551 quo-

496 1586 601 1640 que
648 1573 807 1627 rebus
851 1589 973 1643 quae
1021 1572 1286 1641 praeclare
1333 1573 1475 1640 fieri,
1512 1574 1845 1644 honesteque
1884 1574 2192 1640 videantur,
2249 1576 2413 1631 simili
2468 1577 2679 1632 ratione
2733 1585 3016 1648 statuunt:
3047 1578 3369 1645 tandemque
3417 1576 3776 1644 concludunt,

495 1662 540 1717 si
579 1661 688 1716 Deo
714 1663 880 1717 semel
926 1662 1234 1719 futurorum
1285 1665 1552 1733 praenotio
1593 1666 1945 1730 concedatur,
1981 1667 2192 1721 arbitrii
2224 1670 2394 1722 nostri
2431 1678 2756 1737 potestatem
2792 1669 3033 1722 fumlitus
3065 1683 3185 1722 esse
3219 1668 3538 1723 tollendam.

563 1753 616 1809 6.
650 1753 856 1821 Quibus
892 1756 995 1809 hoc
1034 1756 1196 1811 modo
1226 1756 1666 1825 respondendum
1708 1755 1815 1809 erit
1848 1774 1860 1810 :
1906 1756 2067 1818 Deus,

2249 1758 2395 1829 Πρὸς
2424 1757 2517 1823 οὓς
2546 1758 2767 1813 λεκτέον
2793 1800 2807 1823 ,
2845 1760 2926 1813 ὅτι
2946 1799 2960 1822 ,
3000 1758 3306 1813 ἐπιϐάλλων
3335 1759 3446 1830 (55)
3479 1761 3509 1812 ὀ
3532 1759 3671 1825 Θεὸς
3705 1764 3774 1832 τῇ

494 1848 640 1918 quod
672 1847 818 1902 nulla
859 1861 946 1903 res
989 1863 1208 1903 causam
1254 1863 1359 1902 non
1409 1848 1608 1903 habeat
1649 1847 1912 1917 aliquam,
1945 1847 2071 1901 dum

492 1941 595 1993 sub
628 1938 801 2007 ipsum
838 1940 987 1994 orbis
1017 1939 1275 1994 moliendi
1317 1939 1669 2009 principium,
1719 1938 1899 1992 futura
1934 1939 2074 2009 sigil-

490 2031 647 2087 latim
675 2032 858 2086 omnia
892 2042 1073 2087 mente
1109 2033 1405 2102 percurrit,
1432 2032 1579 2086 videt
1607 2032 1751 2085 illico
1787 2032 1830 2085 si
1869 2030 2069 2086 factum

490 2126 595 2182 hoc
622 2126 748 2191 erit,
782 2126 912 2179 illud
942 2124 1171 2193 proinde
1209 2134 1560 2190 secuturum;
1593 2126 1736 2192 quod
1784 2123 1873 2177 ubi
1904 2126 2074 2178 exsti-

493 2219 640 2281 terit,
674 2219 893 2272 tertium
924 2234 992 2273 ex
1019 2233 1084 2273 eo
1114 2217 1371 2287 quiddam
1404 2225 1587 2285 aptum
1627 2214 1773 2283 fore;
1809 2217 1910 2270 hoc
1943 2217 2071 2269 item

488 2309 534 2364 si
563 2309 796 2379 positum
820 2312 943 2373 erit,
975 2320 1028 2364 et
1054 2323 1394 2378 consequens
1417 2308 1547 2363 illud
1578 2306 1820 2362 futurttm
1849 2327 1862 2363 :
1892 2308 2074 2378 itaque

489 2402 558 2455 ad
621 2417 798 2455 rerum
863 2401 1021 2455 finem
1088 2403 1333 2458 omnium
1393 2400 1708 2470 cognitione
1766 2401 2070 2471 perducta,

490 2494 757 2564 quidquid
791 2496 1028 2549 futurum
1070 2504 1174 2559 est,
1209 2493 1453 2563 intelligit
1484 2511 1497 2547 :
1540 2509 1641 2548 nec
1676 2504 1857 2548 tamen
1891 2491 2074 2560 cujus-

492 2588 625 2644 libet
676 2589 899 2642 omnino
943 2589 1042 2654 rei,
1083 2604 1182 2643 cur
1229 2588 1356 2653 hoc,
1415 2586 1575 2643 illove
1622 2589 1784 2643 modo
1833 2588 2069 2655 eveniat,

491 2697 658 2737 causa
694 2682 956 2736 dicendus
987 2691 1091 2737 est.
1125 2680 1592 2749 Quemadmodum
1624 2680 1772 2735 enim
1823 2680 1867 2735 si
1907 2695 2071 2749 quem

490 2774 762 2844 imperitia
800 2775 1150 2829 temerarium
1200 2787 1262 2825 ac
1309 2773 1642 2841 praecipitem
1691 2787 1812 2827 esse
1863 2772 2067 2840 videas,

488 2882 662 2937 eaque
721 2868 1032 2921 temeritate
1085 2866 1375 2934 impulsum
1439 2865 1652 2919 lubrico
1703 2880 1824 2920 sese
1889 2864 2070 2919 itineri

486 2961 852 3023 committere,
901 2967 956 3012 et
1009 2974 1131 3012 eum
1181 2958 1418 3022 labente,
1460 2957 1791 3025 fallenteque
1842 2958 2071 3027 vestigio

487 3054 756 3109 ruiturum
787 3051 1084 3122 intelligas,
1115 3051 1214 3120 ipsi
1266 3061 1443 3107 tamen
1497 3050 1863 3121 prolapsionis
1904 3065 2068 3105 causa

2183 1849 2325 1921 ἀρχῇ
2354 1850 2453 1920 τῆς
2482 1851 2865 1921 κοσμοποιίας,
2892 1851 3104 1914 οὐδενὸς
3137 1850 3389 1915 ἀναιτίως
3414 1852 3524 1924 (56)
3552 1854 3777 1924 γινομέ-

2180 1958 2307 2004 νου,
2358 1942 2743 2013 ἐπιπορεύεται
2784 1940 2863 2012 τῷ
2913 1940 2990 2011 νῷ
3040 1941 3269 1994 ἕκαστον
3314 1942 3421 1995 τῶν
3469 1943 3772 2014 ἐσομένων,

2178 2030 2341 2102 ὁρῶν,
2368 2032 2468 2096 ὅτι,
2501 2033 2623 2084 ἐπεὶ
2652 2030 2768 2084 τόδε
2795 2031 3018 2099 γέγονε,
3050 2031 3165 2084 τόδε
3199 2031 3388 2085 ἕπεται
3412 2048 3424 2061 ·
3455 2033 3549 2087 ἐὰν
3581 2034 3639 2085 δὲ
3673 2033 3774 2102 γέε-

2178 2142 2335 2195 νηται
2363 2124 2478 2177 τόδε
2514 2124 2574 2176 τὸ
2607 2123 2891 2195 ἑπόμενον,
2922 2122 3041 2175 τόδε
3075 2122 3374 2187 ἀκολουθεῖ,
3406 2117 3466 2177 οὗ
3498 2124 3776 2178 ὑποστὰν·

2176 2228 2299 2275 τος,
2332 2211 2449 2264 τόδε
2479 2210 2628 2264 ἔσται
2656 2228 2669 2241 ·
2708 2213 2802 2265 καὶ
2837 2210 2978 2264 οὕτω
3031 2210 3190 2283 μέχρι
3229 2211 3415 2276 τέλους
3465 2213 3573 2267 τῶν
3619 2232 3773 2287 πρα-

2177 2302 2405 2374 γμάτων
2438 2302 2837 2373 ὲπιπορευθεὶς,
2867 2298 3007 2357 οἶδεν
3037 2303 3072 2357 ἃ
3101 2303 3271 2367 ἔσται,
3304 2304 3363 2357 οὐ
3392 2306 3607 2371 πάντως
3637 2307 3778 2361 ἐκάσ

2181 2411 2290 2466 στῳ
2330 2395 2437 2449 τῶν
2480 2396 2896 2467 γινωσκομένων
2945 2398 3116 2460 αἴτιος
3162 2396 3253 2450 τοῦ
3297 2398 3427 2451 αὐτὸ
3491 2402 3773 2472 συμϐῆναι

2177 2485 2479 2555 τυγχάνων.
2500 2485 2711 2557 ’Ὠσπερ
2738 2485 2846 2556 γὰρ
2878 2483 2931 2536 εἴ
2955 2502 3037 2548 τις
3060 2484 3202 2554 ὀρῶν
3234 2501 3356 2537 τινα
3382 2485 3468 2539 διὰ
3494 2485 3591 2555 μὲν
3620 2487 3774 2558 ἀμα-

2179 2574 2294 2628 θίαν
2325 2576 2592 2646 προπετῆ,
2623 2575 2710 2629 διὰ
2745 2575 2801 2628 δὲ
2828 2575 2926 2644 τὴν
2956 2575 3290 2645 προπέτειαν
3326 2575 3627 2644 ἀλογίστως
3651 2576 3769 2649 (57)

2178 2668 2523 2721 ἐπιϐαίνοντα
2547 2668 2665 2721 ὁδοῦ
2703 2670 3015 2740 ὀλισθηρᾶς,
3041 2670 3133 2722 κα).
3160 2668 3451 2722 καταλάϐοι
3479 2670 3770 2724 πεσεῖσθαι

2177 2760 2572 2833 ὀλισθήσαντα,
2619 2762 2739 2831 οὐχὶ
2792 2762 2961 2825 αἴτιος
3017 2760 3111 2814 τοῦ
3168 2762 3381 2815 ὀλίσθου
3426 2762 3623 2833 ἐκείνῳ
3681 2763 3771 2832 γί-

2177 2869 2353 2907 νεται*
2392 2852 2532 2906 οὕτω
2568 2854 2785 2924 νοητέον
2824 2855 2913 2907 τὸν
2939 2855 3070 2908 Θεὸν
3112 2855 3536 2928 προεωρακότα,
3576 2856 3769 2922 ὁποῖος

2178 2948 2328 3002 ἔσται
2380 2949 2651 3012 ἕκαστος,
2707 2950 2802 3002 καὶ
2861 2948 2957 3013 τὰς
3008 2948 3184 3013 αἰτίας
3227 2948 3321 3002 τοῦ
3369 2949 3607 3003 τοιοῦτον
3665 2952 3769 3004 αὑ-

2176 3042 2268 3095 τὸν
2324 3041 2542 3094 ἔσεσθαι
2599 3040 2979 3113 καθορᾷν,καὶ
3033 3042 3114 3094 ὅτι
3173 3043 3549 3114 ἁμαρτήσεται
3610 3042 3765 3111 τάδε,

486 3161 595 3201 non
628 3158 728 3208 es;
760 3144 830 3197 ita
886 3143 1046 3213 plane
1096 3144 1437 3199 sentiendum
1493 3153 1594 3209 est,
1629 3142 1759 3202 Deo,
1792 3144 1935 3210 quod
1969 3157 2059 3195 cn-

2173 3132 2203 3204 ἢ
2271 3133 2607 3204 κατορθώσει
2668 3133 2793 3186 τάδε
3106 3134 3199 3185 καὶ
3263 3134 3312 3184 εἰ
3370 3133 3475 3205 χρὴ
3544 3132 3761 3201 λέγειν,

483 3235 717 3306 jusmodi
766 3236 995 3303 quisque
1047 3236 1116 3287 sit
1188 3235 1402 3289 futurus
1467 3234 1812 3304 praevidcrit,
1877 3248 2070 3287 causas

484 3327 651 3381 etiam
703 3326 1056 3397 quamobrem
1111 3325 1372 3393 ejusmodi
1416 3330 1488 3381 sit
1538 3323 1786 3392 futurus,
1843 3339 2071 3394 qumque

580 3531 670 3599 52)
707 3532 860 3603 Apud
892 3533 1113 3603 Euseln,
1146 3533 1317 3589 ἔσται.

578 3601 1362 3699 ἓξ)...Ἐξέρῆςῆπῖῑοξιέέίίϋίοο-ν
1393 3605 1663 3699 εειονταιο
1693 3605 1837 3699 ιηνςτλ
1862 3604 2063 3699 Ῡίεοὶο

484 3674 768 3749 legendan
794 3677 1023 3749 videtur,
1044 3678 1178 3749 κάπὶ
1197 3677 1265 3749 τὰ
1290 3674 1615 3749 νομιζόμενα
1638 3675 2060 3749 κατορθώματα.

555 3744 667 3815 (54)
700 3745 932 3820 ξιιμ-ιιι...
954 3746 1015 3798 τὸ
1053 3748 1142 3820 τὸν
1184 3747 1315 3801 Θεὸν
1355 3744 1439 3801 ’τὰ
1482 3744 1746 3819 μέλλοντα
1778 3744 2066 3820 ’προεγνω-

484 3814 742 3886 κέναιητῷ
777 3815 850 3886 μὴ
877 3815 1153 3870 δύνασθαι.

557 3884 673 3955 (55)
704 3884 821 3938 Ὅτι
841 3884 1211 3953 ἐπιϐάλλων,
1243 3899 1346 3944 etc.
1384 3888 1748 3943 Boethiuslib.
1769 3905 1799 3940 v
1824 3889 1899 3943 De
1935 3905 2062 3942 con-

486 3955 614 4017 σοι..
646 3958 851 4029 νιός.ᾲ1
886 3974 898 4008 :
936 3977 954 4008 ι
995 3961 1331 4015 Concurrere
1383 3975 1512 4013 vero
1566 3972 1729 4029 atque
1786 3959 2061 4014 confluere

485 4041 678 4097 causas
704 4027 830 4080 facit
869 4029 1003 4081 ordo
1040 4029 1129 4082 ille
1161 4031 1454 4083 inevitabili
1493 4027 1833 4085 connexione
1865 4044 2060 4097 proce—

482 4095 636 4162 dens,
665 4099 753 4164 ιιιιί
786 4098 849 4151 de
888 4100 1241 4166 providentiae
1284 4101 1432 4154 fonte
1475 4102 1827 4163 descendens,
1863 4095 2060 4154 cuncta

482 4167 760 4241 suis‘locis
793 4169 1235 4241 temporibusque
1262 4171 1517 4239 disponit.
1553 4190 1571 4220 ι
1606 4174 1785 4241 Atque
1816 4170 1943 4223 illud
1978 4178 2063 4224 est

482 4237 626 4305 quod
674 4236 840 4290 fatum
894 4236 1066 4292 Stoici
1107 4236 1469 4307 appellabant,
1513 4258 1542 4294 c.
1589 4236 1819 4306 quorum
1861 4241 2063 4294 scholis

484 4309 649 4361 multa
700 4307 1374 4379 deprompsitOrigenes;
1418 4312 1812 4365 connexionem
1870 4326 2062 4378 nempe

482 4390 687 4447 rerum,
714 4392 876 4446 quam
912 4394 975 4433 ex
1018 4378 1120 4431 illis
1160 4378 1399 4434 nontmlli
1435 4383 1755 4447 pramatioui
1803 4382 1893 4434 Dei
1925 4382 2057 4433 sub-

477 4444 679 4513 jectam
724 4444 866 4511 esse,
907 4448 998 4502 alii
1052 4457 1245 4502 contra
1299 4444 1630 4503 sentiebant.
1668 4449 1801 4503 Vide
1844 4452 2064 4503 Cicero-

482 4532 605 4588 nen_i
637 4515 712 4569 De
744 4519 875 4586 fato,
905 4531 960 4572 et
994 4536 1006 4571 ι
1047 4520 1118 4572 De
1146 4520 1369 4572 divinat.
1397 4537 1415 4585 ;
1447 4519 1794 4573 Plutarchum
1828 4524 1903 4573 De
1926 4522 2061 4588 fata.

482 4594 535 4658 et
564 4586 643 4638 De
670 4588 851 4658 pingit.
886 4589 1202 4658 ιιΙιὶίοεορΙιη
1256 4591 1352 4644 lib.
1392 4607 1427 4653 ι,
1462 4606 1582 4658 cap.
1628 4591 1717 4653 ‘27,
1759 4591 1827 4645 28
1853 4606 1867 4651 ς
1898 4586 2064 4644 Laer-

485 4655 707 4729 tium‘in
740 4655 989 4729 Zenone;
1026 4655 1390 4729 Chrysippum
1428 4655 1566 4728 apud
1597 4660 1827 4714 Gcllittm
1858 4663 1949 4713 lib.
1988 4677 2059 4725 νι,

482 4739 602 4802 cap.
631 4726 722 4802 2;_
738 4728 1009 4802 Plotinum
1031 4726 1272 4784 ennead.’
1303 4747 1382 4793 ιιι,
1412 4726 1504 4784 lib.
1538 4747 1573 4796 i,
1609 4744 1662 4784 et
1694 4733 2058 4802 Augustinum

481 4795 580 4870 lib.
617 4813 658 4870 vi
683 4797 759 4850 De
792 4800 936 4853 civit.
970 4799 1090 4863 Dei,
1125 4817 1245 4870 cap.
1278 4802 1330 4853 8.
1365 4803 1625 4857 “L‘E’I‘IUS.

556 4864 919 4938 (56).rlu~eb.,
955 4870 1165 4933 οὐδενὸς
1192 4864 1453 4925 ἀναιτίου.

554 4937 665 5007 (57)
694 4937 924 5003 Philam,
961 4942 1351 5009 ἀναλογίστως,
1388 4954 1444 4995 et
1494 4943 1654 5007 paulo
1694 4951 1837 5007 post,
1876 4944 2061 4995 πεσεῖ-

484 5005 610 5082 σθαι
646 5005 1035 5082 ὀλισθαίνοντα,
1089 5005 1211 5082 οὖχὶ
1252 5014 1425 5074 αἴτιος
1447 5005 1540 5065 τοῦ
1583 5005 1795 5066 ὀλίσθου
1832 5013 2061 5068 ἐκείνου.

554 5080 668 5149 (58)
696 5081 931 5155 P_Ittloc.,
956 5084 1049 5137 καὶ
1081 5080 1587 5155 ὅτιίάμαρτὴσεται,
1630 5084 1754 5138 τάδε
1781 5088 2062 5153 γινώσκει,

482 5148 533 5205 sl
561 5148 896 5221 κατορθώσει
926 5155 1071 5208 τάδε.

555 5222 668 5292 (59)
704 5224 785 5275 Οὐ
824 5224 939 5290 τὴν
963 5226 1308 5294 πρόγνωσιν
1344 5227 1542 5280 αἰτίαν
1570 5225 1691 5277 τῶν
1720 5223 2067 5294 γινομένων.

484 5289 750 5365 Origenes
778 5294 829 5346 in
864 5289 1169 5365 Γιτιειιιιξιιιο
1198 5297 1388 5351 (ἱνιιξςο
1420 5300 1539 5351 libri
1585 5289 1743 5365 primi
1789 5289 2071 5349 commcn-

490 5363 753 5415 tatiornm
784 5365 835 5415 in
869 5364 1162 5433 Epistulam
1194 5369 1258 5418 ad
1294 5363 1596 5430 Romanos,
1626 5368 1692 5417 ad
1725 5368 1839 5420 hare
1880 5366 2065 5425 verba,

492 5450 511 5483 ί
548 5444 863 5506 δ”ὲζνθὶζξίιιιε
928 5438 988 5506 in
1042 5436 1392 5504 Evangelinm
1444 5438 1533 5491 Dei
1570 5455 1582 5490 :
1618 5455 1636 5487 ι
1674 5438 1747 5488 Οὐ
1791 5436 2070 5506 νομιςςτέον

486 5504 659 5578 τοίνυν
706 5504 1033 5578 αἰτίαν-τών
1086 5502 1359 5578 ἐσομένων
1400 5508 1499 5578 τὴν
1542 5502 1866 5578 πρόγνωσιν
1891 5502 2067 5578 εἶναι·

484 5571 599 5628 ἀλλ’
623 5574 743 5649 επεὶ
762 5574 951 5649 ἔμελλε
974 5571 1219 5649 γίνεσθαι
1242 5578 1360 5649 κατέ
1387 5571 1516 5641 ἰδίοις
1539 5571 1714 5649 ὀρμάς
1736 5580 1826 5631 τοῦ
1855 5576 2066 5631 ποιοῦν-

483 5658 597 5705 ⁸νιος,
628 5642 717 5697 διὰ
758 5642 914 5698 τοῦτο
940 5642 1208 5717 προέγνω.
1245 5668 1263 5699 ι
1307 5648 1529 5701 Minime
1568 5642 1696 5718 big"
1740 5652 2062 5703 existiman-

488 5718 612 5767 dum
638 5730 857 5770 causam
888 5718 1189 5773 futurorum
1216 5722 1608 5788 praenotionem
1633 5737 1751 5776 esse
1779 5738 1789 5772 :
1820 5720 1911 5782 sed
1935 5719 2063 5789 quia

2175 3227 2235 3280 οὑ
2281 3227 2378 3298 τὴν
2428 3226 2733 3297 πρόγνωσιν
2779 3226 2956 3279 αἰτίαν
2995 3225 3293 3295 γινομένων
3332 3225 3442 3297 (59)
3468 3266 3483 3291 ,
3534 3226 3615 3298 (οὐ
3650 3225 3763 3299 γὰρ

2177 3320 2477 3389 ἐφάπτεται
2537 3318 2630 3372 τοῦ
2706 3318 3156 3391 προεγνωσμένου
3214 3317 3674 3390 ἀμαρτησομένου
3732 3319 3763 3373 ὀ

2170 3532 2351 3587 futura
2390 3541 2547 3585 erant
2584 3531 2737 3601 juxta
2772 3532 3021 3599 proprios
3056 3531 3283 3585 affectus
3316 3531 3595 3595 facientis,
3625 3547 3757 3599 pro-

2169 3614 2357 3672 pterea
2391 3604 2708 3669 przcnm'it.»
2747 3603 2808 3654 Et
2848 3603 2936 3655 lib.
2975 3618 3011 3656 it
3047 3615 3232 3673 contra
3261 3601 3469 3655 Celsum
3495 3618 3515 3655 :
3559 3603 3617 3655 Ὁ
3656 3603 3759 3673 μὲν

2170 3674 2375 3737 Κέλσος
2404 3673 2576 3725 οἴεται
2620 3673 2707 3725 διὰ
2746 3673 2904 3725 τοῦτο
2940 3672 3181 3741 γίνεσθαι
3220 3673 3283 3724 τὸ
3314 3674 3416 3725 ὑπό
3446 3690 3592 3735 τινος
3625 3690 3761 3742 προ-

2170 3744 2424 3814 γνώσεως
2443 3743 2752 3805 θεσπισθὲν,
2773 3744 2894 3814 ἐπεὶ
2924 3743 3216 3814 ἐθεσπίσθίη
3241 3760 3254 3772 ·
3287 3745 3463 3814 ἡμεῖς
3486 3744 3563 3805 δὲ,
3599 3745 3759 3814 τοῦτο

2169 3811 2230 3869 οὐ
2256 3816 2505 3877 διδόντες,
2533 3814 2708 3885 φαμὲν
2741 3813 2861 3883 οὐχὶ
2898 3814 2987 3866 τὸν
3029 3811 3359 3885 θεσπίσαντα
3393 3813 3574 3885 ,αἴτιον
3615 3811 3758 3869 εἶναι

2170 3884 2264 3939 τοῦ
2297 3886 2578 3955 ἐσομένου,
2616 3883 2736 3955 ἐπεὶ
2767 3887 3024 3955 προεῖπεν
3055 3884 3186 3955 αὐτὸ
3209 3883 3591 3954 γενησόμενον,
3619 3886 3757 3940 ἀλλὰ

2167 3956 2230 4009 τὸ
2253 3954 2530 4026 ἐσόμενον,
2551 3954 2894 4023 ὲσόμενονίᾶν
2920 3956 3008 4008 καὶ
3032 3954 3105 4026 μὴ
3130 3954 3440 4026 θεσπισθὲν,
3459 3954 3555 4025 τὴν
3574 3957 3755 4012 αἰτίαν

2169 4028 2247 4095 τῷ
2276 4024 2701 4097 προγινώσκοντι
2729 4024 3132 4097 παρεσχηκέναι
3156 4024 3250 4078 τοῦ
3279 4025 3409 4078 αὐτὸ
3450 4024 3750 4096 προειπεῖν.

2176 4117 2194 4150 ι
2229 4096 2417 4150 CuIs'ns
2445 4107 2595 4166 putat
2626 4098 2769 4164 quod
2806 4096 3005 4165 aliquis
3030 4098 3288 4166 praesrius
3315 4097 3592 4163 prmdixit,
3634 4098 3755 4152 ideo

2172 4170 2286 4222 fieri
2319 4168 2443 4237 quia
2478 4168 2795 4234 prmdictum
2836 4178 2919 4219 est
2949 4184 2963 4219 :
2993 4184 3091 4220 nos
3124 4181 3253 4221 vero
3282 4168 3384 4220 hoc
3414 4182 3519 4219 non
3552 4182 3752 4237 conce-

2169 4236 2359 4293 dentes
2395 4238 2573 4291 aimus
2602 4254 2705 4290 ttnn
2748 4237 3120 4304 pnedictorem
3161 4250 3379 4290 causam
3409 4251 3529 4291 esse
3559 4236 3750 4303 futuri,

2171 4311 2264 4362 sed
2309 4308 2551 4361 futurum
2618 4308 2745 4361 illud
2800 4308 2943 4374 quod
2994 4307 3215 4360 omnino
3260 4316 3582 4360 eventurum
3632 4319 3753 4361 erat

2169 4381 2332 4433 etiam
2388 4379 2607 4431 nemine
2658 4378 3019 4446 praedicente,
3088 4378 3467 4445 praecognitori
3525 4392 3750 4432 causam

2121 4488 2142 4531 ι
2171 4449 2496 4531 pnetliceiidi
2531 4448 2843 4531 praebuisse.
2890 4467 2909 4501 ι
2949 4448 3093 4501 Idem
3131 4452 3333 4531 repetit.
3360 4447 3754 4531 inferius-libro

2171 4522 2383 4582 eodem,
2438 4529 2493 4570 el
2544 4520 2638 4572 ιιι».
2682 4533 2757 4573 γιι
2813 4527 3105 4571 comment.
3136 4518 3191 4571 in
3241 4518 3410 4586 Epist.
3467 4521 3533 4571 ad
3586 4519 3748 4573 Rom.

2172 4591 2302 4655 Qua:
2346 4589 2690 4643 ratiocinatio
2742 4589 2935 4659 deinde
2976 4590 3100 4640 trita
3144 4596 3227 4641 est
3264 4598 3319 4642 et
3355 4590 3666 4659 pervulgata
3717 4598 3759 4644 a’

2175 4661 2363 4713 multis
2425 4661 2699 4724 l’alribtts,
2759 4657 2972 4712 Justino
3022 4667 3284 4728 martyre,
3340 4657 3638 4715 Athanasio
3690 4668 3753 4715 et

2170 4732 2581 4801 (Ihrysostomn,
2641 4730 2890 4801 aliisque,
2951 4738 3005 4782 et
3060 4731 3359 4795 praesertim
3405 4746 3433 4782 a
3483 4729 3751 4801 Procopio

2170 4798 2365 4854 Gazam
2399 4801 2450 4852 in
2480 4800 2729 4851 eumdem
2767 4800 2909 4852 hunc
2938 4815 3099 4867 quem
3132 4810 3425 4852 tractamus
3473 4798 3751 4859 Geneseos

2168 4874 2364 4926 locum.
2395 4874 2464 4923 At
2497 4884 2613 4920 cam
2649 4878 2825 4921 tamen
2862 4885 2966 4922 non
2998 4871 3187 4936 probat
3222 4869 3477 4924 Boethius
3506 4872 3597 4927 lib.
3621 4872 3752 4927 vlle

2172 4942 2398 5003 consol.,
2433 4955 2579 5009 pros.
2610 4938 2643 4991 5
2674 4955 2687 4991 :
2717 4956 2734 4988 ι
2770 4938 2953 5007 Neque
2976 4942 3142 5003 enim,
3175 4941 3369 5008 inquit,
3402 4941 3546 4993 illam
3579 4945 3752 5012 probo

2173 5014 2463 5076 rationem,
2495 5024 2600 5076 qua
2638 5022 2696 5062 se
2739 5012 2961 5078 quidam
2990 5012 3215 5064 credunt
3248 5014 3389 5066 lnmc
3431 5015 3749 5079 quaestionis

2174 5083 2375 5138 nodum
2407 5095 2565 5150 posse
2598 5081 2918 5135 dissolvere.
2968 5082 3135 5153 Aiunt
3162 5083 3306 5135 enim
3337 5098 3444 5136 non
3477 5083 3595 5137 ideo
3618 5088 3748 5153 quid

2174 5170 2294 5209 esse
2328 5163 2672 5216 eventurum,
2702 5154 2960 5221 quoniam
3011 5152 3062 5204 id
3109 5152 3455 5208 Providentia
3501 5152 3746 5209 futurum

2169 5240 2289 5279 esse
2318 5224 2694 5292 prospexerit;
2734 5225 2827 5277 sed
2874 5239 2904 5276 e
2937 5226 3214 5276 contrario
3261 5225 3460 5291 potius,
3490 5226 3747 5291 quoniam

2168 5296 2299 5364 quid
2335 5295 2571 5347 futurum
2603 5306 2707 5359 est,
2744 5295 2795 5348 id
2841 5292 3083 5346 divinam
3129 5294 3528 5349 Providentiam
3574 5296 3748 5350 latere

2169 5382 2274 5419 non
2320 5379 2498 5433 posse.
2537 5384 2556 5417 ι
2592 5365 2659 5418 Et
2707 5365 3035 5432 Augustinus
3085 5365 3177 5420 lib.
3224 5381 3292 5418 xv
3336 5365 3415 5418 De
3464 5365 3742 5433 Trinitate,

2167 5452 2288 5505 cap.
2322 5436 2389 5490 15
2417 5455 2429 5490 :
2477 5453 2496 5487 ι
2551 5434 2844 5489 Universas
2869 5445 3148 5489 creaturas
3183 5452 3310 5490 suas
3346 5446 3456 5489 tam
3486 5438 3746 5505 spiritua-

2167 5506 2243 5558 les
2273 5522 2433 5573 quam
2465 5507 2800 5574 corporales,
2830 5520 2933 5559 neu
2965 5508 3091 5575 quia
3117 5518 3265 5572 sunt,
3296 5508 3418 5560 ideo
3448 5507 3615 5572 novit,
3643 5509 3738 5562 sed

2173 5577 2294 5630 idco
2328 5585 2476 5638 sunt,
2511 5580 2635 5639 quia
2683 5577 2849 5630 novit.
2880 5595 2899 5627 ι
2934 5578 3084 5641 Quod
3123 5594 3226 5632 non
3270 5588 3534 5647 repugnat
3564 5587 3742 5633 tamen

2171 5648 2373 5700 usitato
2410 5648 2485 5701 illi
2518 5646 2738 5703 Patrum
2770 5648 3032 5716 dogmati,
3067 5663 3175 5716 quo
3203 5664 3289 5702 res
3321 5646 3442 5701 ideo
3475 5650 3741 5717 praenosci

2169 5718 2426 5772 dicuntur
2462 5734 2490 5772 a
2541 5718 2670 5786 Deo,
2714 5719 2840 5787 quia
2874 5717 3073 5773 futurae
3115 5729 3275 5785 sunt;
3320 5733 3444 5772 nam
3496 5721 3570 5773 ita
3601 5735 3745 5790 prai-
