4000 6146
237 268 303 324 65
1651 276 1717 331 ΙΝ
1760 275 1811 332 GT

1919 275 2083 332 ESIM.
2386 304 2389 308 Α
3442 283 3508 337 δι.

233 383 377 449 Θεὸς,
418 383 543 438 ὅταν
570 387 881 464 ἁμαρτάνῃ
911 391 1041 464 (60)·
1075 391 1213 445 ἀλλά
1242 391 1673 464 παραδοξότερον
1704 394 1811 464 μὲν,

1927 393 1997 448 ab
2048 409 2113 449 eo
2162 393 2245 448 vel
2297 395 2578 465 improbe,
2627 362 2711 450 vel
2768 393 3027 465 praeclare
3083 396 3322 467 gerenda
3372 398 3508 453 sint.

232 476 424 549 ἀληθὲς
466 477 526 531 δὲ
568 479 839 551 ἐροῦμεν,
886 484 948 535 τὸ
990 484 1247 555 ἐσόμενον
1287 484 1459 539 αἴτιον
1491 485 1585 538 τοῦ
1616 484 1825 539 τοιάνδε

232 566 374 625 εἶναι
400 571 492 643 τὴν
519 572 647 644 περὶ
681 574 854 628 αὐτοῦ
886 576 1215 647 πρόγνωσιν.
1255 578 1329 631 Οὐ
1356 576 1464 649 γὰρ
1497 578 1619 631 ἐπεὶ
1653 577 1824 646 ἔγνω-

237 680 383 728 σται,
412 663 641 733 γίνεται,
665 666 781 719 ἀλλ’
816 668 939 722 ἐπεὶ
977 669 1220 737 γίνεσθαι
1252 670 1496 741 ἔμελλεν,
1534 670 1819 739 ἔγνωσται.

233 755 529 827 Διαστολῆς
560 756 617 809 δὲ
661 756 859 814 δεῖται.
896 760 960 812 Εἰ
1002 760 1100 830 μὲν
1131 759 1239 833 γὰρ
1283 761 1364 825 τὸ,
1401 762 1620 824 πάντως
1650 760 1821 822 ἔσται,

232 847 383 900 οὕτω
419 865 504 910 τις
536 849 854 920 ἑρμηνεύει,
888 851 965 914 ὡς
1009 853 1254 923 ἀνάγκην
1295 849 1434 906 εἶναι
1475 853 1727 921 γενέσθαι
1764 853 1825 906 τὸ

236 938 710 1009 προεγνωσμένον,
756 941 818 992 οὐ
872 940 1122 1012 διδόαμεν
1169 941 1352 1012 αὐτῷ’
1405 941 1464 994 οὐ
1504 940 1612 1011 γὰρ
1663 938 1822 1010 ἐροῦ-

237 1045 342 1099 μεν
379 1029 516 1099 (61),
550 1031 671 1084 ἐπεὶ
708 1032 1085 1105 προέγνωσται
1127 1032 1327 1086 Ἰούδαν
1361 1032 1628 1104 προδότην
1668 1032 1821 1100 γενέ-

237 1119 386 1183 σθαι,
414 1121 498 1173 ὅτι
521 1124 673 1175 πᾶσα
701 1123 912 1195 ἀνάγκη
935 1119 1003 1195 ἦν
1039 1125 1236 1177 Ἰούδαν
1261 1123 1526 1197 προδότην
1548 1123 1818 1191 γενέσθαι.

246 1212 340 1264 Ἐν
374 1211 505 1280 γοῦν
536 1217 655 1277 ταῖς
685 1215 816 1284 περὶ
846 1215 940 1268 τοῦ
998 1216 1167 1269 Ἰούδα
1200 1216 1556 1288 προφητείαις
1590 1214 1823 1285 μέμψεις

237 1304 335 1356 καὶ
389 1305 715 1377 κατηγορίαι
769 1305 865 1359 τοῦ
932 1307 1099 1360 Ἰούδα
1153 1307 1638 1377 ἀναγεγραμμέναι
1693 1306 1819 1371 εἰσὶ,

235 1396 406 1449 παντί
428 1414 510 1467 τῳ
536 1399 871 1472 παριστᾶσαι
890 1398 952 1451 τὸ
972 1398 1170 1468 ψεκτὸν
1197 1399 1384 1454 αὐτοῦ.
1417 1397 1531 1450 Οὐκ
1558 1396 1623 1451 ἂν
1648 1398 1705 1451 δὲ
1729 1397 1824 1466 ψό-

229 1504 330 1555 γος
356 1488 510 1559 αὐτῷ
553 1491 918 1561 προσήπτετο,
967 1492 1015 1543 εἰ
1058 1490 1368 1558 ἐπάναγκες
1419 1489 1682 1561 προδότης
1729 1485 1819 1560 ἦν,

231 1581 328 1632 καὶ
367 1580 442 1651 μὴ
478 1580 748 1652 ἐνεδέχετο
780 1581 890 1651 (6Ξ)
919 1582 1079 1636 αὐτὸν
1102 1583 1287 1654 ὅμοιον
1316 1584 1429 1645 τοῖς
1456 1581 1660 1645 λοιποῖς
1688 1582 1822 1634 ἀπο-

231 1671 450 1735 στόλοις
474 1672 747 1739 γενέσθαι.
783 1674 924 1745 Ὅρα
961 1673 1017 1726 δὲ
1048 1675 1096 1726 εἰ
1133 1673 1207 1745 μὴ
1239 1673 1412 1728 ταῦτα
1444 1672 1717 1744 δηλοῦται,
1751 1671 1819 1725 δι’

1932 498 2054 539 esse
2102 493 2408 554 perspecta.
2451 486 2662 554 Atque,
2714 495 2771 537 ut
2818 484 3027 549 libere,
3080 486 3223 556 quod
3267 501 3354 543 res
3400 497 3507 551 est,

1931 576 2274 646 eloquamur,
2336 591 2444 631 non
2499 577 2592 630 Dei
2660 579 2818 632 modo
2877 579 3266 648 praenotionem
3322 595 3507 635 rerum

1931 682 2150 722 causam
2208 682 2313 722 non
2365 681 2486 721 esse
2546 667 2678 741 (nec
2743 669 2886 722 enim
2942 685 3103 738 quem
3150 684 3506 739 peccaturum

1935 759 2033 827 ιι
2062 758 2198 813 Deus
2223 772 2347 814 esse
2371 757 2639 828 praevidit,
2666 773 2791 812 eum
2820 759 2944 812 dum
2971 775 3029 813 re
3055 761 3168 829 ipsa
3196 769 3403 830 peccat,
3431 762 3499 816 ad

1931 852 2140 906 facinus
2165 850 2321 919 quasi
2343 866 2503 904 manu
2527 848 2767 922 deducit)
2795 867 2809 903 :
2839 851 2932 905 sed
2958 852 3121 905 etiam
3141 854 3280 921 quod
3311 868 3340 906 a
3366 869 3508 909 com-

1930 946 2078 996 muni
2107 956 2270 997 sensu
2304 943 2568 996 remotius
2585 941 2827 1011 quidem,
2852 944 2944 995 sed
2978 958 3164 997 verum
3197 952 3373 998 tamen
3397 953 3502 1013 est,

1930 1030 1983 1085 id
2020 1031 2194 1099 ipsum
2240 1030 2378 1098 quod
2430 1028 2668 1083 futurum
2706 1029 2797 1094 sit,
2844 1030 3107 1099 ejusmodi
3152 1035 3507 1103 prrenotionis

1931 1137 2149 1176 causam
2183 1136 2323 1179 esse.
2350 1120 2539 1190 Neque
2568 1123 2714 1176 enim
2747 1122 2955 1177 idcirco
2989 1123 3053 1176 ιιι
3098 1125 3238 1193 quod
3265 1123 3505 1180 futurum

1928 1222 2051 1262 esse
2089 1218 2486 1279 cognoscatur;
2525 1208 2619 1263 sed
2666 1210 2811 1278 quod
2864 1209 3104 1264 futurum
3150 1212 3241 1278 sit,
3298 1213 3504 1270 idcirco

1931 1300 2169 1353 futurum
2215 1314 2337 1355 esse
2378 1301 2738 1370 cognoscitur.
2772 1303 2889 1369 Quo
2923 1304 3138 1373 quidem
3206 1306 3258 1359 in
3306 1321 3505 1375 genere

1930 1393 2276 1447 distinctione
2307 1408 2440 1464 opus
2471 1403 2575 1447 est.
2599 1394 2733 1448 Nam
2770 1397 2813 1450 si
2842 1397 2984 1467 quod
3011 1397 3232 1454 omnino
3262 1398 3502 1454 futurum

1929 1487 2148 1551 dicitur,
2203 1487 2254 1542 id
2309 1488 2380 1541 ita
2427 1487 2550 1557 quis
2595 1488 2843 1558 accipiat,
2888 1489 3111 1557 perinde
3162 1507 3226 1547 ac
3275 1492 3320 1545 si
3356 1491 3503 1562 quod

1927 1578 2219 1649 praevisum
2268 1589 2372 1641 est,
2411 1578 2631 1633 evenire
2674 1594 2898 1634 necesse
2949 1581 3187 1636 sit:hoc
3222 1596 3351 1637 vero
3394 1583 3503 1636 mi-

1928 1672 2074 1726 nime
2103 1670 2318 1725 damus.
2356 1670 2469 1725 Nec
2505 1671 2651 1724 enim
2686 1672 2831 1740 quod
2864 1673 3090 1741 praevisa
3126 1671 3278 1728 Judae
3311 1674 3501 1741 prodi-

229 1756 310 1816 ὧν
342 1763 768 1835 παωθησὸμεοα
798 1764 977 1837 ῥητῶν
1004 1766 1176 1830 οὕτως
1193 1765 1454 1837 ἑχόντων·
1490 1786 1509 1817 ι
1549 1765 1701 1836 Μηδὲ
1732 1783 1811 1835 γε-

1930 1762 2003 1816 tio
2034 1760 2218 1823 fuerit,
2252 1760 2443 1816 Judam
2485 1768 2775 1830 propterea
2817 1766 3126 1819 necessario
3168 1765 3499 1834 proditurem

230 1855 453 1925 νηθήτω
484 1856 790 1926 οἰκτίρμων
814 1860 928 1921 τοῖς
959 1858 1212 1929 ὀρφανοῖς
1241 1858 1429 1923 αὑτοῦ,
1459 1858 1573 1912 ἀνθ’
1611 1851 1686 1911 ὧν
1718 1857 1811 1911 οὐκ

1926 1854 2095 1910 fuisse
2125 1855 2496 1909 concedimus.
2529 1853 2841 1919 Enimvero,
2873 1857 3070 1926 quibus
3106 1857 3157 1911 in
3208 1858 3499 1926 propheta-

232 1946 479 2018 ἐμνήσθη
523 1948 748 2018 ποιῆσαι
800 1948 966 2013 ἕλεος,
1018 1950 1112 2003 καὶ
1166 1950 1487 2015 κατεδίωξεν
1531 1949 1811 2022 ἄνθρωπον

1924 1961 2043 2002 rum
2075 1945 2311 2001 oraculis
2341 1944 2579 2000 futurum
2622 1945 2776 2002 Iuda:
2820 1948 2994 2002 scelus
3027 1946 3377 2017 exprimitur,
3407 1949 3501 2002 iis-

233 2040 439 2111 πένητα
468 2041 565 2094 καὶ
596 2041 809 2112 πτωχὸν
831 2041 964 2113 (65),
990 2044 1083 2097 καὶ
1106 2044 1566 2115 κατανενυγμένον
1592 2041 1656 2109 τῇ
1690 2058 1811 2114 καρ-

1923 2044 2041 2099 dem
2099 2045 2336 2099 hominis
2388 2043 2684 2097 incessitur
2734 2044 3089 2113 carpiturque
3141 2042 3496 2111 improbitas,

228 2131 318 2202 δίᾳ
347 2133 443 2186 τοῦ
478 2133 810 2188 θανατῶσαι.
846 2136 958 2189 Καὶ
988 2134 1243 2206 ἠγάπησε
1276 2138 1536 2210 κατάραν,
1557 2136 1649 2191 καὶ
1699 2135 1811 2207 ἥξει

1924 2145 2085 2207 atque
2109 2136 2348 2190 omnium
2374 2135 2426 2189 in
2460 2135 2634 2190 oculis
2663 2136 2957 2205 indignitas
2985 2136 3100 2203 ejus
3130 2134 3498 2205 probrumque

230 2223 398 2293 αὐτῷ,
435 2225 532 2278 καὶ
561 2226 662 2279 οὐκ
703 2226 966 2298 ἠθέλησεν
1006 2228 1273 2298 εὐλογίαν,
1308 2231 1401 2283 καὶ
1437 2229 1811 2302 μακρυνθήσε·

1927 2229 2250 2284 traducitur.
2281 2226 2383 2294 Qui
2408 2228 2450 2281 si
2483 2227 2549 2280 ad
2577 2228 2940 2297 proditionem
2973 2227 3024 2281 vi
3067 2241 3131 2281 ac
3173 2226 3499 2281 necessitate

222 2331 317 2371 τοι
348 2319 445 2371 ἀπ’
479 2318 669 2373 αὐτοῦ.
716 2339 735 2372 ι

1923 2331 2226 2392 raperetur,
2263 2335 2365 2375 nec
2407 2322 2634 2391 reliquis
2685 2320 2945 2389 apostolis
2995 2335 3092 2390 per
3132 2333 3251 2373 eam
3305 2320 3497 2374 similis

228 2425 350 2465 esse
396 2422 604 2481 posset,
664 2414 813 2468 omni
864 2415 1106 2483 profecto
1150 2417 1384 2472 crimine
1433 2433 1495 2473 ac
1531 2420 1732 2488 probro
1786 2427 2019 2473 vacaret.
2047 2417 2181 2472 Vide
2232 2433 2365 2488 ergo
2416 2434 2544 2472 num
2599 2419 2650 2472 id
2700 2418 2875 2486 ipsum
2928 2416 3144 2470 disertis
3182 2417 3330 2471 hisce
3362 2417 3499 2471 Pro-

229 2506 393 2574 pheta
458 2511 846 2579 conceptisque
885 2514 1063 2567 verbis
1107 2515 1357 2582 aperiat:
1395 2533 1414 2565 ι
1447 2514 1557 2570 Νεε
1594 2516 1665 2569 sit
1729 2517 1823 2585 qni
1860 2516 2183 2570 misereatur
2208 2515 2423 2584 pupillis
2458 2515 2595 2584 ejus,
2625 2530 2721 2580 pro
2754 2528 2818 2568 eo
2865 2513 3010 2582 quod
3058 2527 3162 2566 non
3188 2521 3273 2566 est
3311 2526 3496 2566 recor-

228 2602 393 2657 datus
438 2602 629 2659 facere
664 2606 1116 2671 misericordiam,
1165 2618 1220 2663 et
1253 2620 1570 2677 persecutus
1608 2621 1690 2666 est
1736 2611 2009 2666 hominem
2044 2609 2282 2679 inepem,
2343 2617 2397 2663 et
2446 2610 2753 2664 mendicum
2810 2617 2865 2662 et
2919 2618 3303 2677 compunctum
3337 2606 3497 2662 corde

232 2696 589 2752 mortiﬁcare.
625 2696 693 2750 Et
723 2697 910 2751 dilexit
950 2699 1404 2763 maledictionem,
1439 2710 1494 2757 et
1522 2703 1703 2757 veniet
1726 2704 1807 2769 ei;
1837 2713 1891 2758 et
1921 2701 2094 2756 noluit
2117 2700 2574 2766 benedictionem,
2599 2711 2652 2755 et
2683 2699 3023 2770 elongabitur
3046 2700 3112 2752 ab
3138 2714 3203 2752 eo
3233 2698 3301 2750 ιδ.
3334 2716 3353 2749 ι

303 2790 367 2843 Εἰ
387 2791 445 2843 δέ
466 2808 554 2855 τις
573 2792 898 2864 διηγήσεται
924 2794 1007 2858 τὸ,
1028 2794 1246 2859 πάντως
1272 2795 1444 2863 ἔσται,
1464 2796 1606 2851 κατὰ
1627 2798 1687 2850 τὸ
1711 2797 1811 2870 (64]

1994 2796 2047 2850 7.
2077 2796 2170 2850 Sin
2202 2806 2380 2849 autem
2419 2796 2546 2850 illud
2581 2797 2746 2860 idem,
2784 2794 2927 2865 quod
2976 2794 3197 2848 omnino
3245 2793 3486 2849 futurum

230 2882 519 2953 σημαίνειν
542 2884 697 2948 αὐτὸ,
726 2885 921 2954 λέγων,
945 2887 1027 2939 ὅτι
1060 2887 1213 2941 ἔσται
1250 2889 1347 2959 μὲν
1376 2890 1503 2943 τάδε
1528 2889 1671 2954 τινὰ,
1706 2892 1811 2943 ἑνε-

1922 2889 2143 2953 dicitur,
2176 2890 2250 2942 ita
2289 2889 2434 2958 quis,
2467 2899 2625 2957 prout
2660 2886 3084 2943 asseverationis
3116 2886 3236 2958 ejus
3282 2887 3493 2959 signiti-

227 2972 417 3041 δέκετο
438 2972 496 3025 δὲ
524 2973 621 3026 καὶ
649 2975 852 3047 ἑτέρως
883 2975 1156 3045 γενέσθαι,
1178 2976 1335 3031 τοῦτο
1358 2977 1434 3041 ὡς
1460 2979 1657 3049 ἀληθὲς
1688 2996 1811 3049 συγ-

1924 2983 2071 3037 catio
2102 2982 2353 3052 postulat,
2404 2981 2712 3050 intelliget;
2767 2981 2922 3051 quasi
2969 2979 3213 3035 futurum
3245 2981 3316 3035 sit
3363 2981 3492 3035 illud

227 3066 537 3137 χωροῦμεν.
596 3067 698 3120 Τὸν
754 3069 854 3139 μὲν
892 3069 1001 3141 γὰρ
1044 3069 1177 3123 Θεὸν
1227 3070 1335 3141 (65)
1395 3072 1495 3125 οὐκ
1549 3073 1811 3144 ἐνδέχεται

1921 3075 2161 3143 quidem,
2189 3083 2443 3129 caeterum
2474 3073 2633 3126 aliter
2657 3073 2819 3126 etiam
2849 3072 3066 3127 evenire
3096 3075 3358 3142 potuisset
3393 3087 3407 3123 :
3440 3073 3492 3128 id

224 3154 568 3225 ψεύσασθαιο
608 3157 879 3228 ἐνδέχεται
914 3159 969 3211 δὲ
1002 3161 1129 3232 περὶ
1172 3161 1280 3215 τῶν
1312 3162 1671 3233 ἐνδεχομένων
1713 3181 1807 3232 γε-

1919 3177 2175 3235 tanquam
2228 3180 2417 3218 verum
2469 3163 2611 3218 ultro
2662 3163 2916 3219 fatemur.
2967 3163 3100 3218 Nam
3154 3173 3213 3219 ut
3266 3156 3490 3219 mentiri

225 3246 440 3312 νέσθαι,
476 3249 573 3302 καὶ
612 3250 685 3321 μὴ
714 3249 965 3318 γενέσθαι
1000 3253 1264 3323 φρονῆσαι
1295 3253 1355 3306 τὸ
1391 3253 1642 3323 γενέσθαι
1676 3255 1811 3309 αὐτά

1919 3257 2055 3313 Deus
2092 3257 2310 3328 fallique
2344 3273 2446 3311 non
2482 3267 2680 3328 potest,
2711 3258 2785 3311 ita
2812 3273 2930 3325 quae
2956 3256 3070 3313 ﬁeri
3107 3272 3260 3326 teque
3289 3274 3352 3310 ac
3380 3272 3487 3312 non

223 3340 322 3393 καὶ
365 3340 431 3392 τὸ
472 3340 547 3411 μὴ
592 3341 863 3408 γενέσθαι.
911 3344 1249 3414 Σαφέστερον
1280 3345 1336 3398 δὲ
1382 3345 1541 3400 τοῦτο
1582 3347 1811 3419 ἐροῦμεν

1919 3347 2031 3402 ﬁeri
2064 3357 2307 3417 possunt.
2341 3348 2528 3402 eadem
2572 3350 2686 3416 ipse
2724 3346 2903 3402 futura
2941 3363 3101 3402 nosse
3133 3349 3358 3419 pariter,
3390 3356 3485 3401 aut

221 3430 405 3493 οὕτως
426 3449 439 3462 ·
476 3432 541 3485 Εἰ
574 3432 844 3503 ἐνδέχεται
890 3435 1087 3489 Ἰούδαν
1120 3433 1259 3490 εἶναι
1291 3438 1586 3491 ἀπόστολον
1614 3440 1814 3510 ὁμοίως

225 3527 442 3599 Πέτρῳ,
480 3526 755 3597 ἐνδέχεται
782 3527 873 3580 τὸν
904 3528 1035 3582 Θεὸν
1069 3529 1259 3600 νοῆσαι
1304 3530 1430 3601 περ).
1476 3529 1569 3583 τοῦ
1622 3531 1809 3596 Ἰούδα,

227 3618 310 3672 ὃτι
348 3622 500 3689 μενεῖ
523 3619 818 3683 ἀπόστολος
841 3609 1039 3691 ὁμοίως
1067 3621 1278 3693 Πέτρῳ.
1309 3623 1372 3674 Εἰ
1401 3622 1669 3694 ἐνδέχεται
1702 3624 1837 3694 (66)

242 3711 440 3764 Ἰούδαν
485 3711 750 3784 προδότην
785 3712 1057 3781 γενέσθαι,
1100 3713 1367 3784 ἐνδέχεται
1399 3715 1460 3769 τὸ
1504 3716 1637 3770 Θεὸν
1678 3735 1810 3789 φρο-

229 3804 389 3875 νῆσαι
419 3806 549 3876 περὶ
571 3804 761 3870 αὐτοῦ,
787 3807 869 3859 ὅτι
892 3806 1155 3878 προδότης
1178 3806 1349 3861 ἔσται.
1381 3808 1443 3861 Εἰ
1465 3809 1522 3862 δὲ
1547 3811 1812 3881 προδότης

228 3896 381 3951 ἔσται
421 3899 643 3963 Ἰούδας,
673 3900 702 3951 ὁ
723 3898 856 3962 Θεὸς
883 3902 948 3970 τῇ
983 3898 1282 3971 προγνώσει
1309 3900 1473 3954 αὑτοῦ
1496 3901 1603 3955 τῶν
1626 3921 1809 3974 προει-

234 3989 488 4059 ρημένων
518 3987 631 4052 δύο,
679 3989 1029 4060 ἐνδεχομένου
1061 3988 1156 4043 τοῦ
1200 3985 1338 4045 εἶναι
1387 3993 1466 4046 ἐνὶ
1505 3993 1703 4056 αὐτῶν,
1751 3994 1811 4048 τὸ

227 4077 429 4150 ἀληθὲς
480 4078 873 4150 προγινώσκων
908 4080 1038 4152 (67),
1072 4080 1445 4154 προγνώσεται
1491 4084 1583 4137 τὸν
1611 4085 1809 4139 Ἰούδαν

231 4170 499 4241 προδότην
520 4172 803 4241 γενέσθαι·
830 4173 894 4225 τὸ
924 4173 978 4226 δὲ
1005 4169 1213 4246 περὶοῦ
1236 4177 1268 4245 ἡ
1295 4175 1515 4245 γνῶσις,
1542 4177 1809 4250 ἐνδέχεται

228 4262 323 4316 καὶ
371 4263 578 4334 ἑτέρως
613 4264 886 4333 γενέσθαι.
927 4266 1037 4318 Καὶ
1085 4266 1231 4336 λέγοι
1271 4266 1335 4320 ἂν
1386 4269 1418 4338 ἡ
1469 4268 1671 4336 γνῶσις
1714 4271 1808 4324 τοῦ

230 4354 387 4420 Θεοῦ,
406 4355 800 4426 ᾶτιἙνδέχεται
829 4357 927 4428 μὲν
955 4358 1103 4411 τόνδε
1130 4360 1249 4413 τόδε
1283 4361 1524 4432 ποιῆσαι,
1555 4361 1690 4416 ἀλλά
1718 4364 1810 4416 καὶ

227 4449 289 4503 τὸ
329 4448 606 4503 ἐναντίον·
656 4451 1018 4521 ἐνδεχομένων
1057 4451 1113 4505 δὲ
1150 4453 1498 4524 ἀμφοτέρων,
1549 4448 1684 4521 οῖδα,
1727 4457 1810 4509 ὅτι

227 4543 345 4597 τόδε
369 4545 590 4617 ποιήσει
616 4543 753 4614 (68)’
788 4544 847 4596 οὐ
879 4544 986 4618 γάρ
1009 4543 1196 4615 ὥσπερ
1221 4548 1248 4598 ὁ
1271 4545 1402 4609 Θεὸς
1426 4547 1567 4600 εῐποι
1596 4546 1683 4611 ἂν,
1697 4547 1810 4602 Οὐκ

228 4634 500 4706 ἐνδέχεται
550 4635 699 4691 τόνδε
750 4635 875 4690 τινὰ
921 4636 1012 4690 τὸν
1067 4636 1350 4707 ἄνθρωπον
1400 4638 1618 4709 πτῆναι,
1666 4638 1809 4694 οὕτω

301 4756 348 4789 ⁸⁸
375 4755 469 4811 Ps.
492 4769 643 4816 cvnt,
686 4751 882 4820 12,16,
922 4754 1008 4818 17,
1047 4753 1133 4807 18.

232 4872 379 4927 nosci
422 4871 678 4924 dicuntur
717 4870 939 4924 nctione
971 4886 1063 4924 seu
1109 4870 1333 4925 scientia
1371 4885 1532 4937 quam
1574 4867 1800 4923 visionis

231 4942 505 5012 appellant
535 4943 917 5012 :_Angustintts
951 4951 1125 4993 autem
1153 4943 1296 5012 “ideo
1344 4956 1434 5012 res
1456 4954 1612 5012 esse
1642 4940 1799 5012 dixit,

231 5008 354 5080 quia
386 5011 537 5066 novit
564 5010 725 5072 Deus,
761 5011 981 5080 notione
1024 5010 1270 5064 videlicet
1309 5010 1573 5080 simplicis
1603 5008 1802 5061 intelli-

233 5079 452 5152 gentiae,
492 5089 552 5152 ut
581 5091 816 5152 forant.
854 5079 970 5145 Quo
1010 5082 1200 5152 recidit
1248 5081 1446 5135 solutio
1495 5079 1579 5132 illa
1636 5094 1802 5152 quam

230 5149 452 5206 adhibet
484 5151 543 5207 S.
580 5149 820 5203 Thomas
870 5165 921 5216 ιι.
957 5165 995 5213 ι,
1032 5166 1088 5218 q.
1140 5151 1222 5213 l4,
1271 5165 1321 5202 ιι.
1365 5153 1417 5211 8,
1473 5150 1801 5217 respondens

232 5221 349 5276 loco
380 5220 632 5290 Urigenis
661 5235 726 5273 ex
758 5219 983 5288 Epistol.
1027 5223 1095 5273 ad
1144 5219 1299 5273 Rom.
1335 5220 1586 5286 obiecto:
1621 5237 1640 5271 ι
1676 5218 1801 5273 Ori-

230 5308 414 5359 genes,
449 5291 645 5359 inquit,
670 5290 885 5344 locutus
908 5299 992 5344 est
1023 5291 1303 5345 attendens
1332 5293 1595 5343 rationem
1623 5290 1803 5359 scien-

233 5364 340 5423 tiae,
364 5362 450 5415 cui
479 5358 585 5414 nun
620 5360 885 5427 competit
917 5361 1056 5413 ratio
1085 5360 1446 5422 causalitatis,
1476 5359 1576 5412 nisi
1610 5358 1802 5425 adjun-

230 5446 314 5485 cta
347 5432 647 5486 voluntate.
683 5429 789 5484 Sed
823 5431 964 5497 quod
1001 5431 1130 5483 dicit
1177 5430 1298 5483 ideo
1340 5430 1590 5498 praescire
1630 5428 1798 5483 Deum

233 5502 432 5572 aliqua,
464 5502 590 5570 quia
625 5509 754 5554 sunt
792 5498 995 5561 futura,
1027 5498 1430 5572 intelligendum
1477 5507 1562 5553 est
1603 5513 1798 5553 secun-

231 5570 353 5626 dum
384 5586 604 5626 causam
635 5572 1060 5637 consequentite,
1091 5585 1195 5623 non
1231 5570 1527 5624 secundum
1573 5584 1794 5623 causam

230 5643 460 5696 essendi.
488 5641 758 5710 Sequitur
786 5640 954 5704 enim,
984 5642 1026 5695 si
1056 5640 1230 5708 aliqua
1265 5647 1392 5693 sunt
1423 5638 1626 5710 futura,
1653 5638 1797 5707 quod

232 5710 372 5765 Deus
400 5728 461 5766 ea
501 5710 849 5780 przeseierit,
902 5727 1004 5763 non
1023 5719 1237 5780 “tamen
1289 5723 1376 5765 res

230 5798 389 5838 causa
425 5777 573 5853 quod
608 5779 753 5836 Deus
787 5781 947 5836 sciat.
969 5800 989 5835 ι
1021 5777 1280 5835 Hunnus.

1917 3455 2023 3493 non
2064 3439 2243 3493 futura
2275 3449 2473 3509 potest.
2503 3438 2700 3493 Verum
2731 3439 3018 3493 dilucidius
3046 3438 3148 3493 hac
3173 3439 3239 3493 de
3260 3452 3317 3491 re
3345 3438 3487 3493 hunc

1915 3532 1968 3586 in
2005 3532 2226 3585 modum
2281 3540 2611 3585 statuemus:
2645 3529 2701 3583 Si
2748 3529 2909 3584 Petro
2957 3528 3152 3584 similis
3208 3529 3490 3598 apostolus

1914 3621 2080 3678 Judas
2108 3638 2228 3677 esse
2257 3631 2455 3693 potest,
2486 3631 2663 3692 potest
2690 3622 2853 3676 etiam
2890 3622 3028 3677 Deus
3050 3619 3242 3677 Iudam
3273 3632 3491 3691 aposto-

1916 3714 2025 3769 lum
2066 3714 2230 3770 Petro
2260 3715 2495 3769 similem
2533 3712 2775 3769 futurum
2816 3726 3168 3785 cognoscere.
3201 3713 3483 3777 Similiter,

1915 3808 1961 3862 si
1990 3808 2232 3875 proditor
2282 3809 2451 3864 Judas
2486 3824 2607 3866 esse
2636 3816 2836 3876 potest,
2878 3813 3053 3875 potest
3081 3819 3296 3874 quoque
3346 3805 3486 3859 Deus

1916 3901 2067 3955 illum
2101 3915 2261 3955 nosse
2286 3901 2618 3970 proditorem
2642 3900 2906 3955 futurum.
2932 3895 3051 3952 Jam
3078 3897 3123 3952 si
3154 3898 3330 3966 reipsa
3358 3911 3485 3966 pro-

1916 3996 2059 4050 ditor
2091 3993 2259 4049 Judas
2284 3994 2412 4057 erit,
2442 3994 2585 4048 Deus
2616 4005 2748 4048 sane
2771 3990 2860 4059 qui
2897 3998 3184 4059 utrumque
3216 3986 3345 4042 illud
3367 3986 3484 4042 ﬁeri

1915 4102 2079 4156 posse
2108 4085 2390 4155 praenovit,
2422 4102 2545 4140 cum
2581 4086 2635 4139 in
2664 4098 2829 4138 unum
2861 4082 3023 4136 cadat
3067 4091 3127 4134 ut
3167 4079 3484 4145 contingen-

1916 4189 1998 4233 ter
2026 4178 2139 4245 ﬁat,
2172 4181 2247 4233 rei
2278 4180 2560 4233 veritatem
2608 4187 2976 4245 przenoscens,
3018 4170 3210 4225 Judam
3259 4185 3319 4225 re
3351 4171 3472 4239 ipsa

1914 4273 2249 4342 proditorem
2301 4270 2542 4325 futurum
2591 4276 2910 4339 praenoscet,
2954 4280 3076 4319 cum
3107 4264 3313 4317 interea
3339 4262 3482 4332 quod

1914 4376 2038 4414 eum
2072 4361 2123 4413 in
2150 4361 2368 4414 modum
2413 4359 2716 4430 cognoscit,
2775 4356 2936 4411 aliter
2988 4370 3055 4408 ex
3102 4368 3225 4409 sese
3263 4356 3483 4408 evenire

1841 4501 1884 4555 Β
1916 4462 2117 4522 posset.
2168 4451 2356 4522 Itaque
2407 4467 2517 4507 non
2578 4451 2847 4506 immerito
2915 4449 3109 4503 divina:
3159 4447 3481 4518 prtenotioni

1915 4545 2179 4615 ejusmodi
2211 4546 2386 4599 oratio
2422 4544 2693 4599 tribuatur
2718 4541 3004 4597 :Accidere
3034 4539 3255 4594 omnino
3281 4549 3476 4608 potest.

1916 4647 1971 4691 ut
2000 4638 2099 4693 hoc
2123 4637 2190 4691 ab
2211 4636 2314 4691 isto
2350 4636 2470 4703 ﬁat;
2495 4651 2595 4691 nec
2617 4633 2796 4689 minus
2821 4644 3001 4688 tamen
3029 4642 3089 4686 ut
3112 4634 3477 4687 contrarium:

1984 4862 2097 4934 (60)
2141 4863 2317 4917 Ὅταν
2361 4861 2687 4933 ἁμαρτάνῃ.
2744 4860 2865 4916 llaec
2906 4862 2958 4915 in
2995 4857 3293 4915 Philocaiia
3336 4857 3479 4913 desi-

1910 4934 2186 4988 derantnr.

1984 5003 2097 5073 (bl)
2141 5005 2222 5056 οὐ
2265 5001 2375 5072 γὰρ
2405 5002 2677 5071 ἐροῦμεν,
2712 5011 2816 5057 etc.
2845 5000 2973 5067 Qua:
3021 5012 3339 5070 sequuntur,
3383 5003 3481 5058 iis-

1912 5074 2031 5126 dem
2068 5074 2182 5127 fere
2222 5076 2404 5127 verbis
2444 5076 2494 5126 in
2531 5073 2986 5127 eonnnentarium
3017 5087 3172 5125 suum
3204 5074 3478 5130 transtulit

1910 5142 2206 5211 Procopius
2232 5142 2476 5198 Gazmns.

2004 5215 2091 5285 62)
2135 5215 2363 5285 Philam.
2396 5212 2690 5285 ἐνεδέχετο.
2731 5211 2957 5285 Euseb.,
2979 5211 3283 5285 ἀνεδέχετο.

2004 5281 2092 5353 65)
2133 5283 2243 5335 Καὶ
2271 5285 2528 5351 πτωχόν.
2549 5281 2724 5336 ίυεεει
2756 5284 2805 5335 in
2842 5281 3155 5353 Plit/ocalia.

1979 5351 2092 5485 (64)
2133 5354 2294 5408 Κατὰ
2327 5356 2411 5407 τό.
2452 5353 2677 5410 Philae”
2705 5351 3000 5406 καὶτοῦτο.

2006 5426 2096 5485 65)
2144 5422 2460 5485 ΡΙιὶΙοειιιὲιι,
2491 5421 2566 5485 ὡς
2598 5423 2811 5485 ἁληῢῶς
2846 5439 3000 5485 συγχι

2006 5421 2096 5497 65)
2133 5422 2460 5497 ΔΡΙιὶΙοειιιὲιι,
2491 5421 2566 5485 ὡς
2598 5423 2811 5492 ἁληῢῶς
2846 5422 3253 5495 συγχωροῦμεν,
3282 5422 3349 5476 El
3376 5421 3476 5497 μὲν

1905 5493 2026 5566 γάρῗ
2045 5494 2196 5566 Θεόν.

2002 5565 2089 5633 66)
2137 5564 2361 5626 Philoc.,
2452 5563 2500 5616 εὶ
2526 5561 2818 5631 ἐνδέχεται.

2002 5566 2067 5618 66
2137 5566 2361 5626 Philoc.,
2392 5566 2424 5633 ἢ
2452 5566 2500 5616 εὶ
2526 5566 2818 5631 ἐνδέχεται.

1977 5566 2089 5706 (67)
2131 5632 2469 5706 ΕιιεεΙι.,,δύο
2500 5636 2819 5700 γεγονότων,
2850 5632 2944 5686 τοῦ
2976 5629 3112 5687 εἶναι
3140 5633 3200 5684 ὲν
3234 5629 3383 5703 αὐτῷ
3409 5628 3472 5686 τὸ

1426 5708 1625 5764 futura:
1670 5701 1800 5764 sunt
1904 5701 2555 5777 alqﬁégdtpoytvtbaacpav.

1978 5770 2088 5848 (‘58)
2129 5770 2352 5841 Euseb.,
2387 5772 2513 5825 τάδε
2546 5770 2780 5841 ποιήσει.
