4000 6146
504 188 572 243 67

1950 186 2295 245 ORIGENES

3715 184 3790 239 68

504 321 606 377 ego
639 321 792 376 vero,
826 323 950 364 cum
990 305 1108 362 fieri
1151 315 1445 378 utrumque
1474 307 1669 379 possit,
1700 306 1933 364 alterum
1981 308 2076 364 hoc

2190 304 2457 378 χρησμὸν,
2511 304 2644 376 φέρε
2678 304 2874 367 εἰπεῖν,
2915 300 3041 372 περί
3085 316 3231 363 τινος
3272 297 3469 366 διδοὺς,
3512 298 3653 373 ἐρεῖ,
3702 300 3796 355 ὅτι

504 399 744 456 futurum
781 400 923 456 novi.
954 400 1140 471 Neque
1169 401 1313 456 enim
1343 402 1802 472 quemadmodum
1829 402 1970 459 Deus
2001 404 2087 459 di-

506 495 648 550 xerit
679 494 850 551 :Fieri
885 510 990 550 non
1017 503 1198 566 potest
1234 503 1292 549 ut
1329 494 1418 548 hic
1444 495 1607 551 homo
1634 496 1815 563 volet;
1860 497 1933 551 ita
1963 513 2086 552 ora-

505 585 683 639 culum
716 594 843 654 puta
875 586 942 641 de
973 587 1158 658 aliquo
1192 586 1446 653 reddens,
1471 588 1614 644 hunc
1640 599 1733 644 aut
1763 588 1914 646 illum
1943 599 2084 645 tem-

504 684 783 743 perantem
828 678 942 732 ﬁeri
990 694 1097 734 non
1160 694 1317 749 posse
1366 682 1529 738 dicet.
1574 681 1708 738 Nam
1760 697 1884 738 cum
1935 683 2081 738 nulla

501 778 727 832 prorsus
752 768 817 822 ad
845 768 1134 825 velandum
1171 770 1427 828 facultate
1459 773 1757 830 instructus
1791 776 1895 846 12
1922 776 2085 831 homo

500 856 594 922 sit,
627 856 871 927 ejusdem
898 871 1078 917 tamen
1116 865 1398 932 potestatis
1436 874 1546 931 est,
1580 867 1661 923 vel
1688 876 2080 937 temperanter,

498 951 589 1006 vel
618 951 1054 1025 intemperanter
1081 957 1284 1014 vivere.
1314 958 1391 1014 Ita
1423 975 1547 1015 cum
1592 970 1883 1032 utramque
1917 961 2084 1018 facul-

501 1051 667 1100 tatem
708 1045 931 1114 habeat,
962 1048 1056 1119 qui
1090 1049 1499 1106 cohortationes
1541 1058 1600 1104 et
1642 1050 1901 1107 doctrinas
1944 1066 2084 1119 pra:-

497 1145 654 1204 cepta
690 1137 933 1207 negligit,
970 1139 1227 1194 deteriori
1257 1153 1379 1194 sese
1413 1138 1716 1209 permittit;
1748 1140 1840 1210 qui
1862 1140 1989 1194 vitae
2014 1139 2081 1195 ad

497 1235 749 1291 veritatis
779 1246 1029 1287 normam
1058 1231 1341 1302 exigenda:
1381 1231 1586 1296 studio,
1614 1232 1668 1286 in
1699 1231 1815 1300 ejus
1855 1232 2081 1302 indaga-

502 1326 651 1382 tione
683 1336 954 1390 versatur,
983 1324 1030 1379 is
1062 1326 1128 1379 ad
1168 1322 1448 1380 meliorem
1479 1339 1599 1381 sese
1643 1325 1912 1395 adjungit.
1961 1324 2081 1380 Cae-

501 1425 676 1473 terum
697 1416 841 1485 quod
875 1416 1016 1470 alter
1042 1415 1110 1469 de
1141 1429 1271 1469 vero
1299 1416 1606 1485 indagando
1641 1416 1823 1472 minus
1843 1416 2072 1481 laboret,

497 1509 791 1580 voluptatis
835 1508 887 1563 id
935 1507 1236 1578 cupiditate
1281 1508 1371 1575 fit;
1429 1508 1569 1563 alter
1616 1523 1746 1563 vero
1779 1509 1924 1578 quod
1963 1509 2081 1578 ejus

498 1603 680 1657 studio
722 1616 1053 1673 magnopere
1085 1611 1357 1667 teneatur,
1392 1603 1459 1656 ad
1507 1602 1562 1657 id
1596 1603 1795 1673 partim
1827 1603 1944 1674 ipsa
1975 1619 2073 1658 no-

497 1698 644 1751 tione
673 1708 946 1764 sensuque
979 1695 1280 1759 commnni,
1327 1694 1526 1763 partim
1556 1694 1941 1750 cohortatione
1982 1697 2078 1749 ad-

494 1789 695 1845 ductus
730 1797 835 1844 est.
871 1786 1147 1843 Praeterea
1173 1786 1506 1855 voluptatem
1536 1789 1675 1842 alter
1701 1802 1809 1842 non
1837 1804 1902 1842 eo
1929 1803 2077 1843 com-
2111 1770 2153 1825 Β

495 1881 769 1949 plectitur,
810 1878 952 1949 quod
995 1880 1254 1933 adversus
1284 1892 1407 1933 eam
1460 1880 1763 1934 consistere
1813 1887 2069 1948 nequeat,

494 1977 589 2033 sed
616 1975 760 2044 quod
802 1987 1046 2044 pugnare
1084 1986 1208 2026 cum
1244 1986 1307 2025 ea
1354 1971 1661 2043 luctarique
1692 1972 1862 2038 nolit;
1902 1972 2079 2028 calcat

494 2068 746 2123 eamdem
777 2066 936 2130 alter,
967 2064 1112 2134 quod
1135 2063 1446 2133 adjunctam
1472 2066 1520 2119 ei
1553 2076 1611 2120 ut
1639 2065 1931 2136 plurimum
1959 2074 2076 2119 lur—

493 2162 793 2234 pitudincm
822 2161 964 2216 ferre
990 2176 1095 2214 non
1112 2161 1301 2232 possit.
1325 2159 1402 2213 Ac
1422 2159 1623 2213 nullam
1655 2174 1878 2229 prorsus
1897 2176 1924 2213 a
1941 2160 2079 2213 divi-

493 2270 565 2311 na
595 2252 953 2323 pt'arnotione,
990 2252 1156 2309 rebus
1185 2253 1253 2308 iis
1294 2267 1432 2323 quas
1469 2253 1749 2322 praevidet,
1787 2253 2078 2307 necessita-

494 2354 604 2402 tem
659 2347 887 2416 imponi,
939 2362 1064 2401 cum
1121 2346 1495 2417 superioribus
1550 2347 1906 2417 argumentis,
1964 2356 2075 2400 tum

494 2436 597 2493 hoc
622 2437 846 2505 insuper
879 2435 1135 2500 cl'licitur,
1159 2438 1303 2506 quod
1337 2439 1388 2491 in
1425 2439 1604 2505 sacris
1638 2438 1840 2507 passim
1878 2436 2077 2492 litteris

493 2532 781 2601 prophetae
834 2531 899 2586 ad
937 2530 1317 2600 ptenitentiam
1372 2531 1624 2586 homines
1670 2530 1943 2587 cohortari
1990 2529 2078 2601 ju-

492 2620 749 2689 beantur,
781 2622 945 2690 idque
980 2622 1229 2693 perinde,
1258 2638 1321 2677 ac
1350 2622 1393 2678 si
1421 2633 1600 2677 utrum
1632 2624 1666 2678 ii
1706 2623 1981 2679 meliorem
2007 2623 2074 2678 ad

493 2711 706 2783 frugem
736 2729 857 2769 sese
886 2716 1182 2785 recepturi,
1217 2732 1285 2771 an
1318 2715 1431 2771 suis
1458 2716 1510 2770 in
1538 2716 1841 2772 sceleribus
1876 2715 2075 2771 haesuri

492 2821 653 2875 porro
681 2821 745 2860 ac
775 2807 1059 2876 pcrstituri
1096 2808 1225 2872 sint,
1275 2808 1575 2877 ignoraret.
1617 2809 1713 2863 Sic
1746 2811 1891 2879 apud
1924 2809 2079 2865 lere-

494 2897 658 2949 miam
700 2897 934 2950 habetur
964 2914 979 2953 :
1018 2916 1038 2949 ι
1072 2899 1326 2954 Forsitan
1363 2899 1611 2962 audient,
1640 2911 1693 2953 et
1722 2911 1881 2969 agent
1903 2900 2076 2968 paeni-

494 2987 717 3042 tentiam
753 2988 822 3047 ".
857 3009 877 3041 ι
900 2987 1086 3059 Neque
1110 2996 1258 3049 enim
1284 2993 1427 3061 quod
1445 2991 1686 3047 audituri
1716 2992 1846 3055 sint,
1880 3007 2072 3057 necne,

494 3079 674 3136 minus
704 3081 989 3151 intelligat,
1017 3084 1220 3141 idcirco
1251 3086 1396 3140 hunc
1427 3086 1482 3139 in
1508 3086 1723 3139 modum
1757 3086 1871 3155 ipse
1897 3085 2076 3156 loqui-

2195 400 2309 456 Οὐκ
2338 397 2611 470 ἐνδέχεται
2643 397 2794 452 τόνδε
2842 394 3211 467 σωφρονῆσαι.
3246 392 3487 465 Δύναμις
3532 393 3632 464 μὲν
3680 394 3800 465 γὰρ

2194 493 2370 566 πάντη
2401 494 2502 547 οὑκ
2524 491 2640 545 ἔστι
2668 489 2763 546 τού
2793 490 2992 563 πτῆναι
3019 487 3271 559 οὐδαμῶς
3296 489 3354 541 ἐν
3380 485 3460 558 τῷ
3483 487 3793 559 ἀνθρώπῳ,

2187 586 2416 658 δύναμις
2440 585 2500 639 δέ
2531 586 2649 638 ἐστι
2675 583 2770 638 τοῦ
2818 582 3185 654 σωφρονῆσαι,
3221 581 3316 634 καὶ
3344 578 3440 635 τοῦ
3470 580 3795 651 ἀκολαστῆ-

2190 696 2305 733 σαι.
2353 674 2455 732 Ὧν
2488 676 2814 747 ἀμφοτέρων
2859 676 3142 745 δυνάμεων
3194 671 3579 746 ὑπαρχουσῶν,
3624 673 3659 724 ὁ
3714 673 3793 744 μὴ

2188 772 2467 845 προσέχων
2495 771 2674 839 λόγοις
2720 770 3164 841 ἐπιστρεπτικοῖς
3204 766 3313 840 (69)
3360 767 3455 820 καὶ
3500 765 3793 821 παιδευτι-

2187 868 2302 929 κοίς
2348 864 2539 918 ἑαυτὸν
2582 862 2859 916 ἐπιδίδωσι
2906 865 2972 934 τῇ
3010 861 3291 935 χειρίστῃο
3337 859 3605 931 κρείττονι
3649 857 3717 911 δὲ
3762 859 3793 910 ό

2186 957 2428 1030 ζητήσας
2459 958 2521 1011 τὸ
2565 955 2786 1027 ἀληθὲς,
2830 955 2928 1009 καὶ
2974 954 3171 1025 βιῶσαι
3215 953 3613 1025 βεϐουλημένος
3655 968 3773 1006 κατ

2182 1053 2333 1106 αὑτό.
2380 1053 2453 1105 Οὑ
2494 1050 2650 1122 ζητεῖ
2684 1049 2741 1103 δὲ
2782 1049 2870 1102 ὅδε
2913 1049 3010 1120 μὲν
3042 1046 3274 1118 τάληθῆ,
3319 1045 3442 1099 ἐπεὶ
3488 1045 3790 1118 ἐπιρρέπει

2182 1146 2274 1197 ἐπὶ
2306 1142 2405 1216 τὴν
2439 1143 2664 1215 ἡδονήν·
2697 1142 2785 1196 ὅδε
2822 1141 2879 1194 δὲ
2913 1138 3157 1207 ἐξετάζει
3206 1139 3336 1212 περὶ
3380 1138 3579 1201 αὑτῶν,
3623 1139 3788 1209 αἱρε-

2183 1234 2298 1299 θεὶς
2338 1235 2449 1307 (70)
2496 1233 2602 1288 ὑπὸ
2649 1232 2759 1287 τῶν
2801 1232 2994 1286 κοινῶν
3037 1228 3279 1296 ἐννοιῶν,
3319 1230 3413 1285 καὶ
3449 1230 3610 1298 λόγου
3646 1245 3789 1301 προ-

2179 1326 2495 1402 τρεπικοῦ.
2530 1327 2700 1381 Πάλιν
2726 1343 2786 1379 τε
2818 1320 2884 1379 αὖ
2916 1325 3004 1378 ὅδε
3051 1324 3148 1395 μὲν
3180 1324 3416 1394 αἱρεῖται
3440 1322 3537 1395 τὴν
3558 1323 3785 1395 ἡδονὴν,

2179 1420 2300 1492 οὐχὶ
2331 1421 2391 1474 οὑ
2425 1418 2725 1489 δυνάμενος
2765 1416 3111 1470 ἀντιϐλέπειν
3145 1415 3306 1486 αὐτῇ,
3340 1415 3456 1469 ἀλλ’
3486 1419 3588 1471 οὑκ
3625 1419 3784 1487 ἀγω-

2179 1512 2495 1583 νιζόμενος·
2550 1510 2636 1564 ὅδε
2689 1509 2746 1563 δὲ
2792 1510 3129 1580 καταφρονεῖ
3175 1508 3379 1579 αὑτῆς,
3425 1509 3486 1562 τὸ
3526 1510 3782 1582 ἄσχημον

2178 1605 2319 1677 ὁρῶν
2356 1605 2419 1658 τὸ
2458 1605 2515 1656 ἐν
2562 1605 2700 1674 αὑτῇ
2737 1601 2997 1665 πολλάκις
3028 1601 3316 1672 τυγχάνον.
3365 1602 3487 1655 Ὅτι
3521 1603 3779 1675 μέντοιγε

2181 1700 2214 1770 ἡ
2254 1698 2562 1770 πρόγνωσις
2598 1696 2710 1768 (71)
2751 1695 2842 1749 τοῦ
2889 1695 3023 1749 Θεοῦ
3058 1696 3159 1749 οὑκ
3205 1695 3450 1767 ἀνάγκην
3493 1696 3778 1769 ἐπιτίθησι

2182 1793 2293 1853 τοῖς
2323 1789 2451 1861 περὶ
2475 1782 2550 1841 ὧν
2578 1788 2896 1858 κατείληφε,
2920 1787 3057 1859 πρὸς
3084 1790 3198 1850 τοῖς
3221 1788 3643 1859 προειρημένοις
3663 1789 3777 1861 (72)

2181 1883 2275 1936 καὶ
2308 1882 2467 1935 τοῦτο
2499 1880 2793 1947 λελέξεται,
2829 1882 2911 1934 ὅτι
2948 1879 3216 1950 πολλαχοὺ
3246 1879 3355 1932 τῶν
3381 1881 3617 1953 Γραφῶν
3642 1881 3780 1946 Θεὸς

2177 1973 2388 2028 κελεύει
2450 1975 2578 2037 τοὺς
2644 1974 2929 2045 προφήτας
2980 1973 3276 2045 κηρύσσειν
3335 1974 3661 2044 μετάνοιαν,
3713 1974 3778 2028 ού

2182 2066 2694 2138 προσποιησάμενος
2726 2065 2787 2118 τὸ
2820 2065 3118 2134 ἐγνωκέναι
3153 2064 3380 2137 πότερον
3414 2067 3461 2119 οἱ
3500 2065 3778 2122 ἀκούσαν-

2176 2176 2268 2222 τες
2298 2157 2738 2229 ἐπιστρέφουσιν,
2782 2157 2815 2227 ἦ
2844 2160 2960 2220 τοῖς
3003 2158 3398 2229 ἁμαρτήμασιν
3429 2156 3639 2211 ἑαυτῶν
3671 2159 3778 2228 ἐμ-

2182 2248 2463 2321 μενοῦσιν
2520 2249 2710 2321 ῶσπερ
2760 2250 2817 2301 ἐν
2861 2248 2937 2320 τῷ
2996 2249 3230 2321 Ἱερεμίᾳ
3270 2249 3516 2319 λέγεται·
3548 2265 3569 2301 ι
3612 2252 3777 2316 Ἴσως

2177 2343 2503 2396 ἀκούσονται
2556 2341 2649 2395 καὶ
2689 2341 3134 2412 μετανοήσουσιν.
3175 2360 3192 2391 ι
3231 2342 3306 2394 Οὑ
3341 2340 3452 2412 γὰρ
3497 2342 3717 2410 ἀγνοῶν
3751 2345 3781 2395 ὁ

2177 2435 2311 2499 Θεὸς
2367 2435 2598 2508 πότερον
2650 2432 2975 2487 ἀκούσουσιν
3006 2433 3190 2504 (75),ἣ
3227 2432 3312 2497 οὑ,
3353 2434 3539 2503 φησὶν,
3583 2452 3603 2484 ι
3638 2434 3778 2498 ἴσως

2177 2528 2537 2591 ἀκούσονται,
2592 2527 2690 2581 καὶ
2745 2528 3210 2599 μετανοήσουσιν·
3250 2545 3269 2578 ι
3306 2524 3421 2579 ἀλλ’
3478 2526 3644 2580 οἱονεὶ
3717 2524 3781 2580 τὸ

2181 2622 2482 2678 ἰσοστάσιον
2524 2620 2632 2676 τῶν
2669 2619 2952 2690 δυνάμεων
3004 2617 3255 2689 γενέσθαι
3298 2618 3513 2683 δεικνὺς
3557 2620 3622 2673 ἐκ
3658 2620 3778 2673 τῶν

2176 2714 2517 2786 λεγομένων·
2558 2713 2646 2767 ἵνα
2693 2712 2768 2785 μὴ
2815 2710 3341 2785 προκατηγγελμένη
3391 2712 3425 2780 ἡ
3462 2710 3780 2782 πρόγνωσις

2176 2805 2364 2868 αὑτοῦ,
2396 2806 2729 2859 καταπεσεῖν
2754 2802 2866 2874 (74)
2903 2805 3103 2874 ποιήσῃ
3137 2804 3264 2866 τοὺς
3309 2801 3628 2867 ἀκούοντας,
3676 2802 3777 2856 δό-

2178 2899 2274 2966 ξαν
2308 2899 2555 2971 ἀνάγκης
2580 2899 2916 2970 παριστᾶσα,
2942 2897 3018 2961 ὼς
3047 2898 3147 2951 οὑκ
3169 2897 3322 2961 ὄντος
3348 2899 3434 2951 ἐπ’
3466 2898 3650 2960 αὑτοῖς
3672 2897 3779 2952 τοῦ

2177 2993 2524 3065 ἐπιστρέψαι,
2556 2992 2651 3046 καὶ
2696 2992 2857 3045 οἱονεὶ
2900 2991 2996 3045 καὶ
3038 2991 3175 3064 αὑτὴ
3211 2992 3357 3045 αἰτία
3402 2990 3624 3061 γένηται
3658 2990 3779 3047 τῶν

2175 3086 2588 3159 ἁμαρτημάτων
2606 3103 2619 3115 ·
2656 3085 2689 3157 ἢ
2725 3084 2887 3139 πάλιν
2916 3087 3029 3148 τοῖς
3054 3086 3118 3138 ἐκ
3146 3082 3240 3137 τοῦ
3272 3085 3487 3153 ἀγνοεῖν
3516 3084 3577 3137 τὸ
3621 3101 3768 3156 προ-

494 3182 584 3229 tur
624 3190 640 3229 :
677 3193 697 3228 ι
738 3174 988 3231 Forsitan
1030 3179 1253 3234 audient
1291 3186 1348 3233 et
1400 3187 1558 3249 agent
1610 3179 2010 3247 ptenitentiam,
2049 3196 2068 3230 ι

2181 3178 2510 3249 εγνωσμένον
2532 3178 2723 3244 καλὸν,
2771 3178 3090 3249 δυναμένοις
3131 3178 3191 3230 ἐν
3236 3175 3316 3247 τῷ
3373 3177 3773 3246 ἀγωνίσασθαι,

490 3270 587 3323 sed
614 3280 673 3323 ut
698 3268 843 3323 illam
885 3270 1284 3340 quodammodo
1312 3239 1499 3341 pare'm
1532 3271 1586 3326 in
1610 3239 1921 3341 vutramque
1948 3239 2073 3341 par-

2181 3239 2270 3325 καὶ
2315 3239 2629 3324 ἀντιτείνειν
2676 3239 2813 3342 πρὸς
2853 3239 2952 3341 την
3000 3239 3200 3323 κακίαν
3233 3239 3299 3322 ἐν
3326 3239 3494 3341 ἀρε-τῇ
3548 3239 3771 3339 βιῶσαι,

490 3369 600 3416 tem
633 3361 739 3416 tim
773 3361 1098 3417 facultatum
1152 3363 1241 3419 bis
1285 3362 1467 3418 verbis
1518 3363 1809 3429 ostendat;
1861 3377 1930 3418 ne
1974 3363 2070 3433 qui

484 3453 599 3524 iam
643 3465 771 3510 ante
803 3455 1159 3524 praenotionis
1191 3454 1314 3523 ejus
1351 3457 1736 3513 certitudinem
1768 3457 2069 3522 audierint,

491 3548 530 3603 ii
559 3548 787 3619 proinde
820 3562 885 3603 ac
933 3549 978 3605 si
1024 3560 1074 3604 et
1124 3564 1186 3604 ea
1242 3550 1623 3606 necessitatem
1675 3549 1925 3614 inferret,
1972 3563 2074 3603 nec

491 3637 771 3694 meliorem
806 3640 973 3694 vitam
1006 3640 1292 3697 inStituere
1317 3642 1530 3697 arbitrii
1562 3641 1702 3698 foret
1731 3640 2072 3706 sui,animos

489 3730 749 3800 deinceps
771 3747 835 3788 ac
861 3747 1011 3802 spem
1036 3748 1255 3789 omnem
1288 3734 1569 3806 abjiciant,
1601 3735 1846 3805 adeoque
1870 3736 1924 3789 in
1947 3749 2074 3803 pec-

489 3832 672 3877 catum
724 3824 795 3879 ab
846 3823 935 3877 illa
993 3826 1386 3894 propemodum
1439 3827 1820 3895 impellantur;
1871 3826 2072 3883 deinde

488 3928 645 3979 vero,
678 3930 744 3969 ne
768 3915 858 3985 qui
892 3916 1017 3971 dum
1049 3917 1336 3987 praevisum
1367 3932 1461 3973 eos
1483 3918 1682 3973 bonum
1722 3919 1937 3986 lateret,
1970 3935 2071 3987 pu-

491 4022 597 4077 gna
619 4023 742 4063 cum
795 4009 1145 4079 improbitate
1190 4022 1470 4081 suscepta,
1522 4014 1688 4066 vitam
1740 4028 1805 4067 ex
1845 4013 2073 4068 virtutis

492 4114 682 4155 norma
711 4102 998 4157 instituere
1050 4105 1377 4172 potuissent,
1408 4121 1502 4161 eos
1545 4106 1671 4161 talis
1714 4115 1905 4161 contra
1936 4121 2074 4175 prae-

492 4194 645 4248 notio
671 4194 1015 4250 remissiores
1048 4211 1114 4251 ac
1159 4198 1452 4254 solutiores
1497 4198 1716 4262 elliciat,
1751 4199 1893 4270 quod
1944 4199 2070 4253 dum

488 4285 649 4357 plane
666 4288 862 4342 bonum
886 4288 1014 4342 illud
1040 4290 1279 4344 futurum
1305 4300 1578 4361 putarent,
1607 4292 1801 4345 minori
1825 4299 2071 4361 propter-

488 4390 556 4432 ea
586 4391 710 4431 cum
743 4387 966 4445 peccato
1007 4379 1176 4434 animi
1225 4381 1577 4435 contentione
1625 4389 1948 4450 pugnarent.
1981 4380 2073 4435 Sic

490 4468 635 4524 enim
666 4469 780 4539 ipsa
820 4460 1089 4541 pra-notio
1134 4470 1379 4526 futurum
1413 4487 1630 4542 quoque
1668 4474 1867 4527 bonum
1899 4474 2071 4542 impe-

491 4560 654 4617 diret.
680 4562 1044 4626 Quamobrem
1075 4564 1168 4635 qui
1210 4565 1401 4619 orbem
1445 4564 1759 4619 universum
1792 4564 2071 4634 pmcipuo

492 4667 674 4708 rerum
707 4655 850 4709 bono
892 4654 1204 4710 moderatur
1244 4654 1407 4721 Deus,
1457 4654 1599 4710 idem
1652 4672 1751 4712 nos
1791 4658 2068 4726 Sapienter

491 4746 716 4802 omnino
745 4746 943 4802 futuris
971 4748 1024 4802 in
1056 4750 1219 4803 rebus
1262 4762 1437 4803 caecos
1467 4762 1584 4803 esse
1615 4750 1806 4804 volnit.
1861 4750 2063 4804 Earum

493 4837 637 4892 enim
666 4838 923 4910 cognitio,
949 4840 1026 4893 nti
1062 4850 1307 4895 nostrum
1352 4840 1615 4896 adversus
1659 4842 2067 4910 improbitatem

495 4930 750 4999 impetum
784 4932 1258 5000 constantiamque
1296 4932 1593 5003 frangeret,
1649 4932 1726 4987 ita
1764 4935 1889 4987 dum
1916 4944 2066 4990 certa

494 5022 712 5092 ﬁxaque
736 5022 1033 5084 videretur.
1086 5024 1244 5094 longe
1276 5039 1376 5079 nos
1402 5025 1565 5080 citius
1594 5033 1763 5094 atque
1819 5023 2066 5096 facilius,

605 5115 648 5147 ⁸⁷
676 5114 879 5171 Jerem.
915 5133 1062 5180 xm,
1088 5116 1144 5171 5.

566 5209 679 5283 (69)
719 5212 943 5283 Euseln,
975 5212 1404 5283 ἐπιτρεπτικοῖς.

568 5281 682 5355 (70)
721 5282 1013 5355 ᾼΙρεθείς.
1036 5281 1413 5355 Ρ1ρ’ί(οε..-ἐπεὶ
1445 5282 1639 5355 ᾑρέθη.

567 5350 683 5485 (7i)
728 5351 802 5404 Ph
832 5353 958 5417 loc.,
988 5353 1071 5405 ὃτι
1105 5352 1203 5421 μὲν
1230 5350 1323 5407 οὖν
1355 5356 1386 5425 ἡ
1418 5350 1745 5425 πρόγνωσις.

595 5423 683 5485 72)
727 5421 955 5483 Philam,
1001 5420 1347 5485 εἰρημένοις,
1394 5435 1449 5477 et
1477 5440 1603 5477 mox
1646 5424 1745 5478 Eus

595 5423 697 5494 72)
727 5421 973 5494 Philam,
1001 5420 1312 5494 είρημένοις
1333 5463 1347 5488 ,
1375 5420 1603 5477 ’ριἰιιὸκ
1646 5423 1940 5486 Eusebius,
1974 5422 2071 5494 καὶ

491 5491 671 5544 τοῦτο
688 5492 924 5566 λέγεται.
962 5491 1358 5561 ΙιιῐὲιιίΡΙιὲιοεη
1386 5496 1447 5548 οὑ
1475 5494 1983 5566 προσποιησάμενος
2009 5493 2072 5547 τὸ

496 5564 925 5631 προεγνωκέναι.
1520 5564 1530 5566 ’
1734 5564 1741 5566 ⁷

735 5634 1141 5707 ᾉκούσουσιν.
1183 5631 1406 5698 ΡΙιὶΙοο..
1442 5637 1880 5707 μετανοήσουσιν.

599 5703 687 5773 74)
729 5701 963 5774 Νώρα,
998 5701 1451 5775 προκαταπεσεῖνξ

2098 4700 2142 4757 Ii

2176 3363 2323 3417 αἰτία
2351 3364 2576 3435 γένηται
2611 3366 2644 3435 ἡ
2679 3364 2988 3435 πρόγνωσις
3019 3360 3311 3425 ἐκλύσεως,
3358 3362 3457 3413 οὑκ
3495 3359 3576 3413 ἐτι
3610 3361 3773 3413 εὑτό-

2174 3473 2280 3520 νως
2315 3456 2626 3527 ἱσταμένοις
2651 3455 2792 3509 κατὰ
2822 3455 2921 3526 τῆς
2956 3451 3249 3524 ἁμαρτιας,
3285 3451 3361 3516 ὡς
3395 3451 3611 3515 πάντως
3648 3453 3773 3506 ἐσο-

2177 3550 2337 3620 μένου
2363 3549 2456 3602 τοῦ
2484 3548 2886 3622 προειρημένου
2919 3546 3053 3618 (75).
3081 3545 3193 3599 Καὶ
3215 3544 3360 3598 οὑτω
3380 3543 3490 3615 γὰρ
3522 3539 3634 3598 οἷον
3662 3545 3771 3615 ἐμ-

2174 3639 2351 3693 πόδιον
2386 3640 2583 3708 γένοιτ’
2610 3639 2675 3693 ἂν
2713 3641 2746 3709 ἡ
2783 3638 3092 3709 πρόγνωσις
3127 3634 3223 3691 τοῦ
3274 3635 3534 3706 ἐσομένου
3570 3634 3767 3691 καλοῦ.

2172 3732 2358 3787 Πάντα
2393 3732 2525 3801 γοῦν
2572 3730 2861 3803 χρησίμως
2905 3732 2935 3783 ό
2966 3728 3100 3793 Θεὸς
3145 3727 3214 3781 τὰ
3261 3725 3405 3781 κατὰ
3435 3726 3527 3780 τὸν
3559 3726 3770 3798 κόσμον

2171 3825 2494 3897 οἰκονομῶν,
2528 3824 2764 3893 εὐλόγως
2791 3822 2943 3894 ἡμᾶς
2975 3820 3071 3876 καὶ
3094 3820 3232 3893 πρὸς
3254 3818 3322 3873 τὰ
3350 3818 3613 3890 μέλλοντα
3643 3819 3770 3873 ἐτύ-

2173 3919 2415 3989 φλωσενο
2453 3920 2487 3988 ἡ
2534 3916 2643 3988 γὰρ
2679 3914 2882 3985 γνῶσις
2914 3913 3026 3982 (76)
3059 3913 3237 3967 αὑτῶν
3269 3914 3438 3985 ἀνῆκε
3482 3912 3580 3982 μὶν
3614 3914 3767 3984 ἡμᾶς

2171 4012 2279 4066 ἀπὸ
2301 4010 2395 4065 τοῦ
2428 4010 2610 4063 ἀθλεῖν
2640 4008 2785 4064 κατὰ
2814 4008 2917 4078 τῆς
2950 4006 3172 4070 κακίας,
3205 4006 3475 4078 ἐπέτρεψε
3502 4005 3549 4059 δῖ
3585 4005 3653 4060 ἂν
3681 4007 3770 4060 δό-

2173 4105 2313 4174 ξασα
2381 4103 2764 4175 κατειλῆφθαι,
2817 4101 2956 4173 πρὸς
3017 4100 3080 4154 τὸ
3137 4101 3211 4173 μὴ
3267 4099 3770 4165 ἀντιπαλαίσαντας

2172 4199 2320 4270 ἡμᾶς
2349 4199 2418 4268 τῇ
2445 4195 2709 4268 ἁμαρτίᾳ,
2739 4196 2924 4265 τάχιον
2947 4194 3084 4264 αὑτῇ
3113 4192 3457 4263 ὑποχειρίους
3484 4191 3762 4261 γενέσθαι.

2174 4292 2326 4363 Ἀμα
2373 4291 2430 4344 δὲ
2464 4291 2560 4345 καὶ
2605 4288 2910 4361 μαχόμενον
2947 4286 3156 4357 ἐγίνετο
3190 4286 3299 4358 (77)
3333 4284 3413 4357 τῷ
3456 4284 3621 4340 καλὸν
3669 4286 3767 4339 καὶ

2170 4384 2373 4454 ἀγαθὸν
2425 4382 2678 4453 γενέσθαι
2717 4380 2841 4435 τινὰ
2880 4379 2941 4433 τὸ
2969 4379 3066 4451 τὴν
3099 4378 3413 4450 πρόγνωσιν
3448 4376 3767 4449 ἐληλυθέναι

2171 4479 2252 4543 εἰς
2290 4477 2437 4531 τόνδε
2475 4476 2619 4537 τινὰ,
2671 4475 2755 4529 ὅτι
2788 4473 3006 4535 πάντως
3037 4470 3189 4524 ἐσται
3232 4470 3456 4539 ἀγαθός.
3499 4470 3644 4541 Πρὸς
3682 4464 3767 4533 οἷς

2170 4572 2280 4641 γὰρ
2317 4570 2534 4642 ἔχομεν,
2568 4569 2663 4622 καὶ
2694 4566 3056 4638 σφοδρότητος
3090 4564 3202 4633 (78)
3225 4564 3321 4617 καὶ
3343 4564 3555 4627 τάσεως
3586 4563 3770 4617 πλείο-

2172 4679 2261 4727 νος
2292 4662 2450 4733 χρεία
2481 4661 2617 4732 πρὸς
2647 4658 2708 4712 τὸ
2740 4656 2904 4711 καλὸν
2932 4655 3029 4710 καὶ
3049 4654 3251 4723 ἀγαθὸν
3292 4654 3577 4723 γενέσθαι’
3621 4669 3765 4725 προ-

2174 4753 2578 4826 καταληφθεῖσα
2612 4750 2670 4804 δὲ
2714 4753 2747 4821 ἠ
2795 4747 3017 4818 γνῶσις,
3054 4746 3148 4800 τοῦ
3196 4746 3413 4810 πάντως
3455 4744 3618 4800 καλὸν
3670 4747 3768 4800 καὶ

2175 4846 2377 4916 ἀγαθὸν
2412 4844 2631 4899 ἔσεσθαι
2669 4842 2780 4915 (79)
2820 4839 3110 4895 ὑπεκλύειν
3141 4840 3240 4912 τὴν
3274 4838 3529 4910 ἄσκησιν.
3558 4838 3767 4911 Διόπερ

2177 4938 2563 5010 συμφερόντως
2593 4936 2693 4990 οὐκ
2717 4936 2874 5008 ἴσμεν
2901 4932 3028 4987 οὑτε
3061 4933 3110 4985 εί
3137 4930 3351 5001 ἀγαθοὶ,
3375 4930 3500 4986 οὔτε
3528 4932 3579 4983 εί
3602 4947 3767 5004 πονη-

2181 5029 2264 5101 ροὶ
2305 5028 2560 5098 ἐσόμεθα.

2250 5212 2359 5284 (75)
2406 5210 2702 5284 ΡΙιίζοεαΙὶα
2735 5230 2833 5282 pro
2869 5209 3269 5284 προειρημένου
3302 5208 3467 5264 habet
3496 5206 3688 5262 καλοῦ.

2251 5281 2362 5357 (76)
2405 5281 2660 5357 Γνῶᾳις.
2700 5281 2931 5357 Πήιος..
2964 5281 3293 5357 πρόγνωσις.

2252 5347 2365 5428 (77)
2403 5347 2760 5422 Μαχόμζςνον
2780 5347 3029 5424 ἐγίνετό.
3061 5347 3116 5405 In
3148 5347 3445 5404 l’hilocalia
3470 5348 3628 5403 deest
3649 5348 3766 5419 ἐγι-

2173 5443 2314 5481 νετο.

2244 5496 2354 5567 (78)
2400 5493 2630 5560 Philae,
2666 5493 2899 5562 ἀγαθὸς,
2934 5492 3069 5565 πρὸς
3112 5484 3196 5554 οἷς
3239 5488 3455 5561 ἔχομεν.
3500 5488 3612 5543 Καὶ
3654 5487 3766 5556 γὰρ

2176 5566 2554 5637 σφοδρότητος.

2247 5633 2356 5709 (79)
2397 5633 2618 5701 Euseb.,
2649 5633 2920 5701 γενέσθαι.
