4000 6146
545 182 606 240 7i
1258 237 1267 245 .
1960 187 2305 249 ORIGENES
3718 202 3799 258 73

541 298 687 355 aliud
708 296 889 364 eilicit,
924 313 989 356 eo
1018 298 1163 370 quod
1188 296 1436 366 edicitur,
1462 298 1566 373 14
1585 300 1738 370 prius
1778 316 1899 358 esse
1923 304 2090 359 debet.

2210 304 2559 377 πρεσϐύτερα
2582 306 2675 361 τοῦ
2708 308 3084 379 σχηματισμοῦ
3121 309 3475 381 προλέγεσοαι
3504 311 3801 385 νομίζεται

537 390 702 461 Atqui
731 406 799 447 ex
846 406 1034 447 eorum
1092 394 1379 462 praeceptis
1401 394 1494 464 qui
1538 404 1714 449 artem
1754 394 1910 450 istam
1943 397 2107 465 profi-

538 490 878 551 tentur,qu
906 482 997 536 tali
1028 483 1135 537 situ
1170 484 1349 552 priora
1381 495 1537 551 sunt,
1569 500 1657 541 res
1692 486 1953 541 humanas
1977 503 2108 557 pra:-

536 574 715 629 dicere
739 584 1050 629 censentur.
1080 574 1290 646 Quippe
1313 577 1415 631 sibi
1446 577 1590 631 enim
1617 577 1721 632 hoc
1747 579 1834 632 isti
1860 590 2102 644 sumunt,

536 676 594 721 ut
621 666 710 721 ubi
734 666 903 722 semel
927 666 1116 722 horam
1146 668 1307 720 unius
1334 667 1562 735 alicujus
1611 669 1845 724 hominis
1864 669 2105 738 singula-

535 773 648 815 rem
679 768 828 814 certo
853 761 1085 828 quodam
1139 761 1299 815 modo
1330 762 1789 831 deprehemlerint
1808 804 1822 826 ,
1852 765 2105 833 explora-

535 860 647 904 tum
695 850 794 919 ipsi
834 852 1096 906 continuo
1129 851 1391 918 habeant,
1439 868 1663 918 ecquem
1714 856 1781 909 ad
1827 857 2106 925 perpendi-

533 941 717 997 culum
749 941 993 996 siderum
1032 944 1334 997 errantium
1385 943 1663 1013 quodlibet
1708 944 1870 998 silum
1919 946 1969 999 in
2002 947 2105 1000 hac

533 1031 695 1086 illave
730 1033 869 1101 signi
903 1043 1078 1102 parte,
1109 1034 1385 1103 partisque
1428 1034 1675 1088 minutiis
1697 1035 2002 1101 obtineret;
2032 1038 2103 1090 si-

533 1123 752 1193 mulque
780 1128 1050 1193 quodnam
1083 1125 1292 1179 zodiaci
1335 1138 1544 1179 astrum
1590 1126 1642 1180 in
1673 1126 1921 1182 orientali
1954 1126 2102 1180 hori-

534 1225 713 1281 zoutc,
744 1218 1019 1284 quodnam
1046 1216 1097 1268 in
1122 1214 1443 1269 occidentali
1475 1227 1821 1281 versaretur;
1855 1232 2099 1284 quamam

534 1304 661 1359 item
702 1306 932 1360 medium
968 1305 1249 1373 utriusque
1274 1304 1842 1374 hemisphcriicmlum
1874 1309 2100 1361 adversa

532 1397 801 1464 positione
830 1404 1182 1465 occuparent.
1212 1396 1388 1463 Atque
1414 1396 1503 1450 ubi
1530 1397 1715 1451 stellas
1733 1413 1846 1460 eas,
1868 1412 2097 1459 quarum

531 1488 634 1543 sibi
658 1488 838 1543 animo
863 1488 1087 1557 figuram
1130 1488 1375 1543 videntur
1408 1498 1461 1544 et
1492 1488 1904 1543 collocationem
1931 1489 2100 1542 int'or-

530 1593 726 1639 masse,
770 1579 872 1631 hoc
910 1579 1068 1632 illove
1117 1579 1222 1633 situ
1285 1579 1386 1632 sub
1438 1579 1669 1650 alicujus
1705 1593 1884 1634 ortum
1934 1578 2097 1634 fuisse

2206 397 2275 450 τὰ
2299 414 2364 449 πε
2374 398 2425 469 pi.
2449 398 2573 461 τοὺς
2595 397 2931 469 ἀνθρώπους.
2982 400 3434 468 Ἐπαγγέλλονται
3465 402 3597 474 γάρ,
3630 403 3800 460 τόνδε

2206 490 2326 542 τινὰ
2364 489 2562 560 τρόπον
2594 490 2692 561 τὴν
2734 489 2880 561 ὥραν
2915 491 3023 561 (86)
3053 491 3311 557 λαϐόντες
3358 492 3512 549 τοῦδε
3558 493 3651 549 τοῦ
3689 496 3798 548 ἀν-

2206 579 2446 651 θρώπου,
2489 580 2926 650 καταλαμϐάνειν
2967 583 3084 647 πῶς
3132 585 3359 649 ἕκαστος
3409 586 3520 638 τῶν
3562 587 3797 641 πλανω-

2207 670 2384 741 μένων
2417 672 2555 725 κατὰ
2590 670 2834 736 κάθετον,
2870 672 2902 742 ἣ
2945 673 3057 744 (87)
3106 675 3268 744 τῆσδε
3298 676 3398 745 τῆς
3443 678 3641 747 μοίρας
3688 678 3795 733 τοῦ

2204 761 2478 834 ζωδίου,ῆ
2512 764 2619 816 τῶν
2655 766 2711 817 ἐν
2737 765 2869 835 αὐτῇ
2898 766 3128 832 λεπτῶν,
3167 768 3260 820 καὶ
3282 770 3430 832 ποῖος
3468 768 3644 841 ἀστὴρ
3678 770 3799 834 ζω-

2203 853 2410 917 διακοῦ,
2452 854 2593 909 κατὰ
2623 854 2714 907 τοῦ
2758 855 3075 909 ἀνατολικοῦ
3109 856 3217 929 (88)
3253 858 3544 928 ἐτύγχανεν
3575 858 3795 931 ὁρίζον-

2202 961 2312 1009 τος,
2352 946 2503 1009 ποῖός
2532 935 2591 998 τε
2642 945 2783 999 κατά
2834 946 2928 999 τοῦ
2985 947 3225 1012 δυτικού,
3260 950 3351 1003 καὶ
3388 950 3471 1012 τίς
3507 950 3654 1003 κατὰ
3683 950 3791 1004 τοῦ

2205 1038 2705 1107 μεσουρανήματος,
2748 1039 2839 1091 καὶ
2870 1039 2954 1101 τίς
3004 1040 3144 1092 κατὰ
3172 1039 3265 1094 τοῦ
3311 1040 3790 1112 ἀντιμεσουρανή-

2205 1145 2386 1198 ματος.
2418 1129 2528 1182 Καὶ
2558 1127 2694 1181 ἐπὰν
2727 1127 2858 1181 θῶσι
2884 1129 3010 1191 τοὺς
3034 1118 3288 1200 ἀστέρας,
3330 1130 3427 1196 οὓς
3463 1131 3791 1202 νομίζουσιν

2202 1218 2411 1280 ἑαυτοῖς
2440 1217 2879 1288 ἐσχηματικέναι,
2909 1218 3050 1271 κατά
3079 1217 3169 1271 τὸν
3198 1221 3385 1291 καιρὸν
3413 1220 3512 1290 τῆς
3549 1222 3643 1276 τοῦ
3678 1222 3787 1275 δεῖ·

2199 1324 2288 1369 νος
2335 1306 2599 1370 γενέσεως
2645 1307 3148 1378 ἐσχηματισμένους
3198 1311 3417 1372 οὑτωσὶ,
3463 1311 3541 1382 τῷ
3597 1312 3784 1383 χῷνῳ

2198 1397 2296 1467 τῆς
2326 1396 2634 1462 ἀποτέξεως
2669 1401 2778 1468 (89)
2806 1398 2898 1451 τοῦ
2924 1400 3050 1469 περὶ
3072 1395 3131 1454 οὗ
3167 1402 3455 1455 σκοποῦσιν
3477 1442 3491 1465 ,
3518 1404 3577 1455 ού
3611 1404 3785 1473 μόνον

2198 1488 2266 1541 τὰ
2297 1488 2556 1558 μέλλοντα
2578 1489 2935 1553 ἐξετάζουσιν,
2964 1490 3101 1545 ἀλλὰ
3122 1492 3214 1545 καὶ
3238 1492 3309 1545 τὰ
3338 1494 3777 1564 παρεληλυθότα,

2198 1578 2291 1630 καὶ
2319 1578 2385 1631 τά
2418 1579 2521 1648 πρὸ
2546 1580 2643 1651 τῆς
2670 1580 2935 1648 γενέσεως
2963 1581 3171 1652 καὶτῆς
3206 1585 3412 1654 σπορᾶς
3439 1583 3531 1636 τοῦ
3555 1586 3684 1655 περὶ
3710 1576 3777 1638 οὗ

530 1683 865 1738 posuerunt;
898 1680 1008 1725 tum
1041 1671 1078 1725 ii
1111 1686 1239 1726 vero
1283 1686 1349 1725 ex
1401 1672 1491 1727 illo
1538 1673 1658 1741 ipso
1701 1682 1963 1741 tempore,
1989 1687 2090 1741 quo

2197 1670 2225 1721 ὁ
2255 1668 2412 1737 λόγος
2437 1670 2821 1741 γεγενημένου,
2862 1673 2988 1742 περὶ
3018 1672 3220 1743 πατρὸς
3263 1674 3501 1737 ποταπὸς
3545 1675 3657 1745 (90)
3695 1675 3776 1728 ὢν

529 1759 706 1814 editus
744 1759 794 1812 in
841 1759 1014 1813 iucem
1048 1760 1093 1813 is
1132 1770 1235 1828 est,
1269 1763 1425 1830 cujus
1456 1773 1633 1817 satmn
1668 1761 1950 1828 rimantur,
1991 1776 2095 1816 non

532 1848 709 1902 futura
739 1849 916 1914 modo,
947 1848 1041 1902 sed
1075 1849 1237 1903 etiam
1267 1853 1559 1918 praeterita,
1594 1866 1821 1921 qumque
1858 1849 2096 1918 ejusdem

528 1953 581 1995 et
605 1951 784 1993 ortum
835 1950 889 1994 et
936 1949 1114 1994 salum
1158 1943 1573 2010 antecesserint,
1605 1942 1900 2009 conjiciunt
1929 1961 1944 2009 ;
1971 1958 2099 2013 qua-

528 2030 634 2085 lem
670 2031 783 2101 ipse
818 2041 1027 2100 patrem
1078 2031 1314 2098 habeat;
1363 2033 1585 2088 divitem
1613 2049 1681 2088 an
1711 2043 1926 2088 tenuem
1956 2051 1971 2099 ;
2010 2035 2097 2089 in-

531 2124 662 2193 tegri
690 2109 951 2192 corporis,
985 2140 1055 2179 an
1092 2126 1301 2188 mutili;
1335 2125 1490 2181 bonis
1521 2141 1587 2180 an
1624 2127 1778 2182 malis
1814 2127 2091 2193 moribus;

526 2217 876 2284 amplane-an
908 2228 1134 2288 angusta
1161 2232 1218 2270 re
1254 2215 1504 2271 familiari
1530 2218 1665 2282 ;hoc
1693 2233 1759 2271 an
1792 2217 1919 2270 illud
1949 2232 2093 2270 com-

527 2309 745 2379 plexum
790 2309 912 2365 vitae
974 2326 1188 2381 genus,
1235 2311 1543 2381 similiaque
1605 2321 1712 2364 tam
1763 2313 1828 2364 de
1886 2319 2091 2374 matre,

524 2414 687 2468 quam
720 2401 784 2454 de
809 2398 1087 2462 fratribus.
1115 2401 1158 2456 si
1204 2402 1293 2471 qui
1327 2402 1456 2464 sint,
1504 2412 1632 2455 natu
1674 2400 1968 2468 majoribus
2005 2403 2094 2455 in-

522 2493 771 2560 quirunt.
814 2492 921 2548 Nos
945 2509 1094 2557 vero.
1132 2503 1190 2547 ut
1223 2494 1417 2548 demus
1448 2492 1668 2549 interim
1727 2493 1891 2563 (quod
1918 2493 2090 2562 ipsum

525 2592 704 2639 tamen
739 2584 856 2639 falsi
890 2596 1074 2652 postea
1099 2588 1480 2656 coargucmus)
1506 2585 1776 2656 exquisite
1805 2586 1871 2641 ab
1900 2586 1969 2640 iis
2007 2596 2090 2639 to-

524 2686 634 2729 tam
665 2676 813 2730 illam
842 2678 980 2732 situs
1007 2689 1301 2745 astrorum,
1344 2678 1553 2748 locique
1601 2678 1867 2734 rationem
1917 2678 2088 2732 teneri

522 2781 682 2836 posse
711 2782 726 2820 ;
757 2784 1062 2837 qua'ramus
1089 2785 1156 2824 ex
1192 2769 1261 2827 iis
1282 2779 1484 2836 tamen,
1514 2771 1602 2839 qui
1638 2771 1798 2824 rebus
1839 2770 2089 2823 humanis

521 2859 629 2912 vim
666 2873 694 2912 a
729 2860 1004 2915 sideribus
1036 2860 1213 2915 allerrt
1236 2871 1449 2930 putant,
1478 2861 1569 2929 qui
1606 2862 1817 2915 tandem
1872 2862 2089 2915 hodier-

524 2965 623 3003 nus
653 2950 754 3005 iste
777 2952 913 3005 situs
939 2966 1118 3006 rermn
1146 2962 1388 3017 tempore
1412 2952 1750 3022 superiorum
1774 2967 1936 3007 causa
1967 2968 2086 3007 esse

2197 1761 2469 1829 τυγχάνει,
2516 1760 2771 1825 πλούσιος
2812 1761 2845 1833 ἥ
2880 1763 3064 1833 πένης,
3099 1762 3385 1835 ὁλόκληρος
3424 1764 3481 1817 τὸ
3526 1765 3688 1835 σῶμα
3735 1767 3771 1836 ἦ

2198 1852 2574 1922 σεσινωμένος,
2617 1852 2678 1905 τὸ
2720 1848 2850 1923 ἦθος
2893 1853 3112 1923 βελτίων
3157 1855 3190 1925 ἦ
3235 1856 3449 1926 χείρων,
3504 1858 3775 1927 ἀκτήμων

2194 1940 2228 2008 ἥ
2263 1941 2621 2012 πολυκτήμων
2641 1958 2655 1972 ·
2694 1942 2849 2012 τήνδε
2886 1942 2982 2013 τὴν
3018 1944 3214 2015 πρᾶξιν
3247 1945 3279 2015 ἢ
3310 1945 3463 2017 τήνδε
3492 1945 3659 2015 ἔχωνο
3700 1945 3776 1999 τὰ

2192 2032 2236 2086 δ’
2263 2033 2401 2086 αὐτὰ.
2433 2034 2527 2087 καὶ
2560 2034 2807 2104 περὶτῆς
2837 2034 3060 2105 μητρὸς,
3091 2036 3183 2088 καὶ
3224 2036 3351 2107 περὶ
3382 2036 3773 2108 πρεσϐυτέριον

2193 2124 2455 2194 ἀδελφῶν,
2486 2123 2580 2178 ἐὰν
2611 2125 2843 2195 τύχωσιν
2866 2125 3034 2190 ὄντες.
3064 2128 3243 2180 Ἔστω
3280 2127 3336 2180 δὲ
3368 2129 3514 2200 ἡμᾶς
3546 2129 3640 2181 ἐπὶ
3668 2128 3770 2183 τοῦ

2193 2216 2455 2288 παρόντος
2480 2214 2796 2287 προσίεσθαι
2823 2216 3021 2279 αύτοὺς
3043 2216 3478 2288 καταλαμϐάνειν
3509 2218 3575 2272 τὰ
3602 2220 3660 2271 ὲν
3690 2218 3772 2291 τῷ

2189 2310 2341 2380 τόπῳ
2374 2309 2568 2380 ἀληθῆ,
2604 2308 2731 2379 περὶ
2772 2302 2833 2361 οὗ
2879 2309 2972 2362 καὶ
3025 2309 3188 2362 αύτοῦ
3232 2310 3456 2382 ὕστερον
3492 2311 3768 2382 δείξομεν,

2191 2401 2270 2453 δτι
2291 2402 2388 2471 ούχ
2417 2400 2586 2462 οὓτως
2619 2400 2763 2470 ἔχει’
2796 2399 3122 2471 πευσώμεθα
3165 2402 3343 2456 τοίνυν
3378 2402 3485 2455 τῶν
3514 2404 3768 2473 ὑπολαμ-

2191 2491 2459 2546 ϐανόντων
2506 2492 2951 2561 κατηναγκάσθαι
2992 2492 3096 2545 ὑπὸ
3137 2492 3244 2545 τῶν
3290 2494 3503 2566 ἄστρων
3539 2495 3611 2548 τὰ
3654 2496 3770 2550 τῶν

2189 2582 2489 2655 ἀνθρώπιον
2529 2583 2851 2654 πράγματα,
2888 2585 3007 2636 τίνα
3046 2584 3241 2655 τρόπον
3280 2587 3309 2638 ὁ
3348 2586 3584 2657 σήμερον
3625 2604 3769 2659 σχη-

2193 2675 2459 2749 ματισμὸς
2486 2677 2513 2728 ὁ
2543 2675 2746 2728 τοιόσδε
2788 2675 3009 2729 δύναται
3040 2675 3394 2746 πεποιηκέναι
3431 2678 3497 2728 τὰ
3525 2676 3772 2746 πρεσϐύ-

2187 2786 2337 2841 τερα.
2375 2768 2437 2821 Εἰ
2470 2767 2575 2839 γὰρ
2608 2767 2766 2819 τοῦτο
2806 2768 3085 2837 ἀμήχανον
3120 2766 3237 2819 καθ’
3263 2766 3290 2818 ὃ
3326 2767 3389 2837 δὴ
3425 2768 3504 2819 ὅτι
3526 2767 3637 2837 (9i)
3674 2769 3768 2823 εὖ·

2189 2859 2433 2930 ρίσκεται
2478 2856 2538 2909 τὸ
2576 2856 2702 2926 περὶ
2746 2855 2851 2908 τῶν
2892 2855 3271 2926 πρεσϐυτέρων
3317 2856 3408 2908 τοῦ
3447 2857 3638 2926 χῷνου
3685 2858 3765 2930 μὴ

2190 2948 2402 3019 ἀληθὲς,
2436 2948 2605 3017 σαφὲς
2637 2947 2698 3000 τὸ
2737 2945 2809 3018 μὴ
2841 2946 3196 3015 πεποιηκέναι
3241 2948 3366 3009 τοὺς
3395 2946 3631 3016 ἀστέρας
3664 2948 3764 3001 οὐ·

523 3042 715 3108 pnssit.
740 3039 872 3094 Nam
910 3042 959 3094 id
993 3042 1035 3096 si
1067 3043 1182 3096 licri
1211 3043 1361 3097 nullo
1409 3045 1567 3098 modo
1606 3053 1802 3113 potest,
1848 3043 2086 3111 profecto

2188 3042 2319 3093 τωσὶ
2362 3040 2711 3111 κινουμένους
2752 3040 2811 3091 ἐν
2855 3037 3070 3109 ούρανῷ
3112 3037 3178 3090 τὰ
3215 3038 3622 3108 παρεληλυθότα
3667 3041 3765 3095 καὶ

520 3136 709 3195 etiam,
745 3133 871 3186 dum
898 3132 964 3187 iis
998 3133 1064 3186 de
1095 3134 1258 3189 rebus
1300 3137 1410 3189 veri
1451 3134 1722 3203 quidpiam
1766 3132 1898 3186 nihil
1941 3134 2087 3187 inve-

522 3237 693 3284 nuur,
726 3224 886 3291 plane
924 3238 1262 3293 consequens
1304 3234 1483 3285 est,ut
1514 3237 1749 3291 praesens
1784 3223 1874 3275 hic
1908 3232 2086 3277 astro-

522 3326 639 3363 rum
680 3314 731 3365 iu
783 3312 923 3367 (σξιο
976 3322 1173 3379 motus,
1211 3328 1331 3383 quae
1374 3315 1484 3382 jam
1535 3321 1667 3366 ante
1721 3310 2084 3381 contigerunt,

520 3417 684 3469 quam
724 3401 988 3471 ejusmodi
1030 3405 1193 3459 situm
1228 3404 1555 3468 obtinerent,
1591 3404 1805 3458 eflicere
1838 3416 1945 3473 nop
1992 3417 2085 3470 po-

524 3496 709 3548 tuerit.
733 3495 885 3560 Quod
915 3496 959 3551 si
992 3497 1064 3550 ita
1098 3507 1201 3560 est,
1232 3496 1368 3551 forte
1389 3497 1479 3567 qui
1510 3498 1788 3552 veritatem
1813 3497 1878 3551 iis
1910 3496 2083 3550 hocin

450 3574 453 3579 ’
518 3600 719 3654 genere
743 3590 1025 3649 ςοηςοιιρι,
1056 3590 1397 3658 perpendens
1430 3602 1494 3643 ea
1515 3603 1634 3657 qua:
1676 3588 1741 3642 de
1773 3586 1972 3641 futuris
2001 3587 2082 3639 di-

517 3690 736 3736 (ιιιιιιΙΓ.
769 3682 1133 3746 rcSpondebit,
1166 3696 1353 3736 verum
1384 3679 1451 3734 ab
1484 3679 1593 3735 illis
1633 3694 1700 3734 eo
1732 3675 2083 3747 prmnuntiari

520 3781 747 3830 tantum.
784 3773 926 3839 quod
975 3772 1105 3827 illud
1156 3785 1305 3829 astra
1362 3774 1597 3828 futurum
1623 3772 1944 3842 signiﬁcent,
1978 3785 2082 3823 non

517 3866 661 3931 Quod
695 3863 950 3919 efﬁciant.
969 3865 1123 3932 Quod
1148 3866 1193 3921 si
1222 3865 1366 3921 alius
1389 3866 1664 3935 prrcterita
1691 3878 1796 3918 non
1816 3863 1929 3934 jam
1958 3878 1985 3916 a
2010 3864 2083 3917 si-

588 4100 699 4165 (86)
744 4104 861 4167 Τὴν
887 4100 1064 4171 ὥραν.
1101 4122 1121 4152 ‹
1147 4102 1387 4157 Natalem
1423 4102 1610 4156 horam
1643 4120 1663 4153 ι
1704 4096 1971 4171 videlicet.
2002 4098 2080 4151 uti

517 4166 815 4241 annonam
850 4166 1101 4239 lla-ratio;
1138 4188 1232 4229 seu
1268 4190 1287 4224 ι
1316 4173 1405 4226 lati
1442 4174 1654 4238 horam,
1679 4188 1698 4222 ι
1741 4170 1817 4224 uti
1849 4187 1878 4221 ει
1921 4166 2082 4223 Juve-

518 4245 638 4298 tialc
664 4261 677 4297 :
710 4245 848 4297 idem
887 4245 1021 4297 dixit
1050 4262 1063 4297 :

700 4311 846 4366 "ora
894 4315 1122 4367 sumitur
1149 4328 1215 4367 ea:
1242 4311 1411 4376 libro;

513 4394 571 4439 et
616 4383 833 4439 l'crsms
860 4400 875 4437 :

694 4451 837 4505 Nam
874 4452 1116 4521 ﬁdelibus
1145 4453 1309 4515 liora;

514 4531 569 4578 et
598 4522 719 4576 imle
748 4523 1107 4593 ὼροσκοπεῖν.
1145 4522 1406 4593 lluejrlus.

586 4593 699 4673 (87j
741 4583 900 4647 nam
945 4594 1211 4673 κάθετον,
1250 4591 1521 4673 ἤκισοεο,
1563 4589 1704 4673 κατὰ
1750 4583 2076 4660 κάθετον,

516 4662 624 4718 lies
648 4667 792 4717 clara
820 4674 922 4725 est,
953 4678 1051 4716 nce
1080 4672 1204 4731 eget
1232 4660 1565 4729 probatione.
1602 4660 1863 4714 “UE’I'IUS.

589 4736 703 4800 (88)
743 4735 902 4786 Κατὰ
945 4731 1050 4786 τοῦ
1081 4728 1463 4794 ἀκατολικοῦ,
1508 4740 1614 4783 etc.
1648 4731 1894 4800 Quatuor
1922 4728 2078 4799 genio

518 4798 651 4856 tura:
681 4798 933 4856 cardines
966 4811 1286 4863 enumerat,
1336 4799 1617 4870 ἀνατολὴν,
1664 4798 1834 4863 δύσιν,
1884 4798 2081 4868 μεσου-

517 4872 754 4941 οάνημα,
780 4873 922 4941 quod
954 4882 1208 4937 corrupte
1230 4871 1367 4940 apud
1416 4870 1706 4941 Firmicum
1741 4870 1834 4921 lib.
1864 4884 1925 4941 tl,
1954 4883 2075 4935 cap.

514 4941 601 4999 18.
640 4938 965 5012 μεσουρανία
994 4938 1315 5012 appellatur,
1343 4950 1398 4994 et
1429 4940 1825 5012 Ozrjyatojlscu
1858 4938 2080 5012 ἀντιμετ

516 5006 857 5080 σουράνημα.
922 5006 1123 5064 ΙΙυιίιιίιι
1182 5009 1337 5076 siglis
1392 5006 1578 5063 vocem
1632 5006 2075 5080 ’Ao‘a'tphl'ormari

515 5077 772 5134 nommlli
792 5081 1021 5134 subinde
1051 5094 1173 5133 cum
1207 5085 1607 5145 olaservassent,
1643 5077 1922 5131 mirabiles
1952 5077 2077 5131 inde

513 5150 800 5215 allegorias
832 5149 1233 5217 excogitat-unt.
1264 5147 1525 5204 "IJETIUS.

583 5220 696 5286 (89)
736 5220 951 5273 Euscb..
981 5217 1314 5282 ἀποτάξεως.

583 5220 673 5286 (89
736 5220 951 5273 Euscb..
981 5220 1314 5282 αποτάξεως.

580 5220 698 5413 (υκδέ
737 5289 876 5357 Περὶ
915 5289 1138 5354 πατρὸς
1164 5287 1450 5353 ποτηπός,
1477 5296 1605 5349 ουκ,
1641 5285 1886 5338 Plotinus
1916 5281 2010 5337 lib.
2036 5299 2077 5347 ι,

580 5374 631 5413 b.
702 5400 717 5413 .
747 5373 875 5411 enn.
901 5359 935 5411 5
966 5375 980 5411 :
1018 5358 1127 5411 Καὶ
1161 5357 1265 5413 μὴν
1297 5359 1391 5410 καὶ
1416 5356 1617 5413 γονέων
1640 5355 1808 5413 τύγας
1836 5352 1945 5406 ἀπὸ
1968 5353 2077 5404 τῶν

512 5352 631 5425 cap.
663 5352 717 5423 5,
747 5352 875 5411 enin.
901 5359 935 5411 5
966 5375 990 5428 ι
1018 5352 1127 5411 Καὶ
1160 5357 1265 5428 μὴν
1297 5352 1619 5428 καὶςγονέων
1640 5355 1808 5428 τύχας
1830 5352 2077 5428 ἀπο-τῶν

513 5421 718 5482 παίδων
742 5429 840 5497 τῆς
870 5426 1132 5495 γενέσιος,
1154 5421 1259 5497 ,καὶ
1284 5421 1487 5480 παίδων
1513 5421 1777 5497 διαθέσεις
1799 5421 1907 5497 οἷαι
1938 5423 2083 5497 ἔσονο

510 5515 620 5555 ται.
652 5499 744 5550 καὶ
783 5492 994 5566 ὁποίαις
1042 5496 1352 5550 συνέσονται
1389 5496 1597 5566 τύχαις,
1632 5495 1739 5549 ἀπὸ
1772 5492 2078 5566 τῶνῌπατέ-

512 5584 622 5638 ρων
652 5568 780 5637 περὶ
806 5566 915 5638 τῶν
937 5565 1089 5638 οὔπω
1116 5569 1413 5635 γεγονότων
1438 5562 1680 5638 λέγουσι’
1712 5565 1804 5638 καὶ
1837 5562 2076 5638 ἐξάδελ-

507 5632 624 5708 ξρῷν
644 5632 885 5705 ἀδελφῶν
928 5632 1207 5708 θανάτους,
1241 5638 1334 5708 καὶΪ
1356 5639 1419 5690 ὲκ
1435 5632 1702 5705 γυναικῶν
1810 5635 1932 5708 περὶ
1951 5632 2077 5708 ⁸ἰούς

507 5698 708 5780 ἄνδρας
725 5698 1028 5780 ’,ἀνάπαλίν
1055 5724 1113 5761 τε
1154 5698 1219 5761 ἐκ
1245 5698 1458 5763 τούτων’
1475 5709 1676 5762 ἐκεῖνα.
1697 5705 1819 5770 Πῶς
1835 5698 1901 5760 ἂν
1932 5698 2024 5757 οὖν
2042 5703 2079 5775 ἡ

2186 3132 2471 3202 γενόμενα,
2507 3132 2612 3202 πρὸ
2635 3131 2726 3185 τοῦ
2766 3130 2936 3192 οὕτως
2968 3129 3110 3199 ἔχειν
3147 3130 3366 3192 αὐτούς.
3399 3132 3457 3183 Εἰ
3494 3131 3549 3182 δὲ
3575 3130 3759 3187 τούτο.

2186 3221 2325 3292 τάχα
2358 3223 2386 3273 ὁ
2409 3221 2762 3293 προσιέμενος
2782 3217 3061 3290 ἀληθεύειν
3083 3219 3299 3282 αὐτοὺς,
3324 3220 3620 3290 ἐπιστήσας
3645 3220 3760 3292 (92)

2185 3318 2295 3378 τοῖς
2325 3317 2452 3387 περὶ
2486 3314 2595 3367 τῶν
2628 3314 2923 3385 μελλόντων
2959 3312 3289 3381 λεγομένοις,
3330 3314 3445 3384 ἐρεῖ
3473 3312 3761 3384 ἀληθεύειν

2186 3402 2379 3464 αὐτοὺς
2410 3402 2471 3454 ού
2493 3401 2571 3471 τῷ
2598 3405 2768 3454 ποιεῖν
2788 3402 2913 3465 τοὺς
2934 3402 3187 3473 ἀστέρας,
3216 3400 3349 3454 ἀλλὰ
3371 3400 3448 3471 τῷ
3473 3402 3759 3472 σημαίνε.ν

2188 3490 2365 3558 μόνον.
2420 3492 2546 3545 Ἐὰν
2577 3492 2633 3544 δέ
2662 3509 2745 3555 τις
2773 3492 2954 3563 φάσκῃ
2998 3493 3065 3545 τὰ
3103 3492 3200 3563 μξν
3240 3491 3647 3564 παρεληλυθότα
3679 3493 3757 3565 μῖι

2185 3585 2355 3635 ποιεῖν
2382 3583 2507 3647 τοὺς
2538 3583 2795 3654 ἀστέρας,
2833 3582 2965 3635 ἀλλὰ
2996 3582 3186 3645 ἄλλους
3213 3582 3311 3652 μὲν
3340 3586 3757 3654 σχηματισμοὺς

2183 3675 2307 3738 τοὺς
2335 3675 2432 3745 τῆς
2464 3674 2684 3728 ἐκείνων
2719 3673 2970 3743 γνώσεως
3001 3674 3205 3738 αἰτίους
3233 3675 3538 3742 γεγονέναι·
3570 3677 3661 3728 τὸν
3695 3676 3754 3730 δὲ

2184 3767 2277 3820 νῦν
2304 3768 2679 3838 σχηματισμὸν
2697 3784 2826 3839 σεση
2837 3767 3101 3838 μαγκέναι
3121 3768 3277 3838 μόνον
3297 3784 3310 3797 ·
3332 3766 3401 3820 τὰ
3425 3766 3605 3837 μέντοι
3632 3768 3758 3838 μέλο

2182 3859 2342 3913 λοντα
2385 3857 2672 3929 δηλοῦσθαι
2708 3859 2816 3912 ἀπὸ
2846 3858 2937 3912 τοῦ
2982 3860 3332 3927 ἐνεστηκότος
3368 3858 3751 3929 σχηματισμοῦ

2182 4102 2411 4155 ἑκάστου
2450 4100 2633 4172 σχέσις
2654 4100 2749 4172 ,ἐπὶ
2778 4100 2884 4154 τῶν
2911 4102 3120 4172 ἄστρων
3152 4100 3312 4172 ποιεῖ,
3348 4098 3383 4153 ἃ
3407 4098 3507 4172 ᾕδη
3648 4114 3754 4172 πα-

2179 4172 2363 4242 τέρων
2402 4167 2589 4242 οὓτως
2614 4171 2754 4236 ’έξειν
2796 4167 3041 4242 λέγεται’;
3088 4171 3272 4242 ἢλγὰρ
3303 4167 3583 4242 ἐκεῖνατᾲ
3616 4184 3658 4220 π

2178 4237 2310 4312 τερα
2342 4241 2491 4293 ἔσται
2539 4240 2606 4294 τά
2641 4237 2913 4304 ποιοῦντα,
2947 4241 2979 4311 ἢ
3014 4242 3062 4293 εἰ
3218 4237 3399 4312 ἐκεῖνα
3433 4237 3751 4312 ποιεῖς-ούῶ

2180 4307 2373 4365 ταῦτα.
2411 4330 2429 4361 ‹
2461 4312 2668 4379 Quippe
2709 4313 2870 4365 etiam
2912 4307 3192 4376 parentum
3242 4310 3499 4379 fortunas
3530 4323 3559 4361 a
3601 4307 3747 4379 lilio;

2110 4385 2155 4441 D
2188 4397 2304 4434 rum
2354 4377 2731 4448 generatione;
2773 4381 3004 4434 ﬁliorum
3052 4378 3390 4432 conditiones
3435 4377 3745 4448 cujusmodi

2183 4446 2445 4513 erunt,'et
2473 4466 2611 4520 quos
2639 4451 2919 4504 incurrent
2944 4464 3104 4520 casus
3130 4452 3199 4501 ab
3219 4448 3365 4520 ipsis
3404 4446 3746 4520 parentibus,

2182 4523 2248 4575 de
2292 4521 2360 4573 iis
2385 4517 2751 4588 qui—nondum
2779 4528 2915 4588 sunt
2938 4519 3049 4571 nati
3086 4519 3408 4585 praedicunt.
3440 4519 3480 4568 A
3513 4517 3745 4569 fratrum

2181 4587 2687 4659 quoque’genituris
2718 4603 2859 4657 stupe
2899 4587 3128 4659 fratrum
3165 4597 3401 4659 mortes;
3441 4596 3497 4659 et
3521 4600 3588 4639 ex
3628 4601 3751 4659 mu-

2181 4655 2401 4713 lieribus
2429 4655 2547 4728 qua:
2585 4661 2650 4711 ad
2685 4655 2832 4713 viros
2873 4657 3169 4728 pertinent,
3209 4655 3526 4728 etvicissim
3556 4670 3621 4707 ex
3650 4655 3749 4728 his

2182 4729 2267 4781 illa
2312 4724 2636 4797 conjéctant.
2668 4724 2947 4793 Quomodo
2981 4727 3144 4797 igitur
3187 4724 3615 4797 uniuscujusque
3646 4726 3747 4797 ha-

2181 4797 2326 4851 bitus
2365 4795 2431 4850 ad
2463 4798 2641 4852 sidera
2679 4800 2806 4851 facit
2837 4812 2922 4861 ea,
2949 4812 3068 4865 qua!
3097 4795 3206 4863 jam
3239 4811 3305 4848 ex
3354 4795 3603 4865 patrihus
3646 4795 3746 4865 hae

2183 4867 2392 4921 biturus
2420 4881 2542 4921 esse
2570 4867 2805 4920 dicitur?
2834 4868 2941 4920 Aut
2965 4864 3107 4919 enim
3136 4865 3319 4932 priora
3350 4865 3437 4917 illa
3472 4864 3742 4917 cﬂiciendi

2182 4939 2287 4989 vim
2320 4937 2621 5003 habebunt;
2648 4947 2738 4989 aut
2776 4937 2819 4991 si
2857 4936 2943 4989 illa
2976 4950 3086 4988 non
3116 4935 3334 4997 habent,
3378 4934 3739 5003 ncqneiista.)

2182 5006 2382 5060 Eadem
2419 5007 2533 5061 haec
2561 5002 2812 5074 (lrigenis
2846 5013 3099 5073 repetunt
3128 5003 3423 5074 Procopius
3457 5004 3509 5054 in
3538 5002 3740 5074 Genes.

2182 5092 2220 5135 ι.
2265 5076 2361 5133 14,
2401 5088 2457 5131 et
2504 5072 2832 5144 Philoponus
2873 5072 2967 5129 lib.
3010 5089 3062 5127 tv
3127 5073 3269 5141 Περὶ
3320 5072 3741 5141 κοσμοποιιάς,

2180 5161 2297 5213 cap.
2333 5144 2416 5198 l8.
2453 5146 2712 5199 Ilumtus.

2252 5208 2362 5281 (91)
2400 5215 2534 5269 Καθ’
2571 5214 2602 5267 ὃ
2640 5214 2714 5282 δὴ
2748 5214 2858 5267 ὅτι.
2891 5210 3093 5277 Malim,
3137 5209 3313 5281 inquit
3341 5208 3741 5282 linetius._za0’

2177 5284 2205 5337 ὃ
2249 5278 2415 5354 δή-τι,
2460 5301 2620 5353 quam
2676 5278 2816 5354 quod
2862 5278 3486 5354 proponjebat'Vigerus.
3512 5278 3741 5354 καθ’δτι

2176 5355 2260 5424 δή.
2300 5349 2617 5424 'I’Iiilocalia
2678 5349 2912 5424 optime
2952 5349 3117 5424 paulo
3166 5360 3303 5424 post
3360 5349 3739 5424 r_est_itnit_.p1'j

2180 5418 2304 5476 ante
2353 5423 2582 5495 ἀληθές,
2629 5418 2749 5493 qua:
2783 5418 3041 5492 particula
3077 5418 3215 5475 male
3260 5420 3401 5488 apud
3446 5418 3743 5474 Eusebium

2181 5496 2349 5547 deest.

2251 5563 2363 5630 (92)
2416 5559 2795 5627 Ἑπιστήσας.
2848 5559 3075 5629 Vigerus
3115 5559 3359 5630 mutabat
3416 5559 3469 5615 in
3513 5556 3743 5629 ἐπιστή-

2179 5649 2291 5700 σαι,
2319 5628 2460 5704 quod
2496 5648 2606 5688 non
2638 5632 2850 5686 videtur
2875 5628 3264 5686 necessarium.
