4000 6146
378 182 448 241 ‘15

1792 198 1862 257 ΙΝ
1896 197 2217 260 GENESIM.

3553 215 3619 272 7.8

372 302 469 373 τῆς
493 303 586 357 τοῦ
605 296 774 367 δεῖνος
799 308 1090 374 γενέσεως,
1116 315 1520 384 παραστησάτω
1543 317 1638 386 τὴν
1658 317 1911 390 διαφορὰι

2053 322 2269 376 deribus
2294 322 2432 377 etlici
2461 329 2742 390 concedet,
2769 329 2860 382 sed
2884 333 3206 401 cognitionis
3229 348 3416 388 eorum
3448 352 3610 391 causa

370 394 460 448 τοῦ
491 396 598 449 ἀπὸ
627 397 736 449 τῶν
774 399 1024 470 ἀστέρων
1049 401 1306 458 δύνασθαι
1335 405 1523 472 δεῖξαι,
1566 409 1648 462 ὅτι
1681 409 1808 463 τάδε
1845 411 1944 481 μὲν

368 487 609 556 νενόηται
628 487 806 560 ἀληθῆ
829 491 904 552 ὡς
929 493 1038 545 άπὸ
1057 494 1372 559 ποιούντων,
1400 498 1524 550 τάδε
1549 499 1604 551 δὲ
1625 499 1700 562 ὡς
1720 502 1826 554 ἀπὸ
1847 520 1943 574 ση-

370 580 667 648 μαινόντων
693 581 873 652 μόνον·
905 584 980 654 μὴ
1010 584 1221 654 ἔχοντες
1245 588 1299 640 δὲ
1328 589 1507 642 δοῦναι
1525 591 1625 661 τὴν
1653 593 1937 665 διαφορὰν,

363 671 719 741 εὐγνωμόνως
759 676 1283 748 συγκαταθήσονται,
1314 681 1476 751 μηδὲν
1501 682 1609 735 τῶν
1635 684 1774 737 κατὰ
1815 688 1940 751 τοὺς

357 760 683 831 ἀνθρώπους
741 765 849 817 ἀπὸ
909 767 1019 819 τῶν
1071 769 1315 839 ἀστέρων
1371 770 1636 839 γίνεσθαι,
1681 774 1818 839 ἀλλ’,
1864 777 1939 840 ὠς

360 853 791 922 προειρήκαμεν,
818 857 866 906 εί
889 856 997 927 ἄρα
1017 858 1395 928 σημαίνεσθαι,
1423 861 1499 923 ὡς
1527 864 1575 914 εἰ
1605 863 1678 932 μὴ
1715 865 1806 916 καὶ
1829 866 1938 918 ἀπὸ

358 940 462 994 τῶν
495 942 746 1014 ἀστέρων
777 962 862 1008 τις
886 946 1158 1016 ἐλάμϐανε
1183 949 1251 1001 τὰ
1291 950 1699 1019 παρεληλυθότα
1736 956 1831 1006 καὶ
1869 955 1936 1008 τὰ

357 1034 643 1104 μέλλοντα,
676 1036 788 1088 ἀλλ’
822 1039 930 1090 ἀπὸ
958 1038 1050 1091 τοῦ
1072 1039 1161 1092 νοῦ
1195 1041 1285 1092 τοῦ
1313 1042 1470 1104 Θεοῦ,
1500 1043 1589 1097 διά
1611 1062 1753 1107 τινος
1778 1046 1936 1114 λόγου

355 1129 720 1199 πῳφητικοῦ.
756 1131 965 1202 Ὠσπερ
997 1131 1102 1202 γὰρ
1139 1133 1628 1204 προαπεδείξαμεν,
1665 1136 1746 1188 ὅτι
1787 1138 1935 1191 οὐδὲν

353 1218 512 1272 λυπεῖ
532 1221 627 1272 τὸν
653 1223 780 1292 περὶ
802 1222 894 1274 τοῦ
925 1223 1009 1290 ἐφ’
1042 1225 1170 1294 ἡμῖν
1199 1224 1355 1292 λόγον
1386 1225 1446 1278 τὸ
1468 1226 1558 1278 τὸν
1582 1227 1712 1280 Θεὸν
1737 1229 1934 1283 εἰδέναι

350 1314 420 1367 τά
465 1314 899 1386 πραχθησόμενα
937 1316 1171 1386 ἑκάστῳ,
1220 1317 1393 1380 οὕτως
1439 1318 1561 1370 οὐδὲ
1606 1319 1673 1371 τὰ
1709 1324 1928 1390 σημεῖα,

347 1407 384 1459 ἆ
417 1407 607 1471 ἔταξεν
635 1409 664 1458 ὁ
695 1407 829 1470 Θεὸς
855 1410 935 1472 εἰς
973 1409 1032 1460 τὸ
1065 1409 1372 1479 σημαίνειν,
1407 1409 1685 1480 ἐμποδίζει
1719 1414 1828 1482 (95)
1869 1415 1930 1468 τὸ

346 1501 436 1568 ἐφ’
473 1501 639 1570 ἡμῖν’
690 1499 827 1553 ἀλλὰ
863 1501 1254 1571 παραπλησίως
1302 1501 1489 1574 βιϐλίῳ
1526 1505 1830 1574 περιέχοντι
1861 1506 1931 1560 τὰ

350 1590 616 1658 μέλλοντα
662 1593 1015 1662 προφητικῶς
1045 1594 1074 1644 ό
1103 1595 1210 1656 πᾶς
1238 1594 1462 1666 οὐρανὸς
1493 1595 1730 1662 δύναται,
1769 1599 1929 1651 οἱονεὶ

2054 413 2106 465 in
2143 413 2353 483 priores
2383 417 2521 471 alias
2541 419 2839 485 positiones
2871 421 3178 494 ﬁgurasque
3217 428 3500 492 translata,
3525 446 3615 483 su-

2048 500 2155 554 lam
2182 503 2445 557 hodierno
2463 506 2589 558 situi
2617 508 3072 577 signiﬁCationem
3101 516 3367 586 relinquet
3388 535 3402 570 :
3423 521 3502 574 sic
3529 530 3615 574 ta~

2049 606 2172 644 men
2203 601 2260 645 ut
2289 596 2541 660 praesenti
2579 599 2814 651 siderum
2839 605 2937 671 sub
2966 615 3145 658 ortum
3170 609 3302 661 certi
3330 609 3488 676 hujus
3518 613 3614 665 lto-

2048 682 2210 736 minis
2245 683 2590 739 collocationi
2635 698 2840 742 certam
2886 691 3188 749 futurorum
3224 701 3609 767 praenotionem

2046 775 2227 830 deberi
2251 776 2406 830 velit;
2433 779 2533 848 15
2567 780 2751 837 aﬁ‘erat
2780 784 2868 837 ille
2886 799 3047 852 porro
3073 787 3407 846 disvriminis
3449 795 3613 847 ratio-

2047 884 2190 931 nem,
2205 872 2556 934 quamobrem
2573 873 2674 927 alia
2696 885 2949 946 tauquam
2965 878 3152 935 eﬁ'ecta
3169 883 3215 935 vi
3234 885 3492 949 siderum,
3507 887 3610 941 alia

2046 965 2303 1026 tanquam
2325 963 2393 1016 ab
2419 963 2484 1017 iis
2509 966 2663 1018 modo
2684 967 3012 1038 signiﬁcata,
3034 987 3158 1025 vere
3175 979 3428 1043 cognosci
3451 994 3611 1044 posse

2044 1049 2318 1104 defendat.
2347 1052 2500 1118 Quod
2527 1055 2601 1108 illi
2633 1057 2920 1114 discrimen
2951 1077 3074 1116 cum
3099 1066 3377 1134 assignare
3402 1071 3607 1124 nullum

2044 1138 2272 1204 possint,
2320 1143 2600 1198 nobiscum
2645 1146 2899 1217 deinceps
2956 1151 3202 1222 ingenue,
3245 1157 3377 1211 nihil
3421 1173 3605 1215 eorum

2041 1242 2159 1296 qua:
2185 1233 2252 1284 ad
2273 1233 2517 1289 homines
2548 1239 2877 1304 pertineant,
2902 1258 2930 1295 a
2958 1244 3224 1300 sideribus
3241 1247 3378 1302 ellici
3401 1250 3606 1305 fateana

2044 1329 2150 1382 tttr,
2195 1324 2288 1376 sed
2323 1333 2553 1389 tantum,
2602 1330 2679 1381 uti
2710 1332 2820 1396 jam
2855 1343 2983 1388 ante
3029 1337 3284 1402 diximus,
3330 1352 3605 1412 utcunque

2041 1410 2362 1480 signiﬁcari.
2402 1415 2552 1478 Quod
2590 1421 2814 1485 perinde
2847 1426 3070 1478 omnino
3099 1427 3259 1481 fuerit
3299 1447 3361 1483 ac
3396 1432 3440 1484 si
3484 1410 3604 1501 quis

2039 1519 2142 1556 non
2169 1502 2280 1569 jam
2311 1521 2373 1560 ex
2413 1507 2598 1563 iisdem
2631 1512 2920 1578 sideribus,
2966 1518 3058 1570 Sf'd
3097 1535 3192 1586 per
3215 1522 3448 1590 aliquam
3474 1541 3602 1592 pro-

2038 1596 2298 1662 phetiam,
2335 1614 2399 1651 ex
2435 1599 2663 1666 ipsantet
2698 1603 2788 1658 Dei
2839 1619 3017 1664 tuente
3047 1627 3138 1665 res
3169 1625 3260 1667 ant
3299 1618 3602 1682 praeteritas

348 1681 532 1750 βίϐλος
576 1682 656 1735 ὢν
685 1684 846 1746 Θεοῦ,
891 1684 1164 1756 περιέχειν
1195 1685 1264 1738 τὰ
1310 1687 1590 1756 μέλλοντα.
1639 1690 1839 1760 Διόπερ
1873 1692 1911 1742 ὲκ

2034 1695 2127 1739 aut
2153 1686 2362 1741 futuras
2389 1689 2742 1759 intelligeret.
2782 1695 3246 1761 Quemadmodum
3277 1681 3420 1760 enim
3443 1724 3601 1779 supe-

343 1778 414 1844 τῇ
447 1779 726 1847 προσευχῇ
761 1776 853 1829 τοῦ
896 1777 1094 1848 Ἰωσὴφ
1125 1777 1236 1847 (94)
1272 1777 1494 1832 δύναται
1523 1780 1662 1833 οὕτω
1691 1780 1928 1833 νοεῖσθαι

339 1867 405 1919 τὸ
443 1867 737 1937 λεγόμενον
781 1869 887 1920 ὑπὸ
927 1867 1020 1922 τοῦ
1074 1868 1298 1922 Ἰακὼϐθ
1353 1891 1370 1922 ι
1432 1872 1693 1940 Ἀνέγνων
1731 1872 1839 1943 γὰρ
1872 1876 1928 1926 ὲν

338 1959 462 2019 ταῖς
508 1957 677 2024 πλαξὶ
720 1957 813 2009 τοῦ
842 1957 1110 2028 οὐρανοῦ,
1152 1959 1249 2013 ὅσα
1300 1959 1635 2030 συμϐήσεται
1671 1961 1797 2030 ὑμῖν
1835 1962 1928 2014 καὶ

334 2055 453 2115 τοῖς
500 2054 640 2114 υἱοῖς
676 2051 846 2123 ὑμῶν.
885 2072 903 2102 ι
949 2052 1101 2123 Τάχα
1135 2053 1189 2106 δὲ
1220 2053 1315 2106 καὶ
1357 2054 1438 2119 τὸ,
1479 2073 1498 2105 ι
1527 2055 1870 2126 Εἱλιγήσεται
1899 2059 1927 2108 ὁ

331 2145 567 2216 οὐρανὸς
601 2145 680 2208 ὡς
729 2144 952 2214 βιϐλίον,
990 2165 1009 2194 ι
1045 2147 1168 2208 τοὺς
1209 2144 1401 2212 λόγους
1442 2148 1566 2210 τοὺς
1607 2148 1926 2218 περιεχομέ-

333 2256 485 2302 νους,
526 2240 899 2308 σημαντικοὺς
927 2237 1034 2290 τῶν
1067 2239 1360 2307 ἐσομένων,
1409 2238 1557 2310 δηλοῖ
1588 2238 1924 2310 ἀπαρτισθη-

335 2330 626 2400 σομένους,
678 2331 774 2382 καὶ
831 2329 897 2382 ἵν’
943 2329 1116 2391 οὕτως
1157 2330 1315 2393 εἴπω,
1375 2328 1917 2412 πληρωθησομένους,

331 2422 527 2492 ὥσπερ
567 2420 816 2489 λέγονται
851 2421 907 2475 αἱ
939 2423 1263 2490 προφητεῖαι
1297 2419 1686 2491 πεπληρῶσθαι
1718 2419 1794 2489 τῷ
1827 2422 1919 2474 ὲκ-

331 2512 651 2585 ϐεϐηκέναι.
706 2513 816 2567 Καὶ
863 2512 1035 2576 οὕτως
1075 2513 1224 2566 ἔσται
1273 2503 1354 2576 εἰς
1398 2515 1598 2584 σημεῖα
1633 2511 1703 2565 τὰ
1747 2512 1921 2582 ἄστρα

329 2606 622 2674 γεγονότα,
674 2605 818 2659 κατὰ
861 2605 960 2676 τὴν
1007 2605 1266 2672 λέγουσαν
1299 2605 1485 2674 φωνήν
1510 2621 1523 2632 ·
1578 2623 1596 2654 ‹
1635 2604 1918 2656 Ἔστωσαν

329 2698 414 2761 εἰς
461 2700 687 2767 σημεῖα.
749 2715 768 2746 ›
822 2697 879 2748 '0
923 2696 981 2749 δὲ
1043 2695 1328 2766 Ἱερεμίας,
1379 2693 1720 2764 ἐπιστρέφων
1770 2695 1916 2763 ἡμᾶς

330 2788 479 2860 πρὸς
504 2789 754 2852 ἑαυτοὺς,
789 2789 884 2841 καὶ
927 2786 1226 2858 περιαιρῶν
1256 2786 1418 2854 φόϐον
1448 2786 1538 2838 τὸν
1572 2786 1664 2837 ἐπὶ
1688 2787 1799 2847 τοῖς
1827 2801 1914 2836 νο-

332 2880 653 2950 μιζομένοις
702 2879 1080 2950 σημαίνεσθαι,
1124 2878 1267 2947 τάχα
1299 2878 1356 2929 δὲ
1398 2877 1492 2929 καὶ
1535 2875 1914 2945 ὑπολαμϐανο-

334 2973 518 3040 μένοις
562 2970 772 3024 ἐκεῖθεν
802 2969 1077 3041 ἔρχεσθαι,
1123 2966 1308 3040 φησίνο
1331 2987 1349 3018 ι
1387 2966 1516 3020 Ἀπὸ
1549 2964 1655 3019 τῶν
1674 2965 1912 3036 σημείων

329 3061 425 3115 τοῦ
459 3061 694 3134 οὐρανοῦ
730 3061 805 3132 μὴ
834 3059 1103 3130 φοϐεῖσθε.
1143 3079 1163 3111 ι

2037 1778 2150 1833 rius
2180 1790 2460 1836 ostensum
2490 1800 2520 1838 a
2552 1788 2706 1841 nobis
2733 1801 2839 1854 est,
2880 1795 3022 1858 quod
3060 1793 3230 1858 Deus,
3255 1813 3375 1865 quze
3410 1816 3437 1852 a
3468 1778 3601 1870 quo-

2032 1881 2136 1934 que
2185 1869 2493 1938 profectura
2549 1875 2684 1940 sint,
2731 1881 2914 1932 omnia
2961 1887 3304 1950 praenoverit,
3361 1889 3412 1940 id
3463 1869 3598 1946 nihil

2035 1973 2256 2026 prorsus
2295 1963 2584 2022 voluntatis
2611 1979 2806 2023 nostra:
2833 1975 3079 2038 potestati
3110 1974 3325 2032 ofﬁcere
3360 1995 3374 2032 :
3401 1980 3469 2033 ita
3500 1997 3597 2035 nec

2032 2050 2230 2114 eidem,
2264 2067 2382 2120 quae
2416 2069 2594 2108 rerum
2633 2060 2783 2128 signa
2831 2061 2970 2114 Deus
3001 2078 3123 2118 esse
3150 2066 3345 2129 vetuit,
3389 2067 3593 2123 incom-

2029 2135 2270 2201 tnodant,
2291 2138 2384 2190 sed
2406 2139 2693 2197 voluminis
2723 2146 2949 2214 alicujus
2979 2151 3166 2219 instar,
3203 2153 3438 2210 futurum
3466 2173 3592 2224 pro-

2027 2229 2243 2296 phetica
2281 2233 2517 2290 dictione
2543 2240 2833 2307 complexi,
2869 2245 3122 2300 universo
3170 2263 3386 2318 quoque
3428 2252 3592 2316 caelo,

2025 2323 2115 2387 qui
2152 2321 2242 2377 Dei
2279 2323 2414 2379 liber
2441 2329 2658 2394 quidam
2691 2339 2796 2395 est,
2825 2335 3092 2391 contineri
3130 2338 3309 2393 futura
3343 2353 3586 2409 possunt.

2022 2413 2212 2481 Itaque
2245 2417 2387 2472 lnmc
2417 2421 2466 2472 in
2510 2425 2729 2476 modum
2761 2425 2985 2495 intelligi
3015 2439 3216 2497 potest,
3249 2433 3391 2498 quod
3424 2433 3472 2484 in
3496 2431 3592 2486 Jo-

2024 2505 2174 2573 sephi
2219 2512 2534 2575 precatione
2563 2530 2590 2564 a
2623 2513 2826 2570 Jacobo
2864 2517 3102 2573 dicitur:
3144 2540 3162 2572 ι
3197 2521 3328 2592 Legi
3358 2524 3408 2574 in
3445 2525 3592 2576 taltur

2022 2596 2090 2651 lis
2106 2599 2256 2663 caeli,
2283 2615 2621 2672 quazcunque
2651 2607 2898 2660 accident
2929 2610 3079 2663 vobis
3093 2621 3147 2664 et
3179 2611 3304 2665 ﬁliis
3325 2615 3540 2669 vestris.
3563 2635 3586 2666 ι

2022 2686 2330 2754 Quinetiam
2364 2693 2515 2756 illud,
2558 2714 2575 2745 ι
2601 2698 3032 2766 Complicabitur
3080 2702 3276 2758 coelum
3309 2705 3465 2772 quasi
3520 2704 3586 2757 li-

2019 2779 2115 2833 ber
2147 2781 2212 2842 ‘3,
2253 2801 2272 2833 ι
2302 2797 2368 2837 eo
2413 2785 2662 2840 fortassis
2728 2790 2994 2858 pertinet,
3048 2803 3106 2845 ut
3158 2795 3450 2862 impressas
3485 2795 3588 2864 ipsi

2020 2887 2200 2926 rermn
2233 2873 2533 2930 luturarum
2573 2877 3006 2947 signiﬁcationes
3041 2883 3342 2953 perfectum
3399 2890 3587 2954 quasi-

2016 2980 2120 3033 que
2151 2966 2474 3035 completum
2506 2969 2568 3022 iri
2599 2971 2952 3038 demonstret,
2985 2976 3440 3044 quemadmodum
3465 2977 3590 3045 ipso

2014 3071 2192 3110 rermn
2227 3059 2374 3112 exitu
2424 3063 2686 3131 completa
2733 3066 3114 3134 prephetarum
3155 3067 3409 3122 dicantur
3455 3085 3582 3123 ora-

331 3158 482 3210 cula.
512 3159 690 3227 Atque
722 3157 794 3210 ita
847 3156 1123 3224 signorum
1154 3163 1212 3207 ut
1275 3169 1391 3207 Vtce
1432 3152 1809 3220 fungerentur,
1879 3153 2172 3205 constituta
2217 3153 2474 3209 divinitus
2527 3167 2670 3210 astra
2721 3159 2943 3226 fuerint,
2980 3161 3133 3228 juxta
3170 3163 3296 3217 illud
3334 3179 3345 3212 :
3394 3183 3416 3215 ἰ
3465 3165 3586 3218 Sint

329 3251 388 3305 in
443 3252 620 3322 signa.
653 3271 672 3304 ι
722 3252 1040 3320 Quanquam
1073 3250 1359 3312 Jeremias,
1416 3251 1491 3302 uti
1542 3258 1595 3302 et
1652 3249 1807 3300 nobis
1856 3263 1952 3301 nos
1987 3249 2097 3317 ipse
2152 3251 2360 3316 reddat,
2413 3267 2580 3321 eoque
2628 3267 2768 3308 metu
2822 3257 3043 3322 liberet,
3095 3275 3252 3328 quem
3308 3277 3370 3314 ea
3432 3260 3585 3316 nobis

327 3343 532 3399 afferre
599 3355 847 3413 possent,
888 3359 1008 3412 quae
1067 3345 1134 3396 ab
1176 3343 1338 3397 astris
1383 3343 1465 3396 vel
1534 3343 1850 3412 signiﬁcari,
1893 3342 1976 3397 vel
2029 3345 2299 3414 proﬁcisci
2351 3349 2669 3418 quandoque
2717 3352 3018 3418 videantur,
3078 3357 3151 3409 ita
3208 3365 3428 3412 monet:
3464 3376 3481 3408 ι
3536 3355 3582 3412 Λ

327 3438 503 3506 signis
528 3435 648 3491 caeli
682 3437 848 3489 nolite
879 3445 1119 3489 metuere
1149 3435 1216 3486 ⁸ο.
1254 3452 1273 3484 ι

405 3533 631 3602 Ἱδωμεν
671 3534 764 3586 καί
791 3533 1040 3602 δεύτερον
1073 3532 1430 3602 ἐπιχείρημα,
1465 3531 1580 3593 πῶς
1619 3532 1679 3583 οὐ
1711 3530 1902 3584 δύναν-

327 3643 418 3679 ται
445 3628 492 3678 οἱ
527 3625 756 3695 ἀστέρες
784 3621 921 3677 εἶναι
968 3625 1254 3696 ποιητικοὶ,
1283 3623 1396 3676 ἀλλ’
1429 3625 1476 3675 εί
1509 3623 1615 3694 ἄρα
1644 3640 1903 3694 σημαντι-

327 3718 432 3770 tot.
494 3717 628 3769 Ἀπὸ
673 3716 779 3769 τῶν
833 3716 1095 3768 πλείστων
1132 3715 1240 3786 γὰρ
1287 3716 1426 3766 ὅσων
1474 3714 1738 3782 γενέσεων
1788 3715 1902 3767 ἐστι

327 3809 509 3863 λαϐεῖν
531 3808 602 3861 τὰ
626 3808 755 3880 περὶ
787 3809 904 3870 ἑνὸς
943 3806 1246 3878 ἀνθρώπου·
1285 3804 1440 3856 τοῦτο
1470 3805 1525 3857 δὲ
1553 3805 1675 3858 καθ’
1711 3804 1906 3858 ὑπόθε-

330 3917 412 3953 σιν
441 3901 696 3972 λέγομεν,
729 3899 1131 3970 συγχωροῦντες
1163 3898 1223 3950 τὸ
1247 3899 1556 3967 ἐπιστήμην
1577 3897 1754 3950 αὐτῶν
1782 3898 1907 3950 ἀνα-

325 3992 696 4063 λαμϐάνεσθαι
725 3994 816 4046 ὑπ’
859 3989 1158 4061 ἀνθρώπων
1191 3988 1468 4042 δύνασθαι.
1511 3989 1648 4060 Φέρε
1679 3989 1787 4060 γάρ
1819 3993 1898 4042 εί-

326 4087 446 4136 πεῖν
482 4084 726 4154 περὶτοῦ
757 4083 904 4136 τόνδε
935 4080 1216 4135 πείσεσθαι
1238 4080 1378 4143 τόδε,
1421 4081 1514 4132 καὶ
1546 4080 1898 4150 τεθνήξεσθαι

325 4172 691 4240 περιπεσόντα
715 4172 936 4242 λῃσταῖς
963 4171 1054 4223 καὶ
1083 4169 1461 4240 ἀναιρεθέντα,
1499 4171 1630 4237 φασὶ
1666 4170 1777 4241 (95)
1809 4170 1898 4222 δύο

322 4262 522 4315 νασθαι
547 4262 838 4333 λαμϐάνειν
871 4264 976 4317 άπό
1005 4280 1062 4316 τε
1094 4263 1191 4333 τῆς
1229 4261 1364 4324 ἰδίας
1399 4261 1564 4312 αὐτοῦ
1609 4261 1896 4328 γενέσεως,

321 4355 428 4408 κᾶν
455 4356 597 4427 τύχῃ
635 4354 769 4424 ἔχων
796 4355 1055 4423 ἀδελφοὺς
1091 4353 1358 4417 πλείονας,
1394 4351 1502 4405 ἀπὸ
1537 4352 1636 4421 τῆς
1668 4352 1896 4404 ἑκάστου

320 4446 522 4500 αὐτῶν.
560 4446 838 4516 Περιέχειν
879 4446 988 4518 γὰρ
1029 4445 1228 4499 οἴονται
1270 4447 1368 4515 τὴν
1410 4445 1640 4498 ἑκάστου
1688 4445 1898 4511 γένεσιν

2081 3528 2167 3582 ‘lO.
2194 3528 2311 3583 Jatn
2339 3543 2466 3583 vero
2497 3529 2641 3582 aliud
2689 3541 2944 3597 praeterea
2980 3535 3259 3590 videmnus
3292 3555 3582 3609 argumen-

2008 3629 2144 3684 tum,
2171 3622 2311 3689 quod
2343 3621 2610 3673 sideribus
2644 3620 2906 3675 elliciendi
2947 3624 3181 3689 nullam,
3217 3631 3309 3682 sed
3341 3631 3576 3699 aliquam

2012 3720 2222 3764 tantum
2256 3710 2321 3778 (si
2363 3709 2443 3764 vel
2475 3709 2586 3777 ipsa
2632 3724 2806 3764 tamen
2843 3715 2957 3765 dari
2993 3717 3193 3784 potest)
3231 3719 3575 3789 signiﬁcandi

2009 3804 2117 3856 vim
2148 3803 2440 3872 relinquat.
2475 3802 2759 3858 Docebunt
2791 3807 3073 3862 enimvero
3103 3812 3254 3864 multi
3297 3815 3571 3872 hominum

2004 3904 2180 3960 ortus,
2214 3912 2333 3963 quae
2363 3899 2454 3952 uni
2480 3900 2746 3952 duntaxat
2785 3901 2990 3953 hamini
3025 3913 3289 3956 eventura
3321 3907 3429 3959 sint
3461 3924 3475 3959 :
3520 3909 3571 3961 id

2006 3986 2152 4055 quod
2193 3996 2371 4040 tamen
2411 4002 2477 4040 ex
2520 3987 2799 4058 Itypothesi
2843 3989 3044 4044 dictum
3077 4005 3197 4044 esse
3241 3991 3418 4058 velim,
3452 4010 3574 4061 per-

2009 4079 2134 4132 inde
2177 4092 2241 4129 ac
2285 4079 2326 4131 si
2375 4093 2561 4132 eorum
2607 4079 2660 4132 in
2694 4080 3056 4149 cognitionem
3107 4081 3352 4137 lnnnines
3394 4085 3574 4138 venire

2003 4185 2166 4238 posse
2206 4171 2591 4224 concedamus.
2626 4171 2778 4236 Quod
2825 4172 2970 4224 enim
3019 4172 3105 4225 hic
3149 4184 3245 4226 aut
3294 4175 3384 4228 ille
3431 4178 3566 4230 certi

2003 4261 2278 4330 quidpiam
2303 4261 2580 4314 subiturus
2597 4262 2683 4322 sit,
2714 4273 2839 4330 puta
2862 4260 3192 4332 jngulandus
3214 4281 3241 4317 a
3268 4265 3571 4322 latronibus

2005 4352 2058 4404 in
2082 4366 2214 4420 quos
2246 4352 2534 4417 inciderit;
2569 4353 2670 4406 hoc
2693 4354 2781 4406 isti
2811 4354 3024 4421 quidem
3057 4356 3254 4423 partim
3288 4372 3354 4410 ex
3386 4359 3572 4428 singu-

2005 4442 2104 4496 lari
2134 4441 2248 4510 ejus
2281 4455 2422 4505 ortu,
2453 4446 2651 4512 partim
2683 4461 2744 4498 ex
2791 4445 3040 4507 fratrum,
3084 4446 3128 4499 si
3161 4447 3344 4514 plures
3375 4465 3570 4503 nume-

319 4542 548 4611 ἀδελφὸν
586 4541 690 4594 ὑπὸ
729 4540 939 4612 λῃστῶν
982 4539 1366 4608 τεθνηξόμενον
1411 4538 1613 4607 ὁμοίως
1661 4535 1755 4588 καὶ
1801 4535 1901 4605 τὴν

2023 4546 2111 4601 'et,
2163 4536 2499 4605 singulorum
2531 4537 2794 4591 natalitiis
2823 4539 3010 4592 haberi
3043 4554 3200 4607 posse
3250 4539 3565 4596 defendunt.

395 4637 440 4669 ‘9
467 4638 573 4690 lsa.
603 4651 787 4699 xxxiv,
821 4634 874 4686 4.
952 4634 997 4664 ⁵⁸
1024 4631 1223 4686 Jerem.
1259 4647 1314 4695 ιι,
1336 4629 1394 4683 2.

390 4754 504 4822 (9'5)
546 4755 698 4821 Apud
749 4752 1038 4806 Eusebium
1099 4752 1314 4822 legitur?
1348 4749 1680 4822 ἐμποδίζεινέ,
1727 4749 1886 4822 male.

321 4820 544 4887 Ibidem,
590 4820 723 4877 am
779 4822 1172 4892 παραπλησίως
1215 4820 1423 4891 βιϐλίῳ,
1473 4832 1587 4892 etc.
1631 4820 1894 4892 crederes

322 4895 496 4949 locum
529 4898 672 4949 hunc
713 4889 1035 4961 respexisse
1079 4889 1347 4961 Plotinum
1379 4889 1500 4943 cum
1542 4891 1618 4961 ait
1660 4889 1750 4942 lib.
1808 4905 1890 4953 ιιι,

321 4983 446 5020 eun.
479 4981 539 5026 ιι,
566 4979 686 5032 cap.
712 4965 742 5016 7
774 4959 1000 5016 ε’Ἔστω
1026 4961 1202 5014 τοίνυν
1248 4960 1453 5032 ὥσπερ
1474 4959 1778 5030 γράμματα
1833 4961 1890 5032 εν

318 5034 532 5106 οὐρανῷ
583 5029 902 5114 γραφόμενα
929 5033 1114 5114 ἀεὶ-εἰ
1167 5029 1526 5114 γεγραμμένα
1561 5032 1669 5114 ia!
1713 5029 1891 5114 κινού-

360 5099 477 5167 ε’να,
503 5099 776 5158 ’ποιόῦντα
810 5104 905 5174 μέν
936 5120 988 5155 τι
1049 5103 1208 5174 ἔργον
1249 5099 1344 5153 καὶ
1375 5099 1520 5174 ἄλλο.
1561 5099 1889 5174 Ἐπακολου-

360 5124 477 5167 ενα,
512 5124 769 5158 ποιουντα
810 5124 905 5174 μεν
936 5124 988 5155 τι
1049 5124 1208 5173 εργον
1249 5124 1344 5153 και
1375 5124 1520 5153 αΛΛΟι
1577 5124 1886 5154 επακωιυυ-

316 5124 464 5248 διήτω
491 5175 548 5230 δὲ
580 5175 721 5250 τῷδεΔ
754 5177 788 5245 ἡ
824 5176 951 5250 παρ’
995 5172 1172 5250 αὐτῶν
1228 5171 1490 5250 σημασία,
1544 5181 1650 5224 etc.
1708 5189 1726 5219 ι
1765 5172 1886 5250 _Sint

317 5239 483 5312 igitur
510 5239 653 5298 velut
691 5239 883 5298 littera!
906 5239 959 5296 in
989 5245 1148 5306 caelo,
1175 5239 1313 5310 quae
1335 5243 1664 5321 scribantur,
1697 5239 1784 5321 vel.
1836 5239 1880 5321 si

308 5317 420 5384 jam
450 5317 825 5391 scripta‘sunt,
852 5324 1171 5391 moveantur
1199 5319 1482 5391 perpetuo,
1515 5312 1692 5391 eritne
1718 5311 1884 5363 aliud-

312 5380 414 5455 que
456 5380 593 5453 onus
615 5386 874 5439 eﬁiciant.
911 5381 1063 5438 Unde
1111 5380 1355 5455 sequitur
1409 5380 1732 5455 signiﬁcatio
1766 5395 1886 5448 qua:

312 5451 376 5510 ab
406 5451 540 5526 ipsis
572 5457 938 5526 portenditur,
965 5473 987 5526 ρ
1017 5465 1122 5526 etc.
1165 5452 1230 5506 Et
1271 5466 1400 5526 enn.
1442 5451 1650 5526 t_tt,__l_ib.
1687 5465 1724 5512 ι,
1760 5465 1879 5526 cap.

311 5526 362 5584 6.
388 5520 455 5581 de
487 5520 651 5580 astris
681 5525 941 5595 loquens:
963 5522 1354 5595 Hapéxemtoé
1383 5521 1476 5574 καὶ
1504 5520 1669 5595 ἄλλην
1698 5521 1884 5590 χρείαν

311 5599 405 5678 τὴν
445 5597 539 5678 τοῦ
584 5598 666 5659 είς
725 5590 885 5678 αὐτὰ,
939 5590 1147 5666 ὥσπερ
1184 5593 1507 5678 γράμματα,
1567 5590 1879 5678 βλέποντας,

311 5661 434 5732 tab;
457 5668 557 5738 τὴν
593 5665 850 5736 τοιαύτην
895 5661 1564 5736 γραμματικὴνείδότας,
1615 5661 1876 5731 ἀναγινώο

512 5763 790 5823 Pauor"
824 5761 939 5821 Gn.
975 5758 1121 5820 ΧΠ.

1997 4767 2144 4802 σκειν
2176 4750 2244 4802 τὰ
2288 4749 2547 4819 μέλλοντα
2567 4790 2580 4814 ,
2619 4751 2680 4802 ἐκ
2709 4750 2814 4801 τῶν
2850 4749 3142 4819 σχημάτων
3175 4749 3313 4802 κατὰ
3338 4748 3399 4801 τὸ
3432 4750 3567 4805 ἀνά-

1996 4820 2151 4888 λογον
2186 4819 2568 4890 μεθοδεύοντας
2599 4821 2659 4871 τὸ
2685 4819 3102 4890 σημαινόμενον.
3156 4838 3174 4870 ι
3215 4821 3383 4890 Alteri
3431 4836 3569 4889 quo-

1996 4907 2102 4957 que
2126 4889 2242 4943 usui
2268 4901 2415 4955 sunt,
2447 4890 2589 4957 quod
2615 4905 2806 4956 nempe
2836 4892 2924 4955 qui
2955 4889 3216 4956 ejusmodi
3245 4889 3566 4943 litteratura:

1997 4963 2156 5026 periti
2189 4969 2335 5022 sunt,
2361 4975 2423 5012 ea
2460 4972 2717 5026 tanquam
2766 4959 2980 5014 litteras
3010 4959 3346 5028 aspicientes
3386 4959 3564 5028 legant

1996 5030 2199 5092 futura,
2233 5045 2298 5083 ex
2333 5029 2519 5096 ﬁguris
2547 5041 2758 5082 servata
2805 5027 3054 5098 analogia
3100 5027 3558 5098 signiﬁcationem

1995 5103 2277 5153 rimantes.
2313 5119 2330 5151 ι
2368 5100 2650 5169 Origenetn
2675 5108 2851 5152 autem
2894 5097 2984 5153 hic
3014 5098 3126 5151 fere
3157 5097 3432 5164 αὐτολεξεί
3476 5118 3558 5152 se-

1991 5171 2176 5239 quitur
2207 5168 2500 5239 Procopius
2529 5170 2579 5221 in
2613 5168 3188 5239 Genesimallumtus.

2063 5240 2172 5310 (9i)
2216 5241 2317 5293 Ἐν
2357 5236 2431 5307 τῇ
2483 5236 2791 5307 προσευχῇ
2829 5238 2934 5291 τοῦ
2985 5239 3214 5306 Ἰωσήφ,
3241 5246 3346 5293 etc.
3375 5236 3561 5310 ALiher

1991 5307 2353 5380 apocryphus,
2385 5310 2684 5377 cujusmodi
2730 5312 2903 5380 libros
2935 5323 3076 5377 same
3127 5310 3318 5362 laudat
3364 5307 3558 5380 Orige-

1995 5376 2110 5435 nes.
2155 5376 2434 5434 Laudatur
2456 5376 2514 5434 et
2550 5389 2678 5432 tom.
2703 5379 2739 5434 V
2774 5379 2827 5431 in
2862 5376 3020 5432 Joan.
3051 5388 3108 5432 et
3141 5380 3208 5433 ab
3238 5378 3557 5438 Athanasio,

1992 5454 2108 5506 sive
2135 5451 2382 5519 quisquis
2413 5461 2497 5506 est
2530 5461 2722 5503 anetor
2749 5448 3072 5518 Synopseos,
3117 5457 3174 5504 et
3213 5465 3244 5505 a
3295 5447 3562 5519 Procopio

1994 5525 2049 5576 in
2076 5522 2275 5578 Cenes.
2302 5519 2378 5573 lo.

2063 5593 2173 5662 (95)
2206 5591 2356 5662 Apud
2393 5589 2704 5654 Eusebium,
2736 5589 2886 5657 φησί.
