4000 6146
280 293 330 349 8|
1694 302 1763 360 IN
1795 304 2116 361 GENESIM.

286 314 330 349 ut
1694 314 1761 360 ΙΝ
1795 314 1857 361 Gl

286 400 381 459 τοῖς
410 393 617 458 τόποις,
653 394 988 465 ἀπογνῶναι
1016 395 1114 467 τὴν
1154 394 1281 465 περὶ
1306 395 1512 449 τούτων
1542 397 1857 469 κατάληψιν,

1961 314 2116 360 ςδιΜ.
2314 362 2321 373 ,
3465 314 3535 370 82

1972 400 2306 469 perationem
2360 402 2648 471 appellant,
2705 402 2979 472 exquisite
3014 402 3112 457 abs
3152 418 3270 459 sese
3316 404 3533 459 defendi

290 488 521 560 οὐδαμῶς
566 487 892 561 ἀνθρώποις
945 477 1288 559 ἐκκειμένην,
1323 489 1438 543 ἀλλ’
1470 490 1518 542 εἰ
1548 489 1655 560 ἄρα
1705 491 1863 563 μέχρι

288 584 373 640 τοῦ
405 582 753 655 σημανθῆναι
790 584 955 654 μόνον
980 582 1304 651 φθάνουσαν.
1335 582 1397 635 Εἰ
1425 582 1482 636 δέ
1512 601 1595 647 τις
1624 586 1683 636 ὲν
1698 584 1865 655 πείρᾳ

286 672 568 743 γεγένηται
597 670 710 723 τῶν
753 670 1121 741 πραγμάτων,
1148 670 1347 740 μᾶλλον
1380 670 1585 725 εἴσεται
1606 671 1667 724 τὸ
1706 673 1761 724 ὲν
1786 670 1865 741 τῷ

289 768 639 839 στοχάζεσθαι
672 767 1056 821 ἀποπτωτικὸν
1100 765 1206 819 τῶν
1246 765 1529 834 λεγόντων,
1560 766 1655 818 καὶ
1686 765 1864 820 αὐτῶν

286 858 779 930 συγγραψαμένων,
804 859 950 931 ἥπερ
963 858 1310 929 νομιζόμενον
1331 856 1439 927 (12)
1466 857 1859 911 ὲπιτευκτικόν.

286 955 390 1007 Καὶ
433 952 663 1015 Ἡσαΐας
694 950 847 1019 γοῦν,
876 951 951 1014 ὡς
975 950 1036 1002 οὐ
1051 949 1360 1019 δυναμένων
1387 948 1589 1002 τούτων
1617 948 1866 1019 εὑρίσκε-

285 1048 404 1100 σἼαι
457 1045 566 1099 ὑπὸ
594 1043 917 1116 ἀνθρώπιον,
954 1044 1086 1113 φησὶ
1131 1041 1266 1113 πρὸς
1306 1041 1403 1113 τὴν
1453 1040 1727 1112 θυγατέρα
1758 1040 1863 1092 τῶν

282 1134 592 1197 Χαλδαίων,
622 1135 732 1188 τῶν
762 1134 935 1187 ταῦτα
970 1133 1204 1204 μάλιστα
1248 1133 1399 1204 παρὰ
1444 1133 1652 1195 πάντας
1692 1135 1865 1200 ὲπαγ-

281 1229 642 1299 γελλομένων·
683 1246 701 1278 ι
743 1227 1030 1297 Στήτωσαν
1060 1223 1123 1295 δὴ
1178 1223 1273 1277 καὶ
1326 1223 1656 1276 σωσάτωσάν
1709 1240 1768 1275 σε
1814 1223 1864 1274 οἱ

279 1320 601 1391 ἀστρολόγοι
628 1318 720 1372 τοῦ
751 1317 1002 1388 ούρανοῦ·
1035 1313 1512 1383 ἀναγγειλάτωσάν
1541 1331 1620 1366 σοι
1653 1314 1703 1366 τί
1737 1313 1863 1384 μέλ-

276 1409 358 1463 λει
404 1410 502 1462 ἐπὶ
554 1408 614 1461 σὲ
647 1407 917 1479 ἔρχεσθαι·
950 1392 971 1456 ί
1011 1405 1097 1458 διὰ
1126 1404 1235 1476 γὰρ
1259 1402 1462 1457 τούτων
1495 1402 1859 1473 διδασκόμεθα

281 1497 356 1567 μὴ
385 1494 653 1549 δύνασθαι
674 1496 800 1557 τοὺς
839 1492 977 1547 πάνυ
1017 1493 1143 1563 περὶ
1171 1492 1341 1545 ταῦτα
1372 1492 1686 1562 φιλομαθεῖς
1726 1509 1861 1563 προ-

275 1586 494 1659 δηλοῦν,
559 1587 598 1641 ἃ
651 1586 968 1656 βεϐούληται
1028 1585 1229 1659 Κύριος
1280 1584 1495 1655 ἑκάστῳ
1544 1584 1684 1637 ἔθνει
1723 1585 1861 1636 ἐπα-

275 1697 495 1748 γαγειν.

1966 503 2072 541 non
2147 502 2307 558 posse
2387 487 2719 544 fatebuntur.
2798 491 3076 561 Contingit
3146 494 3288 548 enim
3346 495 3536 564 saepis-

1965 581 2135 643 sime,
2184 590 2243 633 ut
2300 579 2383 633 vel
2461 580 2759 636 infestioris
2809 582 2968 652 hujus
3045 585 3175 638 astri
3231 584 3335 649 vis,
3392 587 3536 655 quod

1964 672 2208 737 emersit,
2260 672 2486 726 alterius
2519 672 2780 729 felicioris
2822 686 3046 746 aspectu
3081 676 3249 745 magis
3282 676 3536 732 minusve

1965 764 2287 818 retundatur
2321 780 2335 816 :
2372 764 2455 819 vel
2496 774 2557 819 ut
2595 766 2646 820 id
2715 767 2889 837 ipsum
2942 768 3235 837 quominus
3292 769 3531 834 eveniat,

1965 853 2225 909 felicioris
2258 864 2510 925 aspectus
2556 856 2835 925 impediat,
2884 866 3175 928 propterea
3222 861 3368 928 quod
3402 860 3537 915 alte-

1964 948 2176 1002 rum.in
2205 949 2311 1003 hoc
2334 948 2441 1002 situ
2482 949 2573 1013 sit,
2608 949 2878 1004 deteriora
2920 949 3255 1019 signiﬁcans.
3291 948 3369 1005 Ac
3399 951 3534 1006 mihi

1963 1052 2095 1091 sane
2138 1039 2213 1092 ita
2262 1039 2588 1107 persuadeo,
2631 1039 2880 1109 quisquis
2914 1040 2966 1093 in
3015 1041 3255 1093 locorum
3304 1040 3532 1093 istorum

1962 1126 2347 1195 disquisitione
2392 1128 2722 1194 versabitur,
2769 1128 3238 1197 pronuntiaturum
3265 1142 3388 1183 eum
3427 1128 3535 1182 uti-

1962 1233 2087 1286 que,
2130 1228 2466 1286 perspectam
2500 1219 2950 1288 exploratumque
2984 1219 3293 1273 mortalium
3329 1220 3531 1275 nemini

1962 1325 2151 1364 eorum
2192 1311 2457 1364 rationem
2495 1324 2637 1375 esse,
2666 1311 2759 1364 sed
2793 1312 2841 1364 ei
2867 1313 3129 1365 duntaxat
3168 1311 3273 1363 vim
3321 1311 3532 1380 signiﬁ-

1959 1402 2116 1454 candi
2149 1401 2383 1470 aliquam
2418 1402 2484 1456 ad
2517 1417 2787 1456 summum
2818 1403 3045 1456 concedi
3077 1417 3257 1471 posse.
3302 1402 3404 1468 Qui
3433 1419 3533 1455 au-

1962 1499 2067 1545 tem
2101 1506 2188 1546 res
2210 1492 2354 1560 ipsas
2372 1491 2712 1559 experientia
2746 1493 2859 1560 ipse
2886 1508 2980 1545 sua
3005 1494 3340 1558 probaverit,
3368 1507 3533 1561 agno-

1960 1593 2077 1637 scet
2115 1582 2205 1637 ille
2240 1582 2487 1651 profecto
2524 1583 2574 1636 id
2609 1583 2893 1636 hominum
2938 1597 3109 1652 genus
3148 1583 3199 1635 in
3232 1583 3348 1636 suis
3390 1582 3533 1649 illis,

1963 1690 2101 1746 quas
2130 1684 2224 1728 aut
2254 1688 2386 1727 voce
2421 1682 2513 1728 aut
2545 1674 2753 1741 scripto
2780 1674 3116 1742 concipiunt,
3141 1674 3533 1741 przesensioni-

278 1773 383 1827 bus
436 1773 595 1839 longe
643 1770 839 1838 smpius
907 1771 1188 1834 aberrare,
1258 1786 1444 1840 quam,
1496 1773 1640 1839 quod
1699 1770 1799 1826 sibi
1856 1770 2085 1840 ﬁngunt,
2146 1783 2339 1822 verum
2385 1768 2669 1838 attingere.
2724 1765 3089 1833 Quamobrem
3142 1767 3308 1821 Isaias
3340 1805 3356 1831 ,
3389 1767 3534 1836 quod

275 1879 341 1915 ea
388 1872 540 1915 certo
568 1864 637 1913 ab
669 1860 977 1916 hominibus
1028 1861 1173 1915 nullo
1208 1862 1369 1917 modo
1417 1863 1585 1917 teneri
1640 1863 1884 1932 possint,
1946 1859 2321 1915 Chaldaeorum
2368 1859 2552 1924 ﬁliam,
2583 1858 2670 1926 qui
2722 1859 2863 1912 hanc
2899 1858 3175 1911 divinandi
3211 1866 3382 1913 artem
3429 1857 3534 1913 sibi

274 1968 386 2021 pra:
410 1951 667 2007 omnibus
690 1953 996 2020 sumebant,
1026 1953 1168 2008 hunc
1188 1955 1239 2008 in
1269 1955 1485 2009 modum
1514 1955 1830 2024 compellat:
1868 1973 1887 2006 ι
1939 1954 2097 2008 Stent
2134 1968 2262 2007 vero
2285 1969 2347 2007 ac
2375 1953 2584 2007 salvent
2625 1962 2677 2008 te
2708 1951 2963 2021 astrologi
3011 1950 3131 2005 coeli
3160 1966 3173 2001 :
3209 1951 3533 2005 annuntient

276 2045 372 2100 tibi
399 2046 544 2115 quod
571 2060 739 2115 super
766 2057 817 2101 te
853 2056 1136 2101 venturum
1163 2058 1246 2104 est
1270 2049 1354 2102 δίε
1386 2068 1405 2100 ι
1439 2050 1636 2119 quibus
1668 2065 1770 2105 nos
1800 2064 1931 2105 sane
1954 2049 2139 2104 docuit
2167 2063 2233 2103 ne
2264 2048 2329 2102 ab
2361 2047 2470 2103 illis
2496 2048 2712 2117 quidem
2740 2048 2891 2117 ipsis,
2922 2047 3012 2115 qui
3044 2062 3130 2101 res
3153 2047 3286 2101 istas
3310 2060 3527 2102 summo

273 2150 328 2195 et
360 2141 637 2195 acerrimo
670 2142 853 2195 studio
891 2154 1306 2213 prosequuntur,
1352 2147 1480 2215 quid
1533 2162 1751 2216 quoque
1774 2147 1970 2217 popqu
2021 2145 2198 2200 facere
2230 2145 2493 2200 Dominus
2516 2146 2786 2209 statuerit,
2818 2143 3170 2214 przenuntiari
3225 2157 3407 2212 posse.

344 2234 462 2288 Νῦν
495 2234 607 2306 γὰρ
639 2236 717 2301 ὡς
750 2236 887 2309 πρὸς
938 2240 1035 2309 τὴν
1062 2239 1204 2304 λέξιν
1247 2241 1357 2311 (15.)
1408 2243 1470 2295 τὸ
1519 2243 1856 2315 προφητικὸν

2032 2242 2136 2312 19
2174 2243 2263 2295 ιε.
2326 2241 2441 2297 Jam
2494 2242 2692 2296 dictum
2746 2244 3063 2311 prophetae,
3109 2240 3285 2309 quoad
3329 2239 3532 2294 nudam

268 2325 660 2398 ὲξειλήφαμεν·
679 2330 729 2381 εἰ
746 2328 804 2381 δέ
829 2346 992 2400 φησιν
1017 2331 1046 2382 6
1075 2331 1266 2384 Ἰακὼϐ
1286 2334 1649 2402 ἀνεγνωκέναι
1662 2338 1721 2388 ὲν
1741 2339 1861 2399 ταῖς

269 2418 436 2484 πλαξὶ
482 2419 579 2472 τοῦ
620 2421 848 2493 ούρανοῦ
891 2422 1003 2495 (14)
1044 2424 1112 2477 τά
1162 2425 1553 2498 συμϐησόμενα
1585 2432 1695 2492 τοῖς
1726 2430 1862 2493 υἱοῖς

270 2513 459 2576 αὐτοῦ,
495 2515 591 2567 καί
612 2515 736 2568 ὅσον
767 2516 861 2569 ἐπὶ
902 2515 1074 2588 τούτῳ
1099 2518 1366 2587 ἀντιλέγοι
1392 2539 1477 2585 τις
1510 2522 1574 2575 ἆν
1597 2524 1750 2593 ἡμῖν,
1777 2523 1859 2575 ὅτι

269 2603 491 2657 ἐναντία
520 2596 604 2667 οἷς
636 2606 938 2675 εἰρήκαμεν
969 2606 1218 2677 δηλοῦται
1238 2608 1327 2661 διὰ
1361 2610 1458 2681 τῆς
1479 2610 1721 2683 Γραφῆς⁶
1749 2610 1860 2664 ὲλέ·

269 2711 444 2764 γομεν
494 2695 605 2767 γὰρ
658 2694 943 2767 ἄνθρωπον
988 2698 1385 2770 ἀκαταλήπτως
1433 2699 1576 2772 ἔχειν
1618 2702 1727 2754 τῶν
1758 2719 1857 2772 ση-

272 2783 464 2854 μείων·
496 2786 527 2837 6
554 2784 614 2836 δὲ
650 2785 843 2837 Ἰακώϐ
885 2802 1048 2856 φησιν
1075 2788 1441 2856 ἀνεγνωκέναι
1465 2791 1521 2843 ὲν
1547 2793 1663 2854 ταῖς
1696 2791 1856 2857 πλαξὶ

267 2873 364 2928 τοῦ
397 2874 657 2947 οὐρανοῦ·
693 2877 1323 2950 ἀπολογησόμεθα,ὃτιοὶ
1351 2881 1472 2933 καθ’
1504 2882 1649 2951 ἡμᾶς
1682 2882 1853 2951 σοφοὶ,

270 2966 549 3038 πνεύματι
586 2970 957 3041 περισσοτέρῳ
997 2971 1331 3042 χρησάμενοι
1370 2972 1472 3042 τῆς
1512 2972 1858 3046 ἀνθρωπίνης

268 3060 509 3128 φύσεως,
544 3062 647 3114 οὐκ
687 3062 1058 3131 ἀνθρωπενως,
1103 3064 1259 3129 θείως
1304 3065 1362 3118 δὲ
1406 3064 1744 3120 διδάσκονται
1786 3068 1855 3121 τά

266 3151 580 3223 ἀπόρρητα·
613 3151 801 3223 ὥσπερ
829 3154 857 3204 ὁ
906 3153 1135 3220 Παῦλος,
1179 3154 1369 3225 λέγων·
1410 3176 1428 3208 ι
1485 3159 1729 3212 Ἤκουσα
1759 3161 1856 3231 atp-

265 3246 415 3315 ρητα
453 3245 700 3315 ῥήματα,
722 3244 758 3299 ἃ
780 3247 880 3299 οὐκ
905 3246 1022 3310 ἐξὸν
1060 3246 1330 3320 ἀνθρώπῳ
1367 3249 1614 3319 λαλῆσαν
1658 3270 1675 3303 ι
1708 3253 1854 3305 ἴσασι

263 3335 381 3414 γάρ
413 3335 637 3405 τροπῶν
680 3337 919 3407 ἀλλαγὰς
947 3339 1041 3392 καὶ¹
1076 3339 1375 3411 μεταϐολὰς
1414 3342 1639 3413 καιρῶν,
1674 3345 1853 3396 ἐνιαυ-

264 3424 382 3477 τῶν
435 3425 689 3491 κύκλους,
738 3428 833 3481 καὶ
876 3429 1120 3501 ἀστέρων
1154 3430 1350 3495 θέσεις,
1398 3431 1497 3484 οὐκ
1524 3433 1617 3486 ἀπ’
1654 3432 1855 3505 ἀνθρὼ-

268 3534 411 3580 πων,
444 3517 569 3571 οὐδὲ
605 3517 675 3571 δι’
720 3518 1043 3591 ἀνθρώπιον,
1076 3520 1210 3573 ἀλλὰ
1240 3521 1336 3574 τοῦ
1369 3522 1679 3594 πνεύματος
1721 3526 1856 3579 ἀπο-

1965 2332 2226 2397 litteram,
2255 2335 2605 2404 eXposuimus
2648 2353 2661 2388 :
2697 2333 2740 2387 si
2776 2348 2908 2388 vero
2942 2330 3109 2387 Jacob
3141 2334 3216 2387 ait
3254 2332 3449 2401 legisse
3475 2347 3535 2387 se

1964 2425 2018 2479 in
2049 2426 2250 2480 tabulis
2277 2425 2400 2480 caeli
2436 2440 2558 2494 quae
2587 2425 2710 2479 (iliis
2740 2426 2850 2479 suis
2878 2433 3137 2479 eventura
3176 2432 3339 2489 sunt,
3370 2432 3534 2493 atque

1963 2516 2167 2572 idcirco
2215 2517 2372 2571 nobis
2420 2526 2659 2585 apponat
2700 2517 2899 2584 aliquis
2940 2515 3218 2568 contraria
3263 2516 3364 2580 iis,
3414 2530 3534 2584 qua:

1959 2608 2217 2670 diximus,
2257 2622 2352 2676 per
2381 2605 2693 2674 Scripturas
2733 2606 2998 2660 declarari
3027 2625 3040 2662 :
3068 2606 3342 2659 hominem
3385 2606 3533 2660 enim

1960 2694 2279 2755 dicebamus
2332 2700 2483 2769 signa
2544 2712 2648 2751 non
2706 2712 2866 2768 posse
2917 2698 3412 2766 comprehendere;
3478 2705 3535 2751 at

1957 2789 2128 2846 Jacob
2154 2792 2207 2846 in
2241 2791 2440 2846 tabulis
2467 2791 2587 2845 celi
2624 2792 2702 2844 ait
2727 2806 2785 2844 se
2815 2791 3011 2860 legisse
3038 2810 3051 2844 :
3084 2790 3532 2859 respondebimus

1958 2893 2173 2939 nostros
2211 2884 2517 2952 sapientes,
2560 2884 2941 2938 excellentiore
2987 2882 3178 2951 Spiritu
3227 2898 3389 2951 quam
3433 2898 3532 2952 pro

1956 2977 2188 3031 humana
2214 2986 2404 3031 natura
2438 2991 2585 3043 usos,
2620 2992 2723 3029 non
2766 2976 3104 3037 humanitus,
3133 2978 3224 3030 sed
3268 2976 3531 3031 divinitus

1957 3082 2155 3122 arcana
2188 3067 2436 3132 edoceri;
2466 3067 2922 3136 quemadmodum
2953 3066 3151 3121 Paulus
3173 3067 3310 3121 dixit
3343 3085 3356 3121 :
3391 3069 3533 3122 «Au-

1956 3159 2062 3211 divi
2093 3173 2289 3212 arcana
2327 3158 2485 3213 verba
2511 3173 2631 3228 quze
2674 3174 2776 3213 non
2809 3158 2935 3212 licet
2967 3159 3172 3214 homini
3210 3159 3358 3229 loqui
3394 3161 3474 3226 ⁸²;
3506 3181 3525 3213 ι

1955 3253 2134 3307 sciunt
2178 3250 2322 3305 cnim
2365 3248 2783 3304 eouversionum
2838 3253 3168 3307 mutationes
3212 3262 3267 3305 et
3323 3263 3533 3325 tempo-

1956 3357 2095 3408 rum,
2123 3357 2385 3396 annorum
2418 3339 2669 3405 circulos,
2697 3341 2936 3395 siderum
2966 3343 3284 3411 positiones,
3320 3358 3426 3397 non
3461 3342 3533 3398 ab

1955 3434 2280 3498 hominibus,
2331 3447 2506 3502 neque
2541 3448 2637 3501 per
2683 3432 2952 3499 homines,
3003 3434 3099 3489 sed
3157 3437 3349 3505 spiritu
3397 3451 3530 3505 ape-

1956 3528 2131 3581 riente
2184 3525 2336 3594 ipsis,
2381 3535 2436 3579 et
2486 3540 2621 3594 pure
2655 3525 2947 3595 nudoque,
2986 3535 3048 3580 ut
3071 3526 3189 3581 vult
3232 3528 3392 3596 Deus,
3440 3544 3533 3585 res

271 3607 643 3672 καλύπτοντος
675 3590 879 3675 αὐτοῖς,
909 3612 1001 3663 καὶ
1035 3612 1311 3683 καθαρῶς,
1337 3614 1413 3677 ὡς
1438 3590 1580 3667 θέλει
1612 3618 1640 3668 ὁ
1700 3614 1850 3682 Θεὸς,

1961 3618 2167 3672 divinas
2199 3616 2536 3671 enuntiante.
2589 3614 2723 3669 Nam
2765 3627 2821 3671 et
2868 3616 3033 3671 Jacob
3085 3619 3307 3673 homine
3355 3619 3530 3688 major

269 3697 341 3751 τὰ
363 3698 486 3752 θεῖα
518 3700 975 3768 ἀπαγγέλλοντος.
1008 3704 1118 3757 Καὶ
1150 3703 1325 3768 ἄλλως
1355 3704 1413 3757 δὲ
1448 3707 1476 3757 ὁ
1518 3705 1709 3759 Ἰακὼὸ
1745 3708 1855 3779 μεί-

269 3790 382 3853 ζων
402 3789 436 3859 ἤ
468 3789 612 3842 κατὰ
644 3790 933 3862 ἄνθρωπον
956 3788 1045 3865 ἦν,
1075 3794 1375 3865 πτερνίζων
1395 3794 1486 3848 τὸν
1514 3796 1738 3866 ἀδελφὸν
1758 3798 1855 3851 αὐ-

266 3881 391 3947 τοῦ,
428 3882 524 3936 καὶ
549 3883 843 3953 ὁμολογῶν-
873 3885 933 3936 ὲν
963 3886 1098 3957 αὐτῇ
1129 3886 1301 3959 ταύτῃ
1342 3890 1410 3959 τῇ
1445 3887 1629 3961 βίϐλῳ,
1664 3890 1755 3959 ἀφ’
1786 3885 1854 3966 ἦς

270 3972 629 4045 παρεθέμεθα
660 3974 742 4028 τόο
774 3994 794 4026 ι
845 3976 1109 4046 Ἀνέγνων
1140 3980 1198 4032 ὲν
1228 3983 1348 4043 ταῖς
1381 3980 1543 4047 πλαξὶ
1567 3980 1661 4035 τοῦ
1699 3983 1855 4053 ούρα-

267 4064 388 4129 νοῦ,
418 4084 438 4116 ι
474 4061 613 4118 εἶναι
642 4067 1049 4140 ἁρχιχιλίαρχος
1076 4070 1356 4141 δυνάμεως
1377 4072 1606 4146 Κυρίου,
1633 4073 1726 4126 καὶ
1747 4073 1856 4126 ὅνο-

273 4175 353 4227 μα
382 4157 556 4212 πάλαι
581 4161 917 4231 κεκτημένος
967 4161 1202 4233 Ἰσραήλ·
1232 4162 1369 4235 ὅπερ
1413 4164 1471 4216 ἐν
1506 4163 1714 4235 σώματι
1748 4165 1855 4219 λει-

271 4249 525 4322 τουργῶν
578 4251 955 4323 ἀναγνωρξζει,
1009 4254 1516 4325 ὑπομιμνήσκοντος
1554 4257 1714 4310 αὑτὸν
1758 4259 1852 4313 τοῦ

270 4341 620 4413 ἀρχαγγέλου
648 4343 872 4415 Οὑριήλ.

343 4434 506 4487 Μετὰ
532 4435 702 4489 ταῦτα
714 4435 957 4491 λείπεται
988 4435 1238 4503 ἐξετάσαι
1254 4437 1345 4491 καὶ
1362 4438 1712 4510 παραστῆσαι
1743 4442 1855 4503 τοῖς

273 4526 644 4592 πιστεύουσιν,
673 4528 753 4581 ὅτι
777 4531 857 4591 εἰς
894 4533 1092 4600 σημεῖα
1130 4534 1337 4585 κεῖνται
1369 4533 1418 4584 οἱ
1444 4532 1728 4604 φωστῆρες
1758 4531 1853 4585 τοῦ

273 4618 532 4690 οὐρανοῦ·
560 4619 801 4691 σανθήσῃ
819 4618 878 4671 δὲ
909 4620 1013 4672 ὑπὸ
1043 4622 1150 4674 τῶν
1182 4623 1597 4694 περιεργότερον
1624 4623 1858 4696 φερομέ-

275 4730 381 4765 νων
430 4713 513 4776 ei;
558 4714 683 4775 τοὺς
713 4712 932 4778 τόπους,
968 4714 1053 4777 τίς
1083 4715 1116 4784 ἡ
1151 4714 1297 4766 αἰτία
1332 4714 1427 4767 τοῦ
1465 4714 1636 4769 ταῦτα
1657 4714 1724 4769 τὰ
1760 4732 1856 4788 ση-

280 4807 408 4875 μιῖα
433 4804 525 4858 τὸν
548 4802 681 4857 Θεὸν
711 4805 1066 4875 πεποιηκέναι
1117 4808 1176 4858 ὲν
1200 4806 1277 4876 τῷ
1307 4806 1539 4878 οὐρανῷ.
1576 4808 1687 4860 Καὶ
1709 4807 1855 4860 ἔστιν

277 4899 450 4951 εἰπεῖν
483 4895 699 4967 πρῶτον
724 4896 845 4965 μὲν,
876 4896 957 4949 ὅτι
989 4896 1315 4968 πιστεύομεν
1350 4896 1421 4950 τὰ
1440 4897 1540 4966 τῆς
1572 4898 1853 4967 μεγαλειό-

1956 3718 2093 3773 erat,
2138 3709 2336 3778 quippe
2395 3708 2485 3778 qui
2537 3707 2915 3777 supplantaret
2972 3707 3197 3764 fratrem
3252 3726 3433 3777 suum,
3476 3721 3532 3766 et

1957 3799 2193 3854 fateatur
2235 3799 2287 3852 in
2334 3814 2399 3852 eo
2475 3799 2591 3867 ipso
2651 3798 2809 3864 libro,
2862 3813 2930 3854 ex
2983 3814 3091 3869 quo
3155 3802 3525 3871 protulimus:

1961 3908 1977 3941 ι
2019 3889 2147 3959 Legi
2172 3890 2225 3942 in
2260 3888 2457 3944 tabulis
2484 3889 2627 3953 caeli,
2652 3907 2671 3940 ι
2705 3904 2764 3945 se
2785 3904 2907 3945 esse
2939 3893 3240 3960 principem
3278 3893 3528 3947 tribuno-

1958 3994 2073 4031 rum
2101 3980 2373 4033 exercitus
2406 3979 2639 4045 Domini,
2670 3982 3063 4051 etjampridem
3088 3983 3288 4039 habere
3328 4000 3527 4040 nomen

1955 4067 2117 4123 Israel
2151 4090 2163 4123 :
2201 4070 2341 4139 quod
2379 4071 2592 4137 quidem
2624 4086 2854 4139 corpore
2905 4073 3221 4127 ministrans
3256 4088 3519 4144 recogno-

1956 4162 2078 4223 scit,
2133 4161 2186 4214 iu
2242 4163 2564 4215 memoriam
2610 4173 2938 4227 revocante.
2975 4165 3259 4236 ipsumque
3302 4170 3527 4223 submo-

1958 4263 2122 4307 nente
2164 4254 2315 4309 Uriel
2340 4255 2689 4327 archangelo.

2026 4431 2115 4485 15.
2146 4429 2264 4485 Jam
2303 4430 2571 4503 reliquum
2613 4440 2695 4487 est
2736 4441 2795 4486 ut
2843 4433 3178 4507 disputemus
3229 4446 3289 4494 et
3338 4437 3528 4510 expli-

1955 4540 2141 4580 cemus
2170 4525 2549 4591 credentibus,
2595 4524 2649 4579 in
2684 4526 2839 4596 signa
2878 4529 3051 4595 posita
3081 4543 3200 4584 esse
3228 4531 3519 4587 luminaria

1956 4619 2114 4686 ι-ωιις
2153 4618 2248 4673 sed
2282 4619 2553 4687 urgebunt
2588 4626 2639 4671 te
2665 4619 2760 4686 qui
2789 4619 3085 4687 Scripturae
3125 4622 3271 4676 locos
3298 4637 3527 4677 accura-

1956 4714 2063 4768 tius
2089 4712 2474 4781 pervestigant,
2502 4719 2559 4764 et
2586 4711 2856 4779 rogabunt
2888 4726 3007 4779 qua:
3041 4728 3206 4767 causa
3231 4714 3303 4768 sit
3328 4728 3525 4784 quam-

1958 4807 2149 4860 obrem
2214 4805 2357 4860 Deus
2429 4805 2544 4859 hac
2589 4804 2740 4879 signa
2787 4803 2840 4856 in
2872 4804 3014 4858 coelo
3057 4805 3265 4859 fecerit.
3322 4803 3529 4870 Quibus

1959 4898 2190 4965 primum
2226 4896 2657 4966 respondendum
2694 4904 2815 4959 est,
2853 4896 3076 4950 credere
3114 4911 3215 4950 nos
3253 4896 3528 4966 magnitu-

277 5005 436 5059 τητος
468 4948 562 5041 τοῦ
593 4987 686 5040 νοῦ
712 4948 805 5039 τοῦ
834 4986 968 5040 Θεοῦ
998 4989 1174 5040 πᾶσαν
1217 4948 1419 5056 γνῶσιν
1449 4948 1547 5060 την
1572 4948 1705 5060 ἶπερὶ
1732 4988 1852 5042 ἐκά-

1961 4989 2136 5043 dinem
2166 4988 2361 5044 divinae
2396 4991 2594 5044 mentis
2640 5003 2856 5044 omnem
2901 4989 3144 5041 notitiam
3187 4989 3523 5058 singularum

286 5094 400 5132 που
421 5076 531 5131 τῶν
550 5078 720 5131 ὄντων
748 5075 1249 5148 ὲμπεριειληφότος,
1273 5075 1414 5129 ὥστε
1441 5078 1572 5148 μηδὲ
1603 5077 1663 5131 τὸ
1691 5078 1852 5148 τυχὸν

1961 5095 2141 5134 rerum
2175 5080 2228 5135 iu
2260 5094 2318 5136 se
2351 5080 2813 5149 comprehendere
2835 5121 2848 5145 ,
2876 5079 2948 5133 ita
2982 5090 3039 5133 ut
3066 5095 3240 5149 neque
3273 5081 3528 5135 minutis-

281 5171 369 5223 καὶ
422 5168 775 5242 νομιζόμενον
822 5167 1098 5239 ἐλάχιστον
1129 5166 1410 5222 λανθάνειν
1456 5167 1551 5237 τὴν
1603 5168 1853 5241 θειότητα

1961 5171 2119 5240 sima,
2168 5181 2224 5226 et
2259 5186 2380 5242 qua:
2432 5171 2589 5227 nihili
2639 5172 2972 5243 penduntur,
3016 5172 3186 5241 ipsius
3247 5173 3521 5228 divinitati

342 5326 388 5359 ⁸¹
415 5324 541 5381 lsai.
574 5340 744 5389 van,
778 5325 864 5379 l7.
959 5323 1004 5355 "
1038 5323 1082 5378 ll
1107 5323 1234 5380 Cor.
1260 5338 1357 5386 ιιι,
1386 5323 1438 5376 4.

348 5469 461 5557 Ωὲ)
497 5470 878 5557 mer-uim?
902 5468 1356 5557 τδξθοιιιξάεεγοὴ

344 5534 455 5611 (ιῖιῇ
491 5534 625 5597 Νῧᾶ-
664 5534 799 5610 τὰῤ.
831 5534 912 5606 ὧς
960 5534 1109 5607 πρὸς
1157 5534 1273 5606 τὴν
1311 5536 1505 5611 Ζλέξιν,
1534 5544 1640 5611 etc.
1691 5534 1842 5611 Haud

278 5606 408 5667 satis
438 5606 567 5666 ’δεἰο
616 5606 910 5667 οὐτἸιειιιο
953 5606 1240 5678 praesentis
1302 5606 1589 5678 fragmenti
1645 5607 1843 5678 seriem

279 5696 437 5764 quam
464 5683 699 5764 exhibet
720 5676 1087 5764 Phaeca—cap.
1102 5678 1201 5764 22,
1223 5676 1488 5764 alias};
1608 5691 1705 5764 sua
1732 5676 1847 5764 eiii:

285 5747 431 5813 tione
458 5751 707 5811 omiserit
739 5747 1074 5807 clarissimus
1102 5747 1346 5806 lluetius.
1380 5748 1648 5808 Caeterum
1681 5747 1845 5816 huius

1952 5470 2115 5525 seriei
2146 5468 2523 5539 interpretatio
2548 5468 2741 5523 Latina
2770 5475 2855 5522 est
2886 5466 3113 5539 Joannis
3142 5464 3354 5539 Turini.

2023 5540 2152 5613 (H)_
2182 5530 2301 5613 Ἐπ’
2328 5542 2457 5613 τοῖς
2492 5538 2678 5603 πλαξὶ
2716 5539 2831 5592 τοῦ⁴
2865 5536 3148 5613 οὐρανοῦἶ
3183 5530 3519 5613 V’ideﬂJoan.

1949 5603 2153 5665 Alberti
2182 5610 2416 5667 Fabricii
2451 5612 2695 5664 codicem
2745 5603 3264 5676 pseudepigrapbum
3310 5603 3527 5665 Veteris

1952 5680 2308 5745 Testamenti,
2341 5695 2464 5751 pag.
2494 5679 2590 5734 551
2626 5688 2680 5733 et
2709 5693 2861 5746 seqq.
