4000 6146
512 330 584 388 85
1715 350 1731 367 ·
1968 326 2069 383 0R]

2170 325 2311 383 ἰδίΕὸ
3688 328 3726 382 8
3744 327 3770 383 ι

512 447 687 504 latere
720 448 928 519 possint
952 494 962 504 .
987 448 1130 519 quod
1157 450 1413 505 nimirum
1442 451 1681 506 ostendit
1706 465 1827 506 eum
1854 463 2069 504 numero

2182 445 2370 511 αὐτοῦ,
2394 447 2552 512 δόξαν
2600 448 2699 518 μὲν
2732 440 2974 519 περιέχει
3002 445 3096 500 τοῦ
3122 446 3286 499 οίονεὶ
3312 445 3513 517 ἄπειρα
3537 446 3772 518 ἀριθμῷ

513 541 679 596 veluti
711 542 923 594 inﬁnita
949 542 999 594 in
1032 556 1091 595 se
1124 543 1616 611 comprehendere,
1652 558 1757 597 non
1796 544 2078 614 perspicua

513 632 980 688 demonstratione
1003 671 1020 697 ,
1050 637 1141 687 sed
1177 634 1282 688 ﬁde
1306 675 1321 695 .
1368 650 1488 705 quae
1528 636 1779 706 ingenitae
1824 637 1988 691 menti
2023 645 2081 690 et

515 724 822 777 universam
851 734 1099 778 naturam
1129 726 1475 781 antecellenti
1503 728 1812 784 conveniat.
1843 727 1997 794 Quod
2021 738 2082 784 ut

513 814 849 883 experientia
886 815 955 871 ab
988 816 1057 870 iis
1087 817 1180 885 qui
1216 817 1453 889 majores
1487 822 1706 876 homine
1750 832 1911 887 sunt,
1949 833 2004 877 et
2047 837 2079 877 a

512 906 723 960 sanctis
755 907 1028 962 mentibus
1048 909 1297 979 corporis
1324 910 1542 967 vinculo
1562 912 1755 967 solulis
1775 927 1840 967 ac
1871 913 2077 980 liberis,

511 983 875 1065 intelligatur,
902 1006 1159 1069 tanquam
1210 999 1421 1055 litteras
1468 1012 1523 1057 et
1576 1005 1928 1060 characteres
1981 1019 2080 1074 per

512 1085 817 1140 emlestium
877 1088 1092 1142 orbium
1151 1092 1559 1146 conversionem
1630 1094 1761 1149 fecit
1822 1095 1874 1148 in
1941 1095 2079 1152 coelo

514 1181 678 1242 Deus,
713 1179 801 1234 ubi
850 1190 909 1236 et
956 1182 1097 1237 docti
1132 1193 1186 1237 et
1209 1183 1435 1240 docendi
1470 1186 1622 1255 signa
1675 1186 1768 1243 Dei
1814 1188 2076 1258 legerent.

513 1271 622 1325 Nec
653 1287 781 1327 vero
801 1273 1106 1329 mirandum
1140 1285 1221 1329 est
1262 1276 1450 1342 Deum,
1488 1289 1545 1331 ut
1572 1295 1630 1334 se
1662 1281 1833 1336 heatis
1855 1282 2077 1338 demon-

510 1369 667 1426 stret,
700 1361 946 1429 qutedam
990 1361 1207 1431 fecisse,
1251 1380 1373 1420 cum
1412 1365 1689 1423 Pharaoni
1729 1370 1872 1425 dicat
1924 1372 2075 1426 Scri-

512 1460 729 1518 pturazt
751 1452 877 1510 Ideo
893 1455 1121 1509 excitavi
1153 1466 1226 1524 te,
1270 1467 1330 1513 ut
1362 1462 1702 1515 ostenderem
1732 1462 1787 1514 in
1820 1472 1874 1517 te
1904 1463 2078 1516 virtu-

514 1552 620 1596 tem
656 1557 854 1607 meam,
893 1552 948 1599 et
991 1554 1049 1599 ut
1072 1562 1265 1602 nomen
1298 1565 1477 1604 metnn
1530 1553 1580 1604 in
1638 1553 1886 1609 universa
1932 1566 2075 1611 terra

510 1636 916 1704 pervulgaretur
946 1637 1013 1692 ³³.
1046 1659 1066 1692 ι
1108 1639 1164 1695 Si
1192 1643 1339 1696 enim
1373 1657 1679 1700 asset-vatus
1719 1659 1800 1704 est
1840 1648 2074 1715 Pharao,

508 1735 566 1779 ut
588 1726 696 1797 20
728 1727 1097 1784 declararetttr
1125 1738 1361 1800 potentia
1393 1735 1509 1800 Dei,
1541 1750 1597 1793 et
1641 1755 1836 1794 nomen
1867 1740 1983 1811 ejus
2020 1743 2072 1796 in

508 1818 758 1873 universa
783 1829 924 1874 terra
950 1823 1358 1891 praedicaretur,
1398 1829 1773 1887 animadverte
1816 1843 2073 1903 quantam

508 1908 924 1965 declarationem
965 1913 1183 1970 virtutis
1206 1915 1299 1970 Dei
1343 1921 1589 1974 caelestia
1626 1922 1780 1992 signa
1821 1938 2072 1991 compre-

508 1998 773 2066 hendant,
799 2018 921 2057 cum
962 2019 990 2057 a
1033 2005 1210 2075 primo
1267 2023 1386 2064 τεγο
1430 2012 1496 2065 ad
1551 2016 2068 2071 consummationem

508 2090 692 2144 saeculi
760 2092 921 2162 digno
982 2095 1074 2150 Dei
1148 2098 1285 2153 libro
1354 2104 1495 2158 coelo
1573 2105 1829 2175 impressa
1890 2109 2070 2161 omnia

508 2187 563 2233 et
641 2181 902 2251 inscripta
976 2187 1105 2240 sint.
1197 2187 1401 2247 Deinde
1460 2186 1703 2264 ’conjicio
1783 2194 2070 2251 virtutibus

508 2273 662 2332 illis.
723 2275 920 2344 quibus
981 2292 1070 2334 res
1138 2280 1387 2336 humanae
1476 2294 1754 2351 reguntur,
1827 2287 2069 2354 qntedam

505 2365 661 2436 signa
712 2365 921 2433 inesse,
981 2378 1040 2424 ut
1106 2370 1209 2426 alia
1283 2383 1489 2428 tantum
1546 2387 1903 2448 cognoscant.
1965 2377 2070 2432 alia

503 2457 668 2510 etiam
710 2458 987 2527 elliciant;
1023 2464 1479 2531 quemadmodum
1537 2468 1589 2522 in
1640 2470 1813 2525 sacris
1872 2474 2071 2527 nostris

506 2547 659 2603 libris
714 2553 957 2618 quaedam
1000 2555 1200 2623 scripta
1259 2568 1389 2612 sunt
1440 2568 1497 2612 ut
1539 2575 1930 2630 cognoscamus
1958 2604 1973 2627 ,
2013 2572 2071 2620 ut

504 2645 688 2700 mundi
745 2646 1016 2716 Opiﬁcium
1078 2659 1131 2702 et
1197 2649 1300 2703 alia
1351 2653 1646 2720 mysteria;
1708 2655 1953 2724 quaedam
2012 2667 2071 2712 ut

501 2753 894 2809 cognoscamus
916 2747 972 2793 et
1003 2739 1287 2805 faciamus.
1326 2752 1385 2796 ut
1410 2755 1679 2814 praecepta
1725 2756 1781 2801 et
1814 2750 2067 2803 mandata

504 2828 623 2883 Dei.
658 2830 848 2897 Itaque
890 2829 1004 2882 ﬁeri
1051 2842 1229 2897 petest
1269 2841 1327 2886 ut
1364 2833 1611 2889 caelestes
1672 2836 1883 2902 litterze,
1932 2856 2068 2908 quas

502 2919 679 2988 angeli
729 2928 783 2973 et
833 2920 1026 2975 divina:
1076 2923 1301 2979 virtutes
1360 2923 1538 2995 legere
1589 2927 1749 2984 facile
1801 2943 2064 3001 possunt,

502 3013 749 3079 quaedam
802 3014 1118 3069 contineant
1177 3015 1246 3070 ab
1296 3018 1500 3088 angelis
1548 3028 1602 3073 et
1665 3021 1758 3075 Dei
1806 3025 2067 3080 ministris

2180 538 2350 604 οὕτως
2373 540 2531 592 αὐτὸν
2562 538 3041 611 ἐμπεριειληφέναι
3064 538 3122 591 ἐν
3148 536 3343 607 ἑαυτῷ,
3369 538 3427 589 οὐ
3456 538 3563 607 μὴν
3595 538 3771 609 ἐναρ-

2179 632 2248 702 γῆ
2278 631 2375 703 τὴν
2396 631 2684 698 ἀπόδειξιν,
2715 631 2849 685 ἀλλά
2881 630 3332 700 πεπιστευμένην,
3364 629 3439 693 ὡς
3488 628 3773 700 ἁρμόζου-

2181 742 2279 779 σαν
2305 724 2382 796 τῷ
2414 726 2691 797 ἀγεννήτῳ
2718 724 2794 794 νῷ
2838 724 2930 777 καὶ
2963 724 3101 794 ὑπὲρ
3134 725 3313 776 πᾶσαν
3358 724 3518 791 φύσιν
3552 722 3771 792 τυγχά-

2178 833 2337 870 νοντι.
2384 818 2480 869 ”Ιν’
2525 813 2616 869 οῦν
2658 819 2724 887 τῇ
2755 816 2918 886 πείρᾳ
2940 814 3097 867 τοῦτο
3124 813 3602 885 καταλαμϐάνηται
3647 812 3770 869 ὐπδ

2177 908 2284 962 τῶν
2328 906 2586 980 μειζόνων
2617 909 2650 979 ἢ
2686 908 2827 961 κατά
2850 907 3151 978 ἄνθρωπον,
3186 906 3280 960 καὶ
3305 905 3413 958 τῶν
3455 905 3624 974 ἁγίων
3658 905 3772 975 ψυ-

2178 1000 2285 1073 χῶν
2307 1000 2400 1054 τοῦ
2430 1001 2776 1071 ἐνεστηκότος
2801 998 2998 1070 δεσμοῦ
3028 996 3477 1069 ἀπηλλαγμένων,
3512 998 3770 1070 ὡσπερεὶ

2177 1092 2481 1164 γράμματα
2524 1091 2617 1144 καὶ
2657 1091 3009 1162 χαρακτῆρας
3057 1089 3152 1143 καὶ
3194 1089 3282 1143 διὰ
3311 1090 3409 1160 τῆς
3440 1088 3551 1143 τῶν
3595 1089 3769 1160 οὐρα-

2177 1180 2305 1232 νίων
2322 1180 2622 1251 περιφορᾶς
2654 1179 2908 1249 ἐποίησεν
2952 1180 3009 1230 ἐν
3034 1178 3245 1250 οὐρανῷ
3267 1182 3295 1232 ὁ
3319 1179 3450 1242 Θεὸς
3474 1182 3599 1243 τοὺς
3623 1180 3767 1232 δεδι-

2177 1269 2474 1341 δαγμένους
2513 1271 2607 1322 καὶ
2630 1269 3112 1341 διδαχθησομένους
3140 1268 3529 1337 ἀναγινώσκειν
3554 1268 3625 1322 τὰ
3654 1287 3765 1340 σηο

2181 1367 2305 1434 μεῖα
2345 1364 2440 1416 τοῦ
2487 1364 2640 1418 Θεοῦ.
2669 1364 2742 1417 Οὐ
2769 1363 3076 1434 θαυμαστὸν
3101 1363 3157 1417 δὲ
3188 1363 3281 1416 καὶ
3311 1364 3450 1435 ὑπὲρ
3477 1362 3764 1428 ἐνδείξεως

2176 1456 2272 1525 τῆς
2308 1456 2440 1527 πρὸς
2478 1457 2603 1519 τοὺς
2645 1454 2944 1526 μακαρίους
2972 1456 3145 1507 ποιεῖν
3188 1469 3310 1507 τινα
3339 1452 3427 1505 τὸν
3457 1452 3610 1516 Θεὸν,
3653 1453 3764 1523 τῆς

2176 1546 2399 1618 Γραφῆς
2425 1546 2685 1615 λεγούσης
2720 1544 2799 1615 τῷ
2842 1542 3061 1615 Φαραόν
3096 1562 3115 1594 ο
3163 1543 3257 1607 Εἰς
3280 1542 3409 1596 αὐτὸ
3435 1542 3591 1596 τοῦτο
3628 1543 3762 1614 ἐξή-

2176 1641 2334 1711 γειρά
2382 1657 2463 1702 σε,
2488 1641 2636 1702 ὅπως
2682 1637 2998 1707 ἐνδείξωμαι
3029 1638 3086 1690 ἐν
3114 1636 3197 1689 σοὶ
3221 1636 3317 1706 τὴν
3344 1635 3571 1706 δύναμίν
3625 1653 3758 1705 μου,

2178 1733 2271 1785 καὶ
2315 1733 2461 1795 ὅπως
2505 1730 2759 1801 διαγγελῇ
2795 1730 2855 1781 τὸ
2887 1728 3056 1799 ὄνομά
3097 1745 3196 1799 μου
3227 1730 3285 1780 ἐν
3330 1726 3477 1799 πάσῃ
3507 1730 3572 1797 τῇ
3597 1730 3694 1798 γῇ.
3732 1746 3752 1778 ι

2104 1795 2147 1849 Β
2177 1826 2239 1877 Et
2272 1826 2379 1896 γάρ
2407 1795 2697 1895 διετηρηϐη
2733 1795 2947 1893 ’ἀναραὼ
2981 1795 3127 1892 *ὑπὲρ
3165 1795 3760 1890 ἐνδείξεως-δυνάμεως

2174 1916 2331 1978 Θεοῦ,
2359 1918 2449 1969 κα¹ι
2480 1915 2787 1984 διαγγελίας
2812 1914 2906 1968 τοῦ
2942 1914 3201 1984 ὀνόματος
3222 1912 3383 1965 αὐτοῦ
3413 1915 3471 1967 ὲν
3508 1913 3657 1982 πάσῃ
3684 1914 3758 1984 τῇ

2173 2011 2265 2079 γῇ,
2295 2007 2464 2060 ἐννόει
2498 2007 2667 2076 πόσην
2689 2005 2908 2072 ἔνδειξιν
2932 2005 3210 2075 δυνάμεως
3243 2003 3375 2056 Θεοῦ
3411 2003 3654 2075 περιέχει
3684 2001 3760 2056 τὰ

2172 2100 2396 2172 οὐράνια
2441 2099 2660 2168 σημεῖα,
2696 2097 2910 2151 πάντων
2949 2096 3056 2149 τῶν
3084 2097 3180 2149 ἀπ’
3211 2094 3405 2156 αἰῶνος
3433 2094 3539 2157 ἕως
3564 2110 3757 2146 συντε-

2172 2192 2319 2255 λείας
2346 2189 2803 2261 ἐντετυπωμένων
2822 2192 2886 2261 τῇ
2916 2189 3041 2260 ἀξίᾳ.
3073 2188 3236 2260 βίϐλῳ
3261 2186 3352 2240 τοῦ
3381 2186 3515 2239 Θεοῦ
3550 2186 3629 2257 τῷ
3648 2187 3748 2239 οὐ·

2175 2281 2339 2355 ρανῷ.
2393 2281 2650 2352 Δεύτερον
2680 2280 2735 2332 δὲ
2771 2277 3103 2350 στοχάζομαι
3154 2282 3275 2343 ταῖς
3321 2279 3388 2331 τὰ
3434 2276 3757 2348 ἀνθρώπινα

2171 2373 2576 2445 οἱκονομούσαις
2624 2372 2915 2442 δυνάμεσιν
2959 2370 3333 2439 ἐγκεῖσθαιτά
3382 2371 3603 2440 σημεῖα,
3661 2369 3760 2423 ἶνα

2169 2466 2291 2521 τινὰ
2315 2467 2412 2537 μὲν
2432 2464 2738 2533 γινώσκωσι
2768 2465 2945 2535 μόνον,
2976 2465 3095 2518 τινὰ
3109 2465 3165 2518 δέ
3192 2463 3472 2535 ἐνεργῶσι·
3497 2462 3757 2537 καθάπερ

2170 2560 2228 2612 ἐν
2260 2560 2379 2621 ταῖς
2406 2557 2534 2629 παρ’
2568 2559 2699 2627 ἡμῖν
2728 2555 2928 2625 βίϐλοις
2957 2556 2993 2610 ἃ.
3022 2557 3118 2628 μὲν
3147 2557 3452 2625 γέγραπται
3474 2556 3561 2608 ἵνα
3585 2552 3757 2623 γινώ-

2172 2666 2408 2720 σκωμεν,
2452 2642 2563 2701 οἷον
2604 2648 2672 2702 τά
2708 2649 2835 2721 περὶ
2869 2648 3223 2718 κοσμοποιίας
3256 2648 3350 2700 κα)⁸
3378 2645 3511 2699 ἄλλα
3536 2647 3752 2717 μυστή-

2174 2760 2277 2814 ρια·
2305 2742 2340 2797 ἃ
2370 2743 2427 2797 δὲ
2466 2742 2555 2796 ἵνα
2585 2740 2939 2811 γινώσκοντες
2985 2741 3247 2813 ποιῶμεν,
3282 2740 3469 2812 ὥσπερ
3499 2739 3568 2793 τά
3619 2740 3754 2812 περὶ

2168 2840 2265 2901 τὰς
2299 2839 2517 2903 ἐντολὰς
2542 2839 2636 2891 καὶ
2671 2839 2739 2893 τὰ
2766 2839 3157 2910 προστάγματα
3182 2836 3278 2891 τοῦ
3312 2837 3466 2893 Θεοῦ.
3511 2837 3753 2908 Ἐνδέχε-

2168 2946 2257 2982 ται
2283 2929 2347 3000 δὴ
2374 2930 2442 2983 τὰ
2465 2930 2694 3001 οὐράνια
2717 2932 3038 3002 γράμματα,
3061 2929 3096 2983 δι
3116 2929 3336 2998 ἄγγελοι
3362 2930 3454 2983 καὶ
3485 2927 3751 2998 δυνάμεις

2170 3020 2307 3074 Οείαι
2342 3021 2735 3091 ἀναγινώσκειν
2776 3022 2959 3085 καλῶς
2989 3022 3259 3083 δύνανται,
3306 3020 3581 3093 περιέχειν
3626 3020 3751 3074 τινὰ

504 3104 753 3174 legenda,
802 3112 861 3158 ut
912 3119 1098 3159 eorum
1156 3108 1467 3178 cognitione
1515 3111 1794 3181 laetentur;
1855 3116 1957 3170 alia
2006 3128 2067 3173 ut

2172 3114 2268 3182 μὲν
2297 3113 2822 3188 ἀναγνωσθησὸμενα
2855 3116 2959 3167 ὑπὸ
2986 3115 3092 3169 τῶν
3121 3114 3362 3183 ἀγγέλων
3383 3114 3475 3167 καὶ
3499 3113 3748 3184 λειτουρ-

501 3195 756 3251 mandata
785 3196 1059 3267 accipiant
1091 3208 1145 3253 et
1171 3198 1426 3254 efﬁciant.
1453 3200 1639 3272 Neque
1680 3206 1776 3261 abs
1821 3222 1877 3262 re
1916 3208 2067 3264 dixe-

503 3288 697 3355 rimus,
740 3290 916 3346 simile
952 3292 1081 3360 quid
1120 3292 1221 3364 legi
1272 3296 1469 3351 coelum
1507 3307 1559 3352 et
1587 3306 1729 3353 astra
1755 3303 2063 3359 continere:

500 3381 546 3435 si
576 3394 703 3437 vero
726 3381 963 3454 pejores,
1000 3397 1056 3441 et
1081 3386 1199 3442 aliae
1219 3388 1287 3444 ab
1319 3390 1536 3444 homine
1569 3392 1795 3448 virtutes
1818 3397 2065 3463 quaedam

499 3488 533 3526 e
592 3476 850 3544 prtenotis
901 3486 955 3531 et
1013 3479 1067 3532 in
1120 3480 1263 3535 caelo
1316 3483 1591 3551 eatpressis
1651 3485 2065 3555 designatisque

500 3563 725 3631 faciant,
758 3566 890 3622 nihil
908 3578 993 3624 est
1023 3584 1247 3628 necesse
1271 3572 1416 3643 ipsas
1440 3575 1639 3630 divinis
1663 3576 1860 3633 litteris
1882 3581 2069 3633 admo-

502 3657 646 3712 nitas
694 3656 875 3715 facere
928 3674 1050 3731 quae
1098 3663 1395 3721 moliuntur
1427 3668 1561 3721 :sed
1613 3670 2064 3737 quemadmodum

503 3746 749 3802 homines
770 3748 1021 3818 injuriam
1058 3751 1336 3821 facientes,
1363 3771 1461 3811 nec
1484 3758 1716 3815 scientes
1741 3763 2068 3830 praenovisse

503 3838 669 3892 Deum
699 3838 844 3893 hunc
875 3840 975 3895 abs
1005 3856 1065 3896 se
1101 3841 1295 3910 injuria
1320 3842 1570 3901 affectum
1614 3848 1704 3912 iri,
1756 3863 1853 3918 per
1913 3866 2066 3904 suam

504 3929 907 3998 improbitatem
955 3932 1210 4003 injuriam
1261 3934 1502 4003 faciunt;
1545 3939 1624 3994 sic
1654 3940 1762 3995 Deo
1813 3943 2068 4011 opposite

502 4019 756 4085 virtutes,
800 4037 922 4091 qua:
963 4024 1226 4081 malitiam
1261 4028 1540 4084 hominum
1574 4033 1781 4087 scelera
1827 4035 2068 4102 cogitan-

502 4113 634 4167 tium
679 4130 1079 4185 praznoverunt,
1116 4123 1332 4193 propria
1369 4124 1422 4179 id
1450 4133 1507 4179 et
1536 4125 1841 4194 turpissima
1877 4127 2072 4182 volun-

501 4214 612 4260 tate
632 4208 939 4275 perﬁciunt.
964 4208 1122 4266 Sacri
1146 4223 1326 4269 autem
1349 4216 1545 4285 angeli,
1573 4216 1876 4273 administri
1902 4221 2067 4290 Spiri-

504 4310 611 4361 tus,
635 4311 690 4354 et
727 4300 779 4353 in
837 4302 1197 4359 ministerium
1250 4308 1400 4362 missi
1453 4308 1499 4339 “
1547 4320 1697 4364 certe
1747 4320 2004 4379 tanquam
2035 4326 2066 4365 a

503 4390 596 4444 Dei
616 4392 731 4462 lege
746 4393 1073 4461 accipientes
1089 4395 1288 4465 scripta
1309 4398 1583 4463 mandata,
1604 4411 1747 4455 recte
1777 4411 1833 4458 et
1853 4403 2063 4468 ordine,

2166 3203 2278 3271 γῶν
2310 3203 2403 3257 τοῦ
2445 3203 2602 3269 Θεοῦ,
2643 3204 2731 3259 ἵνα
2775 3205 3173 3276 εὐφραίνωνται
3198 3203 3571 3273 γινώσκοντες·
3624 3201 3749 3258 τινὰ

2165 3296 2220 3349 δὲ
2259 3294 2499 3366 ὡσπερεὶ
2541 3296 2760 3360 ἐντολάς
2819 3296 3183 3368 λαμϐάνοντες
3228 3296 3442 3349 ποιῶσι.
3489 3295 3601 3349 Καὶ
3647 3294 3748 3367 οὐχ

2166 3383 2599 3454 ἁμαρτησόμεθα
2629 3385 2689 3438 τὸ
2714 3385 2974 3453 ἀνάλογον
3003 3388 3112 3449 τοῖς
3133 3387 3189 3438 ἐν
3218 3385 3295 3456 τῷ
3328 3386 3476 3456 νόμῳ
3496 3384 3745 3455 λέγοντες

2166 3474 2308 3545 ἔχειν
2333 3476 2425 3528 τὸν
2454 3477 2679 3548 οὐρανὸν
2723 3479 2817 3531 καὶ
2850 3478 2975 3541 τοὺς
3008 3478 3260 3550 ἀστέρας⁸
3298 3477 3394 3530 ἐὰν
3420 3478 3475 3531 δὲ
3502 3477 3743 3548 χείρονες

2166 3568 2260 3622 καὶ
2289 3568 2470 3638 ἕτεραι
2502 3568 2597 3622 τοῦ
2632 3569 2917 3641 ἀνθρώπου
2961 3571 3229 3641 ἐνέργειαι
3258 3569 3451 3623 ποιῶσί
3485 3587 3608 3623 τινα
3633 3568 3743 3623 τῶν

2167 3662 2630 3732 προεγνωσμένων
2678 3664 2772 3716 καὶ
2818 3665 3229 3735 σημαινομένων
3266 3666 3324 3719 ἐν
3352 3662 3585 3734 οὐρανῷ,
3642 3665 3743 3718 οὐκ

2165 3751 2376 3821 ἀνάγκη
2410 3750 2502 3803 καὶ
2547 3750 2714 3815 αὐτὰς
2762 3751 2868 3803 ἀπὸ
2920 3752 3026 3804 τῶν
3059 3750 3194 3805 Θεοῦ
3234 3750 3575 3822 γραμμάτων
3611 3751 3745 3803 ὐπο-

2169 3842 2611 3913 μιμνησκομένας
2655 3845 2825 3896 ποιεῖν
2849 3842 2885 3896 ἀ
2918 3843 3250 3914 ἐνεργοῦσιν·
3282 3843 3396 3897 ἀλλ’
3431 3843 3621 3913 ῶσπερ
3646 3842 3740 3896 άν-

2168 3930 2372 4001 Θρωποι
2403 3931 2729 3996 ἀδικοῦντες,
2752 3932 2813 3985 οὐ
2838 3932 3196 4003 μανθάνοντες
3228 3932 3632 4004 προεγνωκέναι
3650 3932 3741 3988 τὸν

2165 4022 2296 4075 Θεὸν
2316 4022 2378 4075 τὸ
2413 4021 2562 4075 τόνδε
2591 4022 2713 4075 τινὰ
2742 4021 3090 4093 ἀδικήσεσθαι
3117 4025 3208 4076 ὐπ’
3229 4024 3423 4087 αὐτῶν,
3457 4021 3742 4093 ἐνεργοῦσι

2164 4114 2226 4166 τὸ
2252 4113 2457 4166 ἀδικεῖν
2483 4114 2546 4166 ἐκ
2573 4114 2673 4183 τῆς
2691 4114 2899 4167 ἑαυτῶν
2922 4116 3199 4187 πονηρίαςο
3236 4114 3404 4179 οὕτως
3430 4117 3484 4167 αἱ
3513 4112 3742 4167 ἀντικεί-

2168 4223 2325 4276 μεναι
2364 4206 2623 4276 δυνάμεις
2649 4205 2742 4259 τοῦ
2770 4207 2926 4273 Θεοῦ,
2957 4210 3054 4279 τὴν
3082 4208 3279 4261 κακίαν
3305 4205 3413 4260 τῶν
3438 4206 3507 4260 τὰ
3540 4205 3742 4276 μοχθη-

2169 4295 2236 4367 ρὰ
2284 4295 2616 4368 βουλομένων
2666 4298 2966 4369 ἀνθρώπων
3031 4298 3453 4371 προεγνωκότες,
3503 4300 3569 4369 τῇ
3630 4296 3741 4368 ἰδίᾳ

2166 4388 2417 4460 αἰσχίστῃ
2459 4389 2765 4443 ἐπιτελοῦσι
2802 4392 3139 4462 προαιρέσει.
3172 4391 3234 4443 Ol
3275 4391 3455 4460 μέντοι
3485 4390 3619 4461 ἱεροὶ
3649 4388 3743 4457 ἀγ-

500 4484 720 4551 quando
762 4496 815 4540 et
855 4486 1125 4554 quomodo
1161 4498 1534 4560 quantumque
1561 4502 1799 4561 oportet,
1839 4493 2063 4549 meliora

2170 4481 2335 4549 γελοι,
2373 4481 2442 4534 τά
2493 4481 2840 4554 λειτουργικά
2890 4482 3191 4553 πνεύματα,
3244 4482 3312 4535 τὰ
3359 4484 3438 4545 είς
3468 4482 3742 4536 διακονίαν

499 4579 731 4637 faciunt.
767 4578 1077 4633 Absurdum
1102 4581 1247 4636 enim
1279 4581 1543 4652 sitipsos,
1593 4586 1684 4654 qui
1730 4586 1895 4640 divini
1932 4588 2061 4654 sint,

502 4690 710 4732 temere
766 4691 865 4731 nec
897 4676 1121 4732 deﬁnite
1163 4677 1370 4743 venire,
1401 4688 1461 4733 ut
1491 4680 1676 4745 alicui,
1717 4684 1865 4737 verbi
1900 4698 2062 4739 causa

498 4764 771 4819 Abraham
805 4773 860 4820 et
894 4764 1069 4832 Isaac,
1097 4767 1498 4832 administrent,
1532 4767 1701 4825 Jacob
1730 4788 1796 4826 ex
1823 4774 2063 4841 periculo

499 4858 773 4921 liberent,
820 4858 905 4912 vel
964 4858 1123 4927 hujus
1178 4869 1272 4913 aut
1318 4859 1458 4915 illius
1502 4861 1789 4930 Propheta:
1848 4865 2061 4934 Spiritui

499 4950 709 5005 adsint.
761 4948 841 5004 Ne
894 4949 1057 5020 igitur
1111 4950 1163 5003 id
1216 4958 1421 5007 temere
1467 4962 1523 5006 et
1568 4954 1793 5010 fortuito
1836 4955 2061 5022 faciant,

496 5039 697 5096 librum
760 5041 854 5097 Dei
896 5041 1112 5111 legunt;
1154 5040 1343 5112 sicque
1388 5044 1529 5112 quod
1566 5045 1619 5099 in
1672 5049 1941 5102 mandatis
1981 5057 2064 5103 est

496 5141 779 5205 praestant.
808 5131 916 5188 Nos
938 5149 1088 5202 vero,
1121 5146 1179 5190 ut
1199 5145 1356 5191 antea
1389 5137 1641 5203 diximus,
1668 5152 1788 5206 quae
1812 5137 2063 5204 facimus,

497 5227 717 5296 propria
771 5225 1050 5282 voluntate
1086 5227 1351 5293 facimus,
1403 5228 1696 5298 itidemque
1742 5230 2066 5285 adversarize

497 5328 832 5387 potesmtes,
867 5334 989 5389 qua:
1030 5321 1084 5375 in
1133 5334 1233 5375 nos
1271 5328 1477 5390 agunt;
1518 5321 1806 5389 depravata
1846 5324 2065 5391 quidem

495 5425 622 5463 cum
660 5424 967 5478 peccamus,
1017 5412 1231 5466 erudita
1274 5426 1403 5466 vero
1448 5421 1502 5467 et
1551 5411 1903 5483 intelligente,
1970 5414 2065 5468 sed

499 5517 607 5554 non
656 5502 776 5558 sine
820 5503 1131 5575 angelorum
1182 5514 1237 5560 et
1302 5505 1607 5560 divinarum
1659 5506 1960 5561 litterarum
2009 5516 2064 5561 et

499 5608 782 5649 sacrorum
831 5598 1211 5653 ministrorum
1261 5612 1383 5668 ope,
1436 5613 1559 5653 cum
1631 5598 1742 5656 Deo
1795 5611 1946 5670 grata
2011 5610 2066 5656 et

499 5697 720 5756 accepta
741 5686 991 5745 facimus.

569 5799 807 5859 “Exod.
859 5818 932 5870 Ix,
968 5800 1048 5858 ιϐ.
1152 5802 1353 5862 “lleb.
1385 5802 1517 5872 ι,14.

2170 4570 2625 4641 ἀποστελλόμενα,
2683 4572 2829 4635 εἰκὸς
2881 4573 2963 4625 ὅτι
2992 4572 3067 4635 ώς
3115 4573 3221 4625 ἀπὸ
3251 4572 3415 4643 νόμου
3457 4570 3591 4625 Θεοῦ
3649 4589 3742 4640 γε-

2169 4662 2460 4733 γραμμένα
2495 4663 2564 4716 τὰ
2592 4664 2987 4735 προστάγματα
3042 4663 3423 4734 λαμϐάνοντες,
3471 4663 3743 4733 τεταγμέ-

2169 4771 2293 4819 νως,
2329 4756 2421 4809 καὶ
2453 4755 2541 4808 ὅτε
2564 4755 2664 4819 δεῖ,
2699 4757 2793 4810 καὶ
2828 4756 2904 4820 ὡς
2937 4756 3036 4821 δεῖ,
3063 4757 3155 4810 καὶ
3174 4758 3296 4810 ὅσον
3324 4757 3406 4809 δεῖ
3431 4755 3743 4810 ποιοῦσιντά

2170 4846 2466 4918 κρείττονα·
2504 4848 2699 4901 ἄτοπον
2728 4846 2835 4919 γὰρ
2867 4849 3062 4913 αὐτοὺς
3091 4849 3263 4911 Θείους
3296 4847 3454 4911 ὄντας
3497 4847 3740 4919 ἀποκλη-

2174 4940 2414 5010 ρωτικῶς
2447 4943 2540 4994 καὶ
2584 4943 2681 5012 οὐχ
2706 4942 3025 5014 ὡρισμένως
3067 4942 3318 5013 ἔρχεσθαι
3349 4943 3442 4994 ἐπὶ
3485 4943 3567 5007 τὸ,
3614 4942 3739 5013 φέρ’

2170 5034 2361 5095 εἰπεῖν,
2389 5034 2718 5104 χρηματίσαι
2738 5051 2790 5086 τι
2818 5033 2896 5104 τῷ
2934 5033 3199 5104 Ἀϐραὰμ,
3223 5034 3314 5086 καὶ
3339 5033 3561 5103 ποιῆσαί
3587 5032 3742 5105 τιτῷ

2184 5124 2386 5188 Ἰσαάκ,
2420 5124 2511 5177 καὶ
2541 5125 2805 5195 ῥύσασθαι
2830 5127 2893 5179 ἐκ
2915 5125 3156 5179 κινδύνου
3190 5125 3279 5177 τὸν
3318 5123 3588 5194 Ἰακὼϐ,ἢ
3617 5125 3740 5176 ἐπι-

2175 5214 2365 5285 στῆναι
2418 5214 2495 5286 τῷ
2541 5216 2809 5288 πνεύματι
2845 5216 2997 5271 τοῦδε
3033 5216 3127 5269 τοῦ
3163 5218 3458 5287 προφήτου.
3499 5216 3616 5268 Ἵνα
3643 5211 3740 5270 οὖν

2175 5305 2250 5376 μὴ
2305 5306 2767 5379 ἀποκληρωτικῶς
2822 5308 2957 5380 μηδέ
3029 5308 3171 5361 κατά
3237 5309 3522 5377 συντυχίαν
3580 5306 3742 5362 τοῦτο

2172 5397 2503 5467 πράττωσιν,
2540 5400 2968 5469 ἀναγινώσκουσι
2998 5400 3095 5472 τὴν
3126 5400 3303 5470 βίϐλον
3339 5400 3431 5453 τοῦ
3460 5399 3615 5455 Θεοῦ·
3643 5401 3741 5455 καὶ

2170 5499 2341 5565 οὕτως
2372 5502 2581 5557 ποιοῦσι
2624 5503 2692 5557 τὰ
2729 5504 2908 5567 αὐτοῖς
2950 5503 3325 5559 ἐπιϐάλλοντα.
3364 5506 3449 5568 Ὠς
3490 5504 3741 5575 προείπο-

2174 5616 2272 5670 μεν
2315 5601 2391 5665 δὲ,
2427 5602 2586 5672 ἡμεῖς
2622 5601 2659 5656 ἃ
2706 5601 2984 5674 ποιοῦμεν,
3023 5602 3056 5674 ἢ
3086 5605 3142 5656 αἱ
3196 5603 3567 5674 ἀντικείμεναι
3597 5602 3742 5675 ἐνέρί-

2169 5716 2334 5769 γειαι,
2386 5701 2424 5758 ἃ.
2470 5699 2803 5756 ἐπιτελοῦσιν
2872 5704 2950 5767 εἰς
3010 5703 3174 5773 ἡμᾶς,
3240 5701 3343 5773 ἰδία
3419 5700 3744 5774 προαιρέσει.
