4000 6146
364 289 428 345 35
1773 269 1842 327 IN
1880 267 2200 327 GENESIM.
3545 265 3612 320 εο

359 399 624 472 ποιοῦμεν
673 397 906 468 ἀτάκτῳ
945 397 1065 469 μὲν,
1099 396 1188 450 ὅτε
1240 393 1648 466 ἁμαρτάνομεν,
1697 385 2102 457 πεπαιδευμένη
2140 383 2220 450 δὲ,
2248 382 2349 436 οὐκ
2393 380 2527 453 ἄτερ
2567 379 2830 449 ἀγγέλων,
2882 381 3000 435 οὐδὲ
3050 381 3208 435 θείων
3237 377 3610 451 γραμμάτων.

360 497 474 555 οὐδὲ
526 493 808 566 ὑπηρετῶν
861 491 1061 561 ἀγίων,
1122 492 1207 544 ὅτε
1260 487 1379 560 Θεῷ
1431 487 1698 559 εὐάρεστα
1758 482 2088 555 πράττομεν.

426 588 535 644 Καὶ
578 563 813 656 Κλήμης
853 583 916 638 δὲ
956 585 985 636 ὁ
1026 583 1314 653 Ῥωμαῖος,
1376 579 1584 652 Πέτρου
1639 574 1920 632 ἀποστόλοι

2118 569 2204 624 Η.
2251 568 2318 623 Ει
2366 566 2620 624 Clemens
2666 567 2961 629 Romanus,
3008 565 3152 621 Petri
3178 564 3403 635 apostoli
3433 563 3601 619 disci-

362 679 636 753 μαθητὴς,
694 675 908 748 συνῳδὰ
972 673 1182 737 τούτοις
1238 674 1297 726 ὲν
1360 670 1439 743 τῷ
1507 670 1731 743 παρόντι
1799 684 1933 739 προ-

358 772 591 842 ϐλήματι
644 769 781 840 πρὸς
849 766 945 821 τὸν
1005 765 1218 838 πατέρα
1282 766 1341 818 ὲν
1411 762 1698 831 Λαοδικείᾳ
1767 758 1936 813 είπὼν

355 866 413 917 ἐν
464 863 587 925 ταῖς
641 859 947 929 Περιόόοις
970 897 986 922 ,
1050 856 1476 926 άναγκαιότατόν
1527 871 1581 907 τι
1646 855 1740 907 ἐπὶ
1793 852 1935 905 τέλει

351 953 460 1009 τῶν
508 952 765 1007 τοιούτων
808 951 982 1019 λόγων
1034 950 1167 1021 φησὶ
1220 949 1347 1021 περὶ
1392 946 1501 1002 τῶν
1540 948 1638 1018 τῆς
1671 946 1937 1015 γενέσεως

351 1046 652 1101 δοκούντων
689 1042 1051 1115 ἐκϐεΰηκέναι
1086 1042 1194 1114 (l5)
1227 1041 1372 1112 λόγῳ
1413 1037 1935 1111 τεσσαρεσκαιδεκά-

350 1154 446 1207 την
483 1156 503 1188 ι
525 1137 642 1189 Καὶ
671 1137 701 1189 ὁ
732 1137 936 1208 πατήρ·
975 1132 1253 1203 Σύγγνωθί
1291 1149 1399 1203 μοι,
1444 1124 1489 1184 ὦ
1520 1131 1724 1184 τέκνον·
1761 1132 1808 1184 οἰ
1839 1130 1936 1201 μὲν

348 1230 458 1303 γὰρ
490 1229 620 1301 χθές
656 1246 749 1283 σου
777 1230 925 1299 λόγοι
953 1228 1170 1300 ἀληθεῖς
1209 1226 1360 1289 ὄντες
1400 1224 1806 1293 συνελογίσαντό
1846 1241 1934 1295 μοι

351 1320 643 1373 συνθέσθαι
675 1337 777 1374 σοι’
813 1320 925 1391 ἠδὲ
958 1320 1065 1391 ἐμὴ
1096 1316 1399 1387 συνείδησις
1434 1317 1603 1386 μικρά
1627 1333 1714 1386 με,
1748 1315 1935 1386 ὥσπερ

350 1412 590 1484 πυρετοῦ
623 1412 909 1485 ἔλλειμμα,
937 1411 1072 1485 πρὸς
1094 1410 1354 1464 ἀπιστίαν
1389 1408 1593 1480 βραχέα
1632 1405 1930 1477 βασανίζειο

351 1504 573 1558 σύνοιδα
617 1504 728 1576 γάρ
785 1502 1008 1576 ἐμαυτῷ
1055 1502 1122 1556 τὰ
1168 1501 1268 1572 τῆς
1317 1500 1583 1570 γενέσεως
1636 1499 1812 1553 πάντα
1845 1514 1934 1568 μοι

324 1585 802 1651 ἀποτελεσθέντα.
839 1594 1011 1664 Κάγὼ
1042 1592 1445 1667 ἀπεκρινάμην·
1490 1591 1787 1662 Συννόησόν
1820 1607 1931 1661 μοι,

348 1684 395 1743 ὦ
426 1691 624 1762 πάτερ,
664 1690 783 1743 οἷαν
834 1688 994 1759 φύσιν
1045 1686 1157 1758 ἔχει
1200 1686 1260 1741 τὸ
1299 1685 1550 1757 μάθημα,
1600 1683 1657 1750 ἐξ
1702 1674 1777 1736 ὧν
1824 1682 1934 1750 ἐγὼ

350 1780 723 1854 ωμῦουλεύω.
772 1779 1155 1853 Μαθηματικῷ
1203 1778 1494 1852 συμϐαλὼν
1548 1777 1671 1830 εἰπὲ
1720 1775 1933 1847 πρῶτον

345 1873 515 1944 αὐτῷ,
547 1874 665 1938 ὅτι,
685 1871 823 1926 Τάδε
840 1888 931 1943 μοι
954 1870 1129 1941 φαῦλα
1161 1874 1220 1925 ὲν
1250 1871 1384 1942 τῷδε
1436 1869 1514 1942 τῷ
1556 1869 1731 1941 χρόνῳ
1771 1868 1931 1937 γέγο-

2041 660 2217 730 pulus,
2254 660 2342 714 bis
2373 668 2736 714 consentanea
2762 655 2829 710 de
2871 654 3122 725 praesenti
3151 655 3451 723 quaestione
3475 667 3600 709 cum

2046 765 2222 823 patre,
2267 753 2585 816 Laodiceae,
2621 751 2671 804 in
2703 747 3111 803 Circuitionibus
3160 746 3390 809 locutus,
3446 746 3604 811 quid-

2038 846 2161 899 dam
2211 844 2442 897 maxime
2490 839 2851 895 necessarium
2894 836 2948 890 in
2985 836 3096 890 line
3131 836 3235 904 21
3285 833 3594 904 huiusmodi

2037 949 2345 991 sermonum
2370 931 2544 997 aﬂ'ert,
2567 931 2637 987 de
2670 930 2735 983 iis
2757 944 2875 999 quae
2901 942 2993 998 per
3020 926 3324 998 genituram
3354 926 3601 983 evenisse

2037 1028 2303 1091 videntur,
2330 1025 2580 1081 oratione
2613 1023 2820 1077 decima
2879 1031 3070 1090 quarta
3104 1019 3289 1092 (17)”
3318 1020 3382 1075 Ει
3411 1030 3597 1090 pater:

2036 1120 2259 1192 Ignosce
2282 1119 2439 1186 mihi,
2465 1118 2537 1172 lili
2567 1135 2581 1183 ;
2611 1116 2847 1171 hesterni
2871 1116 3014 1170 enim
3043 1128 3321 1170 sermones
3346 1113 3446 1177 tui,
3471 1112 3599 1182 quia

2037 1214 2174 1279 veri,
2205 1211 2525 1282 pepulerunt
2574 1223 2659 1262 me
2711 1216 2769 1260 ut
2812 1206 2906 1263 tibi
2956 1206 3250 1262 assentirer
3286 1221 3301 1257 :
3335 1205 3428 1260 sed
3478 1219 3597 1259 mea

2034 1302 2392 1367 conscientia,
2426 1299 2569 1354 velut
2590 1298 2753 1354 febris
2787 1297 3047 1368 reliquia,
3076 1296 3233 1352 fidem
3265 1310 3440 1350 meam
3477 1304 3601 1349 tan-

2037 1393 2204 1463 tisper
2229 1401 2450 1449 exercet
2476 1408 2491 1456 ;
2521 1390 2634 1446 scio
2662 1390 2804 1444 enim
2829 1401 3165 1459 quzecunque
3195 1387 3264 1442 ad
3294 1385 3597 1457 genituram

2037 1499 2212 1540 meam
2262 1483 2567 1554 pertinent,
2636 1482 2769 1537 mihi
2821 1483 3001 1537 omnia
3062 1478 3331 1536 evenisse.
3376 1476 3447 1535 Et
3493 1492 3593 1548 ego

2034 1576 2286 1645 respondi
2313 1592 2326 1628 :
2355 1573 2603 1644 lntetlige
2633 1588 2862 1640 mecum,
2904 1587 2937 1627 ο
2965 1580 3141 1642 pater,
3177 1586 3299 1641 quae
3330 1571 3401 1625 sit
3436 1568 3599 1637 hujus

2034 1667 2333 1737 disciplinae
2378 1675 2570 1722 natura
2612 1681 2679 1720 ex
2723 1666 2809 1720 bis
2858 1680 2979 1734 quae
3034 1663 3127 1718 tibi
3172 1661 3413 1719 consulo.
3457 1662 3595 1718 Cum

2033 1762 2417 1817 mathematice
2451 1774 2776 1831 congressus
2822 1758 3056 1828 primum
3096 1758 3174 1813 sic
3233 1757 3377 1828 agito
3410 1774 3426 1811 :
3460 1755 3588 1811 Haec

2035 1853 2165 1907 mihi
2207 1852 2345 1906 mala
2389 1852 2491 1906 hoc
2530 1851 2616 1905 vel
2662 1848 2754 1904 illo
2789 1858 3032 1918 tempore
3063 1847 3411 1919 contigerunt
3442 1864 3457 1901 :
3487 1861 3595 1915 quo

345 1937 555 2017 νεν”ἐ,κ
584 1963 734 2027 τίνος
775 1937 884 2035 ἄρα
919 1937 1010 2034 μοι
1040 1961 1149 2015 τῶν
1194 1937 1440 2033 ἀστέρων
1487 1937 1713 2028 γέγονε,
1741 1957 1920 2029 μαθεῖι

2034 1944 2194 2015 igitur
2230 1959 2293 1998 ex
2336 1952 2485 1998 astro
2522 1941 2657 1996 mihi
2705 1940 3053 2010 contigerint,
3115 1940 3255 1996 scire
3310 1937 3591 2010 pervelim.

344 2055 556 2125 ἠθελον.
595 2056 709 2108 Καὶ
758 2056 893 2127 ὲρεῖ,
930 2054 1013 2107 ὅτι
1040 2055 1165 2117 τοὺς
1217 2053 1441 2124 χρόνους
1485 2049 1775 2113 κακοποιὸς
1822 2049 1930 2103 διε-

340 2146 531 2212 δέξατο
563 2148 742 2219 Ἀρης
785 2146 819 2218 ἢ
862 2146 1089 2213 Κρόνος,
1122 2145 1155 2215 ἢ
1184 2144 1389 2198 τούτων
1435 2161 1520 2208 τις
1551 2145 1928 2197 ἀποκαταστα-

339 2240 493 2303 τικδς
517 2238 631 2312 (l6)
661 2239 898 2308 ἐγένετο,
928 2240 961 2309 ἢ
993 2238 1083 2290 τὸν
1109 2237 1352 2303 ἐνιαυτὸν
1375 2235 1560 2290 τοῦτόν
1584 2253 1670 2300 τις
1694 2234 1927 2290 ὲπεθεὼ-

341 2348 510 2403 ρησεν
573 2332 642 2384 ἐκ
694 2329 1061 2403 τετραγώνου,
1117 2329 1150 2400 ἢ
1206 2328 1521 2399 διαμέτρου,
1569 2328 1602 2401 ἢ
1656 2327 1849 2392 συνὼν,
1890 2326 1925 2399 ἢ

338 2425 810 2495 κεκεντρωμένος,
865 2423 898 2494 ἢ
953 2421 1102 2494 παρά
1145 2421 1374 2492 αἵρεσιν.
1425 2420 1612 2491 Ὅμως
1657 2420 1750 2473 καὶ
1793 2418 1928 2472 άλλα

345 2517 515 2588 μυρία
559 2517 736 2569 εἰπεῖν
786 2514 919 2587 ἔχει·
969 2514 1103 2583 πρὸς
1145 2512 1351 2576 τούτοις
1394 2512 1471 2579 δὲ,
1534 2512 1568 2582 ἢ
1602 2510 1926 2580 ἀγαθοποιὸς

341 2609 498 2680 κακῷ
529 2608 823 2672 ἀσύνθετος
848 2604 939 2679 ἦν,
972 2607 1005 2678 ἢ
1030 2606 1483 2677 ἀνεπιθεώρητος,
1512 2605 1543 2676 ἦ
1578 2606 1635 2658 ἐν
1669 2606 1922 2677 σχήματι,

340 2701 374 2770 ἢ
410 2702 563 2774 παρά
606 2702 838 2771 αἵρεσιν,
886 2701 919 2771 ἢ
974 2702 1040 2755 ἐν.
1077 2698 1334 2767 ἐκλείψει,
1378 2698 1411 2768 ἢ
1446 2695 1922 2767 ἀνεπισύναςρος,ἢ

338 2798 399 2849 ὲν
431 2795 704 2866 ἀμαυροῖς
748 2791 989 2863 ἄστροις.
1025 2791 1135 2845 Καὶ
1165 2791 1314 2861 ὅμως
1365 2788 1572 2842 πολλῶν
1602 2787 1924 2858 προφάσεων

334 2885 535 2951 οὐσῶν,
559 2885 698 2956 πρὸς
718 2883 754 2938 ά
779 2885 978 2955 ἤκουσε
1007 2881 1106 2946 τὰς
1134 2878 1436 2945 ἀποδείξεις
1460 2882 1756 2952 παρασχεῖν
1788 2879 1918 2951 ἔχει.

339 2977 500 3033 Μετά
529 2975 722 3029 τοῦτον
747 2970 839 3028 οῦν
862 2973 953 3026 τὸν
989 2971 1368 3044 μαθηματικὸν
1400 2970 1568 3042 ἑτέρῳ
1591 2969 1920 3044 προσελθὼν,

336 3070 406 3123 τά
436 3068 659 3124 ἐναντία
699 3067 837 3119 εἰπέ·
887 3067 988 3129 ὅτι,
1028 3064 1159 3118 Τόδε
1207 3080 1294 3134 μοι
1338 3061 1398 3115 τὸ
1443 3062 1642 3131 ἀγαθὸν
1700 3065 1758 3116 ἐν
1788 3061 1921 3133 τῷδε

337 3162 417 3233 τῷ
457 3161 638 3232 χρόνῳ
664 3159 875 3227 γέγονεο
915 3158 979 3210 σὺ
1019 3155 1075 3209 δὲ
1107 3156 1201 3209 τὸν
1229 3155 1419 3226 χρόνον
1450 3154 1541 3207 τὸν
1579 3154 1740 3207 αὐτὸν
1774 3155 1915 3224 λέγε·

341 3255 567 3308 ἀπαίτει
591 3253 649 3306 δὲ
680 3255 743 3306 ὲκ
768 3252 915 3315 τίνος
946 3251 1052 3323 ἄρα
1083 3249 1183 3321 τῆς
1222 3250 1485 3318 γενέσεως
1515 3248 1672 3303 τοῦτο
1706 3250 1915 3319 γέγονε.

2031 2033 2395 2105 Respondebit
2428 2033 2517 2088 ille
2539 2073 2555 2098 ,
2595 2042 2723 2087 tunc
2754 2031 3014 2101 temporis
3040 2030 3344 2085 maleficum
3375 2038 3467 2085 aut
3492 2030 3593 2085 Sa-

2033 2139 2250 2183 turnum
2284 2136 2379 2182 aut
2411 2126 2639 2181 Martem
2683 2125 3018 2180 dominatum
3058 2123 3245 2188 fuisse,
3296 2123 3381 2178 vel
3430 2121 3594 2177 fuisse

2029 2219 2221 2275 borum
2273 2219 2488 2289 aliquod
2544 2215 2893 2287 regrediens,
2945 2213 3025 2269 vel
3073 2214 3140 2267 ab
3179 2215 3373 2269 horum
3412 2213 3593 2283 aliquo

2029 2327 2229 2367 annum
2259 2311 2402 2366 hunc
2445 2327 2509 2364 ex
2551 2307 2944 2378 quadrangulo,
2979 2306 3059 2362 vel
3090 2306 3377 2371 diametro,
3416 2307 3500 2362 vel
3536 2308 3587 2361 in

2028 2403 2431 2474 conjunctione,
2478 2402 2561 2457 vel
2611 2403 2664 2455 in
2729 2411 2938 2466 centro,
2995 2397 3080 2452 vel
3123 2410 3281 2453 extra
3334 2398 3589 2453 haeresim

2027 2505 2302 2565 aspectum
2342 2493 2542 2560 fuisse;
2592 2502 2709 2547 tum
2739 2500 2793 2547 et
2835 2498 3092 2547 sexcenta
3148 2488 3410 2558 ejusmodi
3456 2488 3591 2545 εσυ-

2028 2589 2123 2644 tiet
2168 2605 2182 2642 :
2222 2598 2506 2657 praeterea,
2561 2585 2649 2640 vel
2704 2584 2996 2654 benignum
3041 2592 3247 2638 astrum
3289 2598 3410 2639 cum
3450 2581 3593 2637 malo

2027 2694 2132 2733 non
2163 2675 2543 2741 conveniebat,
2586 2675 2674 2730 vel
2701 2690 2807 2729 non
2831 2683 2953 2728 erat
2976 2671 3324 2744 aspectabile,
3362 2672 3447 2726 vel
3474 2682 3593 2728 erat

2026 2773 2079 2826 in
2111 2772 2428 2835 schemate,
2474 2767 2556 2822 vel
2597 2777 2748 2822 extra
2784 2766 3057 2830 haeresim,
3104 2765 3189 2821 vel
3237 2765 3291 2820 in
3328 2765 3589 2833 deliquio,

2024 2863 2109 2918 vel
2164 2876 2269 2917 non
2317 2860 2643 2921 cohaerebat,
2701 2857 2781 2913 vel
2831 2865 2950 2912 erat
3001 2857 3054 2911 in
3084 2857 3332 2912 obscuris
3387 2857 3587 2919 stellis;

2025 2968 2260 3025 cumque
2289 2952 2444 3007 mulli
2473 2952 2582 3007 sint
2616 2951 2870 3006 obtentus
2901 2957 2956 3004 et
2991 2964 3186 3013 causae,
3228 2948 3393 3004 habet
3417 2949 3484 3003 ad
3525 2964 3588 3003 ea

2024 3064 2144 3120 quae
2166 3058 2408 3120 rogatur,
2430 3046 2573 3115 quod
2601 3044 2929 3115 respondeat
2952 3054 3005 3097 et
3032 3041 3298 3110 subjiciat.
3325 3040 3456 3096 Cum
3486 3041 3591 3095 hoc

2022 3141 2341 3204 collocutus,
2393 3137 2557 3191 alium
2599 3135 2796 3190 deinde
2849 3131 3074 3189 conveni
3117 3131 3588 3195 mathematicum,

2021 3244 2074 3288 et
2096 3230 2369 3289 contraria
2404 3227 2573 3285 dicito
2602 3246 2615 3281 :
2648 3226 2763 3281 Hoc
2797 3227 2927 3281 mihi
2965 3227 3163 3281 bonum
3216 3222 3307 3278 illo
3347 3233 3590 3291 tempore

340 3342 454 3394 Καὶ
485 3341 655 3413 ὅμως,
690 3341 765 3404 ὡς
793 3343 1071 3412 προεῖπον,
1107 3340 1239 3410 ἔχει,
1282 3338 1375 3393 σοῦ
1415 3340 1915 3411 καταψευσαμένου,

2024 3323 2230 3388 evenit;
2262 3321 2403 3376 idem
2435 3334 2566 3374 vero
2595 3319 2767 3388 ipsum
2815 3328 3028 3386 tempus
3056 3315 3323 3385 signiﬁca,
3352 3329 3460 3384 quo
3491 3315 3585 3367 tibi

340 3435 503 3497 αὐτὸς
528 3435 594 3487 ὲκ
627 3432 834 3487 πολλῶν
866 3434 1156 3505 σχημάτων
1183 3433 1243 3487 ’ἐν
1267 3450 1321 3486 τι
1362 3435 1544 3505 εὑρεῖν
1578 3434 1781 3509 σχῆμα,
1829 3435 1921 3487 καὶ

339 3524 611 3596 δεύτερον,
646 3526 741 3580 καὶ
772 3526 972 3598 τρίτον,
1019 3527 1114 3579 καὶ
1148 3525 1386 3592 πλείονα,
1417 3524 1492 3588 ὡς
1535 3524 1663 3578 αὐτὸ
1694 3526 1920 3597 ἐνεργῆ-

342 3633 441 3669 σαν
468 3616 591 3672 ὅθεν
617 3617 687 3671 τά
716 3617 896 3686 ἀγαθά
926 3619 1041 3688 ἐρεῖ
1066 3617 1411 3689 γεγενῆσθαι⁹
1440 3617 1699 3672 ἀδύνατον
1721 3618 1830 3691 γὰρ
1861 3620 1919 3672 ὲν

341 3708 489 3781 πάσῃ
538 3710 750 3779 γενέσει
803 3709 1125 3780 ἀνθρώπων,
1182 3709 1255 3782 μὴ
1303 3711 1361 3763 ὲν
1409 3711 1558 3784 πάσῃ
1625 3710 1762 3783 ὥρᾳ,
1809 3710 1917 3766 τῶν

340 3801 588 3874 ἀστέρων
631 3802 757 3864 τοὺς
806 3801 904 3871 μὲν
946 3801 1128 3866 καλῶς
1174 3802 1408 3868 κεῖσθαι,
1454 3804 1581 3866 τοὺς
1613 3802 1669 3856 δὲ
1712 3803 1913 3868 κακῶς

340 3892 538 3958 κύκλος
571 3893 679 3967 γάρ
716 3895 861 3947 ἐστιν
893 3893 1168 3966 ίσομερὴς,
1205 3894 1463 3958 ποικίλος,
1494 3895 1751 3965 ἀπείρους
1779 3894 1918 3966 έχων

338 3983 441 4047 τὰς
469 3984 791 4055 προφάσεις*
826 3984 963 4056 πρὸς
993 3984 1061 4048 ἃς
1090 3984 1321 4049 ἕκαστος
1346 3988 1518 4038 εἰπεῖν
1553 3985 1663 4056 ἔχει
1694 3985 1722 4038 ὃ
1752 3985 1912 4038 θέλει·

337 4076 399 4128 ὃν
431 4076 540 4147 γὰρ
584 4076 784 4147 τρόπον
833 4077 924 4130 ἐπὶ
954 4076 1061 4130 τῶν
1089 4075 1256 4143 λοξῶν
1300 4077 1522 4148 ὀνείρων
1563 4078 1729 4130 ἐνίοτε
1767 4077 1917 4131 οὐδὲν

337 4167 588 4239 νοοῦμεν,
619 4168 935 4223 ἀποϐάντων
953 4169 1008 4221 δὲ
1028 4169 1362 4240 οἰκειοτάτην
1384 4169 1763 4241 προσφέρομεν
1792 4169 1914 4222 ἐπί-

336 4256 510 4313 λυσιν·
536 4259 706 4324 οὕτως
730 4259 822 4314 καὶ
851 4260 911 4313 τὸ
942 4259 1189 4331 μάθημα,
1215 4261 1319 4332 πρὸ
1344 4260 1437 4313 τοῦ
1471 4278 1523 4314 τι
1551 4261 1914 4332 ἀποτελεσθῆ-

336 4364 451 4411 ναι,
486 4348 636 4401 οὐδὲν
666 4348 831 4416 σαφὲς
863 4351 993 4419 ἡμῖν
1034 4347 1269 4420 μηνῦσαι
1292 4348 1533 4402 δύναται·
1568 4349 1707 4421 μετά
1733 4350 1788 4403 δὲ
1817 4350 1913 4421 τὴν

335 4438 432 4493 τοῦ
465 4439 753 4509 γενομένου
784 4440 1024 4511 ἱστορίαν
1066 4441 1186 4494 τότε
1230 4441 1492 4514 πρόδηλος
1530 4444 1563 4514 ἡ
1607 4442 1706 4513 τῆς
1752 4441 1915 4496 ἐκϐά-

338 4547 480 4594 σεως
504 4531 651 4583 αἰτία
679 4530 944 4600 φαίνεται·
970 4530 1226 4595 πολλάκις
1247 4531 1345 4602 μὲν
1372 4527 1463 4586 οὖν
1484 4534 1532 4585 οἱ
1561 4533 1913 4605 προλέγοντες

339 4622 610 4688 πταίουσι,
646 4623 741 4676 καὶ
775 4622 913 4693 μετά
942 4622 1043 4695 τὴν
1070 4609 1292 4679 ἔκϐασιν
1320 4626 1544 4689 ἑαυτοὺς
1583 4625 1907 4697 μέμφονται,

338 4713 587 4785 λέγοντες
618 4715 728 4781 ὅτι,
751 4708 962 4784 Τῶεῆν
993 4715 1055 4767 τὸ
1100 4715 1350 4786 ποιῆσαν,
1386 4716 1481 4769 καὶ
1525 4716 1627 4771 οὐκ
1673 4716 1904 4788 εἴδομεν.

336 4806 410 4858 To
450 4805 551 4877 μὲν
597 4800 690 4859 οὗν
728 4804 822 4858 καὶ
860 4806 986 4868 τοὺς
1018 4805 1160 4859 πάνυ
1191 4807 1560 4878 ἐπιστήμονας
1589 4808 1800 4861 πταίειν
1828 4810 1910 4877 γί-

336 4914 484 4951 νεται
515 4895 604 4950 διά
628 4896 689 4950 τὸ
733 4896 807 4968 μὴ
837 4896 1053 4961 εἰδέναι,
1095 4898 1171 4961 ὡς
1198 4897 1323 4969 χθὲς
1352 4898 1507 4968 ἔφην,
1542 4902 1670 4953 ποῖα
1696 4899 1911 4965 πάντως

334 4989 435 5059 τῆς
465 4988 731 5057 γενέσεως
770 4988 919 5042 αἴτια
950 4991 1175 5058 γίνεται,
1210 4993 1337 5043 ποῖα
1367 4990 1424 5043 δὲ
1450 4992 1510 5044 οὺ
1551 4991 1786 5057 πάντως,
1817 4992 1910 5045 καὶ

334 5082 463 5133 ποῖα
514 5081 728 5144 πάντως
769 5081 992 5152 ποιῆσαι
1045 5080 1437 5152 ἐπιθυμοῦμεν,
1481 5082 1544 5134 οὐ
1597 5082 1814 5146 πάντως
1851 5082 1908 5135 δὲ

335 5172 614 5243 ποιοῦμεν.
646 5172 776 5226 Ἤδε
806 5173 864 5226 δὲ
897 5174 931 5245 ἡ
971 5172 1119 5226 αἰτία
1149 5175 1300 5243 ἡμῖν,
1335 5176 1448 5237 τοῖς
1483 5175 1777 5246 μυστήριον
1810 5191 1906 5243 με-

336 5261 628 5333 μαθηκόσι,
660 5264 838 5335 σαφής
864 5264 1031 5329 ἐστιν,
1064 5263 1147 5316 ὅτι
1174 5263 1454 5336 ἐλεύθερον
1483 5264 1695 5335 ἔχοντες
1726 5264 1906 5333 λογισ-

337 5354 457 5425 μὸν,
485 5355 658 5409 ἐνίοτε
682 5354 899 5426 ἐπέχειν
924 5355 1127 5427 ταύτην
1162 5354 1598 5427 βουλευσάμενοι,
1621 5359 1907 5427 νενικήκα-

334 5461 455 5515 μεν.
488 5446 552 5500 Ol
583 5446 644 5500 δὲ
673 5446 1008 5517 ἀστρολόγοι,
1042 5446 1197 5499 τοῦτο
1228 5446 1360 5500 αὐτὸ
1389 5447 1451 5500 τὸ
1483 5448 1778 5518 μυστήριον
1808 5446 1906 5498 οὐκ

332 5535 551 5601 εἰδότες,
598 5539 729 5611 περὶ
771 5536 956 5609 πάσης
997 5537 1367 5609 προαιρέσεως
1411 5538 1817 5608 ἀποφηνάμενοι
1846 5537 1906 5603 ἐξ

404 5694 517 5767 αξ)
557 5693 858 5767 ζίιὶιοεαίίο
888 5696 1172 5762 impressa,
1200 5694 1590 5767 ἐμϐεϐηκέναι,
1620 5697 1778 5754 male.

401 5764 517 5838 (l6)
555 5764 777 5835 Eadem,
806 5764 1264 5834 ἀποκαταστικός,
1288 5764 1446 5824 male.

2020 3414 2159 3469 mala
2186 3413 2434 3468 evenisse
2460 3413 2712 3476 dixeras;
2756 3410 2950 3465 deinde
2974 3410 3272 3479 interroga,
3300 3423 3406 3478 qua
3438 3407 3489 3461 id
3519 3421 3584 3459 ex

2018 3505 2200 3572 genesi
2246 3503 2337 3558 tibi
2375 3502 2643 3558 evenerit.
2678 3501 2773 3556 Ille
2823 3499 3197 3566 nihilominus,
3229 3508 3287 3553 ut
3316 3498 3585 3559 dicebam,

2017 3596 2343 3650 ementiente
2395 3603 2482 3659 te,
2543 3607 2612 3648 ex
2660 3591 2845 3646 multis
2894 3591 3078 3661 ﬁguris
3121 3601 3177 3645 et
3226 3589 3587 3659 positionibus

2019 3701 2180 3740 unam
2223 3685 2482 3755 reperiet,
2514 3692 2568 3737 et
2605 3682 2920 3746 secundam,
2968 3689 3021 3733 et
3061 3681 3299 3746 tertiam,
3349 3689 3404 3732 et
3453 3678 3588 3732 alias

2017 3779 2224 3846 plures,
2278 3776 2433 3845 quasi
2479 3789 2541 3828 ea
2590 3771 2855 3836 eﬂ‘ecerit,
2908 3771 3049 3824 unde
3096 3769 3235 3825 bona
3297 3769 3392 3825 tibi
3441 3769 3582 3824 dicet

2016 3867 2283 3922 evenisse.
2314 3864 2459 3928 Fieri
2497 3865 2698 3934 quippe
2724 3878 2830 3918 non
2866 3871 3063 3931 potest,
3104 3873 3161 3916 ut
3205 3863 3261 3916 in
3285 3863 3431 3918 ornni
3461 3872 3583 3917 ortu

2017 3961 2319 4025 hominum,
2350 3973 2456 4014 non
2494 3958 2547 4011 in
2574 3956 2721 4011 omni
2751 3955 2907 4021 hora,
2946 3954 3223 4010 stellarum
3256 3955 3339 4010 hae
3359 3956 3581 4017 bonam.

2017 4053 2119 4106 illae
2155 4050 2352 4106 malam
2385 4050 2622 4104 habeant
2652 4047 2978 4118 positionem
3007 4068 3020 4102 :
3056 4046 3294 4102 circulus
3321 4046 3466 4101 enim
3497 4046 3585 4101 ille

2014 4146 2261 4217 partibus
2298 4140 2523 4213 aequalis
2573 4149 2628 4196 et
2683 4139 2864 4194 varius
2900 4148 3002 4201 est,
3044 4146 3098 4193 et
3142 4138 3384 4193 intinitas
3422 4139 3584 4194 habet

2016 4238 2259 4308 species;
2299 4236 2439 4290 unde
2459 4234 2724 4304 quidlibet
2752 4234 2931 4287 dicere
2953 4233 3130 4300 quivis
3157 4233 3348 4300 possit.
3380 4232 3581 4298 Quem-

2016 4331 2304 4386 admodum
2360 4328 2502 4383 enim
2570 4327 2637 4381 de
2690 4325 2963 4395 perplexis
3013 4336 3067 4379 et
3124 4324 3299 4380 dubiis
3358 4326 3584 4380 somniis

2013 4422 2147 4477 nihil
2194 4420 2581 4491 intelligimus;
2633 4428 2708 4484 at,
2761 4419 2850 4473 ubi
2877 4418 3196 4485 evenerint,
3241 4418 3580 4490 aptissimam

2012 4513 2403 4583 expositionem
2432 4510 2628 4566 alferre
2659 4509 2932 4576 solemus;
2967 4511 3042 4566 ita
3066 4511 3579 4566 mathematicorum

2014 4606 2324 4675 disciplina,
2371 4614 2661 4674 antequam
2706 4602 2836 4672 quid
2889 4603 3169 4671 evenerit,
3219 4591 3354 4657 nihil
3395 4613 3582 4672 aperte

2013 4699 2167 4756 nobis
2213 4697 2498 4752 declarare
2542 4688 2759 4764 potest:
2796 4708 2983 4748 verum
3029 4694 3119 4750 ubi
3174 4710 3262 4749 res
3311 4695 3575 4762 evenerit,

2012 4799 2140 4845 tunc
2200 4805 2365 4845 causa
2434 4801 2662 4844 eventus
2723 4787 3016 4842 manifesta
3075 4797 3330 4859 apparet;
3396 4790 3579 4860 itaque

2015 4895 2427 4951 saepenumero,
2484 4880 2578 4951 qui
2636 4883 2971 4949 praedicunt,
3024 4878 3301 4948 falluntur,
3360 4891 3581 4952 etpost

2015 4985 2266 5029 eventum
2296 4975 2398 5044 ipsi
2426 4989 2486 5029 se
2530 4974 2961 5043 reprehendunt,
3011 4973 3339 5042 dicuntque,
3383 4972 3439 5029 ld
3466 4990 3577 5030 rem

2015 5065 2288 5136 eﬂ‘ecerat,
2315 5077 2369 5123 et
2392 5068 2787 5123 nesciebamus.
2812 5066 3022 5135 Lapsus
3046 5066 3209 5136 igitur
3232 5067 3320 5122 ille
3342 5083 3405 5123 ac
3426 5084 3574 5125 error

2015 5161 2096 5216 vel
2127 5161 2582 5231 peritissimorum
2604 5161 2728 5215 inde
2754 5169 2857 5225 est,
2883 5160 3026 5228 quod
3058 5160 3333 5230 ignorent,
3368 5172 3428 5216 ut
3456 5165 3576 5217 beri

2014 5255 2282 5319 dicebam,
2312 5269 2561 5325 quamam
2585 5255 2811 5309 omnino
2843 5254 3123 5310 sintortus
3146 5269 3346 5322 causae,
3378 5264 3433 5308 et
3459 5272 3580 5324 qua:

2014 5362 2118 5401 non
2149 5347 2410 5413 omnino;
2437 5357 2493 5402 et
2521 5361 2642 5416 qua!
2669 5346 2892 5399 omnino
2932 5344 3113 5402 facere
3153 5348 3437 5416 cupiamus
3459 5386 3474 5412 ,
3524 5356 3581 5398 at

2012 5460 2118 5500 non
2153 5444 2376 5500 omnino
2403 5444 2653 5500 iacimus.
2698 5445 2822 5501 Harc
2866 5455 3047 5501 autem
3090 5461 3252 5501 causa
3294 5444 3450 5500 nobis
3485 5445 3574 5511 qui

2012 5538 2332 5609 mysterium
2354 5536 2663 5602 didicimus,
2687 5539 2972 5607 perspicua
3003 5551 3107 5605 est,
3135 5539 3262 5607 quia
3292 5550 3414 5590 cum
3446 5534 3578 5587 libe-

2066 5696 2179 5768 (l7)
2221 5696 2355 5768 Vide
2390 5697 2484 5754 lib.
2524 5712 2559 5752 ι
2593 5695 2811 5768 Recog.,
2843 5712 2899 5752 n.
2931 5697 2998 5752 10
3041 5707 3095 5752 et
3145 5708 3287 5765 seq.,
3315 5704 3368 5747 et
3415 5699 3579 5745 notas

2014 5765 2287 5824 Gotelerii.
