4000 6146
222 299 287 357 89
1656 298 1722 354 IN
1753 296 2071 355 GENESIM.

3399 295 3474 352 90

220 420 529 491 ηγορήματα
553 460 569 485 ,
619 421 922 490 κεκίνηκεν
986 420 1134 491 ἡμᾶς
1190 420 1397 491 μήποτε
1447 420 1509 473 τὸ
1568 421 1789 493 πρᾶγμα

1897 421 2098 474 habere
2115 416 2326 490 Moyses
2347 431 2537 473 servus
2554 416 2647 471 Dei
2669 412 2995 470 intellexerit
3017 412 3317 476 :‘maxime,
3342 429 3466 466 cum

223 509 302 563 rei
327 508 475 579 παρά
532 506 618 579 τῷ
652 508 955 579 θεράποντι
998 508 1241 578 νενόηται
1283 509 1416 578 (29),
1440 508 1611 567 οὕτως
1649 508 1792 579 ἔχον,

219 602 301 654 καὶ
331 601 565 669 μάλιστα
589 603 724 654 ἐπεὶ
754 605 788 656 ὁ
816 600 1117 673 κυριώτατα
1147 600 1467 673 ἑρμηνεύειν
1502 601 1614 672 (‘25)
1644 601 1794 671 φιλο-

214 690 529 763 πμούμενος
576 692 825 756 Ἀκύλας
872 692 972 745 οὐκ
1013 690 1141 745 ἄλλο
1190 692 1451 764 πεποίηκε
1497 692 1649 764 παρά
1696 691 1795 764 τὴν

215 784 575 855 προσηγορίαν
598 786 705 838 καὶ
739 784 804 839 τὸ
848 784 1228 856 κατηγόρημα.
1273 784 1654 856 Ἐπιστησάτω
1687 786 1732 838 δ’
1766 788 1797 839 ό

210 875 664 946 δυσπαραδέκτως
692 876 839 945 ἔχων
863 875 1087 938 τούτων,
1112 876 1159 927 εί
1191 874 1413 929 δύναται
1446 876 1635 946 ἠθικὸν
1666 878 1798 949 πρός

210 966 410 1036 ϐλημα,
455 967 490 1037 ἦ
541 967 1130 1039 φυσιολογούμενον,ἦ
1164 967 1582 1039 θεολογούμενον
1628 970 1797 1041 χωρὶς
1836 1002 1845 1009 -

208 1058 482 1131 ἀκριϐείας
512 1060 951 1131 σημαινομένων
980 1060 1074 1117 καὶ
1112 1059 1221 1113 τῶν
1270 1059 1412 1115 κατά
1457 1060 1549 1114 τὸν
1580 1060 1795 1129 λογικὸν

208 1151 356 1205 τόπον
394 1152 821 1221 τρανουμένων,
862 1153 920 1206 ὃν
951 1152 1031 1206 δεῖ
1061 1152 1262 1225 τρόπον
1301 1152 1687 1224 παρίστασθαι.
1729 1154 1794 1207 Τί

207 1245 304 1317 γὰρ
334 1245 536 1298 ἄτοπον
569 1244 809 1298 ἀκούειν
838 1246 948 1297 τῶν
992 1245 1527 1317 κυριολεκτουμένων
1572 1247 1631 1300 ὲν
1675 1250 1796 1311 ταῖς

205 1336 516 1399 διαλέκτοις,
545 1336 648 1388 καὶ
676 1336 993 1403 ἐφιστάνειν
1017 1335 1293 1407 ἐπιμελῶς
1325 1338 1438 1401 τοῖς
1464 1336 1795 1407 σημαινομέ⁶

205 1439 339 1488 νοις;
380 1423 499 1476 ἔστι
542 1423 663 1494 γὰρ
690 1426 831 1479 ὅπου
876 1424 1026 1497 παρὰ
1055 1425 1155 1496 τὴν
1187 1426 1411 1495 ἄγνοιαν
1435 1426 1542 1478 τῶν
1563 1425 1794 1494 λογικῶν

207 1514 445 1586 μεγάλως
482 1517 907 1588 περιπίπτομεν
956 1517 1028 1589 μὴ
1075 1518 1427 1590 καθαίροντες
1452 1517 1550 1581 τὰς
1582 1518 1792 1589 ὁμωνυ-

206 1606 346 1677 μίας,
373 1606 470 1660 καὶ
504 1607 877 1678 ἀμφιϐολίας,
917 1609 1012 1661 καὶ
1070 1611 1458 1681 καταχρήσεις,
1495 1608 1589 1663 καὶ
1613 1627 1795 1681 κυριο-

203 1698 392 1765 λεξίας,
438 1699 535 1752 καὶ
576 1700 900 1764 διαστολάς·
933 1694 1044 1754 οἷον
1083 1700 1234 1772 παρά
1271 1700 1333 1753 τὸ
1358 1699 1666 1770 ἀγνοεῖσθαι
1692 1702 1790 1771 τὴν

204 1789 482 1862 ὁμώνυμον
526 1790 640 1861 τῆς
696 1794 933 1862 κόσμου
984 1768 1356 1866 προσηγορίας
1407 1768 1588 1863 φωνὴν
1628 1768 1791 1845 em-
1827 1768 1869 1823 Β

206 1881 468 1934 πτώκασιν
510 1883 613 1935 ἐπὶ
660 1882 728 1935 τὸ
757 1882 871 1955 (24)
898 1884 1233 1936 ἀσεϐέστατα
1285 1885 1501 1953 φρονεῖν
1537 1883 1665 1955 περὶ
1694 1882 1790 1935 τοῦ

209 1974 542 2043 Δημιουργοῦ
558 1973 612 2025 οἱ
656 1973 737 2043 μὴ
782 1973 1139 2046 καθάραντες,
1170 1974 1261 2026 ἐπὶ
1303 1973 1466 2027 τίνων
1502 1975 1673 2028 κεῖται
1706 1974 1788 2037 τὸ,

210 2081 228 2112 ο
263 2061 319 2117 '0
360 2064 571 2134 κόσμος
616 2065 683 2117 ὲν
720 2064 804 2135 τῷ
837 2064 1059 2137 πονηρῷ
1101 2067 1295 2129 κεῖται,
1327 2084 1346 2117 ι
1399 2065 1482 2118 ὅτι
1524 2064 1643 2118 ἀντί
1682 2064 1794 2118 τῶν

205 2154 481 2224 περιγείων
532 2156 641 2209 καὶ
698 2156 1056 2228 ἀνθρωπίνων
1104 2155 1265 2210 τοῦτο
1313 2155 1489 2220 οὕτως
1542 2156 1660 2209 ἐκεῖ
1711 2156 1791 2228 τῷ

215 2245 421 2319 Ἰωάννῃ
449 2246 708 2319 εἴρηται.
756 2248 1044 2319 Οίηθέντες
1082 2247 1191 2321 γὰρ
1231 2248 1433 2320 κόσμον
1463 2250 1585 2301 κατ’
1622 2249 1791 2321 αὐτὴν

204 2335 289 2406 τὴν
314 2335 458 2400 λέξιν
485 2338 869 2408 σημαίνεσθαι
894 2339 953 2391 τὸ
976 2338 1227 2409 σύστημα
1251 2339 1312 2392 τὸ
1339 2338 1397 2405 ἐξ
1423 2338 1655 2411 οὐρανοῦ
1697 2339 1791 2392 καὶ

207 2428 299 2495 γῆς
339 2429 431 2480 καὶ
464 2428 582 2482 τῶν
634 2431 703 2483 ὲν
730 2431 935 2494 αὐτοῖς,
969 2429 1283 2502 θρασύτατα
1310 2432 1404 2484 καὶ
1451 2429 1788 2485 ἀνοσιώτατα

206 2519 591 2588 ἀτωφαίνονται
653 2523 789 2594 περὶ
833 2522 989 2576 Θεοῦ·
1040 2523 1303 2594 μηδαμῶς
1344 2523 1489 2595 ἔργῳ
1521 2524 1787 2578 δεικνύναι

207 2611 479 2683 δυνάμενοι
533 2615 669 2679 πῶς
725 2616 879 2686 ἥλιος
920 2616 1014 2670 καὶ
1064 2616 1259 2687 σελήνη
1308 2617 1402 2669 καὶ
1449 2617 1694 2689 ἀστέρες,
1720 2617 1791 2670 τὰ

207 2699 338 2757 οὕτω
356 2706 728 2776 τεταγμένως
757 2707 868 2779 (25)
893 2707 1208 2778 κινούμενα,
1233 2708 1409 2760 κεῖται
1432 2709 1490 2760 ὲν
1514 2707 1592 2778 τῷ
1616 2725 1787 2781 πονη-

212 2793 299 2865 ρῷ.
335 2792 467 2850 Εἶτα
509 2798 612 2852 ὲάν
672 2799 1037 2871 προσάγωμεν
1078 2802 1261 2866 αὐτοῖς
1308 2804 1372 2855 ὲκ
1415 2801 1531 2868 τοῦ,
1580 2819 1597 2852 t
1620 2794 1788 2866 Οὗτός

208 2886 343 2943 ἐστιν
370 2889 400 2939 ό
443 2890 627 2959 ἀμνὸς
682 2891 776 2944 τοῦ
803 2890 938 2945 Θεοῦ
977 2893 1006 2946 ό
1043 2893 1212 2963 αἴρων
1255 2892 1354 2964 τῂν
1384 2894 1654 2965 ἁμαρτίαν
1692 2891 1785 2946 τοῦ

211 2977 472 3049 κότμουμ
533 2983 625 3036 ὅτι
680 2984 884 3053 κόσμος
929 2982 1054 3037 ἔνθα
1110 2986 1144 3053 ή
1200 2983 1443 3055 ἁμαρτία
1504 2983 1786 3048 πλεονάζει

210 3070 341 3124 κατὰ
363 3073 573 3138 ταύτας
605 3075 711 3138 τὰς
743 3075 916 3142 λέξεις
962 3075 1196 3144 λέγεται,
1242 3077 1519 3131 τουτέστιν
1552 3079 1611 3131 ὲν
1672 3080 1787 3141 τοῖς

212 3164 497 3233 περιγείοις
528 3168 747 3230 τόποις,
777 3168 1243 3238 εὐγνωμονοῦντες
1278 3169 1376 3239 μὲν
1425 3171 1785 3241 προσήσονται

208 3255 270 3306 τά
292 3255 583 3326 λεγόμενα,
622 3258 1048 3328 φιλονεικοῦντες
1079 3260 1156 3325 δὲ,
1189 3260 1409 3330 ἠλιθίως
1459 3257 1789 3334 ἀνᾶστρεφὸ-

216 3362 379 3413 μενοι,
423 3349 750 3420 ὲπιμενοῦσι
777 3352 891 3413 τοῖς
920 3350 1063 3417 ἅπαξ
1096 3350 1329 3421 κριθεῖσι
1376 3352 1668 3424 μοχθηροῖς
1698 3353 1785 3408 διὰ

210 3436 301 3505 τὴν
314 3438 536 3506 ἄγνοιαν
558 3441 661 3510 τῆς
680 3440 1015 3512 ὁμωνυμίας·
1043 3441 1203 3496 πάλιν
1231 3460 1291 3495 τε
1323 3439 1389 3497 αὖ
1413 3443 1507 3497 ὲάν
1540 3444 1783 3516 λέγηται,

1900 512 1944 564 is
1974 510 2066 580 qui
2108 510 2333 564 omnino
2361 508 2579 578 proprie
2614 506 2956 577 interpretari
2993 504 3219 569 studuit,
3251 501 3466 571 Aquila,

1897 605 2042 659 aliud
2089 603 2224 658 nihil
2257 601 2502 671 posuerit
2534 608 2733 670 praeter
2779 597 3192 668 appellationem
3237 607 3291 652 et
3326 612 3464 666 pra:-

1896 696 2155 750 dicatum.
2188 692 2383 748 Videat
2411 707 2574 762 porro
2606 690 2698 760 qui
2739 691 2855 743 lucc
2884 703 3026 757 aegre
3051 689 3310 751 admittit,
3342 703 3470 756 pos-

1896 788 2037 844 sitne
2067 784 2494 857 propositionem
2528 782 2595 837 de
2631 783 2896 847 moribus,
2929 792 3017 834 aut
3055 780 3123 835 de
3156 795 3336 834 rerum
3366 796 3467 835 na-

1898 888 2041 941 tura,
2072 886 2166 932 aut
2189 876 2256 931 de
2289 875 2580 945 theologia,
2610 875 2728 929 sine
2755 882 3006 930 accurata
3039 873 3465 942 signiﬁcatorum

1893 977 1947 1022 et
1974 966 2161 1024 eorum
2194 982 2316 1038 quae
2332 965 2636 1022 dialecticis
2654 965 2793 1021 locis
2818 965 3176 1029 illustrantur,
3195 967 3466 1037 cognitio-

1896 1075 1987 1123 ne,
2020 1067 2169 1114 recte
2201 1066 2466 1113 astruere.
2506 1056 2645 1123 Quid
2678 1057 2820 1112 enim
2857 1056 3079 1111 absurdi
3116 1066 3199 1110 est
3226 1071 3343 1122 eos,
3371 1058 3465 1126 qui

1894 1153 2183 1208 verborum
2215 1151 2577 1221 proprietates
2627 1151 2680 1204 in
2732 1149 2957 1220 singulis
3003 1148 3199 1220 linguis
3247 1148 3468 1201 investi-

1893 1253 2023 1313 gant
2049 1285 2063 1304 .
2098 1244 2310 1307 audire,
2352 1252 2404 1297 et
2459 1242 2786 1311 signiﬁcatis
2837 1243 3104 1295 inha‘rere
3138 1238 3471 1310 diligenter?

1897 1336 2168 1390 interdum
2212 1335 2356 1388 enim
2392 1344 2613 1404 propter
2656 1334 3046 1402 ignorationem
3080 1333 3267 1402 logica:
3297 1332 3465 1387 disci-

1895 1427 2075 1497 plinae,
2106 1426 2346 1495 graviter
2377 1427 2634 1491 labimur,
2671 1427 2812 1494 quod
2841 1426 3318 1494 arqnivocationes,
3350 1439 3466 1478 am-

1895 1518 2085 1587 biguas
2120 1532 2277 1571 voces
2297 1556 2313 1582 ,
2346 1517 2597 1585 proprias
2625 1527 2679 1571 et
2729 1519 3053 1588 improprias
3080 1517 3347 1571 dictiones
3367 1559 3381 1581 ,
3411 1524 3465 1570 et

1896 1607 2272 1662 distinctiones
2311 1623 2419 1661 non
2456 1607 2817 1677 dijudicemus
2844 1624 2859 1672 ;
2888 1608 3346 1679 quemadmodum
3397 1622 3464 1662 ex

1896 1700 2239 1767 ignoratione
2269 1699 2714 1767 mquivocationis
2745 1716 2866 1768 quae
2899 1710 2985 1754 est
3018 1701 3071 1753 in
3104 1699 3465 1769 appellatione

1897 1792 2115 1855 mundi,
2149 1792 2215 1845 ad
2260 1791 2513 1846 infandas
2544 1794 2611 1845 de
2641 1793 2900 1847 Creatore
2936 1793 3232 1847 sententias
3270 1791 3465 1860 dilapsi

1896 1892 2044 1947 Smtl,
2079 1897 2184 1939 non
2215 1883 2588 1939 discernentes
2617 1886 2681 1938 de
2710 1884 2906 1953 quibus
2934 1886 3167 1954 positum
3196 1886 3267 1940 sit
3297 1885 3462 1939 illud:

1901 1991 1921 2025 ι
1945 1972 2173 2029 Mundus
2206 1975 2259 2029 in
2291 1976 2522 2047 maligno
2557 1977 2765 2045 positus
2800 1988 2883 2031 est
2908 1977 2977 2042 ",
3007 1997 3028 2031 ι
3064 1979 3208 2047 quod
3250 1978 3317 2032 de
3349 1987 3464 2032 ter--

1896 2064 2044 2118 renis
2070 2073 2124 2118 et
2161 2066 2411 2121 humanis
2448 2080 2513 2121 eo
2543 2067 2916 2123 locoJoannes
2958 2069 3264 2135 usurpavit.
3302 2068 3468 2121 Arbi-

1898 2153 2022 2205 trati
2052 2153 2196 2206 enim
2231 2156 2486 2209 Illllltdllm
2518 2156 2618 2209 hac
2646 2155 2885 2211 dictione
2913 2154 3225 2223 signiﬁcare
3253 2154 3375 2207 celi
3409 2161 3467 2208 et

1898 2251 2054 2296 teme
2080 2243 2264 2297 orbem
2294 2253 2349 2298 et
2375 2260 2495 2313 qua:
2523 2246 2575 2298 in
2608 2246 2675 2300 iis
2703 2245 3071 2309 continentur,
3104 2242 3466 2298 audacissime

1894 2343 1950 2388 et
1979 2350 2141 2404 supra
2171 2350 2333 2404 quam
2363 2337 2467 2390 dici
2517 2346 2721 2407 potest,
2750 2337 2961 2392 nel‘arie
2988 2336 3054 2391 de
3085 2334 3192 2389 Deo
3220 2350 3463 2403 pronun-

1897 2427 2074 2484 tiant:
2112 2443 2237 2483 cum
2291 2429 2470 2496 reipsa
2516 2431 2895 2485 demonstrare
2928 2446 3032 2484 non
3073 2431 3321 2500 possint,
3356 2444 3464 2499 quo

1894 2528 2053 2587 pacto
2102 2519 2182 2573 sol
2216 2528 2270 2573 ct
2306 2520 2430 2573 luna
2473 2529 2527 2575 et
2570 2531 2719 2575 astra
2745 2561 2762 2587 ,
2815 2536 2934 2591 qua:
2971 2532 3080 2575 tam
3117 2531 3242 2591 apto
3273 2522 3464 2576 ordine

1895 2623 2202 2676 moventur,
2237 2614 2290 2667 in
2324 2614 2559 2684 maligno
2585 2615 2760 2684 posita
2796 2615 2926 2673 sint.
2962 2615 3164 2670 Deinde
3191 2615 3235 2669 si
3264 2630 3331 2669 ex
3360 2615 3463 2669 hoc

1896 2700 2053 2755 loco:
2115 2719 2132 2750 ι
2163 2699 2265 2757 Hic
2314 2710 2399 2756 est
2434 2702 2620 2770 Agnus
2667 2702 2811 2769 Dei,
2841 2705 2935 2773 qui
2990 2704 3128 2759 tollit
3174 2714 3460 2773 peccatum

1895 2793 2080 2847 mundi
2112 2793 2183 2856 ",
2215 2812 2234 2844 ι
2271 2794 2505 2862 probare
2536 2794 2665 2863 ipsis
2694 2794 3024 2850 voluerimus
3056 2796 3336 2859 mundum,
3370 2796 3461 2851 ubi

1894 2886 2129 2939 abundat
2166 2896 2444 2956 peccatum
2466 2926 2482 2949 ,
2517 2886 2814 2942 secundum
2848 2887 2945 2941 has
2983 2887 3286 2944 locutiones
3313 2888 3419 2943 dici
3441 2928 3460 2956 ,

1893 2978 1997 3033 hoc
2028 2986 2111 3032 est
2149 2977 2217 3032 de
2249 2979 2603 3033 terrestribus
2650 2979 2816 3045 locis;
2865 2978 2957 3047 qui
3000 2979 3230 3035 candido
3275 2981 3463 3036 animo

1894 3068 2118 3135 fuerint,
2147 3070 2436 3125 admittent
2463 3085 2583 3139 qum
2613 3070 2903 3136 dicuntur;
2943 3072 3264 3127 contentiosi
3296 3087 3461 3136 vero,

1892 3162 2084 3217 stolide
2112 3170 2166 3215 et
2195 3162 2376 3231 inepte
2422 3177 2543 3217 sese
2576 3171 2867 3218 versantes
2888 3202 2904 3227 ,
2938 3159 3007 3216 iis
3030 3163 3309 3219 adhaerere
3334 3179 3461 3231 pcr-

1888 3265 2016 3328 gent
2062 3271 2181 3326 qua:
2213 3257 2380 3312 semel
2415 3256 2555 3310 mala
2582 3255 2951 3326 iudicaverint
2985 3265 3208 3326 propter
3238 3257 3458 3327 ignora-

1891 3350 2087 3403 tionem
2121 3350 2589 3417 aequit'ocatiouis.
2622 3350 2834 3404 Rursus
2867 3350 2911 3403 si
2947 3350 3201 3405 dicatur:
3261 3366 3281 3400 ι
3314 3349 3462 3404 Deus

1887 3446 2005 3492 erat
2039 3438 2091 3492 in
2127 3436 2345 3494 Christo
2376 3439 2634 3493 mundum
2665 3438 3030 3494 reconcilians
3059 3439 3160 3494 sibi
3190 3439 3257 3504 ⁸⁷,
3293 3458 3312 3492 ι
3348 3454 3459 3494 non

217 3545 237 3578 ι
257 3527 383 3594 Θεὸς
408 3525 476 3602 ἧν
510 3535 570 3585 ὲν
600 3508 823 3604 Χριστῷ
861 3508 1062 3603 κόσμον
1106 3534 1493 3589 καταλλάσσων
1532 3508 1731 3608 ἐαυτῷ,
1759 3556 1778 3589 ι

1895 3527 1996 3593 iam
2031 3538 2287 3597 poterunt
2315 3531 2457 3599 quod
2486 3530 2553 3585 de
2586 3531 2844 3586 universo
2875 3533 3077 3585 mundo
3109 3508 3457 3601 acceperant,

214 3619 388 3674 οὐκέτι
443 3622 767 3695 δυνήσονται
811 3623 841 3675 ὃ
886 3624 1198 3696 ὲξειλήφασι
1261 3629 1390 3699 περὶ
1443 3628 1643 3692 παντὸς
1691 3628 1784 3683 τοῦ

219 3713 432 3785 κόσμου,
457 3718 712 3771 τουτέστι
746 3717 874 3788 περὶ
918 3718 1027 3771 τῶν
1071 3720 1129 3772 ὲν
1175 3719 1281 3789 ὅλῳ
1323 3718 1400 3789 τῷ
1432 3720 1639 3792 κόσμῳ,
1677 3722 1784 3792 μά-

220 3805 364 3859 λιστα
411 3811 555 3863 κατά
607 3811 705 3874 τὰς
748 3810 1034 3875 ὑποθέσεις
1076 3812 1256 3865 αὐτῶν
1296 3812 1487 3877 δεῖξαι·
1524 3815 1617 3868 καὶ
1663 3816 1782 3868 κατ’

220 3899 372 3953 αὑτοῦ
422 3903 530 3973 γὰρ
583 3902 796 3974 ἀνάγκη
830 3901 925 3973 τὴν
963 3903 1107 3969 λέξιν
1151 3904 1227 3968 ὡς
1265 3903 1553 3976 ὁμώνυμον
1600 3905 1786 3973 ἐξετά-

221 3987 413 4052 ζεσθαι.
456 3994 575 4049 Καὶ
614 3994 741 4065 περὶ
772 3994 873 4065 τὴν
918 3994 1244 4064 ἀμφιϐολίαν
1271 3994 1333 4052 δὲΔ
1373 3995 1661 4068 μοχθηρῶν
1694 3999 1786 4053 ὲκ-

222 4079 378 4151 δοχῶν
431 4086 526 4138 καὶ
578 4083 730 4155 παρά
767 4084 867 4156 τὴν
898 4084 1181 4156 διαστολὴν
1217 4084 1328 4157 (96)
1363 4085 1470 4139 τῶν
1516 4087 1781 4158 στιγμῶν,

223 4188 308 4224 και
333 4173 501 4228 ἀλλων
531 4175 590 4229 δὲ
629 4176 838 4246 μυρίων
896 4176 1313 4249 παραδείγματὰ
1356 4178 1471 4231 ἐστι
1501 4178 1785 4251 φιλοτιμη-

228 4263 446 4335 σάμενον
476 4268 579 4320 οὐκ
611 4266 768 4334 ὀλίγα
810 4266 1014 4321 λαϐεῖν.
1064 4267 1248 4321 Ταῦτα
1286 4267 1343 4321 δὲ
1377 4268 1779 4340 παρεξέϐημεν,

226 4352 302 4407 ἴνα
328 4356 610 4429 ὰίξωμεν,
664 4358 745 4410 ὅτι
783 4359 879 4410 καὶ
928 4359 1049 4412 καθ’
1085 4361 1231 4431 ἡμᾶς
1260 4359 1383 4423 τοὺς
1424 4359 1677 4423 θέλοντας
1707 4360 1781 4432 μὴ

1888 3619 1990 3673 hoc
2022 3628 2126 3684 est,
2158 3620 2224 3675 de
2259 3620 2323 3673 iis
2351 3635 2471 3690 quae
2501 3621 2553 3674 in
2589 3631 2703 3675 toto
2739 3622 2940 3675 mundo
2973 3628 3121 3686 sunt,
3152 3618 3458 3691 prmsertim

1886 3713 2181 3767 secumlum
2211 3714 2538 3783 ltypothescs
2568 3729 2694 3768 suas
2723 3716 3132 3769 demonstrare:
3165 3715 3232 3769 de
3262 3714 3457 3769 eodem

1886 3804 2029 3857 enim
2060 3805 2355 3858 dictionem
2393 3814 2451 3857 ut
2480 3804 2632 3874 plura
2665 3805 3060 3875 signiﬁcantem
3089 3808 3459 3876 pervestigare

1886 3908 2110 3949 necesse
2132 3904 2237 3950 est.
2264 3896 2646 3966 Ambiguitatis
2673 3909 2855 3951 autem
2885 3911 3267 3959 perversarum
3288 3913 3458 3969 expo-

1885 3987 2141 4043 sitionum
2166 3997 2219 4043 et
2242 3989 2697 4057 interpunctionis
2713 3998 2767 4044 et
2784 4001 3166 4045 sexcentorum
3191 3992 3454 4061 ejusmodi

1884 4080 2131 4149 exempla
2183 4095 2287 4134 non
2317 4094 2488 4150 pauca
2521 4081 2793 4149 reperiet,
2828 4082 2921 4150 qui
2972 4083 3022 4136 id
3052 4085 3312 4139 studebit.
3348 4084 3456 4141 Sed

1885 4170 2001 4226 haec
2049 4186 2150 4241 per
2180 4172 2577 4242 digressionem
2608 4214 2623 4239 ,
2676 4184 2734 4229 ut
2782 4176 3193 4230 ostenderemus
3231 4177 3303 4229 ita
3357 4190 3456 4231 nos

1885 4278 2099 4333 quoque
2140 4264 2451 4319 existimare
2492 4266 2639 4331 illis,
2693 4270 2784 4338 qtti
2824 4269 3013 4324 volunt
3045 4269 3096 4323 in
3151 4268 3455 4339 intelligen-

1887 4357 1956 4408 tia
2002 4356 2310 4411 divinarum
2342 4356 2751 4426 Scripturarnm
2789 4362 3071 4415 veritatem
3103 4371 3320 4425 tenere,
3357 4376 3465 4415 nec.

230 4447 545 4513 σφάλλεσθαι
578 4451 703 4523 περὶ
728 4451 824 4523 τὴν
857 4451 1112 4522 ἀλήθειαν
1140 4455 1198 4504 ὲν
1230 4451 1307 4522 τῷ
1339 4453 1479 4504 νοεῖν
1510 4453 1607 4516 τὰς
1634 4453 1783 4516 θείας

1895 4447 2016 4513 labi,
2049 4450 2517 4517 pernecessariam
2551 4466 2673 4506 esse
2709 4453 3013 4508 liberalium
3048 4455 3243 4509 artium
3274 4455 3456 4509 scien-

228 4536 429 4609 Γμφάς
488 4544 891 4613 ἀναγκαιότατά
941 4546 1053 4596 ὲστι
1114 4544 1183 4598 τά
1230 4544 1496 4598 πίπτοντα
1550 4546 1630 4608 εἰς
1682 4546 1781 4616 τὴν

230 4633 400 4701 χρῆσιν
429 4635 627 4689 εἰδέναι
666 4636 880 4704 λογικάο
906 4630 982 4691 ὧν
1018 4636 1112 4690 καὶ
1153 4635 1250 4690 νῦν
1276 4636 1576 4707 ἐδεήθημεν
1604 4639 1684 4702 εἰς
1718 4639 1779 4691 τὸ

232 4721 387 4794 εὑρεῖν
421 4726 522 4797 τὴν
562 4725 824 4797 διαφορὰν
854 4725 961 4780 τῶν
990 4725 1300 4796 λεγομένων
1336 4727 1617 4795 γεγονέναι
1655 4747 1673 4779 ι
1700 4731 1781 4794 εἰς

233 4812 382 4885 ἀρχὰς
410 4820 510 4889 τῆς
541 4819 754 4886 νυκτὸς,
772 4824 1087 4880 »καὶιείστὺ
1108 4820 1296 4891 ἄρχειν
1322 4819 1421 4891 τῆς
1450 4821 1662 4893 ἡμέρας
1683 4822 1778 4876 καὶ

232 4904 317 4974 τῆς
337 4909 542 4973 νυκτός.
561 4928 589 4965 δ

355 5050 399 5083 ⁸⁸
425 5053 444 5107 l
477 5053 638 5109 Joan.
667 5070 721 5120 γ,
754 5055 840 5111 19.
915 5055 963 5091 ⁸⁸
994 5053 1150 5111 Joan.
1181 5073 1219 5125 t,
1243 5056 1335 5116 29.
1404 5059 1451 5092 ⁵⁷
1478 5056 1515 5113 ll
1544 5059 1670 5117 Cor.
1698 5077 1754 5127 ν,
1787 5061 1871 5117 19.

294 5193 392 5270 (ἳὶ)
427 5199 541 5252 Kal
571 5198 734 5268 παρὰ
756 5199 837 5266 τῷ
857 5200 1174 5270 θεράποντι
1198 5202 1488 5269 νενόηται.
1517 5204 1589 5257 Ita
1622 5204 1782 5261 habet

239 5258 395 5344 Tarin'i
423 5270 616 5344 editio,
645 5258 817 5344 5t_ita'
857 5258 1067 5339 legebat
1100 5287 1314 5344 quoque
1346 5258 1775 5330 Ccnebrardus‘t

243 5340 437 5414 Vltiose,
487 5340 533 5392 si
598 5341 1146 5414 modo‘mendnsam
1185 5340 1510 5414 scripturam
1569 5345 1774 5414 integra

1890 4539 2018 4595 tiam
2045 4580 2061 4606 ,
2097 4542 2293 4610 quibus
2326 4552 2373 4595 et
2415 4557 2558 4596 nunc
2592 4544 2748 4599 nobis
2780 4561 2914 4623 opus
2940 4548 3060 4610 fuit,
3098 4555 3156 4601 ut
3185 4548 3455 4601 invenire-

1887 4647 2049 4694 ntus,
2097 4647 2206 4700 quo
2254 4631 2505 4687 differant
2543 4633 2629 4687 illa
2659 4674 2672 4698 ,
2715 4650 2836 4703 quae
2869 4635 3125 4691 dicuntur
3168 4636 3310 4691 facta
3397 4637 3454 4693 in

1885 4724 2239 4793 principatu»:
2272 4727 2461 4790 noctis,
2495 4734 2548 4780 et
2580 4737 2633 4780 ut
2667 4737 2949 4797 praesunt
2995 4728 3103 4782 diei
3133 4737 3179 4784 et
3228 4729 3389 4784 nocti.

1956 5207 2095 5284 (25)_
2121 5207 2174 5262 '0
2204 5207 2530 5284 κυριώτατα
2561 5209 2937 5284 ἑρμηνεύειν,
2953 5221 3065 5284 etc.
3101 5212 3191 5269 Sic
3224 5229 3364 5284 sape
3390 5215 3457 5274 in.

1888 5273 2227 5355 Epistolqu
2259 5273 2603 5355 Africanum}
2624 5273 2723 5355 sic
2750 5298 2891 5355 saepe
2906 5273 3301 5355 Lllieronymus:

1953 5348 2065 5420 (24)
2093 5351 2594 5420 γἘκπεπτὼκασιν
2630 5349 2727 5404 ἐπὶ
2776 5353 2862 5405 τό.
2905 5348 3264 5409 Valentiniani
3295 5355 3453 5411 video.

242 5403 412 5493 fimus
441 5424 734 5478 seponere.
761 5410 913 5492 Quod
944 5412 988 5493 si
1026 5403 1355 5493 conjecturae
1386 5412 1543 5493 locus
1570 5403 1773 5493 est_.vita
1878 5403 2648 5493 liceAtL'Marcinnistmaliique
2674 5403 2862 5493 eorum
2895 5403 3193 5493 corpora-ti:

242 5469 664 5555 legendum'esse
712 5469 1218 5555 suspicarimpossis,
1264 5483 1359 5555 κα)¹
1406 5483 1557 5554 παρὰ
1596 5469 1672 5555 τῷ
1702 5485 1773 5537 τὰ

1948 5488 2062 5563 (25)
2104 5487 2312 5545 Philoc.
2343 5507 2471 5560 ms.,
2500 5487 2887 5561 τεταγμένωςς
2940 5487 3236 5563 impressa,
3283 5512 3442 5563 τετα-

242 5537 335 5630 θεία
358 5549 616 5620 γράφοντι
641 5537 1110 5630 νενόηταιτ-ίῖαξξ
1133 5537 1377 5630 liuentis,
1407 5537 1501 5605 cui
1520 5538 1772 5630 assentiri

1895 5537 2070 5630 πμέναί

247 5624 331 5703 non
363 5633 592 5703 possunt,
625 5623 768 5703 quod
798 5622 925 5674 alibi
952 5625 1021 5703 ab
1060 5621 1530 5703 ΟγίςυιιελΜργξυε
1562 5624 1769 5693 simpli-

1947 5630 2059 5700 (26)
2098 5631 2263 5707 Quod
2303 5630 2418 5707 τὴν
2451 5630 2802 5707 διαστολήν.
2854 5631 3017 5691 Huet.
3048 5634 3264 5707 legend,

247 5684 969 5781 εἰξθιεέἓςξδὲιιῐ,θξράῖεφῖέέ
994 5684 1428 5781 θξρὶιπίιτὶθηθεοδῖ
1459 5691 1587 5751 “de
1615 5684 1769 5751 ηάιίιε

1895 5684 1986 5768 ur,
2018 5684 2151 5773 περ).
2178 5684 2278 5772 τὴν
2304 5684 2605 5781 διαστολὴν.

245 5751 297 5802 Id
322 5751 520 5815 Ezhort.
551 5766 619 5814 ad
653 5751 998 5843 martyrium,
1024 5751 1123 5839 92.3
1167 5762 1297 5825 306.,
