4000 6146
502 301 572 361 9|
2003 286 2345 347 ORIGENES
3683 264 3762 322 93

2169 422 3737 453 Μ

1805 596 1900 650 ΕΚ
1938 594 2075 648 ΤΟΥ
2109 593 2165 647 I"
2201 589 2439 646 ΤΟΜΟΥ

605 769 837 860 ΤΩΝ
911 764 1521 854 ΩΡΙΓΕΝΟΥΣ
1595 761 1765 850 ΕΙΣ
1835 759 2066 845 ΤΗΝ
2135 754 2601 843 ΓΕΝΕΣΙΝ
2670 692 3400 838 ΕΞΗΓΗΤΙΚέιΝ
3471 722 3632 826 (2⁷).

964 1065 1018 1128 Ε
1058 1064 1291 1128 TOMO
1332 1064 1421 1126 ΙΙΙ
1475 1059 2247 1128 COMMENTARIORUM
2294 1054 2671 1119 ORIGENIS
2726 1052 2809 1114 ΙΝ
2847 1039 3220 1112 GENESIM.

566 1389 676 1463 24
690 1388 823 1445 Cum
842 1390 1018 1444 sancti
1042 1389 1271 1459 apostoli
1301 1397 1355 1445 et
1382 1388 1632 1460 discipuli
1656 1387 1953 1444 Salvatoris
1970 1403 2040 1445 no

2241 1378 2363 1435 Τῶν
2402 1377 2460 1434 δὲ
2513 1376 2670 1449 ἱερῶν
2720 1372 2814 1428 τοῦ
2851 1372 3100 1444 Σωτῆρος
3135 1367 3294 1442 ἡμῶν
3333 1360 3643 1463 ἀποστόλων
3680 1376 3749 1414 τε

497 1481 596 1536 atri
613 1495 710 1550 per
725 1479 1032 1534 universum
1050 1482 1234 1535 orbem
1251 1480 1478 1550 dispersi
1493 1490 1696 1545 essent,
1711 1481 1944 1536 Thomas
1957 1480 2069 1551 qni-

498 1575 642 1636 dem.
671 1581 732 1628 ut
760 1588 789 1627 a
819 1572 1112 1643 majoribus
1141 1574 1394 1627 traditum
1428 1576 1758 1644 accepimus,
1788 1574 2065 1630 Parthiam

497 1663 729 1718 sortitus
769 1672 883 1724 est;
929 1661 1177 1719 Andreas
1212 1680 1344 1719 vero
1373 1663 1677 1736 Scythiam.
1718 1665 1908 1721 Joanni
1939 1667 2065 1723 Asia

495 1755 751 1824 obvenit,
816 1755 909 1824 qui
960 1754 1255 1824 plurimum
1302 1760 1561 1829 temporis
1609 1760 1662 1814 in
1719 1775 1781 1815 ea
1827 1776 2068 1817 commo-

498 1857 681 1913 ratus,
729 1848 934 1917 Ephesi
988 1848 1206 1903 tandem
1240 1850 1380 1905 diem
1429 1852 1583 1907 obiit.
1630 1854 1702 1907 At
1747 1853 1939 1909 Petrus
1974 1869 2069 1925 per

496 1937 750 2008 Pontum,
782 1941 1077 2008 Galatiam,
1111 1943 1446 2015 Bithyniam,
1478 1946 1874 2015 Cappadociam
1905 1961 2068 2016 atque

496 2029 681 2084 Asiam
709 2032 910 2089 ludatis
938 2036 1031 2104 qui
1068 2036 1122 2088 in
1152 2035 1500 2104 dispersione
1528 2047 1712 2104 erant,
1747 2041 2068 2109 praedicasse

494 2121 859 2179 existimatur.
925 2125 1026 2188 Oui
1074 2126 1141 2180 ad
1184 2136 1490 2184 extremum
1541 2129 1767 2183 Romam
1809 2131 2063 2198 veniens,

493 2212 647 2269 cruci
698 2214 922 2270 sullixus
985 2227 1073 2273 est
1126 2221 1309 2289 capite
1368 2220 1620 2275 deorsum
1664 2222 1939 2276 demisso:
1990 2223 2068 2277 sic

493 2302 641 2358 enim
678 2311 736 2358 ut
764 2305 815 2359 in
843 2322 1008 2363 cruce
1038 2309 1402 2365 collocaretur
1424 2350 1442 2376 ,
1484 2321 1760 2366 oraverat.
1797 2312 1868 2367 De
1900 2312 2067 2368 Paulo

491 2392 604 2465 jam
628 2396 758 2465 quid
787 2399 982 2454 attinet
1016 2403 1222 2469 dicere,
1254 2404 1344 2472 qui
1374 2405 1442 2458 ab
1475 2403 1867 2476 Hierosolymis
1898 2421 2068 2474 usque

499 2490 568 2541 ad
604 2487 874 2559 Illyricum
908 2509 1107 2550 munus
1152 2498 1480 2569 evangelicae
1520 2500 1922 2567 praedicationis
1969 2503 2067 2553 im-

497 2577 665 2647 plevit
692 2621 708 2647 ,
757 2596 823 2635 ac
871 2597 1144 2652 postremo
1188 2585 1375 2644 Romae
1423 2591 1524 2646 sub
1561 2589 1772 2647 Nerone
1808 2591 2068 2662 martyrio

497 2671 819 2742 perfunctus
858 2685 941 2732 est
966 2678 990 2732 ?

2172 1471 2269 1526 καὶ
2305 1468 2561 1543 μαθητῶν
2592 1468 2677 1536 ἐφ’
2719 1466 2937 1521 ἃπασαν
2971 1459 3381 1531 διασπαρέντων
3424 1454 3521 1525 τὴν
3563 1454 3750 1506 οἰκου-

2177 1564 2365 1635 μένην,
2418 1563 2619 1631 Θωμᾶς
2668 1560 2784 1631 μὲν,
2816 1557 2951 1627 ὠςὴ
2987 1552 3283 1625 παράδοσις
3333 1547 3599 1620 περιέχει,
3642 1543 3751 1617 τὴν

2173 1656 2417 1729 Παρθίαν
2459 1655 2692 1724 εἴληχεν,
2739 1650 2990 1723 Ἀνδρέας
3032 1647 3090 1701 δὲ
3121 1646 3218 1715 τὴν
3256 1643 3512 1697 Σκυθίαν·
3562 1638 3752 1693 Ἰωάν-

2172 1767 2270 1821 νης
2305 1749 2404 1819 τὴν
2451 1747 2651 1801 Ἀσίαν·
2686 1744 2821 1817 πρὸς
2850 1742 2943 1806 οὒς
2971 1741 3064 1795 καὶ
3095 1737 3382 1809 διατρίψας
3425 1736 3482 1787 ὲν
3532 1730 3751 1801 Ἐφέσῳ

2172 1841 2414 1912 τελευτᾷο
2480 1839 2687 1911 Πέτρος
2747 1837 2789 1891 δ’
2829 1839 2885 1889 ὲν
2930 1835 3116 1904 Πόντῳ
3165 1833 3259 1887 καὶ
3314 1827 3550 1898 Γαλατίᾳ
3576 1865 3593 1889 ,
3650 1824 3752 1878 καὶ

2172 1933 2395 2005 Βιθυνίᾳ
2420 1973 2435 1997 ,
2494 1928 2859 2000 Καππαδοκίᾳ
2904 1945 2964 1980 τε
3013 1926 3107 1980 καὶ
3179 1922 3333 1995 Ἀσίᾳ
3382 1917 3750 1991 κεκηρυχέναι

2171 2028 2284 2090 τοῖς
2329 2027 2394 2080 ὲκ
2438 2024 2735 2095 διασπορᾶς
2797 2019 3067 2082 Ἰουδαίοις
3115 2017 3307 2071 ἔοικεν·
3370 2014 3457 2078 ὃς,
3506 2011 3602 2067 καὶ
3649 2007 3752 2063 ἐπὶ

2172 2118 2313 2172 τέλει
2378 2119 2436 2171 ἐν
2504 2115 2688 2189 Ῥώμῃ
2743 2116 3066 2185 γενόμενος,
3121 2107 3544 2179 ἀνεσκολοπίσθη
3598 2102 3749 2159 κατὰ

2173 2212 2434 2283 κεφαλῆς,
2461 2210 2632 2274 οὕτως
2664 2209 2825 2272 αὐτὸς
2860 2206 3096 2274 ἀξιώσας
3131 2205 3339 2258 παθεῖν.
3373 2202 3438 2255 Τί
3488 2200 3569 2254 δεῖ
3613 2196 3748 2269 περὶ

2174 2302 2385 2357 Παύλου
2428 2301 2626 2371 λέγειν,
2662 2300 2769 2354 ἀπὸ
2805 2297 3158 2369 Ἰερουσαλὴμ
3187 2295 3351 2366 μέχρι
3382 2291 3475 2346 τοῦ
3522 2290 3751 2363 Ἰλλυρι-

2174 2393 2269 2447 κοῦ
2306 2392 2728 2465 πεπληρωκότος
2754 2391 2813 2444 τὺ
2843 2388 3171 2458 Εὑαγγέλιον
3211 2386 3305 2441 τοῦ
3344 2382 3601 2457 Χριστοῦ,
3646 2380 3749 2435 καὶ

2177 2481 2405 2554 ὕστερον
2458 2482 2517 2537 ὲν
2573 2484 2640 2554 τῇ
2686 2479 2874 2553 Ῥώμῃ
2906 2481 2998 2533 ἐπὶ
3044 2479 3293 2551 Νέρωνος
3320 2472 3749 2548 μεμαρτυρηκό-

2174 2592 2264 2639 τος
2283 2590 2298 2640 ἱ

1151 2822 1431 2908 ,Ρη-Ηίδτ·
1459 2824 1772 2908 οῖσι-είρτιρι
1816 2825 2057 2908 indos“
2099 2841 2140 2895 Β
2169 2839 2223 2890 iu
2272 2836 2425 2892 Notis
2454 2839 2520 2892 ad
2554 2840 2732 2893 locum
2767 2840 2843 2893 ait
2876 2840 3066 2894 merito
3101 2838 3334 2894 dubitari
3383 2852 3546 2908 posse
3593 2845 3746 2908 unde

496 2885 614 2962 haec
642 2885 932 2962 Origenem
967 2891 1021 2942 in
1064 2896 1224 2945 tertio
1256 2903 1400 2946 tomo
1434 2885 1828 2962 expositionum
1856 2885 1928 2950 in
1959 2898 2066 2953 Ge-

498 2957 943 3032 tiesint_disertis
987 2957 1682 3032 verbiscommemorasse.
1737 2964 1950 3032 Ταῦτα,
1986 2971 2070 3020 in-

496 3025 637 3108 quit,
666 3027 928 3108 Ὡριχένει
959 3031 1102 3108 κατα
1130 3029 1270 3108 λέξιν
1293 3032 1350 3085 έν
1376 3033 1544 3108 τρῖτῳ
1565 3034 1711 3106 τόμῳ
1735 3025 1948 3108 τῶνγεὶς
1971 3037 2068 3108 τὴν

497 3093 738 3149 Γένεσιν’
758 3093 1128 3170 Ἐξηγητικῶν
1156 3093 1388 3172 εἴρηται.
1412 3093 1793 3160 ’νείιιιηίυῆιεη
1822 3093 2068 3164 νθιὲείιίε

2178 2908 2444 2980 incipiant
2505 2908 2753 2980 Origenis
2809 2909 3011 2977 verba,
3063 2924 3130 2962 an
3167 2906 3400 2980 vocibus
3468 2906 3747 2980 illis__8tp-

2176 2976 2650 3105 ᾕὲξτιμὲξὶοθιοῖ,
2695 2996 2766 3035 an
2817 2981 2998 3051 potius
3049 2984 3117 3035 ab
3163 2979 3281 3035 istis
3327 2978 3532 3051 Πέτρος
3570 2977 3628 3032 δὲ
3677 2976 3745 3033 ὲν

511 3244 2967 3286 mm

2562 3255 3722 3289 mg

954 3415 1790 3533 ΩΡΙΓΕΝΟΥΣ
1881 3401 2119 3531 ΕΙΣ
2208 3421 2523 3535 ΤΗΝ
2617 3422 3257 3538 ΓΕΝΕΣΙΝ

1888 3637 2404 3727 ΕΚΛΟΓΑΙ.

1012 3980 1175 4067 EX
1242 3975 1780 4070 ORIGENE
1854 3976 2371 4071 SELECTA
2437 3978 2565 4068 IN
2643 3978 3210 4069 GENESIM.

572 4302 638 4358 Et
670 4305 802 4358 dixit
834 4304 1004 4363 Deus:
1038 4300 1297 4357 Ger-minet
1325 4314 1464 4357 terra
1488 4304 1697 4357 herbam
1730 4303 1834 4372 feni
1855 4345 1870 4370 ,
1905 4304 2058 4358 semic

2229 4302 2338 4357 Καὶ
2364 4296 2532 4354 εἶπεν
2564 4302 2597 4354 ό
2625 4300 2786 4366 Θεός·
2835 4300 3245 4367 Βλαστησάτω
3288 4297 3327 4365 ἡ
3360 4297 3436 4369 γῆ
3463 4297 3739 4368 βοτάνην

498 4412 630 4451 nans
651 4411 822 4449 semen
836 4394 998 4464 juxta
1015 4409 1175 4465 genus
1195 4403 1241 4447 et
1268 4395 1550 4447 secundum
1575 4395 1970 4449 similitudinem
1992 4395 2058 4450 ⁵⁸.

496 4487 613 4543 Non
654 4487 1011 4543 omittendum
1058 4486 1420 4542 soloecismum
1471 4489 1523 4543 in
1556 4487 1860 4543 elocutione
1890 4487 2058 4542 videri

497 4593 656 4651 posse
690 4579 741 4633 id
777 4581 919 4649 quod
973 4579 1046 4634 ita
1094 4580 1321 4635 dicitur:
1371 4579 1518 4633 Dixit
1567 4579 1748 4635 Deus:
1795 4578 2058 4634 Germinet

495 4679 640 4722 terra
678 4669 892 4723 herbam
932 4670 1038 4738 feni
1063 4711 1077 4734 ,
1117 4671 1384 4725 seminans
1432 4685 1606 4724 semen
1627 4672 1788 4740 juxta
1816 4686 1974 4741 genus
2010 4679 2060 4725 et

497 4761 783 4814 secundum
812 4761 1210 4815 similitudinem
1239 4777 1258 4819 :
1295 4776 1400 4816 non
1433 4762 1575 4816 enim
1609 4761 1770 4816 facile
1799 4772 2062 4833 congruat

497 4849 631 4905 illud
657 4890 674 4914 ,
704 4853 962 4906 seminans
990 4891 1006 4917 ,
1040 4866 1162 4908 cum
1192 4867 1356 4919 voce,
1389 4851 1599 4906 herbam
1643 4852 1775 4922 feni.
1814 4851 1933 4920 Quo
1964 4868 2060 4924 pa-

498 4950 588 4994 cto
619 4941 782 4994 etiam
813 4942 948 4996 citra
1003 4942 1369 4998 solmcismum
1424 4943 1652 5015 intelligi
1702 4954 1907 5012 queat,
1938 4960 2059 4999 cum

498 5031 744 5102 plerique
782 5032 942 5098 illud,
973 5037 1257 5101 seminans,
1295 5035 1362 5089 ad
1394 5036 1518 5101 hoc,
1548 5035 1760 5090 herbam
1810 5037 1938 5107 feni,
1978 5051 2061 5092 re-

498 5120 629 5173 ferri
680 5122 955 5175 sentiant?
993 5121 1176 5177 Potest
1221 5134 1401 5179 autem
1453 5125 1577 5194 quis
1610 5125 2062 5183 subdistinctione

496 5212 659 5266 medii
689 5214 872 5280 puncti
909 5214 980 5268 ita
1023 5214 1229 5285 legere:
1266 5214 1532 5270 Germinet
1560 5226 1701 5270 terra
1728 5217 1941 5272 herbam
1983 5220 2063 5289 fe-

459 5309 471 5333 ἰ
499 5302 554 5356 ni
572 5318 591 5367 ,°
626 5309 847 5373 tumque
869 5304 1244 5376 distinguendo
1276 5307 1568 5378 adiungere
1600 5309 1859 5364 seminans
1889 5328 2060 5367 semen

568 5418 617 5452 ⁸⁸
638 5418 773 5476 Gen.
807 5423 964 5488 1,“.

576 5535 729 5614 (28)_
761 5540 844 5594 οὐ
907 5542 1387 5611 παραπεμπτέον,
1428 5553 1536 5600 etc.
1591 5545 1938 5614 ltesumptum
1987 5558 2072 5605 est

505 5605 675 5663 hocce
706 5605 1062 5680 fragmentum
1092 5605 1382 5669 e'schedis
1404 5605 1817 5671 Combefisianis
1852 5618 1906 5672 in
1936 5635 2070 5680 qua-

511 5692 629 5750 rum
660 5680 905 5748 margine
940 5681 1268 5750 descriptum
1298 5683 1496 5739 dicitur
1523 5701 1554 5739 e
1587 5685 1787 5740 Catena
1820 5704 1921 5744 ms.
1952 5680 2067 5743 Ma-

512 5747 688 5805 zariu.
721 5747 839 5820 quae
883 5752 1058 5819 ipsum
1089 5747 1307 5824 Origcni
1358 5756 1612 5811 vindicat.
1656 5756 1726 5812 At
1760 5757 1962 5820 Catena
1996 5761 2073 5817 al-

2162 4397 2400 4465 χόρτου,
2453 4392 2703 4461 σπεῖρον
2754 4391 2993 4461 σπέρμα
3045 4391 3196 4445 κατὰ
3244 4391 3418 4462 γένος
3461 4390 3559 4444 καὶ
3605 4390 3734 4445 καθ’

2161 4487 2494 4557 ὁμοιότητα.
2543 4487 2619 4540 Οὐ
2668 4484 3102 4557 παραπεμπτέον
3131 4482 3243 4556 (28)
3283 4483 3366 4536 ὅτι
3397 4480 3738 4553 σολοικισμὸς

2159 4578 2225 4633 ἂν
2252 4578 2449 4644 δόξειεν
2477 4575 2610 4633 εἶναι
2644 4579 2782 4632 κατά
2809 4578 2907 4649 τὴν
2948 4577 3147 4650 φράσιν
3186 4576 3267 4642 τὺ,
3294 4572 3481 4630 Εἶπεν
3508 4578 3541 4629 ό
3567 4576 3734 4641 Θεόςο

2161 4671 2573 4741 Βλαστησάτω
2593 4673 2631 4741 ἠ
2651 4668 2728 4741 γῆ
2738 4671 3009 4737 βοτάνην
3026 4670 3262 4739 χόρτου,
3289 4667 3538 4736 σπεῖρον
3550 4667 3738 4737 σπέρ-

2162 4782 2247 4834 μα
2273 4765 2424 4819 κατὰ
2449 4763 2623 4834 γένος
2650 4764 2749 4816 καὶ
2779 4763 2906 4815 καθ’
2936 4762 3268 4831 ὁμοιότητα·
3299 4758 3359 4811 οὐ
3407 4759 3515 4832 γὰρ
3549 4759 3613 4812 ἂν
3647 4759 3739 4812 εὐ-

2161 4858 2337 4931 χερῶς
2365 4857 2668 4929 ἐφαρμόσαι
2706 4857 2767 4910 τὸ
2806 4855 3058 4925 σπεῖρον
3087 4854 3163 4925 τῷ
3186 4852 3457 4921 βοτάνην
3494 4855 3734 4923 χόρτου.

2163 4947 2366 5021 uagas
2395 4948 2486 5002 καὶ
2513 4949 2682 5019 χωρὶς
2719 4946 3059 5019 σολοικισμοῦ
3096 4945 3329 5000 νοεῖσθαι
3354 4944 3593 5010 δύναται,
3626 4946 3740 5001 τῶν

2162 5040 2427 5095 πλείστων
2449 5040 2868 5113 ὑποληψομένων
2886 5041 2947 5095 τὸ
2965 5039 3214 5109 σπεῖρον
3236 5038 3372 5110 πρὸς
3389 5038 3450 5090 τὸ
3462 5036 3741 5113 βοτάνην

2166 5132 2383 5202 χόρτου
2414 5132 2691 5202 λέγεσθαι;
2732 5134 2886 5187 Ἔστι
2910 5133 2987 5198 δὲ,
3021 5130 3374 5201 ὑποδιαστολῇ
3397 5129 3739 5201 χρησάμενον

2171 5223 2338 5295 μέσης
2385 5225 2638 5297 στιγμῆς,
2685 5225 2855 5290 οὕτως
2888 5224 3215 5294 ἀναγνῶναιο
3258 5221 3670 5289 Βλαστησάτω
3699 5223 3738 5292 ή

2168 5315 2244 5387 γῆ
2285 5317 2558 5388 βοτάνην
2599 5321 2834 5389 χόρτου·
2880 5321 2973 5375 καὶ
3019 5319 3379 5391 διαστήσαντα
3424 5317 3740 5385 ἐπενεγκεῖν

2174 5559 2289 5608 tera
2338 5552 2715 5628 Begiahabet
2761 5552 3227 5628 ut_Theodor_eti_.
3261 5551 3510 5628 Origenis
3557 5561 3736 5628 tamen

2174 5624 2414 5695 essevix
2450 5623 2742 5695 dubitarim
2770 5624 2967 5695 quippe
2999 5625 3142 5693 quod
3188 5623 3485 5695 Procopius
3529 5623 3738 5680 exscri-

2177 5694 2347 5763 pserit
2376 5694 2429 5750 in
2471 5693 2618 5749 hunc
2646 5692 2918 5751 Geneseos
2949 5692 3145 5752 losum.
