4000 6146
358 275 423 331 νδ
1855 289 1919 344 IN
1953 289 2276 345 GENESIM.
3566 292 3636 345 Μ

372 395 714 464 ὑπερ-ᾖρον·
737 393 1003 472 θεῖἐρμα
1033 405 1174 458 κατὰ
1200 403 1385 474 γένος’
1411 403 1474 458 ἵν’
1495 402 1550 479 ᾖ,
1569 404 1945 471 Βλαστησάτι

2044 457 2046 468 ,
2074 407 2242 474 juxta
2282 422 2478 474 genus,
2527 415 2586 459 ut
2639 405 2754 466 sit,
2800 405 3046 474 germinet
3091 415 3234 460 terra
3284 405 3495 461 herbam
3527 409 3632 477 {eui

385 493 421 558 ἢ
441 487 507 560 Τῆ
525 491 810 561 βοτάνην
832 500 1086 564 χόρτου,
1100 498 1245 551 κατὰ
1260 498 1430 567 γένος
1445 498 1695 566 σπεῖρον
1712 499 1965 566 σπέρμαε

397 583 782 656 ἐπιφερομένου
832 588 931 640 ἐπὶ
977 589 1038 640 τὸ
1080 588 1249 658 γένος
1285 588 1380 642 τοῦ
1429 589 1679 657 σπεῖρον
1711 588 1964 657 σπέρμα.

463 677 805 738 Αὺξὰνεσθε
838 678 938 744 καὶ
969 682 1368 747 πληθύιέσθε.
1396 682 1468 751 Ση
1478 681 1655 750 μαίνει
1681 679 1844 751 (29)ὴ
1871 679 1968 750 μὲν

398 769 612 839 αὔξησις
645 770 746 839 τὴν
779 772 862 834 είς
898 771 1128 841 μέγεθος
1160 773 1417 834 ἐπίδοσιν,
1446 773 1506 824 τὸ
1529 772 1586 825 δὲ
1608 770 1968 842 πληθύνεσθαι

397 862 490 932 τὴν
519 862 584 913 ὲκ
615 861 717 929 τῆς
751 862 952 931 μίξεως
981 865 1060 926 είς
1091 862 1287 933 πλῆθος
1315 863 1576 936 διαδοχήν.

458 951 567 1024 Καὶ
605 949 776 1006 εἶπεν
802 956 835 1005 ό
871 955 1043 1019 Θεός·
1084 956 1432 1024 Ποιήσωμεν
1481 955 1792 1022 ἄνθρωπον
1837 956 1965 1008 κατ’

394 1023 600 1100 εἶκον-α
648 1045 942 1113 ἡμετέραν
992 1047 1089 1099 καὶ
1138 1046 1265 1101 καθ’
1317 1023 1618 1115 ὁμοίωσιν.
1670 1047 1966 1118 Προδιαλη-

397 1135 554 1187 πτὲον
585 1135 701 1205 (50)
728 1136 1012 1208 πρότερον,
1043 1137 1142 1189 ποῦ
1176 1137 1486 1190 συνίσταται
1513 1137 1573 1190 τὸ
1595 1140 1719 1190 κατ’
1743 1140 1963 1203 εἰκόνα,

393 1228 450 1278 ἐν
481 1224 698 1296 σώματι
724 1227 756 1297 ἢ
784 1229 841 1279 ὲν
866 1228 1032 1299 ψυχῇ.
1059 1227 1286 1300 Ἰδωμεν
1311 1229 1367 1281 δὲ
1394 1230 1654 1300 πρότερον
1686 1224 1766 1293 οἷς
1795 1229 1967 1302 χρῶν-

389 1339 477 1375 ται
507 1325 558 1376 οἱ
585 1323 647 1377 τὸ
670 1324 880 1395 πρῶτον
910 1323 1182 1392 λέγοντες·
1215 1317 1290 1377 ὧν
1315 1326 1428 1376 ἐστι
1459 1325 1550 1378 καὶ
1577 1323 1826 1394 Μελίτων
1857 1324 1965 1396 (31)

391 1414 802 1484 συγγράμματα
853 1412 1253 1476 καταλελοιπὼς
1307 1415 1436 1482 περὶ
1504 1414 1598 1467 τοῦ
1653 1414 1965 1484 ὲνσώματον

388 1501 529 1557 εἶναι
559 1503 653 1556 τὸν
694 1503 843 1556 Θεόν.
892 1504 1042 1575 Μέλη
1073 1504 1182 1575 γὰρ
1232 1505 1366 1558 Θεοῦ
1413 1504 1782 1576 ὀνομαζόμενα
1821 1508 1962 1577 εὑρί-

388 1612 632 1658 σκοντες,
667 1595 976 1665 ὀφθαλμοὺς
998 1595 1130 1648 Θεοῦ
1165 1596 1550 1660 ὲπιϐλέποντας
1578 1596 1674 1668 τὴν
1716 1598 1964 1668 οἰκουμέ-

387 1706 505 1758 νην,
540 1689 634 1741 καὶ
666 1682 779 1742 ὦτα
823 1685 987 1743 αὐτοῦ
1037 1684 1171 1741 εἶναι
1205 1689 1284 1751 είς
1314 1687 1494 1759 δέησιν
1523 1687 1746 1742 δικαίων
1785 1691 1963 1742 ἐπινε-

2063 499 2227 566 juxta
2274 514 2432 568 genus
2470 499 2732 551 seminans
2768 516 2942 554 semen
2970 539 2984 563 ,
3035 497 3224 553 relatis
3274 500 3528 553 nimirum
3569 500 3634 553 ad

2069 603 2229 657 genus
2255 627 2270 652 ,
2309 588 2510 652 verbis,
2546 589 2812 641 seminans
2851 603 3044 641 semen.

2141 678 2368 735 Crescite
2400 688 2449 732 et
2484 679 2907 746 multiplicamini
2923 679 2988 732 ⁸⁸.
3019 680 3337 733 Accretimie
3368 678 3636 747 signiﬁca-

2070 781 2158 826 tur
2193 771 2248 824 in
2282 770 2544 840 majorem
2578 770 2771 823 molem
2813 778 3184 836 augmentum,
3222 771 3631 838 multiplicatio-

2068 877 2136 916 ne
2156 876 2284 916 vero
2299 874 2361 913 ea
2379 875 2498 929 qua:
2511 874 2575 914 ex
2604 859 2794 928 COpula
2825 860 2902 919 tit,
2924 856 3278 912 multitudinis
3297 859 3630 926 propagatio.

2139 951 2245 1023 25
2281 952 2345 1004 Et
2382 952 2513 1004 dixit
2547 949 2687 1003 Deus
2715 964 2733 1002 :
2759 948 3041 1003 Faciamus
3069 951 3328 1002 hominem
3353 949 3419 1001 ad
3449 949 3634 1018 imagi-

2069 1060 2183 1097 nem
2213 1053 2447 1097 nostram
2478 1053 2522 1094 et
2547 1038 2944 1093 similitudinem
2973 1038 3038 1092 ⁸⁸.
3064 1037 3219 1093 Prius
3239 1039 3631 1092 discutiendum

2067 1143 2152 1188 est
2177 1133 2263 1188 ubi
2291 1131 2558 1187 consistat
2581 1130 2734 1195 illud,
2766 1130 2834 1182 ad
2872 1131 3172 1200 imaginem,
3206 1129 3256 1182 in
3283 1143 3529 1197 corpore,
3559 1145 3628 1182 an

2069 1225 2122 1278 in
2175 1225 2376 1278 anima.
2429 1222 2494 1276 Et
2519 1222 2574 1275 in
2607 1220 2800 1289 primis
2832 1221 3132 1287 videamus,
3179 1222 3374 1288 quibus
3409 1231 3632 1274 utantur

2068 1315 2160 1384 qui
2203 1315 2354 1383 prius
2392 1321 2674 1377 asserunt;
2717 1326 2748 1366 e
2798 1327 3027 1381 quorum
3059 1327 3285 1366 nmnero
3315 1321 3398 1366 est
3425 1311 3631 1374 Melite,

2066 1405 2157 1474 qui
2185 1405 2386 1471 scripta
2410 1403 2650 1471 reliquit,
2675 1401 2868 1471 quibus
2896 1402 3092 1457 asserit
3117 1401 3281 1456 Deum
3308 1417 3630 1471 corporeum

2064 1510 2201 1550 esse.
2220 1495 2454 1550 Membra
2471 1495 2613 1550 enim
2644 1494 2736 1548 Dei
2761 1492 3021 1564 appellata
3035 1509 3157 1548 cum
3187 1494 3483 1562 reperiunt,
3502 1508 3632 1549 ocu-

2065 1588 2142 1642 los
2173 1587 2262 1641 Dei
2286 1587 2631 1655 respicientes
2658 1594 2856 1640 terram
2893 1585 2959 1652 σί,
2983 1592 3038 1637 et
3068 1599 3228 1638 aures
3249 1584 3367 1653 ejus
3393 1583 3630 1640 intentas

2063 1691 2181 1732 esse
2202 1679 2266 1730 ad
2299 1691 2486 1745 preces
2515 1675 2786 1743 justorum
2814 1675 2984 1739 “;et:
3010 1672 3198 1743 Olfecit
3219 1673 3471 1728 Dominus
3501 1679 3630 1728 odo-

386 1780 632 1842 νευκότα,
666 1780 782 1842 καὶ,
827 1778 1161 1849 Ὡσςρράνθη
1200 1781 1414 1848 Κύριος
1454 1779 1654 1849 ὀσμὴν
1676 1781 1945 1848 εὐωδίας⁴

2062 1785 2168 1821 rem
2202 1769 2478 1822 suavitatis
2497 1767 2571 1832 ⁶⁸;
2600 1775 2655 1821 et
2681 1784 2695 1818 :
2727 1765 2798 1822 Os
2832 1765 3040 1819 Domini
3067 1763 3294 1817 locutum
3327 1775 3401 1818 est
3429 1767 3530 1819 ista
3561 1764 3628 1830 “,

384 1874 496 1931 καὶ,
538 1870 607 1924 Τὸ
659 1871 854 1939 στόμα
895 1871 1115 1938 Κυρίου
1152 1870 1423 1939 ἐλάλησε
1452 1872 1657 1935 ταῦτα,
1687 1873 1779 1926 καὶ
1827 1873 1958 1945 βρα-

379 1961 532 2031 χίονα
558 1959 719 2024 Θεοῦ,
768 1961 862 2014 καὶ
907 1964 1110 2032 χεῖρας,
1158 1961 1252 2016 καὶ
1292 1963 1477 2024 πόδας,
1521 1964 1614 2016 καὶ
1640 1963 1953 2031 δακτύλους,

375 2054 640 2124 ἄντικρυς
696 2052 963 2122 φάσκουσι
1007 2053 1175 2106 ταῦτα
1215 2055 1312 2124 οὐχ
1356 2055 1542 2125 ἔτερόν
1588 2071 1641 2106 τι
1688 2055 1955 2110 διδάσκειν

375 2145 408 2214 ἢ
443 2144 543 2215 τὴν
575 2145 791 2214 μορφὴν
821 2143 912 2196 τοῦ
961 2143 1115 2196 Θεοῦ.
1160 2144 1284 2206 Πῶς
1319 2145 1395 2209 δὲ,
1432 2145 1584 2212 φασὶ,
1617 2146 1710 2198 καὶ
1741 2144 1893 2217 ὤφθη
1928 2149 1956 2199 6

373 2233 506 2296 Θεὸς
555 2232 633 2303 τῷ
666 2231 934 2304 Ἀϐραὰμ,
979 2232 1070 2285 καὶ
1111 2233 1305 2301 Μωσῇ,
1347 2232 1439 2284 καὶ
1481 2234 1593 2294 τοῖς
1636 2232 1830 2299 ἁγίοις,
1879 2233 1951 2303 μὴ

377 2324 841 2396 μεμορφωμένοςς
881 2324 1306 2394 μεμορφωμένος
1333 2323 1410 2385 δὲ,
1440 2324 1582 2378 κατὰ
1607 2328 1756 2378 ποῖον
1785 2343 1954 2396 χαρα-

372 2417 552 2488 κτῆρα
585 2417 618 2487 ἢ
649 2417 739 2469 τὸν
764 2415 1131 2488 ἀνθρώπινον;
1172 2417 1264 2469 καὶ
1300 2417 1586 2484 συνάγουσι
1617 2418 1784 2488 μυρία
1815 2419 1952 2488 ῥητὰ

375 2507 514 2578 μέλη
563 2506 898 2577 ὀνομάζοντα
936 2506 1090 2561 Θεοῦ.
1137 2508 1280 2578 Πρὸς
1311 2507 1404 2572 οὓς
1435 2510 1764 2576 ἀγωνιστέον
1812 2509 1952 2581 πρῶ-

371 2613 462 2650 τον
515 2599 625 2654 ἀπὸ
668 2599 766 2669 τῆς
820 2598 1048 2662 λέξεως’
1107 2599 1649 2671 ἀντιπαραϐαλοῦμεν
1708 2601 1763 2653 δὲ
1812 2601 1950 2671 ῥητὰ

369 2691 485 2753 τοῖς
518 2690 681 2742 πλέον
711 2688 802 2741 τοῦ
832 2689 1154 2760 γράμματος
1207 2689 1370 2761 μηδὲν
1406 2691 1816 2762 ἐπισταμένοις,
1865 2695 1949 2745 ἐν-

369 2781 701 2849 αντιούμενα
738 2778 914 2832 αὐτῶν
961 2781 1025 2849 τῇ
1067 2778 1361 2849 ὑπολήψει·
1398 2781 1462 2834 ἐκ
1510 2781 1606 2850 μὲν
1648 2780 1742 2833 τοῦ
1775 2783 1948 2852 Ζαχα-

372 2869 512 2939 ρίου,
542 2871 625 2923 ὅτι
671 2870 844 2923 Ἑπτὰ
873 2869 1161 2939 ὀφθαλμοὶ
1188 2871 1407 2937 Κυρίου
1445 2875 1498 2925 οἱ
1525 2873 1948 2940 ἐπιϐλέποντες

367 2964 465 3018 ἐπὶ
496 2965 705 3020 πᾶσαν
736 2963 849 3031 τὴν
879 2962 1015 3032 τῆν.
1055 2963 1117 3015 Et
1155 2962 1212 3016 δὲ
1255 2963 1397 3017 ἑπτὰ
1428 2964 1538 3034 ἔχει
1581 2965 1888 3036 ὀφθαλμοὺς
1918 2970 1947 3021 6

367 3056 522 3121 Θεὸς,
562 3059 725 3127 ἡμεῖς
756 3057 812 3108 δὲ
839 3054 952 3120 δύο,
980 3054 1039 3107 οὐ
1065 3055 1183 3108 κατ’
1215 3056 1398 3108 εἰκόνα
1428 3056 1591 3110 αὐτοῦ
1615 3059 1938 3129 γεγόναμεν.

380 3145 544 3199 Ἀλλὰ
595 3145 692 3198 καὶ
744 3147 904 3216 ἡμεῖς
948 3145 1045 3215 μὲν
1085 3144 1186 3197 οὐκ
1235 3147 1680 3220 ὲπτερυγώμεθα,
1716 3153 1842 3224 περὶ
1885 3152 1942 3205 δὲ

366 3235 507 3290 θεοῦ
558 3238 704 3306 λέγει
755 3241 812 3292 ὲν
857 3238 1219 3310 ὲννενηκοστῷ
1266 3239 1484 3311 ψαλμῷ,
1532 3244 1612 3297 ὅτι
1657 3245 1774 3298 ὑπὸ
1833 3245 1941 3313 τὰς

367 3327 666 3398 πτέρυγας
695 3327 879 3382 αὐτοῦ
901 3330 1144 3398 ἐλπιεῒς.
1180 3333 1243 3386 Ei
1267 3333 1324 3387 δὲ
1355 3335 1560 3397 ἐκεῖνος
1613 3336 1709 3405 μὲν
1743 3337 1941 3408 πτέρυ-

367 3433 471 3485 γας
515 3418 647 3488 ἔχει,
679 3419 840 3488 ἡμεῖς
873 3419 930 3472 δέ
963 3422 1126 3490 ἐσμεν
1158 3421 1294 3485 ζῶον
1326 3424 1579 3494 ἄπτερον,
1614 3424 1674 3476 οὐ
1709 3427 1825 3478 κατ’
1859 3429 1938 3478 εί-

366 3510 499 3563 κόνα
526 3509 658 3563 Θεοῦ
686 3510 906 3578 γέγονεν
945 3513 974 3564 6
1017 3513 1317 3584 ἄνθρωπος.
1366 3515 1488 3580 Πῶς
1517 3515 1573 3568 δὲ
1604 3518 1631 3568 6
1666 3533 1941 3589 σφαιροει-

366 3602 461 3674 δὴς
490 3601 717 3673 οὐρανὸς
743 3603 836 3655 καὶ
858 3604 944 3656 ἀεὶ
970 3605 1280 3675 κινούμενος
1311 3605 1496 3678 θρόνος
1529 3604 1668 3662 εἶναι
1696 3610 1935 3676 δύναται,

366 3694 441 3756 ὡς
474 3694 936 3765 ὑπολαμϐάνουσι,
967 3693 1060 3748 τοῦ
1092 3695 1265 3760 Θεοῦς
1305 3697 1463 3750 Ἀλλὰ
1500 3700 1594 3753 καὶ
1635 3703 1666 3770 ἡ
1713 3701 1784 3770 γῆ
1821 3702 1937 3766 πῶς

366 3786 651 3838 ὑποπόδιον
676 3785 784 3839 τῶν
817 3785 992 3838 ποδῶν
1015 3787 1208 3852 αὐτοῦς
1238 3789 1746 3858 Ἀπαγγελλέτωσαν
1768 3795 1896 3864 ἡμῖν
1914 3835 1928 3850 .

363 3873 510 3947 Ἀρα
535 3877 646 3948 γὰρ
683 3877 744 3931 τὸ
780 3878 887 3930 ἀπὸ
917 3877 1155 3944 γονάτων
1189 3879 1348 3950 μέχρι
1390 3880 1496 3934 τῶν
1540 3881 1744 3952 βάσεων
1778 3884 1935 3956 σῶμα

365 3969 459 4021 τοῦ
510 3968 710 4041 μεταξὺ
762 3966 992 4039 οὐρανοῦ
1037 3971 1127 4022 καὶ
1171 3970 1275 4040 γῆς
1305 3973 1662 4043 περιέχοντος,
1695 3977 1753 4028 ἐν
1788 3977 1936 4047 μέσῳ

363 4057 420 4112 δὲ
448 4059 616 4130 οὔσης
646 4061 746 4130 τῆς
772 4060 875 4130 γῆς
901 4060 992 4113 τοῦ
1029 4063 1226 4126 παντὸς
1259 4064 1482 4133 κόσμου,
1509 4067 1598 4119 καὶ
1627 4069 1936 4138 περιεχομέ-

361 4170 459 4222 νης
481 4152 572 4204 ὑπ’
593 4151 780 4212 αὐτοῦ,
805 4152 879 4215 ὡς
903 4158 1242 4231 γραμμικαίς
1259 4157 1561 4223 ἀποδείξεσι
1585 4161 1930 4230 παρίσταται,

363 4237 492 4308 παρ’
524 4240 658 4309 ἡμῖν
681 4240 816 4291 εἰσιν
837 4241 893 4290 αἱ
925 4238 1107 4308 βάσεις
1135 4242 1226 4295 τοῦ
1250 4243 1383 4297 Θεοῦ
1406 4245 1438 4315 ἢ
1475 4248 1622 4319 παρὰ
1653 4251 1764 4312 τοῖς
1794 4251 1934 4304 ἀντί-

359 4329 552 4399 χθοσι;
586 4330 691 4382 Καὶ
721 4330 848 4398 ὃλην
875 4332 970 4401 τὴν
1001 4333 1325 4405 οἰκουμένην
1361 4336 1517 4406 ήμῶν
1565 4339 1930 4412 πεπληρώκα-

2058 1872 2113 1916 et
2155 1861 2437 1916 brachium
2485 1859 2600 1924 Dei,
2638 1867 2692 1914 et
2725 1873 2936 1922 manus,
2987 1867 3042 1912 et
3075 1858 3259 1926 pedes,
3296 1869 3352 1910 et
3394 1858 3625 1927 digitos;

2057 1954 2239 2008 statim
2280 1953 2515 2007 inferunt
2553 1954 2667 2007 haec
2727 1951 2860 2005 nihil
2893 1949 3038 2003 aliud
3075 1951 3271 2004 docere
3297 1965 3459 2018 quam
3514 1949 3628 2005 for-

2059 2060 2198 2098 mam
2221 2043 2337 2098 Dei.
2357 2043 2640 2109 Quomodo
2658 2057 2812 2106 vero,
2832 2042 3006 2105 aiunt,
3027 2041 3173 2095 visus
3189 2050 3272 2094 est
3296 2041 3435 2096 Deus
3459 2041 3626 2096 Abra-

2059 2138 2160 2202 lue,
2213 2136 2344 2193 Mosi
2375 2145 2430 2191 et
2457 2137 2678 2202 sanctis,
2713 2136 2940 2190 formam
2966 2148 3071 2187 non
3103 2133 3348 2188 habens?
3393 2135 3533 2202 quod
3575 2133 3622 2188 si

2053 2227 2280 2283 formam
2313 2226 2538 2294 habens,
2556 2226 2770 2296 qualem
2805 2225 3062 2288 formam,
3089 2224 3132 2278 si
3163 2239 3267 2277 non
3300 2224 3622 2278 humanam?

2052 2330 2106 2375 et
2128 2330 2452 2376 coacervant
2497 2321 2646 2376 mille
2676 2321 2820 2385 loca,
2845 2322 3044 2390 quibus
3067 2321 3306 2375 membra
3327 2319 3621 2388 Deiappet-

2051 2412 2252 2466 lantur.
2290 2413 2564 2466 Adversus
2610 2426 2746 2478 quos
2775 2413 3090 2466 certandum
3139 2421 3226 2465 est
3277 2415 3508 2480 primum
3552 2425 3621 2465 et:

2050 2500 2288 2558 dictione
2318 2501 2638 2572 Scriptum.
2667 2502 2735 2556 Et
2776 2518 2842 2558 et
2869 2505 3100 2558 adverso
3145 2505 3466 2572 Opponimus
3512 2504 3620 2570 bis,

2050 2598 2139 2667 qui
2173 2607 2369 2664 printer
2397 2595 2638 2650 litteram
2687 2596 2827 2649 nihil
2874 2605 3098 2658 norunt,
3132 2596 3427 2664 Scriptura:
3456 2597 3618 2652 verba

2047 2701 2236 2742 eorum
2287 2687 2524 2756 opinioni
2572 2688 2870 2750 contraria,
2930 2701 2997 2740 ex
3045 2685 3303 2742 Zacharia
3360 2688 3614 2742 dicente:

2050 2779 2258 2850 Septem
2288 2778 2428 2833 oculi
2453 2778 2666 2831 Domini
2691 2779 2978 2848 respiciunt
3009 2795 3163 2847 super
3188 2779 3479 2833 uniuersum
3509 2789 3618 2834 ter-

2047 2888 2162 2926 ram
2187 2871 2254 2926 ⁸⁵.
2299 2870 2452 2938 Quod
2503 2871 2548 2925 si
2592 2871 2733 2926 Deus
2785 2880 2992 2940 septem
3048 2871 3237 2926 oculos
3297 2872 3479 2938 habet,
3515 2888 3616 2928 nos

2045 2972 2223 3018 autem
2263 2963 2400 3017 duos
2437 2972 2666 3028 tantum,
2699 2977 2804 3016 nou
2853 2961 2920 3015 ad
2965 2961 3261 3033 imaginem
3289 2965 3407 3033 ejus
3448 2967 3615 3019 creati

2047 3072 2252 3112 sumus.
2280 3055 2386 3110 Sed
2415 3070 2592 3126 neque
2625 3069 2722 3110 nos
2751 3054 2961 3124 praediti
2996 3071 3181 3112 sumus
3209 3056 3333 3120 alis,
3367 3073 3490 3112 cum
3533 3067 3616 3112 ta-

2045 3164 2163 3203 men
2207 3148 2272 3204 de
2324 3149 2433 3203 Deo
2475 3149 2690 3203 dicatur
2737 3150 2789 3203 in
2824 3150 3175 3220 nonagesimo
3213 3151 3450 3218 psalmo:
3500 3147 3611 3202 Sub

2041 3241 2219 3302 pennis
2279 3238 2394 3307 ejus
2449 3239 2682 3307 sperabis
2754 3239 2820 3294 ⁸⁸.
2875 3238 3028 3306 Quod
3093 3241 3140 3296 si
3194 3239 3338 3295 Deus
3406 3253 3612 3308 pennas

2042 3332 2224 3396 habet,
2285 3348 2381 3387 nos
2436 3342 2613 3387 autem
2669 3347 2854 3388 sumus
2913 3333 3167 3389 animalia
3225 3335 3446 3389 minime
3478 3351 3613 3405 pen-

2042 3433 2166 3477 nata
2203 3463 2219 3487 ,
2277 3439 2382 3476 non
2455 3421 2631 3478 factus
2662 3433 2744 3480 est
2795 3425 2958 3480 homo
3002 3424 3070 3479 ad
3137 3425 3424 3494 imaginem
3490 3426 3608 3481 Dei.

2039 3513 2109 3567 At
2171 3515 2445 3583 quomodo
2513 3514 2754 3579 caelum,
2819 3529 2941 3569 cum
3012 3515 3086 3570 sit
3149 3513 3474 3584 sphaericum
3553 3524 3612 3572 et

2039 3622 2253 3677 semper
2307 3607 2552 3661 volvatur
2589 3646 2606 3671 ,
2675 3608 2900 3662 thronus
2961 3605 3056 3661 Dei
3122 3621 3246 3662 esse
3297 3616 3506 3676 potest,
3548 3617 3610 3662 ut

2041 3700 2139 3769 ipsi
2196 3697 2550 3754 existimant?
2600 3697 2710 3753 lmo
2753 3698 2916 3752 etiam
2965 3708 3108 3753 terra
3155 3699 3424 3768 quomodo
3482 3712 3609 3753 sca-

2037 3791 2235 3846 bellum
2292 3789 2489 3860 pedum
2541 3788 2690 3857 ejus?
2721 3789 3105 3859 Responde-ant
3139 3790 3318 3844 nobis.
3355 3787 3605 3858 Nunquid

2038 3881 2182 3937 enim
2221 3896 2416 3950 corpus
2443 3880 2575 3936 illud
2610 3882 2752 3950 quod
2776 3895 2806 3934 a
2841 3879 3067 3950 gen-ibus
3091 3895 3260 3949 usque
3300 3879 3367 3934 ad
3396 3879 3607 3948 plantas

2037 3974 2396 4044 protenditur,
2425 3973 2922 4042 comprehendente
2941 3972 3042 4026 hoc
3067 3974 3240 4041 spatio
3261 3958 3402 4041 quod
3435 3973 3605 4028 inter-

2037 4065 2182 4119 cedit
2207 4065 2348 4118 inter
2363 4061 2562 4118 coelum
2597 4069 2653 4116 et
2679 4070 2902 4126 terram,
2933 4077 3054 4115 cum
3081 4070 3224 4117 terra
3259 4062 3397 4118 sitin
3424 4063 3602 4118 medio

2035 4157 2200 4210 tutius
2222 4156 2428 4221 mundi,
2465 4163 2521 4208 et
2547 4153 2890 4210 contineatur
2914 4156 2981 4208 ab
3017 4155 3152 4225 ipso,
3181 4166 3239 4209 ut
3261 4155 3601 4211 demonstra-

2037 4249 2269 4303 tionibus
2317 4249 2612 4303 linearibus
2649 4255 2884 4310 constat,
2929 4248 3067 4314 apud
3102 4262 3200 4302 nos
3233 4258 3359 4303 sunt
3399 4249 3600 4318 plantae

2037 4343 2154 4406 Dei,
2181 4359 2247 4396 an
2273 4342 2412 4412 apud
2433 4339 2848 4396 anticlttltonas?
2876 4340 2942 4393 Et
2970 4355 3036 4393 an
3063 4341 3369 4396 universam
3397 4350 3597 4396 terram

360 4439 466 4483 σιν,
499 4423 530 4491 ἢ
566 4423 658 4475 καὶ
702 4422 864 4475 πλέον
899 4440 951 4474 τι
1000 4425 1473 4496 ἐπιλαμϐάνουσιν,
1521 4431 1554 4500 ἦ
1597 4431 1811 4486 ἔλαττόν
1841 4450 1927 4498 τι;

2044 4445 2275 4490 nostram
2327 4433 2554 4502 replent,
2595 4443 2686 4486 aut
2721 4434 2887 4487 etiam
2934 4432 3055 4500 plus
3111 4435 3598 4500 comprehendunt,

359 4515 712 4584 Διεστήκασιν
749 4516 799 4566 οἱ
847 4514 1005 4578 πόδες
1049 4516 1214 4570 αὐτοῦ
1262 4518 1348 4572 διὰ
1391 4522 1489 4584 τὰς
1523 4521 1792 4588 θαλάσσας
1835 4527 1928 4579 καὶ

2044 4526 2315 4582 minusve?
2351 4525 2632 4579 Distantne
2659 4524 2822 4593 pedes
2842 4525 2961 4593 ejus
2979 4535 3202 4592 propter
3224 4527 3392 4579 maria
3415 4535 3468 4580 et
3496 4525 3598 4579 ilu-

357 4606 482 4665 τοὺς
517 4607 811 4671 ποταμοὺς,
847 4605 879 4673 ἢ
909 4606 1001 4658 καὶ
1030 4611 1141 4670 τοῖς
1175 4607 1360 4663 ὕδασιν
1401 4613 1771 4681 ὲπιὸαίνουσις
1805 4618 1928 4680 Πῶς

2044 4619 2200 4682 mina,
2238 4626 2330 4671 aut
2359 4617 2522 4672 etiam
2559 4617 2612 4670 in
2675 4618 2830 4685 aquis
2875 4618 3163 4671 insistunt?
3191 4618 3284 4672 sed
3324 4620 3597 4688 quomodo

355 4695 409 4747 δὲ
450 4690 512 4748 οὗ
551 4697 580 4747 6
631 4695 944 4766 τηλικοῦτος
986 4698 1212 4769 οὐρανὸς
1258 4701 1463 4771 θρόνος,
1496 4707 1590 4758 καὶ
1633 4708 1760 4779 ήγῆ
1794 4709 1926 4762 ὑπο-

2044 4711 2102 4776 is,
2127 4708 2281 4778 cujus
2310 4719 2518 4764 tantum
2541 4708 2736 4764 caelum
2765 4711 2993 4767 thronus
3023 4721 3132 4779 est,
3151 4727 3213 4766 ac
3237 4720 3381 4767 terra
3401 4712 3593 4781 pedum

422 4811 467 4840 "
502 4810 633 4863 Gen.
666 4827 702 4865 ι.
747 4811 839 4867 22.
911 4814 957 4845 ⁶⁰
983 4813 1176 4885 ϐείω,
1201 4819 1291 4875 26.
1367 4823 1558 4882 “Psal.
1581 4841 1633 4889 ε,
1661 4827 1712 4880 6.
1790 4828 1833 4859 ⁶²
1860 4827 1945 4883 Ps:

355 4896 427 4945 tv,
455 4882 540 4934 10.
617 4881 663 4912 ⁸⁸
695 4883 838 4936 Psal.
880 4899 964 4948 xc,
988 4885 1040 4939 4.

2044 4844 2220 4893 tum,
2246 4827 2332 4883 l6.
2388 4827 2434 4860 “
2454 4827 2593 4884 Gen.
2618 4841 2736 4892 vm,
2759 4827 2847 4883 21.
2922 4827 2968 4860 ⁵⁵
2993 4827 3093 4885 lsa.
3128 4845 3166 4896 ι,
3189 4829 3280 4884 20.
3357 4829 3400 4861 "
3426 4829 3603 4892 Zach.

423 4969 535 5040 (9.9)
569 4972 1236 5050 _£nj.tat'A-rst,Aetc._Esstal
1275 4983 1380 5035 hoc
1425 4982 1668 5037 scholion
1718 4984 1769 5037 in
1824 4985 1918 5040 iis-

355 5041 476 5121 dem
504 5042 1155 5121 schedis.Combelisianis
1175 5053 1504 5121 cxscriptum
1529 5068 1559 5108 e
1582 5053 1785 5110 Catena
1812 5072 1914 5114 ms.

357 5111 758 5176 Monspeliensi.

425 5178 538 5250 (30)
567 5181 1066 5260 Προδιοληπτέον,
1101 5196 1207 5260 etc.
1260 5189 1524 5260 [ntegrum
1579 5195 1746 5248 hocce
1807 5192 1916 5248 fra-

355 5263 631 5330 gmentum
669 5253 906 5330 habetur
943 5261 1082 5326 apud
1118 5253 1515 5314 TlteodorEIIIIn
1549 5273 1738 5330 quitast.
1765 5262 1834 5316 20
1861 5265 1912 5318 in

355 5321 578 5400 (ξεηεεη
610 5329 666 5376 et
691 5321 909 5395 Origeni
936 5321 1098 5383 etiam
1132 5330 1374 5384 tribuunt
1407 5321 1617 5386 schedia
1645 5333 1914 5387 Combeﬁ-

355 5407 538 5446 stana'.

420 5460 532 5585 (512
557 5463 847 5544 Μελίτων.
884 5476 990 5522 etc.
1026 5465 1159 5521 Hinc
1199 5476 1349 5522 certo
1375 5468 1583 5526 discere
1627 5479 1709 5526 est
1748 5474 1915 5543 quod-

425 5547 475 5583 m
531 5544 668 5585 uerti
705 5547 1078 5585 arnumenlum
1121 5543 1300 5585 oneris
1340 5539 1427 5585 alii
1480 5540 1659 5585 Malim
1702 5543 1912 5585 ιίιιιιιηη

355 5545 475 5603 nam
508 5536 668 5585 fuerit
705 5547 1078 5598 argumentum
1121 5543 1300 5603 operis
1340 5539 1427 5593 cui
1478 5540 1659 5596 Melito
1702 5536 1912 5598 titulum

355 5598 556 5681 iecerat
581 5605 720 5681 I__1_epi
751 5607 1110 5681 ergwjtdtou
1139 5598 1305 5674 Θεοῦ,
1333 5609 1612 5681 ut_legitur
1636 5615 1775 5681 apud
1812 5615 1916 5668 Eu—

356 5671 558 5724 sebium
593 5672 684 5750 lib,
721 5671 956 5750 mullis}.
1003 5677 1153 5742 eccl.,
1177 5671 1308 5750 cap.
1344 5678 1435 5744 26,
1470 5671 1524 5734 Et
1556 5671 1692 5750 apud
1722 5681 1912 5738 Hiero—

2024 4994 2206 5040 tonem
2263 4987 2469 5061 diserte
2513 4998 2765 5061 accenset
2808 4990 2873 5045 iis
2911 4992 3000 5060 qui
3052 4992 3220 5046 Deum
3265 5007 3589 5061 corporeum

2024 5072 2144 5111 esse
2179 5058 2511 5129 statuebant,
2537 5059 2736 5129 quique
2776 5058 3062 5129 imaginem
3108 5063 3201 5117 Dei
3253 5065 3307 5115 in
3355 5058 3602 5119 hominis.

2023 5142 2252 5202 corpore
2295 5128 2614 5202 impressam
2649 5128 2776 5202 esse
2816 5128 3176 5187 aﬂirmabant.
3223 5134 3316 5186 Ait
3371 5135 3596 5202 insuper

2021 5195 2212 5273 ipsum.
2232 5195 2650 5273 commentarios
2686 5201 2968 5273 reliquisse
3010 5203 3150 5271 Περὶ
3180 5195 3598 5273 τοῦίένσώιὶα.

2021 5263 2126 5342 ζον
2153 5263 2304 5342 εἶναι
2334 5269 2442 5320 τὸν
2470 5270 2664 5342 βεόνη
2685 5263 2978 5342 Huc-adde
3017 5263 3159 5342 quod
3194 5283 3247 5327 et
3275 5263 3600 5331 Gennadius

2022 5337 2322 5413 De_d_og_m.
2371 5338 2609 5413 ποίη-ρ..-
2637 5339 2694 5402 ιι,
2741 5337 3048 5413 Meﬁtoneui
3096 5359 3414 5413 corporeum
3454 5348 3588 5413 quid

2021 5407 2076 5482 in
2105 5407 2367 5482 Trittitate
2391 5409 2703 5482 _cred_it_lisse
2744 5413 2927 5482 tradit.
2974 5407 3264 5482 Perpcram
3312 5429 3442 5482 ergo
3471 5407 3588 5469 Va-

2021 5475 2192 5554 lesius
2218 5480 2358 5554 ap_ud
2389 5475 2677 5554 Eusebium
2705 5481 2931 5554 titulum_
2944 5475 3123 5549 operis
3152 5485 3291 5552 Περὶ
3321 5475 3588 5554 around-

2021 5561 2126 5600 του
2155 5545 2323 5610 Θεοῦ,
2349 5549 2529 5614 vertit,
2562 5547 2775 5603 Librum
2810 5553 2873 5604 de
2902 5545 3279 5607 [incarnatione
3307 5554 3421 5608 Dei.
3448 5545 3582 5608 Fer-

2021 5632 2203 5686 peram
2251 5617 2377 5686 item
2425 5615 2973 5686 Christophorsonus,
3013 5621 3086 5676 De
3131 5624 3238 5677 Deo
3279 5627 3576 5680 incantato.

2018 5685 2251 5760 Propius
2288 5685 2355 5760 ad
2382 5702 2506 5760 rem
2538 5685 2769 5760 accessit
2794 5690 3064 5760 Ruﬁnus,
3105 5691 3182 5745 De
3212 5693 3320 5746 Deo
3365 5711 3593 5760 corpore

355 5755 568 5808 nytuum
616 5741 730 5799 Vir.
757 5745 977 5812 illum,
1007 5763 1124 5815 cap.
1163 5741 1269 5801 “24:
1287 5741 1446 5805 Certe
1471 5741 1730 5824 Origenes
1759 5754 1909 5811 Meli—
2014 5741 2428 5812 induta—Vide
2460 5741 2689 5829 hujusce
2711 5741 3063 5814 COllectionis
3079 5741 3577 5818 (viziiui'riii;
3669 5754 3678 5775 ³
