4000 6146
466 266 541 324 95
1942 254 2286 323 ΟΒῙΟΕΝΕΞ

3656 259 3741 315 96

468 382 794 447 ecabellum,
833 381 1107 437 invenitur
1143 381 1491 439 dcamhulare
1538 385 1591 439 in
1629 387 1742 441 solo
1763 389 2016 456 paradiso

2144 387 2323 441 πόδιον
2355 384 2463 439 τῶν
2496 382 2691 445 ποδῶν.
2719 385 2778 436 ἐν
2806 382 2951 454 μόνῳ
2971 380 3049 453 τῷ
3072 378 3382 452 παραδείσῳ
3408 377 3736 450 εὑρίσκεται

470 486 563 529 aut
589 485 812 545 apparet
843 474 972 529 Mosi
1003 477 1057 527 in
1089 475 1292 530 vertice
1345 481 1546 532 montis
1580 477 1753 533 Sina?
1804 481 1868 535 Et
1906 498 2042 552 quo-

471 568 630 620 modo
658 567 873 635 ille,qui
916 566 1043 621 talia
1080 569 1146 623 de
1187 566 1298 624 Deo
1322 568 1738 637 existimaverit,
1766 587 1869 627 non
1909 575 2042 627 stul-

467 669 560 716 tus
587 659 834 715 dicetur?

469 773 582 844 26
609 770 811 829 Deinde
830 782 944 849 post
975 772 1160 849 multa,
1180 775 1563 849 _qt_ue_disserit
1617 776 1687 831 ad
1727 781 2039 837 eversionem

822 845 1081 914 ejusmodi
1106 845 1386 912 opinionis,
1420 848 1653 909 subiicit.

539 934 643 1003 Qui
676 950 806 992 vero
837 944 1045 991 asseret
1079 935 1231 1000 illud,
1262 938 1331 990 ad
1358 938 1662 1008 imaginem,
1693 956 1798 995 non
1833 941 1886 996 in
1918 956 2039 997 cor-

464 1042 596 1098 pore
614 1027 946 1093 consistere,
970 1027 1063 1082 sed
1088 1027 1142 1081 in
1165 1029 1345 1084 anima
1390 1030 1663 1095 rationali,
1695 1031 1889 1101 dogma
1926 1047 2039 1089 sta-

464 1128 580 1172 tuet
605 1134 710 1175 non
739 1121 1216 1188 contemnendum,
1236 1120 1698 1191 comprehendens
1726 1140 1847 1193 quae
1863 1124 2035 1182 facul-

462 1221 603 1266 tates
633 1212 743 1266 sint
790 1211 979 1280 ipsius.
1010 1212 1143 1267 Nam
1175 1228 1296 1282 quia:
1344 1213 1399 1266 in
1437 1213 1655 1270 homine
1694 1226 1770 1271 est
1809 1216 2035 1273 facultas

459 1304 851 1373 cognoscendi,
867 1305 1169 1374 indicandi,
1191 1306 1331 1361 bene
1355 1308 1621 1371 nierendi,
1653 1307 1887 1364 fariendi
1915 1326 2035 1380 qua:

454 1393 605 1463 justa
644 1403 790 1460 sunt,
844 1395 1196 1462 fortitudinis,
1227 1406 1301 1462 et,
1332 1407 1391 1451 ut
1425 1398 1589 1452 semel
1620 1399 1819 1466 dicam,
1857 1404 2033 1458 omnis

460 1486 584 1539 boni
622 1486 889 1553 etl'ectrix,
926 1502 955 1541 a
992 1486 1101 1541 Deo
1132 1488 1231 1557 ipsi
1271 1497 1454 1543 creata
1502 1498 1587 1544 est
1614 1492 1680 1546 ad
1722 1493 2031 1562 imaginem.

457 1576 615 1641 Quod
647 1585 828 1630 autem
859 1592 963 1630 mm
1000 1577 1174 1631 forma
1202 1581 1475 1647 corporis,
1521 1583 1615 1636 sed
1643 1581 1888 1639 actiones
1940 1600 2031 1639 re-

2147 474 2483 550 περιπατῶν,
2517 475 2550 546 ἢ
2582 476 2641 528 ἐν
2686 478 2752 546 τῇ
2798 477 3008 547 κορυφῇ
3047 473 3142 528 τοῦ
3187 475 3317 529 Σινᾶ
3353 474 3601 544 φαίνεται
3642 469 3736 541 τῷ

2143 572 2350 641 Μωσῇς
2380 569 2488 621 Καὶ
2522 567 2640 631 πῶς
2687 566 2863 621 ταῦτά
2908 584 2992 631 τις
3038 569 3168 640 περὶ
3212 566 3347 621 Θεοῦ
3399 556 3731 632 δοξὰζῶνώ

2147 658 2329 730 μωρὸς
2358 657 2680 729 λεχθήσεται
2701 673 2716 722 ;

2134 765 2281 822 Εἶτα
2307 769 2504 824 πολλὰ
2530 770 2681 838 πρὸς
2706 768 3052 837 ἀνατροπὴν
3089 769 3273 823 εἰπὼν
3301 768 3411 839 τῆς
3443 770 3729 837 τοιαύτης

2703 840 2891 906 δόξης
2924 839 3147 909 ἐπάγει.
3532 866 3535 869 ·

2224 931 2281 983 Ὀ
2310 931 2368 984 δὲ
2403 930 2626 1000 φάσκων
2658 930 2719 984 τὸ
2759 930 2885 984 κατ’
2927 932 3132 985 εἰκόνα
3158 930 3267 1003 (52)
3297 931 3372 1003 μὴ
3410 932 3468 985 ἐν
3506 930 3723 1000 σώματι

2139 1018 2299 1088 εἶναι,
2330 1025 2389 1076 ἐν
2409 1024 2465 1077 δὲ
2487 1027 2552 1096 τῇ
2584 1023 2774 1095 λογικῇ
2800 1023 2967 1093 ψυχῇ,
3001 1024 3338 1094 παραστήσει
3362 1023 3463 1076 οὐκ
3483 1023 3727 1076 εὐκατα-

2138 1118 2402 1190 φρόνητον
2445 1116 2639 1188 δόγμα,
2692 1113 3011 1170 καταλαϐὼν
3066 1115 3208 1179 τίνες
3264 1113 3520 1186 δυνάμεις
3577 1113 3724 1167 εἰσὶν

2136 1209 2327 1279 αὐτῆς.
2368 1210 2431 1264 Ἡ
2457 1209 2566 1281 γὰρ
2603 1207 2899 1281 γνωστικὴ,
2916 1206 3145 1278 δύναμις
3170 1210 3203 1278 ἡ
3233 1210 3290 1261 ἐν
3316 1205 3395 1278 τῷ
3419 1207 3719 1279 ἀνθρώπῳ,

2137 1302 2354 1372 κριτική
2390 1318 2450 1353 τε
2505 1301 2598 1354 καὶ
2650 1298 2987 1371 εὐποιητικὴ,
3039 1300 3493 1371 δικαιοπρακτική
3526 1317 3587 1353 τε
3620 1299 3721 1353 καὶ

2135 1393 2417 1464 ἐρρωμένη
2454 1393 2586 1463 (55),
2628 1394 2723 1447 καὶ
2762 1390 3099 1458 ἁπαξαπλῶς
3143 1391 3343 1455 παντὸς
3386 1391 3552 1445 καλοῦ
3596 1394 3721 1445 ἐπι-

2133 1486 2435 1556 τελεστικὴ,
2465 1487 2587 1539 κατ’
2613 1485 2796 1538 εἰκόνα
2827 1484 2931 1538 ὑπὸ
2953 1484 3045 1538 τοῦ
3070 1483 3203 1538 Θεοῦ
3232 1484 3520 1553 γεγόνασιν
3541 1481 3715 1554 αὐτῷ.

2136 1577 2254 1631 ’Ότι
2294 1577 2350 1629 δὲ
2390 1577 2451 1630 τὸ
2496 1579 2616 1630 κατ’
2647 1576 2830 1630 εἰκόνα
2863 1577 2919 1629 αἱ
2958 1575 3180 1648 πράξεις
3224 1576 3712 1647 χαρακτηρίζουσι,

458 1675 784 1734 praesentem
819 1668 975 1722 notus
1022 1667 1312 1738 imaginem
1348 1668 1463 1733 Dei,
1510 1682 1697 1741 aperte
1744 1675 2018 1743 Apostolus

2132 1668 2227 1721 xui
2270 1668 2393 1738 οὐχὶ
2426 1670 2459 1740 ἡ
2496 1667 2589 1721 τοῦ
2638 1668 2887 1739 σώματος
2920 1667 3120 1740 μορφὴ,
3157 1666 3344 1735 σαφῶς
3387 1669 3416 1721 6
3456 1667 3716 1720 Ἀπόστο-

458 1757 510 1809 in
530 1757 770 1824 Epistola
802 1758 867 1811 ad
893 1757 1211 1813 Corinthios
1232 1759 1396 1814 dicit:
1419 1740 1874 1826 Quemadmodum
1907 1784 2018 1836 por.

2130 1760 2220 1824 λος
2249 1761 2304 1812 ἐν
2335 1762 2400 1831 τῇ
2443 1760 2580 1830 πρὸς
2622 1760 2939 1841 Κορινθίους
2985 1760 3150 1832 φησί·
3180 1760 3385 1827 Καθὼς
3422 1759 3715 1830 ἐφορέστι-

458 1857 682 1909 tovimus
736 1857 1020 1922 imaginem
1065 1861 1277 1924 terreni,
1305 1862 1379 1914 ita
1394 1869 1660 1931 portemus
1685 1861 2029 1931 etimoginem

455 1947 672 2000 caelatis
688 1947 754 2000 ⁸⁷.
778 1946 842 2002 Et
868 1949 1159 2016 imaginem
1190 1959 1464 2005 terrenam
1483 1960 1686 2020 portat,
1712 1951 1803 2021 qui
1833 1966 2030 2007 secun-

454 2036 579 2089 dum
612 2051 828 2092 carnem
866 2040 1020 2102 vivit,
1045 2047 1098 2095 et
1137 2042 1350 2110 perficit
1375 2057 1540 2111 opera
1585 2043 1809 2098 carnis:
1840 2042 2031 2112 imagi-

453 2140 577 2181 nem
605 2143 736 2184 vero
770 2130 1033 2193 cmlestis,
1062 2132 1153 2199 qui
1205 2132 1397 2199 spiritu
1437 2143 1595 2188 actus
1622 2135 1805 2190 carnis
1835 2135 2024 2190 morti-

452 2218 601 2274 ticat.
630 2220 695 2275 Et
724 2220 776 2274 in
805 2221 912 2275 alia
942 2223 1169 2291 epistola
1199 2223 1324 2278 vitae
1339 2233 1603 2294 praecepta
1623 2226 1860 2291 tradens,
1887 2226 2027 2281 inter

450 2312 557 2366 alia
591 2312 870 2382 praecipit:
908 2311 974 2367 Ut
1001 2315 1118 2369 sitis
1164 2316 1450 2369 secundum
1488 2317 1767 2385 imaginem
1792 2317 1909 2386 ejus
1938 2321 2026 2390 qui

449 2406 643 2458 creavit
674 2404 742 2459 ⁸⁸.
765 2404 904 2461 Dens
925 2404 1253 2476 longanimis
1273 2415 1395 2460 est:
1418 2407 1489 2461 ita
1522 2407 1683 2462 homo
1701 2408 2026 2478 longanintis

449 2496 613 2551 habet
664 2495 717 2549 id
761 2496 904 2565 quod
935 2506 1018 2549 est
1100 2495 1167 2550 ad
1226 2495 1516 2567 imaginem
1580 2498 1697 2553 Dei.
1743 2496 1929 2555 Justus
1968 2509 2027 2556 et

446 2596 671 2642 Sanctus
691 2597 777 2642 est
806 2587 1090 2651 Dominus,
1114 2586 1312 2640 misera
1324 2596 1410 2642 tor
1430 2599 1485 2643 et
1505 2588 1838 2644 misericors.
1856 2589 2025 2661 Igitur

447 2677 538 2743 ψιί
568 2685 717 2731 amat
738 2675 1005 2743 justitiam
1054 2686 1108 2731 et
1146 2678 1517 2743 sanctitatem,
1542 2687 1596 2731 et
1625 2681 1834 2750 peragit
1859 2690 2023 2751 atque

446 2768 701 2821 observat
747 2778 1075 2837 praeceptum
1113 2769 1253 2823 istud
1300 2767 1602 2825 Salvatoris
1632 2787 1649 2825 :
1681 2771 1866 2827 Estote
1916 2777 2020 2828 mi-

442 2861 756 2924 sericordes,
796 2863 1233 2930 quemadmodum
1293 2859 1451 2916 l’uter
1501 2874 1670 2917 vester
1719 2868 2019 2922 misericors

450 2962 525 3005 est
560 2953 637 3015 ";
663 2963 718 3006 et
752 2970 767 3007 :
802 2952 981 3007 Estote
1007 2955 1248 3022 perfecti,
1272 2955 1405 3007 sicut
1429 2952 1589 3010 Pater
1613 2970 1781 3014 vester
1799 2963 2019 3019 cmlestis

443 3043 705 3113 perfectus
724 3045 884 3113 est",
916 3046 974 3099 lit
1001 3047 1181 3119 imago
1218 3049 1307 3103 Dei
1340 3065 1436 3119 per
1456 3051 1661 3107 omnia.

515 3218 582 3273 Et
612 3221 960 3277 dominamini
992 3224 1224 3293 piscibus
1257 3225 1443 3292 maris,
1466 3237 1515 3283 et
1538 3227 1839 3285 volatilibus
1872 3234 2009 3297 caeli.

436 3324 487 3367 et
514 3316 752 3371 omnibus
794 3319 1085 3386 pecoribus,
1121 3329 1173 3373 et
1213 3322 1470 3377 uniuersa:
1506 3331 1682 3389 terras,
1735 3335 1786 3381 et
1812 3332 2011 3385 cunctis

439 3407 711 3476 reptilibus
729 3425 847 3478 qun:
875 3421 1079 3480 reptant
1109 3428 1266 3481 super
1284 3424 1480 3469 terram
1497 3415 1563 3469 ".
1601 3417 2010 3476 Observandum

436 3507 526 3552 est
581 3502 913 3555 recensenda
968 3504 1329 3558 animantium
1381 3509 1685 3575 creatione,
1736 3510 1840 3566 alia
1889 3528 2010 3570 esse

434 3599 575 3655 cete,
607 3601 773 3662 atque
799 3592 905 3647 alia
943 3594 1153 3659 reptilia
1198 3596 1536 3664 animarum;
1582 3601 1707 3656 item
1738 3608 2030 3673 quomodo'

434 3677 524 3734 hic
547 3680 763 3734 dicatur
786 3682 948 3738 homo
979 3694 1299 3752 potestatem
1329 3688 1529 3744 habere
1559 3692 1785 3760 piscium
1806 3696 2003 3762 maris;

431 3782 784 3838 suppressum
815 3783 998 3830 autem
1020 3776 1093 3830 sit
1114 3788 1360 3832 cetorum
1396 3795 1565 3847 genus
1591 3796 1656 3836 ac
1687 3785 2001 3842 bestiarum.

433 3856 551 3912 Non
590 3862 733 3916 enim
769 3867 1067 3932 putandum
1101 3877 1307 3925 temere
1351 3886 1458 3924 non
1490 3886 1611 3928 esse
1653 3874 1767 3929 huic
1797 3879 1999 3946 addita,

434 3967 554 4005 cum
579 3954 738 4009 facile
765 3958 1034 4013 conscribi
1062 3970 1242 4029 posset
1260 3979 1275 4017 :
1292 3961 1358 4015 Et
1374 3963 1723 4020 dominentur
1745 3970 1998 4038 piscium,

431 4060 495 4097 ac
521 4055 766 4101 ceterum
794 4050 981 4112 maris,
1008 4058 1059 4104 et
1090 4052 1386 4107 bestiarum
1414 4064 1593 4124 terrae,
1623 4067 1680 4114 et
1700 4059 1999 4116 volatilium

428 4136 575 4202 εαξη,
602 4149 765 4208 atque
787 4155 1067 4209 pecorum.
1090 4146 1166 4198 Ac
1188 4147 1586 4217 rogo,animum
1620 4152 1847 4209 adverte
1870 4170 1997 4209 num

429 4228 555 4283 imle
580 4231 923 4299 conﬁciatur,
953 4234 1096 4303 quod
1127 4236 1243 4291 haec
1263 4237 1483 4296 silentio
1505 4257 1692 4312 pressa
1724 4245 1854 4312 sint,
1887 4262 1995 4301 non

426 4320 593 4375 fuisse
635 4325 1110 4380 cuncta-animalia
1158 4329 1210 4382 in
1244 4329 1479 4388 hominis
1509 4336 1737 4403 gratiam
1783 4349 1990 4401 creata.

2125 1870 2240 1923 μεν
2289 1853 2404 1921 τὴν
2440 1853 2647 1907 εἰκόνα
2691 1852 2798 1907 τοῦ
2844 1852 3077 1923 χοϊκοῦ,
3121 1854 3309 1919 οὕτως
3364 1852 3717 1922 φορέσωμεν

2130 1946 2229 1999 καί
2260 1946 2375 2013 τὴν
2417 1946 2624 1999 εἰκόνα
2659 1945 2766 2000 τοῦ
2796 1945 3176 2014 ἐπουρανίου.
3220 1946 3417 1999 Εἰκόνα
3454 1945 3554 2017 μὲν
3602 1944 3711 2016 γάρ

2129 2037 2283 2107 φορεῖ
2313 2034 2501 2107 χοῖκὴν
2528 2038 2557 2089 6
2589 2035 2734 2090 κατά
2760 2037 2937 2108 σάρκα
2970 2036 3099 2103 ζῶν,
3131 2037 3225 2090 καὶ
3260 2036 3427 2091 ποιῶν
3455 2038 3527 2091 τὰ
3571 2037 3711 2107 ἔργα

2127 2126 2225 2198 τῆς
2254 2126 2487 2197 σαρκόςο
2514 2126 2697 2180 εἰκόνα
2725 2126 2782 2180 δὲ
2808 2126 2901 2180 τοῦ
2933 2126 3254 2199 ἐπουρανίου
3283 2128 3312 2179 6
3336 2125 3413 2196 τῷ
3436 2126 3711 2197 πνεύματι

2125 2218 2225 2283 τὰς
2258 2218 2485 2290 πράξεις
2513 2219 2611 2291 τῆς
2645 2218 2846 2290 σαρκὸς
2881 2218 3144 2273 θανατῶν.
3189 2219 3300 2273 Καὶ
3344 2221 3401 2271 ἐν
3441 2220 3608 2291 ἐτέρα
3651 2218 3711 2271 δὲ

2125 2313 2380 2383 ἐπιστολῇ
2409 2313 2674 2366 διδάσκων
2708 2313 2783 2376 ὡς
2808 2313 2889 2365 δεῖ
2919 2312 3088 2384 βιοῦν,
3122 2312 3372 2384 ἐπιφέρει
3400 2316 3520 2377 ταῖς
3557 2314 3710 2367 ἐντο-

2125 2400 2244 2465 λαῖς
2269 2402 2354 2468 τὸ,
2378 2403 2510 2458 Ἵνα
2532 2402 2790 2472 γένησθε
2825 2403 2950 2455 κατ’
2982 2404 3188 2456 εἰκόνα
3225 2401 3332 2455 τοῦ
3360 2404 3705 2470 κτίσαντος.

2124 2496 2326 2568 Κύριος
2379 2496 2748 2568 μακρόθυμος,
2786 2496 2883 2549 καὶ
2934 2498 2963 2549 6
3018 2495 3368 2567 μακρόθυμος
3418 2497 3709 2569 ἄνθρωπος

2124 2588 2235 2660 ἔχει
2262 2589 2325 2642 τὸ
2351 2589 2470 2642 κατ’
2493 2587 2677 2641 εἰκόνα
2696 2586 2850 2640 Θεοῦ.
2895 2586 3110 2649 Δίκαιος
3136 2586 3229 2640 καὶ
3253 2588 3395 2649 ὅσιος
3418 2590 3447 2640 6
3477 2587 3705 2659 Κύριος,

2122 2682 2217 2735 καὶ
2243 2680 2542 2753 οἰκτίρμων
2578 2681 2672 2733 καὶ
2706 2679 2953 2749 ἐλεήμων
2976 2679 3005 2730 6
3036 2677 3256 2750 Κύριος.
3285 2677 3491 2731 Οὐκοῦν
3520 2682 3549 2733 6
3573 2682 3706 2749 ἀγα-

2122 2775 2240 2828 πῶν
2264 2773 2612 2845 δικαιοσύνην
2639 2772 2734 2826 καὶ
2757 2772 3029 2841 ὁσιότητα,
3062 2771 3157 2824 καὶ
3186 2771 3438 2843 πράττων
3483 2771 3580 2825 καὶ
3610 2789 3704 2843 τη-

2122 2867 2231 2941 ρῶν
2268 2867 2366 2939 τὴν
2391 2866 2609 2938 ἐντολὴν
2635 2864 2730 2919 τοῦ
2768 2864 3021 2936 Σωτῆρος
3049 2862 3172 2933 τὴν,
3199 2863 3451 2918 Γίνεσθε
3480 2864 3698 2933 aimb-

2115 2977 2320 3030 μονες,
2351 2960 2432 3026 ὡς
2457 2960 2555 3013 καὶ
2580 2962 2615 3013 ό
2641 2956 2844 3024 Πατὴρ
2870 2954 3038 3025 ὑμῶν
3065 2955 3378 3023 οἰκτίρμων
3398 2954 3551 3019 ἐστὶ,
3581 2956 3696 3021 καὶ,

2044 3082 2089 3143 C
2121 3054 2375 3108 Γίνεσθε
2406 3052 2641 3116 τέλειοι,
2691 3051 2773 3116 ὡς
2818 3052 2852 3103 ό
2895 3047 3099 3116 Πατὴρ
3344 3049 3378 3101 ό
3417 3047 3696 3143 οὐράνιος

2118 3144 2347 3211 τέλειός
2368 3145 2559 3208 ἐστιν,
2590 3140 2753 3196 εἰκὼν
2782 3140 2992 3210 γίνεται
3033 3138 3175 3193 κατὰ
3214 3138 3392 3191 πάντα
3414 3137 3507 3192 τοῦ
3534 3138 3690 3197 Θεοῦ.

2186 3236 2297 3288 Καὶ
2331 3234 2547 3304 ἄρχετε
2566 3232 2684 3286 τῶν
2706 3232 2926 3301 ἰχθύων
2952 3228 3060 3297 τῆς
3087 3228 3423 3297 θαλάσσης,
3454 3230 3553 3284 καί
3576 3231 3693 3286 τῶν

2114 3323 2400 3378 πετεινῶν
2414 3323 2521 3377 τοῦ
2535 3320 2814 3391 οὐρανοῦ,
2834 3321 2931 3376 καί
2943 3320 3183 3374 πάντων
3194 3318 3313 3374 τῶν
3321 3320 3579 3390 κτηνῶν,
3595 3321 3689 3376 καὶ

2111 3416 2313 3483 πάσης
2324 3433 2354 3469 τ
2362 3413 2433 3484 ἧς
2446 3413 2523 3486 γῆ
2527 3436 2579 3481 ς,
2594 3414 2690 3468 καί
2704 3412 2944 3466 πάντων
2956 3410 3071 3464 τῶν
3082 3409 3342 3478 ἑρπετῶν
3354 3410 3471 3466 τῶν
3485 3412 3691 3479 ἑρπόνδ

2110 3527 2228 3565 των
2242 3510 2341 3565 ἐπὶ
2360 3508 2471 3577 τῆς
2485 3508 2616 3579 γῆς.
2638 3508 2717 3578 Τη
2724 3506 2915 3579 ρητέον
2927 3505 3037 3577 (54)
3050 3505 3126 3570 δὲ,
3139 3505 3219 3558 ὅτι
3242 3506 3299 3558 ἐν
3314 3503 3391 3576 τῷ
3407 3504 3687 3576 καταλόγῳ

2108 3601 2207 3670 τῆς
2229 3600 2338 3652 τῶν
2363 3598 2517 3663 ξώων
2544 3597 2920 3669 δημιουργίας,
2952 3595 3088 3650 ἄλλα
3123 3596 3190 3650 τὰ
3234 3597 3393 3668 κήτη,
3434 3597 3527 3649 καὶ
3554 3597 3687 3651 ἄλλα

2108 3700 2312 3771 ἑρπετὰ
2348 3697 2565 3770 ψυχῶν·
2601 3698 2695 3751 καὶ
2730 3697 2807 3760 ὡς
2842 3694 3032 3767 ἄρχειν
3065 3691 3161 3746 νῦν
3201 3691 3308 3746 τῶν
3351 3692 3548 3763 ἰχθύων
3586 3694 3686 3765 τῆς

2107 3791 2385 3862 θαλάσσης
2407 3791 2436 3843 ό
2461 3789 2745 3861 ἄνθρωπος
2768 3787 3006 3856 λέγεται,
3033 3782 3369 3853 σεσιώπηται
3394 3784 3451 3837 δὲ
3475 3784 3538 3838 τὸ
3573 3784 3685 3840 τῶν

2105 3882 2283 3954 κητῶν
2304 3882 2459 3950 γένος
2482 3882 2577 3934 κα)⁸
2602 3879 2662 3932 τὸ
2685 3878 2793 3932 τῶν
2813 3876 3037 3948 θηρίων.
3062 3874 3137 3928 Οὐ
3160 3873 3268 3946 γὰρ
3299 3875 3473 3947 μάτην
3496 3876 3579 3929 δεῖ
3597 3894 3685 3930 νο-

2106 3974 2281 4046 μιζειν
2312 3972 2386 4045 μὴ
2410 3971 2791 4045 προστίθεσθαι
2820 3969 2913 4024 καὶ
2940 3965 3132 4029 ταῦτα,
3163 3965 3457 4038 δυναμένου
3479 3970 3681 4038 ἀναγε-

2100 4066 2368 4139 γράφθαι·
2404 4063 2515 4122 Καὶ
2540 4065 2857 4136 ἀρχέτωσαν
2896 4063 3007 4118 τῶν
3053 4063 3272 4134 ἰχθύων,
3296 4063 3391 4117 καὶ
3434 4060 3543 4116 τῶν
3582 4080 3682 4134 κη-

2098 4157 2208 4212 τῶν
2238 4159 2337 4228 τῆς
2394 4155 2688 4227 θαλάσσης,
2737 4155 2830 4208 καὶ
2869 4153 2975 4207 τῶν
3014 4154 3218 4225 θηρίων
3264 4153 3364 4224 τῆς
3409 4153 3532 4223 γῆς,
3584 4154 3679 4206 καὶ

2098 4248 2206 4303 τῶν
2252 4247 2514 4303 πετεινῶν
2566 4247 2659 4300 τοῦ
2702 4245 2952 4317 ούρανοῦ,
3000 4247 3094 4300 καὶ
3135 4246 3243 4299 τῶν
3287 4246 3521 4316 κτηνῶν.
3566 4246 3676 4298 Καὶ

2097 4342 2419 4411 ἐπίστησον,
2485 4341 2533 4393 εἰ
2590 4338 2811 4392 δυνατὸν
2862 4338 2950 4391 διὰ
3003 4337 3065 4391 τὸ
3123 4337 3538 4408 σεσιωπῆσθαι,
3596 4338 3671 4408 μὴ

422 4416 519 4468 sed
575 4415 689 4470 haec
738 4431 967 4486 quorum
1001 4419 1268 4474 dominari
1302 4420 1528 4491 dicitur,
1577 4441 1770 4497 nempe
1820 4428 1993 4498 pisces

2121 4435 2275 4489 πάντα
2321 4433 2389 4487 τὰ
2442 4432 2557 4496 ζῶα
2592 4431 2680 4485 διὰ
2715 4430 2807 4484 τὸν
2850 4430 3135 4501 ἄνθρωπον
3188 4431 3487 4501 γεγονέναι,
3537 4430 3673 4483 ἀλλὰ

424 4506 612 4570 maris,
649 4506 897 4563 volucres
923 4510 1071 4573 caeli,
1128 4527 1192 4567 ac
1220 4521 1380 4568 terras
1412 4530 1632 4584 pecora,
1675 4518 1815 4575 forte
1861 4537 1991 4577 vero

2121 4527 2267 4582 αὕτα
2294 4567 2310 4593 ,
2338 4520 2414 4581 ὧν
2436 4527 2624 4596 ἄρχειν
2647 4524 2880 4594 λέγεται,
2909 4524 3097 4596 ἰχθύας
3123 4524 3416 4595 θαλάσσης,
3446 4523 3539 4577 καὶ
3575 4540 3673 4576 πε-

419 4608 476 4652 et
506 4608 664 4655 terra:
695 4601 905 4671 reptilia
933 4605 1003 4658 ob
1027 4603 1266 4658 remedia
1297 4620 1508 4662 summe
1541 4614 1848 4668 necessaria
1870 4629 1993 4685 qua:

2121 4619 2243 4672 emi
2276 4618 2528 4691 οὐρανοῦ,
2558 4618 2651 4671 καὶ
2689 4618 2861 4688 κτήνη
2904 4616 3005 4686 τῆς
3045 4616 3169 4686 γῆς,
3202 4616 3341 4686 τάχα
3374 4614 3433 4668 δὲ
3479 4615 3572 4668 κα)⁵
3601 4617 3672 4668 τά

417 4709 483 4747 ex
520 4694 625 4749 illis
656 4695 708 4749 in
733 4697 1031 4754 humanum
1065 4716 1219 4756 usum
1251 4706 1617 4772 proveniunt;
1678 4723 1783 4763 non
1813 4718 1989 4764 tamen

2125 4711 2300 4784 ρπετὰ
2325 4712 2423 4782 τῆς
2447 4711 2570 4783 γῆς,
2599 4709 2687 4763 διὰ
2719 4708 2818 4773 τὰς
2851 4710 3281 4777 ἀναγκαιοτάτας
3302 4707 3410 4761 τῶν
3449 4708 3669 4778 φαρμά-

417 4784 653 4840 hominis
675 4803 837 4843 causa
862 4800 1018 4846 cetos
1039 4808 1260 4860 magnos
1282 4812 1346 4852 ac
1368 4810 1527 4854 terra:
1556 4799 1759 4854 bestias
1777 4812 1990 4857 creatas

2093 4794 2204 4857 κων
2244 4802 2431 4873 χρείας
2479 4804 2573 4858 ἀπ’
2619 4800 2799 4856 αὐτῶν
2849 4800 3211 4871 τελουμένας·
3244 4801 3305 4853 οὐ
3352 4801 3533 4872 μέντοι
3580 4800 3671 4854 διὰ

413 4887 552 4929 esse.
590 4874 723 4932 Nam
762 4880 960 4951 alioqui
992 4882 1041 4937 in
1073 4896 1342 4954 potestate
1394 4888 1596 4942 homini
1639 4891 1765 4943 data
1796 4905 1984 4945 eorum

2124 4893 2182 4947 ὸν
2211 4893 2494 4965 ἄνθρωπον
2538 4898 2710 4951 ταῦτα
2759 4893 2997 4963 ἐγεγόνει
3044 4892 3113 4946 τὰ
3162 4893 3300 4964 κήτη
3344 4892 3413 4946 τὰ
3456 4893 3667 4965 μεγάλα

411 4979 564 5023 esset
613 4975 976 5028 nmncnclatio
1009 4978 1217 5036 addita.
1271 4982 1388 5036 Non
1440 4984 1746 5038 invenimus
1804 4995 1982 5041 autem

2121 4987 2182 5040 εαὶ
2218 4986 2288 5040 τὰ
2317 4985 2482 5057 θηρία
2517 4987 2616 5057 τῆς
2646 4986 2769 5056 γῆς.
2797 4980 2871 5057 Ἶςι
2914 4986 3023 5056 γὰρ
3057 4984 3123 5038 ἂν
3155 4985 3455 5058 προσετέθη
3484 4990 3549 5058 τῇ
3580 4987 3667 5040 δε-

412 5063 464 5115 in
518 5062 800 5131 Scriptura
847 5080 1160 5137 serpentum
1202 5087 1371 5140 genus
1408 5075 1514 5145 27
1540 5077 1821 5145 reptilibus
1853 5092 1986 5131 con-

2087 5079 2284 5151 δομένῃ
2311 5080 2529 5152 ἐξουσίᾳ
2553 5079 2660 5134 τῶν
2699 5079 3001 5151 ἀνθρώπων
3039 5082 3132 5133 καὶ
3162 5082 3195 5152 ἡ
3234 5080 3436 5135 τούτων
3465 5082 3666 5153 ὀνομα-

408 5156 708 5218 numerari,
743 5157 836 5211 sed
888 5159 1098 5217 bestiis.
1155 5163 1381 5234 Serpens
1436 5169 1599 5233 enim,
1639 5169 1835 5238 inquit,
1868 5181 1983 5224 erat

2126 5171 2195 5224 ἰα.
2241 5172 2352 5241 Οὐχ
2399 5171 2721 5243 εὑρίσκομεν
2742 5170 2797 5224 δὲ
2829 5173 2885 5224 ἐν
2928 5175 2996 5245 τῇ
3037 5172 3227 5244 Γραφῇ
3254 5174 3314 5225 τὸ
3343 5174 3452 5227 τῶν
3484 5172 3663 5243 ὄφεων

402 5244 844 5310 prudentissimus
877 5252 1107 5304 amnium
1126 5253 1405 5310 bestiarum
1423 5258 1487 5312 ⁷³.
1515 5257 1813 5313 lnActibus
1842 5274 1980 5329 quo-

2124 5260 2241 5325 ένος
2287 5264 2345 5316 ἐν
2391 5265 2640 5335 ἑρπετοῖς
2679 5264 3027 5334 τεταγμένον,
3072 5266 3186 5320 ἀλλ’
3232 5267 3291 5319 ἐν
3342 5267 3569 5339 θηρίοις,
3603 5269 3660 5322 ’0

478 5382 520 5412 ⁸⁷
557 5381 721 5440 lCor.
761 5403 852 5454 xv,
882 5388 970 5446 49.
1048 5391 1093 5423 ⁸⁸⁸
1120 5390 1324 5449 Coloss.
1355 5410 1438 5458 ιιι.
1466 5394 1557 5451 10.
1638 5398 1683 5430 ⁸⁸
1709 5400 1841 5456 Luc.
1862 5414 1937 5466 γι,
1967 5400 2057 5455 56.

2153 5405 2196 5435 ⁷ο
2233 5404 2423 5461 Matth.
2460 5423 2513 5471 ν,
2543 5407 2634 5462 48.
2726 5407 2769 5440 ⁷¹
2806 5407 2943 5464 Gen.
2966 5423 3008 5474 ι,
3039 5409 3131 5464 28.
3241 5410 3286 5442 ⁷⁸
3317 5411 3454 5468 Gen.
3475 5427 3564 5479 ut,
3595 5415 3653 5471 2.

469 5521 591 5615 1(32‘2)
611 5523 838 5615 lexqt'
861 5527 1084 5615 εἰκόνα,
1101 5538 1204 5584 etc.
1255 5527 1544 5615 Imaginem
1569 5533 1656 5615 Dei
1677 5534 1730 5587 in
1760 5551 1863 5615 qua
1884 5536 1981 5591 llo-

2121 5542 2359 5615 ρωμένη,
2393 5546 2535 5614 quod
2570 5561 2674 5600 non
2709 5547 2921 5601 videtur
2950 5549 3339 5604 necessarium.

406 5593 568 5675 minis
588 5605 741 5675 parte
764 5598 1090 5675 impressam
1108 5615 1231 5675 esse
1243 5593 1478 5675 sensErit
1495 5593 1979 5675 Origenes,'dispu-

407 5671 488 5725 tat
502 5661 1196 5743 llJtetittsvriQeniangrum
1220 5671 1314 5743 lib.
1340 5688 1398 5737 ll,
1424 5661 1622 5743 quaest?
1644 5661 1967 5740 12.nttn119.

475 5732 591 5802 (55)
632 5732 973 5812 Ἐρῤωμένη.
1030 5740 1360 5804 Contubettsio
1386 5732 1689 5820 legendum
1719 5732 1728 5740 ’
1759 5732 1970 5809 videtur

2155 5614 2266 5690 (54)
2303 5614 2598 5690 Τηρητέον
2616 5615 2705 5684 δέ,
2729 5628 2835 5674 etc.
2863 5617 3128 5679 Esltibent
3162 5621 3261 5674 hoc
3290 5618 3659 5690 fragmentum

2082 5687 2295 5741 schedia
2326 5686 2573 5747 Cotubef.
