4000 6146
279 180 347 234 91
1699 189 1763 245 IN
1804 191 2126 251 GENESIM.
3469 215 3535 271 98

270 303 375 374 γὰρ
420 302 584 372 ὄφις,
634 300 819 376 φησὶν,
865 303 945 378 ἦν
982 307 1419 378 φρονιμώτατος
1454 311 1695 365 πάντων
1740 312 1828 366 τῶι

1958 332 2084 384 que,
2132 317 2317 386 vipera
2367 332 2488 386 quae
2543 318 2766 375 Paulum
2826 328 3213 396 momorderat,
3273 348 3337 387 ex
3393 335 3537 392 illius

269 396 503 462 θηρίων.
538 397 652 450 Καὶ
674 398 730 451 ὲν
766 401 890 463 ταῖς
927 398 1195 471 Πράξεσιν
1237 402 1419 472 ἔχιδνα
1468 402 1707 457 δακοῦσα
1761 405 1828 458 τὸ·

1957 410 2226 478 pendebat
2256 425 2442 476 manu,
2482 412 2895 486 subjuugilque:
2929 417 2998 472 Ut
3032 421 3271 479 viderunt
3316 428 3534 483 barbari

270 486 499 551 Παῦλον,
525 490 805 560 ἐκρέματο
840 493 982 546 κατὰ
1014 494 1114 565 τῆς
1155 496 1335 567 χειρὸς
1373 495 1567 549 αὐτοῦ·
1611 496 1703 550 καὶ
1735 500 1854 551 ἐπι-

267 579 444 651 φέρει’
502 580 756 648 Ἰδόντες
792 583 861 637 δὲ
902 584 1196 654 ,ϐάρϐαροι
1245 586 1616 656 κρεμάμενον
1645 587 1712 641 τὸ
1752 591 1852 655 θη-

253 671 405 742 ρίον.
448 673 542 725 Ἐν
570 673 633 726 δὲ
665 674 740 746 τῷ
774 677 1046 749 Λευῖτικῷ
1077 679 1176 750 ὅρα
1224 681 1316 733 ἐπὶ
1345 680 1504 734 τίνων
1550 680 1744 734 τάσσει
1789 681 1850 734 τὸ

257 763 498 834 ἑρπετὸν,
527 764 612 829 ὡς
633 767 882 837 οὐδαμῶς
915 771 1008 823 ἐπὶ
1031 771 1139 824 τῶν
1170 769 1265 823 νῦν
1298 773 1355 824 ὲν
1382 774 1447 842 τῇ
1476 771 1730 844 συνηθείᾳ
1756 792 1849 828 κα-

254 855 336 909 λου
344 856 544 927 μένων.
571 858 768 913 Ταῦτα
788 860 919 932 γὰρ,
945 862 1101 934 φησὶ,
1119 863 1381 933 god-r3003
1411 864 1529 918 ἀπὸ
1548 864 1668 917 τῶν
1686 866 1848 933 ἑρπε-

251 948 362 1001 τῶν
377 947 499 1002 τῶν
512 950 830 1017 πετεινῶν,
844 952 884 1007 d
897 956 1248 1023 πορεύονται
1263 956 1362 1010 ἐπὶ
1379 955 1498 1010 τῶν
1512 957 1843 1025 τεσσάρων,

249 1039 283 1092 ἆ
310 1040 431 1108 ἔχει
470 1041 677 1109 σκέλη
707 1043 1005 1114 ἀνώτερον
1033 1047 1153 1101 τῶν
1182 1048 1384 1103 ποδῶν
1405 1051 1616 1115 αὐτοῦ,
1646 1050 1847 1119 πηδᾷν

248 1132 310 1184 ἐν
328 1132 538 1199 αὐτοῖς
557 1135 661 1188 ἐπὶ
684 1135 795 1203 τῆς
815 1137 930 1207 γῆς
946 1156 961 1170 ·
985 1140 1083 1193 καὶ
1112 1142 1300 1195 ταῦτα
1326 1145 1587 1213 φάγεσθε
1609 1144 1710 1198 ἀπ’
1741 1147 1845 1198 αὐ-

244 1226 373 1290 τῶν,
406 1227 519 1281 τὸν
548 1229 835 1299 ,ϐροῦχον
879 1233 978 1286 καὶ
1023 1233 1098 1287 τὰ
1142 1233 1314 1303 ὅμοια
1360 1235 1542 1301 αὐτῷ,
1589 1236 1689 1289 καὶ
1729 1236 1845 1305 τὴν

243 1318 451 1385 ἀκρίδα
505 1321 611 1373 καὶ
666 1322 744 1377 τὰ
792 1322 965 1392 ὅμοια
1001 1325 1176 1393 αὐτῇ,
1210 1326 1307 1381 καὶ
1351 1326 1617 1395 ἀττάκην
1646 1328 1744 1382 καὶ
1771 1329 1843 1382 τὰ

245 1410 407 1480 ὅμοια
444 1412 639 1478 αὐτῷ,
696 1415 794 1468 καὶ
855 1415 965 1469 τὸν
1016 1417 1355 1487 ὀμιομάχην
1403 1419 1500 1472 καὶ
1552 1420 1625 1472 τὰ
1671 1418 1842 1489 ὅμοια

244 1505 424 1571 αὐτῷ·
471 1507 577 1560 καὶ
629 1506 757 1562 πᾶν
788 1509 1039 1576 ἑρπετὸν
1087 1511 1207 1565 ἀπὸ
1256 1511 1375 1565 τῶν
1424 1512 1712 1566 πετεινῶν
1749 1509 1841 1579 οἷς

242 1599 355 1651 εισι
402 1598 713 1668 τέσσαρες
765 1600 968 1667 πόδες,
993 1601 1312 1673 βδέλυγμα
1358 1604 1501 1674 ὑμῖν
1531 1605 1693 1669 ἐστι,
1739 1605 1836 1658 καὶ

1953 502 2259 589 pendentem
2286 501 2501 555 bestiam
2528 504 2594 558 ⁷³.
2635 504 2687 558 In
2718 506 2960 563 Levitico
2982 522 3159 568 autem
3190 518 3310 572 vide
3335 521 3386 574 in
3409 522 3529 589 qni--

1954 588 2055 645 bus
2083 591 2274 658 reptile
2303 595 2620 656 constituat,
2681 607 2846 664 utque
2880 599 2935 653 in
2973 603 3120 657 nullo
3175 620 3362 662 eorum
3406 588 3531 680 qua:

1953 682 2112 735 modo
2143 697 2274 738 usus
2314 687 2620 739 communis
2653 688 2833 742 habet.
2877 692 2967 747 Ait
2994 696 3170 751 enim:
3208 698 3334 754 Ηαέ
3359 720 3532 758 come-

1950 772 2085 824 detis
2106 771 2170 825 de
2202 775 2476 838 reptilibus
2526 777 2822 834 ualatilium
2873 800 2989 854 qua:
3024 789 3346 855 gradiuntur
3372 811 3530 860 super

1948 878 2198 934 quatuor;
2236 884 2352 935 quat
2402 868 2589 923 habent
2637 888 2794 926 crura
2845 878 3086 947 longiora
3127 893 3266 937 retro
3305 888 3524 951 pedibus

1947 955 2080 1018 suis,
2109 973 2200 1024 per
2227 973 2343 1026 qua:
2366 960 2558 1013 satiant
2592 978 2750 1030 super
2792 975 3009 1033 terram;
3042 982 3087 1022 et
3113 971 3225 1026 htec
3247 978 3525 1033 comedetis

1947 1049 2011 1102 de
2039 1050 2145 1103 eis:
2187 1050 2463 1114 bruchum,
2491 1062 2540 1105 et
2571 1070 2687 1120 qua:
2713 1067 2836 1110 sunt
2867 1059 2915 1113 ei
2960 1062 3178 1129 similia;
3200 1076 3249 1118 et
3266 1066 3522 1123 locustam

1945 1150 1992 1192 et
2024 1157 2143 1210 qua:
2174 1152 2296 1195 sunt
2320 1144 2365 1196 ei
2426 1145 2637 1210 similia;
2703 1158 2752 1201 et
2783 1159 3038 1217 attucum,
3090 1164 3139 1208 et
3182 1173 3299 1225 quae
3328 1170 3454 1213 sunt
3471 1166 3520 1214 ei

1943 1233 2164 1296 similia;
2211 1245 2257 1286 et
2304 1235 2728 1306 ophiomachum,
2759 1251 2811 1293 et
2852 1258 2969 1311 qua:
2999 1254 3122 1298 sunt
3146 1249 3193 1300 ei
3231 1249 3448 1316 similia;
3470 1263 3519 1305 et

1945 1340 2095 1378 omne
2118 1325 2300 1391 reptile
2321 1328 2385 1380 de
2412 1326 2728 1395 volatilibus,
2748 1332 2933 1401 quibus
2962 1348 3081 1389 sunt
3097 1349 3322 1405 quatuor
3340 1345 3516 1410 pedes,

1943 1417 2264 1471 abominatio
2282 1430 2356 1473 est
2374 1421 2538 1488 vobis,
2562 1434 2609 1476 et
2626 1425 2933 1491 polluemini
2958 1429 3012 1479 in
3042 1432 3115 1483 eis
3128 1431 3195 1485 ⁷⁸.
3213 1432 3327 1486 Non
3358 1437 3519 1504 igitur

1944 1512 2105 1563 homo
2151 1512 2514 1581 principatum
2557 1516 2718 1571 habet
2762 1529 3005 1573 cetorum
3060 1540 3396 1593 magnorum,
3459 1542 3517 1587 et

1942 1603 2260 1668 bestiarum,
2309 1620 2430 1673 quae
2459 1621 2557 1660 nec
2599 1609 2712 1677 ipsa
2767 1607 2910 1666 lorte
2936 1627 2962 1664 a
2997 1615 3263 1685 principio
3318 1620 3368 1672 in
3398 1621 3514 1690 ejus

243 1690 312 1742 ἐν
338 1691 571 1757 τούτοις
588 1691 1031 1761 μιανθήσεσθε.
1061 1695 1176 1748 Οὐκ
1201 1671 1364 1767 νᾶρχει
1388 1671 1589 1751 τοίνυν
1630 1697 1828 1769 ἄνθρωε

1945 1695 2174 1763 gratiam
2208 1707 2387 1749 creata
2421 1708 2567 1752 sunt.
2602 1700 2980 1758 Couseutauee
3019 1707 3102 1759 bis
3128 1671 3249 1774 quae
3279 1671 3515 1770 homiitis

245 1798 340 1845 πος
366 1781 485 1835 οὔτε
522 1783 640 1837 τῶν
676 1785 860 1857 κητῶν
885 1786 992 1839 τῶν
1024 1786 1272 1857 μεγάλων
1296 1788 1422 1842 οὔτε
1464 1790 1575 1843 τῶν
1608 1788 1828 1860 θηρίων,

1935 1784 2185 1845 potestati
2212 1782 2514 1851 mancipata
2540 1784 2627 1838 btc
2651 1787 2983 1851 scribuntur,
3010 1792 3207 1847 dicitur
3227 1795 3278 1848 in
3304 1801 3514 1866 psalnm

248 1873 377 1944 τάχα
400 1874 497 1945 τὴν
525 1876 719 1947 ἀρχὴν
746 1877 871 1931 οὔτε
920 1879 986 1932 δι’
1031 1880 1195 1934 αὐτὸν
1236 1882 1639 1952 γεγενημένων.
1674 1883 1747 1934 Τὸ
1779 1882 1828 1935 δὲ

1935 1874 2158 1922 octavo:
2183 1869 2373 1924 Omnia
2415 1872 2682 1942 subjecisti
2716 1878 2808 1930 sub
2851 1881 3064 1946 pedibus
3105 1885 3218 1952 ejus
3259 1904 3422 1942 :oves
3461 1903 3510 1944 et

242 1966 413 2034 ὅμοιον
443 1971 561 2031 τοῖς
595 1969 790 2023 ἐνθάδε
824 1971 1332 2044 ἀναγεγραμμένοις
1382 1973 1488 2026 ὑπὸ
1533 1974 1632 2045 τὴν
1679 1972 1828 2038 ἐξου-

1935 1958 2077 2013 boves
2105 1964 2394 2029 universas,
2414 1966 2627 2037 insuper
2641 1979 2689 2022 et
2709 1987 2896 2038 pecora
2921 1978 3129 2046 campi;
3146 1979 3374 2035 volucres
3393 1984 3509 2037 caeli

245 2057 355 2110 σίαν
386 2060 480 2112 τοῦ
512 2060 817 2135 ἀνθρώπου
850 2066 909 2117 ἐν
938 2065 1014 2136 τῷ
1047 2072 1095 2138 η’
1121 2065 1320 2137 ψαλμῷ
1356 2065 1599 2135 λέγεται·
1630 2066 1828 2120 Πάντα

1935 2059 1977 2104 et
2014 2054 2177 2121 pisces
2216 2059 2414 2123 maris,
2446 2062 2535 2129 qui
2578 2064 2943 2129 perambulant
2988 2071 3202 2125 semitas
3241 2075 3406 2130 maris
3433 2077 3502 2131 ⁷⁵.

242 2149 535 2219 ὑπέταξας
582 2157 871 2210 ὑποκάτω
914 2158 1114 2212 ποδῶν
1169 2158 1376 2222 αὐτοῦ,
1424 2161 1687 2226 πρόϐατα
1733 2159 1828 2213 καὶ

1935 2141 2061 2197 Nam
2090 2146 2177 2200 ille
2206 2164 2422 2218 quoque.
2451 2152 2518 2203 de
2550 2154 2685 2207 cetis
2712 2171 2775 2210 ac
2806 2158 2993 2215 bcstiis
3021 2161 3228 2219 siletur.

241 2240 382 2306 βίας
408 2243 691 2311 ἀπάσης,
724 2247 811 2299 ἔτι
852 2247 921 2299 δὲ
969 2248 1067 2301 και
1095 2248 1169 2302 τὰ
1200 2247 1391 2316 κτήνη
1434 2247 1541 2302 τοῦ
1584 2246 1824 2301 πεδίου·
1866 2243 1940 2297 τὰ
1988 2237 2228 2292 πετεινὰ
2260 2238 2367 2292 τοῦ
2420 2240 2678 2307 οὐρανοῦ
2709 2242 2806 2296 καὶ
2838 2243 2981 2310 τοὺς
3020 2248 3231 2325 ἰχθύας
3257 2248 3369 2317 τῆς
3406 2254 3511 2305 θα-

241 2333 471 2403 λάσσης
493 2377 510 2401 ,
557 2338 643 2391 τὰ
693 2340 1158 2412 διαπορευόμενα
1207 2344 1445 2412 τρίϐους
1484 2341 1830 2399 θαλασσῶν.
1871 2333 2159 2391 Κάνταῦθα
2208 2334 2316 2404 γὰρ
2372 2333 2440 2387 τὰ
2482 2336 2621 2406 κήτη
2676 2335 2769 2386 καὶ
2819 2336 2888 2388 τὰ
2937 2337 3101 2408 θηρία
3152 2338 3509 2411 σεσιώπηται.

306 2433 408 2486 Καὶ
438 2435 864 2490 συνετέλεσεν
890 2441 923 2491 ὁ
956 2439 1099 2504 Θεὸς
1134 2439 1204 2492 ἐν
1232 2437 1309 2507 τῇ
1338 2439 1528 2508 ἡμέρᾳ
1570 2436 1647 2505 τῇ
1686 2437 1826 2504 ἕκτῃ

241 2524 306 2578 τὰ
330 2525 470 2594 ἔργα
501 2525 709 2580 αὐτοῦ
743 2525 780 2580 d
810 2528 1266 2601 ἐποίησεν.¹Ήδη
1311 2531 1456 2594 τινὲς
1482 2530 1591 2600 (55)
1629 2528 1829 2582 ἄτοπον

244 2617 722 2688 ὑπολαμϐάνοντες
747 2619 839 2672 τὸν
886 2619 1017 2673 Θεὸν
1054 2620 1208 2691 δίκην
1248 2622 1528 2691 οἰκοδόμου
1567 2619 1642 2690 μὴ
1682 2620 1804 2691 διαρ

242 2706 493 2770 πιέσαντος
537 2708 720 2778 χωρὶς
758 2707 981 2780 ἡμερῶν
1018 2711 1276 2762 πλειόνων
1308 2710 1592 2782 πληρῶσαι
1622 2710 1721 2781 τὴν
1750 2712 1828 2762 ol-

244 2799 484 2868 κοδομὴν,
503 2801 563 2852 ὲν
595 2798 842 2853 πλείοσιν
870 2801 1105 2871 ἡμέραις
1129 2801 1470 2855 τετελεκέναι
1492 2803 1582 2855 τὸν
1602 2803 1827 2873 κόσμον,

244 2891 394 2956 φασὶν
434 2890 527 2956 ὑφ’
561 2889 626 2940 ἓν
670 2891 848 2943 πάντα
893 2891 1195 2959 γεγονέναι,
1238 2893 1331 2945 καὶ
1373 2892 1621 2946 ἐντεῦθεν
1672 2893 1829 2947 τοῦτο

2008 2426 2070 2481 Ει
2100 2431 2477 2483 consummavit
2505 2430 2642 2483 Deus
2682 2431 2736 2482 in
2764 2432 2849 2483 die
2870 2441 3014 2485 sexto
3049 2448 3206 2499 Opera
3255 2452 3351 2489 sua
3393 2454 3509 2505 qua:

1933 2523 2055 2591 fecit
2091 2523 2156 2574 ⁷⁸.
2186 2520 2365 2590 Aliqui
2395 2521 2503 2588 jam
2559 2521 2853 2574 absurdum
2907 2524 3285 2581 existimantes
3339 2528 3507 2580 Deum

1934 2614 2219 2670 architecti
2282 2628 2433 2667 more
2481 2628 2589 2668 non
2620 2614 2778 2668 aliter
2833 2631 2993 2683 quam
3036 2617 3270 2684 plurium
3300 2621 3506 2674 dierum

1936 2709 2128 2762 labore
2176 2706 2439 2760 fabricam
2488 2706 2720 2760 valentis
2768 2706 3074 2771 absolvere,
3132 2710 3271 2762 intra
3312 2712 3509 2766 multos

1936 2800 2051 2854 dies
2085 2799 2343 2852 mundum
2387 2799 2713 2867 perfecisse,
2751 2814 2860 2851 uno
2904 2810 3101 2853 cuncta
3138 2811 3410 2858 momento
3446 2822 3509 2852 an.

1935 2891 2097 2947 simul
2128 2891 2405 2946 exstitisse
2441 2891 2614 2956 aiunt,
2647 2901 2701 2945 et
2725 2892 2849 2944 hinc
2889 2892 3015 2945 illud
3049 2903 3330 2959 astruunt;
3359 2899 3479 2950 ordt

245 2982 774 3046 κατασκευάζουσιν·
804 2981 989 3035 ἕνεκεν
1008 2984 1065 3036 δὲ
1090 2983 1293 3049 τάξεως
1318 2983 1518 3038 οἴονται
1543 2986 1633 3038 τὸν
1657 2985 1826 3039 κατά-

1935 2986 2018 3038 ais
2050 2993 2230 3037 autem
2291 2996 2472 3049 causa,
2503 2992 2558 3035 et
2606 2991 2664 3034 ut
2710 2983 2884 3037 series
2915 2995 3147 3048 constet,
3201 2987 3410 3040 dierqu
3452 2998 3508 3041 et

242 3074 388 3143 λογον
413 3075 523 3127 τῶν
554 3074 787 3145 ἡμερῶν
814 3074 1061 3146 εἰρῆσθαι
1089 3076 1182 3129 καὶ
1220 3075 1327 3128 τῶν
1359 3078 1416 3129 ὲν
1439 3077 1625 3140 αὐταῖς
1665 3094 1820 3146 γενο-

247 3167 435 3235 μένων.
464 3167 722 3230 unave;
754 3167 799 3219 δ’
832 3166 898 3219 ἂν
929 3166 1063 3237 πρὸς
1100 3168 1257 3222 τοῦτο
1296 3168 1821 3240 κατασκευαζομένῳ

245 3259 534 3328 χρήσαιντο
565 3260 741 3331 ῥητῷ,
762 3258 866 3329 τῷ·
892 3260 1085 3326 Αὐτὸς
1108 3257 1257 3324 εἷπε,
1293 3260 1391 3313 καὶ
1409 3260 1786 3330 ἐγενήθησαν
1803 3279 1816 3291 ’

245 3348 422 3415 αὐτὸς
452 3350 816 3418 ἐνετείλατο,
847 3352 947 3407 καὶ
970 3352 1361 3419 ἐκτίσθησαν.

305 3441 459 3509 Αὕτη
490 3445 529 3511 ἡ
552 3444 778 3511 βίϐλος
823 3444 1110 3515 γενέσεως
1141 3443 1401 3512 οὐρανοῦ
1433 3443 1533 3498 καὶ
1564 3442 1700 3513 γῆς,
1728 3445 1827 3498 ὅτε

248 3531 471 3599 ἐγένετο
490 3550 504 3564 ο
530 3530 571 3606 ᾖ
600 3535 796 3604 ἡμέρᾳ
838 3536 936 3589 ὅτε
960 3535 1209 3603 ἐποίησε
1240 3537 1454 3604 Κύριος
1477 3539 1510 3589 ό
1544 3535 1689 3602 Θεὸς
1719 3535 1826 3589 τὸν

249 3625 497 3691 οὐρανὸν
528 3628 631 3681 καὶ
665 3627 781 3695 τὴν
801 3626 937 3696 γῆν.
967 3628 1061 3693 Τὸ,
1087 3628 1303 3694 βίϐλος
1326 3628 1455 3698 ('56),
1474 3630 1531 3680 ὲν
1569 3627 1649 3698 τῷ
1674 3629 1824 3699 τόπῳ

252 3716 412 3787 τούτῳ
438 3719 672 3772 καθόλου
720 3721 782 3773 οὐ
826 3723 1002 3773 κεῖται
1041 3723 1169 3791 παρ’
1205 3720 1503 3792 Ἑϐραίοις·
1547 3721 1661 3775 ἀλλ’
1708 3720 1825 3773 ἔστι

255 3807 416 3880 πλάνη
455 3809 712 3880 Ἐϐραίου
746 3811 1021 3880 γραφέως,
1047 3811 1410 3880 πλανηθέντος
1451 3814 1509 3865 ὲν
1551 3815 1617 3882 τῇ
1645 3811 1822 3884 πλάνῃ

255 3901 472 3966 ἐκείνου,
524 3905 584 3955 ἐν
627 3896 671 3970 ᾧ
716 3906 891 3955 κεῖται
926 3902 1075 3973 παρὰ
1120 3903 1216 3973 μὲν
1264 3903 1494 3974 Ἀκύλᾳ·
1522 3902 1699 3957 Τοῦτο
1722 3903 1823 3966 βι-

253 3991 410 4043 ϐλίον
437 3992 822 4061 γεννημάτων
864 3990 1035 4061 Ἀδάμ
1056 4010 1068 4020 ·
1107 3992 1258 4063 παρὰ
1289 3992 1345 4044 δὲ
1399 3996 1510 4054 τοῖς
1541 3994 1595 4044 0'
1614 4008 1628 4021 °
1660 3992 1822 4059 Αὕτη

257 4083 291 4147 ἡ
314 4083 521 4150 βίϐλος
553 4084 851 4154 γενέσεως
890 4082 1229 4151 ἀνθρώπων.
1278 4082 1442 4154 ᾨήθη
1489 4085 1597 4154 γὰρ
1638 4084 1735 4136 καὶ
1768 4086 1826 4136 ὲν

251 4172 411 4243 τούτῳ
444 4179 522 4248 τῷ
573 4176 726 4247 τόπῳ
750 4176 990 4240 βιϐλίον
1030 4173 1472 4245 παραλελεῖφθαι,
1515 4177 1609 4227 καὶ
1656 4173 1829 4239 οὕτως

255 4267 374 4320 αὐτὸ
398 4270 726 4339 προσέθηκε.
1844 4263 1888 4318 D

316 4359 420 4411 Kal
473 4359 810 4428 ἐφύτευσεν
849 4361 883 4411 ὀ
932 4356 1075 4423 Θεὸς
1120 4356 1489 4425 παράδεισον
1535 4357 1606 4410 ἐν
1654 4355 1823 4423 Ὲδὲμ

258 4447 392 4500 κατὰ
421 4449 741 4514 ἀνατολὰς,
772 4448 871 4502 καὶ
906 4447 1071 4500 ἔθετο
1090 4447 1220 4501 ἐκεῖ
1255 4447 1360 4500 τὸν
1389 4446 1720 4514 ἄνθρωπον,
1750 4445 1822 4499 ὃν

254 4537 491 4595 ἔπλασε.
530 4541 643 4593 Καὶ
683 4539 1056 4604 ἐξανέτειλεν
1090 4543 1124 4592 ό
1172 4539 1315 4605 Θεὸς
1346 4540 1433 4592 ἐτι
1465 4539 1536 4591 ἐκ
1575 4539 1686 4605 τῆς
1713 4537 1823 4609 γῆς

260 4630 369 4687 πᾶν
412 4633 604 4698 ξύλον
649 4633 864 4702 ὡραῖον
915 4636 998 4698 εις
1049 4633 1283 4702 ὅρασιν,
1332 4633 1429 4687 καὶ
1492 4633 1684 4687 καλὸν
1737 4635 1823 4698 εὶς

320 4775 493 4831 "Act.
529 4791 725 4837 xxvttt,
760 4776 814 4829 4.
904 4774 951 4805 ⁷⁸
978 4773 1152 4828 Levit.
1193 4774 1347 4839 διέξει
1378 4792 1531 4847 seqq.

260 4843 310 4900 4.
375 4848 419 4881 ⁷⁵
454 4849 612 4910 ibid.,
638 4850 671 4902 ὃ
694 4860 745 4900 et
773 4847 827 4901 9.

324 4960 426 5033 (ὃὸ)
467 4962 619 5033 Ἤδη,
645 4965 824 5028 τινές,
852 4972 956 5016 etc.
986 4961 1238 5031 Origenis
1267 4960 1519 5033 esseAhoc
1547 4960 1822 5033 fragmen-

266 5039 386 5097 tum,
407 5030 545 5101 quod
575 5032 624 5085 ei
654 5033 819 5086 etiam
859 5030 1107 5087 tribuunt
1138 5032 1352 5101 SClICtltB
1377 5030 1815 5101 Ουιιιὺθίὶδίιιιξιξ,

265 5098 471 5171 Suadeut
496 5118 559 5156 ea
586 5118 706 5168 quae
732 5104 845 5171 ipse
872 5103 1033 5156 habet
1064 5103 1156 5156 Iih.
1189 5117 1241 5154 tv
1273 5098 1349 5153 De
1379 5100 1693 5171 principiis:
1723 5100 1820 5171 Τίς

266 5169 382 5239 γοῦν
418 5171 538 5226 νοῦν
581 5172 720 5242 ἔχων
753 5169 1003 5240 ὀἰήσεται
1041 5170 1263 5242 πρώτην
1296 5172 1390 5224 καὶ
1423 5169 1818 5242 δευτέραννλκαὶ

267 5242 433 5315 τρίτην
465 5239 695 5315 ἡμέραν,
722 5239 957 5315 ἑσπέραν
985 5259 1042 5295 τε
1082 5239 1174 5315 καὶ
1207 5239 1631 5315 ’ἐτρωῖαν-χωρξις
1666 5239 1815 5315 ἡλίου

268 5311 554 5383 γεγονέναι,
576 5311 693 5366 ’καὶ
720 5311 945 5383 σελήνης
990 5315 1083 5365 καὶ
1115 5311 1349 5383 ἄστρων,
1397 5311 1494 5383 τὴν
1544 5311 1600 5364 δὲ
1652 5311 1813 5383 οἱονεὶ

269 5380 467 5455 πρῲτην
513 5384 605 5437 καὶ
634 5385 803 5455 χωρὶς
836 5380 1110 5455 ὀῦρανοῦς
1150 5380 1279 5448 Quis
1309 5380 1471 5455 igitur
1503 5398 1664 5455 sanus
1695 5382 1812 5434 exi-

269 5448 481 5505 stimabit
526 5448 754 5522 primum
784 5464 832 5506 et
886 5448 1168 5506 secundum
1200 5462 1247 5505 et
1293 5448 1502 5504 tertium
1548 5451 1718 5510 diem.
1762 5460 1812 5504 et

273 5535 508 5584 uesperam
543 5535 589 5577 et
620 5539 777 5576 mane
804 5526 912 5576 sine
951 5525 1082 5584 sole,
1107 5523 1259 5584 luna,
1302 5533 1350 5574 et
1386 5523 1566 5582 astris,
1606 5533 1652 5573 et
1696 5522 1811 5587 pri—

278 5605 393 5642 maut
421 5592 561 5646 illam
605 5595 720 5647 sine
751 5594 876 5646 ctelo
927 5594 1130 5660 fuisse?
1170 5593 1235 5646 Et
1286 5608 1406 5657 qua:
1456 5592 1618 5644 habet
1672 5592 1808 5645 libro

275 5670 409 5716 sexto
446 5673 621 5720 contra
657 5662 889 5731 Celsum,
923 5680 1071 5719 num.
1093 5662 1181 5719 60.
1217 5662 1350 5719 Vide
1401 5662 1601 5718 locum.
1636 5661 1810 5717 Caete-

1840 5745 1885 5754 Αν-

1931 3091 2108 3130 rerum
2144 3091 2265 3143 quae
2299 3076 2350 3127 in
2396 3075 2502 3128 illis
2553 3074 2712 3129 lactat
2769 3089 2915 3140 sunt,
2959 3093 3240 3131 numerum
3298 3078 3504 3134 dictum

1925 3176 2139 3236 putant.
2189 3166 2254 3220 Hi
2312 3166 2668 3236 probabiliter
2714 3169 3041 3221 sententiam
3097 3171 3379 3226 stabiliuut
3440 3190 3503 3227 ea

1926 3258 2246 3312 auctoritate
2275 3272 2379 3326 qua
2416 3257 2618 3310 dictum
2641 3265 2757 3311 est:
2786 3257 2905 3324 Ipse
2929 3257 3086 3321 dixit,
3111 3269 3160 3311 et
3188 3259 3332 3327 facta
3359 3271 3507 3327 sunt;

1926 3353 2035 3420 ipse
2074 3352 2366 3414 mandavit,
2395 3361 2441 3404 et
2469 3360 2647 3403 creata
2681 3361 2799 3404 sunt
2836 3352 2904 3405 ⁷⁷.

2002 3444 2106 3499 llic
2132 3457 2206 3499 est
2236 3445 2367 3498 liber
2398 3445 2750 3514 generationis
2792 3445 2906 3496 caeli
2936 3452 2983 3497 et
3020 3455 3194 3507 teme,
3218 3461 3335 3497 cum
3361 3446 3506 3511 facta

1928 3548 2045 3590 sunt
2067 3553 2085 3590 :
2109 3554 2213 3606 qua
2231 3537 2314 3589 die
2336 3536 2454 3605 fecit
2478 3534 2735 3589 Dominus
2762 3534 2898 3588 Deus
2926 3536 3108 3588 caelum
3140 3545 3188 3588 et
3214 3545 3406 3589 terram
3433 3536 3502 3592 ’⁸.

1929 3628 2052 3682 llaec
2086 3643 2209 3691 vox,
2238 3628 2392 3691 liber,
2419 3627 2525 3680 hoc
2553 3627 2675 3680 loco
2711 3643 2816 3679 non
2843 3636 3019 3680 exstat
3050 3631 3188 3696 apud
3213 3627 3503 3692 ﬂabra-os;

1924 3731 2019 3783 sed
2052 3743 2241 3782 errore
2273 3726 2483 3781 Hebraei
2541 3726 2747 3780 librarii
2795 3726 3003 3791 adjecta
3041 3732 3143 3785 est,
3184 3720 3394 3786 decepti
3430 3720 3503 3772 si-

1926 3820 2230 3874 militudine
2284 3819 2385 3873 loci
2436 3819 2577 3873 illitis
2624 3816 2795 3886 (Gen.
2841 3831 2894 3878 ν,
2939 3813 3034 3883 1,)
3067 3814 3118 3866 in
3165 3826 3271 3881 quo
3309 3810 3503 3879 legitur

1926 3915 2065 3980 apud
2108 3912 2352 3979 Aquilam
2378 3914 2630 3979 quidem:
2673 3908 2778 3963 Hic
2813 3918 2889 3963 est
2938 3908 3069 3959 liber
3109 3906 3499 3974 generationum

1926 4005 2132 4067 Adam;
2175 4004 2314 4072 apud
2354 4000 2518 4066 LXX,
2548 4017 2707 4055 vero:
2742 4000 2847 4054 Hic
2891 4008 2970 4052 est
2993 3999 3126 4050 tiber
3151 3995 3501 4066 generationis

1928 4098 2218 4150 hominum.
2257 4093 2474 4147 Putavit
2496 4094 2640 4147 enim
2665 4094 2825 4147 etiam
2851 4093 2953 4146 hoc
2977 4093 3096 4144 loco
3114 4105 3323 4151 mecm,
3346 4088 3497 4149 liber,

1928 4187 2359 4257 prietermissam
2383 4186 2571 4253 fuisse,
2598 4196 2762 4254 atque
2796 4183 2930 4238 adeo
2962 4184 3106 4238 illam
3139 4179 3356 4248 adjecit.

1999 4360 2110 4431 28
2156 4358 2223 4412 Et
2270 4359 2524 4428 plantavit
2583 4358 2725 4414 Deus
2772 4360 3075 4428 paradisum
3123 4360 3178 4411 in
3219 4356 3382 4410 Edent
3428 4355 3497 4406 ad

1928 4454 2200 4515 orientem,
2231 4461 2276 4505 et
2325 4452 2493 4518 posuit
2543 4451 2653 4505 illic
2678 4452 2937 4506 hominem
2970 4467 3119 4520 quem
3153 4448 3493 4519 formaverat.

1929 4543 1997 4597 Et
2030 4545 2281 4610 produxit
2314 4543 2455 4597 Deus
2481 4545 2669 4597 iterum
2700 4561 2765 4599 ea:
2801 4556 2940 4597 terra
2969 4558 3117 4595 omne
3150 4541 3347 4610 lignum
3372 4540 3495 4606 put-

1928 4634 2111 4688 chrum
2140 4635 2209 4688 ad
2257 4633 2560 4698 videndum,
2593 4644 2641 4687 et
2673 4635 2864 4689 bonum
2890 4633 2958 4686 ad
3003 4631 3377 4685 comedendum
3425 4629 3491 4682 ⁷⁸.

1610 4774 1654 4806 ⁷⁸
1684 4774 1824 4831 Psal.

1935 4790 1973 4840 ι,
2001 4776 2055 4829 8.
2132 4774 2179 4805 ⁷⁸
2208 4773 2345 4828 Gen.
2371 4774 2503 4841 ",2.
2580 4775 2624 4804 ⁷⁷
2644 4772 2785 4827 Ρειιι.
2810 4787 3032 4836 CXLVIII,
3057 4771 3107 4825 5.
3185 4770 3231 4802 ’⁸
3259 4769 3394 4825 Gen.
3430 4783 3493 4831 tt,

1919 4976 2036 5014 rum
2067 4960 2134 5014 de
2162 4960 2264 5013 hac
2293 4958 2545 5026 Origenis
2571 4958 2831 5026 opinione
2862 4957 3081 5012 disserit
3116 4955 3342 5011 liuetius
3367 4954 3493 5012 0n“-

1916 5030 2260 5100 genianorum
2290 5031 2382 5082 lib.
2415 5046 2474 5094 tt,
2503 5038 2699 5098 quaest.
2723 5028 2784 5100 8,7
2808 5043 2957 5084 num.
2983 5026 3037 5100 6.

1988 5099 2101 5171 (5th)
2147 5099 2236 5162 Τὸ,
2262 5097 2639 5171 βίϐλοςίειε.
2675 5100 2730 5152 ltt
2759 5099 2946 5171 lucem
2978 5097 3146 5171 edidit
3178 5097 3298 5171 hoc_
3321 5097 3483 5171 scito-

1916 5170 2026 5224 liou
2069 5166 2517 5223 Montefalcouius
2547 5179 2727 5223 noster
2757 5169 2809 5223 in
2842 5168 2956 5222 suis
2984 5169 3049 5222 ad
3084 5166 3333 5235 Hexapla
3368 5166 3493 5221 Ori-

1921 5241 2076 5310 gcnis
2103 5241 2266 5307 notis,
2303 5249 2430 5293 tom.
2458 5240 2501 5303 I,
2537 5255 2660 5307 pag.
2689 5238 2896 5310 16,ubi
2939 5248 3122 5310 monet
3156 5238 3257 5306 legi
3294 5238 3344 5310 in
3376 5253 3496 5291 om-

1922 5307 2083 5364 nibus
2112 5312 2321 5364 catenis
2356 5325 2483 5362 mss.
2517 5324 2655 5376 quas
2690 5309 2847 5373 vidit,
2874 5317 2930 5361 at
2964 5308 3082 5365 sine
3125 5307 3368 5376 auctoris
3398 5326 3494 5359 Im-

1920 5381 2082 5434 mine.
2123 5380 2175 5432 In
2209 5375 2584 5449 Mouspelicusi
2627 5390 2806 5449 tamen
2839 5393 3002 5445 quam
3041 5378 3178 5433 vidit
3224 5375 3494 5449 Combult-

1919 5452 2054 5514 sius,
2103 5450 2321 5519 Origeui
2357 5445 2632 5503 tribuitur.
2665 5448 2732 5504 Ut
2774 5460 2830 5502 ut
2865 5459 2983 5512 est,
3016 5449 3096 5502 his
3142 5446 3324 5502 verbis
3368 5445 3495 5499 Orio

1878 5556 1881 5559 ν
1919 5537 2108 5600 genus,
2158 5521 2556 5600 sein-quisquis
2596 5520 2756 5600 alius,
2794 5520 2998 5600 indicat
3033 5533 3218 5571 vocem
3254 5525 3385 5600 I't'p
3424 5520 3492 5567 ab

1917 5587 2148 5645 Hebraeo
2174 5587 2356 5645 scriba
2400 5592 2450 5644 in
2488 5592 2630 5642 hunc
2660 5589 2937 5646 Geueseos
2980 5588 3153 5644 locum
3200 5587 3488 5642 advectam

1918 5662 2086 5719 fuisse
2128 5663 2183 5718 in
2221 5664 2466 5733 quaedam
2495 5660 2851 5730 exemplaria.
