4000 6146
460 153 531 210 99
1928 140 2037 198 οιιι

2142 141 2273 198 NES

3601 141 3727 197 100

461 275 597 330 Cum
633 274 773 329 inter
824 271 1165 341 legendum-a
1210 266 1410 324 fabulis
1454 278 1510 323 et
1548 283 1578 323 a
1606 265 1826 322 litterali
1859 265 2030 320 inter-

2142 264 2380 334 βρῶσιν.
2424 266 2590 319 Ὅταν
2645 262 3107 333 ἀναγινώσκοντες
3167 263 3277 335 (37)
3327 261 3724 333 ἀναϐαίνωμεν

463 368 767 438 pretatione
817 365 1161 420 ascendimus
1209 370 1266 416 et
1313 361 1604 431 quaerimus
1639 374 1887 430 quaenam
1938 359 2026 413 illa

466 460 605 531 ligna
657 458 764 513 sint
789 473 908 525 quae
954 457 1093 510 Deus
1122 456 1279 523 colit,
1306 455 1537 510 dicimus
1565 454 1618 508 in
1649 468 1715 509 eo
1739 453 1854 509 loco
1882 453 2028 524 ligna

461 569 582 625 quae
611 567 771 608 sensu
798 550 998 621 percipi
1031 559 1274 619 possunt,
1301 563 1403 601 non
1429 546 1679 615 reperiri.

536 643 787 714 Ejusdem
816 641 887 700 ⁸ο.
942 640 1171 694 Hortum
1216 640 1269 694 in
1312 638 1476 692 Edem
1504 638 1683 706 posuit
1736 637 2027 706 interpres,

464 735 577 804 ipsa
603 749 733 790 usus
761 748 893 787 voce
936 731 1225 786 Hebraica.
1265 729 1491 799 Proprie
1519 739 1700 784 autem
1748 728 1912 783 Edem
1945 729 2030 783 in-

465 825 806 893 terpreteris,
836 820 1010 876 dulce.
1045 819 1289 874 Tradnnt
1315 834 1442 889 ergo
1486 818 1694 874 Hebraei
1749 819 1945 882 locum,
1975 820 2030 874 in

463 928 571 981 quo
593 915 907 985 paradisum
941 911 1021 968 vel
1046 911 1267 965 hortum
1300 909 1561 979 plantavit
1588 908 1843 964 Dominus
1869 910 2028 977 Deus,

466 1005 632 1059 Edem
656 1004 868 1067 vocari,
898 1013 954 1058 et
979 1004 1133 1057 aiunt
1164 1003 1337 1071 ipsum
1364 1002 1543 1056 mundi
1574 1002 1805 1056 medium
1834 1008 2035 1073 esse,ut

466 1096 723 1167 pupillam
756 1096 922 1163 oculi,
949 1109 1178 1164 eamque
1202 1095 1272 1148 ob
1302 1108 1413 1148 rem
1442 1091 1662 1146 ﬂuvium
1703 1092 1903 1149 Phison
1952 1093 2033 1147 in-

467 1190 753 1259 terpretari
787 1206 842 1243 os
886 1188 1120 1258 pupilla,
1147 1186 1314 1255 utqui
1343 1186 1549 1255 primus
1564 1199 1629 1238 ex
1657 1185 1819 1239 Edem
1843 1184 2033 1238 ﬂuvius

463 1282 791 1351 egrediatur.
854 1279 1005 1348 Quod
1057 1280 1298 1342 tradunt,
1354 1276 1614 1345 ejusmodi
1670 1289 1783 1330 est:
1844 1275 2031 1339 Edem,

465 1376 606 1442 quod
641 1372 1061 1437 interpretamur
1095 1370 1274 1433 dulce,
1301 1372 1451 1440 prior
1506 1368 1666 1423 horto
1694 1368 1932 1433 exstitit;
1979 1367 2031 1421 in

465 1478 532 1520 eo
554 1464 696 1520 enim
729 1465 920 1519 hortus
944 1472 1030 1518 est
1055 1462 1316 1518 consitus.

536 1740 604 1795 Et
628 1756 822 1797 aurum
851 1749 1007 1795 terrae
1033 1740 1177 1794 illius
1208 1741 1398 1794 bonum
1419 1740 1487 1795 ει.
1511 1738 1646 1796 Cum
1673 1740 1830 1795 nobis
1859 1741 2032 1795 virtus
2106 1780 2111 1785 ι

463 1850 528 1892 os
557 1835 826 1901 immutat,
854 1835 1175 1904 animusque
1195 1835 1458 1888 bonarum
1480 1833 1867 1904 cogitationum
1891 1848 2032 1887 com-

464 1942 563 1995 pos
591 1936 695 1991 est,
732 1937 859 1981 tunc
888 1927 1082 1980 bonam
1118 1925 1215 1980 alit
1238 1926 1565 1985 doctrinam.
1605 1940 1792 1994 quam,
1820 1934 1878 1978 ut
1909 1924 2032 1979 sub-

461 2021 698 2075 obscure
723 2017 1061 2089 signiﬁcaret
1081 2017 1391 2086 Scriptura,
1416 2017 1581 2071 dixit:
1608 2033 1797 2071 aurum
1817 2018 2030 2071 bonum.

537 2109 606 2164 Et
646 2125 832 2163 nomen
887 2108 1115 2162 secundo
1153 2107 1357 2176 ﬂumini
1407 2104 1580 2171 Geon;
1623 2109 1722 2160 hoc
1773 2116 1847 2161 est
1892 2111 2032 2177 quod

463 2204 649 2258 circuit
680 2211 841 2255 totam
890 2209 1086 2254 terram
1138 2199 1429 2265 Aithiopite
1457 2199 1523 2254 ⁸³.
1554 2199 1864 2268 Etltiopite,
1914 2215 2034 2270 quas

468 2292 732 2349 llebraice
783 2291 985 2346 dicitur
1024 2289 1186 2357 (Ilius,
1236 2290 1510 2360 signiﬁcat
1553 2302 1730 2346 autem
1770 2293 2029 2347 tenebras.

465 2384 607 2456 Ergo
634 2386 702 2439 ab
735 2382 1038 2454 EtltiOpia,
1091 2384 1196 2437 hoc
1224 2392 1328 2450 est,
1375 2398 1404 2435 a
1453 2383 1625 2447 CllllS,
1668 2389 1739 2439 ob
1796 2384 2031 2440 colorem

464 2485 642 2532 atrum
676 2489 840 2546 quem
874 2489 989 2545 prae
1014 2475 1229 2533 caeteris
1254 2475 1443 2529 habuit
1471 2475 1749 2533 fratribus.

538 2655 606 2712 Et
649 2659 823 2728 posuit
857 2658 1010 2712 illum
1054 2660 1109 2711 in
1138 2658 1387 2726 paradiso
1417 2658 1485 2711 ⁸³.
1508 2656 1609 2724 Qui
1659 2673 1754 2728 per
1792 2657 2031 2712 divinum

465 2749 737 2818 baptisma
785 2760 1166 2815 renascuntur,
1198 2750 1251 2803 itt
1289 2749 1540 2818 paradiso
1580 2759 1876 2819 ponuntur,
1933 2749 2033 2802 hoc

465 2848 551 2894 est
614 2839 667 2891 in
742 2837 1009 2904 Ecclesia,
1062 2849 1120 2892 ut
1182 2848 1474 2908 operentur
1527 2854 1647 2907 qua:
1700 2839 1844 2893 intus
1885 2848 2031 2904 sunt,

2129 358 2239 412 άπὸ
2278 357 2385 411 τῶν
2425 356 2610 428 μύθων
2648 359 2742 412 καὶ
2773 358 2873 430 τῆς
2909 356 3050 411 κατὰ
3089 356 3150 410 τὸ
3180 355 3413 428 γράμμα
3452 355 3721 425 ὲκδοχῆς,

2130 449 2382 521 ζητῶμεν
2412 449 2533 503 τίνα
2572 449 2638 503 τὰ
2669 449 2801 517 ξύλα
2832 450 2979 502 ἐστὶν
3010 450 3211 512 ἑκεῖία,
3244 447 3281 501 ἃ
3311 449 3340 500 6
3370 446 3502 511 Θεὸς
3526 463 3720 518 γεωρ-

2118 544 2242 627 ἰγεῖ’
2279 541 2527 612 λέγομεν,
2561 543 2642 627 ὅτι
2671 542 2771 596 οὐκ
2797 542 2876 596 ἔνι
2907 539 3138 610 αἰσθητὰ
3171 539 3301 604 ξύλα
3334 541 3391 593 ἑν
3420 538 3500 610 τῷ
3532 538 3717 609 τόπῳ.

2204 633 2315 688 Τοῦ
2348 618 2829 689 αὑτοῦίῗΐέθειται
2865 636 2923 688 ἑν
2947 636 3012 705 τῇ
3044 634 3309 705 ἑρμηνείᾳ
3339 632 3472 704 (58),
3504 632 3723 700 κῆπον

2129 726 2199 778 ἐν
2243 725 2428 796 Ἐδὲμ,
2456 728 2593 798 αὐτῇ
2625 727 2953 799 χρησαμένῳ
2973 728 3039 797 τῇ
3079 726 3336 798 Ἑϐραϊκῇ
3361 725 3524 790 λέξει.
3550 726 3722 780 Ἔστι

2134 817 2233 889 μὲν
2278 814 2371 872 οὖν
2419 820 2681 890 ἑρμηνεία
2728 818 2821 873 τοῦ
2863 818 3022 890 Ἐδὲμ
3073 819 3277 891 κυρίως
3319 817 3456 884 ἡδύ.
3498 816 3721 871 Οὐκοῦν

2132 910 2575 982 παραδεδώκασιν
2609 911 2870 983 Ἑϐραῖοι.
2897 913 2976 966 ὅτι
3007 915 3036 966 6
3066 911 3226 975 τόπος
3259 911 3316 962 ἑν
3342 902 3387 978 ᾧ
3415 909 3720 978 ἐφύτευσεν

2131 1005 2221 1059 τὸν
2265 1003 2588 1075 παράδεισον
2625 1002 2656 1073 ἦ
2689 1003 2780 1057 τὸν
2812 1004 2984 1074 κῆπον
3032 1002 3229 1075 Κύριοι,
3281 1004 3311 1056 6
3348 1001 3499 1065 Θεὸς,
3547 1000 3721 1072 Ἐδὲμ

2132 1095 2403 1149 καλεῖται’
2438 1095 2532 1148 καὶ⁸
2579 1095 2739 1163 φασὶν
2783 1094 2945 1148 αὑτὸν
2980 1094 3141 1163 μέσον
3180 1088 3317 1146 εἶναι
3354 1091 3447 1145 τοῦ
3477 1093 3714 1162 κόσμου,

2131 1186 2205 1250 ὡς
2232 1186 2398 1259 κόρην
2422 1185 2699 1255 ὀφθαλμοῦ
2718 1203 2732 1217 ⁸
2766 1185 2845 1238 διὸ
2873 1166 2967 1239 καλ.
2986 1185 3074 1238 τὸν
3101 1184 3341 1254 ποταμὸν
3366 1184 3455 1237 τὸν
3476 1182 3713 1248 Φείσων,

2134 1278 2527 1351 ἑρμηνεύεσθαι
2559 1279 2752 1346 στόμα
2768 1278 2970 1346 κόρης,
3013 1276 3087 1341 ὡς
3131 1277 3196 1329 ἑκ
3215 1275 3307 1329 τοῦ
3353 1276 3513 1346 Ἐδὲμ
3538 1278 3712 1330 ἑκπο-

2136 1374 2424 1446 ρευομένου
2453 1372 2545 1427 τοῦ
2568 1372 2811 1444 ποταμοῦ
2837 1372 2929 1426 τοῦ
2954 1370 3190 1443 πρώτου.
3218 1372 3284 1425 Ὃ
3305 1370 3363 1423 δὲ
3382 1361 3714 1443 παραδιδόαο

2136 1482 2239 1529 σιν,
2260 1464 2496 1518 τοιοῦτόν
2527 1465 2693 1517 ἑστινο
2743 1464 2920 1534 Ἐδὲμ,
2956 1463 3015 1528 ὃς
3059 1462 3417 1535 ἑρμηνεύεται
3465 1461 3604 1531 ἡδὺ,
3637 1458 3710 1533 ἦν

2137 1557 2265 1627 πρὶν
2295 1557 2384 1609 τὸν
2417 1555 2589 1627 κῆπον
2611 1555 2891 1626 γενέσθαι·
2923 1558 2979 1609 ὲν
3012 1555 3162 1626 αὐτῷ
3189 1554 3297 1625 γὰρ
3328 1554 3423 1609 καὶ
3465 1556 3494 1608 6
3530 1554 3709 1625 κῆπος

2136 1647 2425 1719 ἐφυτεύθη.
3315 1627 3321 1632 ’

2212 1738 2281 1793 Τὸ
2301 1739 2369 1793 δὲ
2393 1740 2650 1809 χρυσίον
2676 1739 2786 1808 τῆς
2816 1737 2927 1807 γῆς
2959 1738 3193 1805 ἐκείνης
3218 1739 3426 1792 καλόν.
3448 1737 3578 1792 Ὅτε
3609 1736 3713 1792 ἀλ-

2135 1831 2369 1885 λοιοῦται
2398 1831 2506 1901 (59)
2535 1832 2638 1884 ὑπὸ
2664 1831 2760 1902 τῆς
2782 1830 2981 1903 ἀρετῆς
3002 1828 3156 1901 ἡμῶν
3183 1828 3243 1882 τὸ
3268 1829 3460 1899 στόμα,
3483 1829 3575 1881 καὶ
3607 1847 3712 1884 κυ-

2139 1922 2305 1994 ριεύει
2328 1922 2523 1994 ἡψυχὴ
2545 1922 2683 1976 καλά
2702 1923 2965 1994 νοήματα,
2982 1922 3102 1976 τότε
3124 1920 3312 1994 τρέφει
3337 1918 3481 1974 καλὰ
3503 1920 3713 1992 δόγμα-

2135 2031 2232 2070 ταο
2250 2014 2391 2085 ἅπερ
2418 2015 2782 2085 αἰνιττόμενος
2805 2015 2833 2066 6
2857 2014 3012 2081 λόγος
3026 2011 3198 2076 εἶπεν,
3213 2012 3472 2082 χρυσίον
3490 2013 3707 2066 καλόν.

2206 2106 2315 2161 Καὶ
2339 2106 2523 2177 ὄνομα
2540 2104 2620 2171 τῷ
2634 2106 2875 2177 ποταμῷ
2905 2106 2986 2172 τῷ
3009 2105 3282 2174 δευτέρῳ,
3305 2104 3471 2159 Γεών
3489 2122 3502 2136 ι
3529 2100 3710 2169 οὗτος

2137 2204 2171 2254 ὁ
2196 2199 2436 2255 κυκλῶν
2455 2198 2661 2255 πᾶσαν
2673 2199 2789 2268 τὴν
2808 2197 3255 2270 γῆνΑίθιοπίας.
3274 2196 3557 2260 Αἰθιοπίας
3571 2195 3707 2267 (40).

2135 2293 2258 2362 ἥτις
2299 2293 2414 2346 ἑστὶ
2457 2292 2730 2363 Ἐϐραϊστὶ
2755 2290 2940 2359 Χοῦςο
2983 2290 3233 2360 σημαίνει
3277 2288 3370 2343 καὶ
3388 2283 3716 2340 σκότωσιν.

2151 2386 2280 2439 Ἀπὸ
2314 2382 2407 2439 οὖν
2455 2386 2553 2456 τῆς
2599 2385 2901 2447 Αἰθιοπίας.
2950 2383 3224 2436 τουτέστιν
3268 2378 3375 2435 ἀπὸ
3406 2379 3499 2433 τοῦ
3539 2375 3709 2441 Χοῢς,

2137 2477 2227 2530 διὰ
2256 2477 2314 2531 τὸ
2341 2478 2604 2541 σκοτῶδες
2628 2478 2726 2548 τῆς
2763 2470 3065 2548 χροίας,’ἧς
3105 2473 3230 2545 ἔσχε
3258 2472 3406 2545 παρὰ
3448 2471 3573 2534 τοὺς
3599 2467 3711 2524 λοι-

2139 2570 2273 2634 ποὺς
2315 2569 2596 2640 ἀδελφούς.

2209 2662 2315 2716 Καὶ
2344 2661 2509 2715 ἔθετο
2534 2659 2719 2714 αὐτὸν
2751 2660 2818 2712 ἐν
2847 2657 2927 2724 τῷ
2971 2656 3329 2725 παραδείσῳ.
3373 2655 3436 2707 Οἱ
3478 2654 3711 2721 ἀναγενο

2138 2751 2366 2824 νώμενοι
2400 2752 2507 2823 (41)
2538 2744 2748 2805 διά’τοῦ
2776 2748 2918 2802 θείου
2946 2748 3316 2819 βαπτίσματος
3344 2748 3400 2799 ἑν
3422 2745 3500 2816 τῷ
3534 2760 3714 2814 παρα-

2138 2845 2298 2915 δείσῳ
2336 2845 2590 2909 τίθενται,
2636 2842 2909 2895 τουτέστιν
2933 2843 2989 2894 ἑν
3027 2842 3094 2911 τῇ
3129 2839 3439 2910 Ἐκκλησία,
3481 2835 3713 2909 ἐργάζε-

467 2929 734 3000 spiritalia
760 2944 962 2998 opera;
991 2940 1049 2984 et
1076 2929 1345 2997 accipiunt
1380 2930 1713 2993 mandatum,
1751 2941 1809 2984 ut
1845 2945 2035 2985 omnes

2142 2940 2265 2993 σθαι
2308 2939 2375 2992 τὰ
2408 2938 2553 2991 ἔνδον
2593 2936 2721 2991 ὄντα
2770 2935 2906 3007 ἔργα
2948 2931 3313 3003 πνευματικά·
3352 2930 3446 2985 καὶ
3489 2930 3711 3000 ἐντολὴν

470 3022 665 3076 fratres
694 3020 941 3090 diligant,
981 3034 1046 3075 ac
1078 3021 1309 3075 fructum
1338 3022 1431 3089 qui
1457 3035 1523 3075 ex
1557 3021 1815 3090 patientia
1844 3038 2036 3091 prove-

2142 3030 2468 3102 λαμδάνουσι
2501 3028 2706 3091 πάντας
2755 3026 2972 3097 ἀγαπᾷν
3014 3025 3140 3088 τοὺς
3176 3022 3457 3092 ἀδελφοὺς,
3487 3020 3712 3092 καὶοτὸν

469 3112 568 3175 uit,
601 3114 783 3175 edant,
816 3113 955 3165 sicut
985 3112 1191 3167 dictum
1239 3121 1357 3166 est:
1404 3113 1488 3166 Ea:
1528 3113 1667 3168 omni
1697 3114 1859 3185 ligno,
1896 3117 2034 3185 quod

467 3211 542 3256 est
571 3202 625 3257 in
660 3202 934 3272 paradiso,
965 3219 1085 3255 esca
1115 3202 1234 3256 edes
1269 3200 1334 3254 ⁸⁸.
1370 3203 1497 3271 Ejus
1540 3213 1716 3259 autem
1754 3207 1844 3275 qui
1880 3221 2034 3277 rege-

471 3297 704 3359 neravit,
746 3304 1071 3365 praeceptum
1101 3295 1501 3364 transgreditur
1546 3298 1592 3352 is
1637 3298 1728 3367 qni
1772 3300 2037 3369 serpentis

470 3387 891 3459 cogitationibus
923 3401 1073 3451 usus,
1110 3386 1247 3440 alios
1277 3387 1496 3456 quidem
1524 3398 1583 3441 ιιι
1610 3390 1807 3458 probos
1839 3390 2031 3460 diligit,

470 3479 604 3536 alios
636 3488 816 3534 autem
844 3479 958 3534 odit
987 3490 1043 3533 ut
1068 3478 1280 3544 malos;
1319 3480 1464 3547 quod
1490 3488 1574 3533 est
1601 3480 1804 3548 lignum
1831 3480 2037 3536 sciendi

472 3573 676 3628 bonum
700 3586 715 3625 :
740 3572 882 3642 quod
920 3574 1012 3643 qui
1041 3572 1293 3627 licentius
1316 3572 1633 3638 gustaverit,
1656 3572 1902 3637 moritur,
1932 3590 2036 3628 non

473 3665 629 3734 quasi
655 3663 796 3718 Deus
818 3675 1044 3720 mortem
1072 3664 1289 3732 iecerit,
1316 3665 1407 3719 sed
1433 3666 1593 3719 homo
1616 3665 1707 3734 qui
1732 3666 2036 3735 proximum

472 3756 607 3811 odit.
630 3754 771 3809 Deus
797 3757 935 3810 enim
966 3769 1182 3811 mortem
1213 3773 1315 3810 non
1349 3757 1494 3826 fecit,
1524 3773 1615 3811 nec
1648 3758 1942 3812 delectatur
1985 3761 2039 3815 in

474 3850 768 3917 perditione
802 3851 1032 3904 uiuorum
1060 3850 1129 3912 ⁸⁵;
1157 3863 1335 3920 neque
1381 3860 1631 3905 movetur
1677 3851 1772 3905 ira:
1822 3850 2037 3916 aﬂectu,

477 3957 576 3997 uec
605 3945 807 4013 cogitat
840 3942 1158 4007 vindictam,
1206 3956 1302 4001 aut
1335 3956 1575 4001 mutatur
1611 3952 1770 4013 prout
1807 3945 2040 4013 quisque

476 4034 699 4090 affectus
711 4035 883 4105 29a
899 4035 1180 4105 dignusest
1199 4041 1322 4104 ;sed
1336 4041 1513 4094 omnia
1536 4039 1659 4093 fecit
1682 4039 1734 4091 itt
1751 4038 2035 4107 sapientia,

476 4142 599 4180 cum
632 4127 781 4195 prius
801 4128 1101 4195 statuisset,
1122 4138 1181 4182 ut
1207 4131 1307 4186 sub
1324 4131 1549 4200 spiritali
1576 4132 1693 4197 lege
1707 4131 2035 4200 judicentur.

479 4218 683 4274 Idcirco
704 4220 777 4275 ait
802 4220 929 4275 Adae
949 4240 961 4276 :
987 4223 1103 4288 Qua
1125 4226 1207 4278 die
1226 4227 1460 4289 ederitis,
1478 4233 1643 4279 morte
1658 4222 1952 4278 moriemini
1968 4222 2034 4270 ⁸⁸.

2136 3122 2426 3195 ἐρχόμενον
2454 3120 2663 3192 καρπὸν
2695 3119 2760 3172 δι’
2788 3115 3070 3188 ὑπομονῆς
3112 3114 3329 3179 ἐσθίειν,
3359 3114 3500 3168 κατὰ
3544 3112 3607 3166 τὸ
3635 3112 3707 3168 εἰς

2139 3213 2392 3287 ρημένον·
2438 3211 2567 3266 Ἀπὸ
2593 3210 2817 3276 παντὸς
2841 3209 3029 3274 ξύλου
3051 3207 3156 3262 τοῦ
3177 3205 3338 3272 ἐντῷ
3370 3204 3711 3274 παραδείσῳ

2131 3305 2359 3375 ,ϐρώσει
2386 3303 2568 3374 span}.
2611 3302 2944 3376 Παραὸαίνει
2995 3301 3053 3355 δέ
3100 3318 3182 3365 τις
3224 3298 3323 3371 τὴν
3363 3296 3583 3368 ἐντολὴν
3612 3294 3706 3349 τοῦ

2138 3397 2605 3466 άναγεννήσαντος
2628 3395 2657 3447 6
2695 3396 2807 3457 τοῖς
2838 3393 3010 3462 ὄφεως
3044 3393 3320 3463 λογισμοῖς
3345 3388 3707 3462 χρησάμενος,

2138 3491 2232 3545 καὶ
2264 3489 2492 3559 ἀγαπῶν
2518 3488 2643 3553 τοὺς
2674 3489 2769 3551 μὲν
2796 3487 2870 3551 ὡς
2903 3487 3189 3558 χρηστοὺς,
3212 3486 3337 3548 τοὺς
3366 3484 3423 3537 δὲ
3452 3483 3527 3547 ὡς
3547 3500 3712 3553 πονη-

2140 3584 2267 3654 ροὺς
2295 3581 2465 3653 μισῶν
2483 3598 2497 3612 ο
2521 3582 2657 3653 ὅπερ
2682 3581 2797 3634 ἐστὶ
2819 3580 2880 3633 τὸ
2911 3578 3063 3645 ξύλον
3087 3576 3179 3632 τοῦ
3205 3577 3490 3646 γινώσκειν
3523 3576 3707 3630 καλόν·

2137 3670 2197 3728 οὗ
2229 3677 2257 3728 6
2303 3674 2742 3744 ἀπογευσάμενος
2784 3674 2903 3726 κατ’
2955 3671 3136 3727 ἄδειαν
3182 3669 3543 3741 ἀποθνήσκει-
3590 3667 3711 3739 οὑχὶ

2137 3769 2229 3824 τοῦ
2254 3766 2387 3821 Θεοῦ
2407 3767 2497 3820 τὸν
2523 3764 2748 3819 θάνατον
2778 3764 3122 3835 ποιήσαντος,
3142 3760 3275 3816 ἀλλὰ
3300 3760 3392 3814 τοῦ
3421 3757 3710 3832 ἀνθρώπου

2137 3863 2228 3916 τὸν
2268 3860 2494 3931 πλησίον
2543 3859 2890 3929 μισήσαντος.
2949 3854 3093 3921 Θεὸς
3144 3854 3254 3924 γὰρ
3292 3852 3553 3908 θάνατον
3598 3853 3710 3905 οὐκ

2138 3954 2443 4021 ἐποίησεν,
2467 3948 2607 4005 οὐδὲ
2632 3946 2905 4017 τέρπεται
2931 3947 3023 4001 ἐπ’
3039 3945 3301 4011 ἀπωλείᾳ
3317 3943 3568 4005 ζώντων·
3590 3941 3713 3995 οὗτε

2140 4047 2364 4100 κινεῖται.
2388 4041 2548 4095 πάθει
2573 4040 2763 4113 ὀργῆς,
2795 4039 2914 4093 οὐδὲ
2955 4038 3159 4092 ἑπινοεῖ
3191 4037 3421 4107 πρᾶγμα
3465 4036 3544 4098 είς
3573 4033 3713 4103 ἄμυ-

2140 4156 2255 4201 ναν,
2282 4136 2402 4190 ούδὲ
2455 4133 2754 4188 ἀλλοιοῦται
2789 4132 2925 4202 πρὸς
2985 4129 3084 4200 τὴν
3126 4127 3356 4181 ἑκάστου
3390 4125 3544 4191 ἀξίαν
3575 4123 3709 4190 ἕξιν,

2140 4227 2275 4283 ἀλλὰ
2306 4226 2483 4280 πάντα
2531 4225 2588 4277 ἑν
2629 4221 2790 4294 σοφίᾳ
2830 4221 3104 4291 ἑποίησεν,
3144 4218 3248 4272 ὑπὸ
3280 4219 3428 4288 νόμῳ
3471 4233 3715 4286 πνευμα·

479 4310 544 4364 Et
573 4311 652 4366 sic
677 4314 867 4366 statuit
895 4325 953 4367 ut
977 4330 1088 4367 rem
1121 4315 1539 4385 quamlibetqua
1562 4315 1643 4369 vel
1663 4317 1860 4371 bonum
1886 4312 2035 4367 litvel

2142 4317 2276 4388 τικῷ
2324 4315 2600 4388 κρίνεσθαι
2646 4312 2957 4385 προορίσας.
2997 4311 3096 4365 Διὰ
3130 4310 3285 4365 τοῦτο
3324 4306 3416 4363 οὖν
3459 4307 3715 4380 λέγει

479 4402 701 4467 malum,
729 4404 1051 4458 naturaliter
1089 4404 1141 4459 id
1179 4405 1322 4474 quod
1359 4408 1494 4460 ratio
1545 4405 1741 4474 jusque
1785 4408 2040 4476 postulat,

475 4504 867 4565 consequatur,
901 4510 966 4551 ac
989 4512 1092 4550 non
1131 4501 1277 4552 nudo
1305 4499 1565 4567 cogitatu,
1596 4509 1653 4552 ut
1685 4500 1902 4568 quidam
1932 4499 2043 4552 exi-

476 4588 706 4644 stimant
735 4588 826 4658 qui
852 4588 1151 4659 spiritalem
1178 4590 1351 4659 legem
1381 4592 1650 4645 nesciunt.

550 4886 597 4919 ⁸⁶
629 4883 770 4940 Gen.
802 4900 866 4949 tt,
891 4884 1019 4950 8,9.

540 4994 663 5071 ‘(37)
705 5001 881 5054 Ὅταν
937 5002 1481 5071 ἀναγινώσκοντες,
1528 5012 1637 5058 etc.
1700 5004 1886 5061 Exstat
1948 5008 2038 5066 hic

483 5071 646 5145 locus
661 5073 715 5124 in
750 5072 998 5126 oratione
1033 5074 1295 5145 Eustatbii
1327 5072 1401 5126 De
1439 5074 1864 5145 Engastrimytho
1906 5092 2038 5133 con-

484 5153 564 5196 tra
613 5141 935 5210 Origenetn,
986 5143 1141 5206 cujus
1190 5142 1350 5197 verba
1408 5141 1692 5211 postquam
1744 5141 1868 5200 'non
1921 5149 2040 5204 sine

484 5214 853 5287 ittdignatioue
890 5213 1090 5287 retulit2
1125 5214 1275 5287 addit
1303 5232 1316 5266 :
1350 5213 1534 5287 Ταῦτα
1562 5213 1619 5287 δὲ
1669 5214 1737 5287 δὴ
1780 5218 2041 5287 τροπολο-

484 5233 853 5299 Ιιιαικιιξιιιυιιυ
890 5233 1090 5273 τειιιιιι,
1125 5233 1316 5266 anu“:
1360 5233 1534 5266 ιαυτα
1562 5233 1619 5266 οε
1669 5233 1698 5266 ο
1780 5233 2040 5287 τροποΑΟ·

479 5283 690 5359 γῶνρυ
724 5280 937 5359 φρίττει
993 5281 1194 5359 μύθους
1240 5284 1529 5359 όνομάςειν
1573 5284 1674 5336 ὅσα
1700 5233 2040 5359 ἶδεδημιουρε

556 5352 706 5424 κέναι
748 5351 846 5424 μὲν
899 5351 1189 5424 ἱστορεῖται
1233 5351 1384 5424 Θεὸς,
1416 5356 1445 5406 6
1481 5354 1537 5408 δὲ
1568 5351 1903 5420 πιστώτατὸς
1947 5351 2043 5410 τοῦ

525 5421 918 5496 ἑοῦ-θεράπων
968 5421 1195 5496 ἔγραψε.
1220 5423 1373 5496 ΗΗωο
1431 5427 1712 5495 allegorice
1759 5442 2042 5492 exponens,

483 5508 590 5546 non
624 5492 803 5566 horret
832 5492 1053 5566 faltulas:
1078 5492 1340 5566 appellare
1386 5511 1504 5566 qute
1538 5492 1705 5549 Deum
1750 5497 2061 5552 condidisse

484 5569 672 5634 narrat
712 5562 965 5634 historia,
1017 5562 1408 5634 ﬁdissimusque
1456 5565 1572 5633 ejus
1617 5581 1793 5619 servus
1839 5568 2049 5634 scriptis

483 5632 826 5702 consignavit.
864 5632 1118 5705 Or’gcuis
1166 5632 1490 5692 sententiam
1520 5635 1586 5692 de
1634 5637 1890 5705 paradiso
1931 5632 2050 5694 fuse

1116 4884 1160 4916 ”
1190 4884 1322 4939 ibid.
1345 4885 1431 4939 12.
1527 4885 1571 4916 ⁸³
1608 4884 1761 4950 ibid.,
1789 4886 1875 4943 15.
1949 4890 2036 4947 ⁸³ὶ

2142 4935 2179 4962 .,
2217 4893 2303 4960 l6,
2338 4893 2427 4951 t7.
2500 4891 2549 4924 ιι
2582 4891 2714 4946 ibid.
2805 4889 3004 4959 ειευρ.
3047 4892 3206 4953 1,15.

2149 4411 2346 4481 Ἀδάμ·
2382 4403 2464 4481 ΊΓῌ
2487 4408 2538 4461 δ’
2577 4407 2654 4461 ἂν
2693 4405 2880 4476 ἡμέρᾳ
2913 4404 3136 4475 φάγητε
3158 4443 3173 4468 ,
3216 4401 3447 4470 θανάτῳ
3488 4402 3717 4456 ἀποθα-

2136 4504 2355 4557 νεῖσθε.
2383 4502 2493 4554 Καὶ
2522 4500 2666 4554 οὔτω
2692 4499 2750 4552 δὲ
2783 4498 2995 4568 ἑκάστῳ
3031 4496 3109 4568 τῷ
3136 4496 3419 4568 πράγματι
3456 4492 3621 4547 καλοῦ
3652 4509 3717 4546 τε

2136 4596 2232 4650 καὶ
2260 4592 2429 4649 κακοῦ
2461 4590 2702 4662 φυσικῶς
2732 4588 3112 4644 ἐπακολουθεῖν
3139 4588 3199 4642 τὸ
3234 4588 3349 4641 δέον
3385 4586 3678 4655 ἀπένειμεν
3695 4603 3717 4651 Ἀ

2135 4689 2231 4743 καὶ¹
2278 4687 2377 4741 οὐκ
2414 4682 2789 4755 ἑπινοητικῶς,
2842 4680 2918 4746 ὣς
2961 4699 3106 4746 τινες
3157 4679 3486 4752 νομίζουσιν,
3528 4680 3578 4731 οἱ
3622 4677 3717 4730 τὸν

2137 4777 2505 4851 πνευματικὸν
2542 4774 2859 4846 ἀγνοοῦντες
2884 4774 3066 4844 νόμον.

3287 4889 3332 4921 ⁸⁸
3354 4889 3490 4946 Gen.
3519 4905 3583 4955 ιι,
3625 4890 3715 4944 17.

2143 5010 2586 5134 aperit7Huetius
2633 5009 3075 5081 Origeuianorum
3127 5008 3223 5063 lib.
3266 5025 3336 5076 ιι,
3372 5017 3565 5079 quaest.
3608 5008 3699 5074 12,

2144 5100 2296 5134 num.
2364 5123 2381 5134 .
3302 5122 3303 5125 η

2144 5100 2349 5223 “2336)l
2364 5123 2616 5206 .TéOsmu
2637 5150 2708 5223 ἐν
2732 5149 2807 5220 τῇ
2826 5150 3125 5220 ἑρμηνείᾳ,
3140 5157 3247 5223 etc.
3261 5147 3540 5223 AExbibent
3567 5148 3717 5223 hunc

2146 5220 2322 5278 locum
2373 5222 2584 5277 schedze
2631 5222 3044 5277 Combetisianae
3076 5223 3130 5274 in
3163 5221 3360 5290 quibus
3405 5220 3719 5289 descriptus

2147 5294 2348 5349 dicitur
2375 5311 2406 5344 e
2434 5301 2629 5346 catena
2665 5291 2922 5359 Monspel.

2244 5363 2334 5432 39)
2375 5362 2504 5415 Ὅτε
2538 5358 2906 5421 ἀλλοιοῦται,
2930 5370 3038 5415 etc.
3072 5358 3148 5414 Ex
3176 5360 3365 5415 eadem
3392 5367 3610 5416 catena.

2247 5434 2337 5497 40)
2377 5432 2705 5497 Αἰθιοπίας,
2732 5444 2840 5484 etc.
2872 5432 2950 5484 Ex
2976 5433 3186 5484 eadem.

2244 5495 2335 5571 41)
2378 5505 2441 5555 Οἱ
2473 5495 2970 5571 ἁναγεόονώμενοι,
3011 5512 3120 5556 etc.
3163 5501 3356 5558 Exstat
3403 5500 3459 5556 in
3503 5495 3725 5555 schedia

2153 5571 2588 5631 Combelisianis.
