4000 6146
284 155 378 212 101

1683 159 1751 214 ΙΝ
1782 159 2102 216 GENESIM.

3415 169 3519 226 162

257 315 260 324 ,
350 271 458 328 Kal
496 271 752 341 ἐποίησε
780 275 998 342 Κύριος
1040 276 1073 328 ὀ
1128 274 1272 340 Θεὸς
1310 275 1391 342 τῷ
1435 276 1604 346 Ἀδὰμ
1643 278 1740 330 καὶ
1786 277 1845 346 τῇ

2028 278 2094 332 Et
2126 279 2249 347 fecit
2281 279 2541 334 Dominus
2574 279 2713 334 Deus
2743 280 2870 334 Adae
2919 290 2968 336 et
2991 283 3142 336 uxori
3172 285 3285 353 ejus
3313 288 3520 342 tunicas

279 366 518 432 γυναικὶ
552 365 743 419 αὑτοῦ
777 365 1031 434 χιτῶνας
1061 365 1469 435 δερματίνους,
1509 369 1607 421 καὶ
1651 367 1853 423 ἐνέδυ-

275 472 389 512 σεν
425 457 670 523 αὐτούς.
709 457 773 510 Τί
803 457 884 510 δεῖ
911 461 1051 512 νοεῖν
1096 459 1205 528 (42)
1242 461 1368 523 τοὺς
1395 461 1745 530 δερματίνους
1774 479 1854 532 χι-

273 550 484 612 τῶνας;
510 550 728 630 Σφόδρα
753 549 850 620 μὲν
869 547 962 603 οὖν
985 550 1187 618 ἠλίθιον
1207 553 1299 604 καὶ
1324 553 1585 622 γραῶδες,
1611 554 1704 606 καὶ
1731 552 1856 608 ἀνά-

276 638 386 705 ξιον
430 641 524 694 τοῦ
579 641 740 704 Θεοῦ,
796 641 856 694 τὸ
895 643 1104 696 οἴεσθαι
1137 643 1289 708 ζώων
1335 645 1493 698 τινῶν
1541 647 1854 717 περιελόντα

269 732 518 804 δέρματα
544 733 637 786 τὸν
669 734 822 797 Θεὸν,
856 734 1266 806 ἀναιρεθέντων,
1300 735 1332 805 ἢ
1365 737 1536 800 ἄλλως
1569 757 1686 802 πως
1716 741 1851 796 ἀπο-

273 822 567 887 θανόντων,
612 825 968 896 πεποιηκέναι
1013 828 1266 898 σχήματα
1299 827 1554 897 χιτώνων,
1575 833 1851 903 καταρρά-

269 914 453 984 ψαντα
477 917 728 987 δέρματα
751 918 906 988 δίκην
931 921 1280 991 σκυτοτόμου.
1313 922 1478 975 Πάλιν
1500 941 1580 988 τε,
1615 927 1852 994 φυγόντα

269 1011 332 1062 τὸ
375 1010 554 1073 οὕτως
592 1013 812 1077 ἄτοπον,
852 1012 1029 1080 λέγειν
1073 1013 1198 1075 τοὺς
1231 1013 1582 1082 δερματίνους
1623 1018 1853 1086 χιτῶνας

269 1102 371 1154 οὐκ
399 1102 592 1165 ἄλλους
630 1099 768 1156 εἶναι
799 1104 833 1174 ἦ
881 1104 948 1156 τὰ
983 1102 1204 1174 σώματα
1237 1105 1458 1158 πιθανὸν
1489 1108 1604 1175 μὲν,
1639 1110 1732 1161 καὶ
1774 1111 1854 1172 είς

273 1193 676 1260 συγκατάθεσιν
698 1193 1102 1248 ἐπισπάσασθαι
1123 1195 1437 1267 δυνάμενον,
1459 1198 1519 1249 οὐ
1554 1199 1658 1269 μὴν
1686 1199 1852 1267 σαφὲς

270 1283 346 1345 rb;
375 1283 596 1353 ἀληθές.
626 1285 686 1336 Εἰ
719 1285 828 1354 γάρ
859 1285 907 1336 οἱ
934 1286 1240 1356 δερμάτινοι
1267 1287 1489 1356 χιτῶνες
1524 1289 1723 1360 σάρκες
1761 1289 1851 1341 καὶ

270 1375 436 1427 ὀστέα
479 1377 607 1437 εἰσὶ,
647 1375 763 1439 πῶς
791 1377 897 1447 πρὸ
933 1377 1134 1429 τούτων
1169 1377 1332 1448 φησὶν
1370 1378 1399 1428 6
1441 1379 1636 1449 Ἀδάμο
1673 1379 1850 1433 Τοῦτο

265 1467 389 1520 νῦν
421 1468 652 1522 ὀστοῦν
673 1468 742 1520 ἐκ
779 1467 899 1522 τῶν
927 1468 1123 1522 ὀστῶν
1147 1487 1285 1539 μου,
1323 1473 1420 1525 καὶ
1455 1471 1608 1540 σὰρξ
1651 1471 1718 1524 ἐκ
1743 1470 1852 1537 τῆς

267 1561 504 1628 σαρκός
524 1577 681 1629 μου;
709 1560 918 1623 Ταύτας
949 1557 1041 1614 οὖν
1068 1563 1166 1624 τὰς
1185 1563 1417 1634 ἀπορίας
1443 1564 1849 1635 περιιστάμενοί

1953 370 2217 440 pelliceas,
2248 377 2297 423 et
2336 371 2505 423 induit
2539 387 2627 425 eos
2658 371 2722 426 ⁸⁷.
2754 371 2890 436 Quid
2921 372 3232 428 existimare
3262 373 3522 431 debemus

1951 480 2072 520 esse
2097 475 2278 519 vestes
2326 464 2445 518 illas
2477 465 2763 533 pelliceas?
2801 464 2962 520 Valde
2999 466 3212 534 quidem
3261 468 3520 524 stolidum

1952 564 2036 609 est
2059 555 2288 620 etanile,
2317 557 2529 622 Deoque
2560 555 2781 608 minime
2799 555 3042 624 dignum,
3063 555 3317 611 arbitrari
3349 559 3518 613 Deum

1952 647 2118 718 pelles
2147 646 2866 715 animaliumiugulatorum,
2886 658 2975 700 aut
2999 647 3154 702 aliter
3178 659 3516 702 mortuorum

1951 741 2250 809 accepisse,
2299 749 2355 793 et
2403 740 2526 793 inde
2577 739 2742 806 pelles
2775 738 2890 792 illas
2925 739 3254 803 consuetudo,
3299 741 3518 794 coriarii

1951 846 2124 893 more,
2155 830 2208 883 in
2258 829 2564 883 vestimenti
2599 827 2827 882 formam
2858 829 3149 899 redegisse.
3184 830 3414 884 Rursum
3463 840 3520 882 ut

1953 922 2152 975 vitetur
2200 922 2312 974 haec
2349 920 2676 986 absurditas,
2711 921 2890 974 dicere
2913 931 3088 975 vestes
3121 920 3240 974 illas
3263 922 3517 990 pelliceas

1951 1011 2084 1064 nihil
2123 1009 2267 1064 aliud
2318 1025 2438 1064 esse
2469 1025 2629 1078 quam
2687 1026 2937 1079 corpora,
2989 1011 3264 1078 probabile
3297 1013 3514 1081 quidem

1951 1112 2057 1167 est,
2093 1083 2146 1158 et
2192 1105 2258 1157 ad
2283 1102 2650 1156 assensionem
2698 1101 3016 1156 eliciendam
3065 1101 3282 1156 efﬁcax:
3317 1113 3372 1157 at
3407 1120 3512 1158 non

1950 1195 2169 1248 evidens
2199 1195 2359 1263 quale
2391 1209 2510 1249 esse
2561 1196 2720 1249 debet
2745 1197 2888 1264 quod
2923 1210 3110 1250 verum
3138 1207 3240 1251 est.
3274 1196 3330 1251 Si
3364 1199 3511 1252 enim

1949 1284 2189 1353 pelliceae
2214 1295 2389 1338 vestes
2422 1296 2550 1338 sunt
2577 1301 2768 1340 carnes
2801 1295 2855 1340 et
2885 1303 3032 1350 ossa,
3065 1289 3331 1356 quomodo
3355 1299 3511 1342 antea

1951 1373 2088 1427 dixit
2107 1375 2306 1428 Adam:
2343 1373 2457 1427 Iloc
2483 1391 2618 1428 nunc
2656 1392 2711 1428 os
2739 1392 2802 1428 ex
2834 1376 3034 1429 ossibus
3061 1377 3208 1439 meis,
3236 1386 3283 1430 et
3305 1394 3426 1431 caro
3449 1380 3513 1430 de

1949 1481 2109 1517 carne
2135 1481 2249 1516 mea
2277 1464 2358 1516 8"'1
2383 1465 2478 1518 His
2511 1466 2672 1532 igitur
2697 1467 3141 1534 ambiguitatibus
3169 1468 3350 1520 obruti
3373 1484 3513 1522 non-

1951 1553 2088 1606 nulli
2109 1565 2459 1607 asseruerunt
2493 1564 2668 1610 vestes
2698 1555 2948 1625 pelliceas
2985 1573 3105 1612 esse
3121 1558 3511 1613 mortalitatem

266 1669 440 1714 τινες,
460 1652 812 1724 δερματίνους
841 1653 1071 1722 χιτῶνας
1099 1654 1197 1724 τὴν
1221 1631 1597 1726 νέκρωσινίῆν
1623 1631 1845 1726 ἀμφιέν-

1953 1643 2120 1708 illam,
2159 1660 2262 1714 qua
2299 1645 2618 1698 circumdati
2671 1655 2797 1699 sunt
2841 1647 3010 1699 Adam
3055 1660 3110 1701 et
3163 1648 3290 1712 Eva,
3357 1649 3513 1704 morti

265 1761 461 1796 νυνται
479 1746 507 1796 6
543 1743 716 1812 Ἀδὰμ
745 1743 837 1795 καὶ
857 1745 890 1812 ἡ
916 1740 1050 1805 Εὕα,
1078 1742 1164 1795 διὰ
1184 1743 1281 1814 τὴν
1308 1744 1578 1815 ἁμαρτίαν
1607 1743 1847 1796 θανατω-

266 1833 479 1896 θέντες,
514 1834 862 1903 ἀπεφήναντο
893 1832 1192 1900 τυγχάνειν.
1247 1833 1320 1884 Οὐ
1356 1833 1495 1886 πάνυ
1519 1851 1570 1886 τι
1603 1834 1721 1886 οὐδὲ
1753 1835 1849 1887 αύ-

264 1924 353 1978 to!
383 1924 628 1995 εὐχερῶς
657 1923 940 1993 δυνάμενοι
975 1923 1345 1994 παραστῆσαι,
1377 1922 1493 1986 πῶς
1518 1925 1546 1976 6
1575 1924 1724 1989 Θεὸς,
1756 1925 1850 1978 καὶ

261 2018 390 2088 οὐχὶ
418 2015 699 2088 ἁμαρτία,
733 2017 998 2087 νέκρωσιν
1036 2017 1253 2084 ἐμποιεῖ
1293 2015 1372 2086 τῷ
1422 2015 1844 2086 παραϐεϐηκότι.

264 2108 414 2178 Πρὸς
445 2107 657 2169 τούτοις
682 2107 923 2176 ἀνάγκην
946 2105 1125 2176 ἔχουσι
1155 2105 1332 2174 λέγειν
1359 2106 1535 2177 σάρκα
1573 2107 1663 2158 καὶ
1691 2106 1849 2161 ὀστέα

259 2198 342 2269 τῷ
378 2198 498 2268 ἰδίῳ
527 2197 670 2266 λόγῳ
701 2195 774 2267 μὴ
797 2192 934 2249 εἶναι
969 2195 1199 2266 φθαρτὰ,
1239 2195 1352 2264 εἴγε
1385 2195 1608 2267 ὕστερον
1635 2197 1732 2267 τὴν
1761 2197 1849 2251 νέ-

261 2305 474 2359 κρωσιν
501 2290 552 2340 οἱ
581 2287 816 2358 πατέρες
837 2285 990 2356 ήμῶν
1013 2286 1098 2339 διὰ
1118 2287 1216 2357 τὴν
1250 2287 1521 2358 ἁμαρτίαν
1544 2287 1844 2358 εἰλήφασιν.

275 2375 418 2426 Ἀλλ’
447 2377 497 2426 εξ
533 2375 628 2426 καὶ
651 2376 680 2426 ὁ
703 2374 1023 2444 παράδεισος
1055 2373 1192 2426 θεῖόν
1219 2391 1270 2428 τι
1302 2375 1496 2446 χωρίον
1529 2377 1665 2442 ἐστὶ,
1699 2377 1850 2445 λεγέ-

259 2482 448 2518 τωσαν
477 2465 598 2526 πῶς
621 2465 849 2517 ἕκαστον
879 2466 994 2516 ἐκεῖ
1018 2463 1122 2516 τῶν
1155 2464 1328 2534 μελῶν
1397 2465 1470 2536 μὴ
1499 2467 1674 2537 μάτην
1699 2468 1850 2538 δεδη-

265 2556 678 2628 μιουργημένον
726 2555 822 2625 τὴν
869 2555 1073 2607 οἰκείαν
1114 2556 1389 2626 ἐνέργειαν
1436 2559 1670 2628 ἐνήργει.
1713 2559 1848 2631 Περὶ⁹

265 2649 368 2716 μὲν
399 2643 493 2700 οὖν
521 2647 617 2698 τοῦ
656 2647 907 2717 μυκτῆρα
933 2645 1181 2714 λέγεσθαι
1216 2647 1363 2718 παρὰ
1405 2648 1482 2718 τῷ
1526 2649 1722 2720 Ἀκύλᾳ
1757 2651 1848 2702 καὶ

261 2740 569 2809 Συμμάχῳ,
607 2739 639 2808 ἢ
669 2738 957 2808 πρόσωπον
983 2738 1131 2808 παρὰ
1164 2741 1274 2800 τοῖς
1319 2739 1715 2810 Ἐϐδομήκοντα
1753 2740 1845 2793 τοῦ

262 2829 682 2896 πεπλασμένου,
715 2830 795 2889 εἰς
817 2827 845 2879 ὃ
881 2826 1206 2896 ἐνεφύσησεν
1243 2829 1272 2878 6
1318 2827 1447 2890 Θεὸς
1486 2828 1651 2899 πνοὴν
1680 2829 1844 2898 ζωῆς,

261 2921 510 2982 λεκτέον,
550 2922 633 2973 ὅτι
681 2921 742 2972 οὐ
776 2921 855 2972 δεῖ
887 2919 1228 2990 περιέχεσθαι
1261 2918 1354 2972 τοῦ
1393 2919 1714 2990 γράμματος
1745 2921 1842 2991 τῆς
1871 2959 1914 3019 C

264 3014 492 3084 l‘pagzi};
514 3013 592 3076 ὡς
615 3012 866 3083 ἀληθοῦς,
897 3012 986 3064 τὸν
1011 3012 1064 3064 δὲ
1089 3011 1466 3082 κεκρυμμένον
1492 3011 1760 3084 θησαυρὸν
1784 3014 1841 3066 ἐν

263 3107 344 3177 τῷ
374 3107 666 3177 γράμματι
697 3104 898 3175 ζητεῖν.

338 3197 456 3250 Καὶ
498 3196 672 3260 ἐταξε
709 3194 781 3248 τὰ
827 3195 1124 3265 χερουϐίμ.
1161 3194 1235 3247 Οὐ
1286 3195 1443 3265 μόνον
1475 3195 1586 3266 (45)
1615 3194 1686 3247 τὰ
1729 3197 1848 3248 λει-

260 3287 555 3358 τοιφγικὰ
594 3289 898 3357 πνεύματα
925 3287 1250 3355 φυλάσσουσι
1283 3287 1380 3358 τὴν
1410 3287 1525 3340 ὁδὸν
1562 3287 1655 3339 τοῦ
1691 3285 1845 3350 ξύλου

260 3381 369 3449 τῆς
419 3379 587 3448 ζωῆς,
641 3379 1134 3446 ἀποστελλόμενα
1174 3377 1271 3432 διὰ
1325 3377 1466 3443 τοὺς
1509 3377 1846 3446 μέλλοντας

264 3470 668 3539 κληρονομεῖν
691 3471 1013 3538 σωτηρίαν,
1041 3470 1176 3524 ἀλλὰ
1203 3471 1292 3524 καὶ
1323 3471 1562 3523 ἐναντίαι
1591 3469 1842 3539 δυνάμεις

267 3564 620 3632 φυλάττουσι,
671 3561 973 3615 κωλύουσαι
1028 3563 1154 3624 τοὺς
1203 3561 1556 3632 βουλομένους
1606 3577 1844 3632 προσπο-

269 3654 524 3725 ρευθῆναι
553 3652 632 3722 τῷ
655 3651 793 3721 ξύλῳ
818 3651 918 3720 τῆς
946 3651 1106 3720 ζωῆς.

342 3747 452 3801 Καὶ
487 3741 617 3800 εἷπε
646 3744 797 3797 Κάτν
823 3741 974 3810 πρὸς
1003 3744 1178 3796 Ἀὄελ
1212 3740 1317 3794 τὸν
1346 3738 1611 3807 ἀδελφὸν
1635 3737 1837 3791 αὐτοῦ’

263 3839 602 3908 Διέλθωμεν
647 3839 734 3902 εἰς
772 3834 838 3888 τὸ
883 3835 1108 3887 πεδίον.
1154 3835 1240 3886 Ἑν
1281 3832 1356 3902 τῷ
1418 3831 1687 3901 Ἐϐραϊκῷ
1731 3830 1840 3901 (4-4)

263 3928 330 3982 τὸ
358 3928 544 3998 λεχθὲν
571 3927 673 3979 ὑπὸ
693 3926 788 3979 τοῦ
813 3927 951 3978 Κὰῖν
972 3924 1106 3996 πρὸς
1131 3924 1220 3977 τὸν
1250 3922 1406 3975 Ἅϐελ
1431 3923 1490 3974 ού
1513 3923 1837 3992 γέγραπταιο

263 4022 362 4074 καὶ
387 4023 442 4073 οἱ
491 4019 617 4088 περὶ
665 4017 891 4069 Ἀκύλαν
936 4015 1160 4080 ἔδειξαν,
1205 4016 1286 4068 ὅτι
1326 4016 1383 4067 ἐν
1425 4013 1500 4084 τῷ
1543 4013 1839 4084 ἀποκρύφῳ

263 4115 436 4182 φασὶν
474 4113 524 4164 οἱ
576 4113 812 4184 Ἑϐραῖοι
857 4109 1069 4162 κεῖσθαι
1101 4107 1260 4162 τοῦτο
1298 4107 1529 4162 ἐνταῦθα
1558 4107 1698 4160 κατά
1743 4107 1839 4178 τὴν

263 4200 378 4253 τῶν
410 4199 808 4271 Ἐὃδομήκοντα
836 4199 1082 4268 ἐκδοχὴν.

1950 1746 2170 1806 propter
2195 1747 2472 1805 peccatum
2506 1737 2741 1803 addicti;
2795 1739 2886 1792 sed
2934 1739 3022 1794 isti
3053 1755 3155 1793 non
3187 1740 3341 1794 facile
3390 1757 3516 1809 pro—

1949 1829 2081 1883 bare
2123 1838 2368 1896 possunt,
2396 1831 2666 1896 quomodo
2714 1831 2873 1890 Deus.
2901 1841 2956 1884 et
3001 1847 3106 1886 non
3147 1831 3314 1886 multo
3346 1834 3516 1901 magis

1947 1930 2250 1990 peccatum,
2275 1921 2656 1974 mortalitatem
2700 1924 2878 1990 pariat
2913 1926 3324 1994 transgressori.
3365 1925 3514 1978 Prm-

1952 2025 2096 2068 terea
2120 2026 2342 2066 necesse
2367 2022 2555 2066 esteos
2579 2014 2780 2076 dicere,
2811 2029 3032 2068 carnem
3065 2026 3116 2068 et
3143 2028 3267 2066 ossa
3295 2015 3512 2084 propria

1949 2105 2158 2159 ratione
2195 2120 2298 2157 non
2353 2119 2472 2158 esse
2509 2105 2908 2173 corruptibilia,
2947 2121 3067 2158 cum
3117 2115 3300 2174 postea
3335 2118 3516 2172 patres

1949 2197 2117 2252 nostri
2151 2207 2374 2266 propter
2421 2209 2696 2266 peceatqu
2749 2199 3101 2252 mortalitatis
3146 2199 3511 2252 conditionem

1947 2289 2278 2359 acceperint.
2309 2290 2575 2344 Caeterum
2609 2289 2653 2342 si
2693 2290 2980 2358 paradisus
3006 2301 3088 2344 est
3121 2290 3272 2343 locus
3293 2291 3512 2358 quidam

1948 2379 2196 2443 divinus,
2244 2380 2549 2448 exprimant
2610 2380 2880 2446 quomodo
2929 2379 3039 2434 illic
3099 2382 3515 2448 unumquodque

1950 2469 2285 2532 membrum,
2333 2485 2437 2522 non
2501 2469 2700 2522 frustra
2753 2481 3020 2528 creatum,
3072 2471 3346 2538 propriam
3405 2471 3512 2522 vim

1949 2560 2256 2613 exercebat.
2295 2561 2374 2613 Ac
2404 2560 2467 2612 de
2513 2573 2578 2611 co
2638 2560 2854 2626 quidem
2909 2559 3056 2626 quod
3115 2574 3276 2611 nasus
3314 2559 3515 2611 dicitur

1948 2652 2087 2717 apud
2117 2649 2368 2719 Aquilam
2413 2659 2465 2703 et
2500 2648 2925 2719 Symmachum,
2981 2648 3121 2718 apud
3159 2647 3512 2717 Septuaginta

1949 2756 2080 2793 vero
2114 2740 2303 2804 facies,
2332 2756 2393 2794 ea
2429 2758 2554 2809 pars
2578 2740 2794 2794 formati
2834 2739 3090 2801 hominis,
3117 2739 3348 2804 inquam
3379 2739 3516 2792 Deus

1949 2831 2243 2885 insufflavit
2268 2833 2513 2900 Spiritum
2542 2833 2692 2895 vitze,
2717 2829 2997 2884 dicendum
3029 2839 3112 2883 est
3141 2844 3246 2882 non
3268 2841 3515 2898 oportere

1948 2922 2226 2976 adhaerere
2270 2921 2425 2976 nuda:
2455 2922 2645 2975 litterae
2693 2920 3004 2987 Scriptura,
3045 2930 3297 2987 tanquam
3337 2934 3513 2984 verae,

1947 3016 2041 3069 sed
2072 3015 2384 3068 thesaurum
2421 3013 2670 3066 inlittera
2708 3011 2960 3067 latentem
2998 3023 3261 3080 quaerere.

2017 3197 2084 3251 Et
2107 3197 2279 3266 posuit
2313 3197 2574 3250 cherubim
2593 3197 2658 3250 ⁸⁸.
2699 3194 2849 3248 Viam
2881 3193 3008 3264 ligni
3040 3194 3163 3248 vita:
3201 3193 3515 3248 custodiunt

1946 3305 2051 3342 non
2077 3289 2251 3342 solum
2289 3287 2731 3341 administratorii
2755 3287 2991 3355 spiritus,
3021 3285 3167 3338 missi
3198 3296 3406 3353 propter
3425 3301 3514 3337 eus

1943 3381 2033 3451 qui
2058 3380 2416 3433 hwreditatem
2439 3379 2642 3448 capient
2668 3377 2858 3430 salutis
2881 3377 2948 3442 ’°,
2977 3377 3153 3444 sedet
3185 3376 3514 3429 adversaria:

1944 3480 2241 3542 potestates
2262 3485 2384 3538 quae
2411 3477 2596 3523 arcent
2629 3483 2722 3524 eos
2753 3467 2844 3536 qui
2875 3467 2941 3522 ad
2976 3467 3175 3536 lignum
3205 3467 3327 3520 vitae
3351 3481 3511 3521 acce-

1942 3563 2074 3616 dere
2101 3561 2393 3615 voluerint.

2013 3742 2077 3796 Et
2109 3744 2240 3797 dixit
2271 3742 2408 3796 Cain
2438 3741 2506 3793 ad
2540 3739 2665 3793 Abel
2683 3739 2905 3807 fratrem
2927 3753 3118 3792 suum:
3163 3737 3512 3791 Transeamus

1941 3839 1996 3889 in
2039 3849 2277 3902 campum
2309 3832 2377 3883 ⁹¹.
2406 3829 2460 3882 In
2493 3829 2758 3884 Hebraico
2783 3826 2891 3896 30
2912 3826 3113 3881 dictum
3138 3825 3268 3879 illud
3290 3825 3420 3879 Cain
3443 3824 3512 3877 ad

1942 3927 2096 3989 Abel,
2121 3923 2381 3991 scriptum
2409 3935 2515 3974 non
2541 3919 2843 3987 reperitur:
2861 3917 3050 3986 Aquila
3074 3927 3250 3971 tamen
3271 3917 3507 3978 exhibet;

1941 4017 2196 4088 quoniam
2241 4015 2446 4068 Hebraai
2489 4013 2675 4066 dicunt
2714 4013 2813 4063 hoc
2853 4009 2904 4062 in
2953 4011 3263 4079 apocrypho
3303 4007 3508 4076 jacere,

1940 4107 2392 4178 quemadmodum
2424 4105 2652 4159 habetur
2680 4102 2821 4172 apud
2857 4101 3235 4172 Septuaginta.

339 4293 453 4345 Kal
481 4287 610 4344 εἷπε
643 4291 789 4345 Κάτν
828 4291 975 4358 πρὸς
1007 4291 1224 4356 Κύριον
1264 4287 1371 4341 τὸν
1403 4287 1584 4341 Θεόν·
1619 4286 1842 4346 Μείζων

2015 4287 2085 4341 Et
2115 4287 2249 4342 dixit
2274 4284 2402 4339 Cain
2422 4285 2488 4338 ad
2518 4284 2795 4338 Dominum
2814 4283 3010 4337 Deum:
3035 4280 3212 4350 Malus
3233 4289 3308 4333 est
3327 4294 3511 4347 pecca-

265 4386 305 4452 ιή
346 4385 608 4454 ἁμαρτία
648 4402 765 4453 μου
794 4383 901 4436 τοῦ
938 4379 1232 4451 ἀφεθῆναί
1265 4397 1360 4448 με.
1407 4381 1482 4432 Ού
1520 4378 1708 4431 διεῖλεν
1740 4379 1834 4449 ὀρ-

267 4475 377 4540 θῶς
644 4477 742 4546 τῆς
823 4475 971 4537 θείας
1029 4471 1342 4543 νομοθεσίας
1405 4471 1834 4540 κατεφρόνησεν

267 4569 587 4621 ἀπέκτεινεν
620 4566 872 4634 ἀδελφόν
910 4565 1191 4619 ἀπέκτεινε
1241 4563 1375 4633 πρὸς
1419 4560 1593 4631 τούτῳ
1635 4562 1726 4613 καὶ
1760 4560 1838 4612 δί-

270 4675 422 4711 καιον
441 4675 454 4686 ·
492 4657 750 4726 ἐψεύσατο
769 4674 781 4686 ·
817 4656 1039 4710 θάνατον
1067 4657 1304 4726 ᾐτήσατο
1331 4655 1386 4706 ἐν
1417 4652 1839 4721 ἀπευδοκιμήσει

272 4749 416 4819 ζωῆς
449 4749 541 4801 καί
571 4748 874 4818 μετανοίας.

339 4871 384 4904 ⁸⁷
411 4873 550 4928 Gen.
582 4887 667 4938 ut,
689 4871 781 4925 2i.

341 5055 452 5127 (42)
497 5055 560 5109 Τί
587 5055 683 5108 δεῖ
703 5053 886 5127 νοεῖν,
915 5059 1020 5105 etc.
1051 5049 1421 5105 Theodoretus
1453 5047 1744 5127 αυεβα-59
1777 5047 1830 5101 in

276 5117 466 5184 Ge'nes'.
507 5135 563 5178 et
615 5139 802 5180 omnes
843 5124 1058 5177 Catenae
1104 5135 1212 5173 uno
1265 5134 1532 5173 consensu
1586 5117 1833 5170 tribuunt

276 5197 484 5266 Origeni
518 5197 620 5250 hoc
673 5193 1054 5266 fragmentum,
1103 5190 1153 5242 iu
1186 5205 1292 5266 quo
1330 5204 1432 5266 non
1469 5188 1700 5266 obscure
1741 5185 1835 5266 de:

281 5257 508 5322 claFatur
559 5267 650 5319 illa
709 5257 785 5316 de
825 5263 1050 5315 scorteis
1089 5257 1284 5313 tuniCis
1337 5259 1518 5322 opinio
1572 5272 1734 5325 quam
1779 5257 1827 5310 ei

282 5341 454 5392 tribuit
493 5345 550 5390 et
603 5333 826 5389 crimini
857 5332 1021 5384 vertit
1069 5328 1428 5398 Hieronymus
1469 5332 1627 5394 epist.
1654 5327 1729 5398 6t
1762 5326 1829 5378 ad

280 5407 702 5468 Pammachiurn,
739 5403 827 5457 his
869 5399 1045 5453 verbis
1075 5417 1088 5452 :
1124 5397 1406 5463 Quartum,
1444 5397 1824 5468 quodmtunicas

274 5480 496 5546 peHiceas
526 5479 777 5546 humana
811 5486 1056 5546 corpora
1087 5467 1685 5546 interpreteturaquibus
1711 5474 1824 5546 past

272 5534 508 5621 Mensam
556 5557 628 5621 et_
657 5534 972 5621 eiectionem
1015 5545 1077 5592 de
1113 5540 1372 5621 paradiso
1413 5537 1673 5621 Adamnet
1720 5534 1824 5614 Ιςυα

269 5605 414 5680 iliceti
437 5621 578 5686 sint,
606 5605 763 5671 haud
801 5611 1011 5665 dubium
1037 5609 1161 5678 quin
1189 5619 1310 5662 ante
1349 5608 1402 5660 in
1429 5606 1680 5675 paradiso
1708 5605 1826 5658 sine

860 4870 906 4902 ⁸⁸
938 4869 1076 4926 Gen.
1110 4886 1170 4936 ιι,
1211 4869 1306 4923 25.
1381 4867 1426 4900 ⁸⁸
1452 4866 1590 4923 Gen.
1617 4883 1701 4933 ιιι,
1725 4867 1816 4921 24.
1889 4866 1935 4898 ’°
1964 4865 2126 4922 llebr.
2152 4880 2192 4930 ι,
2223 4864 2309 4920 14.

1943 4389 2052 4433 tum
2083 4395 2254 4432 meum
2289 4393 2448 4446 quam
2491 4386 2546 4429 ut
2582 4375 2783 4429 ueniam
2825 4389 3030 4427 merear
3064 4375 3129 4425 θ’.
3161 4371 3275 4424 Non
3327 4370 3510 4424 divisit

1944 4479 2132 4534 recte;
2187 4468 2424 4521 divinum
2492 4477 2824 4534 praecepturum
2881 4462 3252 4530 contempsit;
3311 4459 3508 4514 occidit

1945 4559 2200 4626 fratrem;
2227 4558 2428 4612 occidit
2461 4568 2722 4627 praeterea
2749 4567 2805 4609 et
2824 4554 3059 4623 justum;
3101 4554 3354 4607 mentitus
3380 4561 3504 4620 est;

1949 4663 2178 4708 mortem
2199 4652 2356 4721 petiit
2389 4666 2498 4720 prae
2524 4656 2830 4718 contemptu
2862 4649 2985 4700 vita:
3010 4657 3064 4700 et
3085 4643 3433 4716 paenitentiae.

2387 4864 2429 4895 ⁹¹
2459 4860 2594 4917 Gen.
2636 4875 2707 4926 tv,
2737 4859 2790 4915 8.
2862 4859 2907 4890 θ’
2935 4857 3065 4912 ibid.
3106 4857 3192 4911 l3.

1937 5061 2121 5107 carne,
2156 5041 2325 5096 neruis
2353 5049 2400 5094 et
2433 5039 2636 5094 ossibus
2677 5035 2895 5107 fuerint.
2926 5034 3061 5090 Vide
3104 5031 3356 5089 lluetium
3388 5034 3508 5092 Ori.

1936 5105 2282 5184 geninnarum
2315 5112 2408 5184 lib.
2432 5125 2488 5171 ιι,
2511 5105 2820 5184 quaestLl‘Z,
2856 5107 3084 5184 num._8.

2008 5184 2120 5254 (45)
2165 5183 2247 5254 03’)
2291 5175 2625 5254 μόνον-,εισι
2667 5175 2766 5232 llic
2799 5176 2949 5230 locus
2989 5175 3304 5245 desumptus
3343 5185 3425 5232 est
3465 5194 3498 5233 ο

1935 5249 2154 5308 εειιεᾶἰε
2183 5249 2622 5303 Combelisiauis.

2009 5322 2120 5396 (44)
2172 5322 2274 5396 ἸξΥ
2297 5319 2375 5385 τῷ
2402 5315 2710 5396 [Ιξϐραζκᾲ
2747 5323 2853 5396 etc.
2890 5317 2944 5395 In
2987 5313 3159 5396 ltrcem
3190 5313 3368 5396 ,(ςάἰιίξι
3401 5317 3505 5371 hoc

1935 5383 2177 5447 Scholion
2215 5383 2669 5443 Montefalconius
2701 5395 2886 5440 noster
2911 5384 2964 5437 in
2997 5383 3272 5451 Hexaplis,
3303 5384 3502 5441 Cenes.

1935 5479 2008 5528 tv,
2039 5463 2091 5516 8.
2127 5460 2259 5514 Vide
2285 5461 2403 5528 ejus
2442 5469 2626 5514 notam
2659 5459 2722 5528 ad
2758 5457 2900 5509 hunc
2927 5470 3166 5528 versum.

2007 5532 2120 5601 (45)
2164 5532 2247 5586 οὐ
2284 5522 2507 5584 δίεῖλεν
2549 5525 2755 5597 ὀρθῶς,
2805 5534 2917 5581 etc.
2954 5522 2996 5578 Ε
3027 5522 3246 5579 schedia
3278 5522 3518 5580 Comb:-.

1933 5603 2164 5660 ﬁsiauis.
