4000 6146
524 228 628 286 183

1947 221 2292 280 ORIGENES

3677 217 3795 273 1οι

596 345 666 400 Et
689 343 869 416 genuit
896 341 1182 396 secundum
1207 340 1378 394 ideam
1414 354 1563 395 suam
1584 348 1631 393 et
1662 340 1944 394 secundum
1970 341 2096 394 ima-

2269 338 2380 393 Kal
2395 339 2685 410 ἐγέννησε
2710 353 2811 393 κατ
2822 338 2860 393 ἁ
2876 337 2985 407 τὴν
3004 336 3169 391 ἰδέαν
3184 333 3369 392 αὐτοῦ
3386 335 3481 390 καί
3497 337 3650 390 κατὰ
3666 334 3799 402 τὴν

520 440 693 510 ginem
722 451 871 490 suam
902 434 969 487 ".
994 433 1075 486 Ab
1098 434 1179 487 eis
1212 434 1305 502 qui
1331 442 1521 502 putant
1551 432 1693 487 aliu‘d
1726 432 1945 503 quidem
1974 449 2097 488 esse

523 529 815 598 imaginem
855 524 974 590 Dei,
1011 524 1158 577 aliud
1195 539 1325 578 vero
1356 539 1478 578 eum
1505 525 1593 593 qui
1624 526 1919 579 secundum
1957 525 2096 578 iuta-

521 622 701 692 ginem
738 617 914 672 iactus
944 627 1051 679 est,
1105 616 1457 685 quazreudum
1509 626 1593 671 est
1646 633 1775 670 num
1837 616 1980 670 aliud
2028 616 2099 671 sit

521 712 694 769 Adam
726 721 782 765 et
814 708 959 763 aliud
1001 709 1177 778 imago
1211 708 1347 776 ejus,
1389 718 1443 763 et
1468 724 1536 762 an
1569 709 1760 764 tertius
1778 709 1996 778 quidam
2030 711 2101 765 sit

521 805 590 860 ab
620 804 712 857 illo
737 801 895 871 cujus
918 800 985 853 ad
1017 799 1308 868 imaginem
1334 799 1510 854 factus
1537 809 1623 854 est
1646 798 1835 854 Adam.
1869 800 2099 857 Uteutur

521 906 702 950 autem
732 896 817 949 bis
843 895 1054 948 verbis:
1086 893 1328 953 Domine.
1357 891 1411 944 in
1440 892 1645 945 civitate
1684 900 1777 946 tua
1815 893 2097 963 imaginem

424 1034 427 1037 .
519 990 756 1054 ipsorum
784 988 851 1039 ad
874 986 1094 1039 nihilum
1124 985 1325 1054 redige;
1343 982 1428 1049 ";
1462 992 1517 1038 et
1548 982 1688 1038 illis:
1734 980 2100 1036 Verumtamen

521 1082 584 1134 in'
622 1082 848 1149 imagine
889 1079 1171 1148 pertransit
1214 1078 1369 1130 homo
1390 1077 1461 1128 ³⁸.
1512 1076 1870 1142 Quaerendum
1918 1086 2098 1129 autem

521 1180 606 1227 est
639 1172 691 1223 iu
719 1185 826 1239 quo
859 1167 1071 1223 differat
1098 1168 1216 1221 idea
1244 1167 1415 1220 Adam
1445 1167 1512 1221 ab
1542 1165 1661 1235 ejus
1695 1166 1950 1235 imagine.

596 1261 664 1315 Et
698 1261 890 1330 placuit
938 1258 1120 1313 Enoch
1171 1256 1299 1321 Deo,
1344 1267 1623 1325 postquam
1657 1257 1832 1326 genuit
1882 1254 2101 1309 Mathu-

522 1353 695 1408 salam
721 1351 787 1406 ’⁵.
822 1352 879 1405 Si
917 1360 1203 1420 postquam
1242 1350 1428 1418 genuit
1454 1347 1833 1412 Mathusalatn,
1871 1345 2097 1416 placuit,

524 1455 681 1498 antea
713 1444 1007 1497 secundum
1040 1440 1375 1511 Scripturam
1402 1455 1508 1494 nou
1541 1448 1659 1493 erat
1682 1449 1939 1509 acceptus
1964 1438 2095 1493 Deo.

525 1536 872 1592 Manifestum
931 1545 1016 1588 est
1066 1548 1190 1587 eum
1247 1533 1318 1588 ob
1373 1533 1747 1603 pteuiteutiatu
1811 1532 2098 1602 placuisse,

526 1627 740 1699 quando
791 1626 975 1695 genuit
1016 1625 1365 1679 emissionem
1413 1626 1627 1693 mortis,
1679 1638 1847 1695 quam
1913 1624 2101 1679 habuit

524 1722 841 1793 priusquam
869 1724 1183 1786 generaret.

597 1813 663 1868 Et
692 1811 1019 1866 dixitDeus:
1045 1808 1234 1862 Delebo
1275 1806 1539 1861 hominem
1568 1822 1719 1876 quem
1751 1805 1855 1875 feci
1897 1822 1931 1860 a
1962 1804 2098 1874 facie

525 1914 676 1957 terra:
708 1902 773 1955 ’⁷.
824 1899 941 1954 Non
1004 1898 1254 1952 absolute
1305 1896 1516 1962 delebo,
1541 1897 1635 1950 sed
1670 1911 1701 1950 a
1755 1905 1922 1951 terra.
1979 1897 2096 1951 Non

524 1996 669 2050 enim
703 1995 837 2048 solet
877 1993 1098 2047 omnino
1128 1990 1296 2046 deleri
1331 1989 1425 2061 qui
1476 1988 1652 2044 factus
1680 1996 1786 2054 est,
1841 1988 2097 2060 quoniam

524 2086 618 2156 qui
650 2084 823 2138 laetus
848 2093 959 2150 est,
990 2084 1056 2137 ad
1085 2080 1375 2153 imaginem
1405 2079 1503 2136 Dei
1522 2077 1703 2137 factus
1746 2088 1850 2136 est.

596 2266 697 2322 Hie
723 2275 840 2320 sunt
872 2265 1231 2337 generationes
1277 2264 1394 2321 Noe
1420 2265 1490 2331 ⁸⁸,
1514 2274 1625 2323 etc.
1654 2265 1714 2321 Si
1736 2264 2098 2322 communiori

526 2375 687 2414 sensu
720 2359 833 2413 bare
854 2358 1054 2425 scripta
1084 2369 1287 2422 essent,
1321 2358 1407 2412 his
1437 2358 1648 2413 verbis:
1670 2356 1770 2414 Ha:
1796 2368 1915 2413 sunt
1935 2374 2096 2428 gene-

526 2453 754 2505 rationes
797 2447 943 2516 Noe;
989 2448 1387 2518 adjungeudum
1432 2460 1583 2506 erat:
1617 2449 1735 2505 Noe
1779 2452 1958 2520 genuit
1990 2460 2096 2504 tres

519 2545 683 2615 ﬁlios.
718 2542 875 2597 Nunc
922 2557 1051 2597 vero
1085 2543 1341 2611 quoniam
1375 2541 1602 2610 justitia:
1650 2552 1767 2596 erat
1815 2542 2097 2612 generatio

521 2636 659 2707 ejus,
682 2637 834 2707 prius
866 2636 1070 2691 dictum
1101 2644 1205 2699 est,
1232 2636 1314 2689 Ita:
1345 2643 1468 2690 sunt
1500 2634 1879 2706 generationes,
1914 2645 1970 2690 et
2001 2635 2097 2690 ad-

522 2733 729 2789 ditum:
758 2731 835 2783 uir
859 2739 970 2783 erat
986 2728 1188 2792 justus.

594 2843 705 2897 Deo
733 2842 930 2912 placuit
974 2839 1112 2895 Noe.
1161 2839 1354 2895 Gennit
1399 2851 1574 2896 autem
1628 2839 1742 2893 Noe
1787 2851 1893 2894 tres
1930 2840 2094 2909 filios,

523 2932 666 2999 Sum,
686 2932 849 2986 (Iliam
871 2940 917 2985 et
938 2929 1126 2997 Jupitet
1147 2930 1214 2988 ⁹⁹.
1241 2930 1412 2999 Supra
1443 2931 1640 2999 legitur
1663 2948 1676 2984 :
1707 2929 1850 2984 Viait
1872 2930 2094 2984 Lanteclr

523 3049 691 3085 annos
721 3044 925 3084 centum
955 3042 1002 3085 et
1028 3030 1291 3098 octoginta
1318 3037 1365 3079 et
1400 3037 1533 3088 octo,
1567 3034 1616 3079 et
1648 3027 1827 3096 genuit
1863 3024 1998 3082 Noe.
2025 3025 2092 3080 Et

523 3125 650 3177 vixit
691 3121 911 3175 Lamech
961 3134 1234 3189 postquam
1278 3117 1452 3186 genuit
1489 3114 1605 3169 Noe
1649 3132 1814 3169 annos
1851 3131 2012 3182 Dur,
2048 3128 2094 3168 et

524 3214 653 3283 [acti
681 3222 800 3266 sunt
825 3227 999 3265 omnes
1039 3212 1149 3263 dies
1195 3206 1421 3260 Lameclt
1454 3207 1578 3260 anni
1607 3207 1917 3275 septingenti
1946 3207 2100 3275 quiu-

520 3307 775 3377 quuginta
798 3315 920 3367 tres,
936 3313 980 3353 et
999 3311 1233 3353 mortuus
1252 3307 1346 3353 est.
1363 3298 1466 3368 31
1490 3298 1557 3351 Et
1573 3307 1684 3352 erat
1706 3297 1756 3351 Ν
1764 3314 1820 3351 oe
1838 3313 2098 3351 annorum

522 3411 582 3461 ι),
626 3410 673 3450 et
715 3395 890 3465 genuit
942 3402 1044 3446 tres
1087 3389 1291 3459 ﬁliue‘.
1325 3388 1504 3444 Etiam
1546 3390 1635 3443 hic
1666 3403 1936 3449 annorum
1986 3386 2099 3442 Noe

524 3491 805 3559 sexaginta
860 3485 1101 3555 quinque
1143 3481 1568 3553 discrepantiam
1621 3479 2095 3550 deprehendimus.

525 3580 727 3635 Verum
773 3581 874 3632 hoc
904 3576 1023 3631 loco
1050 3574 1335 3644 Scriptura
1365 3573 1502 3629 dicit
1528 3572 1641 3628 Noe
1667 3571 1775 3628 Deo
1803 3573 2096 3641 placuisse,

524 3676 672 3728 sicut
696 3672 860 3726 etiam
891 3669 959 3724 de
978 3668 1164 3722 Euoclt
1190 3668 1455 3737 scriptum
1478 3676 1585 3721 est.
1609 3665 1743 3720 Nam
1769 3666 1856 3720 ille
1879 3678 2097 3735 quoque

522 3782 644 3820 cum
683 3764 887 3833 placuit
937 3760 1067 3825 Deo,
1099 3769 1230 3815 tunc
1259 3758 1555 3815 translatus
1586 3768 1669 3815 est
1706 3760 1773 3814 ab
1802 3773 1888 3813 eo.
1928 3757 2095 3812 Simi-

522 3856 650 3913 liter
680 3867 860 3909 autem
894 3863 949 3907 et
977 3854 1076 3921 ipsi
1109 3850 1225 3907 Noe
1277 3851 1559 3922 sexaginta
1607 3850 1848 3920 quinque
1900 3864 2094 3916 armos,

523 3958 819 4016 antequam
851 3944 1087 4014 placeret
1111 3944 1221 3998 Deo
1272 3942 1503 4012 elapsos,
1516 3958 1623 3997 non
1653 3942 1985 4012 computavit
2015 3940 2097 3995 di-

522 4041 650 4095 vina
678 4040 978 4108 Scriptura.
1007 4038 1179 4093 Sicuti
1210 4052 1311 4093 nec
1336 4035 1647 4091 Abrahamo
1662 4034 1941 4101 sexaginta
1964 4032 2093 4088 anni

522 4134 649 4187 vitae
684 4142 976 4201 antequam
1010 4132 1176 4185 Deum
1209 4136 1583 4199 c0guoseeret,
1614 4128 1910 4197 computati
1941 4134 2093 4193 sunt,

522 4243 623 4283 uec
644 4225 861 4280 Euocbo
895 4225 1139 4293 triginta,
1168 4238 1268 4277 uec
1285 4222 1434 4277 Sauli
1461 4222 1673 4292 viginti,
1698 4237 1796 4278 nec
1819 4220 2094 4278 Salomoni

521 4319 905 4389 quadraginta,
940 4332 1037 4370 nec
1080 4315 1325 4369 Ezechiae
1356 4314 1777 4382 septemdecim:
1807 4315 1900 4369 sed
1929 4315 2093 4370 etiam

2195 432 2399 486 εἰκόνα
2434 430 2640 484 αὑτοῦ.
2690 431 2832 501 Πρὸς
2865 432 2991 493 τοὺς
3026 429 3306 499 οἰομένους
3335 425 3442 497 (46)
3465 427 3630 497 ἄλλην
3682 424 3796 494 μὲν

2192 520 2335 577 εἶναι
2364 523 2461 592 τὴν
2492 523 2679 575 εἰκόνα
2709 521 2802 575 τοῦ
2836 520 2991 584 Θεοῦ,
3023 519 3177 573 ἄλλον
3210 520 3266 571 δὲ
3300 517 3389 571 τὸν
3424 518 3541 571 κατ’
3566 514 3795 578 εἰκόνα,

2196 616 2434 680 λεκτέον,
2462 616 2512 668 εί
2540 615 2696 679 ἄλλος
2731 614 2830 685 μὲν
2858 615 2887 666 6
2929 613 3118 682 Ἀδὰμ,
3154 611 3309 674 ἄλλος
3335 611 3392 663 δὲ
3423 612 3457 680 ὴ
3481 608 3647 663 εἰκὼν
3680 607 3796 660 αὑ-

2197 707 2290 761 τοῦ
2311 725 2324 738 °
2358 707 2451 761 καὶ
2484 708 2532 759 εἰ
2558 706 2740 776 τρίτος
2771 703 2911 758 κατὰ
2936 703 3028 756 τὸν
3062 698 3122 756 οὗ
3154 701 3274 754 κατ’
3304 700 3485 753 εἰκόνα
3515 701 3543 753 6
3580 698 3790 768 Ἀδάμ.

2198 799 2502 870 Χρήσονται
2529 796 2586 850 δὲ
2617 795 2723 867 τῷ·
2760 796 2956 864 Κύριε,
2988 795 3055 847 ὲν
3091 791 3164 862 τῇ
3208 794 3383 848 πόλει
3415 808 3531 846 σου
3560 790 3681 859 τὴν
3709 791 3797 842 ει-

2197 891 2349 943 κόνα
2377 886 2576 941 αὐτῶν
2612 885 3039 951 ἐξουδενάκτεις
3058 901 3072 915 ο
3118 885 3211 938 καὶ
3240 882 3320 953 τῷ
3339 900 3352 912 ·
3386 881 3678 951 Μέντοιγε
3718 880 3798 933 ἐν

2197 984 2382 1037 εικόνι
2421 980 2832 1049 διαπορεύεται
2878 978 3206 1056 ἅνθρωπος.
3255 974 3522 1047 Ζητητέον
3566 974 3626 1027 δὲ
3677 972 3796 1026 τίνι

2197 1075 2441 1148 διαφέρει
2484 1075 2518 1145 ἡ
2553 1073 2667 1127 ίδέα
2710 1071 2880 1144 ’Δδὰμ
2926 1071 3026 1142 τῆς
3068 1069 3275 1133 εἰκόνος
3312 1067 3479 1121 αὑτοῦ
3516 1066 3651 1139 (47).

2270 1254 2669 1322 Εὺηρέστησε
2682 1250 2751 1306 δὲ
2764 1251 2953 1323 Ἑνὼχ
2978 1251 3059 1318 τῷ
3081 1250 3203 1318 Θεῷ
3215 1251 3365 1322 μετὰ
3385 1249 3453 1305 τὸ
3477 1249 3789 1320 γεννῆσαι

2200 1345 2389 1401 αὐτὸν
2411 1345 2519 1399 τὸν
2533 1344 2922 1400 Μαθουσάλα.
2939 1346 3001 1397 El
3021 1342 3157 1414 μετὰ
3181 1344 3241 1396 τὸ
3269 1344 3526 1414 γεννῆσαι
3550 1343 3663 1414 (48)
3690 1342 3794 1395 τὸν

2202 1438 2528 1493 Μαθουσάλα
2555 1438 2907 1507 εὑηρέστησε,
2945 1435 3050 1508 πρὸ
3074 1435 3263 1488 τούτου
3304 1435 3445 1488 κατὰ
3481 1436 3585 1506 τὴν
3634 1435 3789 1506 Γρα-

2202 1530 2308 1602 φὴν
2331 1530 2429 1584 οὐκ
2454 1525 2519 1601 ἦν
2553 1532 2861 1602 εὐάρεστος.
2894 1528 3080 1599 Δῆλον,
3100 1528 3183 1580 ὅτι
3237 1528 3301 1579 ἐκ
3328 1527 3615 1597 μετανοίας
3647 1526 3787 1595 εὑη-

2208 1623 2485 1694 ρέστησεν,
2520 1624 2608 1676 ὅτε
2641 1622 2927 1693 ἐγέννησεν
2960 1622 3057 1691 τὴν
3100 1619 3194 1672 τοῦ
3227 1620 3457 1673 Θανάτου
3487 1617 3793 1683 ἐξαποστα-

2128 1713 2172 1767 Β
2198 1713 2317 1784 λὴν,
2359 1712 2416 1765 ὃν
2442 1709 2585 1784 εἶχον
2615 1713 2740 1785 πρὶν
2774 1713 3029 1783 γεννῆσαι
3063 1708 3245 1763 αὑτὸν.

2270 1806 2385 1859 Kal
2418 1802 2587 1859 εἶπεν
2623 1807 2655 1857 ό
2706 1805 2849 1870 Θεός
2869 1822 2882 1834 ·
2941 1802 3281 1871 Ἀπαλείψω
3306 1799 3412 1853 τὸν·
3442 1801 3786 1868 ἄνθρωπον.

2203 1897 2278 1952 ὃν
2312 1899 2586 1965 ἐποίησα,
2624 1898 2741 1951 ἀπὸ
2795 1895 3116 1966 προσώπου
3148 1893 3258 1965 τῆς
3292 1893 3419 1965 γῆς.
3463 1896 3573 1965 Οὐχ
3607 1896 3789 1959 ἁπαξ-

2203 1989 2388 2053 απλῶς
2415 1989 2522 2060 (49)
2548 1987 2851 2058 ἀπαλείψω,
2884 1988 2998 2042 ἀλλ’
3034 1988 3142 2042 ἀπὸ
3164 1988 3263 2058 τῆς
3287 1988 3408 2059 γῆς.
3437 1988 3511 2041 Οὐ
3546 1986 3656 2058 γὰρ
3688 1988 3791 2040 πέ-

2204 2099 2341 2153 φυκε
2402 2080 2681 2145 παντελῶς
2737 2079 3128 2150 ἀπαλείφεσθαι
3172 2081 3201 2133 6
3256 2078 3529 2150 ποιηθεὶς,
3572 2079 3703 2132 ἐπεὶ
3759 2081 3791 2132 6

2202 2174 2447 2245 ποιηθεὶς
2477 2175 2595 2230 κατ’
2628 2175 2811 2229 εἰκόνα
2844 2173 2978 2229 Θεοῦ
3006 2174 3319 2246 πεποίηται.

2272 2263 2458 2323 Αὖται
2482 2267 2551 2321 δὲ
2585 2271 2645 2321 al
2677 2267 2946 2337 γενέσεις
2974 2267 3122 2333 Νῶε,
3153 2268 3247 2321 καὶ
3273 2266 3341 2321 τὰ
3379 2264 3525 2338 ἐξῆς.
3562 2266 3626 2319 El
3659 2284 3787 2321 κοι-

2201 2360 2418 2433 νότερον
2442 2361 2554 2433 (50)
2590 2364 2859 2435 ἐγράφετο
2890 2363 3084 2427 ταῦτα,
3111 2362 3274 2434 ἐχρῆν
3298 2361 3655 2434 ἐπιφέρεσθαι
3680 2357 3788 2431 τῷ,

2201 2449 2387 2513 Αὖται
2420 2457 2477 2508 al
2504 2453 2700 2523 γενεαὶ
2739 2452 2883 2518 Νῶε,
2920 2455 3048 2508 Νῶε
3081 2454 3371 2524 ἐγέννησε
3402 2452 3555 2521 τρεῖς
3587 2452 3786 2519 υἱούς.

2201 2541 2316 2596 Νῦν
2366 2543 2422 2595 δὲ
2460 2544 2584 2597 ἐπεὶ
2632 2543 2976 2612 δικαιοσύνης
3015 2546 3049 2615 ἡ
3084 2544 3296 2613 γένεσις
3345 2542 3528 2607 αὐτοῦ,
3584 2540 3788 2611 προτέ-

2199 2651 2397 2687 τακται
2431 2634 2529 2706 μὲν
2549 2638 2628 2699 τὸ,
2660 2631 2833 2691 αὗται
2863 2639 2923 2690 al
2955 2635 3240 2705 γενέσεις,
3267 2636 3584 2706 ἐπιφέρεται
3608 2634 3664 2687 δὲ
3694 2635 3784 2701 τὸ,

2201 2727 2511 2795 ἅνθρωπος
2536 2725 2767 2793 δίκαιος
2793 2726 2897 2781 ὧν.

2278 2839 2362 2907 Τῷ
2408 2841 2530 2908 Θεῷ
2558 2841 2932 2911 εὺηρέστησε
2975 2840 3121 2897 Νῶε.
3178 2840 3495 2912 Ἐγέννησε
3536 2838 3603 2893 δὲ
3651 2837 3785 2892 Νῶε

2201 2934 2355 3003 τρεῖς
2386 2935 2580 3001 υἱοὺς,
2615 2934 2721 2988 τὸν
2751 2934 2900 3004 Σημ,
2945 2934 3052 2989 τὸν
3094 2933 3239 3004 Χὰμ,
3271 2933 3376 2987 τὸν
3421 2932 3633 3001 Ἰάρετ).
3676 2931 3787 2983 Πε-

2205 3025 2373 3097 ριέχει
2400 3028 2456 3079 ἐν
2494 3028 2606 3088 τοῖς
2639 3025 2946 3096 ἔμπροσθεν
2995 3025 3124 3095 (51),
3168 3026 3250 3077 ὅτι
3309 3022 3522 3092 Ἕζησε
3576 3022 3783 3091 Λάμεχ

2199 3118 2301 3183 ἔτη
2322 3116 2538 3171 ἑκατὸν
2558 3118 2654 3171 καὶ
2677 3117 3045 3188 ὀγδοήκοντα
3064 3115 3350 3183 καὶόκτὼ,
3369 3116 3465 3169 καὶ
3485 3114 3784 3184 ἐγέννησε

2197 3210 2345 3264 Νῶε.
2372 3210 2668 3277 Καίὲζησε
2684 3210 2906 3281 Λάμεχ,
2917 3211 3065 3280 μετὰ
3078 3210 3144 3263 τὸ
3161 3209 3449 3280 γεννῆσαι
3469 3206 3657 3261 αὐτὸν
3674 3206 3785 3260 τὸν

2197 3301 2347 3365 Νῶε,
2361 3301 2464 3369 ἐτη
2488 3306 2853 3357 πεντακόσια
2872 3303 2968 3356 καὶ
2995 3302 3290 3369 ἑξήκοντα
3315 3302 3414 3356 καὶ
3436 3302 3644 3358 πέντε’
3677 3301 3780 3357 καὶ

2195 3392 2476 3464 ἐγένοντο
2510 3392 2701 3449 πᾶσαι
2728 3397 2787 3448 αὶ
2832 3396 3044 3464 ἡμέραι
3074 3394 3277 3465 Λάμεχ
3310 3395 3415 3463 ἔτη
3444 3395 3780 3449 ἑπτακόσια

2196 3485 2294 3539 καί
2332 3485 2710 3551 πεντήκοντα
2739 3486 2889 3554 τρία,
2927 3487 3023 3540 καὶ
3066 3486 3351 3542 ἀπέθανε.
3393 3487 3501 3542 Kal
3536 3484 3618 3559 ἦν
3649 3487 3781 3542 Νῶε

2194 3578 2347 3633 ἐτῶν
2378 3579 2814 3643 πεντακοσίων,
2845 3580 2944 3633 καὶ
2972 3578 3266 3649 ἐγέννησε
3286 3579 3440 3648 τρεῖς
3458 3583 3642 3647 υἱούς.
3666 3582 3781 3634 Καὶ

2195 3673 2521 3745 εὑρίσκομεν
2543 3675 2601 3726 ἐν
2629 3672 2802 3743 τούτῳ
2831 3673 3128 3743 διαφωνίαν
3154 3674 3417 3744 ἐξήκοντα
3441 3675 3601 3727 πέντε
3632 3673 3777 3727 ἐτῶν

2194 3765 2287 3820 τοῦ
2305 3766 2446 3820 Νῶε.
2499 3766 2635 3819 Ἀλλ’
2670 3765 2903 3820 ἐνταῦθα
2932 3767 2965 3837 ὴ
3003 3768 3193 3840 Γραφὴ
3222 3767 3389 3836 λέγει,
3423 3768 3505 3820 ὅτι
3536 3766 3614 3837 τῷ
3654 3766 3778 3838 θεῷ

2195 3857 2527 3927 εὐηρέστησε
2577 3857 2736 3924 Νῶε,
2778 3859 2962 3924 καθὼς
3008 3860 3317 3930 γέγραπται
3364 3860 3460 3913 καὶ
3497 3858 3627 3930 περὶ
3677 3857 3775 3911 τοῦ

2208 3947 2393 4018 Ἑνώχ.
2434 3951 2697 4012 Κάκεῖνος
2734 3949 2843 4021 γὰρ
2872 3952 2959 4004 ὅτε
2996 3951 3329 4023 εὐηρέστησε
3366 3947 3444 4019 τῷ
3476 3949 3616 4019 Θεῷ,
3652 3950 3774 4004 τότε

2195 4041 2288 4094 καὶ
2318 4040 2615 4112 μετέθηκεν
2652 4043 2834 4098 αὐτόν,
2889 4044 3119 4114 Ὁμοίως
3151 4039 3243 4097 οὖν
3281 4044 3375 4095 καὶ
3406 4042 3499 4096 τοῦ
3544 4042 3669 4095 Νῶε
3704 4043 3775 4097 τὰ

2196 4131 2302 4205 πρὸ
2344 4132 2445 4204 τῆς
2479 4134 2887 4205 εὑαρεστήσεως
2919 4134 3185 4206 ἐξήκοντα
3211 4135 3305 4189 καὶ
3335 4135 3498 4188 πέντε
3544 4134 3641 4205 ἐτη
3672 4135 3774 4189 οὐκ

2195 4225 2477 4294 ἐλογίσατο
2510 4226 2659 4298 αὐτῷ
2710 4228 2744 4297 ἡ
2777 4227 2897 4282 θεία
2927 4228 2966 4281 Γ
2972 4230 3139 4300 ραφή.
3170 4228 3380 4299 Ὠσπερ
3422 4228 3515 4281 καὶ
3544 4227 3634 4279 ἐπὶ
3674 4226 3771 4279 τοῦ

2207 4316 2456 4389 Ἀϐραὰμ
2481 4319 2581 4373 οὐκ
2613 4318 2864 4389 ἐλογίσθη
2896 4323 2974 4383 εἰς
3004 4319 3147 4392 ζωὴν
3170 4319 3242 4373 τὰ
3271 4320 3533 4390 ἐξήκοντα
3568 4318 3664 4389 ἔτη
3702 4319 3773 4373 τὰ

520 4412 667 4465 circa
702 4408 997 4463 Mathusala
1029 4409 1297 4472 reperitur
1317 4406 1612 4461 discrimen
1641 4421 1905 4460 annorum
1928 4406 2090 4477 quin-

2208 4411 2299 4482 πρὸ
2325 4411 2424 4481 τῆς
2444 4411 2772 4480 θεογνωσίας
2804 4411 2989 4476 αὑτοῦ,
3031 4412 3125 4465 καὶ
3153 4410 3247 4464 τοῦ
3297 4411 3463 4482 Ἑνὼχ
3489 4411 3581 4482 ἔτη
3613 4410 3773 4481 τριά-

522 4504 725 4557 decim.

2198 4519 2391 4556 κοντα·
2423 4503 2515 4557 καὶ
2553 4502 2649 4556 τοῦ
2692 4502 2863 4556 Σαοὺλ
2905 4502 3000 4571 ἔτη
3026 4502 3220 4567 εἴκοσι,
3251 4502 3345 4556 καὶ
3375 4501 3469 4555 τοῦ
3501 4501 3774 4571 Σολομῶν·

520 4615 612 4659 τος
634 4597 727 4668 ἐτη
750 4596 1172 4668 τεσσαράκοντα,
1193 4594 1286 4648 καὶ
1312 4594 1403 4648 τοῦ
1440 4593 1683 4658 Ἐζεκίου
1712 4594 1805 4668 ἔτη
1830 4594 1965 4651 δέκα
1991 4598 2086 4652 καὶ
2114 4598 2255 4653 ἐσττὰ
2272 4617 2285 4630 ’
2321 4599 2457 4654 ἀλλὰ
2486 4601 2580 4655 καὶ
2613 4601 2741 4672 περὶ
2765 4600 2859 4654 τοῦ
2916 4598 3249 4657 Μαθουσάλα
3300 4598 3611 4670 εὑρίσκεται
3655 4597 3774 4650 δια-

522 4692 696 4760 φωνία
724 4689 858 4744 ἐτῶν
877 4690 1188 4744 δωωιπέντε.

665 4866 711 4945 ’,³
739 4867 879 4945 69η.
899 4884 957 4945 AV,
984 4871 1040 4945 1.Δ
1062 4871 1120 4945 3;
1192 4870 1240 4902 ”
1267 4870 1406 4945 Psal.
1435 4887 1607 4939 Lxxu,
1633 4872 1726 4929 20.
1801 4877 1847 4909 "
1886 4876 2026 4931 Psal.
2057 4894 2088 4932 χ

2208 4894 2289 4945 ιιι,
2321 4877 2374 4931 7.
2450 4877 2498 4910 ⁸⁸
2528 4876 2670 4934 Gen.
2691 4891 2743 4944 ν,
2765 4876 2858 4932 22.
2948 4877 2993 4909 ’⁷
3019 4875 3159 4933 Gen.
3196 4889 3275 4941 vr,
3306 4875 3360 4930 7.

515 4940 563 4975 ”
590 4937 747 5003 ibid.,
775 4938 831 5004 9,
864 4942 948 4993 l0.
1028 4939 1044 4969 ⁸
1080 4939 1215 4995 Gen.
1252 4957 1301 5007 v,
1325 4941 1395 4995 28
1423 4957 1572 5013 seqq.

3453 4872 3501 4908 “
3522 4871 3678 4938 ibid.,
3714 4871 3770 4928 9.

587 5118 720 5201 ζ
757 5118 914 5188 Πρὸς
968 5117 1111 5185 τοὺς
1171 5116 1519 5188 οἰομένους,
1578 5127 1685 5176 etc.
1750 5120 1830 5174 Ex
1892 5120 2081 5177 iisdem

2208 5124 2483 5201 30'!!!)P‘Ez

518 5208 573 5249 sc
585 5192 757 5247 laedis.

589 5261 705 5335 (tl?)
747 5261 883 5335 Post
902 5258 1065 5335 αὑτοῦ
1093 5261 1254 5335 codd.
1282 5260 1433 5329 Regii
1463 5260 1669 5335 addunt
1699 5261 1818 5335 sine
1844 5262 2087 5335 auctoris

517 5328 780 5403 nomine:
821 5328 954 5403 Ἰδέα
1007 5331 1155 5403 ἐστὶν
1202 5333 1235 5402 ἡ
1269 5328 1555 5402 σωματικὴ
1598 5331 1884 5403 ὁμοίωσις·
1925 5330 2087 5385 εἰκὼν

516 5402 572 5455 δὲ
607 5403 641 5472 ἡ
685 5399 889 5471 ψυχικὴ
935 5399 1463 5473 κατάστασιςρίιιεα
1490 5399 1566 5455 est
1613 5399 1863 5473 corporea
1892 5404 2087 5456 simili-

519 5471 688 5534 tudo;
718 5473 896 5539 imngo
927 5486 1045 5523 vero
1072 5474 1265 5524 anima:
1294 5471 1527 5525 habitus.

590 5541 702 5611 (£8)
743 5542 812 5594 El
857 5539 1009 5608 μετὰ
1051 5539 1117 5593 τὸ
1178 5539 1507 5609 γεννῆσαι,
1548 5552 1656 5598 etc.
1707 5540 1949 5597 [labetur
1993 5542 2087 5597 hic

521 5612 675 5667 locus
708 5612 761 5663 ιιι
793 5613 980 5664 ιιειιιειιι
1013 5613 1229 5662 scltt-tlts
1261 5612 1555 5666 Combclis.

597 5681 709 5752 M9)
750 5683 872 5750 Οὐχ
912 5680 1303 5748 ἁπαξαπλῶς,
1350 5693 1457 5737 ctt'.
1503 5681 1561 5738 lu
1622 5683 1810 5739 iisdem
1871 5682 2086 5739 scltedis

2264 5192 2377 5263 (50)
2416 5195 2488 5247 El
2518 5194 2877 5263 κοινότερον,
2922 5200 3028 5246 etc.
3065 5188 3325 5263 Quaedam
3364 5201 3572 5263 calente
3610 5191 3769 5263 illunc

2193 5260 2370 5387 ἶριέιὶιιι
2405 5263 2702 5319 ἀδέσποτον
2733 5260 2952 5328 babent,
2986 5263 3082 5318 sed
3121 5261 3371 5318 Romana
3403 5260 3623 5334 Origeui
3668 5270 3766 5315 trt-

2234 5351 2283 5386 ut
2319 5375 2332 5387 .

2234 5347 2332 5387 ιιιι.

2266 5404 2379 5475 (5|)
2418 5403 2682 5474 Περιέχει
2704 5404 2775 5458 ἐν
2795 5402 2921 5469 τοῖς
2940 5404 3301 5473 ἔμπροσθεν,
3326 5412 3433 5458 etc.
3460 5400 3767 5475 luﬂscltedis

2194 5472 2501 5527 Cotnbelisii
2555 5472 2895 5541 tle-sumptum
2955 5479 3158 5528 dicitur
3204 5492 3235 5529 e
3282 5483 3470 5527 catena
3516 5473 3763 5527 liotuaua

2197 5544 2296 5596 hoc
2332 5546 2690 5613 fragmentum
2722 5547 2866 5613 quod
2900 5543 3349 5599 illuutel'alcouius
3380 5556 3562 5598 uoster
3589 5543 3766 5597 edidit

2196 5614 2248 5666 in
2281 5616 2747 5669 observationibua
2786 5616 2900 5670 suis
2946 5618 3011 5670 ad
3063 5613 3303 5686 llexapla
3345 5613 3614 5685 Origeuis,
3651 5613 3760 5670 Ge-

2196 5698 2307 5736 nes.
2338 5701 2390 5737 v.
2416 5684 2488 5737 ‘25
2512 5697 2563 5737 et
2600 5683 2690 5737 ‘26.

2195 5698 2307 5736 ιιθς.
2338 5701 2390 5744 ν,
2416 5697 2488 5737 ’Ζῧ
2512 5697 2563 5738 et
2600 5697 2690 5737 Συ.
