4000 6146
338 250 439 308 105

1741 255 1810 313 IN
1847 256 2166 316 GENESIM.

3473 245 3577 322 me

414 359 659 433 Ἑφθὰρη
704 361 773 417 δὲ
831 368 874 437 ἡ
931 367 1009 439 γῆ
1078 370 1357 425 ἐναντίον
1406 370 1514 426 τοῦ
1576 371 1743 427 Θεοῦ·
1803 374 1902 427 καὶ

2079 377 2341 447 Corrupto
2382 383 2461 433 est
2497 387 2672 433 autem
2703 384 2845 434 terra
2879 382 3003 435 ante
3031 374 3224 445 Deum,
3263 390 3310 436 et
3360 382 3575 453 impleta

333 457 607 526 ἐπαύσθη
640 458 677 526 ἠ
716 456 796 528 τῆ
834 460 1103 529 ἀδικίας’
1138 464 1241 518 καὶ
1284 460 1406 519 εἶδε
1443 465 1658 534 Κύριος
1695 468 1730 520 ό
1768 466 1912 534 Θεὸς

336 548 448 620 τὴν
494 547 628 619 γῆν,
662 551 763 604 καὶ
806 548 889 622 ἦν
928 555 1375 625 κατεφθαρμένῃ
1392 572 1407 586 θ
1441 554 1530 608 ὅτι
1569 556 1912 626 κατέφθειρε

336 639 501 695 πᾶσα
534 640 690 709 σὰρξ
717 641 838 710 τὴν
861 643 1007 699 ὁδὸν
1042 644 1228 700 αὐτοῦ
1259 646 1356 699 ἐπὶ
1381 644 1491 715 τῆς
1528 645 1659 716 τῆς.
1707 648 1911 702 Ἀδικία

337 732 431 801 μὲν
466 730 578 801 (Si)
615 731 827 804 φθείρει
860 735 958 807 τὴν
990 736 1117 806 γῆν,
1149 735 1461 808 δικαιοσύνη
1494 738 1551 791 δὲ
1585 737 1752 801 σώζει
1772 755 1786 769 ⁸
1816 741 1911 793 καὶ

333 825 361 876 ὁ
396 823 749 895 ἁμαρτάνων,
784 825 844 879 τὸ
877 827 999 882 ὅσον
1034 830 1117 899 ἐφ’
1163 828 1361 900 ἐαυτῷ,
1393 829 1603 902 φθείρει
1635 828 1745 901 ’τὴν
1779 830 1905 901 γῆν.

330 918 442 970 Οὐκ
473 919 534 969 ὲν
562 918 643 989 τῷ
676 919 1042 992 κατακλυσμῷ
1072 920 1259 991 γέγονε
1298 920 1724 994 κατεφθαρμένῃ
1751 924 1785 992 ή
1838 922 1908 993 γῆ

330 1008 485 1077 (the
521 1012 635 1085 γὰρ
661 1013 997 1068 ἀπλούσατο
1023 1015 1121 1086 τὴν
1163 1012 1415 1085 φθοράν),
1446 1013 1561 1067 ἀλλ’
1592 1016 1651 1067 ὲν
1686 1016 1751 1086 τῇ
1793 1014 1909 1068 ἀδι-

327 1102 443 1172 κίᾳ.
489 1104 556 1157 ⁸0
579 1104 638 1156 δὲ
665 1105 989 1177 κατέφθειρε
1024 1106 1122 1177 τὴν
1159 1106 1274 1160 ὁδὸν
1318 1106 1412 1159 τοῦ
1460 1105 1616 1170 Θεοῦ,
1655 1106 1756 1160 οὐκ
1794 1106 1910 1160 ἔστι

326 1193 570 1265 πνεῦμα,
614 1196 754 1251 ἀλλὰ
787 1197 953 1270 σάρξ·
991 1198 1062 1253 Τὸ
1100 1199 1208 1273 γὰρ
1244 1201 1522 1268 φρόνημα
1541 1197 1654 1267 τῆς
1686 1196 1911 1266 σαρκὸς

323 1285 511 1355 ἔχθρα
537 1290 630 1354 εὶς
656 1290 823 1342 Θεόνο
854 1291 966 1358 καὶ,
982 1289 1048 1342 Οἱ
1078 1290 1148 1344 ἐν
1172 1289 1355 1359 σαρκὶ
1386 1288 1596 1355 ζῶντες
1624 1288 1746 1355 Θεῷ
1771 1288 1907 1358 ἀρέ-

323 1394 430 1433 σαι
457 1381 532 1434 οὐ
556 1381 866 1435 δύνανται.
1518 1382 1525 1387 ’

394 1472 534 1536 Δύο,
560 1470 674 1525 δύο
701 1472 820 1526 ἀπὸ
844 1470 1085 1526 πάντων
1114 1471 1376 1539 είσὰξεις
1401 1475 1490 1540 είς
1508 1471 1625 1543 τὴν
1660 1469 1910 1526 κιϐωτὸν

323 1564 429 1617 ἵνα
448 1562 674 1633 τρέψῃς
693 1563 844 1634 μετὰ
863 1564 1142 1619 σεαυτοῦ.
1176 1567 1399 1634 Ἀρσεν
1422 1567 1521 1620 καὶ
1547 1563 1701 1635 θῆλυ
1728 1565 1907 1619 ἐσον-

324 1669 443 1706 ται.
485 1653 641 1706 Ἐπεὶ
665 1654 936 1725 καθαροὺς
959 1654 1070 1727 (5'5)
1096 1655 1253 1727 ήθελε
1277 1657 1553 1728 διαμένειν
1571 1657 1698 1721 τοὺς
1729 1655 1905 1710 εἰσελ-

2010 474 2085 519 est
2118 475 2259 521 terra
2284 466 2585 538 iniquitate,
2625 478 2674 522 et
2699 470 2827 524 uidit
2877 469 3137 526 Dominus
3173 472 3313 527 Deus
3354 481 3573 539 terram;

2009 568 2058 611 et
2095 569 2205 612 erat
2235 569 2503 629 corrupta,
2552 562 2676 630 quia
2717 574 3023 631 corruperat
3067 565 3235 618 omnis
3275 582 3398 620 caro
3434 566 3575 621 uiam

2010 650 2123 717 ejus
2178 667 2336 718 super
2382 653 2637 707 terram’.
2688 653 2953 725 Iniquitas
2998 659 3300 727 corrumpit
3339 669 3570 725 terram,

2003 739 2213 807 justitia
2248 753 2462 809 servat;
2500 751 2555 799 et
2605 743 2696 813 qui
2731 754 2946 814 peccat,
2980 758 3245 819 quantum
3293 750 3346 805 in
3378 767 3438 806 se
3465 761 3569 821 est,

2008 836 2303 903 corrumpit
2338 844 2561 891 terram.
2584 836 2701 892 Non
2727 838 2781 892 in
2814 839 3018 895 diluvio
3042 852 3297 912 corrupta
3320 853 3405 899 est
3426 856 3572 903 terra

2010 924 2163 995 (tunc
2195 927 2338 981 enim
2378 926 2548 982 abluit
2583 928 3033 1003 corruptionem),
3055 934 3150 989 sed
3178 934 3231 990 in
3263 936 3571 1008 iniquitate.

2008 1017 2160 1084 Quod
2200 1028 2380 1074 autem
2423 1021 2669 1091 corrupit
2704 1021 2848 1076 viam
2891 1023 3012 1089 Dei,
3049 1040 3153 1080 non
3204 1035 3289 1081 est
3318 1029 3574 1098 spiritus,

2010 1110 2105 1164 sed
2136 1124 2292 1177 caro;
2326 1125 2448 1165 nam
2479 1113 2735 1180 sapientia
2788 1114 2987 1180 carnis,
3023 1116 3236 1171 inimica
3269 1127 3346 1173 est
3391 1119 3573 1189 Deo';

2008 1207 2083 1263 et,
2102 1195 2271 1262 Quiin
2298 1214 2455 1253 carne
2490 1202 2688 1268 vivunt,
2723 1201 2828 1255 Deo
2861 1203 3068 1272 placere
3095 1220 3196 1260 non
3218 1218 3433 1276 possunt
3453 1207 3498 1265 ⁸.

2010 1512 2017 1517 .
2075 1468 2218 1537 Duo,
2254 1470 2360 1524 duo
2389 1487 2454 1525 ea:
2481 1473 2724 1528 omnibus
2749 1476 3053 1530 introduces
3086 1476 3140 1530 in
3161 1492 3361 1544 arcam,
3390 1488 3446 1534 ut
3472 1494 3575 1536 nu-

2008 1556 2140 1610 trias
2174 1566 2364 1611 tecum.
2408 1557 2684 1615 Masculus
2718 1570 2767 1615 et
2815 1562 3012 1631 femina
3051 1565 3263 1620 erunt'.
3299 1565 3572 1634 Quoniam

2007 1646 2253 1702 homines
2280 1649 2557 1717 ingressos
2593 1652 2647 1706 in
2680 1666 2887 1721 arcam,
2920 1656 3151 1712 mundos
3182 1671 3212 1712 a
3247 1661 3439 1729 copula
3466 1676 3569 1717 vo-

326 1744 520 1809 θόντας
551 1745 876 1816 ἀνθρώπους
917 1750 998 1811 είς
1029 1747 1128 1819 τήν
1160 1747 1389 1801 κιϐωτὸν
1423 1747 1531 1801 ἀπὸ
1565 1746 1783 1820 μίξεως,
1818 1744 1902 1800 ού-

2010 1738 2154 1795 lebat
2185 1756 2530 1810 permanere,
2586 1745 2667 1800 sic
2715 1759 2811 1801 eos
2855 1746 3172 1815 introducit,
3218 1748 3272 1804 in
3324 1751 3572 1822 ingressu

323 1854 435 1900 τως
475 1838 675 1902 αὐτοὺς
712 1838 949 1908 εἰσάγει,
1003 1840 1142 1892 κατὰ
1177 1839 1276 1909 τὴν
1318 1837 1624 1910 εἰσαγωγὴν
1669 1837 1913 1892 κελεύων

322 1928 509 1991 αὐτοῖς
550 1928 650 1999 τὴν
682 1928 965 2001 διατριϐὴν
1011 1929 1279 1984 ποιεῖσθαι
1318 1930 1417 2002 τὴν
1462 1933 1520 1983 ὲν
1560 1933 1627 2002 τῇ
1667 1929 1901 2001 κιϐωτῷ.

321 2018 399 2073 οὐ
432 2018 543 2088 γὰρ
588 2019 828 2091 ἔπρεπε,
857 2023 964 2074 τῶν
1009 2022 1205 2092 ὁμοίων
1251 2022 1655 2094 ἀπολλυμένων,
1685 2024 1905 2090 τούτους

320 2114 533 2178 κοίταις
566 2115 663 2168 καὶ
696 2115 1057 2180 παιδοποιίαις
1100 2116 1398 2187 σχολάζειν.
1426 2119 1570 2172 σ”Οτε
1621 2116 1802 2189 μέντοι
1835 2118 1905 2175 τὰ

316 2201 468 2256 δεινὰ
505 2203 776 2277 παρῆλθε.
808 2207 899 2259 καὶ
928 2206 1086 2278 χρεία
1117 2207 1297 2260 ἐκάλει
1329 2207 1426 2279 τὴν
1465 2207 1568 2278 γῆν
1600 2207 1900 2280 ἀνθρώπων

320 2296 702 2368 πληρωθῆναι,
733 2297 875 2351 κατὰ
914 2299 1153 2371 γαμικὴν
1184 2300 1379 2363 αὐτοὺς
1407 2298 1668 2369 συζυγίαν
1708 2299 1904 2355 ἐκϐάλ-

318 2387 436 2453 λει,
484 2388 689 2457 λέγων·
728 2389 979 2454 Ἔξελθε
1008 2390 1109 2455 σὺ,
1139 2393 1236 2446 καὶ
1271 2393 1310 2461 ἠ
1362 2390 1514 2462 γυνή
1548 2408 1685 2459 σου,
1719 2393 1819 2447 καὶ
1847 2395 1904 2448 οι

316 2481 442 2535 viai
469 2496 611 2545 σου,
643 2481 739 2534 καί
773 2483 832 2534 al
862 2482 1140 2552 γυναῖκες
1161 2482 1280 2536 τῶν
1306 2482 1450 2537 υἱῶν
1479 2500 1616 2539 σου.

402 2572 550 2628 Ἀπὸ
574 2573 643 2628 δὲ
673 2574 914 2629 πάντων
939 2573 1057 2629 τῶν
1081 2575 1313 2644 κτηνῶν
1333 2574 1450 2630 τῶν
1485 2576 1757 2647 καθαρῶν
1779 2578 1902 2632 εισ-

318 2663 507 2736 άτατε
548 2666 701 2732 πρὸς
744 2666 820 2721 σὲ
848 2666 998 2721 ἑπτὰ
1020 2667 1187 2731 ἑπτὰ,
1218 2666 1405 2735 ἄρσεν
1439 2672 1536 2723 καί
1559 2667 1744 2738 θῆλυο
1780 2669 1901 2726 ἀπὸ

318 2751 392 2807 δὲ
414 2752 537 2806 τῶν
563 2753 799 2824 κτηνῶν
825 2755 944 2809 τῶν
964 2754 1050 2825 μὴ
1081 2756 1353 2825 καθαρῶν
1393 2755 1503 2811 δύο
1542 2757 1672 2821 δύο,
1705 2760 1798 2815 καὶ
1830 2759 1902 2815 τὰ

320 2845 472 2916 ἑξῆς.
514 2846 780 2917 Ζητήσειέ
805 2864 887 2911 τις
922 2847 988 2902 ἂν
1014 2847 1124 2920 (54)
1162 2847 1298 2912 πῶς,
1343 2849 1569 2919 μηδέπω
1602 2850 1696 2904 τοῦ
1731 2853 1897 2923 νόμου

317 2936 767 3010 διαστειλαμένου
792 2938 1004 3011 καθαρά
1035 2941 1130 2994 καὶ
1159 2940 1463 3011 ἀκάθαρτα,
1503 2940 1580 3006 ὡς
1618 2942 1778 2998 εἰδότι
1818 2943 1898 3017 τῷ

318 3030 446 3083 Νῶε
476 3030 742 3103 διαφορὰν
767 3031 1087 3105 ἀκαθάρτων
1111 3032 1283 3087 ταῦτα
1305 3032 1541 3101 λέγεται.
1568 3035 1728 3090 Ὅθεν
1748 3036 1896 3104 ἄξιον
1924 3071 1966 3130 c

317 3122 614 3193 ἐπιστῆσαι
659 3121 734 3194 μὴ
778 3123 920 3177 κατὰ
949 3126 1031 3191 τὸ,
1049 3125 1235 3180 Ὅταν
1268 3126 1411 3194 ἔθνη
1460 3124 1533 3179 τὰ
1573 3125 1660 3196 μὴ
1708 3129 1898 3198 νόμον

316 3216 544 3286 ἔχοντα
570 3217 748 3286 φύσει
794 3217 868 3271 τὰ
911 3217 1017 3271 τοῦ
1047 3220 1233 3288 νόμου
1263 3218 1536 3287 ποιῶσιν,
1578 3219 1632 3290 ἦ.
1655 3220 1764 3275 ἀπὸ
1801 3221 1894 3276 τοῦ

319 3307 485 3376 φύσει
512 3308 677 3379 νόμου
705 3307 879 3362 ταῦτα
902 3309 1167 3379 ἠπίστατο
1194 3310 1224 3360 δ
1255 3310 1398 3363 Νῶε.

392 3398 522 3453 Νῶε
545 3398 615 3452 δὲ
640 3398 720 3468 ἦν
741 3398 892 3453 ἐτῶν
912 3398 1260 3465 ἑξακοσίων,
1286 3400 1385 3455 καὶ
1414 3404 1448 3456 ἀ
1472 3402 1895 3473 κατακλυσμὸς

241 3480 254 3493 ’
320 3488 430 3544 τοῦ
454 3490 670 3557 ὕδατος
699 3490 938 3560 ἐγένετο
969 3492 1067 3545 ἐπὶ
1088 3490 1196 3560 τῆς
1218 3491 1345 3563 τῆς.
1372 3493 1596 3565 Μήποτε
1623 3493 1733 3565 (55)
1759 3493 1894 3566 πρὸς

319 3584 724 3657 ἀντιδιαστολήν
760 3584 1039 3655 μέλλοντος
1064 3585 1447 3658 κατακλυσμοῦ
1482 3587 1731 3657 γενέσθαι
1763 3588 1894 3659 πυρὶ

320 3677 641 3748 πρόσκειται
666 3677 919 3745 ἐνταῦθα,
951 3678 1058 3732 τοῦ
1083 3678 1319 3745 ὕδατος.

390 3767 501 3820 Kal
523 3766 815 3835 εἰσῆλθον
832 3767 980 3835 πρὸς
993 3766 1119 3821 Νῶε
1141 3771 1228 3834 είς
1251 3767 1363 3837 τὴν
1384 3768 1629 3823 κιϐωτὸν
1650 3767 1758 3822 δύο
1782 3767 1892 3823 δύο

319 3859 438 3914 ἀπὸ
457 3858 662 3928 πάσης
684 3860 928 3928 σαρκός.
971 3860 1056 3923 Ὧς
1080 3859 1215 3932 πρὸς
1237 3859 1299 3913 τὸ
1320 3859 1480 3931 ῥητὸν
1505 3859 1614 3932 (56)
1640 3858 1893 3931 ζητήσειε

319 3967 405 4016 τις
428 3951 493 4004 ἂν
522 3950 610 4005 διὰ
640 3950 694 4004 τί
725 3950 826 4003 οὐκ
853 3950 1086 4022 εἴρηται,
1117 3951 1186 4005 τά
1215 3950 1312 4021 μὲν
1339 3949 1624 4021 ἀκάθαρτα
1647 3949 1740 4003 δύο
1775 3950 1887 4015 δύο,

318 4043 392 4096 τὰ
407 4043 468 4096 δὲ
493 4042 708 4115 καθαρὰ
727 4044 865 4099 ἑπτὰ
888 4044 1051 4097 ὲπτά’
1079 4041 1214 4096 ἀλλὰ
1239 4041 1546 4112 σεσιώπηκε
1567 4041 1636 4095 τὰ
1655 4041 1886 4113 καθαρά.

322 4135 465 4206 Ὅρα
491 4134 549 4187 δὲ
585 4135 659 4207 μή
687 4134 951 4203 ἀπολογία
981 4135 1128 4187 ἐστὶν
1161 4136 1219 4187 ὲν
1243 4132 1339 4203 τῷ,
1366 4132 1485 4187 ἀπὸ
1516 4132 1719 4201 πάσης
1746 4147 1892 4201 σαρ-

2007 1832 2328 1901 praecipiens
2359 1849 2520 1904 quam
2554 1849 2777 1892 servare
2809 1839 3040 1896 debeant
3075 1841 3129 1896 in
3172 1856 3298 1899 arca
3350 1845 3571 1902 vivendi

2006 1924 2296 1980 rationem.
2336 1926 2522 1997 Neque
2559 1930 2705 1983 enim
2753 1932 3089 1988 conveniens
3137 1943 3277 2000 erat,
3323 1945 3401 1998 ut,
3443 1952 3569 1993 cum

2006 2014 2197 2085 reliqui
2247 2017 2452 2073 similes
2498 2020 2812 2089 periissent,
2855 2023 2909 2078 hi
2958 2024 3234 2082 cubilibus
3278 2037 3332 2083 et
3380 2028 3572 2086 liberis

2003 2109 2351 2176 procreandis
2367 2125 2587 2180 operam
2613 2112 2821 2168 darent.
2842 2112 2913 2169 Αι
2931 2130 3052 2170 cum
3080 2117 3363 2174 calamitas
3394 2129 3573 2180 trans-

2002 2198 2090 2264 iit,
2135 2209 2191 2255 et
2234 2216 2368 2270 opus
2425 2201 2529 2256 fuit
2572 2216 2770 2259 terram
2820 2205 3126 2263 hominibus
3174 2212 3392 2281 repleri,
3449 2228 3567 2281 eos,

2002 2300 2164 2362 prout
2192 2295 2461 2350 connubio
2491 2296 2662 2365 juncti
2703 2307 2880 2363 erant,
2914 2301 3117 2367 educit,
3146 2303 3337 2360 dicens
3363 2325 3378 2359 :
3410 2305 3572 2377 Egre-

2001 2384 2124 2439 dere
2149 2397 2205 2440 tu
2232 2396 2280 2440 et
2308 2402 2447 2441 uxor
2479 2397 2594 2455 tua,
2636 2398 2685 2443 et
2713 2389 2814 2458 ﬁlii
2860 2391 2962 2460 tui,
3010 2403 3057 2447 et
3105 2410 3293 2451 uxores
3332 2398 3571 2467 ﬁliorum

2000 2484 2209 2531 tuorum
2221 2477 2263 2532 ⁸.

2072 2569 2151 2622 Ab
2190 2572 2431 2626 erunibus
2471 2581 2643 2627 autem
2684 2576 3005 2631 animalibus
3034 2580 3246 2635 mundis
3292 2581 3456 2636 induc
3495 2583 3567 2638 ad

2000 2670 2051 2714 te
2075 2671 2286 2731 septena
2312 2675 2542 2732 septena,
2562 2666 2852 2720 masculum
2877 2678 2924 2720 et
2954 2668 3239 2737 feminam;
3268 2672 3333 2726 ab
3359 2677 3568 2729 anima-

1999 2749 2136 2806 libus
2176 2768 2291 2806 vero
2329 2754 2617 2809 immundis
2646 2756 2790 2821 bina,
2820 2756 2941 2812 bina
2959 2759 3003 2826 ⁷,
3044 2771 3152 2817 etc.
3180 2760 3359 2830 Quieri
3390 2774 3568 2834 potest

2000 2851 2119 2905 cur,
2149 2854 2270 2895 cum
2309 2840 2395 2895 lex
2438 2843 2677 2897 nondum
2710 2845 3054 2903 distinxisset
3099 2853 3300 2907 munda
3343 2853 3413 2908 ab
3459 2854 3566 2910 ita-

1999 2935 2233 3000 mundis,
2261 2933 2375 2991 Noe
2401 2945 2659 3005 tanquam
2689 2938 2981 2996 discrimen
3014 2941 3420 3001 immundorum
3447 2948 3564 3003 cal-

2001 3025 2131 3081 lenti
2162 3026 2276 3081 haec
2306 3027 2576 3082 dicantur.
2613 3029 2752 3086 Hinc
2783 3046 2964 3101 opem
2995 3034 3229 3103 pretium
3264 3048 3350 3093 est
3383 3048 3564 3094 atten—

2000 3119 2130 3174 dere
2169 3134 2233 3174 ne
2260 3120 2412 3189 juxta
2449 3119 2743 3184 illud,Cum
2773 3132 2949 3192 gentes
2977 3141 3096 3195 qua:
3129 3125 3290 3197 legem
3333 3145 3437 3184 non
3467 3129 3566 3185 lea-

1997 3209 2137 3273 bent,
2162 3210 2476 3264 naturaliter
2497 3227 2616 3282 quas
2646 3212 2773 3282 legis
2804 3222 2949 3280 sunt,
2977 3217 3181 3286 faciunt
3199 3217 3246 3285 ⁸,
3281 3230 3376 3275 aut
3401 3235 3431 3274 a
3460 3236 3559 3278 na—

1995 3300 2155 3356 turali
2187 3303 2303 3371 lege
2333 3302 2447 3357 haec
2478 3302 2735 3358 didicerit
2763 3302 2894 3360 Noe.

2066 3391 2184 3448 Noe
2207 3402 2381 3447 autem
2409 3404 2776 3448 sexcentarum
2824 3406 2938 3449 erat
2989 3413 3277 3464 annorum,
3320 3410 3371 3455 et
3416 3402 3563 3457 dilu-

1994 3488 2134 3539 vium
2161 3502 2310 3555 aque
2331 3487 2529 3555 factum
2549 3497 2627 3541 est
2649 3504 2806 3557 super
2830 3490 3070 3545 terram”.
3093 3490 3256 3548 Forte
3274 3493 3341 3549 ad
3367 3494 3563 3550 discri—

1994 3593 2116 3632 men
2147 3579 2332 3632 diluvii
2360 3579 2502 3648 quod
2531 3579 2771 3634 futurum
2800 3590 2885 3636 est
2912 3581 3058 3651 igne,
3101 3584 3204 3639 hoc
3245 3585 3365 3640 loco
3396 3586 3523 3641 addi
3543 3618 3558 3624 -

1996 3679 2106 3734 tur,
2136 3687 2306 3741 aquae.

2061 3762 2167 3832 32
2200 3761 2266 3817 Et
2306 3764 2633 3819 intraverunt
2659 3764 2729 3817 ad
2766 3762 2882 3818 Noe
2921 3765 2976 3817 in
3007 3781 3187 3819 arcam
3214 3767 3323 3821 duo
3359 3767 3464 3823 duo
3491 3772 3559 3824 ab

1992 3852 2136 3905 omni
2168 3852 2405 3907 carne“.
2434 3853 2726 3919 Quaesierit
2764 3855 3038 3923 quispiam
3086 3872 3186 3910 cur
3234 3857 3413 3913 littera
3449 3875 3557 3914 non

1992 3943 2138 3996 dicat
2164 3958 2231 3997 ex
2264 3943 2556 3998 immundis
2583 3943 2708 3997 bina
2744 3944 2963 4007 biua,et
2981 3962 3048 4001 ex
3088 3950 3301 4003 mundis
3333 3960 3555 4020 septena

1990 4041 2245 4101 septena;
2297 4035 2390 4088 sed
2438 4036 2505 4090 de
2540 4036 2759 4089 mundis
2805 4034 3036 4094 siluerit.
3074 4038 3208 4095 Vide
3262 4053 3443 4095 autem
3490 4056 3559 4097 ne

1991 4125 2315 4181 solutionem
2347 4128 2586 4195 praebeat
2621 4128 2747 4183 illud
2775 4146 2789 4183 :
2815 4130 2879 4183 ab
2907 4133 3052 4185 οηιιιί
3088 4148 3267 4196 carne,
3298 4148 3421 4187 cum
3456 4133 3560 4187 im-

317 4229 449 4296 κὸς,
479 4228 804 4300 ἀκαθάρτων
837 4226 997 4298 μόνον
1026 4225 1366 4297 δηλουμένων
1394 4226 1453 4278 ὲν
1493 4223 1598 4295 τῷ,
1628 4224 1744 4279 ἀπὸ
1773 4222 1889 4278 πά-

2004 4219 2188 4273 munda
2213 4218 2385 4274 solum
2410 4220 2762 4290 designentur
2785 4222 2871 4277 his
2892 4224 3098 4290 verbis,
3116 4225 3183 4277 ab
3206 4227 3349 4279 onmi
3373 4242 3555 4280 carne.

405 4339 441 4372 (δ
468 4319 711 4372 σαρκός.

316 4335 441 4386 σης
468 4335 711 4385 σαρκος-

382 4412 497 4466 Kal
523 4410 859 4480 εὐλόγησεν
882 4410 916 4462 ὁ
949 4405 1091 4474 Θεὸς
1118 4407 1227 4461 τὸν
1256 4407 1404 4472 Νῶε,
1438 4406 1537 4462 καὶ
1558 4406 1701 4474 τοὺς
1722 4405 1893 4474 υἱοὺς

2065 4401 2444 4473 Benedixitque
2483 4401 2626 4459 Deus
2656 4403 2772 4458 Noe
2796 4415 2844 4458 et
2870 4404 3000 4474 ﬁliis
3035 4405 3170 4474 ejus,
3204 4415 3255 4460 et
3278 4407 3411 4461 dixit
3437 4410 3513 4462 eis
3535 4422 3556 4462 :

315 4500 526 4566 αὐτοῦ,
555 4500 653 4555 καί
682 4497 853 4554 εἶπεν
886 4498 1091 4565 αὐτοῖς
1109 4515 1124 4528 ·
1156 4497 1500 4563 Αὺξάνεσθε
1532 4496 1630 4550 καὶ
1662 4497 1890 4564 πληθύ-

2004 4490 2218 4547 Crescite
2258 4502 2304 4547 et
2338 4493 2791 4562 multiplicamini,
2827 4503 2876 4547 et
2908 4494 3099 4561 replete
3136 4494 3416 4548 terram“.
3443 4495 3559 4550 Noe

313 4599 516 4659 νεσθε,
554 4593 653 4648 καὶ
692 4589 1043 4661 πληρώσατε
1073 4590 1188 4659 τὴν
1215 4588 1351 4659 γῆν.
1403 4589 1462 4642 '0
1489 4587 1615 4641 Νῶε
1645 4587 1763 4651 πῶς
1786 4585 1888 4658 ηύ-

2004 4586 2264 4656 quomodo
2300 4587 2494 4650 crevit,
2529 4596 2585 4641 et
2613 4587 3137 4656 multiplicavit,cum
3171 4603 3277 4642 non
3309 4593 3560 4656 genuerit

315 4688 446 4760 ξησε
466 4687 601 4759 (57),
628 4687 723 4740 καὶ
745 4684 1031 4756 ἐπλήθυνε,
1064 4683 1228 4753 μήπω
1254 4681 1520 4751 γεννήσας
1549 4678 1685 4750 μετὰ
1709 4695 1883 4765 κατασς

2004 4687 2113 4747 post
2141 4678 2437 4733 diluvium?
2464 4677 2581 4732 Non
2628 4693 2760 4748 ergo
2787 4680 3146 4747 corporaliter
3178 4679 3555 4750 accipiendum

314 4780 587 4852 κλυσμόν;
637 4780 844 4852 μήποτε
872 4773 964 4831 οὖν
999 4775 1062 4828 οὑ
1089 4773 1170 4826 δεῖ
1201 4772 1525 4844 σωματικῶς
1557 4771 1772 4826 ἀκούειν
1802 4773 1886 4838 τὸ,

2004 4784 2070 4826 :st
2102 4770 2231 4825 illud
2263 4786 2278 4823 :
2314 4769 2545 4825 Crescite
2572 4778 2622 4823 et
2648 4772 3102 4840 multiplicamini.
3134 4772 3192 4828 Si
3219 4774 3309 4828 hic
3333 4785 3558 4842 propter

260 4928 272 4939 ,
312 4874 661 4940 Αὐξάνεσθε
704 4872 805 4927 καὶ
833 4868 1235 4936 πληθύνεσθε.
1279 4868 1342 4920 El
1372 4865 1429 4920 δὲ
1461 4864 1647 4919 ἐνθάδε
1680 4865 1742 4918 οὐ
1776 4882 1884 4918 σω-

2004 4864 2099 4920 lloe
2146 4877 2252 4918 non
2302 4862 2681 4931 corporaliter,
2739 4861 3086 4916 manifestum
3127 4872 3213 4918 est
3256 4866 3556 4919 secundum

314 4968 560 5041 ματικῶς
586 4966 676 5021 διὰ
710 4966 802 5020 τὸν
842 4959 986 5029 Νῶε,
1012 4965 1191 5036 δῆλον,
1220 4962 1303 5016 ὅτι
1348 4960 1488 5015 κατὰ
1520 4958 1765 5031 βούλημα
1788 4957 1883 5014 τοῦ

2004 4969 2208 5010 tensum
2245 4951 2510 5023 spiritalis
2538 4950 2675 5022 legis
2697 4951 3072 5018 accipiendum
3103 4965 3244 5018 esse,
3275 4952 3468 5020 sicque
3502 4951 3557 5005 in

310 5060 682 5134 πνευματικοῦ
706 5060 870 5131 νόμου
897 5059 992 5114 καὶ
1028 5059 1087 5110 ὲν
1113 5060 1179 5129 τῇ
1203 5057 1344 5128 ἀρχῇ
1371 5053 1562 5117 οὕτως.

2004 5048 2280 5118 )rincipio.

377 5179 401 5209 ¹
432 5178 569 5235 Gen.
611 5193 683 5240 vt,
716 5176 804 5240 Η,
829 5176 912 5230 12.
990 5176 1011 5208 ⁸
1046 5174 1201 5228 Rom.
1233 5188 1345 5241 sui.
1372 5172 1426 5226 7.
1501 5170 1523 5202 ⁸
1563 5170 1719 5241 ibid”
1754 5167 1808 5225 8.
1851 5173 1902 5241 A'

2005 5183 2057 5222 n.
2082 5181 2157 5229 Vl,
2186 5165 2274 5222 l9.
2351 5166 2372 5198 ⁸
2402 5164 2540 5220 Gen.
2573 5179 2692 5229 vm,
2716 5163 2803 5219 l6.
2880 5164 2900 5195 ⁷
2930 5163 3065 5219 Gen.
3088 5179 3187 5231 vn,
3216 5163 3273 5219 2.
3359 5165 3384 5197 ⁸
3407 5165 3568 5222 Rom.

312 5266 373 5319 ιι,
400 5253 488 5305 14.
560 5250 583 5281 ⁹
620 5238 759 5305 Gen.
781 5238 881 5314 vn,
911 5246 967 5303 6.
1046 5246 1088 5276 ¹⁰
1130 5244 1289 5310 ibid.,
1312 5238 1405 5298 l5.
1446 5288 1451 5297 τ
1484 5243 1526 5274 ¹¹
1556 5240 1690 5295 Gen.
1725 5256 1803 5301 Ix,
1843 5238 1896 5294 i.

377 5369 492 5445 (52)
528 5369 748 5425 Ἀδικία
766 5366 899 5438 μέν,
931 5376 1039 5424 etc.
1089 5368 1434 5435 Dcsumptum
1469 5373 1550 5419 est
1602 5377 1634 5417 e
1684 5372 1875 5417 catena

309 5441 1037 5583 ῗὶῗὲἒῖἶπεὶκαθαρους,
1071 5517 1180 5563 etc.
1221 5506 1370 5577 Orig.
1422 5503 1616 5560 tribuit
1677 5514 1871 5559 catena

309 5578 541 5637 Bo'ntfin
566 5582 684 5635 soli.
720 5578 963 5633 Combef.

380 5652 489 5721 (54)
521 5648 817 5719 Ζητήσειέ
847 5666 935 5715 τις
954 5647 1051 5717 ἂν,
1086 5657 1193 5704 etc.
1251 5648 1436 5705 Eidem
1467 5645 1657 5703 tribuit
1684 5652 1874 5701 catena

311 5722 572 5779 Romana.

2058 5359 2463 5446 (55)}fﬁrzote,
2500 5368 2606 5414 etc.
2664 5357 2885 5428 Origeni
2930 5356 3187 5412 tribuitur
3232 5354 3287 5410 in
3347 5354 3562 5413 schedia

1981 5432 2566 5575 πρὸς-τὸ
2582 5500 2793 5575 ῥητὸν,
2825 5508 2929 5554 etc.
2975 5496 3299 5566 Exscriplus
3332 5505 3419 5552 est
3474 5497 3563 5551 hic

1981 5571 2133 5629 locus
2161 5587 2191 5626 c
2213 5573 2429 5626 schedis
2452 5571 2783 5625 Coumetisii.

2210 5642 2264 5695 '0
2292 5640 2419 5726 Νῷε
2446 5639 2571 5726 3rd);-
2598 5639 2990 5726 nbﬁno‘s,'etc.
3007 5637 3262 5726 liabetur
3295 5639 3386 5693 hic
3404 5636 3563 5692 locus

1985 5709 2263 5771 iniisdem
2295 5712 2512 5768 schedis
2542 5727 2607 5767 ex
2638 5721 2828 5765 catena
2856 5709 3122 5763 Romana.

627 5816 902 5878 Ρλτιιοι..
945 5814 1060 5877 Gn.
1086 5804 1231 5878 ΧΠ.
1881 5860 1902 5868 ο

3220 5805 3292 5881 ιι.

1784 5899 1853 5906 ιιι-α
