4000 6146
469 261 566 317 107

1941 255 2284 313 ORIGENES

3621 266 3743 320 108

533 382 601 437 Et
631 392 821 438 tremor
855 391 901 435 et
936 379 1092 433 timor
1123 387 1291 432 vester
1318 378 1415 431 erit
1450 379 1503 431 in
1544 379 1746 433 cunctis
1780 378 2009 434 animan-

2197 379 2303 433 Kal
2331 383 2363 434 ό
2392 381 2603 449 τρόμος
2628 380 2722 434 καὶ
2761 383 2794 434 ὀ
2824 381 3006 450 φόϐος
3037 381 3205 451 ὑμῶν
3231 381 3402 438 ἔσται
3432 385 3528 440 ἐπὶ
3562 387 3744 443 πᾶσι

460 476 598 529 tibus
629 472 855 535 term“,
887 473 991 527 etc.
1027 471 1123 527 Est
1154 471 1247 540 qui
1283 471 1392 525 vim
1421 471 1618 526 litterae
1657 470 1815 525 ati‘ert
1840 471 2027 528 dicens

457 579 620 621 omne
647 563 867 631 animal,
896 562 1151 633 ipsasque
1202 562 1254 615 in
1289 562 1522 617 desertis
1558 563 1692 618 locis
1722 564 1926 618 bestias
1957 565 2027 618 ti-

458 671 606 711 mere
645 655 713 710 ad
743 663 1088 723 conspectum
1138 654 1393 709 hominis.
1433 654 1596 710 Forte
1623 664 1805 709 autem
1837 655 2028 710 melius

454 749 620 804 fuerit
663 748 963 817 intelligere
1003 744 1118 801 fera
1165 746 1419 801 animalia
1474 756 1659 811 terrae,
1695 755 1750 800 et
1787 744 2027 815 reliquas

452 843 592 898 alia‘s
623 842 853 913 Species,
885 839 1153 910 malignas
1184 854 1304 894 esse
1336 854 1458 908 qtue
1485 839 1537 892 in
1570 848 1864 907 conspectu
1891 838 2024 907 justi

455 936 648 990 timent
673 933 923 996 virtutes,
956 941 1013 986 et
1043 931 1097 984 in
1132 929 1330 985 talibus
1359 939 1650 986 tremorem
1691 944 1834 985 esse.
1867 928 2023 983 Mali-

453 1040 571 1097 gna:
600 1025 745 1079 enim
792 1024 1019 1077 virtutes
1045 1020 1230 1074 timent
1261 1017 1492 1086 justum.

533 1203 902 1258 Verumtamen
936 1202 990 1256 in
1034 1201 1292 1271 sanguine
1347 1200 1544 1255 anima
1582 1215 1685 1253 non
1722 1198 2020 1253 comedetis.

461 1298 708 1353 Vestrum
740 1295 877 1349 enim
913 1293 1223 1363 sanguinem
1263 1293 1564 1347 animarum
1609 1301 1901 1347 vestrarum
1942 1307 2024 1345 re-

455 1392 674 1462 quiram.
696 1389 769 1443 De
790 1404 946 1441 manu
963 1387 1195 1440 omnium
1219 1385 1503 1440 bestiarum
1525 1386 1793 1449 requiram
1816 1385 2019 1439 illud".

454 1485 585 1538 Cum
612 1490 873 1553 repugnet
905 1480 1111 1545 littera,
1151 1479 1440 1534 dicendum
1483 1489 1567 1533 est
1597 1478 1803 1533 bestias
1824 1478 2022 1532 adver-

451 1577 626 1633 sarias
659 1588 780 1629 esse
816 1574 1048 1627 virtutes
1083 1573 1286 1642 (anima
1318 1571 1464 1627 enim
1515 1587 1633 1641 qua:
1671 1579 1873 1640 peccat,
1906 1573 2022 1641 ipsa

453 1660 779 1731 moritur“),
812 1675 844 1716 e
863 1675 1090 1730 quarum
1120 1675 1280 1714 manu
1311 1645 1617 1728 requiretur
1651 1675 1799 1716 mors
1824 1673 2021 1729 pecca-

452 1754 606 1808 toris.
642 1750 794 1819 Quod
825 1759 879 1806 et
906 1752 1077 1820 ipsum
1128 1751 1193 1805 de
1211 1750 1476 1820 jumentis
1500 1750 1726 1821 intelligi
1758 1759 1954 1821 potest,
1990 1765 2021 1806 e

449 1846 650 1917 quibus
687 1855 899 1900 taurum
946 1852 1301 1913 cornupetam
1332 1843 1559 1914 lapidari
1585 1843 1769 1911 jussit.

522 2025 783 2091 Quoniam
822 2025 876 2077 in
930 2022 1159 2089 imagine
1207 2020 1302 2074 Dei
1350 2018 1449 2089 feci
1503 2021 1843 2078 hominem".
1884 2021 2023 2076 Deus

449 2120 580 2174 dicit
613 2137 628 2174 :
656 2118 722 2171 In
770 2116 996 2186 imagine
1028 2112 1125 2167 Dei
1156 2113 1258 2182 feci
1289 2112 1577 2166 hominem.
1615 2112 1798 2182 Imago
1841 2121 2020 2167 autem

452 2214 542 2268 1)(ιί
578 2210 862 2265 invisibilis
891 2208 1164 2263 Salvator.
1191 2205 1333 2260 Deus
1364 2219 1496 2274 ergo
1524 2206 1689 2260 etiam
1723 2207 2019 2261 secundum

448 2306 782 2376 Scripturam
824 2311 906 2357 est
934 2300 1205 2354 Salvator.

519 2484 686 2538 Erant
713 2491 882 2534 autem
919 2478 1018 2547 filii
1065 2475 1181 2531 Noe
1228 2478 1318 2544 qui
1369 2476 1567 2547 egressi
1606 2484 1728 2530 sunt
1765 2476 1830 2529 de
1866 2490 2013 2543 arca,

446 2576 587 2635 Sent.
630 2572 793 2628 Cham
838 2582 884 2626 et
930 2570 1142 2636 Japhet.
1175 2567 1343 2624 Cham
1394 2584 1512 2621 vero
1556 2577 1630 2621 est
1685 2576 1837 2634 pater
1878 2565 2017 2621 Cha-

444 2683 584 2720 natm
615 2664 679 2719 ⁸⁸.
714 2664 825 2718 Cur
852 2661 1156 2729 Scriptura,
1184 2674 1307 2714 cum
1338 2659 1569 2713 dixisset
1601 2675 1613 2711 :
1651 2656 1717 2710 Et
1743 2667 1891 2711 erant
1916 2657 2017 2724 ﬁlii

445 2754 560 2810 Noe
584 2754 674 2826 qui
699 2757 763 2807 ab
796 2768 923 2806 arca
946 2753 1140 2821 egressi
1168 2758 1315 2813 sunt,
1352 2748 1497 2813 Seni,
1538 2749 1703 2802 Cham
1727 2760 1774 2802 et
1801 2747 2013 2817 Japhet,

441 2850 648 2904 addidit
681 2863 695 2900 :
731 2846 794 2899 Et
828 2845 992 2901 Cham
1034 2846 1144 2913 ipse
1182 2851 1259 2896 est
1290 2851 1440 2910 pater
1474 2842 1769 2895 Chanaan?
1800 2841 1934 2896 Nam
1969 2845 2013 2897 si

439 2956 575 3009 Opus
601 2946 719 2993 erat
747 2938 1078 2990 mentionem
1115 2935 1295 2988 facere
1334 2934 1593 3001 ﬁliorum,
1633 2936 1873 2990 omnium
1911 2937 2015 2991 uti~

2127 468 2253 536 τοῖς
2293 469 2517 538 θηρίοις
2552 467 2660 537 τῆς
2699 469 2845 539 γῆς’
2892 471 2986 524 καὶ
3019 471 3087 525 τὰ
3129 471 3276 543 ἑξῆς.
3324 473 3579 540 Βιάζεται
3624 478 3743 546 μέν

2126 578 2210 624 τις
2237 560 2344 631 (5'8)
2373 560 2511 613 κατά
2549 561 2609 614 τὸ
2642 561 2803 633 ῥητὸν
2842 562 3085 632 φάσκων,
3120 565 3227 618 πᾶν
3259 565 3395 630 ζῶον
3426 567 3741 636 φοϐεῖσθαι

2129 653 2323 724 βλέπον
2345 653 2435 708 τὸν
2458 653 2762 726 ἄνθρωπον,
2788 656 2881 708 καὶ
2905 655 3044 710 αὐτά
3068 657 3137 711 τά
3156 660 3213 711 ἐν
3239 660 3496 731 ἐρημίαις
3522 660 3737 733 θηρία.

2126 746 2352 817 Μήποτε
2402 746 2458 800 δὲ
2503 747 2708 818 βέλτιον
2742 750 2882 803 νοεῖν
2904 748 3004 813 τὰς
3041 751 3284 823 πονηρὰς
3326 752 3619 824 δυνάμεις,
3659 753 3740 809 τὰ

2126 839 2293 911 ἄγρια
2333 838 2495 912 θηρία
2549 841 2651 912 τῆς
2681 841 2804 913 γῆς,
2861 843 2957 898 καὶ
3013 843 3083 897 τὰ
3144 844 3310 898 λοιπά
3364 848 3478 920 εἴδη
3521 848 3731 921 ἔτερα,

2126 932 2355 1001 πάσχειν
2388 932 2497 986 ἀπὸ
2532 932 2626 986 τοῦ
2658 933 2865 988 δικαίου
2894 934 2987 989 τὸν
3019 935 3203 1005 φόϐον,
3244 938 3338 991 καὶ
3383 938 3473 992 τὸν
3506 941 3736 1011 τρόμον

2125 1019 2264 1077 εἷναι
2298 1025 2391 1076 ἐπὶ
2435 1027 2547 1086 τοῖς
2589 1025 2865 1090 τοιούτοις.
2918 1026 2985 1079 Al
3025 1026 3136 1101 γάρ
3182 1030 3418 1100 πονηραὶ
3447 1029 3737 1101 δυνάμεις

2126 1115 2417 1186 φοϐοῦνται
2446 1116 2535 1170 τὸν
2561 1116 2786 1172 δίκαιον.
3468 1118 3469 1121 ’

2192 1208 2369 1279 Πλὴν
2397 1209 2468 1263 ἐν
2493 1212 2692 1280 αἵματι
2720 1208 2925 1280 ψυχῆς
2954 1213 3027 1265 οὺ
3051 1210 3314 1280 φάγεσθε
3332 1229 3345 1242 ·
3372 1212 3471 1266 καὶ
3498 1212 3621 1285 γὰρ
3651 1212 3728 1266 τὸ

2123 1302 2411 1372 ὑμέτερον
2433 1296 2577 1372 αἷμα
2616 1301 2737 1356 τῶν
2775 1302 2993 1372 ψυχῶν
3018 1302 3187 1371 ὑμῶν
3214 1303 3544 1372 ἐκζητήσω.
3612 1305 3729 1358 Ἐκ

2124 1395 2321 1465 χειρὸς
2339 1394 2581 1449 πάντων
2601 1395 2720 1450 τῶν
2742 1396 2961 1463 θηρίων
2985 1394 3287 1462 ἐκζητήσω
3305 1397 3472 1452 αὐτό.
3510 1397 3728 1468 Ἀπεμ-

2125 1487 2405 1557 φαίνοντος
2435 1484 2546 1557 (59)
2584 1484 2679 1539 τοῦ
2720 1485 2908 1558 ῥητοῦ.
2944 1486 3182 1549 λεκτέον,
3213 1489 3297 1541 ὅτι
3331 1487 3495 1560 θηρία
3539 1488 3723 1543 δυνά-

2126 1597 2247 1651 μεις
2271 1578 2643 1650 ἀντικείμεναί
2672 1580 2798 1642 εἰσι,
2825 1577 2903 1651 τῷ
2944 1579 3410 1648 ἁμαρτάνουσαν
3440 1580 3560 1649 τὴν
3590 1585 3724 1651 ψυ-

2123 1671 2245 1741 χὴν
2276 1670 2705 1739 ἀποθνήσκειν,
2740 1670 2832 1740 ἀφ’
2865 1665 2939 1724 ὧν
2978 1672 3079 1742 τῆς
3113 1671 3293 1743 χειρὸς
3331 1672 3719 1746 ἐκζητηθήσε-

2122 1780 2212 1818 ται
2248 1764 2277 1815 6
2314 1763 2543 1826 θάνατος
2570 1761 2663 1816 τοῦ
2698 1763 3096 1834 ἡμαρτηκότος.
3131 1764 3361 1817 Δυνατὸν
3398 1765 3453 1818 δὲ
3488 1767 3587 1818 καὶ
3616 1767 3721 1819 ἐπὶ

2121 1855 2231 1910 τῶν
2268 1854 2479 1927 κτηνῶν
2518 1855 2648 1908 αὐτὸ
2683 1854 2954 1915 ἐκλαϐεῖν.
2992 1856 3091 1925 ἀφ’
3130 1849 3206 1910 ὧν
3241 1856 3334 1910 τὸν
3372 1860 3719 1931 κερατιστὴν

2122 1945 2319 2018 ταῦρον
2353 1945 2736 2000 λιθοϐολεῖσθαι
2780 1945 3132 2018 προσέταξεν.

2195 2040 2321 2091 Ὀτι
2357 2038 2427 2090 ὲν
2447 2038 2633 2091 εικόνι
2662 2036 2808 2091 Θεοῦ
2841 2039 3099 2106 ἐποίησα
3125 2038 3231 2092 τὸν
3259 2040 3594 2107 ἄνθρωπον.
3647 2042 3715 2093 ὐ

2120 2126 2251 2189 Θεὸς
2280 2128 2427 2197 λέγει
2468 2127 2598 2198 (60)·
2645 2129 2741 2181 Ἐν
2770 2130 2954 2182 εἰκόνι
2990 2128 3137 2183 Θεοῦ
3169 2130 3425 2197 ἐποίησα
3460 2132 3571 2184 τὸν
3599 2131 3716 2185 ἆν-

2120 2224 2383 2289 θρωπονο
2421 2220 2582 2274 εἰκὼν
2618 2220 2674 2274 δε
2716 2221 2809 2274 τοῦ
2845 2221 2980 2275 Θεοῦ
3014 2222 3108 2275 τοῦ
3148 2225 3380 2295 ἀοράτου
3418 2227 3446 2278 6
3482 2226 3707 2297 Σωτήρ.

2122 2313 2253 2377 Θεὸς
2281 2312 2388 2385 ἄρα
2419 2313 2511 2366 καὶ
2543 2313 2687 2367 κατά
2718 2314 2816 2384 τὴν
2848 2314 3069 2386 Γραφὴν
3100 2316 3129 2367 6
3159 2315 3370 2387 Σωτήρ.

2187 2487 2391 2547 Ἦσαν
2419 2490 2488 2545 δὲ
2520 2494 2575 2545 οἱ
2598 2491 2714 2545 vlol
2744 2491 2892 2557 Νῶε,
2921 2496 2974 2548 οὶ
2999 2493 3348 2560 ἐξελθόντες
3378 2495 3446 2548 ἐκ
3478 2493 3587 2562 τῆς
3615 2512 3709 2547 κι-

2117 2582 2323 2649 ϐωτοῦ,
2369 2583 2518 2652 Sim,
2550 2582 2697 2653 Χὰμ,
2739 2584 2953 2653 Ἰάφεθ.
2987 2584 3115 2655 Χάμ
3148 2585 3217 2638 δὲ
3240 2582 3321 2656 ἦν
3347 2586 3543 2655 πατὴρ
3580 2589 3708 2639 Xa-

2116 2673 2291 2730 ναάν.
2318 2675 2382 2729 Τί
2405 2675 2622 2747 δήποτε,
2655 2676 2882 2730 εἰποῦσα
2911 2675 3021 2748 (6|)
3050 2678 3083 2747 ἠ
3106 2677 3314 2748 Γραφὴ,
3334 2679 3437 2735 Kal
3456 2674 3625 2747 ἦσαν
3645 2680 3705 2731 οἱ

2115 2768 2231 2823 υἱοὶ
2254 2765 2381 2822 Νῶε
2394 2767 2773 2838 ἐξερχόμενοι
2799 2768 2917 2824 ἀπὸ
2942 2767 3049 2836 τῆς
3070 2768 3337 2833 κιϐωτοῦ,
3366 2770 3514 2838 Σηὴμ,
3538 2770 3698 2844 Χὰμ,

2113 2862 2306 2929 Myso,
2365 2859 2672 2929 προσέθηκε
2690 2875 2704 2889 ο
2727 2859 2835 2911 Kal
2857 2858 2981 2928 Χὰμ
3004 2854 3181 2925 οὗτος
3202 2860 3397 2927 πατὴρ
3416 2862 3701 2924 Χαναάν;

2115 2952 2180 3006 El
2201 2950 2311 3023 γάρ
2332 2953 2496 3022 ἐχρῆν
2518 2968 2621 3021 μνη
2631 2949 2884 3020 μονεῦσαι
2902 2951 3008 3002 τῶν
3029 2949 3181 3014 υἱῶν,
3204 2950 3309 3004 ἔδει
3335 2952 3571 3014 πάντων,
3593 2954 3699 3006 καὶ

442 3046 549 3102 que
579 3028 884 3100 oportebat,
915 3036 971 3081 et
1008 3041 1117 3083 non
1155 3026 1326 3082 solius
1351 3026 1634 3081 Chanaan.
1665 3027 1928 3084 Chanaan
1956 3037 2009 3085 et

2120 3045 2193 3118 μὴ
2213 3045 2372 3116 μόνου
2394 3044 2632 3098 Χαναὰν·
2658 3046 2686 3097 6
2704 3044 2921 3098 Χαναὰν
2942 3044 3033 3097 καὶ
3053 3044 3210 3107 αὐτὸς
3233 3045 3432 3115 ἀσεϐὴς
3449 3046 3694 3112 ἐγένετο,

440 3125 556 3194 ipse
578 3132 698 3179 erat
724 3121 942 3191 impius,
972 3129 1030 3174 ut
1059 3120 1285 3175 historia
1315 3119 1581 3175 declarat.
1610 3120 1810 3177 Volens
1842 3122 2009 3192 igitur

440 3218 663 3289 spiritus
705 3214 922 3269 divinus
967 3214 1258 3268 ostendere
1300 3211 1712 3267 similitudinem
1756 3214 1928 3281 patris
1952 3223 2008 3270 et

440 3311 561 3377 ﬁlii,
605 3323 730 3365 eum
776 3305 1172 3379 quodammodo
1206 3319 1235 3358 a
1271 3318 1495 3359 suorum
1541 3304 1773 3358 fratrum
1808 3306 2007 3374 pietate

440 3402 739 3474 distinguit,
765 3400 1047 3477 adjiciens,
1074 3396 1181 3469 33
1209 3395 1326 3466 Ipse
1355 3396 1527 3451 Citam
1573 3404 1727 3466 pater
1753 3406 1839 3451 est
1865 3396 2007 3451 Cha-

440 3515 600 3556 naan.
627 3498 833 3557 Genere
854 3495 1119 3565 siquidem
1142 3499 1302 3548 erant
1333 3506 1525 3546 omnes
1553 3490 1647 3545 lilii
1677 3490 1790 3546 Noe
1815 3508 1829 3543 :
1856 3491 2005 3546 solus

440 3603 617 3649 autem
654 3592 757 3646 iste
789 3590 1029 3645 moribus
1064 3601 1170 3642 non
1208 3594 1328 3640 erat
1360 3585 1525 3651 ﬁlius,
1566 3585 1658 3639 sed
1688 3584 1883 3640 similis
1907 3585 2003 3639 lilii

436 3697 608 3756 pater.
643 3683 1001 3752 Quamobrem
1052 3680 1119 3732 ad
1157 3678 1416 3748 majorem
1473 3677 2001 3732 demonstrationem

436 3780 669 3850 positum
718 3783 800 3830 est
863 3773 1046 3827 istud:
1079 3770 1196 3839 Ipse
1243 3778 1395 3839 pater
1450 3780 1525 3823 est
1573 3769 1854 3823 Chanaan.
1899 3769 2001 3850 Qui

436 3847 564 3925 vero
611 3870 723 3923 ιιωο
768 3866 902 3920 dixit
932 3862 1210 3926 Hebraeus,
1265 3862 1405 3914 hanc
1453 3861 1616 3913 etiam
1655 3847 2000 3915 traditionem

436 3962 712 4021 aﬂ'erebat,
746 3967 800 4011 et
826 3955 1168 4010 traditionem
1200 3953 1413 4007 ratione
1452 3951 1814 4007 conﬁrmabat
1850 3969 1863 4005 :
1890 3955 2003 4021 pri-

437 4071 580 4109 mum
614 4053 867 4108 Chanaan
900 4046 1132 4102 verenda
1154 4031 1258 4098 'avi
1292 4044 1374 4098 sui
1420 4044 1626 4098 vidisse
1662 4058 1872 4112 suoque
1916 4058 2001 4098 so-

437 4150 545 4202 lum
572 4146 709 4218 patri
743 4157 1016 4201 narrasse,
1034 4155 1189 4193 avum
1215 4147 1470 4207 tanquam
1494 4152 1676 4191 senem
1699 4137 1998 4192 irridendo.

431 4243 605 4298 Cham
635 4252 763 4292 vero
787 4252 906 4291 cum
935 4233 1156 4305 perinde
1189 4246 1253 4285 ac
1280 4230 1478 4285 fratres
1509 4246 1614 4284 non
1644 4230 1865 4284 deberet
1894 4231 1999 4284 im-

432 4335 522 4404 pie
562 4333 626 4383 ad
659 4338 868 4397 patrem
919 4327 1199 4389 accedere,
1250 4324 1347 4377 sed
1393 4322 1684 4390 objurgare
1730 4337 1854 4376 eum
1904 4324 1998 4392 qui

2111 3138 2187 3200 ὡς
2218 3138 2251 3208 ἡ
2279 3134 2486 3206 ἱστορία
2509 3134 2688 3205 δηλοῖ.
2720 3133 3047 3205 Βουλόμενον
3067 3130 3157 3187 οὖν
3185 3134 3245 3187 τὺ
3274 3135 3489 3205 πνεῦμα
3517 3136 3695 3204 δεῖξαι

2109 3227 2207 3298 τὴν
2227 3227 2531 3296 οἰκειότητα
2554 3224 2646 3278 τοῦ
2681 3225 2887 3297 πατρὸς
2910 3227 3043 3296 πρὸς
3066 3227 3156 3279 τὸν
3188 3227 3322 3293 υἱὸν,
3345 3228 3544 3299 τρόπον
3568 3230 3696 3282 τινά

2112 3318 2461 3389 ἀπαλλοτριοῖ
2474 3319 2571 3388 τῆς
2592 3317 2699 3370 τῶν
2717 3317 2958 3387 ἀδελφῶν
2975 3319 3031 3370 εὑ
3040 3335 3094 3371 σε
3102 3317 3254 3381 ϐείας
3270 3320 3553 3393 προσθήκῃ
3567 3322 3689 3384 τοῦ,

2110 3412 2240 3483 Χάμ
2254 3407 2320 3482 ἦν
2344 3412 2525 3481 πατὴρ
2551 3410 2784 3464 Χαναὰν.
2813 3409 2932 3462 Υἱοὶ
2955 3410 3053 3481 μὲν
3078 3411 3185 3483 γὰρ
3210 3412 3409 3478 πάντες
3436 3412 3530 3466 τοῦ
3560 3414 3690 3467 Νῶε

2109 3503 2187 3574 τῷ
2226 3503 2410 3571 γένει·
2447 3502 2604 3573 μόνος
2652 3501 2708 3554 δὲ
2736 3495 2888 3565 οὗτος
2918 3503 3015 3573 οὐχ
3048 3504 3160 3568 υἱὸς
3189 3504 3264 3575 τῷ
3293 3505 3478 3578 τρόπῳ
3498 3546 3514 3570 ,
3547 3506 3692 3561 ἀλλά
3762 3488 3771 3499 ’

2108 3595 2201 3649 τοῦ
2229 3594 2413 3665 ὁμοίου
2446 3592 2634 3656 παιδὸς
2664 3595 2865 3665 πατήρ.
2895 3595 3091 3667 Διόπερ
3113 3597 3460 3665 ἐμφαντικῶς
3482 3600 3686 3665 κεῖται,

2107 3685 2300 3752 Αὐτὸς
2326 3684 2523 3753 πατὴρ
2547 3683 2806 3738 Χαναὰν.
2838 3685 3040 3757 Ἐφερε
3069 3685 3125 3738 δὲ
3148 3689 3177 3739 ὀ
3202 3686 3494 3759 Ἑϐραῖοςὸ
3510 3688 3689 3743 ταῦτα

2109 3775 2276 3830 εἰπὼν
2302 3777 2397 3831 καὶ
2423 3775 2718 3847 παράδοσιν
2743 3775 3002 3845 τοιαύτην
3026 3816 3040 3840 ,
3071 3776 3379 3845 ἐπενεγκὼν
3409 3779 3688 3845 ἀπόδειξιν

2106 3873 2172 3941 τῇ
2209 3869 2530 3942 παραδόσειο
2577 3870 2663 3933 Ὠς
2689 3869 2797 3940 ἀρα
2828 3871 2857 3922 6
2883 3869 3103 3922 Χαναὰν
3149 3870 3412 3941 πρότερος
3451 3865 3558 3922 εἶδε
3585 3868 3689 3941 τὴν

2108 3962 2487 4034 ἀσχημοσύνην
2518 3961 2617 4015 τοῦ
2646 3963 2894 4025 πάππου,
2924 3961 3017 4015 καὶ
3049 3961 3367 4034 ἀνήγγειλεν
3400 3962 3563 4016 αὐτοῦ
3604 3962 3686 4033 τῷ

2108 4059 2273 4126 πατρὶ
2326 4055 2471 4126 μόνῳ
2514 4053 2989 4126 καταμωκώμενος
3031 4054 3219 4127 ῶσπερ
3264 4055 3359 4108 τοῦ
3405 4057 3681 4126 γέροντος.

2121 4146 2177 4198 ’0
2202 4145 2257 4198 δέ
2292 4145 2442 4217 Χάμ,
2470 4145 2586 4199 δέον
2609 4146 2807 4217 ὁμοίως
2840 4148 2952 4208 τοῖς
2980 4145 3227 4215 ἀδελφοῖς
3261 4146 3334 4218 μὴ
3364 4146 3683 4218 προσελθεῖν

2105 4236 2183 4307 τῷ
2208 4237 2372 4307 πατρὶ
2397 4236 2628 4300 ἀσεϐῶς,
2651 4234 2785 4288 ἀλλὰ
2807 4236 2902 4288 καὶ
2928 4234 3219 4306 ἐπιπλῆξαι
3238 4234 3316 4306 τῷ
3331 4233 3533 4307 πρώτῳ
3562 4233 3686 4287 θεα-

2110 4329 2329 4399 σαμένῳ
2360 4328 2452 4381 καὶ
2479 4326 2833 4392 διαϐάλλοντι,
2859 4327 3019 4391 αὐτὸς
3044 4326 3101 4379 δέ
3128 4327 3222 4379 καὶ
3250 4326 3559 4387 πέπεισται,
3586 4327 3682 4378 καὶ

433 4425 639 4494 primus
686 4419 913 4479 viderat,
952 4424 1005 4469 et
1039 4414 1326 4475 illudebat;
1374 4410 1488 4478 ipse
1521 4424 1736 4478 quoque
1769 4423 1998 4477 persua—

2119 4417 2344 4488 εἰσῆλθε,
2392 4418 2485 4471 καὶ
2514 4413 2619 4470 εἶδε
2639 4458 2653 4481 ,
2694 4417 2787 4471 καὶ
2823 4417 3089 4488 ἀνήνεγκε
3135 4420 3246 4480 τοῖς
3276 4416 3541 4486 ἀδελφοῖς.
3569 4418 3680 4470 Καὶ

434 4531 526 4571 sus
564 4524 617 4569 et
649 4511 897 4573 accessit,
936 4518 990 4562 et
1024 4508 1180 4570 vidit,
1225 4504 1590 4573 fratribusque
1645 4503 1996 4557 renuntiavit.

434 4609 540 4663 Sed
575 4609 688 4660 haec
721 4605 1039 4657 viderentur
1072 4614 1191 4654 esse
1228 4598 1497 4660 fabulosa,
1550 4598 1657 4651 nisi
1705 4601 1805 4652 hoc
1851 4598 1996 4667 quod

432 4701 677 4769 sequitur
702 4692 1181 4750 demonstrationis
1218 4690 1325 4743 vim
1360 4689 1585 4743 haberet
1619 4707 1632 4742 :
1670 4688 1738 4742 Et
1772 4691 1999 4743 suscita-

432 4801 517 4845 tus
552 4798 625 4843 est
660 4787 774 4841 Noe
800 4804 830 4839 a
867 4801 1048 4839 somno
1084 4800 1200 4850 suo,
1247 4783 1441 4853 inquit,
1475 4792 1525 4837 et
1574 4785 1806 4854 cognovit
1847 4801 1996 4855 qua:-

430 4898 632 4950 cunque
660 4880 853 4950 fecerat
888 4879 933 4931 ei
961 4877 1109 4942 ﬁlius
1149 4893 1273 4930 suus
1292 4877 1563 4945 junior".
1611 4876 1780 4932 Cham
1815 4891 1995 4933 autem

434 4991 539 5029 non
561 4981 678 5029 erat
708 4972 823 5042 ejus
854 4969 993 5024 illius
1014 4968 1216 5036 junior,
1240 4970 1332 5023 sed
1362 4967 1653 5025 secundus.
1681 4968 1801 5023 Sent
1827 4971 1994 5034 enim,

435 5066 624 5134 inquit.
661 5075 708 5118 et
739 5062 899 5116 Cham
923 5071 972 5117 et
1003 5057 1213 5127 Japhet.
1251 5058 1403 5125 Quod
1435 5059 1480 5113 si
1515 5059 1682 5112 [ilium
1714 5059 1994 5114 minimum

434 5161 808 5213 demonstrare
832 5152 1106 5217 voluisset,
1134 5148 1332 5221 Japhet
1352 5153 1705 5208 nominasset.
1724 5150 1992 5217 Quoniam

2105 4510 2275 4565 ταῦτα
2306 4511 2362 4563 δὲ
2388 4510 2533 4563 δοκεῖ
2564 4509 2731 4580 μῦθος
2759 4505 2897 4563 εἶναι
2916 4549 2932 4573 ,
2962 4511 3010 4561 εί
3042 4510 3115 4581 μὴ
3141 4509 3202 4562 τὸ
3226 4510 3325 4580 τῆς
3349 4507 3680 4575 ἀποδείξεως

2104 4599 2169 4674 ἦν
2202 4603 2416 4673 ἰσχυρόν
2437 4620 2451 4634 ο
2479 4602 2589 4655 Καὶ
2622 4601 2957 4669 ἐξυπνίσθη
2983 4604 3110 4672 γὰρ,
3146 4603 3298 4671 φησὶ,
3326 4599 3452 4655 Νῶε
3473 4601 3541 4653 ἐκ
3570 4599 3681 4654 τοῦ

2104 4697 2300 4749 ὕπνου
2323 4694 2528 4756 αὑτοῦ,
2548 4693 2643 4747 καὶ
2671 4694 2822 4763 ἔγνω
2849 4692 2966 4747 ὅσα
2990 4692 3276 4761 ἐποίησεν
3294 4691 3454 4757 αὐτῷ
3481 4694 3515 4745 ό
3544 4689 3681 4757 υίὸς

2104 4787 2290 4840 αὐτοῦ
2320 4789 2351 4839 ό
2386 4783 2687 4853 νεώτερος.
2721 4783 3056 4855 Μικρότερος
3090 4783 3187 4854 μὲν
3222 4783 3328 4855 γὰρ
3374 4782 3488 4844 υἱὸς
3511 4779 3678 4834 αὑτοῦ

2104 4880 2132 4930 ὁ
2162 4877 2290 4948 Χάμ
2319 4878 2419 4930 οὐκ
2445 4873 2533 4947 ἦν,
2564 4875 2699 4928 ἀ).λά
2721 4874 2987 4947 δεύτερος.
3024 4875 3147 4944 Σὴμ
3193 4875 3332 4947 γάρ,
3378 4873 3543 4945 φησί,
3578 4870 3682 4927 καὶ

2104 4972 2252 5040 Χὰμ,
2281 4969 2378 5023 καὶ
2423 4967 2637 5038 Ἰἀφεθ
2670 4969 2762 5021 καὶ
2785 4970 2833 5021 εἰ
2864 4968 2956 5021 τὸν
2983 4969 3173 5039 μικρὸν
3195 4966 3352 5038 ἤθελε
3380 4966 3570 5031 δεῖξαι,
3585 4965 3680 5019 τὸν

2116 5062 2294 5133 ἰάφεθ
2319 5062 2385 5116 ἂν
2409 5061 2609 5130 ἔλεγεν.
2655 5061 2869 5133 Ἐπειδὴ
2895 5061 2952 5115 δέ
2977 5063 3102 5125 τοὺς
3126 5060 3381 5130 ἐκγόνους
3409 5062 3556 5123 υἱοὺς
3589 5059 3680 5112 ἀεὶ
3780 5054 3783 5059 λ

2104 5154 2353 5224 λέγουσιν
2388 5156 2437 5207 οἱ
2469 5153 2681 5208 πάπποι
2702 5195 2718 5221 ,
2768 5153 2862 5206 καὶ
2894 5153 3019 5217 τοὺς
3046 5151 3313 5223 μακρόθεν
3351 5151 3675 5219 ἀπογόνους,

402 5296 411 5373 j
500 5297 545 5329 ¹²
570 5292 706 5350 Gen.
732 5306 809 5355 Ix,
837 5266 923 5345 εί
972 5289 1015 5321 ³⁸
1040 5288 1197 5356 ibid.,
1233 5288 1288 5353 ι,
1316 5289 1371 5344 5.
1446 5286 1492 5319 ¹⁸
1527 5286 1720 5343 Ezecb.
1751 5287 1981 5365 x‘vm,4.

2126 5289 2261 5345 Gen.
2286 5307 2362 5356 Ix,
2393 5291 2447 5345 ϐ.
2525 5290 2569 5322 ¹⁶
2605 5289 2759 5353 ibid.,
2786 5290 2832 5343 1.
2910 5284 2951 5317 ⁸⁷
2981 5283 3137 5351 lbid.,
3167 5284 3259 5343 24.

402 5382 407 5401 ά
501 5414 613 5488 (58)
649 5407 908 5471 Βιάζεται
929 5409 1045 5479 μέν
1074 5426 1186 5475 τις.
1217 5417 1324 5463 etc.
1354 5407 1544 5462 Exstat
1574 5408 1627 5462 in
1662 5406 1850 5462 eadem
1899 5421 1992 5464 ca-

433 5500 613 5625 ιθῗὲίὶ)
654 5552 1167 5621 Ἁπεμέριιίνοντος,
1196 5559 1299 5605 etc.
1331 5546 1550 5618 Origeni
1578 5548 1767 5603 tribuit
1798 5545 1993 5602 eadem

432 5642 703 5773 θ’ῖοοῖτο
750 5659 893 5759 Θεὸξ
923 5691 1105 5763 λέγει,
1163 5705 1271 5749 etc.
1323 5690 1511 5746 Eidem
1566 5688 1753 5744 tribuit
1801 5696 1996 5743 catena

2103 5409 2371 5469 Romana.
2401 5411 2519 5463 alim
2552 5424 2678 5462 vero
2703 5406 2998 5460 ἀδέσποτον
3026 5406 3248 5461 habent.

2176 5479 2287 5551 (6|)
2328 5480 2391 5534 Τί
2425 5479 2648 5545 δήποτε
2660 5476 2956 5551 εἰποῦσα.
3009 5488 3114 5531 etc.
3157 5477 3350 5551 Exstat
3389 5479 3504 5551 hoc
3561 5476 3673 5535 fra-

2104 5547 2379 5621 gmentum
2412 5562 2465 5603 et
2490 5551 2626 5618 apud
2658 5549 3266 5621 Theptloretuulqitxst.
3293 5549 3358 5603 57
3387 5549 3439 5603 iu
3464 5547 3667 5606 Genes.

2105 5618 2159 5675 et
2187 5623 2238 5675 iu
2266 5624 2479 5677 schedis
2501 5618 2931 5676 Combetisianis.
