4000 6146
370 312 464 369 109

1786 313 1854 370 ΙΝ
1894 312 2214 373 GENESIM.

3509 317 3622 373 “0

369 441 457 490 τὸν
496 427 836 505 βραχύτατον
891 438 1004 493 τῶν
1040 437 1274 507 ἐκγόνων
1298 438 1388 493 τὸν
1416 437 1637 493 Χαναὰν
1670 437 1947 510 εἴρηκενή

2057 453 2181 493 vero
2212 438 2297 492 avi
2337 446 2565 508 nepotes
2591 447 2646 494 et
2672 452 2765 495 eos
2787 438 2950 495 etiam
2978 437 3068 508 qui
3094 437 3269 493 abhis
3294 437 3452 508 longa
3480 435 3623 492 serio

371 525 550 597 Γραφὴ
582 525 860 594 ἐγνῶσθαι
904 529 1058 602 παρὰ
1094 528 1187 583 τοῦ
1216 528 1338 583 Νῶε
1359 571 1374 594 ,
1417 530 1498 583 ὅτι
1537 529 1697 592 αὐτὸς
1726 528 1950 598 ἐποίησε

375 616 554 691 ταῦτα.
590 618 700 671 Καὶ
754 618 842 672 ὅτι
876 620 1037 674 τοῦτο
1076 619 1247 685 οῦτως
1289 621 1422 692 ἔχει,
1465 621 1627 684 εὐθὺς
1665 620 1859 691 ἐπάγει
1890 622 1952 674 τὸ

378 712 513 767 θεῖον
556 710 772 781 λόγιον,
806 714 907 768 καὶ
944 709 1125 767 εἶπεν*
1190 714 1646 783 Ἐπικατάρατος
1688 713 1949 779 Χαναὰν,

378 806 591 872 δοῦλος
613 805 855 860 δούλων
896 807 1065 860 ἕσται
1097 805 1219 872 τοῖς
1250 806 1535 875 ἀδελφοῖς
1561 807 1767 861 αὑτοῦ.
1801 809 1864 862 Εἰ
1894 808 1950 862 δέ

379 915 459 963 τις
490 894 795 968 θαυμάζοι,
829 898 883 951 τί
914 898 1113 969 δήποτε
1140 898 1169 949 ὁ
1192 896 1355 968 Χάμ,
1410 898 1505 951 καὶ
1544 897 1707 960 αὐτὸς
1752 898 1952 970 ἀσεϐὴς

375 990 468 1069 ὢν,
494 990 594 1061 τὴν
616 990 789 1061 αὐτὴν
821 990 1065 1060 κατάραν
1097 989 1196 1042 οὐκ
1240 989 1365 1061 ἔσχε
1390 988 1468 1060 τῷ
1498 990 1600 1061 υἱῷ
1623 1033 1638 1058 ,
1670 990 1953 1061 ὲπιγνώτω

375 1080 468 1146 ὡς,
525 1081 577 1133 εἰ
635 1076 707 1152 ἦν
760 1079 1078 1151 λελεγμένον
1136 1080 1214 1152 τῷ
1257 1081 1408 1153 Χάμ,
1451 1081 1669 1150 δοῦλος
1719 1083 1954 1139 δούλων

376 1170 580 1236 ἔσται,
628 1170 729 1241 τῆς
773 1170 1015 1235 δουλείας
1066 1172 1326 1244 μετέσχον
1378 1171 1444 1228 ἂν
1494 1175 1589 1227 καὶ
1643 1174 1693 1227 οἱ
1734 1173 1954 1244 ἀδελφοὶ

376 1262 538 1317 αὑτοῦ
566 1306 583 1329 ,
636 1264 713 1327 ὡς
765 1266 816 1317 οἱ
876 1262 972 1317 τοῦ
1024 1264 1243 1319 Χαναὰν
1300 1263 1517 1334 ἀδελφοὶ
1584 1264 1758 1319 δοῦλοι
1818 1265 1952 1335 ὲγέ-

374 1371 524 1408 νοντο
566 1355 711 1408 κατὰ
748 1356 847 1427 τὴν
884 1356 1127 1428 κατάραν
1153 1395 1167 1421 ,
1198 1348 1275 1411 ὧν
1300 1354 1487 1422 δοῦλος
1525 1356 1809 1429 ἀπεφάνθη
1841 1358 1956 1412 Χα-

376 1446 527 1501 ναάν.

446 1626 569 1679 Οὐκ
596 1623 977 1680 ἀποθανεῖται
1020 1622 1188 1680 πᾶσα
1235 1624 1393 1695 σὰρξ
1428 1626 1533 1681 ἐτι.
1587 1626 1955 1699 ’Υπισχνεῐται

384 1716 574 1790 μηκέτι
608 1716 722 1786 (62)
756 1716 847 1771 τὸν
870 1717 1242 1787 οἰκουμενικδν
1270 1719 1515 1789 ποιήσειν
1548 1719 1949 1793 κατακλυσμὸν,

380 1809 469 1863 ἐὰν
573 1812 609 1880 ἡ
658 1809 865 1865 διάνοια
909 1808 1019 1863 τῶν
1057 1808 1359 1882 ἀνθρώπων
1404 1812 1469 1865 ἐκ
1495 1811 1747 1884 νεότητος
1775 1815 1951 1883 ὲγκει-
1982 1800 2026 1855 Β

381 1898 509 1968 μένη
534 1899 631 1951 ἐπὶ
657 1899 727 1952 τὰ
754 1899 964 1973 πονηρὰ
985 1940 1001 1966 ,
1052 1899 1233 1953 οὐκέτι
1273 1899 1445 1964 οὓτως
1490 1900 1602 1971 ἔχει
1644 1903 1823 1967 πάσας
1852 1905 1950 1970 τὰς

374 1990 584 2062 ἡμέρας
612 2031 628 2054 ,
676 1991 866 2064 ὥσπερ
902 1992 1010 2064 πρὸ
1052 1991 1146 2046 τοῦ
1201 1992 1607 2065 κατακλυσμοῦ.
1643 1994 1815 2066 Νέμει
1843 1996 1951 2068 γὰρ

376 2081 637 2152 βραχεῖάν
662 2100 788 2136 τινα
815 2081 1141 2156 συγγνώμην
1184 2085 1296 2146 τοῖς
1324 2084 1464 2148 νέοις
1497 2084 1584 2138 διὰ
1617 2085 1678 2139 τὸ
1707 2086 1806 2157 τῆς
1846 2086 1954 2158 ἠλι-

375 2173 495 2237 κίεις
527 2162 826 2228 εὐόλισθον.
855 2176 1086 2246 Διόπερ,
1120 2178 1201 2230 Οὐ
1226 2175 1312 2245 μὴ
1347 2176 1616 2245 προσθῶ,
1650 2180 1834 2249 φησὶν,
1864 2180 1951 2234 ἐτι

373 2268 827 2336 καταράσασθαι
864 2268 979 2337 τὴν
1010 2269 1127 2341 γῆν
1166 2270 1264 2324 διὰ
1294 2268 1366 2323 τὰ
1397 2270 1541 2339 ἔργα
1582 2269 1700 2324 τῶν
1727 2272 1951 2341 ἀνθρώ-

373 2373 530 2412 πωνυ
564 2359 657 2414 ὅτι
707 2361 967 2429 ἔγκειται
992 2363 1028 2431 ἠ
1061 2360 1292 2415 διάνοια
1318 2361 1425 2415 τοῦ
1462 2361 1778 2430 ἀνθρώπου
1820 2364 1949 2418 ἐπι-

367 2451 564 2522 μελῶς
585 2453 687 2506 ἐπὶ
714 2454 785 2509 τὰ
818 2453 1050 2523 πονηρὰ
1078 2454 1148 2508 ἐκ
1179 2454 1460 2524 νεότητος
1477 2471 1489 2484 ·
1525 2456 1794 2518 τουτέστι,
1813 2460 1953 2525 Προ-

370 2545 508 2610 οῖδα,
535 2546 620 2598 ὅτι
647 2547 682 2617 ή
706 2547 895 2618 νεότης
923 2549 1033 2610 τοῖς
1060 2546 1340 2617 ἐσομένοις
1366 2546 1637 2610 εὐόλισθος
1660 2546 1831 2603 ἔσται.
1860 2546 1951 2617 Μὴ

371 2637 549 2693 τοίνυν
582 2638 817 2710 δείσητε.
866 2638 968 2693 Διά
1014 2638 1172 2692 τοῦτο
1217 2638 1327 2712 γὰρ
1375 2640 1558 2694 οὐκέτι
1599 2640 1785 2707 ἐπάξω
1825 2641 1953 2710 ὑμῖν

371 2729 681 2801 ἀφανισμὸν
706 2729 965 2801 παντελῆ.

440 2824 559 2895 καὶ
604 2824 828 2893 ἤρξατο
858 2823 985 2878 Νῶε
1011 2824 1317 2895 ἅνθρωπος
1368 2826 1623 2896 γεωργὸς
1671 2825 1783 2896 τῆς
1806 2866 1821 2891 ,
1856 2826 1954 2880 καὶ

371 2914 712 2984 ἐφύτευσεν
733 2914 1071 2985 ἀμπελῶνα,
1097 2915 1197 2969 καὶ
1218 2916 1385 2971 ἔπιεν
1408 2917 1478 2970 ἐκ
1501 2915 1606 2970 τοῦ
1644 2917 1834 2980 οἴνου,
1856 2917 1952 2970 καὶ

372 3005 696 3075 ἐμεθύσθη,
735 3005 832 3060 καὶ
864 3003 1171 3075 ἐγυμνώθη
1211 3005 1279 3059 ἐν
1309 3004 1392 3071 τῷ
1428 3004 1569 3072 οἴκῳ
1592 3004 1798 3059 αὑτοῦ.
1839 3005 1955 3059 Οὐκ

2052 536 2369 594 nascuntur,
2395 530 2572 584 solent
2596 529 2733 585 ﬁlios
2754 530 3050 599 appellare,
3074 528 3333 584 Chanaan
3359 536 3621 599 nepotum

2049 621 2333 674 minimum
2366 621 2499 676 dicit
2521 620 2804 692 Scriptura
2828 620 3101 689 cognitum
3127 617 3293 674 fuisse
3318 632 3347 671 a
3364 617 3476 673 Noe
3501 631 3622 674 sce-

2049 712 2179 770 leris
2212 715 2373 786 hujus
2414 726 2719 772 auctorem.
2751 716 2820 772 Et
2864 717 3008 786 quod
3045 729 3133 770 res
3180 715 3253 769 ita
3297 729 3357 769 se
3397 714 3619 776 habeat,

2050 807 2326 877 subjungit
2356 809 2542 863 statim
2573 808 2791 862 divinus
2835 822 3037 872 sermo,
3073 815 3128 861 et
3157 807 3271 861 ait:
3304 805 3619 860 Maledictus

2048 897 2327 961 Chanaan,
2353 915 2534 954 servus
2559 913 2823 954 servorum
2844 898 2943 951 erit
2970 896 3222 965 fratribus
3250 899 3359 950 suis
3378 897 3439 949 ⁸⁸.
3467 894 3620 963 Quod

2051 991 2097 1045 si
2123 992 2245 1061 quis
2277 991 2527 1056 miretur,
2563 990 2919 1061 quamobrem
2950 988 3143 1055 Cham,
3174 1003 3298 1044 cum
3336 990 3451 1058 ipse
3478 1004 3620 1057 quo-

2024 1098 2158 1149 .que
2185 1093 2330 1139 esset
2363 1083 2580 1154 impius,
2617 1084 2863 1138 eamdem
2896 1097 2961 1137 ac
2999 1080 3145 1135 ﬁlius
3181 1079 3619 1136 maledictionem

2053 1190 2160 1231 non
2191 1185 2275 1231 est
2300 1175 2548 1242 sortitus,
2580 1182 2896 1243 cognoscat,
2929 1172 2976 1228 si
3016 1172 3159 1227 hanc
3187 1171 3415 1227 sortitus
3451 1179 3621 1239 esset,

2051 1266 2303 1322 videlicet
2328 1282 2507 1322 servus
2539 1280 2808 1320 servorum
2833 1264 2957 1328 erit,
2989 1260 3273 1318 servitutis
3302 1260 3466 1316 etiam
3494 1273 3625 1329 par-

2053 1356 2244 1428 ticipes
2292 1355 2506 1412 futuros
2553 1356 2723 1410 fuisse
2760 1353 2958 1409 fratres
2992 1354 3131 1422 ejus,
3165 1351 3619 1422 quemadmodum

2053 1464 2122 1505 ex
2172 1449 2563 1505 maledictione
2630 1448 2830 1503 fratres
2889 1446 3147 1503 Chanaan
3204 1444 3346 1499 servi
3402 1442 3623 1499 fuerunt

2053 1553 2265 1606 eorum,
2297 1555 2526 1611 quorum
2556 1552 2748 1595 servus
2785 1538 3094 1595 declaratus
3122 1544 3205 1592 est
3233 1535 3515 1591 Chanaan.

2126 1633 2254 1688 Non
2298 1633 2554 1687 morietur
2600 1632 2769 1688 omnis
2821 1645 2946 1684 caro
2987 1626 3211 1695 amplius
3230 1628 3293 1683 ¹⁹.
3346 1625 3625 1682 Promittit

2056 1740 2164 1781 non
2201 1725 2434 1796 amplius
2471 1724 2719 1793 generale
2750 1738 2781 1777 a
2814 1735 2876 1778 se
2908 1721 3210 1776 immissum
3241 1719 3307 1774 iri
3337 1718 3622 1785 diluvium,

2054 1818 2101 1875 si
2125 1818 2383 1889 cogitatio
2409 1816 2687 1873 hominum
2719 1832 2747 1870 a
2773 1815 3056 1886 iuventute
3083 1811 3339 1882 proclivis
3363 1811 3429 1866 ad
3454 1809 3621 1875 mala,

2052 1923 2160 1963 non
2190 1908 2421 1978 amplius
2452 1907 2528 1962 ita
2558 1922 2618 1963 se
2649 1905 2905 1962 habuerit
2925 1903 3177 1960 omnibus
3194 1903 3404 1967 diebus,
3424 1915 3619 1971 quem-

2052 1999 2340 2053 admodum
2386 2007 2512 2053 ante
2555 1998 2841 2053 diluvium.
2881 1994 3109 2051 Brevem
3149 1984 3295 2051 enim
3326 1994 3619 2064 quamdam

2052 2092 2265 2146 veniam
2296 2090 2587 2161 iuvenibus
2618 2087 2926 2159 impertitur
2955 2088 3025 2144 ob
3052 2096 3265 2142 aetatem
3292 2084 3452 2140 facile
3484 2084 3621 2139 labi-

2052 2184 2178 2240 lem.
2212 2182 2569 2253 Quapropter,
2590 2184 2706 2239 Non
2722 2180 2916 2234 addam
2946 2178 3194 2247 amplius,
3224 2177 3418 2247 inquit.
3454 2174 3621 2231 male-

2052 2276 2223 2330 dicere
2247 2282 2402 2329 terra:
2424 2282 2635 2343 propter
2655 2288 2808 2341 opera
2835 2270 3128 2333 hominum,
3153 2269 3400 2338 quoniam
3422 2264 3616 2336 procli-

2052 2370 2126 2424 uis
2151 2376 2227 2421 est
2245 2367 2491 2437 cogitatio
2508 2364 2732 2418 hominis
2746 2363 2958 2416 assidue
2974 2362 3043 2415 ad
3061 2360 3200 2414 mala
3221 2377 3251 2412 a
3262 2361 3534 2429 juventute
3548 2359 3618 2412 ⁸⁸.

2054 2459 2168 2516 Hoc
2206 2467 2313 2523 est,
2346 2453 2573 2511 Prmvidi
2601 2455 2943 2526 juventutcm
2980 2461 3322 2523 posterorum
3356 2450 3517 2504 facile
3543 2449 3623 2503 la-

2052 2551 2215 2607 bilem
2244 2548 2380 2604 fore.
2411 2545 2488 2603 Ne
2514 2561 2643 2617 ergo
2674 2544 2986 2598 timueritis.
3020 2542 3317 2612 Propterea
3342 2540 3487 2596 enim
3515 2555 3621 2597 non

2053 2643 2283 2714 amplius
2316 2641 2565 2695 inducam
2595 2637 2749 2693 vobis
2781 2633 3093 2708 generalem
3140 2634 3445 2689 interitum.

2122 2826 2193 2881 Et
2227 2824 2374 2897 coepit
2409 2821 2525 2878 Noe
2557 2821 2710 2874 homo
2740 2818 3000 2890 agricola,
3029 2828 3078 2874 et
3099 2818 3357 2884 plantavit
3394 2817 3620 2881 vineam,

2053 2932 2104 2976 et
2150 2919 2277 2973 bibit
2319 2919 2517 2981 vinum,
2549 2924 2596 2969 et
2636 2914 2922 2968 inebriatus
2963 2922 3057 2976 est,
3092 2922 3141 2967 et
3186 2911 3418 2965 nudatus
3454 2917 3531 2965 est
3568 2911 3622 2965 in

2053 3013 2209 3068 domo
2231 3010 2413 3065 sua“.
2452 3005 2568 3063 Non
2596 3014 2826 3061 noverat
2868 3003 2982 3059 Noe
3018 3002 3131 3058 vini
3179 3013 3430 3057 naturam
3479 3002 3623 3073 quod

371 3096 490 3168 ᾔδει
518 3097 646 3150 Νῶε
682 3096 791 3169 (65)
845 3097 942 3168 τὴν
984 3096 1077 3151 τοῦ
1111 3098 1252 3151 οἴνου
1298 3096 1497 3166 φύσιν,
1527 3098 1608 3151 ὃτι
1656 3097 1946 3168 μεθύσκει·

2057 3105 2313 3166 inebriat,
2343 3099 2453 3173 35.
2479 3100 2641 3169 idque
2683 3106 2914 3155 testatur
2956 3093 3241 3166 Scriptura
3279 3093 3489 3158 dicens,
3520 3109 3623 3149 εα-

374 3188 472 3243 καὶ
516 3187 675 3242 τοῦτο
708 3191 977 3262 μαρτυρεῖ
1005 3191 1039 3262 ἡ
1087 3189 1277 3261 Γραφὴ
1304 3188 1535 3258 λέγουσα
1568 3188 1630 3242 τὸ
1649 3228 1664 3253 ,
1701 3187 1947 3258 ἤρξατο,

378 3279 479 3332 ναὶ
510 3277 839 3349 ἐγυμνώθηο
1716 3354 1717 3357 η

454 3372 567 3428 Τοῦ
590 3374 793 3427 αὑτοῦ.
826 3371 981 3439 Οἷνος
1010 3375 1197 3447 γήϊνος
1228 3375 1425 3445 γυμνοῖ
1446 3374 1536 3427 τὸν
1563 3372 1687 3427 νοῦν
1717 3375 1816 3446 τῆς
1845 3373 1951 3428 τῶν

381 3468 582 3539 νοητῶν
606 3466 879 3536 γνώσεως.

452 3558 564 3615 Τοῦ
590 3559 796 3615 αὐτοῦ.
832 3558 1087 3623 Τοιοῦτος
1126 3554 1193 3631 ἦν
1226 3559 1254 3611 ὁ
1298 3560 1509 3632 καρπὸς
1550 3560 1642 3614 τοῦ
1674 3560 1832 3627 ξύλου
1858 3559 1951 3614 τοῦ

377 3651 620 3722 γνωστοῦ
650 3651 813 3705 καλοῦ
852 3653 949 3705 καὶ
975 3651 1233 3724 πονηροῦ,
1261 3647 1371 3715 οἷος
1407 3654 1436 3706 ὁ
1458 3649 1620 3717 οἶνος,
1655 3655 1684 3706 ὁ
1707 3652 1797 3706 τὸν
1828 3651 1952 3707 Νῶε

379 3762 448 3814 γυ
456 3744 694 3817 μνώτας.

453 3836 566 3890 Τοῦ
596 3825 803 3890 αὑὲοῦ.
848 3836 913 3889 ΕΞ.
954 3836 1047 3890 καὶ
1098 3834 1368 3908 ἐμεθύσθη
1394 3877 1409 3901 ,
1458 3836 1553 3890 καὶ
1597 3835 1888 3907 ἐγυμνώθη
1923 3838 1953 3891 ὁ

379 3927 502 3981 Νῶε
522 3967 538 3991 ,
582 3926 697 3980 ἀλλ’
726 3930 785 3981 ἐν
823 3926 902 3999 τῷ
946 3927 1080 3999 οἴκῳ
1106 3928 1269 3981 αὑτοῦ
1290 3944 1303 3958 ⁸
1340 3927 1494 3997 ἁγίου
1519 3926 1624 4000 γάρ
1652 3927 1712 3980 τὸ
1744 3927 1818 3998 μὴ
1850 3924 1954 3993 ἔξω

380 4019 475 4073 τοῦ
503 4020 653 4073 οἴκου
681 4019 845 4074 αὐτοῦ
873 4020 1227 4091 γυμνοῦσθαι.

454 4106 643 4177 οὗτος
678 4107 760 4182 ἦν
793 4112 962 4181 γίγας
990 4096 1249 4182 κυνητίὸς
1273 4111 1550 4165 ἐναντίον
1599 4113 1821 4180 Κυρίου
1846 4108 1954 4164 τοῦ

380 4203 551 4259 Θεοῦ.
600 4204 659 4256 'O
696 4203 930 4274 κυνηγὸς
959 4202 1068 4274 (64)
1097 4204 1199 4257 οὐκ
1233 4204 1325 4257 ἐπὶ
1361 4203 1584 4258 δικαίων
1623 4206 1798 4256 κεῖται
1823 4200 1950 4256 νῦν·

382 4297 477 4349 καὶ
503 4298 659 4367 τήρει
687 4300 894 4367 μήποτε
926 4297 1046 4349 οὐδὲ
1076 4295 1285 4349 ἄλλοτε.

450 4385 563 4453 Καὶ
592 4382 671 4456 ἦν
705 4385 872 4441 πᾶσα
899 4389 937 4455 ἡ
989 4386 1065 4457 γῆ
1117 4386 1319 4456 χεῖλος
1365 4387 1452 4452 ἓν,
1499 4386 1597 4440 καὶ
1644 4384 1811 4456 φωνὴ
1849 4384 1957 4454 μία

2050 3196 2146 3275 pit,
2175 3207 2223 3253 et
2250 3196 2478 3250 nudatus
2514 3199 2611 3247 est.

2125 3383 2397 3454 Ejusdem.
2426 3378 2625 3433 Vinum
2655 3384 2813 3432 terra:
2841 3374 3013 3430 nudat
3032 3379 3273 3428 ruentem
3299 3370 3624 3442 spiritalium

2052 3476 2389 3547 cognitione.

2123 3567 2400 3638 Ejusdem.
2434 3561 2585 3618 Talis
2625 3569 2747 3615 erat
2780 3558 2991 3613 fructus
3033 3556 3167 3627 ligni
3207 3554 3452 3610 scientiae
3492 3552 3623 3609 boni

2052 3672 2109 3718 et
2137 3660 2286 3723 mali,
2316 3657 2478 3727 quale
2506 3663 2626 3709 erat
2648 3653 2836 3707 vinum
2875 3651 3019 3721 quod
3052 3647 3275 3702 nudavit
3308 3647 3447 3702 Noe.

2129 3840 2402 3911 Ejusdem.
2434 3836 2547 3891 Etsi
2580 3834 2882 3890 inebriatus
2919 3838 2974 3887 et
3007 3832 3242 3886 nudatus
3285 3837 3370 3884 est
3398 3826 3530 3893 Noe,
3566 3835 3626 3882 at

2054 3932 2107 3986 in
2153 3932 2314 3986 domo
2344 3946 2461 3985 sua.
2511 3926 2697 3983 Sancti
2747 3923 2896 3980 enim
2943 3930 3024 3979 est
3058 3937 3165 3976 non
3203 3929 3359 3976 extra
3403 3920 3624 3975 domum

2055 4041 2207 4080 suam
2249 4022 2462 4078 nudari.
3232 4025 3238 4031 '

2124 4116 2229 4170 Hic
2277 4124 2390 4169 erat
2438 4113 2586 4183 gigas
2625 4118 2840 4163 venator
2876 4119 2998 4162 ante
3044 4104 3324 4160 Dominum
3372 4103 3620 4157 Deum“.

2053 4205 2295 4261 Venator
2334 4219 2438 4257 non
2490 4204 2635 4256 inter
2678 4199 2853 4269 iustos
2901 4198 2990 4253 hic
3027 4196 3250 4268 ponitur
3276 4213 3290 4250 :
3314 4204 3370 4250 et
3407 4194 3528 4248 vide
3557 4209 3626 4248 ne

2055 4299 2197 4355 forte
2235 4312 2409 4366 neque
2442 4295 2600 4349 alias.

2125 4388 2196 4442 Et
2239 4396 2351 4441 erat
2400 4386 2568 4439 omnis
2615 4392 2757 4437 terra
2813 4378 3012 4432 labium
3055 4392 3239 4442 unum,
3284 4386 3330 4429 et
3375 4391 3476 4429 vos:
3516 4389 3627 4429 una

381 4476 555 4533 πᾶσι.
584 4480 709 4542 Τοῖς
764 4479 837 4550 μὴ
869 4479 1047 4532 νοοῦσι
1080 4480 1189 4549 (65)
1222 4480 1311 4544 τὸ,
1359 4478 1507 4548 Ἐγὼ
1548 4476 1647 4531 καὶ
1697 4479 1729 4530 ό
1756 4474 1954 4543 Πατὴρ

2061 4480 2300 4532 omnibus
2318 4477 2382 4530 ’³.
2422 4473 2492 4530 lis
2524 4476 2614 4544 qui
2667 4489 2773 4527 non
2824 4470 3129 4539 intelligunt
3170 4469 3312 4537 quod
3363 4467 3623 4537 scriptum

381 4572 452 4627 ἕν
471 4573 680 4642 ἐσμεν,
698 4575 794 4625 καὶ
823 4572 910 4625 διὰ
936 4570 1093 4624 τοῦτο
1119 4570 1466 4643 ἀρνουμένοις
1495 4570 1789 4625 ὑπόστασιν
1819 4567 1952 4620 ἰδίαν

384 4665 516 4718 Υἱοῦ
543 4704 558 4727 ,
592 4666 948 4735 προσοίσομεν
976 4663 1066 4727 τὸ,
1109 4660 1230 4718 ἿΙν
1259 4662 1425 4718 πᾶσα
1450 4664 1489 4731 ’ἡ
1519 4661 1596 4731 γῆ
1631 4661 1826 4732 χεῖλος
1865 4658 1952 4723 ἓν,

384 4756 478 4810 καὶ
518 4756 687 4825 φωνὴ
717 4757 828 4825 μία
848 4756 1018 4812 πᾶσι.
1047 4754 1341 4824 Ζητοῦντες
1374 4755 1430 4808 δὲ
1459 4753 1719 4825 διαφορὰν
1748 4751 1956 4823 χείλους

457 4896 501 4928 ¹⁸
531 4895 668 4951 Gen.
702 4911 780 4953 Ix.
819 4895 909 4950 95.
1013 4895 1053 4926 ¹⁹
1085 4896 1237 4960 ibitL,
1278 4896 1363 4951 11.

1474 4895 1520 4926 ¹⁰
1549 4892 1683 4948 Gen.
1716 4906 1834 4955 vui,
1864 4888 1951 4942 2i.

381 4956 427 4988 "
469 4966 627 5023 toan.
662 4982 717 5032 ις,
747 4968 831 5020 50.

458 5083 571 5158 (se)
611 5082 1006 5158 Ὺπισχιίεῖται
1032 5080 1266 5158 μηκέτι,
1295 5087 1401 5132 etc.
1431 5077 1586 5158 llune
1620 5077 1795 5158 locum
1843 5079 1957 5158 ple-

384 5146 567 5223 raeque
596 5146 817 5209 calente
842 5146 1071 5208 Diodori)
1105 5146 1343 5223 tribuunt
1364 5192 1377 5209 ,
1406 5161 1462 5203 at
1498 5150 1602 5223 duo
1635 5150 1793 5223 codd:
1860 5146 1960 5201 Re-

531 5224 728 5347 ίὲτέον,
776 5225 1070 5292 inquiunt,
1113 5223 1195 5274 ὅτι
1246 5218 1405 5272 τοῦτο
1462 5217 1675 5290 πρῶτος
1737 5218 1957 5290 εἴρηκεν

461 5311 549 5347 οιγ
579 5313 698 5347 νηε.

399 5296 698 5358 Ὠριγὲνηςο

460 5311 698 5366 ριγενης.

460 5364 568 5433 (65)
598 5368 721 5419 Οὐκ
743 5363 878 5435 ᾔδει
905 5362 1030 5435 Νῶε
1050 5404 1078 5435 ,Δ
1104 5373 1212 5417 etc.
1249 5360 1304 5414 In
1369 5359 1607 5435 schedis
1642 5359 1954 5435 Combelisii

391 5430 495 5489 hoc
521 5430 576 5489 et
605 5437 713 5489 tria
747 5430 1025 5503 sequentia
1055 5432 1369 5503 fragmenta
1389 5430 1610 5496 Origeni
1649 5431 1835 5484 tribuit
1861 5448 1957 5485 cn-

388 5509 507 5560 bena
546 5506 813 5568 Romana,
834 5502 967 5557 alia!
996 5504 1261 5557 ἀδέσποτα
1288 5502 1503 5555 habent.

460 5576 581 5644 (64)
623 5577 678 5629 Ὀ
719 5574 1008 5643 κυνηγός,
1040 5587 1145 5629 etc.
1182 5571 1294 5627 Hoc
1328 5570 1573 5626 scliolion
1602 5569 1820 5640 Origeni
1870 5585 1956 5626 as-

390 5652 516 5700 serit
549 5657 746 5700 catena
779 5646 1049 5699 Romana.
1566 5680 1569 5687 -

457 5717 567 5785 (65)
606 5715 739 5781 Τοῖς
766 5715 852 5784 ,μὴ
878 5717 1110 5775 νοοῦσι,
1142 5723 1245 5767 etc.
1276 5712 1669 5778 Exscripsimus
1698 5711 1802 5785 hoc
1846 5708 1955 5785 fra-

388 5782 710 5858 gnicittutn‘e
733 5782 949 5843 seltedis
977 5786 1303 5842 Coutbclisii.
1332 5785 1517 5840 Simile
1542 5800 1663 5839 vero
1680 5782 1952 5851 quidpiam

2060 4578 2144 4624 est
2175 4586 2190 4623 :
2226 4566 2334 4638 Ego
2363 4577 2410 4620 et
2437 4566 2601 4621 Pater
2629 4581 2791 4620 unum
2819 4563 3084 4626 sumus“,
3123 4570 3179 4615 et
3209 4568 3497 4631 propterea
3528 4573 3623 4612 ne-

2060 4668 2191 4728 gant
2223 4660 2539 4730 hypostasin
2591 4657 2869 4726 propriam
2915 4654 3060 4719 Filii,
3113 4652 3401 4707 aﬂ‘eremus
3451 4648 3623 4703 illud:

2061 4750 2190 4803 Erat
2222 4751 2388 4804 omnis
2413 4760 2553 4803 terra
2595 4748 2793 4803 labium
2831 4763 3016 4811 unum,
3040 4754 3086 4799 et
3111 4760 3211 4798 vos:
3236 4760 3342 4796 una
3367 4740 3624 4795 omnibus.

2060 4889 2101 4920 "
2127 4886 2262 4943 Gen.
2284 4842 2364 4952 ix.
2397 4887 2490 4955 20,
2519 4887 2611 4941 2|.
2723 4888 2767 4918 ²²
2793 4884 2927 4941 Gen.
2966 4901 3020 4951 χ,
3043 4884 3096 4939 9.
3209 4880 3254 4913 ⁸³
3286 4879 3421 4935 Gen.
3454 4896 3532 4947 χι,
3567 4877 3621 4934 1.

2062 5078 2228 5133 habet
2264 5076 2525 5145 Origenes
2557 5073 2760 5128 lib.vm
2785 5081 2967 5145 contra
2994 5068 3406 5145 Celsum,_num.
3441 5068 3624 5145 iﬁin

2058 5147 2112 5201 δέ
2138 5165 2221 5211 τις
2258 5148 2321 5199 ὲκ
2354 5140 2556 5198 τούτων
2594 5141 3111 5214 περισπασθήσεται,
3132 5206 3155 5214 _
3184 5142 3337 5214 μήπη
3395 5140 3627 5214 αὐτομο-

2057 5206 2254 5287 λοῦμεν
2284 5216 2419 5286 πρὸς
2439 5217 2563 5278 τοὺς
2588 5206 2943 5287 ἀναιροῦντας
2970 5212 3080 5287 δύο*
3107 5206 3256 5287 εἶναι
3302 5206 3627 5287 ῦποστάσεις

2060 5277 2277 5359 Πατέρα
2298 5277 2561 5359 κάὶνΥἱὸν,
2611 5277 2958 5359 ἐπιστησάτω
3013 5281 3109 5359 τῶς
3146 5277 3254 5359 τῌν
3288 5280 3359 5359 ,δὲ
3409 5280 3631 5359 πάντων

2059 5358 2166 5410 τῶν
2188 5349 2589 5410 πιστευσάντων
2632 5358 2663 5424 ἡ
2703 5349 2900 5425 καρδία
2936 5349 3117 5425 Ακαιή
3171 5350 3314 5420 ψυχὴ
3344 5349 3483 5425 μία,
3508 5421 3516 5425 Α
3540 5351 3628 5425 ἵνα

2061 5429 2330 5499 θεωρῆσαι
2364 5425 2443 5487 τὸ,
2475 5425 2613 5493 Ἐγὼ
2628 5420 2789 5499 stadio
2813 5423 2999 5493 Πατὴρ
3031 5424 3087 5499 ἓν
3109 5420 3294 5499 ξομεν.
3332 5420 3543 5499 Exn/tis
3580 5422 3627 5473 si

2065 5487 2182 5567 quis
2214 5487 2428 5566 colligat
2456 5487 2554 5549 nos.
2582 5496 2648 5548 ab
2674 5496 2779 5547 illis
2819 5487 3070 5567 stare-qui
3108 5487 3323 5543 Patrem
3352 5501 3398 5567 et
3420 5487 3625 5567 Filium2

2064 5558 2199 5621 duas
2240 5558 2540 5638 byiﬁistases
2571 5581 2681 5638 esse
2729 5558 3228 5638 negant._adt'ertat
3274 5558 3626 5638 animum_ad

2065 5639 2206 5691 istud
2232 5652 2251 5689 .'
2274 5629 2444 5688 't'Erat
2476 5636 2709 5687 omnium
2733 5629 3054 5687 credentium
3076 5646 3165 5682 cor
3191 5644 3352 5681 unum
3379 5637 3426 5680 et
3449 5629 3626 5680 anima

2063 5724 2193 5767 tum,
2228 5726 2245 5751 ι
2281 5717 2326 5759 et
2352 5708 2427 5758 sic
2453 5704 2705 5768 intelliget
2734 5704 2861 5772 quid
2887 5703 2986 5756 sibi
3017 5702 3134 5755 velit
3158 5699 3254 5751 hoc
3288 5714 3308 5748 .·
3345 5713 3365 5745 t
3413 5694 3525 5764 Ego
3574 5702 3627 5748 et

2061 5778 2224 5831 Pater
2254 5793 2409 5829 unum
2439 5792 2634 5829 sumus.
2677 5793 2693 5824 ο
