4000 6146
425 292 519 347 Ml

1816 324 1823 335 -
1895 291 2238 351 ORIGENES

3556 303 3664 359 ΗΞ

417 410 736 477 ριιιετειιιεε
766 415 945 463 autem
978 406 1268 464 discrimen
1303 408 1429 464 labii
1460 416 1515 465 et
1538 408 1709 475 vocis,
1743 408 1975 464 dicemus

2088 412 2181 465 καὶ
2211 410 2412 483 φωνῆς,
2440 410 2685 482 φήσομεν
2705 411 2802 483 τὴν
2829 411 2926 483 μὲν
2950 412 3129 486 φωνὴν
3153 414 3244 469 ἐπὶ
3264 416 3363 488 τῆς
3380 414 3659 471 διαλέκτου

417 516 608 556 vocem
638 500 707 555 ad
738 514 1046 555 sermonem
1079 501 1370 570 pertinere,
1404 501 1546 557 forte
1576 509 1755 556 autem
1787 501 1985 557 lahium

420 591 488 646 ad
519 589 922 661 cogitationem,
948 598 1039 643 aut
1067 589 1185 643 vice
1211 602 1387 642 versa.

494 679 699 744 Venite,
727 688 779 735 et
821 679 1189 734 descendentes
1231 678 1619 748 confundamus
1647 677 1720 732 ibi
1748 677 1985 748 linguam

416 790 622 837 eorum,
665 783 720 827 ut
767 789 872 827 non
912 771 1096 826 audiat
1137 771 1494 841 unusquisque
1533 769 1770 840 linguam
1803 769 1986 839 proxi-

416 866 567 920 mi".
602 864 814 919 Malitia:
848 863 1105 919 iudicium
1133 862 1379 919 confusio
1404 862 1734 934 linguarum,
1766 862 1984 917 virtutis

414 974 547 1014 vero
574 957 857 1018 indicium,
888 957 1107 1026 quando
1132 965 1244 1010 erat
1274 957 1505 1011 omnium
1538 956 1859 1009 credentium
1894 969 1983 1007 cor

415 1061 463 1105 et
492 1051 671 1105 anima
697 1050 880 1103 una".
920 1048 1120 1117 Sicque
1147 1047 1482 1117 Scripturam
1506 1047 1804 1102 observans
1831 1045 1982 1100 inve-

414 1145 557 1209 nies,
592 1143 901 1211 ubicunque
949 1148 1032 1196 est
1075 1140 1365 1195 multitudo
1409 1140 1641 1204 numeri,
1674 1139 1981 1208 ubicunque

413 1246 496 1293 est
527 1235 784 1300 schisma,
833 1234 1142 1302 ubicunque
1176 1241 1259 1288 est
1314 1232 1509 1287 divisio
1545 1239 1599 1286 et
1627 1230 1896 1286 discordia
1925 1239 1982 1285 et

411 1327 517 1382 alia
554 1324 882 1396 hujusniodi,
907 1322 1126 1377 malitiae
1148 1336 1267 1377 esse
1297 1321 1534 1387 indicia;
1576 1319 1666 1374 ubi
1698 1333 1831 1374 vero
1858 1319 1981 1372 unl-

413 1429 498 1475 tas
529 1426 583 1472 et
614 1415 928 1480 concordia,
951 1423 1006 1471 et
1036 1413 1201 1468 multa
1229 1413 1310 1469 vis
1340 1413 1394 1467 in
1430 1411 1632 1476 verbis,
1656 1410 1732 1466 lbi
1766 1409 1979 1466 virtutis

411 1524 532 1567 esse
567 1507 788 1563 iudicia.

492 1600 736 1672 Vixitque
789 1599 995 1654 Tharra
1043 1596 1377 1668 septuaginta
1434 1593 1633 1659 annis,
1698 1603 1746 1648 et
1801 1593 1977 1664 genuit

408 1696 629 1762 Abram,
655 1702 704 1747 et
733 1690 972 1757 Nachor,
1007 1699 1056 1745 et
1081 1692 1272 1743 Arram
1289 1688 1356 1743 ’⁷.
1389 1687 1603 1742 Patrem
1632 1685 1807 1757 gentis
1835 1686 1980 1742 cele-

2086 502 2410 568 τάσσεσθαι,
2442 503 2580 574 τάχα
2608 503 2665 556 δὲ
2702 503 2764 557 τὸ
2794 504 2968 574 χεῖλος
2995 505 3086 558 ἐπὶ
3111 506 3209 577 τῆς
3235 507 3472 571 διανοίας
3491 526 3505 538 ·
3536 505 3572 580 ἢ
3597 506 3663 561 τὸ

2086 591 2343 663 ἔμπαλιν.

2154 685 2330 738 Δεῦτε
2353 724 2368 748 ,
2400 684 2501 738 καὶ
2542 683 2905 752 καταϐάντες
2937 685 3287 756 συγχέωμεν
3311 684 3510 741 αὐτῶν
3536 688 3670 742 ἐκεῖ

2085 773 2199 843 τὴν
2238 774 2526 844 γλῶσσαν
2544 816 2558 841 ,
2599 775 2700 830 ἵνα
2748 775 2834 846 μὴ
2884 778 3230 832 ἀκούσωσιν
3259 776 3515 845 ἕκαστος
3547 777 3662 848 τῆς

2083 859 2286 930 φωνῆς
2334 861 2441 916 τοῦ
2495 864 2780 931 πλησίον.
2833 864 3122 937 Γνώρισμα
3171 866 3368 931 κακίας
3414 866 3550 939 (66)
3594 868 3661 921 τὺ

2085 952 2412 1024 συγχυθῆναι
2444 952 2543 1018 τὰς
2575 953 2825 1024 γλώσσας
2844 972 2858 985 ·
2886 955 3173 1028 γνώρισμα
3199 958 3401 1029 ἀρετῆς
3420 999 3434 1022 ,
3462 960 3549 1012 ὅτε
3576 954 3659 1030 ἦν

2080 1044 2319 1100 πάντων
2339 1045 2459 1100 τῶν
2489 1049 2896 1102 πιστευόντων
2922 1048 3156 1116 καρδία,
3190 1050 3288 1104 καὶ
3322 1050 3492 1120 ψυχὴ
3521 1052 3655 1121 μία.

2077 1137 2189 1191 Καὶ
2235 1135 2377 1192 οὕτω
2425 1137 2607 1210 τηρῶν
2654 1138 2753 1211 τὴν
2795 1139 3019 1212 Γραφὴν
3070 1140 3342 1214 εὑρήσεις,
3391 1144 3474 1196 ὄτι
3520 1147 3661 1198 ὅπου

2078 1230 2280 1303 πλῆθος
2311 1231 2568 1304 ἀριθμοῦ,
2599 1232 2730 1286 ὅπου
2783 1232 3010 1304 σχίσμα,
3038 1232 3171 1287 ὅπου
3214 1233 3474 1306 διαίρεσις
3494 1276 3509 1299 ,
3562 1233 3662 1290 καὶ

2075 1324 2380 1395 διαφωνία,
2434 1325 2529 1379 καὶ
2592 1325 2694 1379 ὅσα
2767 1324 3029 1392 τοιαῦτα,
3083 1326 3280 1390 κακίας
3344 1328 3461 1381 ἐστὶ
3515 1345 3660 1397 γνω-

2056 1398 2352 1484 ρίσματα·
2397 1413 2533 1467 ὅπου
2579 1412 2635 1466 δὲ
2682 1413 2899 1485 ἑνότης,
2942 1415 3038 1469 καὶ
3086 1416 3327 1486 ὁμόνοια,
3360 1418 3455 1472 καὶ
3488 1417 3659 1490 πολλὴ

2075 1504 2304 1576 δύναμις
2348 1505 2406 1559 ἐν
2439 1505 2616 1575 λόγοις
2637 1500 2883 1579 ,“ἀρετῆς
2913 1508 3287 1580 γνωρίσματα.

2146 1599 2258 1652 Καὶ
2303 1598 2478 1667 ἔζησε
2518 1597 2714 1668 Θάρῤα
2758 1600 3161 1670 ἐϐδομήκοντα
3186 1600 3324 1670 ἔτη,
3352 1601 3448 1656 καί
3491 1598 3662 1671 ἐγέν-

2076 1692 2230 1759 νησε
2255 1688 2361 1743 τὸν
2394 1689 2620 1759 Ἀϐρὰμ,
2638 1689 2735 1743 καὶ
2758 1690 2864 1744 τὸν
2887 1689 3120 1760 Ναχὼρ,
3144 1691 3243 1745 καὶ
3274 1692 3381 1745 τόν
3408 1691 3651 1761 Ἀρῤἁμ.

409 1788 620 1843 brantis
654 1785 998 1840 festivitatem
1030 1781 1384 1837 hebdomadis:
1413 1780 1602 1851 genuit
1647 1777 1857 1832 Tharra
1892 1793 1975 1832 se-

2082 1783 2182 1837 Τὸν
2214 1781 2423 1854 πατέρα
2453 1780 2561 1853 (67)
2589 1781 2682 1835 τοῦ
2709 1780 3056 1854 ἐορτάζοντος
3085 1783 3271 1847 ἔθνους
3297 1784 3396 1856 τὴν
3422 1783 3661 1855 ἑϐδομά-

409 1880 817 1954 ptuagenarius.
851 1877 1003 1932 Haud
1037 1875 1151 1931 scio
1188 1884 1367 1928 autem
1400 1891 1466 1927 an
1504 1882 1615 1927 tres
1647 1872 1975 1942 tergeminos

408 1974 674 2045 genuerit.
711 1971 882 2026 Aliter
931 1968 1078 2024 enim
1130 1966 1579 2037 septuagenarius
1624 1980 1746 2019 cum
1805 1973 1971 2032 esset,

408 2083 516 2122 non
545 2067 808 2137 potuisset
837 2079 904 2119 ex
931 2077 1033 2117 una
1058 2060 1222 2116 trium
1245 2069 1402 2131 pater
1423 2058 1687 2116 ﬁeri.Sed
1711 2067 1768 2115 et
1789 2058 1974 2131 plures

406 2171 515 2213 non
556 2154 868 2212 referuntur
896 2152 1014 2222 ejus
1049 2165 1267 2207 uxores.

476 2333 548 2388 Et
570 2330 832 2386 descendit
859 2327 1051 2382 Abram
1093 2328 1147 2380 in
1173 2324 1465 2397 zEgyptnm
1504 2333 1562 2378 ut
1604 2324 1970 2395 peregrinare-

404 2435 494 2480 tur
522 2423 614 2487 ibi,
664 2422 909 2492 quoniam
947 2418 1242 2473 inualuerat
1282 2416 1448 2486 [ames
1487 2431 1646 2486 super
1696 2412 1971 2469 terram".

403 2516 675 2573 Abraham
703 2529 807 2569 non
845 2514 898 2568 in
928 2511 1161 2583 Egypto
1203 2509 1504 2573 habitabat,
1538 2509 1633 2565 sed
1661 2508 1974 2579 peregrina-

403 2610 584 2673 batur,
616 2606 872 2677 quoniam
904 2604 1206 2659 iuvaluerat
1233 2603 1402 2657 fames
1425 2618 1589 2672 super
1619 2611 1840 2657 terram.

476 2697 764 2754 Chananwi
803 2704 980 2749 autem
1018 2702 1065 2748 et
1112 2691 1383 2746 Pltereztei
1424 2701 1547 2744 tunc
1577 2690 1884 2745 habitabant
1918 2691 1972 2744 in

402 2801 541 2847 terra
559 2791 625 2845 “.
656 2787 947 2845 Cbananaii
975 2795 1160 2856 utpote
1191 2784 1316 2838 mali
1350 2785 1686 2847 habitabant,
1725 2800 1833 2839 non
1866 2797 1968 2854 pe-

403 2885 842 2957 regrinabantur,
881 2881 934 2935 in
979 2889 1150 2937 terra.
1180 2877 1303 2932 Mali
1353 2877 1537 2947 itaque
1566 2876 1833 2944 habitant,
1867 2892 1973 2932 non

401 2975 835 3046 peregrinantur,
871 2973 924 3026 iu
958 2980 1126 3025 terra.

472 3066 580 3139 35
611 3067 670 3121 Si
704 3076 760 3120 tu
785 3064 854 3118 ad
882 3063 1185 3124 sinistram,
1216 3077 1310 3131 ego
1347 3061 1417 3115 ad
1464 3061 1732 3116 dexteram
1769 3078 1787 3127 ;
1815 3063 1862 3115 si
1910 3068 1968 3115 tu

402 3162 473 3216 ad
512 3163 813 3224 dexteram,
853 3171 947 3226 ego
987 3155 1056 3209 ad
1084 3155 1356 3209 sinistram
1388 3152 1432 3184 ³⁰
1453 3194 1469 3219 ,
1504 3160 1612 3207 etc.
1647 3150 1760 3208 Etsi
1799 3152 1973 3208 Ahra-

403 3253 529 3306 ham
596 3262 706 3318 prae
749 3244 1163 3301 mansuetudine
1216 3241 1453 3314 eligendi
1503 3250 1827 3311 potestatem
1880 3240 1971 3295 fe-

399 3343 478 3399 cit
533 3340 755 3407 Lotho;
819 3338 1216 3393 observandum
1285 3343 1372 3390 est
1441 3348 1565 3389 eum
1619 3334 1713 3404 qui
1773 3332 1973 3405 elegit,

402 3452 503 3494 suo
558 3434 771 3491 deiectu
823 3447 933 3488 non
990 3429 1139 3496 frui,
1198 3430 1350 3484 illum
1406 3437 1587 3484 autem
1641 3428 1731 3499 qui
1796 3427 1975 3497 optio-

403 3546 531 3588 nem
579 3529 769 3595 dedit,
820 3522 1164 3582 benedictum
1223 3523 1424 3580 hahere
1480 3522 1625 3592 quod
1679 3521 1785 3578 sibi
1836 3520 1973 3577 reli-

401 3632 551 3680 ctum
574 3632 679 3679 est.

471 3716 728 3788 Dixitque
759 3714 899 3771 Deus
925 3713 995 3769 ad
1024 3712 1220 3767 Abram
1255 3719 1530 3783 postquam
1582 3716 1859 3778 separatus
1898 3715 1976 3760 est

396 3810 467 3866 ab
488 3810 601 3880 ipso
627 3808 755 3865 Lot:
780 3808 991 3879 Respice
1013 3806 1179 3862 oculis
1211 3805 1339 3871 tuis,
1362 3814 1411 3859 et
1434 3804 1550 3857 uide
1572 3819 1605 3855 α
1634 3801 1745 3855 loco
1779 3800 1837 3853 in
1872 3815 1974 3867 quo

401 3919 628 3967 nunces,
648 3901 716 3955 ad
729 3901 1022 3972 aquilonem
1038 3910 1084 3954 et
1098 3899 1387 3964 meridiem,
1401 3906 1450 3951 et
1466 3895 1819 3960 ad'orientem,
1839 3902 1886 3947 et
1904 3893 1973 3946 ad

403 3997 742 4059 occidentem,
758 3994 1006 4065 quoniam
1024 4008 1227 4047 omnem
1240 4000 1433 4046 terram
1450 4005 1609 4060 quam
1627 3997 1681 4041 tu
1695 3987 1858 4051 uides,
1881 3984 1975 4038 tibi

402 4089 543 4144 dabo
566 4088 633 4142 “.
677 4086 778 4155 Qui
811 4084 996 4140 virtuti
1024 4085 1154 4140 dant
1197 4098 1423 4155 operam
1451 4123 1468 4148 ,
1508 4096 1603 4136 cos
1648 4079 1894 4150 sequitur
1942 4091 1973 4132 a

402 4179 515 4236 Deo
539 4179 859 4236 consolatio.
887 4177 1179 4248 Postquam
1214 4177 1492 4246 optionem
1522 4174 1673 4230 dedit
1710 4171 1889 4237 fratri,
1921 4179 1977 4227 et

403 4273 494 4329 ille
523 4270 952 4328 amoenissimam
998 4279 1055 4324 et
1097 4269 1425 4324 uberrimam
1459 4267 1625 4339 elegit
1676 4269 1971 4341 regionem,

403 4361 658 4435 apparuit
709 4360 850 4416 Deus
890 4358 1240 4423 Ahrahamo,
1291 4359 1448 4426 cujus
1502 4356 1741 4411 animam
1790 4354 1972 4409 verbis

2073 1876 2141 1929 δα
2180 1874 2468 1948 ἐγέννησεν
2511 1876 2541 1928 6
2578 1874 3084 1946 Θάρραεγενόμενος
3130 1875 3653 1948 ἐόδομηκονταέτης.

2088 1967 2376 2040 Ἐφίστημι
2396 1967 2453 2021 δέ
2478 1968 2674 2039 μήπως
2700 1966 2826 2030 τοὺς
2850 1969 2997 2039 τρεῖς
3022 1966 3314 2039 τριδύμους
3338 1967 3653 2038 ἐγέννησεν.

2079 2061 2286 2124 ’Δλλως
2312 2061 2441 2133 γὰρ,
2470 2059 2966 2132 ἐὸδομηκονταέτης
3011 2059 3108 2127 ὢν,
3137 2062 3198 2115 οὐ
3229 2061 3427 2115 δύναιτ’
3451 2060 3518 2115 ἂν
3544 2061 3662 2118 τῶν

2072 2149 2240 2222 τριῶν
2268 2152 2333 2205 ἐκ
2364 2153 2492 2222 μιᾶς
2522 2150 2773 2219 γενέσθαι
2798 2154 3002 2225 πατήρ.
3038 2153 3198 2208 Ἀλλὰ
3225 2155 3321 2209 καὶ
3344 2156 3404 2209 οὐ
3433 2154 3661 2227 δηλοῦν-

2073 2259 2162 2295 ται
2188 2242 2407 2306 πλείους
2434 2242 2598 2296 αὐτοῦ
2632 2245 2909 2312 γυναῖκες.

2142 2336 2250 2391 Καὶ
2304 2337 2519 2405 κατέϐη
2561 2336 2777 2407 Ἀὄράμ
2827 2339 2915 2405 εὶς
2951 2338 3256 2408 Αἴγυπτον
3291 2337 3659 2408 παροικῆσαι

2073 2425 2227 2491 ἐκεῖ,
2291 2426 2380 2481 ὅτι
2443 2427 2778 2498 ἐνίσχυσεν
2835 2431 2869 2483 ό
2952 2431 3130 2501 λιμὸς
3187 2429 3287 2484 ἐπὶ
3347 2430 3456 2500 τῆς
3517 2430 3652 2502 γῆς.

2087 2516 2335 2590 Ἀϐραὰμ
2386 2517 2497 2590 (68)
2530 2520 2590 2573 οὐ
2622 2519 2859 2591 κατῴκει
2890 2521 3161 2592 Αἴγυπτον
3180 2564 3195 2589 ,
3226 2521 3359 2577 ἀλλὰ
3384 2521 3658 2597 παρῴκει,

2072 2610 2155 2665 ὅτι
2183 2610 2458 2682 ἐνίσχυσεν
2477 2614 2505 2665 6
2529 2611 2685 2684 λιμὸς
2712 2613 2806 2666 ἐπὶ
2838 2612 2939 2684 τῆς
2969 2613 3093 2684 γῆς.

2137 2705 2202 2758 Οἱ
2233 2702 2301 2757 δὲ
2319 2704 2635 2758 Χαναναῖοι
2662 2704 2759 2758 καὶ
2786 2708 2841 2759 οἱ
2866 2705 3153 2774 Φερεζαῖοι
3181 2708 3313 2763 τότε
3343 2705 3660 2773 κατῴκουν

2072 2797 2187 2869 τὴν
2215 2796 2349 2868 γῆν.
2368 2798 2456 2862 Ὧς
2485 2797 2677 2868 φαῦλοι
2701 2797 2807 2870 (69)
2833 2799 2881 2852 οἱ
2909 2801 3200 2854 Χαναναῖοι
3234 2802 3532 2874 κατῴκουν,
3558 2800 3659 2856 καὶ

2071 2889 2133 2943 ού
2163 2888 2453 2962 παρῲκουν
2481 2890 2580 2960 τὴν
2611 2889 2743 2961 γῆν.
2787 2888 2947 2944 Ὥστε
2976 2890 3167 2959 φαῦλοι
3194 2892 3554 2958 κατοικοῦσιν,
3590 2892 3656 2946 οὐ

2075 2979 2399 3052 παροικοῦσι
2420 2980 2515 3052 τὴν
2544 2981 2671 3052 γῆν.

2149 3076 2216 3126 El
2244 3073 2324 3127 σὺ
2347 3076 2434 3139 είς
2453 3072 2755 3141 ἀριστερὰ,
2779 3071 2894 3143 ἐγὼ
2925 3075 3012 3140 εὶς
3041 3073 3209 3140 δεξιά
3226 3093 3239 3106 ⁸
3271 3078 3325 3130 εί
3350 3074 3417 3129 δὲ
3445 3075 3527 3130 σὺ
3562 3078 3656 3144 εις

2000 3119 2048 3181 c
2076 3163 2274 3229 δεξιὰ,
2301 3119 2426 3234 erit;
2461 3119 2548 3231 εἷς
2585 3119 2904 3234 ἁρῖστεέά·
2954 3119 3049 3219 κῖιι
3093 3119 3161 3221 τιὰ
3202 3166 3349 3237 ἐξῆς.
3384 3119 3651 3241 Είνκαὶνῖ

2076 3256 2273 3328 ἐκλογὴ
2295 3256 2406 3328 (Ἱο)
2430 3257 2620 3325 γέγονε
2649 3256 3060 3329 συγχωρηθεῖσα
3091 3258 3197 3312 ἀπὸ
3223 3259 3323 3331 τῆς
3355 3259 3655 3324 ἐπιεικείας

2073 3348 2169 3402 τοῦ
2226 3348 2478 3423 Ἀϐραὰμ
2515 3347 2594 3420 τῷ
2627 3347 2783 3403 Λώτ·
2840 3351 3286 3423 παρατηρητέον,
3329 3352 3411 3404 ὅτι
3461 3353 3492 3406 6
3551 3352 3654 3423 μὲν

2075 3440 2433 3512 ἐκλεξάμενος
2498 3440 2599 3494 οὐκ
2657 3439 2916 3495 ἀπολαύει
2983 3441 3082 3511 τῆς
3149 3441 3315 3495 αὑτοῦ
3386 3440 3650 3514 ἐκλογῆς,

2073 3534 2103 3586 6
2134 3534 2191 3589 δὲ
2221 3534 2629 3607 παραχωρήσας
2659 3533 3017 3606 εὐλογημένον
3052 3533 3164 3605 ἔχει
3191 3533 3254 3588 τὸ
3290 3534 3654 3608 καταλελειμ-

2079 3627 2261 3700 μένον.

2157 3722 2221 3774 '0
2251 3720 2319 3776 δὲ
2359 3720 2503 3789 Θεὸς
2524 3719 2653 3778 εἶπε
2684 3723 2832 3792 πρὸς
2859 3721 3086 3791 Ἀϐρὰμ,
3111 3720 3263 3790 μετὰ
3285 3720 3351 3774 τὸ
3379 3720 3652 3790 διαχωρι-

2076 3813 2296 3883 σθῆναι
2343 3814 2452 3869 τὸν
2497 3815 2630 3870 Λὼτ
2682 3815 2782 3871 ἀπ’
2825 3814 3037 3868 αὐτοῦ’
3092 3813 3464 3883 Ἀνάϐλεψον
3526 3814 3653 3881 τοῖς

2077 3904 2404 3975 ὀφθαλμοῖς
2424 3919 2560 3971 σου,
2590 3907 2687 3961 καὶ
2714 3906 2804 3960 ῖδε
2827 3906 2946 3961 ἀπὸ
2976 3905 3081 3960 τοῦ
3114 3904 3301 3959 τόπου
3327 3900 3398 3961 σῦ
3423 3901 3540 3958 νῦν
3566 3904 3651 3960 σὺ

2076 3993 2148 4062 εἷ,
2187 3996 2336 4065 πρὸς
2368 3996 2600 4066 ,ϐορῤᾶν
2628 3998 2725 4052 καὶ
2766 3999 2905 4052 λίϐα
2927 4037 2942 4063 ,
2971 3996 3067 4051 καὶ
3095 3996 3393 4063 ἀνατολὰς
3420 3997 3517 4049 καὶ
3549 3996 3653 4050 θά-

2073 4092 2354 4155 λασσαν,
2383 4088 2472 4142 ὅτι
2511 4088 2716 4144 πᾶσαν
2759 4087 2873 4157 τὴν
2909 4088 3026 4158 γῆν
3050 4129 3066 4154 ,
3109 4086 3190 4156 ἣν
3220 4087 3301 4142 σὺ
3346 4087 3519 4156 ὁρᾷς,
3548 4086 3651 4140 σοι

2075 4179 2248 4234 δώσω
2266 4179 2475 4247 αὐτήν.
2510 4180 2739 4234 ’Ἐπεται
2767 4180 2882 4250 (71)
2909 4183 3021 4243 τοῖς
3053 4178 3376 4248 κατορθοῦσι
3402 4178 3499 4250 τὴν
3527 4179 3653 4250 ἁρε-

2075 4273 2173 4345 τὴν
2202 4275 2236 4345 ή
2272 4272 2421 4346 παρὰ
2453 4272 2548 4326 τοῦ
2577 4273 2712 4327 Θεοῦ
2743 4273 3101 4345 παράκλησις.
3135 4272 3289 4327 Μετὰ
3315 4272 3372 4325 δέ
3396 4288 3649 4344 παραχω-

2082 4365 2243 4438 ρῆσαι
2271 4365 2348 4437 τῷ
2378 4365 2589 4436 ἀδελφῷ
2614 4365 2710 4436 τὴν
2738 4364 2967 4436 αἵρεσιν,
3000 4367 3249 4418 κάκεῖνον
3280 4364 3341 4418 τὸ
3366 4364 3650 4418 κάλλιστον

402 4456 828 4521 consolatoriis,
871 4463 926 4510 et
970 4453 1129 4509 bonis
1170 4449 1624 4522 promissionibus
1664 4448 1973 4512 recreavit,

2082 4458 2171 4511 καὶ
2196 4455 2569 4528 εὐφορώτατον
2599 4455 2917 4540 ἐκλέξασθαι
2946 4454 3163 4526 χωρίον,
3188 4456 3432 4524 ἐπεφάνη
3462 4455 3489 4506 ὁ
3516 4452 3650 4517 Θεὸς

404 4551 796 4625 pr0pemodum
842 4549 1031 4620 dicens
1068 4563 1083 4602 :
1128 4545 1355 4601 Terram
1406 4545 1547 4599 hanc
1597 4543 1873 4598 minimam
1918 4551 1974 4596 et

403 4645 722 4702 sensibilem
748 4640 1127 4712 contempsisti
1170 4655 1186 4705 ;
1222 4653 1321 4710 ego
1353 4637 1447 4692 tibi
1476 4636 1614 4691 dabo
1656 4642 1970 4689 mansueto-

412 4754 537 4793 rum
565 4747 764 4791 terram
796 4749 914 4804 quae
944 4742 1026 4788 est
1053 4733 1108 4787 iu
1135 4731 1358 4803 regione
1389 4728 1703 4809 viventium.
1738 4727 1972 4796 Respice

403 4832 550 4888 enim
594 4828 788 4884 mentis
820 4827 994 4880 oculis
1019 4865 1034 4889 ,
1071 4833 1127 4879 et
1152 4825 1274 4879 vide
1303 4839 1332 4878 a
1360 4822 1481 4877 loco
1528 4822 1582 4876 in
1610 4830 1798 4890 qnatu
1830 4835 1972 4874 nunc

405 4935 484 4975 es.
516 4918 693 4973 Locus
721 4924 900 4971 autem
942 4913 1074 4984 justi
1107 4912 1280 4966 virtus
1324 4920 1443 4976 est,
1473 4926 1505 4965 a
1536 4925 1640 4980 qua
1680 4924 1803 4979 quae
1842 4924 1969 4979 spe-

405 5012 578 5068 randa
618 5017 782 5075 sunt,
838 5007 1032 5075 cupide
1076 5012 1397 5074 exspectat,
1442 5011 1500 5058 et
1543 5016 1662 5072 quae
1708 5001 1761 5056 in
1818 5000 1971 5057 cmlis

406 5102 642 5174 reposita
688 5108 856 5162 sunt,
889 5098 1252 5167 praestolatur.
1305 5093 1421 5150 Nisi
1469 5093 1612 5150 enim
1662 5093 1737 5148 ita
1780 5106 1839 5147 se
1882 5107 1971 5147 res

407 5197 666 5260 haberet,
719 5203 974 5262 quantam
1034 5188 1331 5244 verisimile
1397 5195 1480 5243 est
1545 5187 1720 5255 ipsum
1799 5184 1971 5239 oculis

474 5286 518 5317 "
543 5285 677 5341 Gen.
718 5299 793 5352 ιιι,
824 5284 879 5338 7.
952 5282 999 5315 "
1036 5282 1160 5337 Act.
1216 5296 1290 5349 iv,
1341 5282 1431 5341 52.

408 5356 452 5389 ³¹
487 5356 640 5419 ibid.,
675 5355 760 5419 Η,
794 5356 879 5408 15.

409 5447 594 5575 ἢεξβδ)
620 5448 669 5501 Γ
672 5446 938 5518 νώρισμα
962 5447 1169 5515 κακίας
1191 5490 1209 5517 ,
1235 5457 1342 5505 etc.
1398 5446 1443 5503 E
1488 5447 1703 5503 schedio
1749 5444 1979 5503 Combe-

501 5536 534 5572 Ι.

480 5619 592 5691 (67)
628 5618 737 5674 Τὸν
771 5618 1016 5689 πατέρα,
1047 5628 1155 5675 etc.
1193 5619 1273 5675 Ex
1305 5619 1494 5675 iisdem
1517 5619 1749 5675 schedis.

406 5720 593 5848 “(figi
643 5721 909 5793 Ἀϐραάμ,
945 5731 1051 5779 etc.
1080 5721 1303 5793 Origeni
1351 5720 1591 5777 tribuunt
1632 5729 1742 5777 tres
1770 5729 1975 5777 calente

456 5808 518 5848 Ἧι
573 5833 588 5848 .
1865 5812 1873 5819 ‘

456 5808 588 5864 igua.
1865 5812 1873 5819 δ

2068 4546 2145 4617 τῷ
2198 4546 2447 4619 Ἀϐραὰμ
2471 4586 2485 4612 ,
2534 4546 2713 4616 λόγοις
2772 4545 3198 4617 παρακλητικοῖς
3246 4545 3340 4598 καὶ
3385 4546 3650 4615 χρησταῖς

2070 4639 2426 4710 ὑποσχέσεσιν
2447 4640 2608 4693 αὐτὸν
2631 4635 2994 4709 ψυχαγωγῶν,
3015 4637 3294 4708 μονονουχὶ
3323 4634 3515 4704 λέγων’
3540 4635 3650 4706 Γῆς

2068 4731 2267 4802 ταύτης
2310 4732 2720 4805 κατεφρόνησας
2765 4730 2862 4803 τῆς
2892 4729 3181 4801 ἐλαχίστης
3212 4729 3305 4782 καὶ
3342 4726 3608 4798 αἰσθητῆς
3630 4743 3645 4757 ·

2071 4824 2181 4893 ἐγώ
2209 4841 2291 4877 σοι
2313 4823 2468 4877 δώσω
2494 4822 2601 4877 τῶν
2626 4822 2845 4896 πραέων
2877 4822 2974 4894 τὴν
3015 4822 3122 4892 γῆν
3150 4819 3248 4893 τὴν
3279 4821 3337 4872 ἐν
3360 4817 3513 4891 χώρᾳ
3535 4818 3649 4872 τῶν

2077 4911 2310 4975 ζώντων.
2350 4910 2673 4981 Ἀνάϐλεψον
2695 4904 2814 4983 ’γὰρ
2836 4914 2949 4975 τοῖς
2991 4910 3094 4980 τῆς
3132 4908 3369 4973 διανοίας
3412 4907 3649 4979 ὄμμασι,

2076 5003 2171 5057 καὶ
2198 5001 2273 5056 ἴδε
2311 5004 2417 5057 ἀπὸ
2464 5003 2556 5057 τοῦ
2588 5004 2754 5057 τόπου
2780 5043 2794 5068 ,
2835 4996 2896 5056 οὗ
2926 5003 2989 5056 σὺ
3023 4997 3075 5055 εἷ
3100 5000 3194 5055 νῦν
3216 5018 3230 5031 ο
3259 5001 3423 5064 τόπος
3463 4999 3522 5054 δὲ
3550 4999 3649 5053 τοῦ

2075 5095 2282 5150 δικαίου
2326 5098 2359 5167 ἡ
2399 5095 2602 5168 ἀρετὴ,
2643 5096 2735 5167 ἀφ’
2782 5092 2850 5171 ἦς
2897 5095 2966 5149 τὰ
3011 5095 3070 5148 ἐν
3110 5092 3292 5146 ἐλπίσι
3328 5091 3647 5166 καραδοκεῖ,

2075 5186 2170 5238 καὶ
2254 5186 2322 5240 τὰ
2398 5186 2734 5258 ἀποκείμενα
2801 5189 2860 5242 ἐν
2926 5188 3040 5248 τοῖς
3097 5184 3346 5255 οὐρανοῖς
3413 5181 3650 5237 ἁπεκδέ-

1535 5283 1579 5315 ²⁷
1611 5280 1745 5337 Gen.
1792 5278 1979 5347 xt,26.
2053 5278 2100 5309 ’⁸
2133 5278 2268 5335 Gen.
2308 5296 2409 5345 xu,
2451 5281 2538 5336 10.
2614 5283 2659 5314 ²⁹
2681 5281 2817 5338 Gen.
2861 5295 2982 5348 xm,
3023 5279 3078 5334 7.
3154 5279 3199 5310 ³⁸
3226 5276 3363 5333 Gen.
3416 5293 3543 5343 xm,
3588 5277 3645 5332 9.

2156 5436 2270 5522 (69)
2312 5438 2406 5506 Ὧς
2436 5439 2675 5513 φαῦλοι,
2701 5446 2811 5498 etc.
2855 5436 3042 5494 Eidem
3079 5432 3339 5490 tribuitur
3371 5434 3424 5489 in
3452 5433 3647 5491 iisdem

2085 5520 2370 5651 fai‘iiilsbi
2401 5568 2500 5635 x'al
2529 5580 2569 5651 ἠ
2598 5575 2840 5651 ἐκλογή,
2858 5586 2975 5651 ιξιιι.Δ
2993 5575 3307 5651 Esset-[plus
3333 5573 3532 5651 dicitur
3559 5575 3652 5629 hic

2082 5645 2297 5705 locus'e
2325 5659 2520 5704 catena
2546 5645 2786 5716 Romana
2817 5648 2869 5702 in
2902 5648 3116 5702 schedis
3150 5645 3484 5716 Couibefisii.

2151 5718 2265 5789 (7|)
2299 5721 2556 5784 Ἕπεται,
2610 5729 2717 5775 etc.
2753 5714 2832 5774 Ex
2875 5719 3062 5776 eadem
3115 5730 3311 5775 catena
3352 5725 3408 5771 et
3455 5714 3648 5771 iisdem

2080 5791 2295 5849 schedia
2323 5789 2652 5847 Coutbellsii.
