4000 6146
424 252 530 309 “5

1858 246 2202 304 ORIGENES

3561 240 3672 297 H6

420 384 543 425 esse
568 368 796 440 expletis
829 368 1241 439 quadringentis
1272 368 1431 422 annis
1456 366 1689 432 exiisse,
1731 364 1822 422 sed
1868 375 1989 436 post

2115 373 2137 417 ι’
2170 364 2308 420 ἐτῶν
2337 364 2581 437 ἐξῆλθον,
2609 361 2748 419 ἀλλὰ
2798 360 2936 434 μετά
2979 367 3026 416 υ’
3060 360 3153 433 ἐτη
3179 403 3195 429 ,
3222 362 3359 434 ὅπερ
3415 360 3675 431 ἐμφαίνει

419 461 850 530 quadringentos
881 474 1076 526 annos,
1115 457 1259 529 quod
1285 459 1508 528 quidem
1540 457 1780 513 ostendit
1807 468 1862 512 et
1893 457 1992 512 tri—

417 554 589 625 ginta.

492 645 564 699 Et
598 645 838 713 despecta
863 654 937 698 est
966 643 1183 698 domina
1215 644 1331 714 ejus
1358 644 1411 696 in
1435 649 1715 712 conspectu
1743 642 1890 696 illius
1919 642 1987 697 ³⁸.

414 738 553 796 Data
584 754 750 809 opera
783 739 1116 793 declaratum
1150 752 1257 791 non
1290 746 1411 802 est,
1443 752 1472 789 a
1506 751 1615 805 quo
1636 775 1651 803 ,
1700 745 1756 788 ut
1810 734 1991 804 inqui-

419 830 588 886 rendo
631 830 1002 885 inveniremus
1032 829 1285 882 virtutem
1305 867 1320 892 ,
1352 836 1704 897 posteaquam
1735 825 1993 880 liberales

418 934 566 980 artes
589 924 812 995 genuit,
840 922 1117 993 despectui
1153 921 1340 977 haberi
1383 920 1589 983 solere,
1623 934 1730 973 non
1765 918 1988 988 quidem

418 1015 531 1070 ullo
565 1016 723 1070 modo
753 1016 820 1068 ab
849 1014 1121 1069 Abraham
1144 1056 1158 1077 ,
1193 1015 1288 1068 sed
1320 1012 1403 1068 vel
1435 1012 1504 1067 ab
1542 1011 1737 1067 ancilla
1761 1051 1778 1074 ,
1811 1009 1897 1065 vel
1922 1010 1991 1064 ab

419 1109 488 1165 iis
517 1111 609 1180 qui
640 1109 757 1180 ejus
785 1107 937 1178 prole
968 1109 1307 1163 delectantur
1330 1145 1346 1172 ,
1394 1113 1683 1174 antequam
1729 1110 1992 1173 praestan-

421 1201 562 1257 tiora
589 1210 648 1256 et
674 1201 895 1256 meliora
923 1210 1051 1255 nata
1081 1201 1211 1256 sint.

488 1294 563 1349 Et
595 1310 697 1348 non
729 1294 1000 1349 vocabitur
1025 1294 1251 1362 amplius
1276 1308 1462 1347 nomen
1483 1302 1632 1347 tuum
1657 1290 1875 1356 Abram,
1901 1292 1991 1345 sed

418 1389 519 1444 erit
565 1403 753 1443 nomen
810 1398 958 1442 tuum
989 1386 1257 1440 Abraham
1281 1385 1345 1440 '°.
1388 1385 1870 1454 Interpretationes
1902 1399 1995 1437 no—

419 1479 627 1535 minum
657 1495 861 1550 quaere.
889 1476 1098 1533 Virtute
1119 1477 1265 1532 enim
1295 1472 1546 1547 impoSita
1574 1485 1701 1531 sunt
1727 1491 1756 1530 a
1784 1476 1990 1546 Spiritu

418 1580 630 1627 sancto.
690 1572 827 1638 Quin
893 1580 950 1624 et
1001 1570 1128 1624 illud
1200 1571 1341 1625 scire
1408 1579 1625 1639 oportet
1684 1569 1994 1626 nominibus

420 1660 677 1724 habitus,
738 1660 1052 1716 affectiones
1096 1670 1151 1715 et
1202 1661 1490 1730 qualitates
1532 1660 1799 1726 indicari,
1850 1662 1995 1715 unde

2095 456 2191 513 καὶ
2223 456 2291 511 τά
2322 456 2387 509 λ’.

2169 652 2277 706 Kal
2309 648 2605 720 ἡτιμάσθη
2638 650 2677 717 ἡ
2707 647 2885 717 κυρία
2919 644 3109 714 αὐτῆς
3145 641 3425 697 ἐναντίον
3454 638 3676 707 αὐτῆς.

2109 743 2523 815 Ἐπίτηδεςςῖῖ)
2557 742 2655 794 οὐκ
2699 738 3032 811 ἐσαφηνίσθη
3086 736 3147 789 τὸ
3203 734 3308 788 ὑπὸ
3356 733 3541 798 τίνος,
3587 732 3681 786 ἵνα

2097 839 2256 908 ἡμεῖς
2280 835 2612 907 ζητήσαντες
2636 834 2905 907 εὕρωμεν,
2932 835 3013 887 ὅτι
3040 833 3280 901 πέφυκεν
3310 827 3679 901 ἀτιμάζεσθαι

2097 928 2288 999 ἀρετὴ,
2314 928 2475 999 ἡνίκα
2503 926 2572 979 τὰ
2602 923 3048 995 προπαιδεύματα
3070 922 3306 992 γεννήσῃ
3328 936 3341 949 ’
3366 920 3428 972 οὐ
3454 918 3675 981 πάντως

2098 1021 2203 1075 ὑπὸ
2224 1020 2318 1074 τοῦ
2341 1019 2609 1091 Ἀϐραάμ,
2633 1019 2745 1072 ἀλλ’
2770 1018 2887 1089 ἦτοι
2911 1015 3015 1068 ὑπὸ
3045 1013 3145 1083 τῆς
3170 1011 3484 1082 παιδίσκης,
3508 1011 3542 1082 ἢ
3567 1010 3682 1063 τῶν

2096 1113 2392 1183 χαιρόντων
2439 1112 2545 1182 πρὸ
2597 1111 2697 1183 τῆς
2740 1109 3003 1180 γενέσεως
3049 1105 3155 1160 τῶν
3199 1103 3521 1176 κρειττόνων
3561 1103 3682 1166 τοῖς

2096 1207 2428 1276 γεννήμασιν
2462 1203 2653 1273 αὐτῆς.

2167 1297 2276 1353 Καὶ
2317 1299 2387 1351 οὺ
2425 1294 2793 1363 κληθήσεται
2823 1292 2912 1346 ἔτι
2946 1291 3014 1346 τὸ
3059 1288 3247 1360 ὄνομά
3288 1305 3405 1343 σου
3446 1286 3681 1356 Ἀϐρὰμ,

2097 1392 2233 1446 ἀλλ’
2281 1389 2454 1444 ἔσται
2502 1389 2568 1442 τὸ
2626 1385 2811 1457 ὄνομά
2851 1401 2968 1440 σου
3024 1380 3289 1452 Ἀϐραάμ.
3338 1382 3450 1444 Τάς
3503 1381 3684 1450 ἑρμη-

2098 1485 2245 1547 νείας
2273 1482 2382 1555 (78)
2416 1483 2524 1536 τῶν
2554 1481 2830 1552 ὀνομάτων
2862 1477 3045 1551 ζήτειο
3075 1477 3299 1548 δυνάμει
3326 1474 3434 1546 γὰρ
3458 1472 3683 1542 ὠνομάο

2101 1575 2306 1647 σθησαν
2383 1573 2487 1630 ὑπὸ
2545 1572 2641 1626 τοῦ
2728 1571 2882 1640 ἁγίου
2954 1567 3306 1639 Πνεύματος·
3372 1563 3510 1618 ἀλλά
3575 1562 3685 1633 μὴν

2099 1667 2194 1722 καὶ
2249 1666 2405 1720 τοῦτο
2481 1663 2587 1737 χρὴ
2654 1664 2850 1718 εἰδέναι
2875 1702 2889 1725 ,
2950 1663 3032 1715 ὃτι
3097 1659 3166 1714 τά
3218 1658 3457 1729 ὀνόματα
3510 1653 3683 1723 ἐξεὼν

421 1765 648 1806 noscere
675 1759 762 1807 est
794 1749 910 1820 ejus
953 1751 1042 1806 cui
1086 1751 1306 1806 nomina
1349 1751 1603 1822 imposita
1642 1761 1797 1820 sunt,
1829 1752 1994 1807 animi

2115 1777 2236 1824 Lm,
2270 1759 2366 1813 καὶ
2428 1757 2832 1819 καταστάσεων,
2861 1755 2957 1809 καὶ
3018 1752 3317 1823 ποιοτήτων
3370 1746 3681 1821 δηλωτικάο

424 1843 599 1899 dotes.

492 2021 642 2077 Dixit
674 2033 848 2077 autem
876 2025 1139 2079 Abraham
1167 2027 1236 2080 ad
1270 2025 1435 2080 Deum
1462 2039 1480 2076 :
1512 2025 1710 2080 lsmael
1740 2026 1839 2079 iste
1860 2026 1997 2080 vivat

424 2121 546 2167 ante
583 2121 630 2166 te
653 2112 721 2167 ⁸ο.
750 2113 1020 2168 Eximiqu
1062 2116 1189 2184 quid
1230 2116 1424 2170 orabat
1453 2130 1548 2185 pro
1580 2116 1805 2171 lsmaele
1828 2117 2000 2171 Abra-

426 2205 575 2267 ham,
610 2216 711 2260 nec
740 2206 878 2261 satis
904 2206 953 2260 ei
984 2205 1086 2259 fuit
1108 2206 1319 2275 precari
1358 2223 1373 2260 :
1416 2208 1554 2262 vivat
1584 2224 1604 2273 ;
1639 2210 1732 2264 sed
1765 2209 1998 2275 addidit,

422 2311 547 2354 ante
579 2308 650 2356 te.
692 2300 884 2356 Vivere
916 2301 1062 2356 enim
1112 2308 1241 2356 ante
1283 2302 1570 2358 Dominum
1596 2345 1612 2371 ,
1657 2304 1999 2361 solummodo

423 2401 507 2447 est
537 2392 821 2448 beatorum
856 2402 1020 2463 atque
1046 2403 1377 2448 sanctorum.

499 2574 766 2630 Abraham
812 2586 987 2631 autem
1035 2586 1084 2631 et
1115 2576 1254 2632 Sara
1284 2593 1433 2632 senes
1483 2579 1749 2648 progressi
1782 2580 1837 2635 in
1880 2582 1999 2636 die-

425 2667 524 2724 bus
557 2668 626 2724 “.
661 2668 934 2724 Fortassis
978 2668 1042 2723 de
1070 2668 1202 2724 solis
1240 2668 1405 2737 justis
1437 2670 1642 2725 dictum
1682 2680 1767 2727 est
1809 2689 1825 2727 :
1870 2689 1999 2741 pro-

423 2761 590 2832 gressi
636 2761 690 2815 in
738 2760 942 2815 diebus.
987 2761 1141 2827 Quod
1177 2762 1222 2818 si
1261 2762 1335 2816 ita
1379 2775 1438 2818 se
1472 2777 1560 2817 res
1588 2762 1772 2829 habet,
1812 2766 1995 2821 nullus

425 2855 602 2909 malus
630 2868 953 2922 progressus
984 2864 1090 2909 est.

497 2944 605 3015 37
638 2944 703 2997 Et
744 2945 1170 3015 appropinquans
1201 2946 1470 3001 Abraham
1496 2948 1667 3002 dixit:
1699 2947 1781 3002 Ne
1808 2951 2000 3017 perdas

2098 1853 2158 1920 ἐξ
2190 1846 2265 1907 ὧν
2310 1851 2457 1905 ἔστιν
2501 1850 2629 1904 ίδεῖν
2673 1848 2771 1922 τὴν
2817 1846 3231 1918 ἐπιτηδειότητα
3274 1843 3369 1897 τοῦ
3411 1838 3683 1915 ὀνομαζο-

2145 1944 2284 1997 ένου.

2234 1962 2284 1995 υ.

2102 1962 2308 2090 “signa
2338 2032 2408 2087 δὲ
2450 2031 2704 2100 Ἀϐραὰμ
2734 2030 2884 2098 πρὸς
2909 2029 3018 2082 τὸν
3053 2029 3235 2083 Θεόν·
3299 2023 3558 2093 Ἰσμαὴλ
3586 2016 3687 2078 οὗ·

2098 2145 2202 2194 τος
2248 2125 2394 2193 ζήτω
2423 2124 2702 2179 ἐναντιον
2740 2121 2877 2177 σοῦ.
2936 2119 3239 2192 Ἐξαίρετόν
3284 2136 3337 2172 τι
3365 2114 3476 2187 (79)
3522 2114 3683 2183 ἠξίου

2099 2220 2229 2295 περὶ
2290 2217 2386 2272 τοῦ
2456 2216 2678 2289 Ἰσμαὴλ
2740 2217 2769 2269 ὁ
2847 2213 3116 2285 Ἀϐραὰμ,
3183 2213 3283 2266 οὐκ
3339 2208 3684 2282 ἀρκούμενος

2099 2312 2177 2384 τῷ
2197 2352 2211 2376 ,
2244 2309 2390 2376 ζήτω
2411 2327 2424 2340 ο
2458 2308 2538 2362 διὸ
2566 2305 2903 2379 προσέθηκεν
2924 2322 2939 2335 ο
2969 2303 3247 2358 ἐναντιον
3280 2299 3415 2355 σοῦ.
3461 2299 3535 2352 Τὸ
3568 2299 3686 2369 γὰρ

2102 2404 2200 2475 ζῇν
2232 2401 2471 2457 ἐναντίον
2520 2398 2724 2470 Κυρίου
2761 2395 3043 2469 μακαρίων
3074 2392 3192 2447 ἐστὶ
3233 2391 3328 2447 καὶ
3360 2389 3468 2444 τῶν
3510 2389 3686 2459 ἁγίων

2147 2514 2282 2552 ονων
2289 2537 2302 2550 .

2106 2516 2441 2657 μοῖἓραὰμ
2498 2583 2568 2639 δὲ
2617 2584 2717 2640 καὶ
2773 2580 2972 2650 Σάρρα
3024 2578 3409 2647 πρεσϐύτεροι
3468 2572 3687 2643 atposs—

2102 2681 2348 2746 σηκότες
2392 2674 2646 2747 ἡμερῶν.
2678 2673 2904 2744 Μήποτε
2935 2668 3044 2743 (8θ)
3091 2668 3183 2721 ἐπὶ
3224 2667 3447 2721 δικαίων
3502 2664 3687 2737 μόνων

2101 2774 2184 2839 τὸ,
2217 2769 2651 2840 προϐεϐηκότες
2677 2763 2932 2835 ἡμερῶν,
2958 2761 3235 2822 τέτακται.
3266 2761 3443 2831 Ὅπερ
3473 2759 3568 2813 ἐὰν
3596 2756 3688 2812 οὓ-

2099 2881 2208 2928 τως
2237 2862 2371 2933 ἐχει,
2398 2860 2573 2924 οὐδεὶς
2606 2858 2807 2930 φαῦλος
2837 2855 3166 2928 προϐέϐηκε.

2171 2954 2282 3010 Kal
2310 2955 2557 3025 ἐγγίσας
2613 2948 2858 3020 Ἀϐραὰμ
2885 2945 3014 3003 εἶπε
3034 2965 3048 2979 ο
3097 2946 3194 3015 Μὴ
3243 2942 3687 3013 συναπολέσῃς

419 3041 628 3113 justum
651 3056 770 3094 cum
787 3040 1033 3111 impio".
1055 3041 1367 3097 Eneomium
1392 3042 1495 3096 hoc
1512 3052 1595 3097 est
1620 3043 1871 3097 Abrahaz.
1890 3043 1999 3099 Pie-

2115 3051 2335 3106 δίκαιον
2369 3046 2520 3119 μετὰ
2552 3043 2832 3109 ἀσεϐοῦς.
2888 3039 3192 3111 Ἐγκώμιον
3231 3038 3390 3092 τοῦτο
3421 3037 3532 3106 (81)
3579 3035 3682 3089 τοῦ

431 3132 559 3186 tatis
587 3131 729 3187 enim
757 3132 875 3201 ejus
896 3132 1165 3187 indicatur
1184 3130 1442 3197 ﬁrmitas;
1464 3141 1797 3202 quapropter
1830 3145 1886 3189 et
1910 3151 2003 3205 ap-

428 3223 742 3296 proximare
764 3223 959 3293 potuit.
987 3222 1116 3278 Illud
1141 3233 1322 3278 autem
1344 3225 1728 3295 approximare
1752 3241 1858 3281 non
1877 3241 2006 3282 cor-

429 3316 693 3390 poraliter
722 3315 1130 3385 intelligendum
1157 3324 1260 3373 cst.

501 3407 602 3463 Lot
627 3418 801 3464 autem
831 3408 1041 3463 sedebat
1072 3410 1142 3463 ad
1165 3420 1371 3480 portam
1405 3410 1757 3467 Sodomorum
1784 3411 1851 3465 ⁸³.
1885 3411 2003 3467 Νοη

431 3509 549 3554 erat
574 3500 719 3556 intus
736 3499 989 3557 Sodoma!
1008 3498 1128 3569 Lot,
1155 3502 1249 3556 sed
1275 3504 1338 3556 ad
1366 3512 1603 3573 portam.
1631 3503 1880 3559 Dixerim
1912 3519 2005 3559 au-

435 3603 543 3647 tem
575 3600 700 3662 ego,
727 3593 1180 3663 quemadmodum
1207 3604 1363 3650 extra
1397 3597 1807 3653 tabernaculum
1841 3600 2005 3653 sede-

433 3687 526 3741 bat
554 3686 855 3753 Abraham,
886 3703 998 3758 prae
1030 3688 1402 3759 hospitalitate
1432 3689 1596 3744 etiam
1626 3690 2007 3762 intempestive

435 3778 571 3849 (erat
611 3782 757 3835 enim
808 3781 1092 3854 meridies)
1123 3782 1425 3837 observans
1465 3791 1859 3850 prmtereuutes
1885 3823 1900 3848 ,
1932 3782 2006 3837 ita

432 3870 554 3937 ejus
596 3873 1060 3940 consanguineum
1107 3882 1165 3927 et
1191 3887 1405 3928 morum
1434 3873 1764 3928 imitatorem
1799 3874 2006 3929 sedisse

433 3962 491 4019 in
532 3962 740 4021 foribus
764 4005 779 4030 ,
816 3972 877 4018 ut
924 3965 1177 4021 invitaret
1233 3975 1627 4037 praetereuntes
1652 4007 1668 4032 ,
1718 3966 1882 4020 etiam
1911 3980 2006 4021 ve-

433 4069 593 4125 spere
634 4055 748 4127 jam
809 4058 976 4112 facto.
1022 4056 1258 4114 Noverat
1334 4058 1537 4128 quippe
1598 4057 2004 4113 Sodomitarum

433 4147 773 4220 impietatem
799 4190 817 4219 ,
857 4165 958 4206 nec
1005 4150 1169 4206 ullam
1221 4151 1295 4208 ibi
1333 4166 1453 4208 esse
1498 4150 1804 4222 peregrinis
1853 4151 2005 4220 quie-

434 4251 572 4299 tem.

509 4333 580 4390 Et
605 4337 770 4407 coegit
800 4353 887 4392 eos
911 4374 927 4402 ,
951 4346 1001 4390 et
1030 4337 1253 4407 ingressi
1276 4345 1397 4391 sunt
1423 4338 1481 4391 in
1517 4337 1728 4391 domum
1759 4352 1910 4390 suam
1935 4334 2002 4389 ιι.

2118 3141 2386 3215 Ἀϐραάμ.
2435 3137 2698 3210 Δηλοῦται
2738 3134 2846 3207 γὰρ
2890 3134 2952 3187 τὸ
2998 3133 3212 3205 βέϐαιον
3256 3131 3355 3201 τῆς
3400 3128 3684 3192 εὐσεϐείας

2105 3233 2290 3296 αὐτοῦ,
2334 3232 2414 3287 διὸ
2452 3232 2544 3285 καὶ
2579 3228 2793 3299 ἐγγίσαι
2826 3227 3128 3299 δεδύνηται.
3158 3224 3230 3277 Τὸ
3263 3223 3321 3276 δέ
3365 3220 3582 3291 ἐγγίσαι
3617 3220 3680 3274 οὐ

2108 3324 2433 3396 σωματικῶς
2461 3323 2700 3394 νοητέον.

2178 3419 2310 3474 Λὼτ
2358 3416 2426 3471 δὲ
2469 3397 2722 3483 ἐκάθητο
2767 3412 2927 3482 παρὰ
2969 3411 3085 3479 τὴν
3126 3411 3329 3476 πύλην
3377 3405 3680 3476 Σοδόμων.

2105 3514 2219 3568 Οὐκ
2266 3507 2333 3583 ἦν
2384 3509 2528 3564 ἔνδον
2570 3509 2680 3582 (δε)
2727 3507 2973 3577 Σοδόμων
3015 3503 3158 3567 Λὼτ,
3199 3501 3333 3556 ἀλλά
3386 3500 3537 3572 παρά
3584 3496 3685 3570 τὴν

2108 3606 2303 3677 πύλην.
2340 3606 2562 3675 Εἴποιμι
2589 3602 2634 3658 δ’
2661 3600 2725 3655 ἂν
2758 3600 2939 3663 αὐτὸς,
2970 3597 3030 3650 ὃν
3053 3596 3250 3668 τρόπον
3276 3593 3380 3660 ἔξω
3410 3592 3511 3661 τῆς
3540 3608 3684 3663 σκη-

2107 3699 2203 3770 νῆς
2232 3699 2260 3750 ὁ
2306 3695 2552 3768 Ἀϐραάμ
2585 3692 2820 3762 ἐκάθητο
2848 3688 3121 3760 ἐπιτηρῶν
3141 3685 3230 3740 διὰ
3259 3684 3560 3753 φιλοξενίαν
3586 3683 3684 3736 καὶ

2110 3792 2259 3865 παρά
2291 3788 2476 3861 καιρὸν
2503 3787 2629 3851 τοὺς
2652 3783 2983 3846 διοδεύοντας
3009 3800 3022 3812 ·
3059 3777 3397 3852 (μεσημϐρία
3424 3775 3532 3846 γὰρ
3563 3771 3682 3847 ἦν’)

2105 3881 2278 3944 οὕτως
2309 3882 2337 3933 ὁ
2369 3878 2578 3932 ἐκείνου
2615 3875 2880 3946 συγγενὴς
2908 3874 3002 3927 καὶ
3035 3871 3274 3944 μιμητὴς
3317 3868 3425 3921 τῶν
3462 3867 3684 3938 τρόπων

2106 3973 2394 4038 ἐκαθέζετο
2425 3973 2576 4045 παρά
2615 3975 2683 4044 τῇ
2719 3970 2880 4042 πύλῃ,
2916 3965 3353 4041 προτρεπόμενος
3389 3962 3515 4025 τοὺς
3541 3978 3683 4033 παρ-

2110 4069 2305 4134 ιόντας,
2354 4068 2449 4122 καὶ
2480 4066 2714 4139 ἑσπέρας
2744 4064 2844 4136 ἤδη
2898 4060 3306 4130 καταλαϐούσης
3331 4077 3345 4090 ι
3381 4055 3535 4121 εἰδὼς
3579 4054 3659 4126 μά

2106 4162 2261 4216 λιστα
2280 4162 2386 4215 τῶν
2420 4164 2477 4216 ἐν
2500 4160 2753 4231 Σοδόμοις
2774 4157 2872 4228 τὴν
2902 4153 3178 4221 ἀσέϐειαν,
3199 4152 3293 4206 καὶ
3312 4151 3387 4215 ὡς
3407 4152 3507 4205 οὐκ
3533 4148 3682 4204 ἔστιν

2109 4256 2286 4308 ἐκεῖσε
2308 4255 2418 4316 τοῖς
2450 4252 2619 4318 ξένοις
2653 4251 2976 4309 ἀνάπαυσις.

2178 4346 2289 4399 Kal
2313 4342 2699 4399 κατεϐιάσατο
2726 4342 2967 4407 αὐτοὺς,
3003 4339 3102 4394 καὶ
3128 4338 3419 4407 εἰσῆλθον
3448 4338 3534 4403 εὶς
3571 4334 3682 4390 τὸν

441 4429 710 4497 Quoniam
742 4443 848 4484 non
881 4430 1003 4484 talis
1029 4440 1149 4483 erat
1175 4429 1296 4497 Lot,
1337 4429 1515 4499 qualis
1548 4428 1851 4494 Abraham,
1884 4443 1999 4497 pro-

2115 4433 2276 4491 οἷκον
2324 4435 2531 4491 αὐτοῦ.
2588 4432 2806 4504 Ἐπειδὴ
2838 4432 2945 4503 (83)
2991 4433 3064 4503 μὴ
3102 4430 3340 4494 τοιοῦτος
3375 4424 3444 4501 ἦν
3488 4430 3517 4481 ὁ
3554 4427 3681 4481 Λὼτ

436 4530 624 4592 pterea
647 4523 739 4592 qui
771 4524 839 4578 ad
870 4523 1042 4592 ipsum
1073 4520 1282 4591 ingredi
1311 4519 1707 4590 gravabantur,
1737 4533 1875 4589 opus
1902 4517 2005 4571 fuit

440 4623 501 4668 ut
531 4624 876 4686 cogerentur.

520 4702 672 4759 Viros
703 4713 877 4757 autem
907 4705 996 4775 qui
1027 4713 1172 4759 erant
1200 4704 1268 4757 ad
1303 4704 1530 4775 januam
1560 4704 1766 4767 domus,
1791 4719 2007 4774 percus-

438 4803 619 4850 serunt
671 4796 907 4848 cazcitate
936 4794 1004 4848 ιδ.
1042 4794 1096 4848 In
1135 4794 1334 4849 bonum
1366 4795 1738 4864 percutiuntur
1764 4796 2007 4849 caecitate

439 4886 534 4956 qui
570 4885 711 4941 male
742 4887 860 4942 visu
894 4889 1204 4955 utebantur,
1238 4901 1485 4957 quosque
1531 4903 1598 4943 ne
1638 4896 1866 4957 peccent
1914 4887 2011 4941 im-

439 4979 593 5050 pedit
616 4979 851 5035 cazcitas.

515 5072 589 5126 Et
627 5073 806 5127 evertit
841 5089 1018 5127 omnes
1042 5073 1277 5128 civitates
1303 5073 1423 5137 has,
1452 5081 1500 5125 et
1528 5087 1735 5126 onmem
1760 5072 1901 5125 circa
1927 5088 2006 5127 re-

443 5165 671 5234 gionem,
696 5174 745 5217 et
775 5181 951 5218 omnes
985 5163 1304 5218 habitatores
1331 5164 1576 5230 urbium,
1610 5173 1658 5217 et
1694 5178 1869 5217 omnes
1893 5163 2009 5231 {ru-

444 5266 557 5309 ctus
600 5261 754 5308 terra:
775 5254 842 5308 δθ.
888 5255 1149 5309 Dominus
1194 5270 1299 5309 non
1354 5254 1526 5308 solum
1578 5255 1772 5322 impios
1806 5253 2005 5324 perdit,

516 5350 562 5383 ³⁸
587 5348 723 5406 Gen.
759 5368 870 5414 xvi.
900 5352 953 5405 4.
1059 5352 1104 5384 ⁸⁸
1140 5350 1276 5407 Gen.
1311 5366 1440 5414 xvu,
1483 5352 1537 5407 5.

442 5417 495 5456 “
522 5420 677 5487 ibid.,
707 5422 760 5477 5.
859 5421 904 5455 “
936 5422 1090 5489 ibid.,
1113 5424 1201 5479 11.
1275 5421 1322 5454 ⁶⁶
1361 5422 1515 5488 ibid.,
1546 5422 1637 5477 25.

518 5512 631 5585 (77)
676 5513 998 5585 Ἐπίεηδες,
1026 5524 1137 5585 etc.
1165 5516 1240 5570 Ex
1279 5516 1468 5571 iisdem
1501 5514 1737 5569 schedis.

544 5583 630 5646 73)
658 5583 768 5649 Τὰς
793 5583 1124 5653 ἑρμηνείας,
1151 5597 1256 5642 etc.
1288 5587 1367 5641 Ex
1390 5587 1578 5641 iisdem
1610 5584 1844 5640 schedis.

577 5653 632 5723 9)
677 5654 1007 5723 Ἐξαίρετόν
1032 5673 1108 5721 τι,
1136 5667 1242 5711 etc.
1278 5657 1356 5712 Ex
1388 5658 1573 5711 iisdem
1605 5655 1839 5710 scliedis.

545 5724 632 5799 ξθ)
670 5724 931 5799 amators,
955 5735 1060 5781 etc.
1089 5727 1164 5799 Ex
1195 5728 1381 5782 iisdem
1412 5726 1633 5799 schedis
1667 5724 2007 5799 Gombetisii.

544 5794 635 5869 81)
682 5796 993 5868 Ἐγκώμιον
1030 5797 1225 5865 τοῦτο,
1257 5808 1358 5856 etc.
1387 5798 1428 5854 E
1450 5806 1639 5860 catena
1667 5794 1930 5855 Romana.

1637 5350 1683 5382 "
1724 5349 1880 5416 ibid.,
1926 5349 2016 5407 18.
2089 5351 2132 5385 ⁸⁸
2169 5354 2305 5412 Gen.
2342 5371 2496 5419 xvut,
2541 5356 2629 5410 Η.

2110 4523 2220 4591 οἷος
2264 4530 2293 4581 ὁ
2333 4525 2597 4599 Ἀϐραὰμ,
2630 4524 2718 4578 διὰ
2746 4522 2921 4589 τοῦτο,
2963 4523 3244 4586 ὀκνοῦντες
3286 4521 3509 4575 διελθεῖν
3547 4519 3683 4592 πρὸς

2111 4620 2293 4685 αὑτὸν,
2325 4618 2444 4689 βίας
2468 4616 2775 4688 χρῄζουσιν.

2187 4709 2333 4775 Τοὺς
2365 4707 2434 4761 δὲ
2460 4707 2680 4775 ἄνδρας
2711 4705 2852 4772 τοὺς
2881 4704 3059 4772 ὄντας
3084 4702 3183 4757 ἐπὶ
3214 4703 3324 4771 τῆς
3361 4702 3545 4769 θύρας
3573 4697 3682 4753 τοῦ

2111 4802 2280 4857 οἴκου
2312 4800 2619 4865 ἐπάταξαν
2643 4799 2917 4868 ἀορασίᾳ.
2958 4799 3073 4852 Ἐπ’
3109 4795 3295 4866 ἀγαθῷ
3325 4795 3434 4866 (84)
3468 4783 3683 4848 πατάσ-

2114 4910 2294 4947 σονται
2321 4892 2552 4964 ἁορασὶᾳ
2576 4892 2627 4945 οἱ
2656 4891 2839 4955 κακῶς
2879 4893 2941 4961 τῇ
2975 4890 3162 4961 ὁράσει
3191 4888 3543 4959 χρησάμενοι,
3587 4885 3683 4939 καὶ

2112 4986 2194 5048 είς
2222 4985 2281 5037 τὸ
2306 4984 2640 5057 ἁμαρτάνειν
2673 4976 3083 5055 ἐμποδιζόμενοι
3117 4981 3220 5033 ὑπὸ
3246 4981 3343 5052 τῆς
3367 4978 3649 5050 ἀορασίας.

2179 5076 2287 5130 Kal
2315 5076 2682 5145 κατέστρεψε
2708 5075 2909 5141 πάσας
2933 5073 3040 5140 τὰς
3061 5074 3267 5139 πόλεις
3307 5072 3549 5137 ταύτας,
3582 5070 3683 5126 καί

2110 5165 2317 5218 πᾶσαν
2373 5164 2489 5234 τὴν
2517 5167 2870 5235 περίχωρον,
2916 5164 3015 5219 καὶ
3049 5162 3280 5228 πάντας
3312 5160 3454 5227 τοὺς
3485 5178 3681 5215 κατοι-

2109 5257 2369 5325 κοῦντας
2404 5259 2475 5311 ἐν
2511 5259 2641 5325 ταῖς
2689 5259 2925 5321 πόλεσι,
2967 5257 3064 5313 καὶ
3095 5254 3290 5309 πάντα
3326 5254 3398 5308 τὰ
3427 5254 3682 5309 ἀνατέλ·

2725 5353 2954 5419 “ibid.,
3007 5352 3098 5409 23.
3170 5352 3218 5384 “
3267 5351 3405 5407 Geu.
3459 5366 3575 5417 XIX,
3622 5349 3680 5407 1.

2146 5516 2293 5599 "(82)
2331 5518 2452 5572 Οὺκ
2497 5512 2576 5589 ἦν
2604 5515 2804 5582 ἔνδον,
2858 5525 2964 5570 etc.
3017 5514 3097 5570 Ex
3128 5515 3300 5569 tribus
3326 5511 3537 5568 catenis
3572 5512 3655 5569 Re

2109 5603 2232 5656 gus.

2204 5656 2294 5727 85)
2335 5654 2590 5723 Ἐπειδὴ,
2618 5665 2729 5727 etc.
2753 5656 2831 5710 Ex
2858 5654 3072 5727 schedis
3102 5652 3435 5727 Gombelisii.

2204 5657 2294 5727 85)
2335 5657 2590 5723 Ἐπειδὴ,
2618 5665 2729 5711 etc.
2753 5657 2831 5710 Ex
2858 5657 3072 5709 schedis
3102 5657 3435 5709 Combetisii.

2181 5657 2293 5801 ξεί)
2340 5729 2457 5782 Ἐπ’
2494 5725 2711 5799 ἀγαθῷ,
2734 5735 2839 5783 etc.
2865 5725 2939 5781 Ex
2972 5726 3187 5782 schedis
3206 5723 3541 5783 Combetisii.
