4000 6146
491 273 593 327 119

1908 262 2260 319 ὈΒΙΟΕΝΕΞ

3622 259 3730 313 19.0

488 409 636 450 tuam
677 395 724 427 ⁵⁸
747 433 762 460 ,
796 402 902 448 etc.
936 389 1278 446 Conveniens
1326 403 1431 442 vox
1473 387 1588 442 seni
1628 385 1829 440 famulo
1860 387 2046 440 domus

2150 403 2262 438 νον
2293 383 2406 452 τὴν
2432 382 2644 452 ὑδρίαν
2681 399 2818 450 σου,
2850 382 2944 436 καὶ
2981 380 3051 435 τὰ
3091 380 3235 454 ἑξῆς,
3279 383 3572 452 Πρέπουσα
3610 380 3726 451 (92)

488 487 739 550 Abrahrc,
793 493 848 538 et
893 493 1016 548 apta
1051 480 1281 550 principi
1325 478 1568 533 omnium
1615 476 1732 546 ejus
1763 477 2049 533 bonorum.

488 577 550 633 Et
583 577 703 631 vide
727 575 1044 644 sapientiam
1072 589 1089 640 ;
1121 573 1279 642 quale
1309 572 1463 642 ponit
1494 571 1732 641 signum.

562 746 733 800 Homo
757 757 927 800 autem
947 747 1250 800 observabat
1275 762 1410 812 eam,
1434 754 1480 798 et
1504 743 1725 808 tacebat,
1746 751 1802 795 ut
1825 753 2054 797 nosceret

489 849 662 890 utrum
680 854 979 904 prosperum
996 840 1093 891 iter
1103 854 1252 890 suum
1266 837 1471 906 fecisset
1491 835 1855 899 Dominus,‘an
1869 851 1969 888 non
1983 836 2048 888 ⁵⁷.

489 929 627 983 Hinc
660 929 867 984 discere
899 937 981 984 est
1010 929 1179 984 satius
1206 944 1327 984 esse
1351 938 1411 982 ut
1457 929 1549 996 qui
1594 936 1743 993 orat,
1774 942 1877 980 non
1928 943 2052 982 cum

489 1019 671 1074 sensili
703 1035 806 1088 qua
839 1021 1092 1074 audiatur
1115 1062 1131 1086 ,
1164 1034 1300 1075 voce
1325 1059 1340 1085 ,
1373 1021 1465 1074 sed
1495 1020 1548 1073 in
1579 1020 1742 1075 corde
1777 1033 1896 1074 oret
1924 1034 2049 1073 eum

487 1113 579 1180 qui
607 1119 876 1165 scrutatur
898 1113 1063 1166 corda
1095 1121 1148 1167 et
1176 1127 1352 1167 renes.

557 1282 715 1337 Isaac
739 1292 915 1338 autem
948 1284 1248 1340 ambulabat
1271 1302 1363 1356 per
1389 1303 1617 1340 eremum
1655 1287 1814 1357 juxta
1837 1302 2051 1357 puteum

486 1375 696 1430 visionis
719 1375 784 1430 ⁸⁸.
817 1377 1044 1446 Dignum
1073 1377 1171 1431 iter
1199 1387 1387 1433 sancto
1414 1379 1505 1448 qui
1538 1394 1636 1449 per
1665 1380 1892 1434 multum
1921 1381 2048 1450 qui-

487 1469 608 1524 dem
635 1483 905 1522 secessum
935 1469 1245 1524 ambulabat
1265 1470 1317 1523 in
1347 1486 1548 1532 eremo,
1577 1486 1672 1540 per
1705 1486 1887 1525 rerum
1922 1486 2052 1524 vero

486 1562 788 1615 divinarum
841 1559 1356 1630 contemplationem
1405 1561 1716 1617 ambulabat
1759 1563 1912 1630 juxta
1959 1579 2053 1634 pu-

488 1661 632 1706 teum
664 1650 908 1705 visionis.

2157 475 2367 547 ήφωνὴ
2404 475 2482 546 τῷ
2519 474 2800 546 πρεσϐύτῃ
2841 474 2939 544 τῆς
2977 473 3154 537 οἰκίας
3188 473 3282 527 τοῦ
3327 473 3596 546 Ἀϐραὰμ,
3631 475 3730 527 καὶ

2154 566 2467 638 ἁρμόζουσα
2507 565 2586 636 τῷ
2617 565 2836 636 ἄρχοντι
2875 567 3089 620 πάντων
3121 564 3228 619 τῶν
3259 564 3444 620 αὑτοῦ.
3479 566 3589 618 Καὶ
3623 566 3729 636 ὅρα

2157 657 2367 726 σοφίαν,
2401 651 2510 710 οἷον
2538 657 2718 728 τίθησι
2753 660 2992 728 σημεῖον.

2237 751 2298 802 '0
2326 748 2394 802 δὲ
2419 748 2725 816 ἅνθρωπος
2755 747 3196 816 κατεμάνθανεν
3219 745 3429 813 αὐτὴν,
3455 745 3552 797 καὶ
3580 758 3732 811 παρ’

2152 839 2399 903 εσιώπα,
2426 839 2532 893 τοῦ
2558 839 2776 909 γνῶναι
2801 842 2850 892 εἱ
2890 838 3157 893 εὐώδωκε
3185 840 3398 905 Κύριος
3427 837 3542 904 τὴν
3583 835 3731 887 ὁδὸν

2153 932 2340 986 αὑτοῦ
2379 929 2418 999 ἢ
2466 931 2558 985 οὔ.
2621 930 2897 984 Ἐντεῦθέν
2944 933 3059 984 ἐστι
3108 930 3217 1001 (95)
3259 928 3591 999 διδαχθῆναι,
3642 929 3728 980 ὅτι

2152 1021 2314 1075 καλόν
2367 1023 2482 1074 ἐστι
2523 1021 2614 1076 τὸν
2661 1022 3094 1093 προσευχόμενον
3148 1021 3222 1092 μὴ
3274 1019 3410 1090 μετὰ
3461 1017 3726 1088 αἰσθητῆς

2153 1107 2480 1178 ἀκουόμενον
2501 1109 2600 1178 τῆς
2624 1110 2806 1180 φωνῆς
2834 1109 3250 1180 προσεύχεσθαι,
3280 1108 3393 1162 ἀλλ’
3423 1109 3481 1162 ὲν
3504 1110 3572 1179 τῇ
3596 1125 3729 1179 καρ-

2152 1197 2241 1268 δία
2268 1195 2346 1267 τῷ
2377 1194 2620 1259 ὲτόιζοντι
2647 1199 2872 1268 καρδίας
2899 1198 2994 1252 καὶ
3026 1198 3276 1270 νεφρούς.

2235 1288 2439 1343 Ἰσαὰκ
2470 1289 2538 1342 δὲ
2569 1290 2882 1358 ἐπορεύετο
2915 1291 3011 1344 διὰ
3055 1288 3163 1358 τῆς
3197 1288 3417 1359 ἐρήμου
3462 1289 3613 1342 κατὰ
3654 1288 3724 1342 τὸ

2151 1378 2336 1447 φρέαρ
2357 1375 2464 1446 τῆς
2493 1379 2774 1446 ὁράσεως.
2809 1381 3098 1452 Πρέπουσα
3125 1380 3316 1452 πορεία
3339 1379 3446 1450 (94)
3470 1379 3548 1449 τῷ
3581 1380 3725 1450 ἁγίῳ

2151 1468 2240 1523 διὰ
2282 1470 2378 1539 μὲν
2409 1469 2507 1540 τὴν
2535 1470 2733 1541 πολλὴν
2754 1469 3096 1542 ἀναχώρησιν
3123 1471 3470 1542 πορευομένῳ
3503 1470 3592 1524 διὰ
3621 1471 3723 1540 τῆς

2151 1562 2380 1633 ἐρήμου,
2415 1561 2501 1614 διὰ
2537 1561 2594 1614 δὲ
2629 1563 2727 1633 τὴν
2769 1563 2896 1634 περὶ
2930 1562 3038 1617 τῶν
3075 1565 3152 1626 είς
3191 1563 3321 1616 Θεὸν
3354 1563 3583 1636 θεωρίαν
3627 1580 3723 1616 πο-

2154 1653 2434 1724 ρευομένῳ
2461 1652 2604 1706 κατὰ
2629 1653 2690 1706 τὸ
2717 1654 2893 1726 φρέαρ
2921 1655 3018 1725 τῆς
3041 1656 3298 1724 ὁράσεως.

555 1742 624 1797 Et
653 1758 887 1813 egressus
927 1752 1001 1796 est
1033 1741 1188 1796 Isaac
1226 1743 1295 1796 ad
1323 1743 1772 1812 confabulandum
1813 1747 1870 1800 in
1919 1764 2046 1818 agro

2217 1743 2327 1797 Καὶ
2353 1741 2609 1810 ἐξῆλθεν
2638 1744 2841 1797 Ἰσαὰκ
2871 1743 3283 1812 ἀδολεσχῆσαι
3303 1745 3389 1810 είς
3419 1742 3484 1796 τὸ
3510 1743 3720 1797 πεδίον

483 1835 577 1888 sub
617 1850 883 1902 vesperam
905 1835 971 1886 ⁸³.
1010 1833 1084 1888 De
1128 1835 1360 1891 terrenis
1405 1837 1711 1890 exeundum
1745 1847 1830 1892 est
1876 1839 1926 1893 ei
1957 1839 2048 1908 qui

485 1928 554 1982 de
598 1926 796 1982 divinis
849 1927 1178 1996 colloquium
1238 1928 1524 1984 habiturus
1585 1939 1688 1985 est.
1743 1929 1855 1986 Hoc
1902 1933 2046 1986 enim

486 2033 631 2074 nunc
681 2018 1013 2074 confabulari
1073 2020 1393 2074 nominavit.
1454 2019 1569 2075 Non
1607 2023 1863 2090 additur,
1915 2026 2052 2092 qui-

485 2126 646 2174 cum.
689 2122 744 2166 et
781 2113 1017 2178 merito;
1060 2128 1236 2182 neque
1275 2113 1422 2168 enim
1465 2113 1744 2168 hominum
1787 2125 1869 2170 est
1906 2115 2050 2182 ejus-

485 2201 630 2254 modi
665 2200 1009 2270 colloquium,
1053 2203 1148 2258 sed
1189 2211 1281 2258 aut
1305 2219 1427 2257 cum
1470 2204 1602 2270 Deo,
1631 2213 1726 2258 aut
1764 2204 1847 2260 sui
1882 2207 2050 2276 ipsius

484 2307 694 2348 secum.

552 2382 826 2454 Ejusdem.
871 2383 1004 2440 Illud
1054 2395 1231 2441 autem
1256 2428 1272 2454 ,
1315 2386 1408 2441 sub
1448 2404 1732 2458 vesperam,
1772 2391 2050 2460 significat

485 2479 573 2530 vix
627 2491 784 2545 posse
817 2492 940 2531 eum
983 2476 1074 2546 qui
1111 2479 1177 2532 ad
1227 2480 1454 2534 senilem
1501 2482 1746 2548 pervenit
1785 2482 1896 2552 39
1921 2493 2051 2539 aeta-

485 2577 617 2634 tem,
647 2585 732 2625 res
771 2569 988 2627 divinas
1015 2573 1475 2642 comprehendere
1515 2585 1569 2628 et
1603 2575 1670 2630 de
1709 2575 1903 2632 iisdem
1935 2577 2051 2632 col-

482 2657 652 2729 loqui.

550 2751 816 2806 Abraham
843 2762 1016 2808 autem
1053 2754 1249 2823 accepit
1277 2754 1441 2809 aliam
1481 2772 1695 2812 uxorem
1737 2758 1824 2812 cui
1866 2775 2048 2814 nomen

479 2839 696 2896 Celura.
737 2841 950 2913 Peperit
1001 2857 1172 2899 autem
1206 2849 1255 2901 ei
1303 2847 1647 2913 Zembrau“,
1687 2858 1794 2904 etc.
1848 2851 1890 2904 E
1927 2850 2050 2905 [iliis

479 2933 694 2988 Ceturae
723 2935 966 3004 plurima:
1008 2947 1149 2992 natae
1178 2953 1304 2994 sunt
1342 2949 1553 3011 gentes,
1582 2955 1702 3009 qua:
1732 2941 2050 2997 habitarunt

480 3020 848 3096 Troglodyten
896 3027 1185 3097 desertam,
1237 3042 1292 3084 et
1326 3030 1558 3085 Felicem
1609 3030 1889 3096 Arabiam,
1927 3047 2046 3086 eam

2151 1833 2218 1888 τὸ
2261 1833 2411 1903 πρὸς
2440 1835 2664 1903 δείλης.
2697 1835 2958 1900 Ἐξελθεῖν
2986 1836 3065 1888 δεῖ
3089 1835 3198 1905 (95)
3242 1836 3347 1888 τῶν
3383 1838 3584 1908 γηΐνων
3629 1837 3721 1889 τὸν

2156 1928 2416 2000 μέλλοντα
2459 1930 2586 2001 περὶ
2623 1928 2728 1982 τῶν
2755 1928 2910 1981 θείων
2937 1929 3164 1999 ὁμιλεῖν,
3192 1929 3325 2000 ὅπερ
3363 1928 3721 1999 ἀδολεσχῆσαι

2150 2021 2243 2074 νῦν
2270 2020 2569 2090 ὠνόμασεν.
2607 2022 2679 2074 Oi)
2711 2021 3027 2091 πρόσκειται
3058 2020 3113 2074 δὲ
3140 2021 3244 2074 τίνι
3269 2040 3281 2051 ·
3321 2022 3566 2085 εἰκότως,
3595 2023 3722 2076 ἐπεὶ

2154 2111 2286 2182 μηδὲ
2310 2111 2608 2184 ἀνθρώπων
2641 2115 2672 2180 ἡ
2709 2112 2928 2184 τοιαύτη
2955 2112 3138 2182 ὁμιλία
3175 2113 3404 2182 γίνεται,
3450 2113 3563 2167 ἀλλ’
3595 2115 3718 2184 ἦτοι

2152 2203 2288 2274 πρὸς
2310 2202 2462 2269 Θεὸν,
2491 2204 2524 2275 ἢ
2554 2202 2719 2258 αὑτοῦ
2745 2221 2890 2267 τινος
2913 2204 3048 2275 πρὸς
3080 2205 3294 2258 ἑαυτόν.

2225 2387 2336 2442 Τοῦ
2368 2387 2574 2442 αὑτοῦ.
2618 2389 2690 2441 Τὸ
2735 2387 2814 2455 δὲ,
2844 2388 2992 2457 πρὸς
3023 2388 3248 2457 δείλης,
3290 2388 3553 2460 σύμϐολόν
3600 2390 3722 2444 ἐστι

2150 2477 2245 2532 τοῦ
2297 2479 2448 2548 μόλις
2493 2481 2586 2532 ἐπὶ
2625 2481 2809 2551 γήρως
2856 2479 3112 2532 δύνασθαί
3151 2497 3273 2533 τινα
3315 2479 3533 2533 ἐλθόντα
3579 2481 3721 2552 μετὰ

2147 2571 2502 2642 καταλήψεως
2529 2569 2638 2625 τῶν
2671 2570 2954 2642 Θειοτέρων
2985 2571 3211 2644 ὁμιλεῖν.

2217 2747 2632 2817 Προσθέμενος
2696 2749 2766 2802 δὲ
2840 2751 3093 2818 Ἀϐραὰμ
3142 2749 3319 2804 ἔλαϐε
3370 2748 3625 2819 γυναῖκα
3677 2744 3720 2821 ᾖ

2120 2835 2337 2908 ,ὄνομα
2376 2839 2692 2906 Χεττούρα.
2749 2841 2953 2893 Ἔτεκε
2998 2839 3066 2892 δὲ
3101 2839 3259 2904 αὐτῷ
3291 2841 3397 2892 τὸν
3428 2839 3718 2909 Ζεμϐρᾶν,

2148 2928 2337 2982 καὶτὰ
2370 2928 2515 3000 ἑξῆς.
2568 2930 2700 2982 Ἀπὸ
2734 2930 2842 2984 τῶν
2867 2931 3071 2984 τέκνων
3105 2930 3214 3001 (96)
3244 2931 3552 3002 Χεττούρας
3585 2931 3715 3002 ἔθνη

2147 3019 2335 3088 γέγονε
2365 3021 2609 3085 πλεῖστα,
2635 3021 2670 3075 ἃ.
2694 3021 3017 3094 κατῴκησαν
3043 3023 3139 3092 τὴν
3177 3023 3561 3093 Τρωγλοδύτην
3589 3022 3719 3093 ἕρη-

480 3134 602 3187 qua:
633 3120 771 3172 ultra
804 3131 908 3183 est.
942 3136 1148 3176 necnon
1196 3122 1618 3188 Madianitidem,
1655 3125 2043 3195 civitatemque

2153 3127 2273 3181 μον,
2320 3113 2412 3165 καὶ
2449 3113 2547 3184 τὴν
2578 3113 2883 3184 Εὐδαίμονα
2937 3114 3213 3185 Ἀραϐίαν,
3243 3115 3336 3167 καὶ
3367 3114 3467 3184 τὴν
3498 3114 3716 3185 διήκου-

478 3209 710 3264 Madiam
761 3211 1093 3279 adjacentem
1134 3214 1350 3269 deserto
1396 3215 1537 3284 quod
1583 3225 1665 3270 est
1719 3217 1858 3272 ultra
1909 3217 2045 3270 Ara-

478 3302 647 3365 biam,
685 3319 716 3357 e
745 3304 962 3373 regione
990 3305 1225 3368 Pharan,
1261 3306 1327 3359 ad
1362 3308 1624 3362 orientem
1655 3307 1825 3362 Rubri
1853 3308 2042 3362 maris.

480 3390 637 3447 Unde
663 3392 1075 3450 Madianitarum
1104 3413 1276 3469 genus
1305 3415 1332 3452 a
1362 3399 1594 3454 Madiam
1626 3401 1739 3456 [ilio
1768 3403 2042 3456 Abraham

478 3494 534 3539 et
565 3485 805 3553 Ceturaa;
845 3487 920 3543 ita
950 3499 1007 3543 ut
1037 3490 1164 3544 hinc
1197 3491 1373 3560 palam
1419 3493 1536 3558 liat,
1569 3491 1764 3548 Jothor
1795 3509 2043 3549 socerum

477 3573 678 3648 Hoysis
709 3580 994 3634 oriundum
1023 3595 1144 3638 esse
1171 3597 1238 3639 ex
1268 3585 1568 3652 Abraham,
1594 3595 1648 3641 et
1680 3584 1884 3658 Moysis
1913 3600 2045 3641 con-

475 3670 855 3742 sanguineum.

548 3845 826 3918 Ejusdem.
883 3849 1078 3906 Cetura
1121 3854 1509 3923 interpretatur
1540 3855 1731 3920 minor,
1780 3856 1861 3910 vel
1909 3857 2044 3926 infe-

535 4014 583 4048 ⁸⁸
614 4015 751 4072 Gen.
783 4032 910 4070 xxrv
935 4060 949 4084 ,
979 4018 1065 4072 M.

549 4168 664 4232 (92)
697 4170 1040 4238 Πρέπουσα,
1075 4185 1178 4230 etc.
1206 4175 1286 4230 Ex
1332 4173 1522 4230 iisdem
1557 4177 1794 4232 schedis.

548 4237 662 4380 (95)
700 4237 1194 4309 Ἐντεῦθένὲστῃ
1231 4259 1337 4302 etc.
1382 4247 1424 4300 E
1453 4257 1643 4300 catena
1677 4247 1937 4302 Romana.

571 4310 640 4364 94
686 4309 1006 4378 Πρέπουσα
1045 4315 1271 4380 πορεία,
1305 4327 1412 4371 etc.
1443 4315 1640 4373 Catena
1663 4314 1907 4372 Romana

571 4309 662 4380 94)
686 4309 1006 4389 ῌρᾷπουςα
1042 4315 1271 4389 gremia,
1305 4327 1412 4371 etc.
1443 4315 1640 4373 Catena
1663 4314 1907 4372 Romana
1937 4317 2045 4389 Cy-

475 4377 842 4453 riIIoutribuit,
882 4383 1001 4438 alia:
1033 4377 1274 4453 Origeni.

695 4450 1002 4531 ςβξςλθξῖν
1030 4449 1154 4531 δεῖξ
1172 4463 1276 4507 etc.
1307 4454 1349 4508 E
1378 4456 1616 4531 sc_hed_is_
1636 4457 1970 4531 Combeiisii.

547 4518 659 4589 (96)
695 4519 828 4574 Ἀπὸ
857 4519 974 4575 τῶν
1000 4522 1245 4588 τέκνων,
1273 4536 1378 4578 etc.
1417 4526 1494 4579 Ex
1519 4527 1704 4581 iisdem
1739 4528 1975 4582 schedis.

548 4587 664 4657 (97)
713 4592 1028 4659 Χεττούρα,
1083 4604 1189 4648 etc.
1224 4595 1301 4648 Ex
1341 4595 1528 4648 iisdem
1568 4597 1804 4651 schedis.
1837 4598 2045 4652 Cuncta

475 4671 642 4737 porro
674 4659 790 4714 baac
815 4664 1028 4737 nomina
1061 4677 1288 4737 quorum
1337 4665 1838 4734 interpretationem
1892 4669 2047 4722 aﬂ‘ert

472 4724 759 4850 grigenes,
813 4724 1093 4789 Geneseos'
1131 4731 1183 4788 (Ξ.
1237 4750 1346 4789 xxv
1390 4724 1737 4806 reperiuntur
1801 4741 1904 4794 hoc
1951 4755 2044 4794 or-

539 4814 606 4850 tle
632 4813 647 4849 ἶ

517 4811 606 4850 tne
632 4813 647 4849 ἶ

549 4865 788 4950 Vers._I_.
817 4868 1112 4950 Χεττούρα.
1145 4872 1804 4950 Quiinterpretatusest,
1844 4894 2044 4950 ⁸μικρο-

474 4934 613 5006 τέρα
643 4940 724 5015 v_el
755 4934 1136 5015 ύποδεεστέρα,
1155 4934 1388 5000 Videtur
1419 4934 1621 5014 legisse
1654 4934 1969 5013 Χεττόύ’να,’
1988 4958 2044 5001 et

476 5008 860 5078 etymologiam
905 5008 1059 5068 suani
1100 5015 1319 5070 duxisse
1347 5032 1412 5070 ex
1446 5008 1608 5071 vcrbu
1638 5015 1906 5073 Hebraico
1933 5008 2043 5105 Top

478 5098 731 5151 minorem
756 5115 887 5155 esse.

550 5187 708 5270 Yers.
742 5191 809 5270 2,.
842 5193 1293 5270 ’1εσϐὼκ,ᾶφεσις
1321 5197 1405 5253 vel
1428 5199 1626 5270 ἀφήσει
1653 5199 2043 5269 interpretatur

483 5273 514 5311 a
562 5269 711 5338 βείω,
754 5262 1037 5328 dimittere,
1072 5262 1380 5334 relinquere.

549 5351 748 5430 Ibidem
782 5353 918 5406 Σωῖὲ
969 5356 1256 5430 νΑεΙᾲΣωῡέ.
1295 5360 1350 5413 In
1400 5359 1627 5414 Hebraeo
1671 5359 1868 5430 legitur
1902 5370 2036 5422 mw.

479 5419 758 5502 Quomodo
787 5433 966 5478 autem
997 5426 1119 5502 i_nde
1137 5430 1317 5502 possit
1347 5430 1461 5483 erui
1496 5419 1912 5502 χρηστὸςνλαός,
1933 5419 2039 5486 non

478 5491 655 5572 video.
681 5491 843 5546 Forte
877 5509 974 5562 pro
1001 5491 1390 5572 Ewoé'legebat
1411 5491 1787 5572 ety'n'nilogiSIa
1810 5491 2032 5572 Σωῦἁμ,

477 5569 536 5614 et
569 5570 949 5639 Interpretatus
973 5575 1057 5618 Gai.
1087 5569 1320 5638 χρηστὸς
1363 5569 1488 5633 λαός
1523 5586 1551 5624 a
1580 5580 1710 5637 mw,
1752 5577 1878 5626 utile
1904 5569 2034 5639 erae,

476 5630 806 5704 ρνοᾴεδιελθι
834 5643 936 5696 D17.
967 5630 1211 5703 populus.

556 5698 795 5773 Vers.'3,
835 5698 1134 5781 Ea6q’iv.'_lu
1165 5707 1389 5769 Hebraeo
1424 5721 1508 5770 cst
1535 5712 2031 5786 unt:7.lnterprcta-

2152 3221 2270 3269 σαν,
2300 3207 2401 3276 τήν
2435 3223 2494 3259 τε
2531 3207 2868 3274 Μαδιανῖτιν,
2916 3209 3008 3262 καὶ
3041 3209 3140 3278 τὴν
3171 3208 3321 3260 πόλιν
3351 3206 3578 3276 Μαδιὰμ
3609 3223 3715 3258 πα-

2153 3298 2478 3369 ρακειμένην
2517 3303 2583 3371 τῇ
2623 3301 2760 3372 ὑπὲρ
2789 3303 2886 3373 τὴν
2944 3302 3198 3372 Ἀραϐίαν
3224 3303 3414 3372 ἐρήμῳ
3457 3301 3716 3371 ἄντικρυς

2149 3390 2331 3460 Φαρὰν
2359 3391 2438 3454 είς
2484 3391 2746 3454 ἀνατολὰς
2789 3393 2890 3463 τῆς
2942 3393 3203 3464 Ἐρυθρᾶς
3246 3392 3552 3462 θαλάσσης’
3593 3391 3717 3444 ὅθεν

2149 3481 2211 3535 τὸ
2242 3483 2580 3540 Μαδιανιτῶν
2624 3485 2772 3549 ἔθνος
2796 3487 2902 3539 ἀπὸ
2928 3487 3153 3556 Μαδιὰμ
3189 3485 3302 3538 υίοῦ
3346 3484 3594 3557 Ἀϐραὰμ
3622 3484 3718 3537 καὶ

2152 3576 2481 3650 Χεττούρας’
2519 3580 2594 3643 ὼς
2623 3575 2760 3634 εἶναι
2792 3580 2946 3651 δῆλον
2989 3582 3052 3634 ὲκ
3091 3579 3301 3642 τούτου,
3349 3581 3429 3633 ὅτι
3463 3580 3493 3630 ὁ
3532 3575 3716 3647 Ἰοθὼρ

2150 3669 2179 3720 δ
2203 3671 2458 3742 πενθερὸς
2492 3673 2769 3738 Μωῦσέως
2801 3674 3066 3743 ἀπόγονος
3094 3669 3161 3745 ἦν
3205 3673 3300 3725 τοῦ
3343 3671 3594 3744 Ἀϐραὰμ
3621 3670 3715 3723 καὶ

2157 3759 2421 3832 συγγενὴς
2451 3763 2748 3826 Μωῦσὲως.

2215 3857 2326 3912 Τοῦ
2349 3857 2552 3911 αὐτοῦ.
2581 3858 2858 3931 Χεττούρα
2888 3859 2995 3931 (97)
3019 3858 3374 3932 ἑρμηνεύεται
3395 3855 3717 3928 μικροτέρα

1165 4022 1209 4053 ⁵⁷
1239 4021 1396 4087 ibid.,
1427 4022 1516 4076 21.
1590 4023 1636 4054 ⁵⁸
1669 4022 1826 4088 ibid.,
1865 4023 1955 4077 62.
2030 4022 2254 4089 In"ibid"
2285 4022 2375 4078 63.
2449 4023 2494 4054 ⁶⁰
2521 4022 2656 4078 Gen.
2693 4037 2821 4087 xxv,
2847 4024 2896 4075 1.

2148 4177 2350 4231 tionem
2383 4185 2562 4228 autem
2595 4190 2746 4229 suam
2787 4173 2940 4227 duxit
2978 4173 3356 4245 etymologista
3392 4191 3422 4228 a
3456 4182 3589 4242 nua,
3621 4192 3705 4228 re-

2150 4249 2301 4312 verti,
2346 4249 2531 4305 redire.
2576 4245 2823 4312 converti,
2875 4245 3017 4300 unde
3051 4260 3159 4298 non
3207 4246 3547 4300 incommode
3594 4246 3709 4300 erui

2149 4326 2324 4386 potest
2351 4316 2688 4386 ἀποστροφή.

2220 4387 2378 4455 Ibid”
2430 4383 2664 4455 Θαιμάνέ
2714 4385 2768 4438 In
2819 4386 2922 4440 hoc
2969 4399 3128 4440 versu
3174 4385 3334 4438 tertio
3367 4383 3713 4439 desideratur

2077 4456 2121 4510 D
2154 4458 2294 4516 apud
2329 4454 2582 4509 Hebraicis
2616 4465 2672 4507 et
2719 4455 3055 4510 solummodo
3107 4457 3381 4525 reperitur
3413 4456 3463 4507 in
3507 4455 3712 4524 aliquot

2148 4525 2256 4579 τῶν
2289 4527 2343 4579 Ο¹
2365 4525 2786 4595 exemplaribus.
2821 4526 3324 4593 Interpretationem
3364 4540 3515 4578 suam
3556 4528 3714 4579 duxit

2149 4596 2535 4666 etyinoIOgista
2561 4611 2608 4666 _a
2641 4595 3031 4666 Dm,iperﬁci,
3065 4597 3443 4656 consummari,
3469 4595 3707 4662 deﬁcere.

2215 4664 2635 4737 ΙὺίἁηΔαιδὰν,
2680 4665 2835 4735 ἱκανὴ
2887 4665 3065 4737 κρίσις
3111 4667 3351 4719 redditur
3391 4679 3421 4737 a_
3463 4670 3516 4718 ’Ἰ
3569 4667 3712 4734 suffi-

2147 4737 2288 4790 ciens
2318 4746 2372 4789 et
2395 4744 2472 4822 ΓΠ
2497 4736 2755 4799 iudicare.
2781 4734 3058 4802 Quomodo
3085 4747 3261 4789 autem
3296 4734 3543 4805 μονότης,
3581 4738 3710 4788 soli-

2149 4829 2336 4894 tarius,
2361 4828 2478 4881 erui
2508 4826 2676 4894 possit
2715 4840 2780 4880 ex
2810 4825 3024 4891 Δαιδάν,
3066 4841 3170 4880 ηοη
3209 4825 3386 4888 video,
3424 4825 3527 4878 nisi
3571 4827 3712 4880 forte

2146 4898 2425 4951 derivetur
2464 4915 2493 4949 a
2525 4908 2652 4961 n'n,
2697 4898 2950 4962 incedere,
2997 4898 3253 4962 recedere,
3278 4898 3404 4966 quia
3427 4896 3709 4950 solitarius

2145 4967 2212 5021 ab
2242 4969 2518 5021 hominum
2548 4969 2812 5020 societate
2849 4966 3071 5022 recedit.

2215 5038 2374 5101 Ibid.,
2424 5037 2710 5107 Ῥαγουήλ.
2764 5035 2877 5090 Hoc
2924 5053 3080 5091 versu
3141 5035 3298 5107 tertio
3342 5037 3395 5089 in
3446 5034 3713 5107 Hebraico

2143 5107 2295 5162 fonte
2320 5123 2426 5161 non
2465 5105 2753 5177 reperitur,
2787 5108 2881 5160 sed
2912 5117 3117 5159 tantum
3145 5105 3198 5158 in
3227 5109 3492 5177 nonnullis
3518 5106 3626 5158 τῶν
3657 5111 3712 5160 0’

2143 5177 2566 5246 exemplaribus.
2616 5176 3007 5246 Interpretatur
3046 5185 3224 5229 autem
3275 5176 3710 5246 φίλος,ίσχυρός,

2140 5274 2227 5353 vel
2257 5270 2563 5353 arctpavcrta
2612 5270 2768 5336 Θεοῦ,
2817 5285 2847 5324 a
2890 5279 2988 5335 νὴ,
3035 5269 3256 5336 amicus,
3292 5282 3493 5340 pastor,
3533 5282 3590 5326 et
3615 5255 3711 5339 5st,

2141 5341 2663 5481 {O’I‘liisd.{)§‘a‘éoeﬂk
2693 5409 3043 5481 Desideratur
3070 5409 3331 5481 itemrhoc
3358 5425 3516 5464 versu
3549 5411 3713 5464 tertio

2140 5482 2280 5551 apud
2339 5480 2614 5544 Hebraeos,
2660 5480 2751 5535 sed
2803 5489 2982 5534 exstat
3029 5480 3084 5551 in
3133 5480 3452 5551 quibusdam
3493 5481 3602 5533 τῶν
3654 5485 3710 5534 0'

2138 5548 2560 5620 exemplaribus.
2583 5552 2820 5633 Vertitur
2841 5560 3022 5604 autem
3047 5548 3309 5602 δουλεύων
3334 5549 3450 5620 Θεῷ
3480 5552 3548 5605 ab
3567 5560 3711 5633 33y,

2137 5646 2362 5708 servivit,
2403 5644 2584 5706 coluit,
2607 5646 2674 5709 et:
2697 5628 2791 5709 ἣδε,
2827 5643 2990 5698 Deus.

2187 5713 2368 5793 ibid”
2393 5714 2759 5788 ’Δσσουριείεη
2800 5713 3060 5772 Redditur
3088 5715 3292 5787 ἑδραῖοι
3326 5715 3410 5773 vel
3436 5715 3709 5770 κατευθύ-
