4000 6146
280 190 372 247 (es
1168 150 1173 154 ’
1731 195 1801 251 IN
1837 197 1856 251 ‹

1966 194 2158 252 iESlM.

3428 190 3531 247 ωδ

346 311 546 366 Ἐλαϐε
586 310 659 366 δὲ
713 313 919 383 ἐαυτῷ
974 316 1176 373 Ἰακὼό
1216 318 1444 387 ῥάϐδον
1486 319 1856 387 στυρακίνην

2034 318 2268 386 Sumpsi:
2297 328 2468 372 autem
2493 317 2592 371 sibi
2617 316 2782 372 Jacob
2807 317 3008 386 virgam
3044 315 3362 386 s'yracinam
3400 315 3530 368 viri-

276 403 529 472 zlupdr,
559 402 657 457 καὶ
716 406 1038 474 καρυΐνην,
1090 407 1189 461 καὶ
1219 405 1549 461 πλατάνου.
1598 408 1664 459 Αἱ
1711 409 1856 477 τρεῖς

275 493 459 567 assam
506 492 583 563 (9)
637 496 986 566 συμϐολικῶς
1028 498 1145 568 ἤτοι
1180 500 1235 551 αἱ
1279 502 1428 569 τρεῖς
1469 498 1728 567 δυνάμεις
1761 497 1857 567 τῆς

274 587 451 657 ψυχῆς
498 588 626 653 εἰσι,
675 588 738 641 τὸ
778 588 1020 658 λογικὸν,
1055 589 1116 642 τὸ
1154 589 1404 662 θυμικὸν,
1441 590 1503 643 τὸ
1534 589 1858 661 ἐπιθυμητι-

274 679 385 731 uir
416 678 534 749 ἢτοι
554 681 609 732 αἱ
636 684 786 751 τρεῖς
805 679 1027 752 θεωρίαι
1056 682 1165 735 τῶν
1195 681 1483 753 σωμάτων,
1505 680 1612 734 τῶν
1642 679 1862 750 ἀσωμά-

272 786 403 833 των.
445 768 550 837 τῆς
598 771 765 839 ἁγίας
809 772 1056 843 Τριάδος·
1090 774 1208 845 ἦτοι
1250 772 1484 842 γενικῶς
1514 775 1549 845 ἡ
1581 771 1859 844 πρακτικὴ

272 859 360 912 διὰ
390 861 490 931 τῆς
537 864 822 935 καρυῖνης,
852 867 886 936 ἡ
919 864 1227 938 θεωρητικὴ
1253 866 1342 920 διὰ
1377 866 1476 937 τῆς
1500 864 1856 936 στυρακίνης,

274 953 363 1007 διὰ
381 954 559 1026 Sevi);
591 956 864 1010 πλατάνου
902 957 994 1011 τὸν
1027 959 1228 1029 κόσμον
1258 957 1445 1011 τοῦτον
1472 958 1565 1012 καὶ
1594 957 1693 1029 τὴν
1727 957 1862 1011 θεω-

279 1045 398 1117 ρίαν
422 1047 593 1101 αὑτοῦ
618 1048 858 1119 ᾐνίξατο,
881 1049 955 1102 Τὸ
989 1050 1301 1122 περισύρειν
1320 1051 1382 1104 τὸ
1409 1049 1617 1124 χλωρὸν
1647 1050 1857 1115 τούτου,

1959 412 2098 477 dem,
2128 422 2177 465 et
2208 411 2474 472 nucinam,
2500 419 2549 463 et
2570 410 2853 475 platani".
2877 410 3012 464 Tres
3042 410 3208 475 virga:
3234 406 3529 478 symbolice

1959 502 2040 555 vel
2076 513 2185 555 tres
2208 503 2437 553 virtutes
2461 501 2656 554 anima:
2679 509 2826 565 sunt,
2856 501 2994 555 ratio
3017 513 3231 568 nempe,
3262 499 3367 565 ira,
3398 513 3502 551 con

1959 595 2330 661 cnpiscentia;
2390 592 2469 646 vel
2531 591 2725 660 triplex
2770 592 3162 661 contemplatio
3215 606 3528 661 corporum,

1961 686 2422 755 incorporeorum,
2473 696 2674 738 sanctae
2726 683 3047 750 Trinitatis;
3093 684 3175 738 vel
3223 685 3525 754 generatim

1959 779 2103 832 actio
2143 793 2239 847 per
2286 777 2562 842 nucinam,
2610 776 2997 845 contemplatio
3029 791 3125 844 per
3169 777 3526 847 styracinam,

1961 869 2195 923 mundus
2241 876 2422 922 autem
2458 868 2559 921 iste
2595 876 2651 921 et
2676 867 3057 938 contemplatio
3088 868 3205 936 ejus
3236 882 3333 936 per
3358 868 3530 936 plata-

1962 976 2088 1014 num
2148 959 2485 1015 subobscure
2545 957 2920 1026 designantur.
2981 957 3133 1024 Quod
3188 957 3364 1011 viride
3414 958 3530 1025 ejus

1961 1052 2303 1112 distrahitur,
2333 1051 2386 1103 id
2420 1048 2952 1104 abrenuntiationem
3002 1050 3188 1102 mundi
3231 1048 3527 1116 signiﬁcat,

276 1135 371 1206 τὴν
399 1136 701 1203 ἀποταξίαν
736 1138 912 1192 αὑτοῦ
949 1139 1221 1209 σημαίνει·
1257 1140 1352 1192 καὶ
1376 1141 1474 1209 τῆς
1500 1139 1597 1209 μὲν
1624 1154 1859 1209 πρακτι-

276 1230 378 1297 κῆς
412 1228 474 1279 τὸ
516 1228 728 1300 χλωρόν
765 1231 960 1284 ὲστιτὺ
987 1231 1276 1303 ηδυωθές·
1299 1231 1397 1302 τῆς
1429 1230 1485 1283 δὲ
1516 1229 1769 1302 θεωρίας,
1801 1229 1863 1283 τὸ

1959 1141 2269 1196 etactionis
2296 1141 2516 1209 quidem
2563 1138 2762 1207 viride,
2810 1147 2896 1193 est
2937 1139 3228 1202 mollities;
3280 1148 3529 1195 contem-

1961 1232 2213 1300 plationis
2260 1242 2442 1285 autem
2482 1231 2653 1286 viride
2687 1242 2789 1297 cst,
2837 1232 2983 1284 circa
3032 1244 3260 1299 corpora
3297 1231 3529 1289 versari.

272 1318 401 1387 περὶ
441 1316 513 1371 τὰ
545 1318 775 1390 σώματα
804 1322 1168 1392 ἀσχολεῖσθαι·
1211 1322 1271 1376 τὺ
1297 1322 1354 1375 δὲ
1396 1322 1604 1393 χλωρὸν
1623 1321 1731 1376 τῶν
1769 1321 1856 1375 δύο

1966 1323 2148 1379 Viride
2177 1338 2306 1379 vero
2341 1325 2568 1379 duarum
2593 1323 2823 1378 aliarum
2856 1323 3259 1394 expositionum
3292 1323 3530 1394 inquire.

271 1407 447 1463 ἄλλων
479 1410 717 1482 ὲκδοχῶν
756 1412 1032 1483 βασάνιζε.

340 1496 494 1553 Bias
510 1499 581 1553 δὲ
624 1503 840 1571 Κύριος
867 1502 1018 1571 πρὸς
1075 1502 1288 1558 Ἰακώϐ·
1335 1504 1731 1574 Ἀποστρέφου
1775 1505 1856 1569 εὶς

2030 1507 2179 1562 Dixit
2204 1515 2381 1562 autem
2405 1506 2660 1561 Dominus
2700 1506 2769 1561 ad
2790 1505 2955 1561 Iacob
2978 1521 2998 1561 :
3035 1504 3307 1561 Revertere
3338 1507 3396 1560 in
3425 1517 3497 1561 (ei

262 1589 386 1658 τὴν
404 1590 524 1659 τῆν
553 1592 658 1646 τοῦ
690 1596 916 1661 πατρός
944 1610 1083 1658 σου,
1111 1596 1209 1649 καὶ
1245 1598 1333 1661 εἰς
1358 1595 1473 1664 τὴν
1490 1594 1701 1666 γενεάν
1718 1610 1855 1649 o‘ov'

1966 1617 2076 1653 ram
2120 1602 2289 1669 patris
2328 1600 2432 1664 tui,
2479 1607 2531 1653 et
2582 1601 2639 1652 in
2687 1601 3074 1669 generationem
3126 1610 3296 1665 tuam,
3349 1610 3399 1654 et
3439 1617 3529 1657 ero

258 1683 368 1736 καὶ
400 1684 615 1754 ἔσομαι
636 1689 786 1754 μετὰ
813 1687 950 1741 σοῦ.
980 1689 1105 1740 Ὅτε
1140 1688 1590 1762 ἐκαρποφόρησεν
1619 1687 1727 1761 (10)
1764 1690 1856 1742 Ἰα-

1966 1700 2128 1744 tecum
2147 1690 2216 1745 '".
2249 1689 2478 1756 Quando
2505 1689 2712 1743 fructus
2751 1689 2873 1744 tulit
2900 1689 3069 1745 Jacob
3101 1698 3156 1744 et
3180 1691 3331 1745 dives
3356 1696 3528 1746 evas't

261 1773 407 1839 κὼΰ,
454 1777 550 1829 καὶ
592 1776 928 1849 ὲπλούτησεν
960 1777 1064 1843 ἔξω
1092 1781 1192 1848 τῆς
1219 1779 1413 1847 γενεᾶς
1442 1778 1607 1833 αὐτοῦ
1652 1778 1856 1849 τυγχά-

1966 1792 2117 1835 extra
2151 1781 2557 1851 generationem
2587 1796 2767 1848 suam,
2800 1791 2926 1837 tunc
2974 1782 3109 1836 dixit
3141 1783 3192 1836 ei
3223 1782 3482 1839 Dominus
3510 1806 3529 1841 ι

258 1882 395 1928 νων,
424 1866 547 1918 τότε
568 1861 724 1920 εἶπεν
751 1867 900 1939 αὐτῷ
927 1868 1148 1939 Κύριος
1197 1868 1597 1938 Ἀποστρέφου
1616 1871 1713 1951 ,εἰς
1746 1867 1856 1938 τὴν

1966 1871 2227 1927 Revertere
2255 1872 2310 1924 in
2356 1881 2552 1925 terram
2604 1874 2769 1939 patris
2807 1874 2905 1927 lui.
2955 1874 3147 1929 Simile
3190 1875 3466 1943 quidpiam
3497 1889 3533 1932 a

258 1955 384 2025 τῆν
416 1956 526 2010 τοῦ
556 1959 783 2026 πατρός
826 1974 965 2013 σου.
1016 1959 1268 2013 Τοιοῦτον
1295 1961 1353 2013 δέ
1406 1979 1460 2014 τι
1509 1962 1727 2032 νοητέον
1756 1962 1856 2015 ὑπὸ

1966 1963 2189 2017 Domino
2222 1962 2328 2016 dici
2362 1963 2661 2032 putandum
2688 1972 2792 2027 est,
2829 1980 2949 2018 cum
2985 1965 3037 2019 in
3064 1965 3211 2019 exitu
3243 1967 3529 2034 fuerimus,

259 2048 474 2119 Κυρίου
519 2048 796 2119 λέγεσθαι,
833 2053 923 2105 ὅτε
952 2053 1085 2123 πρὸς
1119 2055 1185 2125 τῇ
1214 2052 1376 2124 ἐξόδῳ
1403 2052 1691 2124 γενώμεθα
1720 2055 1856 2106 ἁπε-

1966 2052 2229 2107 reversuri
2273 2051 2338 2103 ad
2374 2060 2555 2121 patres
2589 2060 2825 2108 nostros.
2859 2052 3152 2110 Praemium
3205 2067 3389 2111 autem
3436 2060 3532 2111 dat

260 2136 586 2211 λευσὸμενοι
632 2143 769 2214 πρός
809 2145 935 2208 τοὺς
968 2144 1210 2214 πατέρας
1245 2143 1421 2216 ἡμῶν.
1455 2145 1564 2198 Καὶ
1588 2142 1749 2199 ἆθλον
1802 2145 1856 2198 δὲ

1966 2141 2255 2198 revertenti
2294 2142 2345 2195 in
2372 2149 2580 2198 wrram
2614 2145 2789 2214 patris
2814 2145 2919 2211 sui,
2948 2155 3003 2202 et
3033 2147 3086 2200 in
3116 2148 3527 2216 generationem

257 2233 447 2289 δίδωσι
474 2236 556 2307 τῷ
586 2238 984 2310 ἁποστρέφοντι
1023 2242 1103 2303 εἰς
1132 2238 1230 2311 τὴν
1258 2239 1364 2309 γῆν
1400 2238 1497 2293 τοῦ
1531 2239 1733 2311 πατρὸς
1764 2239 1856 2292 αύ-

1966 2250 2137 2291 suam.
2169 2235 2421 2291 Arbitror
2453 2246 2634 2291 autem
2667 2237 2721 2291 in
2751 2239 2959 2293 somnis
2987 2242 3309 2309 apparuisse
3341 2241 3389 2296 ei
3423 2242 3529 2297 Do-

259 2329 383 2393 τοῦ,
410 2332 508 2384 καὶ
523 2333 605 2395 εἰς
628 2332 727 2403 τὴν
751 2332 943 2401 γενεὰν
971 2331 1156 2386 αὐτοῦ.
1178 2329 1344 2404 Οἶμαι
1373 2332 1451 2396 δὲ,
1480 2332 1563 2384 ὅτι
1589 2332 1646 2384 ὲν
1671 2329 1862 2395 ὕπνοις
1961 2326 2187 2382 minum.

258 2422 452 2492 παρῆν
480 2423 634 2495 αὐτῷ
660 2427 688 2478 6
708 2424 933 2497 Κύριος.

347 2514 407 2566 '0
451 2514 525 2568 δὲ
573 2517 771 2586 πατὴρ
799 2518 967 2589 ὑμῶν
995 2516 1450 2587 παρεκρούσατό
1474 2532 1572 2585 με,
1615 2513 1715 2568 καὶ
1748 2512 1860 2581 ἤλ-

256 2602 421 2668 λαξε
454 2604 561 2658 τὸν
603 2608 826 2675 μισθόν
852 2626 969 2677 μου
1002 2607 1120 2662 τῶν
1163 2605 1309 2660 δέκα
1349 2602 1573 2675 ἀμνῶν.
1630 2602 1860 2666 Ἀκύλας

258 2695 406 2749 δέκα
448 2697 720 2769 ἀριθμοὺς
750 2701 865 2771 (ll)
912 2699 1122 2772 εἴρηκε·
1160 2698 1454 2770 Σύμμαχος
1482 2696 1704 2756 δεκάκις
1738 2696 1861 2767 ἀριυ

259 2788 412 2859 θμῷ.
454 2791 680 2860 Ἔλεγεν
710 2788 826 2857 οὖν,
874 2793 949 2857 ὥς
1005 2810 1170 2864 φησιν
1222 2794 1251 2846 ὁ
1312 2790 1581 2862 Ἑϐραῖος,
1627 2790 1860 2853 Δεκάκις

256 2880 537 2952 ἡθὲτησεν
584 2883 685 2946 τὰς
716 2882 991 2955 συνθήκας
1025 2883 1160 2954 πρὸς
1205 2883 1297 2935 τὸν
1343 2879 1536 2935 Ἰακὼό
1579 2881 1607 2933 6
1649 2879 1856 2944 Adt6av,

1966 2876 2096 2931 inita
2133 2876 2357 2931 violavit
2389 2876 2608 2942 Laban;
2641 2877 2769 2947 quia
2818 2892 2940 2947 quae
2978 2879 3197 2933 nomine
3225 2877 3415 2935 Jacobi
3446 2880 3529 2950 gi-

257 2971 354 3025 διὰ
388 2974 453 3026 τὺ
478 2973 548 3027 τὰ
572 2974 887 3046 γεννώμενα
917 2977 1002 3029 ἐπ’
1035 2974 1260 3046 ὀνόματι
1282 2972 1373 3027 τοῦ
1408 2971 1600 3027 Ἰακὼὸ
1634 2971 1856 3025 πλεῖστα

1966 2971 2262 3042 guebantur
2305 2971 2701 3042 quamplurima
2751 2984 2929 3037 erant,
2983 2973 3058 3027 ita
3091 2981 3151 3027 ut
3197 2973 3287 3030 ille
3321 2974 3525 3029 invidia

255 3064 370 3117 ὅσα
413 3032 705 3137 ύπάρέειν,
753 3032 1005 3120 κάκεῖνον
1055 3032 1429 3136 ἐποφθαλμιᾷν
1480 3064 1663 3118 αὐτόν·
1719 3063 1855 3134 ὅπερ

1966 3073 2305 3129 moveretur;
2339 3064 2480 3132 quod
2510 3064 2629 3118 duae
2674 3065 2946 3121 editiones
2982 3066 3261 3121 declarant
3291 3086 3305 3122 :
3334 3066 3401 3120 Et
3442 3068 3535 3122 de-

254 3156 548 3227 ἐδήλωσαν
586 3160 643 3212 αἱ
695 3158 789 3212 δύο
835 3159 1090 3222 ἐκδόσεις⁸
1151 3158 1262 3211 Καὶ
1310 3156 1699 3225 παρηλοτίσω
1749 3154 1856 3209 τὸν

1966 3155 2139 3221 cepisti
2166 3154 2449 3207 mercedem
2480 3170 2649 3208 meam
2679 3158 2854 3208 decem
2877 3171 3061 3224 agnas.
3090 3157 3364 3235 Agnorugn
3402 3171 3533 3211 vero

250 3249 494 3318 μσϋόν
523 3267 642 3319 μου
663 3249 810 3303 δέκα
830 3249 1117 3319 ἀμνάδας·
1149 3249 1335 3320 ἀμνῶν
1357 3249 1414 3302 δὲ
1446 3247 1582 3312 ὅλως
1611 3250 1711 3302 οὐκ
1743 3248 1856 3320 ἔχει

1966 3262 2095 3316 quos
2123 3248 2251 3302 dare
2286 3248 2415 3302 mihi
2448 3248 2770 3317 promiserat
2800 3247 2944 3301 nulla
2979 3251 3180 3302 mentio
3216 3259 3320 3311 est.
3356 3263 3532 3318 neque

261 3342 518 3412 μνήμην,
545 3341 639 3405 οὖς
673 3342 923 3395 συνέθετό
960 3360 1050 3412 μοι
1079 3341 1279 3395 δοῦναι·
1314 3340 1551 3412 οὐδαμοῦ
1585 3342 1854 3410 φαίνεται,

1966 3349 2184 3408 apparet
2228 3355 2348 3394 eum
2401 3340 2519 3394 haec
2562 3355 2800 3409 unquam
2835 3339 3135 3408 pollicitum
3176 3338 3376 3404 fuisse;
3434 3340 3532 3395 sed

256 3431 353 3484 ὅτι
406 3431 676 3485 συνέθετο·
730 3432 846 3486 ἀλλ’
904 3432 998 3502 ἀφ’
1054 3425 1128 3486 ὧν
1190 3433 1350 3497 αὐτὸς
1402 3432 1572 3501 λέγει,
1623 3433 1856 3504 φανερόν

1966 3432 2013 3485 id
2057 3447 2121 3486 ex
2161 3433 2342 3487 verbis
2372 3430 2492 3501 ejus
2522 3432 2867 3487 manifestum
2912 3440 3015 3487 est.
3065 3433 3532 3500 Quemadmodum

257 3522 441 3577 ἐστιν.
499 3525 708 3596 Ὥσπερ
763 3524 872 3596 γὰρ
931 3523 1320 3578 ἀποκτείνοντα
1375 3524 1473 3577 τὸν
1521 3523 1712 3595 Λάμεχ
1758 3524 1856 3579 οὐκ

1966 3523 2103 3579 enim
2125 3523 2455 3578 Lamechum
2477 3523 2785 3594 quempiam
2811 3525 3080 3579 occidisse
3104 3540 3376 3594 nunquam
3412 3538 3534 3577 nar-

262 3615 987 3687 εἰσάγει,οὲκζητούμενον
1043 3616 1121 3682 δὲ,
1182 3616 1260 3680 ὼς
1321 3615 1430 3669 ἀπὸ
1496 3616 1594 3685 τῆς
1660 3615 1856 3688 ἐξηγή-

1966 3630 2193 3683 raverat,
2231 3618 2324 3672 sed
2362 3617 2407 3672 is
2445 3627 2632 3685 postea
2670 3617 2984 3685 requisitus,
3018 3618 3067 3671 id
3097 3617 3244 3673 clare
3276 3618 3531 3671 enuntia-

262 3724 414 3773 σεως
459 3706 599 3763 εἶναι
657 3711 889 3782 φανερὸν
942 3710 1034 3763 καὶ
1088 3708 1151 3762 τὸ
1194 3709 1502 3779 γενόμενονο
1569 3706 1710 3761 οὕτω
1763 3709 1856 3762 καὶ

1966 3713 2059 3779 vit,
2083 3713 2153 3765 ita
2183 3721 2236 3766 et
2261 3711 2363 3765 hoc
2391 3711 2531 3765 loco.
2562 3710 2886 3779 Plerumque
2920 3711 3087 3780 igitur
3111 3709 3389 3778 Scriptura
3413 3726 3533 3779 quze

262 3799 528 3855 ἐνταῦθα.
572 3800 841 3865 Πολλάκις
872 3797 967 3854 οὖν
1021 3803 1054 3871 ἡ
1095 3801 1309 3872 Γραφὴ,
1366 3799 1403 3853 ἃ
1456 3801 1513 3853 ὲν
1569 3799 1649 3869 τῷ
1693 3800 1856 3872 πράτ-

1966 3806 2015 3858 in
2060 3819 2238 3858 rerum
2276 3812 2547 3873 gestarum
2580 3802 2896 3858 recensione
2928 3815 3032 3856 non
3066 3810 3306 3868 enarrat,
3337 3812 3530 3873 postea

262 3892 463 3946 τεσθαι
508 3894 610 3947 ούκ
645 3892 967 3964 ἐξηγήσατο,
1015 3893 1107 3946 διά
1157 3908 1304 3955 τινος
1347 3889 1710 3961 ἐξηγουμένου
1735 3890 1856 3962 esi;-

1966 3896 2068 3951 alio
2098 3896 2384 3961 referente,
2411 3895 2690 3951 declarare
2720 3896 2877 3950 solet.

264 3983 469 4038 λωσεν.

2038 2506 2148 2580 42
2175 2506 2338 2562 Pater
2373 2516 2550 2563 autem
2596 2520 2760 2564 vester
2805 2512 3140 2565 circumvenit
3190 2528 3292 2577 me,
3330 2523 3378 2567 et
3417 2530 3532 2568 mu-

1961 2603 2089 2654 tavit
2122 2601 2409 2654 mercedem
2439 2616 2607 2654 meam
2648 2603 2821 2655 decem
2859 2601 3086 2670 agnis".
3114 2605 3307 2672 Aquila
3338 2604 3529 2677 decem

1961 2706 2216 2746 numeros
2257 2692 2432 2758 dixit;
2462 2690 2845 2761 Symmachus,
2876 2691 3062 2749 Decies
3096 2709 3340 2749 numero.
3371 2695 3533 2750 Dice-

1961 2782 2054 2837 bat
2084 2784 2265 2854 igitur,
2300 2794 2358 2838 ut
2385 2785 2462 2838 ait
2494 2783 2770 2851 Hebraeus,
2802 2785 2985 2841 decies
3011 2794 3164 2857 pacta
3207 2801 3328 2841 cum
3359 2787 3530 2843 Jacob

348 4079 431 4132 Τὰ
460 4075 727 4145 πρόϐατά
752 4090 868 4131 σου
903 4076 999 4128 καὶ
1032 4078 1091 4129 αἱ
1118 4071 1283 4144 αἷγές
1310 4091 1428 4129 σου
1457 4077 1570 4129 οὐκ
1605 4073 1856 4143 ήτεκνὼ-

2040 4056 2169 4112 Oves
2199 4068 2302 4111 tua:
2347 4066 2394 4110 et
2441 4073 2614 4125 capra!
2644 4066 2750 4110 tuw
2775 4056 2977 4110 steriles
2998 4072 3099 4109 non
3128 4055 3535 4120 fuerunt.Arie—

263 4175 491 4240 θησαν·
529 4169 732 4239 κριοὺς
755 4168 875 4223 τῶν
902 4166 1209 4237 προϐάτων
1248 4182 1364 4221 σου
1394 4169 1466 4221 οὺ
1494 4167 1853 4238 κατέφαγον.

266 4261 457 4317 Καλοῦ
486 4260 742 4330 ποιμένος
777 4258 889 4330 (ιε)
914 4258 1195 4329 παρρησία
1224 4257 1547 4329 ἐμφαίνεται
1588 4261 1708 4322 ταῖς
1743 4277 1856 4329 φω-

268 4350 393 4412 ναῖς
434 4348 679 4410 ταύταις,
724 4346 793 4411 ἃς
844 4346 1131 4417 ζηλωτέον.
1183 4347 1532 4402 Γεννάτωσαν
1573 4344 1664 4402 οὖν
1724 4367 1858 4422 καρ-
1889 4403 1934 4457 D

266 4446 408 4508 ποὺς
475 4446 877 4514 πνευματικοὺς
920 4443 989 4498 τὰ
1046 4445 1103 4497 ὲν
1149 4446 1262 4509 τοῖς
1313 4447 1584 4516 ποιμνίοις
1628 4447 1721 4500 καὶ
1775 4447 1859 4499 αἰ-

266 4534 502 4599 πολίοις,
522 4534 656 4588 ἀλλὰ
685 4536 777 4589 καὶ
798 4537 924 4598 τοὺς
944 4536 1227 4600 πλουσίους
1251 4537 1348 4607 τῆς
1366 4538 1600 4607 ποίμνης
1627 4538 1702 4609 μὴ
1726 4555 1858 4592 κατ-

269 4630 563 4700 ετθίωμεν.
606 4631 755 4683 Ἐπεὶ
777 4631 836 4684 δὲ
862 4631 959 4701 οὐχ
996 4630 1257 4704 εὕρηνται
1283 4635 1331 4686 οἱ
1367 4632 1532 4686 αὐτοῦ
1567 4631 1699 4698 θεοὶ,
1726 4650 1858 4705 συμ-

269 4722 462 4786 ϐάσεις
494 4726 727 4778 ποιεῖται
780 4723 919 4796 μετὰ
961 4723 1054 4778 τοῦ
1089 4724 1378 4778 θεσπεσίου
1438 4723 1653 4778 ἰακώϐο
1690 4726 1784 4779 καὶ
1827 4727 1858 4779 ὁ

271 4817 498 4887 κόσμος,
553 4817 715 4887 ἡνίκα
759 4819 884 4880 τοὺς
925 4817 1307 4889 ψευδωνύμως
1337 4816 1637 4871 ἀπεϐάλετο
1675 4817 1850 4884 θεοὺς,

275 4908 428 4975 φίλος
456 4908 645 4977 γέγονε
676 4906 768 4962 τοῦ
800 4907 1055 4981 Χριστοῦ.

345 4994 494 5052 Eine
508 4999 575 5053 δὲ
611 4998 809 5055 Ἰακὼό
830 4998 954 5066 τοῖς
982 4997 1268 5067 ἀδελφοῖς
1291 4997 1495 5054 αὐτοῦ·
1521 4999 1854 5069 Συλλέγετε

277 5086 512 5153 Λίσουςη
555 5087 653 5140 καὶ
705 5086 1048 5152 συνέλεξαν
1087 5088 1315 5153 λίθους.
1364 5088 1474 5140 Καὶ
1522 5088 1580 5141 ὲν
1617 5087 1696 5160 τῷ
1742 5090 1850 5161 (15)

1963 4160 2037 4206 tes
2069 4152 2239 4222 gregis
2273 4150 2351 4203 tui
2394 4167 2498 4203 non
2543 4150 2821 4204 comedi”.
2859 4148 2995 4202 Boni
3049 4150 3290 4218 pastoris
3336 4150 3532 4203 Iiducia

1961 4244 2268 4299 ostenditur
2297 4242 2383 4297 his
2416 4243 2636 4297 vocibus
2658 4257 2792 4310 quas
2821 4242 3141 4295 imitandum
3171 4252 3273 4295 est.
3305 4239 3532 4294 Pariant

1963 4354 2092 4406 ergo
2130 4336 2338 4392 fructus
2376 4330 2648 4404 spiritales
2674 4350 2868 4404 greges
2906 4334 3090 4387 ovium
3128 4344 3182 4388 et
3218 4349 3532 4405 caprarum.

1966 4427 2070 4483 Sed
2095 4437 2147 4482 et
2176 4427 2372 4482 divites
2412 4426 2593 4496 gregis
2624 4441 2690 4481 ne
2732 4426 3105 4481 comedamus.
3138 4426 3404 4492 Quoniam
3435 4440 3535 4479 au-

1965 4529 2070 4574 tem
2096 4536 2204 4574 non
2239 4518 2593 4573 inveniuntur
2620 4519 2736 4587 ejus
2767 4519 2863 4581 dii',
2884 4528 3041 4587 pacta
3073 4519 3173 4571 init
3197 4534 3321 4572 cum
3346 4518 3534 4572 divino

1960 4609 2129 4666 Jacob
2150 4628 2163 4662 :
2185 4618 2238 4664 et
2266 4613 2519 4673 mundus,
2545 4610 2763 4678 quando
2794 4608 2956 4663 falsos
2988 4607 3189 4678 abjecit
3215 4609 3367 4675 deos,
3394 4608 3534 4663 anti-

1964 4721 2060 4760 cus
2095 4704 2299 4761 Christi
2331 4704 2507 4759 lactus
2536 4717 2642 4759 est.

2034 4984 2177 5037 Dixit
2208 4990 2381 5036 autent
2428 4980 2592 5034 Jacob
2629 4978 2886 5048 fratribus
2925 4978 3079 5032 suis:
3112 4975 3357 5046 Colligite
3390 4972 3529 5044 lapi-

1960 5080 2073 5145 des,
2100 5088 2148 5131 et
2177 5076 2496 5146 collegerunt
2526 5076 2728 5146 lapides
2747 5073 2815 5125 ⁸⁸.
2846 5071 2903 5126 ln
2945 5072 3275 5127 Ecclesiaste
3313 5084 3531 5139 quoque

346 5248 393 5281 "
414 5248 549 5305 Gen.
590 5264 725 5317 xxx,
758 5247 850 5302 57.
923 5247 970 5279 "
996 5247 1133 5303 Gen.
1167 5263 1323 5314 xxxi,
1350 5246 1404 5302 5.
1479 5248 1526 5281 ⁷⁸
1555 5248 1711 5315 ibid.,
1741 5249 1792 5302 7.
1867 5251 1914 5284 ⁷³
1945 5248 2101 5313 ibid.,
2129 5242 2220 5298 58.
2293 5240 2340 5272 ⁸⁰
2369 5237 2525 5305 ibid.,
2558 5236 2647 5292 46.

346 5386 413 5459 (9)
440 5390 513 5443 Αἱ
542 5386 705 5459 τρεῖς
726 5385 959 5459 ῥάϐδοι,
988 5396 1095 5441 etc.
1124 5385 1168 5439 E
1197 5386 1416 5442 schedis
1445 5387 1773 5459 Gombeiisii.

314 5459 446 5543 .(lO)
479 5461 612 5513 Ὅτε
650 5458 1168 5527 ἐκαρποφόρησεν,
1199 5469 1307 5515 etc.
1359 5459 1433 5512 Ex
1468 5458 1659 5513 iisdem
1688 5461 1846 5515 sche-

281 5531 441 5671 ὼῗῖί)
495 5595 968 5671 Ἀκύλας-δέκα
1001 5598 1323 5671 dpdijwzic,
1352 5608 1489 5671 ﬁcte,
1527 5599 1604 5652 Ex
1656 5599 1842 5671 iisdem

1955 5386 2130 5460 edidit
2150 5384 2252 5460 hoc
2276 5378 2635 5460 fragmentum
2656 5389 2785 5431 tom.
2815 5375 2840 5460 l_
2862 5374 3250 5460 Heaaplorum,
3282 5390 3402 5460 pag.
3433 5374 3528 5460 μυ.

2027 5454 2140 5536 με)
2192 5447 2395 5505 καλοῦ
2445 5448 2746 5519 ποιμένος,
2794 5458 2902 5502 elc.
2948 5448 2991 5501 E
3035 5449 3252 5502 schedis
3292 5447 3531 5501 Combe-

1954 5527 2080 5582 lisii.

2026 5596 2135 5668 (l5)
2167 5594 2274 5649 Καὶ
2316 5592 2385 5647 ἐν
2428 5591 2506 5658 τῷ
2555 5584 3027 5658 Ἐκκλησιαστῇ,
3060 5594 3169 5642 etc.
3220 5584 3299 5640 Ex
3333 5583 3526 5640 iisdem

273 5665 470 5733 schedis
500 5677 749 5730 domnus
772 5667 1081 5724 Bernartius
1117 5665 1559 5725 Monte-falconius
1583 5670 1634 5723 in
1671 5669 1845 5726 lucem
1951 5665 2186 5726 scbedis.
