4000 6146
509 241 608 299 62⁸)

1988 248 2332 308 ORIGENES

3656 244 3780 300 128

508 340 770 431 scriptum
800 368 926 414 est:
956 357 1179 428 Tempus
1227 359 1465 429 jaciemli
1503 362 1731 434 lapides,
1775 377 1826 421 et
1871 378 2055 440 tempu.

2191 367 2637 438 Ἐκκλησιαστῇ
2674 367 3005 439 γέγραπταιο
3034 364 3252 433 Καιρὸς
3288 363 3393 418 τοῦ
3418 364 3643 429 βαλεῖν
3664 367 3773 418 λί-

503 451 785 521 colligendi
817 449 1099 520 lapides“.
1131 452 1469 522 Colliguutur
1505 463 1685 510 autent
1727 456 1884 524 jussu
1910 459 2076 516 Jacob

505 541 596 609 qui
646 552 804 611 typus
855 550 974 594 erat
1017 541 1253 608 Christi,
1299 554 1359 597 ut
1400 546 1690 601 aediﬁcatio
1736 550 2076 619 compleatur

503 647 667 701 super
697 632 1108 688 fundamentum
1152 638 1518 703 apostolorum
1565 647 1621 692 et
1659 641 2072 713 prophetarum,

502 722 619 791 ipso
649 738 861 777 summo
889 725 1137 794 angulari
1169 726 1349 797 lapide
1365 726 1583 784 Christo
1608 730 1833 786 Domino
1863 745 2071 801 nostro,

500 828 569 870 ex
604 814 876 883 lapidibus
909 816 1067 883 vivis,
1111 819 1328 888 quando
1355 819 1415 874 lit
1442 821 1635 878 domus
1663 825 1946 894 spiritalis,
1985 842 2074 884 sa-

500 908 804 962 cerdotium
833 922 1106 965 sanctum.

571 997 641 1052 Et
672 1017 948 1055 conversus
987 1000 1170 1056 Laban
1213 1003 1341 1057 abiit
1368 1006 1421 1057 in
1464 1005 1636 1059 locunt
1676 1025 1829 1062 suum
1846 1010 1911 1064 ³³.
1946 1010 2069 1067 Mali

499 1090 651 1146 locus
678 1108 844 1161 prope
879 1104 963 1149 est
1010 1098 1079 1150 ob
1129 1096 1556 1166 improbitatem.
1595 1100 1724 1169 Ejus
1765 1115 1944 1160 autem
1976 1108 2067 1176 qui

499 1183 831 1251 proficiendo
864 1187 965 1241 iter
996 1188 1125 1258 agit,
1149 1188 1405 1259 quoniam
1436 1193 1626 1260 procul
1656 1204 1742 1250 est
1763 1195 1935 1262 locus.
1963 1213 2069 1254 non

499 1277 727 1340 exiguus
757 1283 841 1327 est
877 1273 1053 1330 labor.

572 1360 643 1415 Et
668 1363 880 1432 fuerunt
916 1365 965 1418 ei
991 1367 1192 1420 obviam
1236 1369 1409 1439 angeli
1435 1369 1532 1425 Dei
1552 1371 1618 1427 ⁸³.
1657 1372 1919 1429 Dominus
1943 1376 2020 1431 ait
2049 1393 2065 1431 :

499 1450 614 1521 Ego
642 1470 757 1506 sum
804 1454 970 1510 via“.
999 1455 1100 1523 Qui
1150 1473 1280 1528 ergo
1325 1460 1468 1516 haue
1516 1462 1661 1518 viaut
1714 1465 1986 1536 sequitur,
2017 1467 2067 1523 ei

497 1545 711 1599 obviam
744 1558 876 1602 eunt
905 1549 1080 1619 angeli
1120 1550 1233 1605 Dei.

2175 464 2339 528 θους,
2374 461 2476 515 καί
2524 459 2728 528 καιρὸς
2779 459 2886 512 τοῦ
2916 456 3280 527 συναγαγεῖν
3311 457 3542 522 λίθους.
3590 456 3783 511 Συνά-

2174 569 2360 622 γονται
2393 553 2450 606 δὲ
2481 552 2623 606 κατὰ
2649 548 2944 622 πρόσταξιν
2985 548 3287 612 Ἰακὼ6,-ὃς
3313 547 3480 612 τύπος
3522 544 3594 620 ἦν
3617 549 3779 619 Χρι-

2176 643 2327 709 στοῦ,
2364 644 2449 697 ἵνα
2477 646 2511 717 ή
2555 641 2811 713 οἰκοδομὴ
2853 640 3113 712 πληρωθῇ
3141 640 3234 692 ἐπὶ
3254 638 3331 711 τῷ
3355 638 3591 711 θεμελίῳ
3644 638 3778 693 τῶν

2172 737 2485 791 ἀποστόλων
2520 736 2616 791 καὶ
2649 733 2965 807 προφητῶν,
3012 733 3163 799 ὄντος
3212 734 3607 804 ἀκρογωνιαίου
3667 732 3775 785 αὐ-

2171 828 2265 882 τοῦ
2305 828 2542 901 Χριστοῦ
2588 826 2703 881 τοῦ
2730 827 2936 897 Κυρίου
2972 824 3147 897 ήμῶν,
3188 826 3252 878 ὲκ
3293 823 3453 877 λίθων
3508 823 3768 891 ζώντων,

2170 920 2261 974 ὅτε
2281 920 2487 990 γίνεται
2518 915 2665 983 οἶκος
2697 918 3080 990 πνευματικὸς,
3112 916 3407 988 ἱεράτευμα
3434 916 3611 986 ἆγιον.

2241 1013 2355 1067 Καὶ
2379 1013 2786 1082 ἀποστραφεὶς
2814 1010 3018 1066 Λάϐαν
3031 1008 3305 1079 ἀπῆλθεν
3317 1013 3404 1076 είς
3434 1010 3544 1064 τὸν
3565 1010 3775 1066 τόπον

2169 1103 2378 1158 αὐτοῦ.
2409 1103 2514 1156 Τοῦ
2546 1104 2645 1174 μὲν
2671 1102 2875 1172 φαύλου
2905 1101 3014 1172 (14)
3048 1100 3135 1154 διὰ
3177 1101 3277 1171 τὴν
3306 1100 3505 1154 κακίαν
3532 1101 3704 1170 ἐγγὺς
3730 1100 3772 1156 ὁ

2168 1194 2353 1259 τόποςο
2387 1194 2479 1248 τοῦ
2522 1194 2578 1248 δὲ
2623 1194 2711 1248 διὰ
2742 1192 3025 1266 προκοπῆς
3043 1191 3337 1258 ὁδεύοντος,
3371 1192 3493 1246 ἐπεὶ
3534 1192 3769 1265 μακράν

2170 1288 2317 1340 ἐστιν
2345 1288 2373 1341 ὁ
2408 1285 2592 1350 τόπος,
2622 1285 2683 1338 οὐ
2713 1283 3150 1356 μικρὸςὸκόπος.

2237 1378 2351 1432 Καὶ
2400 1376 2800 1445 συνήντησαν
2844 1375 3003 1441 αὑτῷ
3038 1378 3093 1430 οἱ
3132 1374 3378 1447 ἄγγελοι
3425 1374 3532 1430 τοῦ
3578 1374 3759 1431 Θεοῦ.

2180 1472 2238 1528 '0
2284 1471 2488 1543 Κύριός
2524 1487 2688 1542 φησιν
2734 1469 2864 1542 (15)ο
2911 1467 3054 1539 Ἐγώ
3086 1470 3202 1538 ειμι
3234 1469 3274 1537 η
3317 1467 3477 1534 ὁδός.
3511 1466 3605 1538 Τῷ
3659 1463 3761 1522 οὖν

2167 1562 2264 1635 τὴν
2295 1563 2410 1618 ὁδὸν
2438 1562 2642 1636 ταύτην
2674 1561 3023 1635 πορευομένῳ
3047 1559 3379 1614 συναντῶσιν
3409 1558 3635 1630 ἄγγελοι
3654 1559 3758 1615 τοῦ

2166 1654 2322 1711 Θεοῦ.

573 1721 636 1775 Et
664 1724 906 1793 pracepit
955 1726 1028 1781 eis
1069 1729 1246 1784 dicens
1272 1744 1291 1783 :
1321 1728 1413 1786 Sic
1459 1733 1642 1788 dicetis
1689 1736 1904 1793 domino
1950 1755 2055 1795 mea

2240 1748 2350 1802 Kal
2382 1747 2721 1802 ἐνετείλατο
2754 1746 2957 1812 αὐτοῖς
2986 1745 3197 1815 λέγων’
3234 1745 3431 1812 Οὕτως
3459 1743 3652 1813 ἐρεῖτε
3672 1741 3757 1810 τῷ

496 1809 676 1868 Esau:
696 1812 815 1868 ch
838 1817 963 1868 dicit
992 1834 1170 1873 servus
1198 1831 1327 1876 tuus
1348 1823 1512 1877 Jacob
1542 1841 1561 1878 :
1586 1824 1737 1896 Apud
1764 1827 1946 1885 Labda
1971 1848 2065 1901 pe-

496 1908 794 1974 regrinatus
820 1925 931 1962 sum
946 1909 1012 1966 ⁸⁸.
1040 1911 1270 1969 Honoris
1294 1930 1457 1970 causa
1485 1916 1708 1973 fratrem
1742 1929 1868 1975 natu
1898 1922 2067 1990 majo-

496 2009 612 2050 rem
643 2000 846 2070 absque
878 2002 1227 2060 simulatione
1261 2007 1536 2064 dominum
1558 2025 1715 2065 suum
1748 2023 1926 2068 vocat.
1960 2013 2065 2070 Sed

492 2093 551 2142 et
571 2091 831 2158 responsio
850 2093 1064 2148 humilis
1086 2097 1269 2149 avertit
1293 2097 1430 2151 iram
1442 2098 1508 2151 ⁸⁸.
1529 2099 1593 2153 Ει
1621 2110 1871 2171 tanquam
1902 2104 2066 2161 homo

492 2179 712 2247 quidem
747 2181 947 2251 timuit,
979 2184 1090 2243 Deo
1137 2201 1267 2243 vero
1315 2189 1574 2259 conlisus,
1607 2206 1714 2247 non
1762 2192 1923 2266 fugit,
1968 2199 2065 2254 sed

492 2272 747 2328 accessit.

560 2453 667 2527 43
694 2454 763 2509 Et
790 2460 999 2512 transiit
1023 2461 1210 2516 uadum
1237 2462 1404 2519 Jaboc
1434 2465 1500 2520 ⁸⁷.
1534 2464 1704 2525 Jaboc
1736 2467 1929 2528 ﬂuvius
1979 2482 2065 2530 est

487 2545 724 2613 Arabiae,
758 2551 857 2620 qui
887 2566 1031 2607 nunc
1078 2565 1298 2609 vocatur
1326 2555 1617 2617 lambicas.

559 2729 790 2788 Relictus
829 2742 905 2789 est
935 2746 1111 2792 atttem
1152 2738 1319 2795 Iacob
1363 2742 1529 2810 solus,
1565 2756 1615 2800 et
1652 2746 1956 2804 luctabatur
1979 2752 2061 2807 vir

485 2839 603 2879 cum
630 2841 689 2879 eo
723 2826 803 2892 ⁸⁸,
827 2837 935 2884 etc.
978 2830 1111 2897 Quis
1147 2832 1310 2888 fuerit
1341 2835 1429 2889 hic
1466 2838 1767 2905 appellatus
1789 2842 1950 2897 homo
1981 2845 2060 2899 si—

486 2916 599 2970 mul
635 2927 690 2971 et
734 2919 897 2986 Deus,
926 2923 1019 2992 qui
1062 2922 1372 2980 luctabatur
1395 2938 1449 2980 et
1469 2929 1781 2987 decertabat
1811 2950 1930 2989 cum
1959 2935 2057 2991 Ja-

2165 1838 2347 1907 κυρίῳ
2362 1855 2482 1907 μου
2531 1836 2732 1893 Ἡσαῦν
2750 1836 2944 1903 Οὕτως
2973 1836 3133 1907 λέγει
3169 1840 3203 1891 ὁ
3227 1835 3367 1902 παῖς
3385 1852 3499 1890 σου
3528 1834 3751 1889 Ἰακώϐ·

2162 1931 2324 1986 Μετὰ
2356 1929 2557 1991 Λάϐαν
2584 1927 2933 1998 παρῴκησα.
2975 1929 3133 1983 Κατὰ
3163 1930 3326 2002 τιμὴν
3356 1930 3465 2001 (16)
3492 1930 3586 1984 τὸν
3614 1947 3756 2001 πρε-

2167 2021 2424 2095 σ6ύτερον
2484 2021 2710 2093 ἀδελφὸν
2752 2024 3130 2095 ἀνυποκρίτως
3179 2023 3367 2096 κύριον
3429 2023 3596 2079 αὑτοῦ
3651 2041 3754 2078 κα-

2163 2112 2263 2167 λεῖ.
2334 2111 2480 2183 Πλὴν
2547 2113 2643 2166 καὶ
2704 2112 3020 2181 ἀπόκρισις
3105 2114 3532 2167 ὑποπίπτουσα
3598 2114 3757 2167 ἀποι-

2162 2201 2406 2272 στρέερει
2456 2205 2666 2273 θυμόν.
2736 2204 2848 2257 Καὶ
2912 2204 2989 2268 ὡς
3049 2204 3335 2277 ἄνθρωπος
3390 2207 3487 2277 μὲν
3537 2206 3750 2279 ἐφοϐή-

2162 2294 2254 2368 θη,
2302 2294 2381 2366 τῷ
2426 2293 2543 2367 Θεῷ
2585 2295 2645 2349 δὲ
2697 2294 3027 2361 πιστεύσας,
3091 2295 3190 2350 οὐκ
3237 2296 3455 2367 ἔφυγεν,
3500 2298 3617 2353 ἀλλ’
3645 2301 3753 2372 ἧρ-

2196 2405 2285 2441 ετο
2291 2430 2304 2443 .

2160 2406 2341 2530 χεῖαὶ
2366 2475 2529 2546 διέϐη
2558 2476 2672 2546 τὴν
2692 2476 2969 2532 διάϐασιν
2994 2478 3102 2532 τοῦ
3136 2478 3350 2533 ’1αὸὠκ.
3399 2478 3595 2533 Ἰαϐὼκ
3629 2480 3744 2553 (17)

2160 2565 2403 2637 πόταμός
2440 2569 2557 2621 ἐστι
2604 2567 2706 2639 τῆς
2766 2569 3043 2640 ’Δραϐίας,
3068 2569 3210 2624 ὁνῦν
3236 2570 3565 2643 καλούμενος
3603 2573 3747 2644 Ἰαμ-

2157 2657 2339 2722 6ίκης.
2857 2675 2868 2691 ·

2236 2676 2585 2821 ξτίὲῑελε·ί,;οθη
2628 2749 2697 2805 δὲ
2738 2751 2939 2807 Ἰακὼϐ
2960 2755 3170 2823 μόνος,
3199 2754 3298 2808 καὶ
3336 2753 3587 2809 ἐπάλαιε
3608 2755 3738 2824 μετ’

2155 2845 2341 2900 αὐτοῦ
2370 2844 2697 2915 ἄνθρωπος,
2727 2848 2822 2901 καὶ
2858 2848 2929 2902 τὰ
2976 2848 3121 2919 ἑξῆς.
3156 2849 3251 2912 Τίς
3269 2849 3312 2902 δ’
3341 2848 3407 2903 ἂν
3438 2849 3596 2913 ἄλλος
3627 2850 3735 2924 (l8)

2155 2937 2239 3008 εἴη
2262 2936 2597 3007 ῥλεγὸμενος
2625 2937 2908 3010 ἄνθρωπος
2933 2938 3068 3009 ὁμοῦ
3085 2940 3179 2992 καὶ
3194 2940 3345 3003 Θεὸς,
3376 2940 3738 3011 συμπαλαίων

485 3009 611 3074 cob,
640 3008 746 3065 nisi
782 3012 833 3065 id
871 3017 1012 3082 quod
1047 3016 1397 3073 multifariam
1430 3022 1722 3093 multisque
1755 3027 1931 3082 modis
1973 3029 2054 3084 lo-

485 3111 667 3129 ngas“...
695 3104 933 3129 nas—2L..-
997 3121 1202 3129 ..-Α---οη
1268 3110 1357 3129 ΠΛ
1412 3112 1480 3129 ire
1523 3113 1541 3129 ι
1720 3116 1755 3129 ιιι
1855 3118 1867 3129 .

2166 3028 2249 3082 καὶ
2279 3008 2780 3101 συναγωνιζόμενος
2803 3029 2881 3101 τῷ
2928 3008 3144 3096 Ἰακὼϐ,
3181 3032 3215 3103 ἢ
3243 3033 3271 3085 ὁ
3300 3008 3622 3112 πολυμερῶς
3641 3033 3737 3086 καὶ

483 3111 668 3155 cntum
694 3104 935 3171 patribus
995 3121 1208 3161 sacrum
1267 3110 1357 3163 Dei
1412 3112 1646 3168 Verbum
1670 3158 1685 3182 ,
1719 3116 1976 3175 Dominus
2000 3130 2055 3177 et

2166 3120 2510 3193 πολυτρόπως
2559 3122 2798 3194 λαλήσας
2843 3128 2955 3188 τοῖς
2999 3126 3269 3197 πατράσιν
3303 3107 3448 3200 ἱερὸς
3481 3104 3576 3180 τοῦ
3597 3126 3735 3181 Θεοῦ

484 3190 628 3247 Deus
656 3206 906 3261 voratur,
957 3200 1209 3268 quodque
1261 3202 1422 3257 etiam
1481 3204 1808 3265 benedicens
1850 3210 2050 3278 Jacob,

483 3282 648 3337 Israel
679 3286 853 3353 ipsum
903 3290 1208 3358 appellavit,
1245 3293 1431 3350 dicens
1461 3297 1586 3363 quia
1626 3300 1898 3357 invaluiin
1934 3321 2054 3359 cum

486 3370 595 3426 Deo
615 3373 840 3429 ⁸⁹¹2Ευιη
866 3389 1045 3432 autem
1077 3380 1127 3433 in
1160 3381 1375 3437 modum
1404 3385 1564 3454 hujus
1605 3390 1781 3445 aetatis
1810 3392 2054 3450 homines

482 3463 738 3520 videbant
789 3466 880 3522 Dei
927 3469 1200 3531 Verbum.
1236 3479 1689 3542 quemadmodum
1739 3491 1794 3535 et
1839 3484 2050 3538 Domini

482 3559 656 3611 nostri
693 3560 922 3627 apostoli
956 3562 1048 3630 qui
1101 3563 1361 3619 dixerunt
1397 3584 1411 3620 :
1454 3568 1606 3634 Quod
1628 3585 1741 3626 erat
1770 3575 1834 3628 ab
1876 3576 2049 3645 initio,

2155 3211 2348 3280 Λόγος,
2398 3211 2602 3285 Κύριος
2642 3215 2738 3268 καὶ⁴
2772 3215 2904 3279 Θεὸς
2945 3217 3319 3288 χρηματίζων,
3367 3217 3429 3281 ὃς
3463 3217 3558 3271 καὶ
3585 3218 3737 3271 εὐλο-

2153 3304 2328 3376 γήσας
2354 3304 2445 3359 τὸν
2482 3306 2696 3373 Ἰακὼϐ,
2738 3307 2951 3380 Ἰσραὴλ
2966 3310 3127 3363 αὐτὸν
3154 3310 3733 3381 ὠνόμασεν,ὲπειπὼν,

2153 3396 2236 3452 ὅτι
2264 3398 2601 3467 ἐνίσχυσας
2637 3401 2788 3470 μετὰ
2818 3402 3004 3467 Θεοῦ;
3033 3401 3174 3455 οὕτω
3222 3402 3280 3455 δὲ
3313 3401 3499 3473 ἐώρων
3530 3404 3579 3456 οἱ
3609 3403 3733 3457 τότε

2153 3487 2343 3560 ἄνδρες
2378 3489 2471 3542 τὸν
2503 3490 2596 3544 τοῦ
2617 3491 2752 3544 Θεοῦ
2783 3492 2974 3561 Λόγον,
3006 3494 3082 3558 ὠς
3109 3493 3200 3546 καὶ
3240 3495 3288 3546 οἱ
3316 3494 3589 3565 φήσαντες
3635 3493 3732 3548 τοῦ

2152 3578 2357 3649 Κυρίου
2376 3580 2531 3651 ήμῶν
2562 3581 2867 3635 ἀπόστολον
2901 3585 2962 3635 ’Ὁ
2996 3580 3074 3652 ἦν
3099 3584 3199 3638 ἀπ’
3232 3584 3446 3653 ἀρχῆς,
3469 3584 3733 3652 ἑωράκα-

478 3648 619 3716 quod
638 3650 863 3705 vidimus
890 3653 1058 3708 oculis
1107 3658 1320 3723 nostris,
1354 3673 1401 3719 et
1432 3668 1813 3732 perspeximus,
1856 3681 1903 3721 et
1937 3687 2053 3723 ma-

2166 3648 2261 3721 [ιεν
2291 3648 2770 3743 τάξι-ὀφθαλμοῖς
2788 3673 2979 3744 ἡμῶν,
3004 3648 3102 3730 καὶ
3129 3648 3516 3747 ἐθεασασιιεθα,
3537 3648 3638 3731 καί
3669 3681 3734 3732 al

480 3755 578 3794 nus
628 3751 822 3796 nostra:
875 3755 1327 3802 contrectaveruut
1357 3751 1420 3804 de
1464 3751 1628 3807 Verbo
1674 3757 1789 3836 vita:
1805 3758 1870 3811 9°.
1896 3760 2048 3826 Quod

2166 3761 2342 3830 (εξρες
2356 3763 2524 3833 ἡμῶν
2540 3766 2947 3837 ἐψηλάφησαν
2961 3767 3095 3835 περὶ
3109 3767 3213 3822 τοῦ
3228 3768 3421 3838 Λόγου
3438 3766 3544 3837 τῆς
3557 3767 3730 3838 ζωῆς*

478 3828 712 3886 Verbum
742 3843 796 3888 et
822 3850 985 3904 quam
1019 3838 1184 3890 vitam
1228 3844 1623 3913 contemplatus
1646 3828 1812 3903 etiam
1858 3849 2044 3920 Jacob,

476 3919 641 3977 infert
669 3924 853 3981 dicens
882 3944 895 3980 :
941 3925 1061 3981 Vidi
1090 3931 1228 3985 enim
1266 3933 1428 3987 Deum
1452 3938 1591 4006 [acie
1621 3941 1690 3993 ad
1727 3939 1916 4010 [aciem
1941 3945 2006 3999 ".

547 4102 716 4158 Iacob
766 4117 942 4161 autent
989 4109 1236 4181 diligebat
1264 4114 1459 4187 Jaseplt
1506 4136 1662 4187 super
1688 4138 1862 4178 omnes
1904 4125 2045 4193 ﬁlios

473 4211 619 4258 suos,
648 4199 773 4267 quia
796 4199 941 4267 [ilius
993 4211 1271 4261 senectutis
1299 4221 1411 4263 erat
1448 4213 1516 4265 ei.
1554 4210 1705 4267 Fecit
1742 4233 1858 4271 vero
1881 4220 1928 4272 ei
1954 4230 2044 4273 tu-

2148 3854 2207 3907 ὃν
2230 3855 2422 3923 Λόγον,
2460 3856 2555 3910 καὶ
2590 3858 2732 3929 ζωὴν
2766 3858 3100 3931 θεασάμενος
3143 3861 3235 3913 καὶ
3274 3863 3302 3915 ό
3360 3860 3572 3928 Ἰακὼϐ,
3608 3865 3734 3931 ἐπι-

2149 3944 2307 4015 φέρει
2366 3946 2562 4015 λέγων’
2633 3944 2815 4007 Εἶδον
2863 3950 2974 4020 γὰρ
3026 3951 3174 4005 Θεὸν
3209 3953 3533 4020 πρόσωπον
3577 3952 3732 4022 πρὸς

2146 4039 2495 4107 πρόσωπον.

2229 4131 2428 4187 Ἰακὼϐ
2456 4132 2525 4186 δὲ
2539 4132 2743 4203 ἠγάπα
2768 4134 2876 4188 τὸν
2906 4134 3117 4205 Ἰωσὴφ
3132 4136 3291 4205 παρὰ
3319 4136 3549 4203 πάντας
3583 4136 3728 4204 τοὺς

2143 4222 2314 4290 υἱοὺς
2343 4224 2550 4289 αὑτοῦ,
2596 4225 2688 4278 ὅτι
2719 4225 2850 4292 υίὸς
2881 4226 3075 4297 γήρως
3107 4224 3186 4299 ἦν
3215 4228 3393 4294 αὐτῷ.
3448 4230 3725 4298 Ἐποίησε

475 4288 649 4340 nicum
700 4290 898 4343 variant
927 4295 996 4347 ⁸⁸.
1029 4294 1231 4352 Tunica
1272 4303 1420 4355 varia
1467 4314 1554 4357 est
1610 4305 1828 4362 habitus
1870 4312 2042 4366 boaus

2166 4288 2383 4382 ῒὲαῦτῷ
2409 4316 2629 4386 χιτῶνα
2656 4288 3155 4374 ποικίλονῖΧιτὼν
3185 4320 3293 4391 (19)
3316 4288 3555 4387 ποικίλος
3575 4288 3723 4379 ἐστὶν

474 4379 764 4435 virtutibus
793 4394 1037 4439 ornatus.

550 4471 797 4529 Videntes
827 4486 1000 4530 autem
1038 4478 1233 4547 fratres
1259 4483 1373 4551 ejus
1402 4487 1530 4557 quia
1568 4504 1688 4543 eum
1732 4503 1884 4561 pater
1913 4494 2037 4549 dili-

470 4563 619 4633 gebat
648 4582 759 4634 pra’
803 4569 1041 4623 omnibus
1066 4570 1190 4638 ﬁliis
1219 4574 1352 4640 suis,
1377 4579 1597 4633 oderunt
1630 4598 1768 4649 eum,
1809 4602 1901 4640 uec
1939 4605 2037 4657 po-

2072 4430 2118 4485 D
2142 4406 2255 4474 ἕξις
2278 4408 2473 4493 ἀρίστή
2498 4413 2619 4473 ταῖς
2644 4411 2861 4481 ἀρεταῖς
2892 4412 3297 4484 κεκοσμημένη.

2226 4500 2472 4568 Ἰδόντες
2503 4502 2573 4556 δὲ
2604 4506 2658 4557 οί
2692 4503 2942 4574 ἀδελφοὶ
2974 4505 3182 4569 αὑτοῦ,
3218 4506 3306 4559 ὅτι
3335 4506 3521 4561 αὐτὸν
3551 4511 3585 4562 ό
3617 4522 3722 4561 πα-

2142 4592 2252 4662 τὴρ
2288 4595 2457 4663 φιλεῖ
2480 4596 2549 4649 ἐκ
2578 4595 2821 4651 πάντων
2847 4598 2963 4651 τῶν
3004 4597 3150 4651 υἱῶν
3173 4600 3381 4665 αὐτοῦ,
3412 4602 3721 4671 ἐμίσησαν

469 4664 639 4711 terant
660 4657 708 4710 ei
741 4656 883 4728 loqui
908 4661 1193 4731 quidquam
1219 4666 1500 4733 paciﬁcum
1526 4670 1593 4725 °’.
1624 4670 1725 4739 Qui
1760 4676 1893 4743 odit,
1929 4656 2036 4735 non

2166 4656 2360 4751 ιιζτόν,
2411 4687 2509 4741 καὶ
2563 4691 2675 4743 οὐκ
2726 4688 3026 4757 ἠδύναντο
3069 4691 3282 4745 λαλεῖν
3326 4656 3488 4759 αὐτ-ξ)
3538 4656 3722 4751 οῦδὲν

468 4751 649 4812 potest
686 4745 978 4816 quidquam
1030 4751 1256 4819 pacifica
1288 4755 1433 4826 loqui
1477 4759 1527 4813 ei
1566 4775 1726 4830 quem
1762 4768 1888 4822 odio
1935 4770 2035 4824 ha-

468 4834 578 4890 bet.
608 4835 951 4907 Depouamus
976 4856 1106 4914 ergo
1134 4845 1341 4915 odium,
1374 4860 1434 4907 ut
1467 4854 1694 4922 paciﬁce
1737 4855 1882 4927 loqui
1905 4876 2034 4932 pos-

465 4941 654 4985 ειιιωε.
717 4983 751 5015 ⁸

2138 4777 2458 4844 εἰρηνικόν.
2504 4779 2562 4831 ὐ
2619 4780 2792 4849 μισῶν
2836 4780 2946 4852 (20)
3001 4782 3276 4846 ἀδυνάτως
3326 4786 3438 4856 ἔχει
3478 4786 3612 4857 πρὸς
3657 4788 3721 4841 τὸ

2144 4869 2413 4939 εἰρηνικόν
2443 4886 2496 4923 τι
2524 4869 2705 4925 λαλεῖν
2742 4873 2821 4944 τῷ
2860 4875 3192 4947 μισουμένῳ.
3240 4877 3594 4949 Ἀποθώμεθα
3622 4875 3718 4936 οὖν

2142 4959 2203 5013 τὸ
2243 4963 2418 5032 μῖσος,
2459 4963 2546 5016 ἵνα
2582 4963 2763 5019 λαλεῖν
2799 4968 3053 5038 είρηνικὰ
3084 4967 3418 5041 δυνηθῶμεν.

535 5065 581 5097 ⁸³
601 5065 779 5121 Ecele.
800 5085 879 5132 ut,
907 5071 962 5126 5.
1036 5075 1082 5107 ⁸³
1108 5075 1243 5132 Gen.
1272 5094 1425 5142 xxxi,
1450 5080 1540 5136 55.
1617 5082 1663 5114 ⁸³
1694 5081 1833 5140 Gen.
1860 5102 2039 5153 xxx",

535 5134 643 5175 Con
710 5154 860 5175 vv“-
922 5143 993 5175 οὐ
1089 5146 1135 5175 88
1162 5146 1273 5175 :l.:.l
1366 5151 1430 5175 at
1554 5153 1599 5175 no
1625 5153 1658 5175 ει
1686 5155 1696 5175 2
1722 5155 1736 5175 ι
1830 5157 1898 5175 nn
1996 5161 2042 5175 α..

2204 5096 2251 5129 ⁸⁸
2274 5096 2432 5175 Joan.
2462 5099 2650 5175 xu_v_,§.
2711 5102 2758 5133 ⁸⁵
2783 5101 2921 5158 Gen.
2950 5119 3122 5175 xxxii,
3143 5105 3198 5160 4.
3273 5107 3318 5139 ⁸⁵
3346 5105 3507 5162 Prov.
3540 5124 3632 5175 xv,
3655 5111 3709 5164 1.

461 5133 507 5217 ﬁt
531 5134 665 5217 gent.
710 5154 884 5217 sun,
922 5143 1014 5198 22.
1089 5146 1135 5178 ⁸⁸
1160 5146 1319 5217 ibid.,
1351 5133 1459 5206 ξεί.

461 5200 507 5233 ⁸³
534 5202 694 5272 ibid.,
723 5209 778 5262 4.

532 5337 647 5416 (if)
682 5344 793 5416 Τοῦ
809 5344 926 5414 μὲν
946 5350 1202 5416 φαύλου,
1231 5361 1338 5408 etc.
1372 5353 1413 5407 E
1441 5366 1628 5410 catena
1657 5356 1928 5414 Romana.

533 5408 646 5487 tl
684 5412 735 5487 ’ρ
764 5408 977 5484 Κῦριόξ-
1001 5408 1210 5487 φησιν,
1236 5434 1340 5478 etc.
1371 5425 1413 5478 E
1449 5408 2030 5486 scitedis—téohil—J-el‘isii.

535 5475 646 5557 (to)
680 5475 1210 5557 ξςατιῑτιιὶήὶρξειοί
1228 5475 1797 5552 ιέἶῑίξιιέἧῖὲέἰῖειῖίὲῖ

531 5549 643 5629 (ιτ)
689 5549 1248 5619 Ἰίιόώκ,ἰ;ιὶ;.ἘιΙίιίίι
1306 5567 1405 5619 hoc
1461 5549 2027 5624 δυιιοιίὼῐῑιὸιιιυιειι-

462 5629 653 5712 gamus
680 5636 1026 5712 uosterdom.
1043 5630 1061 5683 Ι
1093 5630 1338 5712 Ηςπαριτ,
1364 5652 1488 5712 pug.
1521 5635 1616 5712 fl,
1653 5640 1743 5712 ubi
1767 5656 1865 5708 pro
1880 5642 2028 5712 ἰαμ-

462 5684 642 5761 δίκης.
674 5698 816 5763 Quod
871 5698 1103 5757 habetur
1151 5684 1487 5763 ίιῖἑέίῖεῖιῖἴ

1554 5153 1783 5221 "ibim,
1830 5157 1921 5214 28.
1996 5161 2043 5194 ⁹⁰
2092 5164 2293 5223 lJoan.
2331 5153 2439 5236 t,l.
2514 5153 2717 5227 “'Cen.
2776 5153 3368 5238 ἱῐέὶὶῖῖίὗΪἾοῖοεηῖ
3393 5153 3709 5248 ﬁnivit?

2167 5369 2465 5493 Iap6tix'qg.

2167 5440 2318 5512 _(18)
2354 5438 2524 5505 Τςδ’
2564 5439 2644 5497 ἂν
2688 5441 2902 5511 ἄλλος,
2959 5454 3067 5500 etc.
3128 5445 3207 5500 Ex
3250 5447 3440 5505 iisdem
3489 5451 3713 5512 schedia

2134 5506 2470 5565 Comhelisii.

2229 5579 2317 5651 i9)
2355 5580 2564 5646 Χιτών,
2603 5591 2713 5639 etc.
2750 5584 2826 5638 Ex
2854 5585 3044 5641 iisdem
3078 5587 3315 5642 schedio.

2229 5581 2317 5651 19)
2355 5581 2564 5646 Χιτών,
2603 5591 2713 5639 etc.
2750 5584 2826 5638 Ex
2854 5585 3044 5641 iisdem
3078 5587 3315 5642 schedis.

2203 5581 2316 5723 ἔξω
2363 5651 2417 5705 Ὁ
2435 5652 2654 5722 μισῶν,
2689 5665 2798 5712 etc.
2826 5655 2905 5712 Ex
2932 5657 3123 5715 iisdem
3146 5657 3390 5717 schedis.
