4000 6146
294 253 390 309 ίῗθ

1674 272 1677 277 ’
1740 260 1807 317 ΙΝ
1844 259 2168 320 GENESIM.

3437 264 3542 319 150

356 379 419 430 οι
439 374 505 429 δὲ
537 374 905 446 Habent-aiat
940 379 1234 436 ἀπέδοντο
1273 381 1382 436 τὸν
1421 381 1635 453 Ἰωσὴφ
1662 384 1749 450 εις
1775 383 1858 438 Αι-

2043 383 2357 437 Μαάὶαηὶιτο
2407 390 2583 439 autem
2617 384 2960 440 vendiderunt
2998 383 3193 455 Ioseph
3227 386 3284 441 in
3316 385 3549 458 digypto

292 484 510 538 τυπτον
534 467 616 534 τῷ
638 469 925 538 Πετεφρῇ
946 469 1029 536 τῷ
1055 470 1347 525 σπάδοντι
1381 473 1591 541 Φαραὼ
1626 474 1874 543 ἀρχιμα-

288 562 475 631 ⁸ιειιῖίρῳ.
523 561 814 635 Πετεφρῆς
868 564 985 635 (21)
1029 565 1181 637 παρὰ
1219 564 1420 636 ’Δκύλᾳ
1469 565 1563 619 καὶ
1592 567 1873 639 Συμμάχῳ

286 651 554 725 θουτιφάρ
585 652 805 725 εἴρηται
855 656 917 707 ὲν
961 654 1136 727 τούτῳ
1189 654 1266 726 τῷ
1295 654 1467 726 τόπῳ,
1499 655 1557 708 ὲν
1608 656 1666 710 δὲ
1702 657 1874 728 ἑτέρῳ

287 740 610 815 δουτιφαρέ.
636 746 749 799 Kal.
776 746 811 818 ἡ
841 746 943 816 μὲν
982 744 1078 799 τοῦ
1110 746 1371 818 παρόντος
1411 746 1669 818 ὀνόματος
1701 748 1874 820 ἑρμη-

288 836 401 889 νεία
436 839 767 905 παράκειται
792 841 861 910 τῇ
891 838 1034 902 λέξει
1240 841 1275 911 ἠ
1302 840 1360 893 δὲ
1387 839 1601 905 ἔκθεσις
1632 841 1727 894 τοῦ
1757 842 1871 895 ἑτέ-

292 946 381 999 ρου
410 930 467 981 ἐν
493 933 609 992 τοῖς
633 931 763 1001 ἑξῆς
793 935 1062 1001 φανεῖται.

354 1018 556 1086 Γνοὺς
580 1019 651 1073 δέ
675 1019 902 1086 Αὐνᾶν,
928 1021 1015 1076 ὅτι
1030 1024 1140 1077 οὐκ
1160 1020 1321 1088 αὐτῷ
1334 1021 1506 1077 ἔσται
1524 1022 1591 1077 τὸ
1608 1021 1866 1093 σπέρμα,

285 1109 522 1181 ἐγένετο
577 1113 727 1169 ὅταν
767 1116 1082 1186 εἰσήρχετο
1129 1116 1278 1185 πρὸς
1319 1117 1437 1185 τὴν
1477 1116 1733 1186 γυναῖκα
1761 1118 1869 1172 τοῦ

284 1202 555 1273 ἀδελφοῦ
586 1207 795 1272 αὐτοῦ,
824 1207 1066 1277 ἐξέχεεν
1090 1207 1189 1261 ἐπὶ
1215 1207 1330 1276 τὴν
1349 1206 1485 1277 γῆν.
1523 1209 1640 1271 Πᾶς
1658 1210 1686 1262 6
1714 1209 1869 1263 σπεί-

285 1312 397 1366 ρων
431 1297 549 1368 (23)
574 1300 670 1352 ἐπὶ
704 1298 803 1371 τὴν
827 1299 1025 1373 σάρκα,
1062 1302 1158 1355 καὶ
1187 1300 1258 1354 τὰ
1292 1300 1429 1373 ἔργα
1452 1301 1550 1372 τῆς
1585 1302 1785 1374 σαρκὸς
1811 1304 1869 1358 ὲν

282 1386 350 1456 τῇ
402 1388 476 1457 τῇ
506 1386 874 1462 θησαυρίζων,
925 1390 1108 1462 ὅμοιος
1135 1390 1213 1462 τῷ
1239 1390 1438 1445 Αὐνᾶν·
1468 1390 1549 1445 διὸ
1572 1392 1666 1445 καὶ
1703 1392 1868 1447 θανα-

279 1474 470 1529 τοῦται
496 1478 607 1532 ὑπὸ
637 1479 793 1535 Θεοῦ.

348 1566 469 1619 Kal
482 1564 563 1637 ἦν
578 1569 797 1637 Κύριος
815 1569 968 1639 μετὰ
996 1569 1228 1639 Ἰωσήφ
1247 1569 1346 1625 καὶ
1359 1567 1439 1643 ἦν
1455 1570 1611 1639 ἀνὴρ
1628 1570 1869 1641 ἐπιτυφ-

1979 472 2236 541 Petephre
2283 476 2523 529 eunucho
2574 473 2872 531 Pharaonis
2916 493 3203 548 coquorum
3223 480 3449 547 principi
3481 476 3548 531 ³⁸.

1972 565 2293 636 Petephrem
2326 566 2525 637 Aquila
2561 577 2619 621 et
2659 566 3020 638 Symmachus
3053 571 3355 642 Pbutiphar
3389 574 3544 627 dixe-

1974 666 2099 709 runt
2143 657 2247 711 hoc
2278 656 2397 711 loco
2430 674 2443 710 :
2481 658 2533 711 in
2592 658 2700 711 alio
2755 671 2940 714 autem
2991 660 3360 733 Pliutiphare;
3414 679 3552 733 prae-

1973 746 2150 801 sentis
2198 761 2323 800 vero
2355 747 2590 803 nominis
2615 749 2990 818 interpretatio
3024 754 3144 807 voci
3183 754 3427 825 adjacet;
3470 757 3552 811 al-

1970 838 2141 893 terius
2185 848 2368 894 autem
2415 840 2680 909 expositio
2734 841 2787 896 in
2835 844 3192 913 sequentibus
3240 848 3544 905 declarabi-

1970 939 2082 985 tur.
3061 998 3065 1002 ἢ

2042 1019 2222 1076 Sciens
2245 1029 2417 1075 autem
2449 1021 2654 1076 Aunam
2682 1023 2783 1077 sibi
2822 1040 2925 1078 non
2976 1023 3090 1095 fore
3117 1044 3310 1097 semen,
3333 1035 3543 1101 quando

1968 1115 2357 1183 ingrediebatur
2397 1114 2466 1167 ad
2518 1130 2732 1168 uxorem
2780 1114 2966 1184 fratris
2998 1117 3101 1182 sui,
3145 1119 3444 1188 eﬂ'undebot
3484 1124 3541 1177 in

1970 1215 2165 1260 terram
2187 1206 2254 1259 ".
2289 1204 2480 1261 Omnis
2521 1208 2612 1276 qui
2653 1211 2886 1263 seminat
2927 1207 2991 1262 in'
3028 1224 3220 1278 carne,
3272 1220 3327 1267 et
3375 1227 3540 1282 opera

1970 1296 2153 1351 carnis
2206 1296 2260 1351 in
2312 1306 2454 1353 terra
2503 1297 2872 1365 thesaurizat,
2928 1300 3122 1356 similis
3170 1309 3259 1361 est
3300 1303 3536 1359 Aunam.

1969 1386 2331 1455 Quamobrem
2364 1389 2694 1445 interﬁcitur
2718 1406 2748 1446 a
2780 1391 2912 1446 Deo.

2038 1566 2109 1620 Et
2147 1577 2257 1622 erat
2296 1567 2552 1624 Dominus
2580 1586 2697 1624 cum
2723 1569 2940 1640 Ioseph,
2964 1583 3013 1625 et
3043 1580 3158 1626 erat
3186 1573 3267 1626 vir
3297 1591 3540 1644 prospere

276 1661 511 1731 κόνων.
554 1660 643 1724 Ὠς
678 1662 770 1714 ἐπὶ
799 1662 1003 1715 σκοπὸν
1034 1660 1149 1733 (24)
1177 1661 1406 1733 βάλλων,
1446 1662 1614 1716 ἔτεινε
1644 1661 1705 1714 τὸ
1740 1663 1858 1733 ἡγε-

1970 1673 2129 1725 agens
2148 1658 2215 1713 ".
2270 1657 2553 1729 Tanquam
2583 1660 2636 1714 in
2679 1675 2900 1730 scopum
2945 1663 3191 1730 mittens,
3226 1665 3541 1722 intendebat

279 1753 507 1824 μανικὸν
531 1752 750 1812 ἑαυτοῦ.
774 1754 869 1807 καὶ
889 1754 977 1807 ἀεὶ
1004 1732 1356 1824 ἐπετύγχανε.
1393 1752 1669 1825 Πολλαχοῦ
1697 1732 1858 1807 δὲνκέ·

1970 1748 2136 1802 animi
2169 1750 2531 1818 principatum
2556 1762 2610 1807 et
2643 1767 2858 1823 semper
2878 1767 3137 1823 prospere
3165 1758 3376 1825 agebat.
3399 1757 3534 1813 Fre-

275 1862 482 1917 χρηται
503 1843 681 1915 τούτῳ
706 1845 740 1914 ὴ
772 1845 986 1916 Γραφή-

347 1941 459 1993 Και
499 1939 805 2008 εὐλόγησε
832 1940 1045 2007 Κύριος
1071 1938 1178 1993 τὸν
1201 1934 1369 1993 οἷκον
1396 1938 1503 1993 τοῦ
1540 1939 1862 2009 Αἰγυπτίου

273 2030 378 2084 διὰ
418 2031 660 2099 Ἰωσήφ.
705 2030 803 2084 Διὰ
839 2030 931 2084 τὸν
980 2029 1131 2099 ἅγιον
1177 2030 1292 2102 (25)
1319 2032 1377 2084 ὲν
1422 2030 1555 2101 οῐκῳ
1594 2031 1722 2084 ὄντα
1764 2032 1861 2084 Ai-

274 2122 510 2191 γυπτίου
535 2121 839 2191 εὐλογεῖται
877 2123 907 2174 6
941 2117 1106 2186 οἶκος,
1157 2120 1252 2175 καὶ
1291 2120 1359 2175 τὰ
1399 2120 1734 2192 ὑπάρχοντα,
1769 2121 1865 2175 καὶ

271 2217 306 2269 6
337 2213 511 2287 ἀγρὸς
550 2213 647 2267 τοῦ
683 2212 1003 2283 Αἰγυπτίου.
1039 2211 1188 2281 Δῦτη
1221 2213 1278 2267 δὲ
1310 2213 1370 2267 οὐ
1404 2213 1745 2286 πνευματικὴ
1775 2214 1863 2267 εὐ-

273 2306 466 2375 λογία.

360 2396 631 2467 Ἐγένετο
654 2396 723 2450 δὲ
740 2398 891 2467 μετά
907 2395 1141 2466 ῥήματα
1169 2396 1377 2459 ταῦτα,
1405 2395 1670 2466 ἥμαρτεν
1701 2396 1734 2449 ὁ
1755 2394 1861 2463 ἀρ-

270 2490 619 2559 χιοινοχόος
639 2488 745 2541 τοῦ
755 2487 1061 2553 ,ϐασιλέως
1088 2487 1410 2556 Αἰγύπτου,
1441 2486 1538 2539 καί
1566 2488 1599 2539 ό
1627 2484 1860 2554 ἀρχεσί-

267 2579 520 2645 τοποιὸς
563 2578 647 2645 τῷ
673 2579 858 2647 κυρίῳ
883 2578 1082 2633 αὐτῶν
1103 2578 1355 2643 ,βασιλεῖ
1393 2578 1713 2647 Αἰγύπτου.
1750 2576 1859 2629 Νο-

274 2669 424 2741 μίζω
452 2670 568 2742 (26)
624 2671 706 2723 ὅτι
748 2670 810 2723 τὺ
842 2670 1099 2738 ἀνάλογον
1138 2668 1235 2740 τῷο
1277 2669 1570 2738 Ἥμαρτον
1610 2665 1863 2731 ,βασιλεῖ

267 2762 607 2832 Αἰγύπτου,
654 2760 849 2829 λέγοιτ’
902 2760 967 2814 ἂν
992 2759 1250 2830 περὶτῶν
1310 2757 1619 2830 μαρτύρων,
1665 2759 1748 2811 ὅτι
1783 2755 1861 2828 τῷ

268 2852 456 2924 νοητῷ
516 2851 727 2923 βασιλεῖ
774 2851 875 2922 τῆς
917 2850 1191 2920 Αἰγύπτου
1241 2843 1386 2903 οὗτοι
1436 2848 1861 2920 ἁμαρτάνουσιν,

1970 1848 2199 1909 quenter
2232 1852 2411 1896 autem
2452 1844 2553 1898 hoc
2586 1846 2751 1900 verbo
2786 1846 2952 1899 utitur
2988 1845 3290 1916 Scriptura.

2047 1930 2112 1983 Et
2143 1931 2404 1987 benedixit
2430 1933 2688 1989 Dominus
2723 1937 2904 1990 domui
2943 1937 3182 2009 Egyptii
3204 1950 3417 2009 propter
3441 1939 3539 1997 Jo-

1966 2028 2089 2091 seplt
2117 2024 2185 2077 ’⁷.
2234 2022 2462 2093 Propter
2516 2036 2761 2082 sanctum
2812 2029 2903 2097 qui
2940 2034 3073 2085 'erat
3121 2030 3175 2085 in
3225 2032 3382 2111 domo
3425 2031 3537 2106 44

1969 2111 2205 2186 Egyptii
2231 2153 2247 2178 ,
2284 2115 2619 2172 benedicitur
2661 2121 2872 2182 domus,
2931 2119 3071 2175 bona
3106 2131 3160 2175 et
3193 2137 3319 2191 ager
3365 2122 3537 2196 Egr-

1968 2206 2087 2276 ptii.
2124 2205 2247 2263 Haec
2298 2217 2476 2263 autem
2515 2225 2622 2265 non
2667 2224 2751 2267 est
2787 2212 3043 2282 spiritalis
3068 2214 3393 2274 benedictio.

2038 2385 2139 2442 His
2166 2388 2241 2442 ita
2282 2391 2440 2460 gestis
2470 2393 2661 2446 accidit
2709 2402 2768 2447 ut
2806 2408 3073 2464 peccarent
3116 2400 3365 2466 pincerna
3398 2403 3533 2470 regis

1968 2477 2187 2549 £gypti
2218 2493 2267 2534 et
2308 2482 2474 2551 pistor
2506 2483 2717 2538 domino
2758 2502 2852 2539 sua
2888 2489 2999 2559 regi
3038 2487 3255 2559 .Egypti
3288 2490 3355 2544 ’⁸.
3394 2492 3535 2547 Con-

1966 2580 2222 2626 sentauee
2249 2571 2334 2626 his
2373 2574 2552 2628 verbis
2587 2593 2601 2629 :
2638 2574 2929 2631 Peccarunt
2976 2580 3085 2648 regi
3112 2580 3365 2651 Egypti,
3392 2585 3536 2637 arbi-

1969 2670 2082 2715 tror
2111 2662 2216 2717 dici
2246 2679 2406 2733 posse
2438 2674 2707 2736 martyres
2738 2669 2965 2737 spiritali
3005 2672 3115 2740 regi
3154 2670 3374 2742 Egypti
3406 2688 3533 2742 pee-

1968 2767 2113 2817 care,
2144 2754 2238 2808 sed
2280 2769 2386 2809 non
2424 2756 2553 2810 Deo.
2598 2756 2858 2812 Videntur
2895 2762 3037 2814 enim
3073 2777 3300 2830 peccare
3346 2774 3535 2821 contra

1972 2846 2153 2898 mundi
2185 2845 2377 2916 legem,
2398 2864 2516 2917 qua:
2544 2849 2863 2908 adversatur
2893 2851 2992 2920 legi
3033 2851 3148 2908 Dei.

270 2946 394 2999 ἀλλ’
452 2948 514 3000 οὐ
586 2946 664 3018 τῷ
727 2945 866 3016 Θεῷ.
928 2947 1022 3010 Εἰς
1070 2944 1179 3017 γὰρ
1240 2944 1332 2999 τὸν
1382 2943 1474 2998 τοῦ
1530 2926 1734 3015 κόσμου
1799 2943 1963 3014 νόμον
2037 2942 2282 2996 δοκοῦσιν
2348 2943 2712 3016 ἁμαρτάνειν,
2768 2946 3006 3000 ἐναντίον
3069 2949 3196 3003 ὄντα
3259 2948 3336 3022 τῷ
3384 2951 3535 3025 νόμῳ

268 3040 372 3095 τοῦ
403 3041 566 3096 Θεοῦ.

345 3138 472 3190 Ὀτι
500 3134 698 3205 κλοπῇ
719 3135 997 3203 suade
1014 3135 1083 3189 ἐκ
1108 3133 1221 3205 γῆς
1255 3134 1558 3203 Ἐϐραίων,
1596 3135 1697 3188 καὶ
1737 3128 1855 3188 ὦδε

2031 3133 2171 3198 Quia
2210 3134 2354 3202 furto
2400 3135 2639 3190 sublatus
2694 3152 2808 3190 sum
2848 3137 2912 3192 de
2967 3148 3107 3193 terra
3162 3139 3529 3209 Hebraeorum,

270 3229 392 3284 οὐκ
410 3229 670 3296 ἐποίησα
694 3227 894 3281 οὐδέν.
919 3227 992 3279 Τὸ
1021 3227 1186 3297 μηδὲν
1209 3226 1322 3299 (27)
1355 3225 1666 3298 ἐπιχωρίων
1698 3226 1860 3294 Αἰγυ-

272 3318 454 3373 πτίων
484 3320 656 3372 ποιεῖν
684 3318 984 3373 αἰνίσσεται
1025 3318 1113 3372 διὰ
1135 3316 1249 3372 τοῦθ
1276 3314 1419 3374 Ὧδε
1454 3318 1565 3371 οὐκ
1603 3316 1860 3385 ἐποίησα

269 3409 480 3465 οὐδέν.
532 3409 846 3479 Αἰγυπτίων
890 3409 947 3464 δὲ
974 3409 1133 3482 ἔργον
1162 3405 1230 3482 ἦν
1257 3409 1353 3464 καὶ
1382 3408 1443 3462 τὸ
1492 3394 1764 3462 συνελθεῖν
1788 3410 1856 3480 τῇ

272 3501 375 3555 τοῦ
393 3502 584 3573 κυρίου
616 3501 860 3571 γυναικί.

362 3594 720 3662 Ἀποκριθεὶς
777 3593 846 3647 δὲ
899 3592 1111 3663 Ἰωσὴφ
1163 3588 1334 3648 εἶπεν
1375 3592 1553 3660 αὐτῷ·
1606 3591 1768 3661 Αὕτη
1814 3591 1856 3661 ή

274 3686 596 3755 σύγκρισις
649 3685 856 3739 αὐτοῦ’
890 3684 961 3740 τὰ
1006 3686 1137 3754 τρια
1172 3686 1328 3741 κανᾶ
1353 3683 1509 3753 τρεῖς
1540 3684 1748 3753 ἡμέραι
1775 3684 1856 3736 ει-

276 3776 405 3830 σίν.
453 3776 564 3829 Καὶ
595 3776 854 3849 ἀνωτέρω
883 3776 991 3847 (28)
1019 3777 1251 3848 εἴρηται,
1280 3780 1333 3832 οι
1367 3777 1524 3845 τρεῖς
1558 3775 1857 3846 πυθμένες

273 3869 437 3938 τρεῖς
470 3869 681 3939 ἡμέραι
703 3870 884 3925 εἰσίν.
907 3868 1115 3923 Οὐκοῦν
1161 3869 1244 3936 τὸ,
1301 3873 1452 3942 τρεῖς
1496 3871 1723 3943 ἡμέραι,
1764 3869 1856 3923 xal.

272 3962 369 4017 διά
409 3962 698 4033 πυθμένων
733 3963 832 4015 καὶ
869 3959 958 4014 διὰ
1001 3960 1178 4016 κανῶν
1218 3961 1567 4033 παρίσταται·
1618 3977 1856 4032 συγχρη-

276 4055 524 4126 σαμένης
572 4053 836 4126 Προνοίας
886 4054 966 4116 είς
1020 4052 1363 4124 παράστασιν
1409 4051 1574 4124 τριῶν
1632 4051 1854 4124 ἡμερῶν

274 4141 499 4204 οἰκείοις
549 4140 954 4212 παραδείγμασι
986 4141 1078 4220 τοῦ
1118 4142 1377 4213 ἑκατέρου
1430 4141 1566 4211 βίου.
1620 4140 1853 4196 Τοιαῦτα

272 4229 324 4285 τ’
352 4229 423 4284 ἃν
464 4230 644 4303 εὕροις
695 4231 788 4284 καὶ
811 4233 869 4284 ὲν
915 4235 1036 4295 ταῖς
1084 4231 1297 4297 λοιπαῖς
1327 4232 1588 4304 Γραφαϊς⁶
1630 4231 1692 4285 τὺ
1722 4230 1854 4284 αὐτὸ

272 4322 603 4395 δηλούμενον
647 4322 758 4376 ἀπὸ
818 4322 1089 4395 διαφόρων
1142 4319 1281 4378 εἶναι
1332 4322 1630 4377 δοκούντων
1674 4339 1852 4392 παρα-

273 4409 607 4481 δειγμάτων.

1959 3233 2010 3278 et
2038 3228 2124 3279 hic
2157 3225 2291 3279 nihil
2326 3226 2427 3296 feci
2468 3226 2535 3280 ”.
2571 3227 2780 3282 Iudicat
2828 3229 2960 3283 nihil
2999 3245 3059 3285 se
3082 3233 3226 3300 quod
3268 3233 3532 3304 indigena

1958 3315 2199 3388 Egyptii
2246 3316 2474 3382 faciunt,
2506 3316 2709 3388 facere,
2757 3337 2881 3378 cum
2936 3323 3013 3378 ait
3045 3342 3060 3379 :
3093 3325 3197 3380 Hic
3242 3329 3372 3381 nihil
3406 3328 3528 3396 feci.

1956 3407 2334 3481 Egypliorum
2386 3426 2514 3467 vero
2546 3427 2683 3484 opus
2732 3425 2873 3484 erat,
2926 3417 3092 3471 etiam
3146 3434 3268 3474 cum
3322 3419 3527 3475 domini

1958 3517 2127 3556 uxore
2149 3517 2318 3558 coure.

2029 3591 2365 3662 Respondens
2392 3602 2566 3647 autem
2589 3592 2780 3665 Ioseph
2815 3598 2948 3651 dixit
2988 3599 3036 3653 ei
3062 3615 3081 3653 :
3107 3600 3233 3655 "(BC
3266 3612 3342 3657 est
3369 3604 3531 3659 inter-

1953 3685 2175 3753 pretatio
2198 3684 2312 3752 ejus
2346 3698 2366 3737 :
2404 3685 2509 3738 tria
2554 3688 2807 3752 canistra,
2850 3698 2954 3741 tres
2988 3690 3099 3742 dies
3128 3701 3246 3743 sunt
3274 3692 3314 3743 ¹.
3347 3691 3524 3761 Supra

1954 3774 2119 3827 etiam
2167 3775 2369 3829 dictum
2413 3783 2518 3839 est,
2552 3785 2657 3830 tres
2709 3780 3045 3848 propagines,
3073 3791 3177 3835 tres
3222 3781 3332 3836 dies
3375 3794 3521 3839 sunt.

1956 3864 2091 3919 Tres
2119 3880 2246 3935 ergo
2290 3866 2403 3921 dies
2437 3876 2492 3921 et
2538 3883 2632 3937 per
2673 3870 2995 3937 prapagines
3038 3882 3094 3925 et
3136 3887 3231 3939 per
3279 3875 3517 3930 callistra

1956 3956 2335 4026 signiﬁcantur
2385 3974 2399 4010 :
2443 3958 2512 4012 ad
2567 3957 2619 4011 id
2675 3972 2866 4026 nempe
2915 3975 3011 4013 usa
3050 3972 3132 4016 est
3174 3962 3521 4019 Providentia

1953 4048 2189 4118 propriis
2238 4048 2519 4118 utriusque
2570 4049 2697 4104 vita:
2745 4050 3024 4119 exemplis.
3075 4051 3226 4109 Talia
3283 4058 3520 4124 reperies

1953 4148 2010 4193 et
2034 4138 2086 4191 in
2113 4137 2339 4208 reliquis
2362 4138 2682 4209 Scripturis,
2711 4141 2800 4197 ubi
2833 4142 2974 4198 idem
3006 4144 3316 4201 declaratur
3338 4158 3524 4202 exem-

1952 4229 2055 4301 plis
2081 4230 2261 4301 specie
2302 4229 2551 4286 diversis.

359 4501 624 4572 Ἐγένετο
647 4500 715 4555 δὲ
736 4502 807 4556 ἐν
828 4500 905 4571 τῇ
933 4501 1123 4572 ἡμέρᾳ
1141 4501 1219 4571 τῇ
1239 4502 1405 4571 τρίτῃ
1423 4541 1437 4565 ,
1463 4499 1652 4571 ἡμέρα
1685 4500 1849 4571 γενέ-

2027 4498 2124 4555 Die
2177 4512 2351 4556 autem
2402 4504 2554 4556 tertia
2597 4503 2811 4563 accidit.
2841 4515 2897 4557 ut
2926 4504 3035 4559 dies
3074 4517 3205 4560 esset
3241 4506 3517 4566 natalilius

275 4608 432 4660 σεως
456 4589 538 4663 ἦν
564 4594 794 4662 Φαραὼ,
826 4594 924 4648 καὶ
965 4595 1151 4649 ἐποίει
1176 4596 1364 4648 πότον
1394 4592 1543 4648 πᾶσι
1570 4593 1695 4660 τοῖς
1716 4606 1850 4648 παι-

274 4685 381 4740 σίν
407 4685 611 4740 αὑτοῦ.
640 4686 760 4739 Τῶν
789 4685 886 4757 μὲν
922 4685 1027 4757 πρὸ
1051 4685 1206 4756 ἡμῶν
1238 4684 1349 4757 (29)
1376 4684 1611 4757 ἐτήρησέ
1631 4702 1734 4749 τις,
1763 4686 1845 4739 ὅτι

275 4775 479 4846 φαῦλός
511 4778 655 4829 ἐστιν
684 4778 714 4830 6
760 4775 829 4829 τὰ
858 4776 1123 4845 γενέσεως
1172 4776 1347 4847 τιμῶν
1398 4774 1715 4846 πράγματα,
1756 4774 1850 4828 καὶ

275 4868 375 4940 τὴν
404 4867 616 4941 ἡμέραν
647 4868 746 4940 τῆς
773 4868 1039 4937 γενέσεως
1060 4866 1225 4923 αὐτοῦ
1246 4866 1656 4938 ἀποδεχόμενος
1689 4866 1849 4937 ἡμεῖς

1956 4590 2256 4648 Pharaonis
2306 4603 2357 4648 et
2393 4596 2589 4663 faceret
2624 4599 2913 4651 convivium
2944 4601 3119 4667 pueris
3155 4602 3265 4655 suis
3295 4603 3338 4656 ².
3378 4604 3518 4659 Ante

1952 4699 2052 4738 nos
2085 4685 2395 4740 observavit
2430 4688 2699 4757 quispiam
2738 4696 2939 4743 malum
2987 4706 3109 4746 esse
3140 4706 3261 4746 eum
3291 4694 3381 4762 qui
3415 4712 3516 4748 na-

1959 4774 2126 4829 talitia
2160 4791 2257 4831 sua
2286 4778 2530 4833 celebrat
2559 4789 2614 4834 et
2657 4780 2798 4834 diem
2843 4792 3000 4837 ortus
3035 4784 3115 4837 sui
3166 4784 3377 4853 probat.
3407 4785 3516 4842 Nos

1955 4874 2137 4921 autem
2198 4869 2593 4938 expositionem
2642 4871 3064 4938 conﬁrmamus,
3095 4883 3152 4930 et
3204 4876 3257 4929 in
3303 4873 3513 4933 Herode

359 5008 408 5042 ⁸⁵
431 5008 567 5065 Gen.
604 5025 810 5072 xxxvu,
842 5009 932 5064 56.
1029 5009 1074 5042 ³⁵
1099 5009 1234 5066 Gen.
1271 5024 1501 5075 xxxviii,
1533 5008 1590 5064 9.
1678 5008 1724 5041 "
1749 5007 1858 5064 Gen

1970 5022 2128 5077 nux,
2162 5007 2219 5063 2.
2293 5009 2339 5042 ⁸⁷
2364 5009 2521 5075 ibid.,
2554 5009 2609 5066 5.
2683 5011 2731 5044 ”
2758 5009 2897 5067 Gen.
2925 5026 3014 5077 τι,
3054 5012 3108 5068 1.
3183 5013 3230 5046 ⁹⁹
3254 5012 3508 5071 ibid..15.

276 5082 295 5111 ι
330 5080 488 5145 ibid.,
520 5080 611 5137 te.
690 5083 712 5113 ι
740 5081 897 5148 ιω,
930 5079 1022 5135 so.

340 5215 452 5287 (91)
479 5214 811 5288 Πετεςρρῆς,
843 5215 1167 5288 θιοηιὲξᾴἰάίι
1204 5216 1308 5288 (hoc
1338 5216 1583 5288 scliolion
1622 5214 1837 5288 Monte-
1873 5181 1882 5192 ⁸

275 5285 534 5343 {aleonius
560 5285 752 5344 noster
792 5298 923 5341 tom.
950 5286 971 5341 l
1003 5286 1256 5356 Hexapt.,
1288 5302 1407 5356 pag.
1430 5285 1528 5356 A45,
1585 5287 1674 5339 ubi
1694 5285 1839 5356 (fini-

277 5358 403 5412 tium
426 5358 705 5429 diversum
737 5367 863 5429 est:
895 5359 1005 5422 τοῖς
1038 5357 1137 5426 μὲν
1156 5354 1299 5429 περὶ
1314 5354 1544 5410 Ἀκύλαν
1573 5355 1665 5410 καὶ
1690 5354 1836 5427 Σύμ-

379 5445 437 5482 ον
464 5427 745 5499 Φουτιφὰρ
774 5425 1006 5499 εἴρηται,
1022 5425 1147 5499 ietc.

356 5494 447 5572 22)
475 5494 843 5572 ααράκέιται
867 5494 941 5572 τῇ
961 5497 1144 5561 λέξει.
1174 5494 1443 5572 Nimirum
1474 5494 1734 5572 Origenes
1763 5510 1832 5551 ex

273 5564 488 5625 Philone
512 5564 711 5638 Juilmo
730 5608 747 5633 ,
783 5582 848 5622 ac
874 5564 1188 5638 plerumque
1216 5582 1314 5622 suo
1349 5566 1520 5621 Marte
1549 5564 1824 5638 nominum

269 5642 604 5708 propriorum
631 5636 1027 5697 HebraicOrum
1054 5636 1357 5711 signiﬁcata
1407 5638 1475 5694 ad
1525 5636 1822 5706 marginem

268 5711 612 5779 ascripserat.

2036 5211 2127 5282 25)
2154 5210 2281 5279 Πᾶς
2316 5214 2351 5267 ὁ
2377 5212 2662 5282 σπείρων,
2709 5220 2815 5269 etc.
2854 5214 2894 5268 E
2926 5216 3139 5271 schedis
3173 5215 3508 5274 Combeilsii.

2037 5283 2126 5348 24)
2159 5283 2254 5348 Ὠς
2275 5283 2373 5336 ἐπὶ
2399 5285 2654 5346 σκοπόν,
2684 5294 2790 5337 etc.
2820 5284 2896 5338 Ex
2925 5286 3111 5340 iisdem
3135 5287 3368 5342 schedis.

2038 5352 2129 5420 25⁷)
2162 5354 2264 5407 Διὰ
2283 5353 2390 5407 τὸν
2406 5353 2597 5423 ἅγιον,
2632 5364 2737 5407 etc.
2755 5354 2846 5423 gEx
2871 5354 3060 5409 iisdetn
3074 5358 3311 5412 schedis.

2034 5423 2125 5482 26)
2154 5425 2403 5492 Νομίζω,
2429 5421 2538 5480 etc.
2560 5423 2637 5477 Ex
2667 5421 2857 5478 iisdem
2884 5425 3116 5480 schedis.

2010 5491 2126 5562 (27)
2160 5491 2243 5546 T6
2251 5491 2468 5562 μηδέν,
2490 5505 2596 5547 etc.
2632 5492 2709 5546 Ex
2737 5494 2927 5547 iisdem
2957 5494 3192 5553 schedis.

2010 5495 2102 5562 (27
2160 5495 2230 5546 Τὸ
2251 5495 2460 5561 μηδέν,
2490 5505 2596 5547 etc.
2632 5495 2709 5546 Ex
2737 5495 2927 5547 iisdem
2957 5495 3192 5553 schedis.

2008 5495 2126 5631 (28)
2154 5563 2262 5615 Καὶ
2283 5560 2574 5631 ἀνωτέρω,
2603 5574 2711 5631 etc.
2752 5562 2828 5615 Ex
2860 5564 3047 5618 iisdem
3076 5564 3311 5619 schedis.

2153 5630 2416 5702 Τῶνμὲν
2446 5620 2773 5701 siparum”,
2800 5641 2910 5688 etc.
2960 5632 3004 5687 E
3060 5645 3256 5691 catena
3297 5636 3499 5693 Roma-

1968 5719 2020 5757 a.
