4000 6146
544 288 638 346 151
2048 285 2111 341 Oi

2221 282 2398 341 ENES
3711 282 3821 340 ΠΩ.

546 412 723 467 simile
754 412 1007 481 quiddam
1049 410 1529 481 deprehendimus,
1554 410 1775 483 quando
1816 411 1925 465 lilia
1953 410 2126 465 Hero-

544 504 722 558 diadis
766 503 989 557 saltavit
1042 509 1096 556 et
1146 512 1487 572 amputatum
1532 513 1615 557 est
1667 512 1829 572 caput
1868 502 2116 559 Joannis.

541 594 654 648 Nec
691 595 899 661 uspiam
924 595 1131 666 justum
1162 595 1350 651 videre
1381 602 1467 650 est
1508 595 1601 665 qui
1635 595 1938 648 natalitium
1976 595 2118 649 diem

541 687 801 742 celebret.

612 863 738 921 Post
780 869 908 922 duos
948 887 1113 923 annos
1154 871 1356 924 dierum
1395 870 1523 923 vidit
1560 868 1776 923 Pharao
1813 868 2121 922 somnium:

540 958 761 1028 putabat
790 978 844 1014 se
869 970 1010 1015 stare
1033 979 1189 1031 super
1214 964 1431 1032 ﬂuvium
1458 962 1497 1026 ³,
1529 971 1635 1015 etc.
1667 960 1767 1026 Qui
1799 960 1852 1013 in
1879 959 2036 1014 ﬂuxis
2068 969 2124 1014 et

539 1048 763 1103 caducis
800 1051 1123 1115 conﬁdebat,
1155 1053 1375 1122 putabat
1418 1068 1475 1106 se
1511 1061 1653 1107 stare
1680 1067 1843 1120 super
1872 1049 2118 1114 ﬂuvium,

539 1141 686 1196 unde
725 1159 844 1211 quae
883 1144 1138 1198 videntur
1167 1160 1287 1199 esse
1332 1144 1505 1199 felicia
1535 1144 1870 1203 ascendunt,
1904 1140 2122 1210 quando

538 1233 659 1301 ejus
682 1234 848 1289 boves
870 1236 1095 1306 pingues
1118 1246 1243 1292 sunt
1263 1256 1273 1291 :
1293 1238 1387 1292 sed
1410 1239 1631 1292 omnino
1653 1238 1985 1292 devorantur
2005 1236 2122 1289 haec

537 1339 568 1377 a
610 1326 988 1382 deterioribus.
1024 1327 1137 1383 Hoc
1171 1338 1385 1394 autem,
1423 1331 1663 1400 putabat,
1703 1329 1952 1384 conteres
1990 1340 2118 1382 cum

536 1414 648 1478 illo,
672 1418 937 1474 Putabam
958 1438 1044 1475 vos
1066 1423 1312 1493 colligare
1335 1425 1628 1495 manipulos
1648 1424 1689 1480 ‘.
1714 1426 1781 1480 Et
1800 1424 1852 1478 in
1875 1421 2116 1478 secundo

536 1509 748 1563 somnio
776 1529 788 1563 :
815 1509 1284 1578 Quemadmodum,
1313 1515 1509 1585 inquit,
1538 1515 1616 1569 sol
1645 1525 1693 1569 et
1728 1515 1853 1569 luna
1880 1524 1928 1569 et
1958 1521 2108 1567 astra

533 1601 828 1656 adorabunt
850 1621 929 1656 me
949 1606 989 1659 ⁵.
1014 1606 1081 1660 Et
1100 1622 1287 1661 rursus
1304 1624 1548 1663 summus
1570 1607 1913 1677 pincerna,ln
1929 1621 2110 1660 somno

532 1708 666 1758 meo,
707 1693 901 1765 inquit,
935 1708 1049 1751 erat
1081 1700 1231 1753 vinea
1257 1702 1297 1761 ⁸,
1325 1710 1429 1754 etc.
1458 1700 1635 1754 Pistor
1658 1716 1816 1761 vero,
1842 1698 2111 1753 Putabam

2224 409 2282 463 δὲ
2316 406 2638 480 βεϐαιοῦμεν
2669 407 2769 479 τὴν
2796 406 3067 479 διήγησιν,
3102 404 3196 459 καὶ
3225 405 3317 459 ἐπὶ
3357 402 3454 457 τοῦ
3490 403 3737 477 Ἡρώδου
3761 405 3831 462 τὸ

2155 467 2196 525 Α
2225 467 2611 573 παραπλησίον
2657 467 3067 572 εὑρόντες,’ὂτε
3122 498 3218 551 καὶ
3267 499 3301 569 ἡ
3356 467 3604 568 θυγάτηρ
3646 499 3827 570 Ἡρω-

2219 593 2399 656 διάδος
2443 592 2750 663 ὠρχήσατο,
2806 590 2901 644 καὶ
2945 588 3239 661 ἀπετμήθη
3273 590 3307 660 ἡ
3353 586 3604 641 Ἰωάννου
3651 605 3830 658 κεφα-

2220 685 2307 758 λήο
2354 686 2449 739 καὶ
2493 683 2730 756 οὐδαμοῦ
2792 682 2998 746 δίκαιος
3039 682 3291 753 φαίνεται
3338 679 3613 750 γενέθλιον
3671 681 3833 749 ἄγων

2219 776 2458 849 ἡμέραν.

2308 869 2570 939 Ἐγένετο
2598 866 2667 920 δὲ
2680 865 2832 936 μετὰ
2860 865 2973 919 δύο
2992 865 3097 934 ἔτη
3128 864 3386 934 ἡμερῶν,
3416 863 3632 932 Φαραὼ
3660 859 3827 916 εἶδεν

2218 963 2524 1018 ἐνύπνιον.
2568 961 2736 1031 ’ῼετο
2752 958 2999 1013 ἑστάναι
3034 958 3132 1012 ἐπὶ
3160 956 3265 1011 τοῦ
3293 957 3584 1026 ποταμοῦ,
3625 958 3722 1010 καὶ
3753 956 3829 1009 τὰ

2220 1056 2364 1127 ἑξῆς.
2414 1055 2471 1108 '0
2523 1054 2617 1106 ἐπὶ
2662 1055 2774 1115 τοῖς
2809 1054 3055 1123 ρευστοῖς
3104 1049 3216 1121 (50)
3247 1050 3342 1103 xui.
3391 1050 3673 1114 ἀϐεϐαίοις
3724 1067 3830 1104 πε-

2220 1146 2424 1210 ποιθὼς
2449 1145 2587 1216 ᾤετο
2619 1144 2837 1197 ἑστάναι
2859 1144 2954 1196 ἐπὶ
2978 1142 3073 1196 τοῦ
3106 1142 3376 1212 ποταμοῦ,
3419 1143 3511 1211 ἀφ’
3543 1136 3606 1195 οὗ
3630 1141 3700 1196 τά
3730 1142 3827 1195 δο-

2220 1240 2420 1293 κοῦντα
2456 1236 2810 1307 εὐδαιμονικὰ
2840 1231 2975 1288 εἶναι
3022 1234 3325 1297 ἀναϐαίνει,
3360 1234 3450 1286 ὅτε
3487 1237 3536 1287 οἱ
3569 1234 3692 1304 βόες
3724 1233 3829 1287 αὑ-

2217 1331 2312 1385 τοῦ
2332 1333 2523 1401 παχεῖς
2550 1332 2706 1382 εἰσιν·
2735 1327 2870 1383 ἀλλὰ
2891 1328 3110 1391 πάντως
3132 1326 3476 1381 κατεσθίεται
3506 1325 3682 1379 ταῦτα
3716 1326 3826 1380 ὑπὸ

2216 1423 2327 1478 τῶν
2380 1423 2659 1494 χειρόνων.
2709 1420 2853 1493 Πρὸς
2907 1419 2964 1473 δὲ
3010 1418 3096 1481 τὸ,
3153 1418 3319 1483 ᾤετο,
3376 1422 3691 1490 πγκρινεῖς
3732 1417 3819 1483 τὸ,

2217 1515 2387 1593 ῷμην
2403 1512 2569 1584 ’ὑμᾶς
2598 1512 2917 1582 δεσμεύειν
2950 1510 3276 1581 δράγματα.
3316 1511 3441 1564 Ἐπὶ
3469 1510 3526 1563 δὲ
3562 1510 3820 1582 δευτέρου

2196 1606 2492 1669 Ἑνυπνίου,
2538 1605 2787 1673 Ὠσπερ,
2833 1604 3020 1675 φησὶν,
3057 1606 3090 1656 ὀ
3122 1602 3317 1670 ἣλιος,
3345 1602 3445 1657 καὶ
3482 1603 3521 1671 ἡ
3556 1601 3817 1669 σελήνη,

2218 1700 2317 1754 καὶ
2376 1702 2432 1753 οἱ
2460 1697 2713 1767 ἀστέρες
2743 1697 3166 1765 προσεκύνουν
3203 1713 3326 1765 μοι.
3360 1695 3530 1750 Πάλιν
3575 1713 3639 1749 τε
3686 1693 3754 1749 αὖ
3789 1697 3819 1749 ό

530 1802 613 1840 me
633 1788 735 1840 tria
756 1789 984 1844 canistra
1007 1793 1203 1860 [arium
1221 1794 1356 1861 ferre
1378 1810 1532 1862 super
1558 1802 1716 1862 caput
1739 1809 1911 1845 meum
1927 1792 1969 1857 ⁷,
1996 1800 2103 1847 etc.

2223 1792 2323 1862 μὲν
2361 1789 2751 1862 ἀρχιοινοχόος·
2822 1789 2918 1841 Ἐν
2976 1785 3058 1852 τῷ
3108 1787 3278 1850 ὕπνῳ
3314 1806 3454 1858 μου,
3514 1787 3706 1859 φησιν,
3740 1784 3820 1857 ἦν

532 1875 819 1945 ἄμπελος,
871 1880 965 1931 καὶ
1010 1879 1079 1932 τὰ
1140 1880 1285 1951 ἑξῆς·
1320 1882 1349 1933 ὁ
1377 1880 1434 1934 δὲ
1465 1882 1885 1953 ἀρχισιτοποιὸς·
1916 1886 2104 1956 ᾮμην
2142 1886 2275 1954 τρία
2306 1881 2460 1937 κανᾶ
2506 1879 2831 1951 χονδριτῶν
2861 1878 3053 1948 αἴρειν
3097 1879 3198 1932 ἐπὶ
3226 1878 3339 1950 τῆς
3378 1878 3655 1949 κεφαλῆς
3672 1897 3816 1949 μου,

532 1970 627 2021 καὶ
654 1968 721 2022 τὰ
751 1970 896 2041 ἑξῆς.

586 2062 858 2133 Ejusdem.
878 2064 1129 2120 Narratio
1144 2064 1437 2137 Scriptum
1452 2069 1642 2125 habet:
1670 2070 1898 2127 Putabat
1911 2091 1964 2128 se
1976 2084 2118 2129 stare

530 2172 688 2225 super
708 2159 950 2226 ﬂuvium,
971 2174 1074 2212 non
1095 2175 1258 2229 super
1288 2162 1453 2230 ripam
1475 2162 1583 2235 45
1602 2163 1871 2227 ﬂuminis;
1898 2166 2116 2222 Pharao

532 2261 715 2305 autem
738 2252 845 2306 ait:
867 2250 1130 2305 Putabam
1167 2270 1247 2307 me
1278 2266 1414 2309 stare
1447 2273 1601 2324 super
1626 2258 1793 2325 ripam
1816 2260 2051 2327 [luminis
2070 2261 2112 2327 ⁸,

532 2359 638 2398 non
664 2359 827 2414 super
854 2344 1101 2400 ﬂuvium.
1136 2345 1405 2401 Cmterum
1433 2348 1716 2403 srecularia
1748 2349 1973 2422 IEgypti
2024 2368 2116 2408 ne-

530 2437 696 2507 gotia,
732 2452 761 2490 a
816 2437 1135 2492 melioribus
1193 2439 1492 2507 incipiunt,
1528 2457 1758 2511 quorum
1806 2453 1966 2514 typus
2022 2456 2108 2501 est

530 2528 885 2594 abundantia,
922 2532 1015 2585 sed
1054 2531 1106 2583 in
1131 2547 1318 2584 amara
1348 2532 1597 2587 desinunt
1657 2549 1891 2603 quorum
1944 2538 2116 2591 abun-

527 2619 713 2676 dantia
753 2631 808 2677 et
855 2620 1028 2677 fames
1075 2622 1261 2695 ﬁgurae
1301 2632 1448 2677 sunt.
1500 2624 1693 2680 Simile
1742 2628 2023 2696 quidpiam
2060 2630 2111 2683 in

530 2711 755 2767 historia
779 2712 964 2767 divitis
1013 2714 1196 2768 videre
1230 2724 1336 2768 est.
1367 2714 1540 2769 Veluti
1569 2717 1715 2771 enim
1743 2727 1953 2787 septem
1986 2723 2112 2777 anni

526 2803 873 2860 abundantia:
923 2815 1082 2861 erant
1132 2809 1221 2872 ei,
1266 2811 1463 2880 quippe
1512 2813 1604 2882 qui
1657 2826 1940 2885 receperat
1973 2815 2112 2870 bona

526 2911 629 2949 sua
668 2897 720 2949 in
762 2897 875 2951 vita
901 2913 1023 2961 sua,
1064 2900 1191 2954 dum
1216 2902 1532 2959 indueretur
1567 2919 1802 2973 purpura
1836 2917 1890 2962 et
1927 2908 2110 2980 bysso,

524 2995 582 3041 et
622 2987 906 3042 lauaretur
937 2992 1182 3058 quotidie
1217 2992 1498 3061 splendide
1526 2996 1569 3048 ’.
1604 2996 1709 3050 Sed
1753 2999 1867 3052 haec
1904 2998 2109 3053 abeunt

524 3077 573 3131 ei
625 3077 679 3131 in
709 3081 1008 3149 contraria,
1055 3083 1341 3151 recipienti
1373 3084 1511 3139 mala
1542 3097 1663 3155 post
1697 3101 1950 3147 mortem.
2012 3089 2101 3145 Si-

527 3169 677 3223 milia
732 3172 917 3226 videre
972 3183 1056 3227 est
1121 3175 1171 3228 in
1240 3175 1307 3229 iis
1348 3179 1438 3246 qui
1483 3178 1644 3232 latam
1704 3191 1759 3234 et
1814 3183 2107 3249 spatiosam

521 3253 902 3330 ingrediuntur
948 3264 1089 3319 viam
1143 3281 1372 3335 quorum
1431 3269 1552 3323 ﬁnis
1606 3270 1837 3339 perditio
1892 3282 1975 3326 est
2030 3272 2107 3338 ¹⁰,

2295 2070 2406 2126 Τοῦ
2420 2069 2626 2125 αὑτοῦ.
2654 2069 2727 2122 Τὸ
2747 2070 2845 2141 μὲν
2864 2068 3260 2141 διηγηματικὸν
3279 2069 3379 2141 τῆς
3408 2070 3636 2141 Γραφῆς
3654 2068 3822 2142 πρόσκ

2219 2165 2368 2218 ωπόν
2401 2179 2582 2233 φησιν’
2625 2163 2795 2232 ’ῼετο
2825 2161 3075 2216 ἑστάναι
3118 2162 3218 2216 ἐπὶ
3265 2161 3374 2215 τοῦ
3403 2161 3701 2232 ποταμοῦ,
3752 2163 3818 2217 οὐ

2217 2253 2369 2325 παρὰ
2413 2253 2473 2307 τὸ
2521 2252 2696 2323 χεῖλος
2743 2251 2838 2305 τοῦ
2893 2251 3159 2322 ποταμοῦ·
3204 2254 3234 2306 ό
3274 2252 3331 2305 δὲ
3371 2252 3573 2325 Φαραώ
3618 2271 3810 2325 φησιν·

2220 2347 2413 2418 ᾯμην
2439 2345 2688 2400 ἑστάναι
2715 2345 2875 2413 παρὰ
2902 2346 2969 2399 τὸ
2997 2345 3199 2415 χεῖλος
3224 2345 3331 2399 τοῦ
3373 2347 3645 2416 ποταμοῦ
3663 2386 3680 2411 ,
3713 2349 3819 2402 οὐκ

2216 2440 2309 2492 ἐπὶ
2337 2438 2430 2491 τοῦ
2462 2436 2730 2509 ποταμοῦ.
2759 2436 2840 2490 Τά
2869 2437 3115 2508 μέντοιγε
3145 2437 3203 2489 ἐν
3236 2436 3497 2508 Αἰγύπτῳ
3511 2438 3817 2510 πράγματα

2214 2531 2283 2585 τὰ
2309 2533 2367 2585 ὲν
2395 2532 2506 2594 τοῖς
2539 2533 2844 2600 κοσμικοῖς,
2869 2530 2977 2584 ἀπὸ
2993 2531 3375 2601 χρηστοτέρων
3402 2531 3706 2602 ἀρχόμενα,
3735 2525 3817 2585 ὧν

2217 2622 2483 2694 σύμϐολον
2518 2624 2551 2694 ἡ
2596 2622 2840 2694 εὐθηνξα,
2888 2625 2966 2687 είς
3006 2625 3329 2695 πικρότερον
3379 2624 3702 2695 καταλήγει,
3735 2619 3817 2679 ὧν

2214 2716 2248 2785 ἡ
2282 2713 2504 2785 εὐθηνία
2536 2715 2630 2769 καὶ
2662 2717 2690 2769 ὁ
2721 2714 2878 2786 λιμὸς
2928 2714 3115 2778 τύπος.
3168 2714 3419 2768 Τοιοῦτον
3461 2715 3520 2768 δέ
3561 2718 3681 2770 ἐστι
3714 2715 3817 2769 καὶ

2214 2808 2305 2861 ἐπὶ
2336 2807 2430 2862 τοῦ
2474 2807 2618 2863 κατὰ
2659 2808 2751 2862 τὸν
2805 2808 3060 2863 πλούσιον
3092 2807 3250 2876 λόγου
3300 2807 3595 2880 θεωρῆσαι.
3629 2809 3815 2862 Οίονεὶ

2213 2900 2322 2972 γὰρ
2346 2900 2417 2953 τὰ
2443 2899 2584 2954 ἑπτὰ
2615 2898 2711 2971 ἔτη
2754 2900 2855 2971 τῆς
2896 2900 3153 2971 εὐθηνίας
3190 2895 3260 2971 ἦν
3285 2899 3455 2970 αὐτῷ,
3486 2899 3815 2971 ἀπολαμϐά-

2212 3012 2358 3051 νοντι
2390 2994 2461 3048 τὰ
2488 2992 2669 3064 ἀγαθὰ
2700 2992 2865 3047 αὐτοῦ
2913 2995 2972 3047 ἐν
2997 2994 3064 3063 τῇ
3101 2991 3213 3064 ζωῇ
3248 2991 3435 3056 αὐτοῦ,
3471 2992 3813 3065 ὲνδεδυμένῳ

2213 3087 2523 3161 πορφύραν,
2560 3089 2655 3141 καὶ
2696 3086 2913 3157 βύσσον,
2946 3086 3041 3140 καὶ
3073 3085 3481 3158 εὐφραινομένῳ
3509 3084 3635 3139 καθ’
3669 3085 3813 3156 ἠμέ-

2214 3198 2315 3252 ραν
2343 3179 2635 3251 λαμπρῶς·
2672 3180 2830 3250 λήγει
2880 3179 2939 3232 δὲ
2971 3177 3119 3249 αὐτῷ
3149 3179 3229 3241 εἰς
3258 3177 3326 3232 τὰ
3359 3178 3601 3240 ἐναντία,
3662 3179 3806 3231 ἀπο-

2211 3274 2540 3345 λαμϐάνοντι
2571 3272 2641 3325 τὰ
2684 3271 2832 3326 κακὰ
2887 3270 3025 3343 μετὰ
3051 3271 3150 3340 τὴν
3179 3268 3429 3323 ἐντεῦθεν
3458 3270 3806 3339 ἀπαλλαγήν.

523 3350 650 3405 dum
717 3350 782 3406 iis
850 3354 1043 3422 quibus
1116 3356 1327 3421 initium
1391 3369 1473 3414 est
1545 3366 1698 3415 arcta
1775 3372 1828 3416 et
1892 3372 2111 3433 angusta

2221 3365 2456 3420 Τοιαῦτα
2487 3365 2530 3419 δ’
2547 3364 2611 3418 ἂν
2644 3364 2776 3428 ἴδοις
2799 3365 2892 3418 καὶ
2917 3365 3009 3417 ἐπὶ
3033 3363 3144 3416 τῶν
3170 3362 3269 3434 τὴν
3296 3362 3556 3417 πλατεῖαν
3587 3364 3682 3416 καὶ
3712 3364 3809 3415 εὐ-

522 3443 633 3508 via,
667 3444 789 3499 ﬁnis
819 3457 902 3501 est
939 3448 1071 3504 vita.
1122 3449 1483 3516 Quamobrem
1539 3468 1619 3507 vae
1670 3458 1911 3521 saturis,
1972 3473 2110 3527 quo-

523 3534 669 3587 niam
732 3537 992 3601 esurient,
1050 3548 1105 3592 et
1178 3541 1514 3605 ridentibus.
1564 3547 1818 3613 quoniam
1875 3545 2103 3601 ﬂebunt.

521 3624 669 3679 Beati
702 3627 792 3697 qui
822 3627 1005 3699 lugent
1028 3638 1083 3685 et
1108 3629 1259 3699 ﬂent,
1298 3633 1557 3702 quoniam
1594 3636 1699 3707 ipsi
1741 3638 2107 3695 consolabun-

524 3719 698 3779 tur“.

592 3904 662 3958 Et
681 3922 794 3960 ecce
822 3914 1072 3977 tauquam
1108 3924 1134 3962 e
1164 3909 1328 3979 ﬂuvio
1377 3913 1728 3969 ascendebant
1779 3926 1974 3984 septem
2004 3919 2098 3973 bo-

517 4013 604 4052 ves
642 3996 709 4064 ¹¹,
740 4009 846 4053 etc.
874 3999 1173 4054 Pharaonis
1203 4002 1414 4057 somnia
1448 4003 1614 4059 boves
1641 4015 1796 4060 erant
1830 4017 1885 4061 et
1908 4009 2090 4079 spicae.

517 4089 622 4145 Per
644 4107 705 4144 ea
727 4093 872 4145 enim
895 4095 1092 4160 quibus
1121 4105 1263 4149 terra
1286 4096 1508 4160 colitur,
1527 4108 1580 4151 et
1600 4113 1696 4167 per
1730 4098 1940 4154 fructus
1958 4100 2094 4170 ejus,

2217 3457 2460 3531 ρύχωρον
2492 3457 2804 3518 ὁδευόντων,
2834 3449 2910 3509 ὧν
2958 3454 3019 3509 τὸ
3045 3455 3195 3518 τέλος
3226 3452 3487 3509 ἀπώλεια·
3508 3447 3589 3518 οἷς
3612 3454 3668 3507 δὲ
3696 3454 3806 3525 ἁρ-

2215 3551 2284 3621 χὴ
2316 3548 2378 3602 τὸ
2406 3549 2588 3602 στενὸν
2627 3548 2719 3602 καὶ
2748 3548 2807 3601 τὸ
2847 3547 3219 3619 τεθλιμμένον,
3245 3547 3306 3600 τὸ
3332 3547 3481 3611 τέλος
3519 3547 3655 3616 ζωή.
3708 3547 3803 3601 Διὸ

2215 3642 2339 3695 οὐαὶ
2364 3644 2477 3704 τοῖς
2516 3639 3016 3710 ὲμπεπλησμένοις,
3062 3640 3144 3694 ὅτι
3174 3642 3507 3696 πεινάσουσι·
3562 3640 3658 3694 καὶ
3685 3642 3801 3705 τοῖς

2213 3732 2466 3801 γελῶσιν,
2492 3734 2572 3786 ὅτι
2609 3731 2923 3786 κλαύσουσι.
2952 3734 3227 3806 Μακάριοι
3262 3736 3312 3787 οἱ
3342 3732 3661 3796 πενθοῦντες
3702 3737 3801 3787 καὶ

2195 3825 2492 3890 κλαίοντες,
2528 3826 2610 3878 ὄτι
2646 3826 2799 3878 αὐτοὶ
2832 3825 3365 3897 παρακληθήσονται.

2278 3917 2389 3970 Kal
2419 3916 2549 3971 ἰδοὺ
2567 3915 2770 3983 ὥσπερ
2791 3917 2859 3970 ἐκ
2875 3917 2981 3971 τοῦ
3012 3918 3277 3986 ποταμοῦ
3301 3918 3619 3973 ἀνέϐαινον
3644 3916 3801 3972 ἑπτὰ

2199 4010 2367 4076 βόες,
2409 4009 2505 4063 καὶ
2548 4009 2616 4062 τὰ
2643 4008 2789 4079 ὲξῆς.
2825 4007 2931 4061 Τοῦ
2963 4008 3161 4080 Φαραὼ
3179 4009 3288 4081 (51)
3319 4009 3386 4062 τὰ
3419 4009 3648 4063 ὲνύπνια
3669 4009 3794 4077 βόες

2203 4098 2344 4174 ἦσαν
2369 4101 2463 4155 καὶ
2500 4101 2747 4171 στάχυες.
2784 4103 2861 4153 Δι’
2887 4095 2962 4154 ὧν
2986 4102 3095 4174 γὰρ
3127 4106 3448 4174 γεωργεῖται
3478 4105 3511 4174 ἡ
3552 4103 3643 4172 γῆ,
3692 4103 3792 4155 καὶ

520 4187 823 4255 praenuntia
888 4186 1013 4240 data
1069 4195 1196 4241 sunt
1252 4190 1363 4258 regi
1426 4190 1579 4260 signa
1642 4192 1989 4248 abundantia:
2042 4203 2098 4248 et

2221 4194 2351 4265 ἱπερ
2383 4192 2561 4265 φέρει,
2609 4193 3031 4264 προσημαντικὰ
3055 4193 3310 4266 εὐθηνίας
3341 4211 3403 4247 τε
3429 4194 3523 4247 καὶ
3556 4193 3793 4266 ἀφορίας

517 4276 703 4329 famis.

2221 4285 2421 4354 ιγένετο
2451 4285 2527 4357 τῷ
2556 4285 2785 4357 βασιλεῖ.

589 4368 1003 4438 Expergefactus
1045 4381 1218 4424 autem
1272 4369 1508 4442 Pharao,
1540 4390 1753 4429 rursum
1782 4376 2090 4442 somniavit,

2284 4378 2522 4448 Ἠγέρθη
2576 4377 2645 4431 δὲ
2677 4378 2905 4447 Φαραὼ,
2940 4377 3036 4431 καὶ
3061 4377 3434 4446 ἐνυπνιάσθη
3473 4377 3540 4431 τὸ
3582 4377 3792 4432 δεύτε-

511 4473 558 4515 et
585 4479 699 4516 ecce
727 4476 917 4532 septem
941 4466 1097 4529 spica’
1119 4468 1463 4520 ascendebant
1487 4471 1543 4522 in
1573 4470 1744 4523 culmo
1781 4486 1883 4523 uno
1909 4470 2087 4526 electa!

2221 4490 2320 4526 »ον’
2357 4473 2454 4526 καὶ
2491 4471 2619 4526 ἰδοὺ
2651 4471 2803 4525 ἑπτὰ
2832 4471 3098 4540 στάχυες
3121 4470 3230 4526 άνέ
3244 4476 3440 4525 τάινον
3469 4471 3539 4524 ὲν
3569 4471 3792 4540 πυθμέ-

513 4564 561 4605 et
583 4553 811 4621 pulchra:
843 4555 905 4606 ¹³.
945 4552 1147 4623 Jor-epb
1206 4572 1312 4610 non
1375 4558 1575 4626 Spieas.
1630 4561 1724 4614 sed
1785 4561 2089 4630 manipulos

2221 4563 2363 4615 ἰἑνὶ
2395 4561 2665 4616 ἐκλεκτοὶ
2708 4562 2807 4615 καὶ
2838 4564 3032 4619 καλοί.
3080 4564 3138 4615 Ὁ
3187 4563 3285 4633 μὲν
3325 4564 3522 4635 Ἰωσὴφ
3560 4562 3669 4633 (5‘2)
3718 4564 3787 4616 οὐ

514 4645 684 4708 vidit;
719 4644 1010 4715 [Egyptius
1064 4661 1196 4701 vero
1260 4664 1363 4702 non
1404 4649 1726 4718 manipulos,
1772 4652 2085 4722 sedSpicas.

2221 4655 2457 4725 rro'txuag,
2516 4653 2650 4707 ἀλλὰ
2686 4654 2976 4729 δράγματα
3014 4651 3171 4708 εἶδεν·
3206 4658 3235 4708 ὁ
3277 4655 3334 4708 δὲ
3383 4655 3675 4724 Αἰγύπτιος
3717 4656 3786 4711 οὐ

514 4736 578 4791 Ει
609 4754 796 4791 rursus
852 4740 1110 4805 pincerna
1174 4748 1287 4795 tres
1341 4745 1671 4812 propagines
1717 4744 1861 4799 videt
1890 4746 2088 4814 quibus

2221 4748 2503 4817 ῑράγματα,
2541 4745 2679 4799 ἀλλὰ
2708 4747 2964 4817 στάχυας.
3007 4748 3114 4801 Καὶ
3146 4747 3305 4801 πάλιν
3337 4750 3365 4801 ὁ
3393 4748 3489 4818 μὲν
3515 4750 3788 4820 ἀρχιοινο-

517 4837 626 4880 tres
676 4827 789 4882 dies
839 4828 1246 4898 signiﬁcantur;
1284 4846 1379 4885 rex
1427 4842 1610 4886 autem
1646 4833 1699 4887 in
1749 4850 1857 4888 uno
1905 4834 2084 4889 culmo

2221 4839 2320 4910 ;όος
2351 4840 2476 4904 τοὺς
2500 4843 2648 4912 τρεῖς
2669 4839 2949 4911 πυθμένας
2985 4841 3168 4911 βλέπει
3198 4843 3278 4905 είς
3305 4844 3450 4912 τρεῖς
3486 4844 3718 4913 ἡμέρας
3752 4845 3785 4899 ὁ

514 4931 721 4990 septem
766 4923 962 4992 Spicas,
1002 4924 1199 4993 quibus
1252 4934 1460 4993 septem
1500 4925 1627 4980 anni
1671 4926 1901 4981 connexi
1933 4938 2081 4992 sunt,

2222 4929 2245 4981 ὲ
2271 4928 2518 4997 βασιλεὺς
2543 4932 2668 4994 τοὺς
2706 4932 2762 4983 ἐν
2806 4932 3037 5002 πυθμένι
3068 4934 3147 4985 ἐνὶ
3181 4931 3320 4985 ἑπτὰ
3345 4935 3582 5003 στάχυας
3607 4936 3688 4997 είς
3717 4933 3785 4990 τὸ

515 5013 701 5082 sicque
727 5016 885 5069 unius
910 5019 1143 5072 nominis
1165 5015 1438 5087 πυθμένος
1467 5018 1678 5072 diversa
1702 5028 1786 5073 est
1820 5019 2085 5087 interpre.

2221 5021 2531 5091 υνημμένον
2557 5021 2665 5075 τῶν
2710 5024 2850 5077 ἑπτὰ
2889 5025 3169 5078 ἐνιαυτῶν·
3197 5027 3291 5078 καὶ¹
3318 5026 3522 5094 γίνεται
3548 5025 3641 5079 τοῦ
3659 5026 3781 5091 ἑνὸς

517 5105 670 5157 tatio.
709 5105 765 5159 Si
799 5108 1012 5176 quando
1035 5124 1165 5179 ergo
1200 5110 1470 5181 quispiam
1502 5111 1661 5164 aliter
1698 5110 2084 5179 interpretetur

2221 5111 2449 5181 νόματος
2471 5111 2565 5167 τοῦ
2596 5114 2868 5185 πυθμένος
2891 5115 3146 5188 διάφορος
3187 5118 3218 5187 ἡ
3257 5116 3540 5189 ἑρμηνεία.
3574 5117 3779 5170 Bima

515 5194 874 5268 Scripturam,
926 5216 995 5255 ne
1046 5213 1205 5272 putes
1254 5206 1405 5260 illum
1440 5205 1546 5257 vim
1593 5204 1641 5257 ei
1678 5201 1897 5257 aﬂ'erre.
1945 5201 2083 5257 Illud

2221 5201 2279 5259 ὗν
2326 5205 2500 5271 ἄλλως
2552 5226 2635 5272 τις
2668 5210 2933 5279 διηγεῖται
2990 5212 3089 5280 τὴν
3139 5211 3383 5282 Γραφὴν,
3433 5211 3507 5280 μὴ
3546 5210 3779 5263 δοκείτω

513 5288 678 5342 etiam
713 5291 1109 5346 observandum
1146 5294 1475 5363 pmnuntias
1496 5293 1846 5350 abundantiae
1875 5305 2081 5363 septem

2228 5294 2473 5360 ιάζεσθαι
2513 5300 2702 5371 αὐτήν.
2741 5301 2850 5353 Καὶ
2882 5299 2959 5352 ἔτι
2984 5301 3270 5370 τηρητέον,
3291 5301 3373 5352 ὅτι
3406 5300 3497 5353 ἐπὶ
3527 5300 3627 5370 μὲν
3672 5301 3778 5373 τῆς

584 5430 768 5509 ‘__Gen.
791 5446 905 5493 xu,
1055 5432 1250 5509 “ﬁeri.
1279 5449 1493 5509 xxxv",
1528 5435 1619 5509 7A.“
1656 5433 1858 5509 '_ibid_.,
1895 5433 1949 5488 9.
1978 5504 2005 5509 __
2028 5433 2211 5509 “Gen.
2257 5452 2348 5500 η,
2396 5440 2449 5491 9.
2495 5439 2544 5509 _"
2575 5438 2729 5500 ibid.,
2783 5440 2871 5495 16.
2947 5441 3126 5498 “Gen.
3155 5457 3265 5509 xu,
3302 5444 3387 5498 17.
3464 5443 3486 5474 ’
3515 5442 3650 5499 Luc.
3679 5458 3768 5497 xv.

516 5500 559 5533 “
589 5501 777 5554 Matth.
808 5516 905 5567 vn,
930 5503 1016 5571 16,
1046 5505 1136 5562 11.
1214 5507 1256 5537 “
1288 5505 1419 5559 Luc.
1446 5521 1519 5570 vt,
1552 5504 1643 5571 25;
1672 5504 1861 5559 Matth.
1894 5521 1948 5569 ν,
1975 5504 2032 5560 5.
2113 5506 2306 5563 "Gen.
2350 5524 2459 5570 xu,
2484 5507 2540 5562 2.
2616 5510 2659 5540 ⁸³
2686 5510 2841 5576 ibid.,
2877 5513 2932 5566 5.

536 5686 545 5698 .
586 5615 695 5685 ('50)
732 5617 786 5669 Ὁ
814 5617 911 5670 ἐπὶ
935 5619 1058 5685 τοῖς
1080 5620 1381 5689 ρευστοῖς,
1404 5631 1508 5677 etc.
1547 5621 1592 5677 E
1624 5621 1842 5677 schedis
1862 5620 2087 5678 Combe-

2256 5625 2377 5699 (⁵2)
2421 5625 2473 5699 Ὁ
2492 5626 2608 5694 μὲν
2642 5626 2900 5699 fluviis).
2952 5641 3063 5687 etc.
3118 5632 3212 5688 Hic
3260 5632 3413 5688 locus
3464 5635 3517 5687 in
3573 5635 3765 5687 iisdem

517 5689 694 5775 lisii’.“
728 5761 767 5775 Μ
808 5757 832 5767 ~
876 5761 907 5775 Α.
1053 5758 1065 5775 ν
1171 5768 1179 5775 ⁸
1277 5759 1313 5775 ﬂ
1416 5763 1426 5775 ι
1506 5763 1533 5775 μ
1603 5765 1635 5775 Π
1736 5764 1743 5775 ι
1812 5763 1830 5773 ἡ.
1871 5763 1900 5773 η
2190 5689 2403 5775 ξςὶιΙΡιΙῖὸ
2432 5689 2651 5775 origani
2683 5689 2973 5770 tribuitur,
3006 5719 3105 5756 una
3142 5715 3319 5756 tamen
3350 5719 3543 5758 catena
3596 5706 3762 5775 Regia

588 5756 696 5827 (31)
728 5757 835 5811 Τοῦ
870 5758 1096 5829 Φαραώ,
1134 5768 1238 5818 etc.
1272 5759 1316 5815 Ε
1353 5763 1566 5819 schedis
1600 5763 1929 5820 Cotnbctisii.

2222 5764 2423 5819 lcbrteo
2456 5756 2699 5823 ascribit.

3992 3336 3996 3421 ἱ

3993 3468 3995 3523 4
