4000 6146
322 196 423 252 137

1763 210 1830 265 lN
1866 211 2188 271 GENESIM.

3449 232 3549 287 158

383 314 518 379 Ναί,
546 315 625 369 ἐν
650 315 965 387 ἁμαρτίαις
998 318 1109 389 γάρ
1146 320 1331 390 ἐσμεν
1355 326 1486 391 περὶ
1512 323 1618 378 τοῦ
1642 324 1867 396 ἁδελφο

1972 368 1983 390 ι
2082 330 2271 385 Merito
2317 349 2334 386 :
2367 335 2421 387 in
2452 317 2685 404 peccatis
2729 338 2864 392 enim
2895 355 3074 395 sumus
3101 353 3315 410 propter
3352 344 3572 413 fratrem

316 404 505 474 ἡμῶν,
549 407 645 460 ὅτι
696 408 1088 480 ὑπερείδομεν
1126 411 1243 479 τὴν
1292 414 1503 482 θλίψιν
1546 414 1656 483 τῆς
1701 416 1908 485 ψυχῆς

313 498 530 561 αὑτοῦλ
546 498 652 552 ὅτε
675 498 1007 553 κατεδέετο.
1038 500 1195 554 Κατὰ
1222 501 1282 554 τὸ
1301 502 1649 574 σιωπώμενον
1678 505 1786 577 (44)
1810 523 1909 560 κα-

312 591 540 644 ττδέετο·
572 593 636 645 οὐ
669 591 779 664 γὰρ
807 593 1219 664 ἀναγέγραπται
1249 594 1367 659 πῶς
1389 596 1688 650 κατεδέετο.

390 685 766 752 Ἀποκριθεὶς
806 685 1063 755 Ῥουὸὶμ,
1104 682 1273 739 εἶπεν
1319 687 1523 754 αὐτοῖς
1546 705 1562 720 ο
1599 691 1722 743 Οὐκ
1765 689 1905 744 ἐλά-

310 780 473 844 λησα
496 776 664 845 ὑμῖν,
692 777 908 847 λέγων,
943 776 1041 845 Μὴ
1083 778 1409 847 ἀδικήσητε
1451 781 1517 833 τὸ
1556 781 1865 850 παιδάριον
1883 801 1904 848 ;

309 867 403 920 καὶ
427 868 541 920 οὐκ
570 866 974 935 εἰσηκούσατέ
993 886 1129 938 μου.
1157 870 1267 923 Καὶ
1292 870 1419 923 ἰδοὺ
1446 870 1510 924 τὸ
1537 868 1680 941 αἷμα
1715 875 1902 930 αὐτοῦ

304 958 658 1026 ἐκζητεῖται.
732 959 824 1013 Ἐν
850 962 962 1024 τοῖς
994 961 1249 1031 ἀνωτέρω
1281 960 1389 1032 (45)
1419 961 1686 1028 λέλεκται,
1712 965 1793 1017 ὅτι
1826 965 1899 1038 μὴ

305 1052 572 1123 παρόντος
602 1050 698 1105 τοῦ
742 1050 967 1122 Ῥουϐὶμ
993 1052 1265 1124 πέπραται
1310 1056 1425 1116 τοῖς
1475 1054 1841 1126 Ἰσμαηλίταις
1870 1057 1900 1108 ὀ

317 1143 533 1211 Ἰωσὴφ,
578 1145 675 1197 καὶ
723 1144 863 1214 μετὰ
896 1143 958 1197 τὸ
990 1144 1261 1215 πραθῆναι
1305 1145 1466 1200 αὐτὸν
1516 1148 1844 1219 ἀνέστρεψεν
1869 1152 1899 1203 ὁ

315 1233 541 1303 Ῥουόὶμ
564 1235 659 1287 ἐπὶ
693 1235 785 1288 τὸν
817 1234 1037 1298 λάκκον,
1077 1234 1170 1287 καὶ
1199 1235 1296 1304 οὐχ
1329 1236 1431 1306 ὁρᾷ
1480 1235 1570 1288 τὸν
1615 1238 1811 1309 Ἰωσὴφ
1839 1241 1897 1293 ὲν

300 1323 379 1395 τῷ
403 1323 617 1397 λάκκῳ,
645 1327 740 1381 καὶ
780 1323 1026 1397 διέρρηξε
1057 1324 1125 1377 τὰ
1161 1326 1351 1396 ἱμάτια
1397 1328 1564 1381 αὑτοῦ
1590 1345 1604 1359 ·
1638 1332 1732 1383 καὶ
1766 1332 1895 1384 ἐπέ-

300 1416 535 1486 στρεψεν
587 1417 725 1488 πρὸς
773 1418 898 1480 τοὺς
943 1416 1203 1487 ἀδελφοὺς
1253 1416 1441 1482 αὑτοῦ,
1493 1418 1586 1473 καὶ
1622 1416 1781 1472 εἶπε·
1823 1421 1894 1475 Τὸ

297 1506 623 1575 παιδάριον
675 1509 787 1561 οὐκ
837 1510 1046 1563 ἐστιν·
1123 1508 1238 1580 ἐγὼ
1284 1507 1352 1561 δὲ
1406 1509 1525 1563 ποῦ
1591 1512 1894 1579 πορεύσο-

288 1618 403 1670 μαι
454 1602 581 1664 ἑτι;
635 1600 748 1654 Καὶ
798 1601 859 1655 οὐ
907 1601 1153 1671 φαίνεται
1199 1600 1532 1674 μεμαθηκὼς
1578 1602 1729 1673 παρὰ
1782 1604 1891 1659 τῶν

2011 438 2264 486 nostrum,
2313 429 2561 495 quoniam
2615 433 3017 495 contempsimus
3058 438 3351 504 angustiam
3380 441 3571 495 anima:

2006 515 2141 582 ejus,
2190 532 2307 569 cum
2344 518 2715 587 deprecaretur
2738 524 2805 576 ²⁹.
2869 523 3089 581 Silendo
3137 529 3564 601 deprecabatur;

2008 621 2182 676 neque
2215 610 2358 663 enim
2393 614 2650 680 scriptum
2678 624 2763 670 est
2791 622 3065 686 quomodo
3092 622 3493 690 deprecaretur.

2076 699 2407 768 Respondeas
2440 714 2613 758 autem
2643 706 2823 762 Ruben
2862 712 2997 764 dixit
3025 714 3098 766 eis
3126 730 3145 767 :
3175 714 3431 786 Nunquid
3463 735 3564 773 non

2004 789 2118 843 dixi
2149 791 2289 845 vobis
2314 808 2333 846 :
2374 793 2555 849 Nolite
2585 797 2763 868 inique
2808 817 2962 870 agere
3004 805 3057 856 in
3090 822 3309 871 puerum
3332 809 3357 861 .7
3384 817 3433 862 et
3461 827 3565 865 non

2002 883 2227 937 audistis
2275 901 2374 940 me.
2423 885 2502 940 En
2536 892 2749 959 sanguis
2798 893 2913 962 ejus
2961 898 3253 964 exquiritur
3272 900 3337 952 ³ο.
3391 902 3563 970 Supra

2002 972 2204 1027 dictum
2257 985 2342 1029 est
2373 974 2658 1032 lsmaelitis
2693 984 3058 1037 venundatum
3103 1001 3227 1042 esse
3269 989 3560 1059 Josephum

2000 1063 2225 1121 absente
2272 1066 2481 1133 Ruben,
2530 1070 2622 1139 qui
2657 1085 2721 1125 eo
2768 1074 2991 1130 vendito
3043 1079 3107 1130 ad
3142 1077 3343 1134 fossam
3381 1085 3559 1147 rediit,

1999 1158 2112 1223 ubi,
2142 1174 2265 1214 cum
2294 1159 2513 1215 fratrem
2548 1178 2654 1217 non
2689 1164 3007 1233 invenisset,
3056 1171 3215 1224 scidit
3241 1174 3560 1231 vestimenta

1996 1261 2091 1301 sua
2123 1256 2178 1302 et
2217 1249 2283 1302 ad
2311 1248 2424 1320 5.8
2459 1249 2661 1307 fratres
2695 1267 2821 1308 suos
2848 1271 3140 1313 conversus
3178 1261 3313 1315 dixit
3358 1280 3371 1315 :
3416 1261 3560 1317 Puer

1997 1352 2100 1390 non
2129 1352 2415 1408 comparet,
2454 1351 2505 1395 et
2530 1358 2620 1412 ego
2648 1360 2751 1414 quo
2783 1345 2911 1400 ibo?
2948 1347 3056 1402 Nec
3084 1351 3294 1405 videtur
3319 1367 3348 1406 a
3379 1353 3559 1407 fratri-

1995 1427 2096 1481 bus
2133 1429 2387 1485 didicisse
2439 1434 2671 1489 veniisse
2701 1433 3016 1506 Josephum.
3059 1439 3223 1497 Forte
3246 1457 3376 1514 ergo
3406 1456 3557 1502 ratus

1993 1516 2165 1586 ipsum
2208 1523 2444 1576 occisum
2488 1521 2679 1591 fuisse,
2724 1542 2871 1582 nunc
2905 1529 2984 1584 ait
3021 1547 3035 1584 :
3076 1530 3161 1585 En
3191 1536 3406 1603 sanguis
3434 1536 3551 1606 ejus

1990 1609 2304 1678 exquiritur.

295 1697 542 1766 ἀδελφῶν
571 1698 823 1769 περὶτοῦ
861 1698 1077 1771 Ἰωσὴφ,
1109 1699 1191 1753 ὅτι
1217 1699 1450 1771 ἐπράθη.
1480 1700 1702 1769 Μήποτε
1732 1696 1846 1766 οὖν,
1876 1706 2118 1778 οἰόμενος
2169 1711 2472 1784 ἀνῃρῆσθαι
2523 1715 2705 1779 αὐτὸν,
2746 1715 2842 1770 νῦν
2893 1735 3025 1791 φησι
3071 1722 3166 1787 τὸ,
3213 1723 3357 1779 Ἰδοὺ
3407 1721 3551 1796 αζιια

294 1787 483 1842 αὐτοῦ
518 1785 866 1854 ἐκζητεῖται.

367 1875 516 1932 Εἶχε
544 1878 616 1933 δὲ
660 1880 881 1948 Ἰούδας
909 1882 1059 1950 πρὸς
1098 1881 1337 1950 Ἰσραὴλ
1376 1883 1487 1938 τὸν
1524 1883 1747 1952 πατέρα
1772 1886 1868 1937 αὑ-

2053 1879 2202 1935 Dixit
2236 1882 2409 1937 ludas
2451 1886 2521 1939 ad
2563 1886 2736 1941 Israel
2761 1901 2963 1959 patrem
2991 1909 3142 1949 suum
3174 1914 3194 1952 :
3228 1899 3378 1956 Mitte
3415 1921 3547 1969 pue-

290 1972 401 2026 τοῦ
421 1987 435 2000 ’
455 1973 850 2029 Ἀπόστειλον
868 1975 935 2029 τὸ
964 1973 1274 2042 παιδάριον
1284 1977 1406 2044 μετ’
1425 1974 1589 2046 ἐμοῦ,
1617 1975 1713 2029 καὶ
1738 1975 1880 2029 ἁνα-

290 2064 551 2132 στάντες
609 2069 1030 2137 πορευσόμεθα
1085 2067 1186 2121 ἵνα
1239 2067 1441 2138 ζῶμεν.
1497 2069 1721 2140 Μήποτε
1767 2053 1876 2138 (46)

288 2158 648 2232 προφητεύει,
670 2161 752 2213 ὅτι
788 2159 990 2232 ἤμελλε
1024 2158 1162 2231 μετὰ
1200 2159 1300 2231 τῆς
1341 2158 1510 2213 Ἰούδα
1539 2158 1712 2230 φυλῆς
1735 2155 1875 2212 εἶναι

287 2250 572 2321 Βενιαμίν.

369 2342 519 2414 Ἐγὼ
546 2342 616 2396 δὲ
640 2341 959 2412 ἐκδέχομαι
985 2343 1198 2397 αὐτόν’
1226 2342 1295 2396 ἐκ
1325 2344 1524 2413 χειρός
1543 2359 1663 2410 μου
1702 2340 1871 2410 ζήτη-

281 2449 407 2488 σον
431 2435 640 2499 αὐτὸν,
671 2435 779 2488 ἐὰν
800 2433 886 2505 μὴ
912 2433 1107 2504 ἀγάγω
1133 2432 1320 2488 αὑτὸν
1347 2431 1496 2500 πρὸς
1522 2432 1597 2487 σὲ
1614 2473 1631 2500 ,
1663 2434 1757 2487 καὶ
1802 2433 1870 2487 τὰ

283 2524 442 2597 ἑξῆς.
483 2526 670 2599 Μηδὲν
700 2525 810 2599 (47)
847 2525 954 2581 τῶν
983 2525 1220 2581 δυνατῶν
1244 2522 1491 2595 γενέσθαι
1505 2523 1580 2589 ὡς
1599 2522 1871 2597 ἀνθρώπῳ

278 2618 365 2690 τῷ
392 2619 654 2690 Βενιαμὶν
672 2618 1020 2690 λογισάμενος
1071 2616 1298 2682 Ἰούδας,
1352 2615 1737 2688 προφητικῶς,
1786 2612 1867 2671 οἴ-

283 2725 407 2778 μαι,
437 2707 517 2779 τῷ
547 2711 713 2780 πατρὶ
741 2707 1149 2776 ἐπαγγέλλεται.

352 2799 577 2854 Λάϐετε
605 2799 723 2854 ἀπὸ
767 2798 888 2853 τῶν
936 2798 1180 2868 καρπῶν
1219 2795 1332 2866 τῆς
1373 2796 1487 2868 γῆς
1511 2795 1580 2850 ἐν
1609 2796 1733 2864 τοῖς
1759 2796 1865 2869 ἀτι-

277 2894 466 2964 τείοις
489 2892 677 2962 ὑμῶν,
704 2892 804 2946 καὶ
833 2890 1112 2961 κατάγετε
1138 2890 1220 2957 τῷ
1248 2890 1535 2959 ἀνθρώπῳ
1561 2887 1719 2957 δῶρα
1756 2887 1867 2959 τῆς

270 2986 551 3056 ῥητίνης,
572 2983 786 3039 καὶτοῦ
800 2984 1061 3054 μέλιτος,
1089 2979 1348 3052 θυμίαμά
1367 2999 1429 3035 τε
1449 2982 1545 3035 καὶ
1572 2980 1862 3049 στακτὴν,

277 3080 379 3133 καὶ
401 3077 759 3147 τερέϐινθον,
788 3076 885 3131 καί
918 3075 1127 3145 κάρυα.
1172 3072 1303 3128 Ἀπὸ
1341 3073 1449 3127 τῶν
1477 3073 1709 3144 καρπῶν
1739 3069 1861 3143 (48)

273 3167 382 3238 τῆς
415 3168 521 3237 γῆς
548 3166 766 3237 φέρεται
795 3164 874 3236 τῷ
919 3164 1114 3236 Ἰωσὴφ
1143 3162 1308 3234 δῶρα,
1332 3161 1368 3215 ἃ
1395 3162 1495 3215 οὐκ
1535 3161 1647 3232 ἔχει
1693 3161 1861 3231 Αἴγυ-

1984 1986 2099 2025 rum
2133 1989 2356 2042 mecum,
2397 1984 2446 2030 et
2480 1991 2746 2049 surgentes
2794 1985 3184 2053 proﬁciscemur
3221 2003 3275 2044 ut
3304 2008 3406 2050 non
3434 2014 3547 2051 mo-

1982 2065 2187 2118 riamur
2207 2064 2272 2119 ³⁸.
2308 2067 2467 2122 Forte
2494 2073 2856 2141 prophetizat,
2879 2077 3004 2146 quia
3035 2078 3249 2137 futurus
3270 2095 3385 2139 erat
3406 2088 3547 2144 Βοη-

1973 2154 2143 2223 jamin
2183 2172 2305 2212 cum
2338 2159 2483 2214 tribu
2513 2159 2669 2217 Juda.

2048 2338 2160 2411 Ego
2194 2352 2368 2396 autem
2416 2346 2640 2414 suscipio
2667 2347 2842 2413 illum,
2888 2352 2951 2405 de
2989 2369 3149 2409 manu
3188 2371 3303 2411 mea
3338 2362 3543 2428 require

1975 2447 2119 2497 eum,
2154 2433 2201 2486 si
2230 2448 2335 2487 non
2359 2435 2613 2490 reduxero
2641 2440 2712 2491 ad
2734 2451 2782 2493 te
2802 2440 2867 2505 ",
2891 2451 2999 2498 etc.
3038 2445 3185 2500 Nihil
3213 2462 3398 2504 eorum
3422 2468 3541 2522 quae

1975 2523 2294 2594 Benjamino
2335 2534 2395 2580 ut
2437 2527 2638 2582 homini
2686 2531 2934 2588 accidere
2963 2546 3233 2605 poterant.
3283 2546 3538 2601 conside-

1978 2631 2103 2671 rans
2154 2615 2344 2682 Judas,
2391 2618 2729 2688 prophetice,
2778 2624 2994 2694 opinor,
3051 2628 3168 2686 haec
3216 2635 3355 2705 patri
3413 2651 3540 2707 pro—

1974 2705 2160 2761 mittit.

2042 2797 2246 2853 Sumite
2274 2800 2337 2854 de
2365 2799 2620 2869 fructibus
2651 2813 2807 2859 terra?
2833 2807 2888 2861 in
2909 2810 3047 2865 vasis
3069 2813 3317 2876 τετυ-ἔδει
3340 2817 3536 2887 deferte

1970 2888 2083 2943 viro
2109 2906 2325 2945 munera
2365 2893 2552 2947 resinae
2587 2905 2636 2948 et
2684 2897 2872 2962 mellis,
2907 2900 3174 2957 incensum
3225 2921 3448 2976 quoque,
3485 2920 3535 2965 et

1970 2986 2187 3042 stacten,
2217 2989 2265 3034 et
2287 2982 2655 3053 terebinthum,
2681 2995 2728 3038 et
2757 3002 2912 3042 nuces
2936 2989 3002 3043 ³⁸.
3039 2991 3115 3045 Ex
3148 2992 3414 3051 fructibus
3442 2997 3535 3054 Jo-

1969 3070 2139 3138 sepho
2168 3069 2304 3124 dona
2336 3070 2598 3137 feruntur,
2630 3088 2753 3144 quae
2782 3091 2889 3133 non
2931 3078 3093 3137 habet
3119 3082 3404 3156 .‘Egyptus,
3439 3104 3531 3143 re-

1968 3160 2106 3227 sina,
2137 3161 2268 3228 mel,
2318 3161 2620 3231 incensum,
2669 3174 2864 3234 stacte,
2916 3171 3279 3239 terebinthus,
3331 3193 3527 3245 nuces;

276 3274 447 3321 πιος·
480 3258 594 3312 ἔστι
615 3257 671 3310 δὲ
700 3256 916 3330 ῥητίνη,
946 3255 1085 3327 μέλι,
1120 3255 1401 3326 θυμίαμα,
1445 3256 1681 3326 στακτὴ,
1714 3255 1866 3327 τερέ-

1972 3264 2128 3319 supra
2159 3265 2377 3321 quoque
2428 3254 2618 3308 cameli
2657 3258 2838 3311 onusti
2889 3260 3143 3315 dicuntur
3170 3242 3528 3333 aromatibus,

275 3352 493 3416 εινθος,
538 3351 716 3421 κάρυα
738 3367 753 3381 ο
808 3350 903 3402 καὶ
951 3347 1204 3420 ἀνωτέρω
1254 3347 1351 3412 δὲ,
1392 3347 1487 3401 καὶ
1523 3349 1579 3400 αἱ
1624 3347 1860 3419 κάμηλοι

278 3445 476 3516 ἔγεμον
501 3442 880 3515 θυμιαμάτων,
922 3440 1161 3511 ῥητίνης,
1194 3438 1450 3509 στακτῆς,
1484 3437 1600 3492 ἀλλ’
1619 3438 1739 3509 οὐχὶ
1766 3440 1861 3494 καὶ

282 3539 515 3610 μέλιτος,
545 3538 637 3591 καὶ
664 3533 993 3607 τερεὸίνθου,
1021 3531 1113 3585 καὶ
1139 3528 1377 3601 καρύων.

352 3628 465 3685 Τοῦ
492 3628 695 3683 αὑτοῦ.
756 3625 896 3696 Τρία
944 3624 1056 3695 εἴδη
1115 3621 1251 3693 μετὰ
1314 3620 1509 3693 Ἰωσὴφ
1561 3619 1858 3689 κατάγουσι

277 3722 592 3793 Μαδιηναῖοι
617 3720 697 3783 εἰς
719 3717 1011 3786 Αἴγυπτον,
1039 3708 1121 3777 οἷς
1147 3714 1280 3768 ἄλλα
1308 3713 1434 3785 τρία
1467 3713 1787 3784 προσθέντες
1806 3710 1856 3764 οἱ

275 3814 381 3868 υἱοὶ
447 3810 641 3866 Ἰακὼϐ
702 3808 929 3882 φέρουσι
981 3805 1059 3877 τῷ
1140 3808 1356 3877 Ἰωσήφ.
1423 3804 1569 3876 Πλὴν
1637 3803 1855 3875 σπέρμα

285 3905 543 3979 Ἀϐραὰμ
564 3905 658 3959 καὶ
685 3906 754 3957 τὰ
780 3902 1020 3973 πρότερα
1051 3900 1297 3971 φέρουσι,
1350 3897 1445 3952 καὶ
1490 3896 1561 3951 τὰ
1605 3895 1853 3967 δεύτερα.

271 4001 381 4053 Καὶ
410 3999 515 4052 ἔδει
554 3997 625 4051 τὰ
675 3995 772 4068 μὲν
829 3992 1187 4063 ὑποδεέστερα
1240 3990 1346 4043 ἀπὸ
1390 3988 1496 4043 τῶν
1554 3988 1721 4042 νόθων
1754 3987 1850 4041 τοῦ

282 4091 533 4165 ’Δϐραὰμ
560 4088 817 4163 φέρεσθαι
859 4086 1080 4152 παίδων,
1127 4083 1195 4138 τὰ
1235 4083 1292 4137 δὲ
1333 4082 1570 4144 πλείονα,
1604 4079 1714 4134 ἀπὸ
1740 4077 1850 4132 τῶν

267 4186 527 4257 γνησίων,
556 4183 634 4247 ὡς
658 4182 758 4252 τῆς
787 4179 1060 4248 Αἰγύπτου
1093 4176 1279 4249 χρείαν
1308 4173 1510 4228 τούτων
1548 4171 1795 4244 ἐχούσης.

329 4272 559 4329 Εἶπαν·
587 4273 687 4327 Διὰ
717 4271 784 4325 τὸ
813 4271 929 4339 ἀρτ
947 4272 1095 4338 εριον
1123 4268 1189 4321 τὸ
1217 4264 1605 4346 ἀπορντραφὲν
1624 4265 1695 4319 ἐν
1722 4267 1846 4335 τοῖς

262 4366 587 4436 μαρσίποις
638 4363 753 4431 τὴν
776 4360 974 4431 ἀρχὴν
997 4360 1166 4430 ἡμεῖς
1195 4358 1564 4428 εὶσαγόμεθα’
1595 4357 1703 4411 τοῦ
1736 4372 1845 4411 συ-

268 4456 642 4528 κοφαντῆσαι
669 4452 848 4524 ἡμᾶς,
877 4453 973 4506 καὶ
993 4451 1297 4507 ἐπιθέσθαι
1318 4450 1480 4518 ἡμῖν,
1503 4450 1608 4504 τοῦ
1633 4451 1843 4505 λαϐεῖν

1964 3343 2141 3398 resina
2175 3353 2231 3399 et
2262 3354 2464 3413 stacte;
2514 3347 2610 3402 sed
2639 3362 2746 3403 non
2779 3350 2957 3417 melle,
3007 3355 3312 3412 terebintho
3347 3367 3398 3412 et
3427 3376 3529 3415 na—

1961 3431 2141 3489 cibus.

2032 3611 2312 3681 Ejusdem.
2375 3613 2512 3671 Tres
2563 3618 2774 3687 species
2816 3636 2939 3676 cum
2990 3622 3223 3696 Jcsepho
3273 3630 3524 3687 delerunt

1956 3703 2263 3761 Madianitte
2309 3706 2362 3761 in
2393 3707 2711 3780 Egyptum,
2769 3713 2967 3781 quibus
3000 3716 3138 3772 alias
3185 3728 3293 3775 tres
3320 3724 3524 3779 addunt

1956 3797 2049 3851 lilii
2082 3795 2249 3852 Jacob
2281 3808 2336 3853 et
2364 3798 2544 3854 ferunt
2576 3800 2832 3870 Josepho.
2874 3804 3013 3871 Quin
3050 3816 3106 3862 et
3134 3823 3318 3866 semen
3348 3814 3522 3868 Abra-

1954 3886 2037 3942 hae
2071 3904 2192 3943 cum
2221 3889 2355 3957 sint,
2414 3892 2628 3959 priores
2653 3908 2709 3947 et
2737 3897 3007 3952 secundas
3051 3897 3255 3955 ferunt.
3291 3900 3520 3974 Oporte-

1952 3979 2046 4033 bat
2091 3981 2291 4050 quippe
2320 3991 2381 4036 ut
2413 3982 2633 4038 viliores
2689 3984 3040 4043 deferrentur
3082 4007 3110 4044 a
3146 3993 3271 4049 ﬁliis
3316 3999 3519 4065 splriis

1949 4070 2221 4151 Abrahre,
2249 4088 2278 4128 a
2326 4075 2579 4143 genuinis
2613 4091 2744 4131 vero
2796 4077 2979 4149 plures
3010 4087 3508 4151 etprtcstantiorcs,

1948 4165 2148 4235 quibus
2176 4148 2449 4237 indigebat
2471 4166 2760 4239 Egyptus.

2019 4260 2272 4315 Dixerunt
2295 4277 2315 4316 :
2343 4260 2569 4330 Propter
2590 4262 2867 4331 pecuniam
2891 4279 3048 4333 quam
3070 4266 3344 4322 retulimus
3362 4270 3509 4336 prius

1944 4353 2000 4407 in
2028 4354 2194 4407 saccis
2239 4352 2453 4421 nostris,
2499 4368 2597 4407 nos
2624 4353 3031 4422 introducimur,
3076 4367 3134 4412 ut
3178 4359 3411 4414 devolvat
3452 4363 3512 4416 in

1944 4460 2038 4498 nos
2067 4442 2473 4505 calumniam,et
2499 4445 2750 4499 violenter
2777 4446 3028 4516 subjiciat
3074 4450 3310 4503 servituti
3337 4462 3384 4505 et
3416 4469 3511 4507 uos

268 4549 422 4620 ἡμᾶς
439 4552 529 4615 εἰς
554 4545 788 4613 παῖδας,
817 4544 915 4598 καὶ
941 4543 1287 4633 τοὺςῌόνους
1326 4541 1511 4611 ἡμῶν.
1554 4541 1839 4599 Ἀπίθανον

1972 4547 1990 4590 ι
2035 4537 2214 4591 asinos
2262 4548 2468 4590 nostros
2491 4536 2558 4592 “.
2599 4535 2910 4594 Verisimile
2938 4555 3044 4593 non
3077 4550 3161 4596 est
3207 4557 3300 4598 eos
3332 4545 3423 4612 qui
3452 4561 3511 4601 se

266 4644 343 4703 τὸ,
377 4644 436 4695 ὲν
460 4639 681 4713 τοιαύτῃ
701 4635 1016 4708 νομίζοντας
1053 4630 1189 4688 εἶναι
1215 4634 1551 4704 περιστάσει,
1580 4635 1708 4707 περὶ
1730 4634 1838 4689 τῶν

1972 4645 2000 4681 ιι
2038 4637 2190 4683 tanto
2215 4627 2541 4684 constitutos
2564 4629 2810 4696 periculo
2857 4631 3261 4698 existimabant,
3305 4638 3370 4689 de
3400 4638 3509 4693 asi-

267 4734 399 4787 δνων
425 4731 751 4803 φροντίζειν,
784 4731 833 4781 εἰ
872 4729 946 4800 μὴ
971 4726 1369 4797 ἀλληγορείται.

328 4819 472 4879 Elite
501 4820 571 4875 δὲ
600 4819 822 4886 αὐτοῖς·
855 4820 1049 4884 Ἵλεως
1078 4817 1239 4887 ὑμῖν,
1258 4817 1344 4886 μὴ
1373 4817 1673 4886 φοϐεῖσθε.
1694 4821 1839 4875 Ἐοι-

266 4933 359 4971 κεν
386 4917 417 4969 ὁ
443 4914 535 4968 ἐπὶ
558 4912 653 4968 τοῦ
685 4912 832 4966 οἴκου
861 4910 955 4964 τοῦ
994 4910 1189 4982 Ἰωσὴφ
1221 4908 1504 4982 ἄνθρωπος
1540 4911 1712 4966 ταῦτα
1760 4916 1837 4967 εξ-

268 5008 508 5082 ρηκέναι,
536 5004 833 5077 ὠφεληθεὶς
858 5005 937 5067 εἰς
969 5001 1272 5056 θεοσέϐειαν
1302 5001 1454 5074 παρὰ
1479 5001 1573 5055 τοῦ
1610 5004 1828 5077 Ἰωσήφ.

342 5093 745 5162 Ἦμεΐαλύνθη
772 5090 841 5145 δὲ
864 5092 903 5160 ri
920 5090 1089 5160 μερὶς
1112 5089 1392 5159 Βενιαμὶν
1412 5091 1573 5159 παρὰ
1596 5092 1703 5158 τὰς
1726 5110 1827 5163 με.

1944 4721 2028 4773 nis
2051 4718 2217 4773 fuisse
2249 4717 2530 4783 sollicitos,
2554 4719 2662 4774 nisi
2705 4721 2757 4774 id
2785 4721 2853 4776 ad
2883 4721 3196 4792 allegoriam
3238 4728 3506 4783 trahatur.

2012 4812 2160 4866 Dixit
2189 4811 2262 4865 eis
2296 4826 2316 4864 :
2346 4807 2618 4880 Propitius
2653 4812 2820 4879 vobis,
2848 4812 3009 4867 nolite
3036 4815 3217 4870 timere
3241 4817 3308 4874 ³⁸.
3350 4816 3507 4875 Vide-

1943 4913 2028 4960 tur
2075 4906 2239 4958 homo
2287 4903 2471 4958 domui
2495 4900 2697 4969 Joseph
2743 4905 3065 4973 praepositus
3118 4909 3232 4964 huic
3277 4911 3506 4982 dixisse,

1941 4998 2006 5052 ad
2034 4997 2287 5065 pietatem
2316 4994 2429 5065 jam
2454 5008 2484 5048 a
2508 4993 2743 5064 Josepbo
2777 4995 3120 5054 informatus.

2010 5088 2079 5143 Et
2122 5087 2296 5158 major
2342 5086 2486 5155 facta
2527 5094 2605 5142 est
2647 5103 2771 5158 pars
2801 5087 3078 5158 Benjamin
3109 5094 3344 5150 partibus
3390 5111 3503 5151 ont-

353 5222 400 5254 ”
429 5220 566 5277 Gen.
596 5237 724 5285 XL",
749 5221 839 5275 2|.
914 5221 960 5253 ³ο
988 5222 1139 5289 ibid.,
1169 5224 1258 5279 22.
1335 5225 1377 5257 ³¹
1404 5224 1539 5281 Gen.
1570 5244 1722 5292 xun,
1755 5228 1807 5283 5.

1978 5227 2111 5291 bid.,
2139 5228 2193 5283 9.
2268 5230 2313 5261 ³³
2340 5229 2493 5298 ibid.,
2528 5228 2613 5287 Η.
2689 5232 2734 5265 ³⁸
2762 5233 2917 5301 ibid.,
2951 5235 3037 5291 15.
3076 5186 3159 5270 ,³⁵
3190 5237 3345 5304 ibid.,
3370 5240 3459 5294 25.

327 5362 438 5431 (ιι)
461 5362 624 5416 Κατὰ
646 5359 713 5414 τὸ
739 5358 1145 5428 σιωπώμενον,
1170 5368 1278 5415 etc.
1304 5359 1384 5414 Ex
1412 5361 1605 5417 iisdem
1663 5363 1824 5419 sche-

268 5433 437 5570 d|s(.45)
482 5501 585 5556 Ἐν
620 5499 745 5566 τοῖς
765 5498 1051 5567 ἀνωτέρω,
1078 5508 1183 5556 etc.
1216 5499 1295 5554 Ex
1352 5501 1543 5556 iisdem
1584 5501 1815 5558 scltetlis.

345 5574 435 5638 46)
460 5571 726 5638 Μήποτε,
758 5583 864 5625 etc.
905 5571 981 5624 Ex
1007 5570 1194 5625 iisdem
1226 5573 1465 5627 schedia.

345 5580 414 5627 ιϋ
460 5580 726 5638 Μήποτε,
758 5583 864 5625 etc.
905 5580 981 5624 tux
1007 5580 1194 5625 iisdem
1226 5580 1422 5627 schedi:

345 5580 435 5716 4ῖί
468 5642 694 5711 Μηδέν,
724 5653 832 5695 ctc.
862 5639 942 5692 Ex
971 5642 1159 5693 iisdem
1184 5644 1422 5698 schedis.

528 5739 801 5799 Puncta
845 5734 964 5796 Gn.
1014 5734 1152 5797 XII.

2000 5359 2293 5437 (48)_’A:to
2321 5360 2441 5415 τῶν
2467 5364 2732 5437 καρπῶν,
2771 5377 2877 5423 etc.
2918 5369 3000 5424 Ex
3044 5373 3233 5428 iisdem
3284 5376 3501 5437 schedia

1928 5432 2100 5503 edidit
2126 5434 2229 5503 hoc
2262 5432 2631 5501 fragmentum
2666 5435 3121 5496 Montefaleonius
3145 5456 3334 5499 noster
3363 5432 3492 5503 tom:

1928 5501 2364 5577 llieagaplorum,
2399 5517 2520 5577 pag.
2558 5504 2649 5577 ὅθ.
2706 5507 2950 5577 Denique
3001 5515 3167 5567 semel
3226 5501 3499 5572 intonuisse

1928 5572 2465 5645 sulliciutsequentja
2490 5575 2669 5628 omnia
2698 5572 2999 5645 [saguiiettta
3038 5583 3089 5635 in
3130 5584 3381 5639 Gem-sim
3426 5602 3494 5643 ex

1928 5642 2116 5699 iisdem
2145 5640 2358 5699 schedis
2384 5640 2692 5701 Combelisii
2721 5640 2995 5719 exscripta
3026 5668 3166 5707 csse.

3141 5744 3179 5804 5
