4000 6146
438 198 541 254 159

1798 252 1804 259 ,
1914 190 2235 248 ORIGENIS

3594 200 3696 255 HO

438 324 605 385 nium,
638 320 711 371 ita
734 328 789 372 ut
819 319 1045 387 quinque
1066 313 1305 386 partibus
1337 314 1602 368 excederet
1632 312 1842 367 illorum
1875 329 1998 379 par.

2120 314 2274 379 Didae
2306 312 2545 367 πάντων
2583 314 3049 381 πενταπλασίοις
3101 314 3251 383 πρὸς
3279 313 3385 381 τὰς
3423 314 3689 368 ἐκείνων.

437 422 515 469 tes
542 413 608 464 ³⁸.
648 410 819 480 Major
854 409 997 464 facta
1033 417 1132 472 est,
1166 409 1248 462 vel
1297 415 1519 477 propter
1550 404 1873 470 Jerusalem,
1919 404 2001 457 vel

397 504 405 523 ⁴
438 515 701 573 tanquam
734 512 891 574 typus
927 500 1153 571 apostoli
1174 499 1345 553 Pauli.
1372 498 1618 555 EtJosue
1641 498 1877 566 quidem,
1909 497 2003 566 qui

401 590 468 674 ,ὀ
500 598 640 651 tribu
670 604 787 650 erat
812 595 1093 664 Epltraim,
1126 594 1314 649 divisit
1341 593 1460 647 aliis
1499 593 1746 648 tribubus
1777 599 2000 646 terram.

508 687 650 741 Misit
677 688 813 741 enim
841 702 921 738 me
944 685 1082 739 Deus
1108 695 1227 738 ante
1267 702 1375 750 vos,
1420 693 1477 737 ut
1510 694 1679 739 essent
1706 685 1847 738 vobis
1877 682 2003 736 reli-

434 779 573 846 quia:
596 779 662 832 ³⁷.
721 776 1167 846 Quandoquidem
1222 776 1361 831 Deus
1405 778 1474 831 ob
1514 776 1806 831 multorum
1837 776 2002 829 vitam

433 866 728 939 Josepltum
757 878 882 923 ante
908 867 1107 922 l‘ratres
1130 884 1255 922 suos
1283 869 1428 923 misit
1458 868 1508 922 in
1538 867 1854 939 Egyptum,
1882 883 2007 938 pro-

438 960 582 1018 fecto
615 962 683 1017 ad
735 962 1054 1018 mittendum
1100 961 1212 1033 49
1266 962 1413 1015 illum
1467 962 1519 1016 in
1549 960 1842 1032 IEgyptum
1875 976 2003 1015 usus

435 1062 521 1108 est
549 1053 747 1107 invidia
778 1062 832 1106 et
861 1054 1136 1121 proposito
1158 1052 1382 1106 l‘ra'rum
1421 1051 1562 1120 ejus,
1590 1062 1649 1104 ut
1676 1051 1783 1107 illic
1813 1052 2005 1107 inulto-

437 1161 559 1200 rum
592 1144 750 1199 saluti
785 1144 1117 1199 consuleret.
1180 1143 1271 1197 Sic
1301 1158 1431 1214 ergo
1474 1143 1739 1198 interdum
1773 1143 2000 1198 aliorum

438 1237 677 1304 peccatis
707 1236 875 1291 utitur
909 1236 1049 1291 Deus
1081 1244 1139 1290 ut
1169 1236 1399 1289 aliorum
1434 1234 1593 1290 saluti
1628 1235 1902 1291 consulat.

515 1507 671 1563 Nunc
712 1525 834 1579 ergo
863 1524 965 1561 non
1003 1524 1088 1563 vos
1121 1523 1199 1561 me
1227 1508 1329 1561 huc
1360 1507 1594 1571 misistis,
1635 1509 1725 1561 sed
1763 1507 1919 1568 Deus.
1953 1518 2000 1563 et

436 1600 558 1671 fecit
584 1617 664 1654 me
691 1610 943 1671 tanquam
971 1609 1171 1667 patrem
1209 1597 1504 1652 Pharaonis
1532 1608 1578 1652 et
1618 1599 1888 1654 dominum
1919 1610 2003 1654 to—

435 1694 540 1746 tius
588 1693 773 1746 domus
807 1692 923 1763 ejus
970 1703 1018 1746 et
1049 1691 1336 1759 principem
1366 1692 1621 1745 universa:
1650 1702 1802 1745 terra:
1827 1691 2002 1763 digg-

435 1787 513 1854 ριὶ
535 1784 601 1839 ⁸⁸.
644 1784 746 1851 Qui
778 1793 972 1852 przeest
1016 1783 1181 1838 rebus
1209 1782 1489 1852 corporeis
1512 1792 1568 1835 et
1601 1783 1705 1838 illis
1732 1793 1816 1837 est
1842 1800 2004 1851 supe-

436 1879 571 1942 rior,
620 1877 799 1932 dicere
836 1875 1036 1945 poterit
1072 1894 1084 1929 :
1119 1874 1276 1931 Fecit
1308 1890 1396 1930 me
1428 1875 1569 1929 Deus
1600 1875 1869 1930 universa;
1904 1888 2007 1930 ter-

436 1985 511 2025 ra:
539 1969 762 2041 [Egypti
792 1970 1091 2025 dominum.

507 2151 576 2208 Et
607 2170 669 2208 ne
692 2152 968 2207 dimittatis
989 2153 1277 2223 quidquam
1316 2152 1380 2205 de
1402 2152 1541 2206 vasis
1568 2151 1750 2205 vestris
1813 2148 2004 2204 Omnia

434 2247 569 2303 enim
594 2248 728 2301 bona
758 2244 983 2314 {Egypti
1027 2257 1198 2299 vestra
1219 2253 1339 2299 sunt
1364 2244 1429 2300 ³⁹.
1493 2242 1551 2297 Si
1600 2244 1892 2312 quidquam
1924 2252 2007 2296 est

436 2339 491 2393 in
523 2338 754 2408 spiritali
779 2338 1035 2409 Egypto,
1068 2352 1173 2390 non
1198 2337 1265 2389 ad
1287 2335 1590 2405 Egyptios,
1620 2335 1713 2389 sed
1737 2333 1803 2387 ad
1828 2333 2001 2387 Israe-

437 2433 540 2487 lem
568 2432 820 2501 pertinet.
865 2430 996 2485 Eam
1025 2431 1095 2485 ob
1128 2443 1242 2482 rem
1275 2429 1328 2482 in
1367 2428 1542 2482 exodo
1570 2442 1696 2481 vasa
1724 2425 2006 2496 Egyptio-

438 2539 556 2578 rum
589 2525 805 2594 rapiunt
840 2523 1070 2586 llebrmi,
1119 2530 1172 2576 et
1203 2521 1425 2590 capiunt
1456 2536 1583 2575 vasa
1638 2535 1802 2574 aurea
1838 2528 1893 2573 et
1919 2531 2006 2573 ar-

435 2626 652 2689 gentea,
682 2625 737 2671 ct
767 2616 1027 2687 quidquid
1059 2617 1260 2670 bonum
1296 2623 1380 2668 est
1411 2615 1464 2668 in
1497 2612 1755 2683 Egypto.

509 2800 579 2856 Et
610 2816 701 2870 ego
730 2800 977 2853 reducam
1020 2810 1068 2853 te
1094 2799 1147 2850 in
1181 2798 1339 2865 ﬁnem
1359 2798 1427 2851 ⁸ο.
1471 2796 1696 2868 D‘gnum
1726 2795 1836 2851 Deo
1879 2811 2005 2866 pro-

435 2891 682 2955 missum,
738 2890 857 2946 fore
886 2899 945 2943 ut
982 2905 1088 2944 non
1119 2890 1292 2944 solum
1329 2890 1568 2952 reducat,
1602 2890 1698 2944 sed
1730 2901 2006 2943 reverten-

436 2993 547 3039 tem
581 2983 646 3036 ad
682 2981 843 3037 ﬁnem
873 2983 1053 3035 ducat.

511 3072 787 3145 Ejusdem.
846 3072 923 3125 Ad
970 3087 1066 3127 eos
1100 3071 1189 3140 qui
1241 3071 1293 3124 in
1347 3069 1713 3126 Pentateuclto
1755 3079 2005 3141 qumrunt

435 3180 557 3220 eam
609 3178 728 3234 quae
764 3164 906 3217 hanc
935 3162 1160 3232 excipit,
1196 3162 1383 3225 vitam,
1416 3163 1658 3216 dicemus
1705 3179 1719 3218 :
1751 3162 2003 3228 Quando-

432 3257 654 3328 quidem
686 3255 856 3309 l'alsus
880 3270 988 3309 non
1022 3263 1107 3309 est
1138 3254 1230 3323 qui
1256 3254 1391 3308 dixit
1421 3271 1435 3307 :
1472 3252 1735 3308 Reducam
1764 3266 1830 3321 te,
1859 3267 2006 3310 certe

437 3348 654 3403 reduxit
685 3347 831 3400 illum
860 3347 911 3399 in
949 3346 1050 3399 bac
1083 3345 1189 3398 vita
1224 3353 1433 3413 postea,
1460 3354 1516 3398 et
1546 3355 1663 3414 post
1693 3347 1893 3401 exitum
1927 3362 2007 3400 re-

437 3439 595 3493 duxit
647 3439 818 3505 illum,
852 3437 1068 3506 quando
1099 3443 1281 3504 postea
1311 3435 1508 3505 Josepb
1540 3437 1763 3491 inunisit
1814 3453 2003 3491 manus

437 3533 491 3585 in
519 3530 705 3585 oculos
734 3530 976 3600 corporis
1002 3527 1192 3584 Jacob.
1234 3528 1467 3583 Rcduxit
1496 3539 1673 3583 autem
1711 3530 1870 3595 Deus,
1898 3534 2006 3587 eri-

436 3639 569 3693 gens
598 3632 718 3693 post
745 3623 868 3677 vitae
892 3622 1053 3676 linem
1085 3620 1336 3676 lsraelem
1365 3621 1430 3674 ad
1462 3635 1585 3675 eum
1623 3621 1712 3690 qui
1751 3623 1802 3676 in
1836 3637 1896 3677 se
1922 3632 2004 3678 est

437 3717 599 3771 tinem
610 3756 622 3768 .

508 3806 751 3865 Surrexit
778 3817 951 3861 autem
977 3805 1142 3861 Jacob
1168 3824 1199 3861 a
1225 3815 1378 3877 puteo
1393 3804 1707 3874 juramenti,
1732 3814 1782 3859 et
1802 3822 2007 3861 assum-

438 3908 655 3973 pserunt
692 3899 793 3969 filii
818 3899 987 3953 Israel
1019 3900 1184 3954 Jacab
1211 3909 1411 3969 patrem
1435 3915 1586 3953 suum
1613 3897 1682 3955 “.
1722 3897 1824 3964 Qui
1857 3898 2008 3953 venit

438 3994 509 4049 ad
536 4001 755 4062 puteum
776 3991 1091 4058 juramenti,
1124 3990 1287 4045 Israel
1313 4001 1416 4054 est,
1460 3991 1640 4046 ferens
1670 4006 1790 4045 cum
1827 3991 2006 4060 omni-

436 4085 542 4141 bus
569 4084 725 4140 bonis
757 4083 891 4147 suis,
939 4084 1149 4151 opinor,
1204 4082 1499 4147 Jacobum;
1548 4083 1639 4153 qui
1675 4095 1852 4136 autem
1882 4096 2003 4136 sur-

437 4178 515 4246 git
542 4192 569 4231 a
603 4184 764 4245 puteo
790 4175 1109 4246 juramenti.
1140 4173 1308 4230 Jacob
1334 4183 1435 4229 est.
1478 4174 1625 4243 Opus
1658 4175 1803 4228 enim
1835 4175 2005 4229 habe-

438 4271 535 4325 bat
571 4267 973 4323 resurrectione
1004 4280 1112 4320 non
1168 4266 1353 4333 Israel,
1414 4267 1505 4320 sed
1554 4265 1743 4321 Jacob.
1804 4266 2006 4321 Deinde

2120 404 2485 475 Ἐμεγαλύνοη
2513 404 2545 476 ἢ
2572 403 2658 457 διά
2682 403 2780 475 τὴν
2826 403 3197 477 Ἰερουσαλὴμ,
3227 404 3260 477 ἢ
3289 405 3366 468 ὼς
3397 404 3565 470 τύπος
3600 404 3692 459 τοῦ

2106 496 2403 549 ἀποστόλου
2462 495 2695 551 Παύλου.
2734 497 2846 550 Καὶ
2899 497 3105 569 Ἰησοῦς
3161 497 3218 551 δὲ
3259 497 3360 568 τῆς
3400 497 3578 569 φυλῆς
3621 496 3696 551 ὢν

2119 584 2357 657 Ἐφραῒμ
2380 585 2657 657 διεμέρισε
2685 587 2806 648 ταῖς
2832 584 3017 650 ἄλλαις
3046 585 3240 655 φυλαῖς
3266 588 3364 657 τὴν
3393 587 3518 657 γῆν.

2190 675 2532 731 Ἀπέστειλε
2545 677 2656 746 γάρ
2675 694 2751 746 με
2769 679 2802 730 ό
2825 677 2968 743 Θεὸς
2987 678 3326 747 ἔμπροσθεν
3342 677 3528 747 ὑμῶν,
3552 679 3699 731 ὐπο-

2104 768 2414 823 λείπεσθαι
2434 768 2577 839 ὑμῖν
2608 767 2991 838 κατάλειμμα.
3045 769 3306 839 Ἐπείπερ
3338 770 3367 822 ὁ
3398 768 3532 832 Θεὸς
3556 768 3697 823 ἀπέ-

2107 864 2279 917 στειλε
2304 864 2392 918 διὰ
2422 863 2520 936 τὴν
2552 863 2661 919 τῶν
2693 866 2902 920 πολλῶν
2929 865 3072 938 ζωὴν
3099 865 3190 919 τὸν
3231 865 3425 937 Ἰωσὴφ
3485 865 3697 937 ἐμπρο-

2105 954 2230 1009 σθεν
2278 957 2386 1010 τῶν
2441 955 2684 1026 ἀδελφῶν
2723 957 2886 1011 αὐτοῦ
2926 959 3005 1021 εἰς
3040 957 3313 1026 Αἴγυπτον
3337 998 3353 1025 ,
3399 958 3642 1030 δηλονότι
3666 959 3698 1013 6

2104 1047 2236 1111 Θεὸς
2273 1048 2613 1102 ἀποστέλλων
2657 1049 2817 1102 αὐτὸν
2856 1051 2936 1111 εἰς
2968 1040 3260 1118 Αἴγυπτον,
3320 1051 3698 1123 συγκατεχρή-

2107 1153 2235 1191 σατο
2256 1136 2335 1207 τῷ
2363 1136 2509 1209 ζήλῳ
2538 1139 2631 1192 καὶ
2659 1141 2724 1210 τῇ
2781 1139 3094 1211 προαιρέσει
3123 1140 3230 1194 τῶν
3261 1140 3503 1210 ἀδελφῶν
3527 1139 3697 1195 αὐτοῦ

2104 1231 2185 1294 εἰς
2210 1229 2309 1303 τὴν
2337 1231 2465 1303 περὶ
2491 1229 2587 1284 τοῦ
2637 1232 2834 1302 Ἰωσὴφ
2862 1232 2953 1285 ἐπὶ
2977 1230 3088 1303 ζωῇ
3125 1230 3333 1284 πολλῶν
3363 1233 3691 1302 οἰκονομίαν.

2105 1321 2314 1376 Οὐκοῦν
2364 1321 2478 1375 ἔσθ’
2520 1323 2609 1376 ὅτε
2660 1322 3044 1395 συγχρώμενος
3096 1324 3296 1395 ἑτέρων
3339 1325 3635 1397 ἁμαρτίαις
3663 1327 3693 1379 6

2103 1413 2256 1479 Θεὸς,
2292 1415 2465 1468 οἰκεῖα
2491 1414 2800 1486 βουλεύεται
2829 1417 2920 1469 ἐπὶ
2945 1415 3119 1470 ἄλλων
3141 1417 3405 1488 σωτηρίᾳ.

2174 1505 2304 1559 Νῦν
2327 1501 2441 1560 οὗν
2471 1507 2584 1576 οὐχ
2613 1506 2781 1576 ὑμεῖς
2803 1525 2879 1577 με
2910 1506 3330 1562 ἀπεστάλκατε
3359 1503 3477 1563 ὧδε
3496 1549 3512 1575 ,
3551 1510 3689 1564 ἀλλ’

2106 1598 2139 1650 ὁ
2171 1595 2334 1662 Θεὸς,
2375 1594 2474 1649 καὶ
2504 1596 2754 1665 ἐποίησέ
2792 1615 2870 1668 με
2911 1598 2991 1665 ὡς
3033 1598 3264 1668 πατέρα
3311 1599 3540 1668 Φαραὼ,
3595 1601 3693 1655 καὶ

2105 1688 2313 1756 κύριον
2341 1688 2569 1754 παντὸς
2596 1687 2704 1742 τοῦ
2725 1689 2893 1744 οἴκου
2915 1689 3122 1757 αὑτοῦ,
3160 1691 3259 1745 καὶ
3285 1692 3545 1760 ἄρχοντα
3581 1691 3697 1747 πώ-

2104 1797 2222 1849 σης
2243 1784 2356 1854 γῆς
2376 1783 2697 1852 Αἰγύπτου.
2746 1781 2804 1836 '0
2835 1783 3016 1854 ἄρχων
3052 1783 3160 1836 τῶν
3195 1784 3521 1855 σωματικῶν
3550 1802 3695 1856 πρα-

2103 1873 2349 1942 γμάτων,
2384 1874 2477 1927 καὶ
2511 1871 2775 1944 μηδαμῶς
2813 1873 2996 1937 αὐτοῖς
3029 1872 3212 1937 εἴκων,
3260 1873 3450 1941 λέγοιτ’
3488 1876 3557 1929 ἂν
3608 1873 3694 1941 τὸ,

2118 1963 2372 2034 Ἐποίησέ
2421 1980 2489 2035 με
2521 1965 2550 2017 ὁ
2580 1962 2713 2027 θεὸς
2755 1962 2938 2033 πάσης
2984 1964 3082 2035 τῆς
3131 1964 3235 2035 γῆς
3274 1963 3545 2033 Αἰγύπτου
3597 1964 3696 2018 κὺ-

2108 2072 2241 2126 ριον.

2173 2146 2285 2200 Καὶ
2310 2146 2396 2216 μὴ
2426 2147 2723 2217 φείσησθε
2768 2146 2892 2213 τοῖς
2928 2145 3256 2216 ὀφθαλμοῖς
3298 2144 3418 2199 τῶν
3454 2145 3696 2201 σκευῶν

2103 2239 2287 2310 ὑμῶν.
2320 2241 2397 2295 Τὰ
2421 2240 2531 2310 γὰρ
2552 2240 2748 2295 πάντα
2772 2239 2963 2310 ἀγαθά
2991 2239 3291 2309 Αἰγύπτου
3314 2237 3481 2308 ὑμῶν
3496 2239 3692 2292 ἔσται.

2104 2331 2173 2385 Ei'
2207 2350 2259 2384 τι
2295 2333 2528 2403 ὑπάρχει
2558 2334 2614 2387 ὲν
2645 2335 2710 2404 τῇ
2751 2332 3025 2404 τροπικῶς
3058 2330 3367 2403 καλουμένῃ
3412 2330 3695 2402 Αἰγύπτῳ,

2104 2424 2203 2477 οὐκ
2226 2425 2537 2492 Αἰγυπτίων
2575 2424 2751 2488 ἐστὶν,
2781 2423 2917 2477 ἀλλά
2961 2422 3056 2476 τοῦ
3109 2421 3347 2494 Ἰσραήλ.
3389 2422 3486 2474 Διά
3533 2421 3692 2473 τοῦτο

2108 2518 2201 2569 καὶ
2230 2518 2287 2569 ὲν
2329 2518 2395 2588 τῇ
2431 2516 2593 2587 ἐξόδῳ
2653 2514 3072 2580 συσκευάζουσιν
3117 2515 3352 2586 Ἑϐραῖοι
3412 2513 3536 2576 τοὺς
3599 2513 3697 2566 Αι-

2104 2607 2387 2675 γυπτίους,
2416 2607 2511 2661 καὶ
2537 2606 2871 2678 λαμϐάνουσι
2922 2605 3088 2675 σκεύη
3118 2604 3293 2676 χρυσᾶ
3331 2603 3424 2657 καὶ
3452 2604 3690 2676 ἀργυρᾶ,

2107 2700 2201 2754 καὶ¹
2235 2700 2289 2752 εἴ
2315 2718 2369 2754 τι
2396 2699 2595 2768 ἀγαθὸν
2622 2701 2679 2751 ὲν
2704 2700 2964 2769 Αἰγύπτῳ
2994 2693 3083 2769 ἦν.

2175 2791 2283 2846 Καὶ
2316 2790 2430 2860 ἐγὼ
2495 2788 2831 2844 ἀναϐιϐάσαι
2881 2803 2956 2841 σε
3004 2790 3093 2854 εις
3140 2785 3336 2851 τέλος.
3399 2782 3695 2855 Πρέπουσα

2105 2881 2405 2950 ἐπαγγελία
2437 2879 2514 2950 τῷ
2559 2878 2697 2949 Θεῷ,
2729 2880 2789 2932 οὐ
2827 2878 2985 2949 μόνον
3018 2875 3383 2939 ἀναϐιϐάζειν,
3428 2874 3563 2928 ἀλλά
3594 2876 3691 2928 καὶ

2033 2994 2076 3052 C
2110 2974 2202 3027 ἐπὶ
2233 2972 2384 3035 τέλος
2409 2974 2595 3043 φέρειν
2619 2971 2709 3025 τὸν
2743 2971 3220 3041 ἀναϐιϐαζόμενον.

2184 3064 2295 3120 Τοῦ
2338 3064 2543 3118 αὑτοῦ.
2573 3063 2717 3133 Πρὸς
2754 3064 2879 3127 τοὺς
2911 3062 3022 3116 ἀπὸ
3050 3062 3147 3133 τῆς
3189 3059 3558 3130 Πεντατεύχου
3598 3060 3695 3131 ζη-

2103 3158 2325 3222 τοῦντας
2369 3158 2466 3228 τὴν
2516 3155 2652 3227 μετά
2699 3155 2872 3210 ταῦτα
2910 3154 3053 3225 ζωὴν
3098 3155 3382 3224 φήσομενο
3431 3153 3692 3224 Ἐπείπερ

2104 3251 2342 3321 ἀψευδής
2385 3252 2532 3303 ἐστιν
2557 3249 2586 3301 6
2612 3247 2809 3314 εἰπὼν,
2859 3245 3219 3301 Ἀναϐιϐάσω
3245 3261 3340 3311 σε,
3376 3247 3691 3299 ἀνεϐίϐασεν

2105 3345 2163 3397 ὲν
2195 3346 2261 3414 τῇ
2288 3341 2401 3415 ζωῇ
2428 3344 2601 3415 ταύτῃ
2627 3341 2870 3412 ὕστερον,
2896 3340 2990 3393 καὶ
3017 3338 3155 3410 μετά
3186 3339 3284 3409 τὴν
3315 3337 3489 3403 ἔξοδον
3514 3339 3693 3391 ἀνεϐί-

2106 3436 2270 3488 ϐασεν
2301 3434 2483 3498 αὐτὸν,
2532 3434 2620 3487 ὅτε
2683 3432 2819 3505 μετὰ
2861 3431 3017 3484 τοῦτο
3073 3429 3268 3501 Ἰωσὴφ
3312 3428 3541 3484 ἐπέϐαλε
3591 3430 3692 3494 τάς

2104 3525 2299 3581 ἑαυτοῦ
2337 3529 2526 3597 χεῖρας
2563 3527 2676 3588 τοῖς
2729 3522 3023 3593 ὀφθαλμοῖς
3053 3521 3147 3574 τοῦ
3181 3519 3431 3592 σώματος
3468 3521 3687 3575 Ἰακώϐ.

2118 3618 2462 3674 Ἀνεϐίϐασεν
2481 3617 2538 3671 δὲ
2568 3619 2595 3671 6
2612 3616 2762 3681 Θεὸς,
2789 3616 3002 3683 ἀνάγων
3039 3614 3175 3687 μετά
3194 3615 3254 3667 τὸ
3273 3614 3422 3678 τέλος
3447 3615 3542 3668 τοῦ
3572 3615 3689 3685 βίου

2107 3710 2198 3765 ἐπὶ
2215 3710 2275 3763 τὸ
2303 3710 2434 3782 παρ’
2472 3707 2649 3779 ἑαυτῷ
2669 3706 2820 3771 τέλος
2842 3706 2934 3759 τὸν
2977 3705 3219 3778 Ἰσραήλ.

2189 3802 2439 3871 Ἀνέστη
2465 3801 2534 3855 δὲ
2574 3799 2781 3854 Ἰακὼϐ
2802 3797 2919 3853 ἀπὸ
2942 3796 3047 3850 τοῦ
3066 3797 3319 3866 φρέατος
3346 3795 3452 3851 τοῦ
3483 3797 3689 3865 ὅρκου,

2106 3897 2205 3951 καὶ
2248 3894 2545 3951 ἀνέλαϐον
2594 3893 2714 3947 υἱοὶ
2780 3889 3025 3959 Ἰσραὴλ
3089 3890 3296 3945 Ἰακὼϐ
3329 3890 3438 3944 τὸν
3465 3874 3691 3956 πατέρα

2105 3989 2320 4044 αὐτῶν.
2349 3989 2406 4043 Ὀ
2439 3989 2535 4059 μὲν
2550 3984 2719 4040 ἐλθὼν
2748 3984 2840 4038 ἐπὶ
2862 3983 2923 4037 τὸ
2943 3981 3119 4055 φρέαρ
3148 3982 3240 4036 τοῦ
3272 3983 3435 4054 ὅρκου
3472 3981 3691 4052 Ἰσραήλ

2107 4084 2243 4145 ἐστι,
2275 4081 2454 4153 φέρων
2491 4079 2627 4152 μετά
2657 4077 2872 4131 πάντων
2909 4075 3016 4130 τῶν
3037 4075 3223 4145 αὑτοῦ,
3258 4071 3432 4146 οἶμαι,
3468 4074 3685 4128 Ἰακώϐο

2106 4176 2134 4227 ὁ
2164 4173 2220 4226 δὲ
2244 4172 2597 4244 ἀνιστάμενος
2621 4169 2730 4223 ἀπὸ
2761 4166 2855 4222 τοῦ
2882 4167 3113 4240 φρέατος
3139 4165 3230 4220 τοῦ
3271 4168 3456 4238 ὅρκου,
3490 4165 3684 4220 Ἰακώϐ

2109 4267 2253 4318 ἐστιν
2273 4281 2285 4294 ·
2316 4265 2484 4318 ἐδεῖτο
2510 4262 2620 4334 γὰρ
2649 4259 2993 4323 ἀναστάσεως
3031 4260 3128 4330 οὐχ
3157 4260 3186 4312 6
3224 4258 3461 4331 Ἰσραὴλ,
3513 4259 3628 4312 ἀλλ’
3656 4259 3687 4310 6

439 4371 649 4430 postea,
703 4358 794 4427 qui
842 4372 977 4422 opus
1028 4357 1267 4411 habebat
1325 4357 1695 4426 assumptione
1742 4355 2003 4412 Jacobqu

2123 4356 2319 4411 Ιακώϐ.
2359 4353 2491 4410 Εἷτα
2538 4354 2674 4427 μετά
2718 4354 2893 4418 τοῦτο,
2926 4352 3175 4423 δεόμενον
3221 4351 3538 4422 ἀναλήψεως
3592 4350 3690 4403 Ἰα-

439 4461 651 4525 patrem
689 4459 970 4506 assumunt
1001 4450 1095 4505 lilii
1134 4464 1240 4504 non
1276 4445 1466 4515 Jacob,
1492 4448 1588 4503 sed
1614 4446 1801 4504 Israel.

514 4633 793 4704 Ejusdem.
834 4631 978 4687 Misit
1021 4630 1233 4686 Pharao
1268 4646 1463 4685 currus
1495 4631 1587 4699 qui
1615 4632 1866 4685 tollerent
1903 4645 2006 4684 non

442 4724 630 4789 Israel,
679 4724 772 4778 sed
806 4720 993 4777 Iacob.
1034 4722 1261 4777 Intravit
1315 4724 1365 4775 in
1404 4720 1723 4793 Egyptum,
1777 4739 1881 4776 non
1916 4722 2010 4775 de-

440 4815 656 4871 scendit
702 4812 888 4869 Jacob.
929 4813 1115 4869 lsraeli
1148 4814 1291 4869 enim
1330 4814 1532 4868 dictum
1584 4824 1668 4868 est
1707 4833 1720 4867 :
1772 4812 1897 4868 Noli
1932 4814 2004 4866 ti-

442 4923 582 4960 mere
608 4907 916 4959 descendere
935 4908 991 4960 in
1019 4906 1092 4961 1E
1098 4917 1313 4975 gyptum
1337 4907 1405 4960 η.

518 4996 743 5049 Intravit
791 4997 845 5049 in
887 4996 1179 5067 ngyptum
1205 4997 1394 5065 Jacob,
1427 5007 1477 5051 et
1503 5014 1656 5052 omne
1682 5014 1857 5051 semen
1892 4998 2007 5067 ejus

447 5106 566 5143 cum
607 5106 667 5144 ea
689 5088 756 5142 ⁸³.
799 5088 951 5144 Nunc
984 5090 1199 5159 quidem
1250 5105 1433 5145 semen
1465 5090 1630 5146 Jacob
1658 5090 1860 5143 dictum
1905 5099 2007 5154 est,

449 5195 610 5249 supra
638 5196 767 5236 vero
796 5174 893 5236 ﬁlii
919 5180 1106 5236 Israel.
1149 5183 1308 5251 Atqui
1358 5184 1403 5237 si
1440 5182 1605 5238 Jacoli
1646 5191 1702 5238 et
1731 5196 1890 5235 omne
1918 5196 2009 5236 se-

452 5268 573 5325 men
599 5271 717 5338 ejus
745 5272 968 5326 intravit
1000 5273 1051 5326 in
1083 5272 1398 5345 Egyptum,
1431 5290 1536 5330 non
1571 5275 1792 5328 intravit
1830 5285 2010 5328 autem

451 5364 561 5419 Her
586 5376 641 5418 et
668 5365 883 5427 Aunan,
915 5380 1019 5419 non
1049 5379 1203 5420 erant
1233 5382 1414 5421 semen
1450 5366 1636 5424 ληνοὶ).

557 5585 602 5617 ³⁸
627 5584 760 5639 Gen.
797 5603 945 5651 xun,
974 5589 1060 5643 54.

526 5588 602 5665 ..Ὗ
617 5588 760 5665 ,ῧθρο
797 5589 1060 5665 Χιῆξῐςλᾷίρ
1149 5589 1215 5665 ,³⁷
1249 5588 1384 5645 Gen.
1413 5606 1563 5657 xuv,
1596 5589 1646 5643 7.

454 5657 495 5687 ⁶¹
521 5655 675 5719 ibid.,
709 5657 760 5712 ’5.

870 5658 914 5689 ⁸³
943 5659 1094 5724 ibid,
1130 5658 1180 5713 ϐ.

1758 5586 1803 5619 ³⁸
1836 5584 1964 5642 ibid.
1984 5624 1999 5653 ,
2032 5586 2085 5642 8.

2108 4449 2221 4505 κὼϐ
2272 4448 2480 4521 πατέρα
2523 4448 2872 4518 ἀνειλήφασιν
2928 4445 3034 4499 υἱοὶ
3092 4444 3214 4515 οὐχὶ
3278 4441 3472 4497 Ἰακὼϐ
3497 4481 3513 4508 ,
3570 4443 3689 4496 ἀλλ’

2117 4540 2351 4612 Ἰσραήλ.

2184 4631 2293 4687 Τοῦ
2331 4629 2536 4687 αὐτοῦ.
2596 4628 2906 4684 Ἀπέστειλε
2953 4626 3152 4701 Φαραὼ
3195 4627 3409 4700 ἀμάξας
3461 4623 3591 4700 ἆραι
3627 4628 3693 4683 οὐ

2105 4722 2197 4775 τὸν
2246 4720 2478 4792 Ἰσραὴλ,
2508 4719 2643 4775 ἀλλὰ
2669 4720 2758 4772 τὸν
2774 4716 2988 4773 Ἰακώϐ.
3013 4718 3272 4790 Εἰσῆλθεν
3293 4721 3372 4783 εἰς
3393 4718 3693 4787 Αἴγυπτον,

2105 4815 2166 4868 οὐ
2200 4813 2400 4885 κατέϐη
2441 4810 2654 4867 Ἰακώϐ.
2682 4810 2771 4881 Τῷ
2803 4810 2911 4882 γὰρ
2950 4809 3167 4883 Ἰσραὴλ
3197 4811 3427 4882 εἴρηται,
3455 4811 3547 4882 Μὴ
3580 4829 3694 4879 φο-

2109 4905 2215 4962 ϐοῦ
2240 4903 2565 4972 καταϐῆναι
2586 4905 2673 4970 εὶς
2704 4902 3025 4972 Αἴγυπτον.

2180 4996 2483 5066 Εἰσῆλθεν
2528 4998 2615 5063 εἰς
2668 4996 2971 5065 Αῑγυπτον
3007 4994 3251 5056 Ἰακὼϐ,
3302 4992 3402 5048 καὶ
3455 4991 3579 5047 πᾶν
3621 4992 3691 5047 τὸ

2112 5089 2349 5159 σπέρμα
2372 5085 2557 5142 αὑτοῦ
2590 5086 2715 5156 μετ’
2741 5085 2947 5139 αὐτοῦ.
2973 5085 3199 5157 Σπέρμα
3230 5084 3328 5155 μὲν
3346 5083 3438 5138 νῦν
3465 5081 3561 5136 τοῦ
3593 5084 3696 5136 Ἰα-

2117 5182 2231 5237 κὼϐ
2259 5181 2540 5235 λέλεκται·
2573 5177 2822 5250 ἀνωτέρω
2845 5177 2900 5230 δὲ
2933 5177 3036 5229 υἱοὶ
3080 5176 3315 5249 Ἰσραήλ.
3346 5175 3491 5247 Πλὴν
3531 5176 3695 5248 εἴπερ

2129 5273 2343 5337 Ἰακὼϐ,
2369 5273 2461 5325 καὶ
2490 5272 2597 5324 πᾶν
2621 5270 2683 5323 τὸ
2722 5268 2940 5339 σπέρμα
2972 5268 3134 5322 αὐτοῦ
3185 5268 3430 5340 εἰσῆλοεν
3472 5269 3550 5331 εἰς
3598 5268 3692 5321 Αἴ-

2119 5383 2342 5436 γυπτον,
2366 5365 2466 5418 οὐκ
2486 5363 2730 5433 εἰσῆλθεν
2756 5363 2814 5415 δὲ
2843 5361 2971 5432 Ἦρ,
3019 5361 3115 5414 καὶ
3154 5361 3358 5427 Αὐνάν,
3402 5361 3503 5415 οὐκ
3547 5354 3691 5431 ἦσαν

2123 5459 2340 5528 σπέρμα
2367 5457 2461 5511 τοῦ
2496 5453 2707 5509 Ἰακώϐ.

2196 5585 2241 5619 ³⁸
2268 5584 2404 5643 Gen.
2434 5600 2563 5648 XLV,
2594 5583 2683 5638 20.
2795 5580 2841 5613 ⁴⁰
2869 5580 3002 5636 Gen.
3040 5593 3183 5646 XLVI,
3208 5579 3261 5633 4.
3373 5576 3414 5608 υ
3449 5574 3605 5639 ibid.,
3632 5573 3691 5631 5.

2795 5580 2841 5613 ⁴⁰
2869 5580 3002 5636 Gen.
3040 5593 3183 5646 XLVI,
3208 5579 3261 5633 4.
