4000 6146
357 266 445 321 ιιι

1761 270 1827 325 ΙΝ
1863 270 2178 329 GENESIM.

3484 286 3587 341 M2

422 378 737 453 Θυγατέρες
762 382 868 437 καὶ
897 384 1214 455 θυγατέρες
1234 385 1350 439 τῶν
1364 388 1699 457 θυγατέρων
1714 388 1899 442 αὐτοῦ

2095 388 2256 443 Filia:
2285 399 2333 443 et
2363 390 2488 459 ﬁlim
2512 391 2745 460 ﬁliarum
2776 408 2991 448 suarum
3025 392 3092 454 “.
3133 395 3302 453 Filias
3332 399 3584 456 \idelicet

367 478 588 550 δηλονότι
608 476 711 541 τὰς
741 477 1057 553 θυγατέρας
1084 481 1222 552 ἔχων
1264 481 1383 552 μεθ’
1438 482 1652 547 ἑαυτοῦ,
1681 483 1774 535 καὶ
1804 484 1894 537 τοὺ

2027 493 2209 533 secum
2246 479 2469 547 habens,
2518 482 2677 536 simul
2725 499 2937 554 quoque
2986 501 3217 558 generos
3262 491 3582 548 adducebat.

360 572 618 642 γαμϐροὺς
651 572 1019 639 συνεπάγετο.
1040 572 1112 622 Οὐ
1134 571 1241 643 γὰρ
1255 571 1498 643 ἠνείχετο
1516 572 1622 639 ἔξω
1633 573 1731 644 τῆς
1749 573 1899 628 οίκίαη

2025 569 2210 642 Neque
2258 572 2402 626 enim
2452 576 2801 631 sustinuisset
2827 589 2977 632 extra
3025 578 3132 649 50
3164 581 3380 635 domum
3430 599 3583 639 suam

359 661 512 717 αὑτοῦ
543 659 900 715 ἀποστέλλειν
930 663 1030 726 τὰς
1067 662 1388 733 θυγατέρας,
1426 665 1622 736 μήπως
1668 666 1899 737 τραπεῖε·

2022 662 2164 717 ﬁlias
2196 663 2487 732 abducere,
2522 680 2592 720 ne
2640 667 2707 721 ad
2763 667 3025 723 idolorum
3075 672 3277 726 cultum
3306 685 3585 732 converte-

358 756 430 817 είς
454 752 915 825 εἰδωλολατρείαν.

424 843 531 898 Τοῦ
554 843 763 899 αὐτοῦ.
792 845 860 897 Εἰ
903 844 977 915 μὴ
1006 844 1116 915 ἔχει
1146 844 1451 918 θυγατέρας
1482 848 1511 900 ὁ
1547 848 1759 914 Ἰακὼϐ,
1807 849 1922 913 πῶς

356 939 408 991 ai
439 936 736 1009 θυγατέρες
767 936 935 991 αὐτοῦ
967 937 1379 992 καταϐαίνουσιν
1406 940 1484 1003 είς
1510 939 1920 1013 Αἵγυπτον;Μὴ

352 1027 522 1081 τοίνυν
554 1027 962 1100 ἀλληγορεῖται.
1013 1030 1168 1101 Ἑξῆς
1199 1030 1255 1084 δὲ
1277 1030 1422 1099 λέγει
1457 1034 1521 1085 ἐκ
1558 1031 1721 1097 Λείας
1761 1030 1916 1099 εἶναι,

353 1120 439 1172 καὶ
463 1120 771 1191 θυγατέρας
794 1121 878 1189 λγ¹
901 1122 1060 1186 Δίνας
1086 1122 1495 1193 ὀνομασθείσης.

420 1304 612 1358 Ταῦτα
653 1303 722 1357 δὲ
758 1305 833 1358 τὰ
868 1306 1125 1374 ὀνόματα
1153 1305 1272 1359 τῶν
1310 1307 1456 1361 υἱῶν
1494 1307 1761 1376 Ἰσραὴλ,
1799 1306 1917 1362 τῶν

342 1395 740 1448 εὶσελθόντων
760 1394 1187 1463 είς-Αιγυπτον.
1218 1395 1383 1461 Υἱῶν,
1417 1397 1517 1450 οὐκ
1560 1396 1773 1463 Ἰακὼϐ,
1804 1397 1916 1449 ἀλλ’

356 1485 590 1556 Ἰσραὴλ,
644 1485 992 1540 εἰσελθόντων
1012 1527 1026 1552 ,
1054 1487 1112 1538 οὐ
1144 1487 1492 1542 καταϐάντων
1520 1491 1599 1552 είς
1624 1490 1913 1559 Αἴγυπτον,

342 1575 410 1629 τὰ
437 1576 678 1647 ὀνόματα
703 1576 876 1631 ταῦτά
906 1578 1073 1630 ἐστιν.

408 1668 780 1734 Πρωτότοκος
840 1668 1066 1732 Ἰακὼϐ,
1134 1667 1422 1739 Ῥουϐὴμ,
1494 1672 1587 1724 καὶ
1642 1670 1709 1724 τὰ
1765 1670 1909 1742 ἑξῆς.

2024 764 2234 808 ῐοηιυγ.

2092 838 2365 910 Ejusdem.
2429 842 2486 898 Si
2519 843 2684 901 Iacob
2742 846 2881 901 ﬁlias
2930 864 3035 903 non
3080 853 3265 920 habet,
3314 858 3583 922 quomodo

2022 934 2144 988 ﬁliae
2184 933 2301 1002 ejus
2333 936 2667 991 descendunt
2716 938 2769 991 in
2798 938 3135 1012 Egyptum?
3170 943 3304 998 Vide
3351 959 3480 1014 ergo
3513 961 3581 1000 ne

2019 1042 2116 1097 per
2148 1027 2461 1097 allegoriam
2510 1030 2625 1084 haec
2653 1030 2920 1086 dicantur.
2960 1030 3017 1084 In
3072 1035 3422 1102 sequentibus
3452 1038 3583 1092 dicit

2019 1129 2084 1169 ex
2114 1114 2207 1170 Lia
2235 1132 2381 1184 esse,
2423 1129 2477 1174 et
2506 1119 2646 1176 ﬁlias
2693 1121 2912 1193 triginta
2946 1130 3056 1178 tres
3106 1124 3251 1178 illius
3297 1140 3417 1194 qua:
3445 1127 3581 1183 Dina

2017 1208 2333 1262 v0r-abatur.
2398 1278 2404 1285 _

2094 1296 2223 1353 Huic
2246 1309 2369 1354 sunt
2399 1303 2610 1356 nomina
2638 1303 2868 1371 ﬁliorum
2900 1303 3072 1359 Israel
3095 1304 3188 1375 qui
3214 1307 3433 1376 ingressi
3458 1322 3578 1365 sunt

2017 1390 2073 1442 in
2104 1388 2397 1460 Egyptum
2420 1392 2485 1447 ⁸⁵.
2528 1393 2653 1447 Haec
2686 1402 2811 1448 sunt
2839 1395 3055 1449 nomina
3080 1396 3312 1453 ﬁliorum
3348 1415 3452 1453 non
3484 1399 3579 1455 Ia-

2017 1481 2140 1546 cob,
2178 1484 2272 1536 sed
2314 1483 2502 1548 Israel,
2552 1484 2642 1553 qui
2695 1484 2926 1556 ingressi
2957 1496 3104 1553 sunt,
3140 1504 3246 1544 non
3283 1490 3579 1548 descende-

2017 1564 2145 1625 ru’nt
2177 1573 2228 1626 in
2260 1572 2573 1645 Egyptum.

2089 1660 2478 1733 Primogenitus
2528 1666 2716 1731 Iacob,
2752 1667 2929 1723 Ruben
2950 1669 3019 1737 “,
3063 1681 3171 1727 etc.
3230 1672 3361 1728 Cum
3412 1690 3576 1745 supra

354 1754 629 1826 Ἀνωτέρω
681 1755 849 1810 εἰπὼν
895 1756 964 1810 τὰ
1005 1758 1243 1828 ὀνόματα
1292 1759 1400 1812 τῶν
1463 1760 1593 1813 υἱῶν
1635 1757 1772 1815 εἶναι
1818 1760 1899 1815 τοί

2017 1753 2217 1809 dixerit
2239 1771 2364 1811 esse
2395 1760 2615 1814 nomina
2642 1760 2874 1815 ﬁliorum
2907 1761 3090 1829 Israel,
3118 1780 3262 1821 nunc
3289 1768 3364 1822 ait
3387 1741 3572 1825 Jacobi

354 1847 582 1917 Ἰσραὴλ,
615 1847 713 1902 νῦν
736 1849 831 1902 τοῦ
888 1848 1081 1902 Ἰακὼϐ
1106 1845 1242 1903 εἶναι
1268 1852 1607 1922 πρωτότοκόν
1644 1871 1776 1926 φησι
1822 1856 1913 1910 τὸν

355 1944 541 2014 Ῥουϐή
551 1961 612 2014 μ.

412 2034 518 2088 Τοῦ
542 2035 755 2091 αὐτοῦ.
788 2038 1150 2110 Σημειωτέον,
1192 2041 1274 2093 ὅτι
1323 2041 1419 2096 σὺν
1456 2042 1568 2106 τοῖς
1605 2044 1911 2114 γενομένοις

338 2128 391 2179 ἐν
418 2130 484 2199 γῇ
520 2128 744 2183 Χαναὰν
778 2129 915 2195 υἱοῖς
958 2130 1150 2185 Ἰακὼϐ
1180 2132 1403 2204 ἀριθμεῖ
1435 2136 1630 2200 αὐτοὺς
1669 2138 1909 2202 καὶτοὺς

335 2220 391 2272 ἐν
411 2218 674 2292 Αἰγύπτῳ
724 2220 886 2286 ὄντας
929 2224 1075 2288 υἱοὺς
1128 2225 1346 2296 Ἰωσήφ.
1397 2225 1768 2297 Συμϐάλλεται
1801 2226 1908 2299 γὰρ

332 2311 485 2365 τοῦτο
509 2314 591 2376 είς
614 2313 675 2366 τὸ
699 2313 827 2385 ἑξῆς
860 2315 1021 2386 ῥητὸν
1072 2318 1199 2388 περ)⁹
1224 2317 1294 2370 τὰ
1321 2318 1449 2388 τέλη
1469 2358 1483 2383 ,
1531 2317 1661 2373 ἔνθα
1704 2320 1865 2389 φησίν
1890 2338 1903 2350 ο

347 2402 505 2470 Ἐμοί
553 2406 714 2459 εἰσιν
766 2406 1011 2476 Ἑφραῒμ
1037 2408 1134 2462 καὶ
1160 2407 1482 2478 Μανασσῆ,
1526 2410 1606 2476 ὠς
1651 2410 1907 2482 Ῥουϐὴμ

336 2494 432 2547 καί
447 2494 713 2564 Συμεών.

399 2587 505 2640 Καὶ
554 2584 726 2641 εἶπεν
766 2588 1010 2657 Ἰσραὴλ
1053 2589 1203 2658 πρὸς
1244 2590 1466 2660 Ἰωσήφ
1493 2607 1508 2623 ο
1553 2592 1904 2647 Ἀποθανοῦυ

324 2695 425 2747 μαι
454 2679 577 2735 ἀπὸ
603 2680 710 2734 τοῦ
737 2680 875 2748 νῦν,
912 2682 1039 2739 ἐπεὶ
1074 2681 1301 2750 ἑώρακα
1328 2682 1393 2736 τὸ
1418 2685 1740 2751 πρόσωπόν
1762 2700 1900 2739 σου.

334 2771 455 2823 Ἔτι
481 2771 593 2840 γὰρ
624 2772 706 2825 σὺ
732 2772 861 2840 ζῇς.
889 2773 1205 2845 Θαυμαστόν
1240 2776 1355 2827 ἐστι
1387 2774 1477 2829 τὸν
1510 2775 1796 2847 γενόμενον
1844 2779 1903 2831 ἐν

327 2860 583 2934 Αἰγύπτῳ
618 2863 692 2935 μὴ
719 2864 980 2935 βλαϐῆναι
1023 2866 1129 2919 ἀπὸ
1155 2865 1263 2919 τῶν
1294 2866 1624 2935 Αἰγυπτίων,
1653 2867 1747 2920 καὶ
1789 2869 1903 2938 μεῖ-

326 2972 411 3007 ναι
465 2956 525 3008 ὲν
587 2958 653 3026 τῇ
717 2956 859 3010 κατὰ
926 2957 1056 3010 Θεὸν
1116 2958 1252 3028 ζωῇ.
1294 2958 1491 3029 Διόπερ
1541 2957 1830 3028 θαυμάζων
1870 2961 1899 3011 ὁ

340 3044 552 3112 Ἰακὼϐ,
584 3042 703 3100 εἷπε
728 3046 806 3119 τῷ
850 3047 1046 3121 Ἰωσὴφ
1069 3048 1149 3113 τὸ,
1180 3050 1301 3102 Ἔτι
1324 3049 1434 3118 γὰρ
1458 3048 1538 3103 σὺ
1566 3048 1688 3117 ζῇς.

395 3137 678 3207 Ποιμένες
725 3139 1030 3207 προϐάτων
1069 3143 1123 3194 οἱ
1161 3140 1368 3207 παῖδές
1416 3157 1533 3194 σου
1569 3142 1639 3194 ἐκ
1686 3140 1897 3208 παιδὸς

320 3227 431 3294 ἕως
451 3227 560 3281 τοῦ
579 3228 715 3283 νῦν.
735 3269 748 3282 .
773 3271 788 3284 .
808 3271 824 3284 .
847 3231 1039 3284 Εἶπαν
1059 3229 1126 3283 δὲ
1151 3229 1358 3299 Φαραώ
1408 3231 1720 3299 Παροικεῖν
1733 3231 1803 3284 ἐν
1821 3230 1897 3300 τῇ

320 3317 400 3386 τῇ
426 3318 674 3387 ἥκαμεν·
707 3318 1175 3393 Παρῥησιάξονται
1201 3322 1264 3375 τὸ
1291 3321 1548 3392 ποιμένες
1588 3316 1726 3375 εἷναι
1760 3321 1895 3393 πρὸς

323 3408 413 3461 τὸν
436 3408 656 3481 Φαραώ.
698 3408 863 3477 Εἶτα,
901 3413 989 3466 ἴνα
1026 3413 1098 3484 μὴ
1140 3412 1385 3485 ταραχθῇ
1426 3412 1659 3485 Φαραὼ,
1690 3414 1891 3484 φασίν⁶

322 3502 637 3570 Παροικεῑῖφ⁸
654 3502 724 3556 ἐν
744 3502 820 3571 τῇ
842 3502 922 3573 τῇ
944 3504 1192 3575 ἥκαμεν.

384 3586 531 3645 Εἶπε
551 3592 620 3645 δὲ
645 3593 853 3662 Φαραὼ
874 3594 956 3660 τῷ
995 3594 1233 3664 Ἰωσὴφ,
1261 3593 1457 3665 λέγων
1474 3612 1488 3627 ο
1516 3595 1894 3649 Κατοικείτω-

322 3697 445 3738 σαν
469 3685 637 3754 ἐνγῇ
659 3685 878 3757 Γεσέμ.
924 3688 1136 3760 Ἐπειδὴ
1159 3690 1215 3741 ὲν
1237 3692 1346 3752 τοῖς
1366 3687 1726 3756 Τετραπλοῖς
1757 3685 1889 3757 (49),

322 3777 379 3843 ἐξ
401 3771 477 3832 ὧν
498 3777 677 3830 καὶτὸ
707 3778 1034 3852 ἀντίγραφον
1071 3778 1373 3850 μετελήφθη
1409 3777 1545 3849 πρὸς
1576 3777 1667 3830 τὸν
1704 3777 1892 3848 εἱρμὸν

318 3868 407 3921 τὸν
435 3871 494 3924 ἐν
527 3868 603 3940 τῷ
639 3869 906 3941 Ἐϐραῖκῷ
937 3870 1028 3924 καὶ
1065 3872 1182 3934 ταῖς
1227 3869 1412 3933 ἄλλαις
1459 3868 1734 3933 ὲκδόσεσι,
1780 3869 1891 3923 δεί-

319 3978 509 4014 κνυται
532 3961 626 4014 καὶ
651 3963 683 4033 ἡ
707 3962 1225 4034 τῶνἙϐδομήκοντα
1249 3963 1305 4016 ἕν
1321 3979 1431 4015 τισι
1448 3963 1634 4026 τόποις
1661 3978 1887 4033 μετατε-

319 4050 493 4116 θείσα,
524 4053 600 4116 di;
630 4052 698 4105 τὰ
730 4053 918 4124 πρῶτα
952 4052 1169 4125 ὕστερα,
1224 4054 1317 4109 καὶ
1343 4051 1412 4106 τὰ
1459 4052 1661 4125 ὕστερα
1696 4054 1890 4125 πρῶτοι

2010 1848 2429 1920 primogenitum
2462 1867 2580 1907 esse
2608 1852 2820 1907 Ruben.

2079 2030 2356 2102 Ejusdem.
2400 2032 2807 2089 Observandum
2859 2046 2941 2093 est
2989 2040 3131 2095 natis
3167 2040 3220 2095 in
3253 2048 3395 2097 terra
3429 2043 3567 2099 Cha-

2009 2139 2149 2179 naan
2185 2126 2312 2180 ﬁliis
2336 2125 2523 2192 Iacob,
2553 2131 2897 2185 annumerari
2945 2132 3106 2189 etiam
3137 2136 3278 2203 ipsos
3307 2137 3359 2191 in
3395 2136 3567 2208 [Egy-

2011 2228 2099 2284 pto
2148 2228 2307 2272 natos
2354 2217 2493 2273 ﬁlios
2522 2216 2744 2289 Ioseph.
2806 2221 3239 2280 Consentaneum
3290 2228 3434 2281 enim
3466 2229 3568 2284 hoc

2007 2315 2090 2360 est
2129 2306 2196 2361 iis
2223 2322 2342 2376 quae
2387 2307 2527 2361 infra
2556 2311 2703 2363 circa
2746 2309 2909 2367 ﬁnem
2945 2313 3090 2367 dicta
3120 2324 3246 2370 sunt
3275 2338 3288 2371 :
3318 2315 3425 2370 Mei
3445 2328 3568 2372 sunt

2007 2395 2265 2466 Ephraint
2289 2408 2336 2452 et
2364 2398 2663 2466 Manasses,
2685 2401 2819 2455 sicut
2847 2401 3025 2459 Ruben
3047 2414 3095 2459 et
3119 2404 3329 2461 Simeon
3356 2409 3421 2460 ⁸⁷.

2079 2580 2143 2634 Et
2169 2583 2302 2636 dixit
2333 2582 2505 2638 Israel
2552 2585 2619 2638 ad
2650 2584 2850 2655 Ioseph
2890 2603 2909 2640 :
2946 2586 3149 2643 Moriar
3174 2591 3385 2656 amatio,
3433 2609 3566 2663 quo-

2006 2656 2152 2727 niam
2185 2674 2292 2728 vidi
2314 2674 2506 2744 {aciem
2533 2686 2700 2730 tuam.
2740 2677 2923 2731 Adhuc
2956 2680 3093 2732 enim
3115 2682 3238 2735 vicis
3260 2682 3325 2735 ⁸⁸.
3363 2682 3566 2739 Miran-

2005 2765 2133 2821 dum
2161 2765 2288 2821 illud
2313 2776 2415 2829 est,
2446 2783 2568 2823 eum
2592 2769 2680 2838 qui
2702 2768 2867 2824 fuerit
2891 2771 2941 2823 in
2960 2769 3214 2843 Egypto,
3242 2772 3428 2830 laesum
3454 2791 3562 2832 non

2002 2856 2170 2912 fuisse
2190 2858 2256 2912 ab
2273 2856 2568 2928 Egyptiis,
2596 2870 2649 2916 et
2676 2861 2939 2917 mansisse
2961 2863 3012 2916 in
3036 2878 3097 2918 ea
3123 2879 3241 2934 quae
3268 2866 3561 2923 secundum

2001 2945 2171 3002 Deum
2210 2958 2295 3004 est
2340 2950 2473 3004 vita.
2529 2952 2894 3016 Quamobrem
2939 2954 3167 3011 miratus
3210 2954 3375 3015 Iacob
3427 2962 3562 3019 dixit

2000 3040 2234 3112 Iosepho
2268 3061 2281 3097 :
2315 3043 2499 3097 Adhuc
2525 3044 2661 3098 enim
2682 3046 2828 3099 vivis.

2070 3132 2318 3188 Pastores
2346 3137 2517 3188 ovium
2543 3135 2677 3189 servi
2703 3138 2781 3190 tui
2800 3136 2864 3190 ab
2888 3137 3121 3206 infantia
3137 3157 3298 3211 usque
3318 3158 3556 3200 nunc....

1995 3226 2260 3281 Dixerunt
2301 3236 2477 3280 autem
2520 3223 2792 3281 Pharaoni
2829 3240 2850 3280 :
2896 3229 2978 3281 Ad
3017 3232 3454 3301 peregrinandum
3500 3235 3558 3288 in

1996 3326 2138 3372 terra
2172 3318 2402 3372 venimus
2427 3317 2494 3371 ⁸³.
2537 3316 2730 3373 Libere
2765 3318 3087 3387 proﬁtentur
3113 3337 3294 3376 coram
3316 3323 3557 3380 Pharao-

1995 3423 2066 3463 ne
2096 3422 2156 3463 se
2202 3422 2321 3463 esse
2366 3418 2631 3477 pastores.
2674 3409 2878 3464 Deinde
2927 3426 2995 3465 ne
3046 3412 3293 3466 turbetur
3322 3413 3553 3478 Pharao,

1995 3500 2149 3555 aiunt
2186 3518 2201 3555 :
2232 3500 2315 3552 Ad
2348 3501 2788 3570 peregrinandum
2816 3502 2870 3556 in
2900 3511 3041 3556 terra
3067 3504 3319 3558 venimus.

2063 3593 2214 3647 Dixit
2256 3590 2473 3647 Pharao
2503 3595 2572 3646 ad
2602 3592 2798 3662 Ioseph
2838 3608 2858 3647 :
2892 3593 3140 3648 Habitent
3179 3596 3234 3650 in
3271 3605 3409 3650 terra
3453 3596 3555 3652 Ge-

1993 3700 2099 3738 sem
2121 3685 2188 3737 ⁸ο.
2234 3684 2679 3754 Quandoquidem
2715 3685 2765 3738 in
2796 3683 3071 3752 Tetraplis,
3112 3688 3251 3740 unde
3279 3689 3554 3754 ext‘mplar

1993 3777 2290 3832 secundum
2342 3776 2536 3831 seriem
2572 3775 2826 3830 llehraici
2877 3776 3216 3846 aliarumque
3255 3778 3366 3831 edit
3389 3793 3550 3832 onum

1995 3876 2417 3935 transsumptum
2439 3874 2544 3929 est,
2567 3865 2887 3929 ostenditur,
2918 3864 3262 3936 Septuaginta
3287 3867 3554 3938 Interpre-

1994 3969 2104 4012 tum
2136 3957 2427 4012 editionem
2461 3957 2665 4026 aliquot
2700 3957 2752 4011 in
2782 3956 2915 4011 locis
2949 3959 3327 4028 transpositam
3358 3959 3547 4029 fuisse,

1991 4050 2062 4105 ita
2093 4058 2151 4104 ut
2179 4064 2298 4120 quae
2329 4048 2510 4119 priora
2535 4057 2716 4112 erant,
2746 4050 3049 4118 posterius;
3081 4065 3199 4119 quae
3223 4053 3547 4121 posteriora,

316 4143 569 4212 γενέσθαι
594 4161 607 4174 ·
644 4144 779 4216 ὅπερ
809 4145 901 4219 καὶ
923 4144 1150 4198 ἐνταῦθα
1176 4145 1371 4216 εὑρέθη
1407 4145 1669 4198 παθοῦσα·
1700 4145 1886 4199 τούτου

2001 4141 2137 4208 prius
2190 4141 2506 4196 locarentur
2542 4159 2557 4193 :
2588 4141 2731 4210 quod
2765 4142 2864 4195 hoc
2896 4140 3058 4195 etiam
3107 4143 3228 4198 loc'o
3260 4144 3363 4212 ipsi
3407 4144 3549 4199 acci-

316 4236 476 4308 χάριν
504 4236 897 4308 παρεθήκαμεν
940 4236 1277 4291 ἀκολουθίαν.
1306 4238 1461 4290 Ἔστι
1490 4237 1547 4290 δὲ
1580 4234 1718 4307 αὕτη
1741 4253 1755 4267 ’
1788 4236 1884 4308 τῷ,

315 4327 763 4398 Κατοικήσομεν
797 4330 851 4381 οὶ
878 4326 1081 4394 παῖδές
1118 4340 1233 4381 σου
1269 4328 1339 4380 ἐν
1380 4326 1458 4398 γῆ
1503 4325 1722 4396 Γεσὲμ,
1762 4345 1887 4382 συν-

1988 4235 2133 4289 disse
2163 4232 2588 4303 deprehenditur
2631 4256 2642 4287 :
2672 4232 2795 4287 ideo
2823 4248 3007 4288 veram
3040 4236 3235 4290 seriem
3265 4236 3350 4291 hic
3378 4251 3548 4306 appo-

1987 4327 2218 4391 suimus,
2253 4339 2374 4393 quae
2416 4324 2494 4380 sic
2522 4326 2705 4381 habet.
2749 4325 2843 4381 His
2880 4327 3061 4381 verbis
3116 4344 3129 4381 :
3178 4326 3545 4382 llabitabimus

316 4418 548 4472 ἅπτεται
576 4418 656 4481 τὸ,
691 4414 839 4472 Eine
864 4417 931 4470 δὲ
947 4417 1153 4486 Φαραὼ
1178 4416 1257 4483 τῷ
1280 4416 1500 4487 Ἰωσήφ
1526 4435 1545 4485 1
1581 4418 1878 4472 Κατοικεί-

2001 4419 2127 4472 meri
2152 4420 2227 4471 tui
2251 4419 2305 4471 in
2328 4426 2467 4472 terra
2494 4415 2694 4481 Gesem,
2724 4418 3064 4489 subjungitur
3082 4419 3233 4485 illud,
3260 4419 3411 4474 Dixit
3444 4438 3545 4474 au-

312 4528 520 4566 τωσαν
544 4512 615 4565 ἐν
638 4511 715 4581 τῇ
736 4514 951 4581 Γεσέμ.
995 4514 1066 4566 Ei
1088 4510 1156 4565 δὲ
1211 4510 1448 4580 ἐπίστῃ,
1490 4511 1581 4564 ὅτι
1625 4509 1784 4564 εἰσιν
1811 4511 1882 4566 ἐν

2001 4523 2086 4562 ‘em
2107 4508 2317 4562 Pharao
2345 4508 2539 4576 Ioseph
2564 4526 2582 4563 :
2610 4508 2863 4564 Habitent
2890 4512 2944 4564 in
2973 4519 3111 4566 terra
3135 4511 3338 4568 Gesem.
3371 4511 3430 4567 Si
3455 4530 3546 4567 au-

313 4605 517 4671 αὐτοῗς
536 4622 550 4635 ο
582 4604 677 4658 καὶ
707 4603 775 4658 τὰ
812 4603 953 4676 ἑξῆς.

375 4698 445 4749 Et
467 4695 537 4748 δὲ
557 4694 774 4763 ἐπίστῃ
800 4693 887 4746 ὅτι
908 4693 1066 4747 εἰσιν
1090 4692 1161 4746 ἐν
1188 4691 1392 4760 αὐτοῖς
1414 4691 1679 4756 δυνατοὶ,
1706 4689 1882 4745 κατά-

1987 4609 2087 4654 tem
2115 4601 2313 4655 noueris
2349 4603 2487 4671 quod
2517 4601 2621 4654 sint
2654 4602 2709 4655 in
2732 4603 2827 4665 eis,
2857 4614 2964 4657 etc.

2058 4690 2118 4746 Si
2146 4702 2318 4746 autem
2346 4694 2544 4748 noveris
2585 4695 2725 4760 quod
2754 4695 2855 4749 sint
2894 4695 2949 4749 in
2975 4695 3047 4748 eis
3081 4695 3264 4766 fortes,
3289 4699 3545 4753 constitue

314 4800 551 4855 στησον
582 4785 804 4850 αὐτοὺς
826 4783 1118 4853 ἄρχοντας
1140 4783 1261 4838 τῶν
1282 4782 1437 4855 ἐμῶν
1460 4782 1717 4853 κτηνῶν.
1742 4783 1881 4847 Τοὺς

2001 4785 2104 4839 'llos
2125 4786 2382 4855 principes
2410 4801 2650 4853 pecorum
2669 4803 2897 4841 meorum
2916 4787 2983 4842 ".
3027 4786 3215 4844 Fortes
3241 4789 3405 4845 Israel
3432 4790 3545 4846 vult

314 4878 407 4933 τοῦ
449 4878 664 4950 Ἰσραὴλ
680 4877 936 4939 δυνατοὺς
947 4874 1146 4947 Φαραὼ
1166 4874 1412 4947 βούλεται
1441 4876 1704 4947 ἄρχοντας
1723 4891 1881 4928 κατα-

1983 4875 2196 4929 Pluarao
2246 4877 2517 4946 principes
2571 4878 2826 4931 constitui
2860 4877 3228 4950 [Egyptiorum
3260 4894 3538 4949 pecorum.

316 4971 511 5042 στῆσαι
525 4970 833 5040 Αἰγυπτίων
870 4967 1100 5038 κτηνῶν.
1122 4967 1190 5020 Εἴ
1203 4984 1286 5030 τις
1310 4966 1367 5018 δέ
1399 4967 1514 5019 ἐστι
1539 4965 1632 5018 τοῦ
1664 4964 1880 5036 Ἰσραὴλ

2001 4964 2041 5019 Si
2081 4965 2202 5035 quis
2230 4975 2408 5020 autem
2461 4967 2514 5020 in
2567 4964 2730 5021 lsrael
2784 4967 2939 5023 fortis
2989 4977 3093 5034 est,
3128 4968 3300 5040 fugiat
3347 4970 3538 5024 horum

314 5063 555 5127 δυνατὸς,
591 5062 835 5133 φευγέτω
850 5062 909 5116 τὸ
924 5060 1018 5114 ἐπὶ
1048 5058 1256 5123 τούτοις
1290 5057 1555 5129 βούλημα.

379 5157 489 5212 Καὶ
519 5153 858 5225 εὐλογήσας
897 5150 1104 5206 Ἰακὼό
1123 5150 1229 5205 τὸν
1248 5148 1475 5218 Φαραὼ,
1500 5146 1755 5217 ἐξῆλθεν
1774 5148 1876 5202 ἀπ’

1982 5058 2290 5112 consilium.

2053 5148 2121 5203 Et
2167 5167 2284 5204 cum
2331 5149 2671 5203 benedixisset
2722 5147 2888 5205 Iacob
2932 5149 3224 5217 Pharaoni,
3277 5148 3538 5205 exivit’ab

315 5247 517 5303 αὐτοῦ.
579 5248 696 5301 Οὐκ
751 5245 851 5310 ἂν,
909 5243 1111 5297 δίκαιον
1168 5241 1466 5312 εὐλογήσας
1488 5279 1502 5304 ,
1564 5239 1659 5294 ἀπ’
1717 5239 1878 5293 αὐτοῦ

2001 5245 2127 5298 νου.
2172 5242 2229 5297 Si
2262 5242 2626 5298 benedixisset
2669 5240 2833 5310 justo,
2890 5257 2994 5297 non
3045 5243 3300 5297 cxivissct
3331 5241 3401 5297 ab
3446 5255 3535 5296 eo.

315 5341 519 5413 ἐξῆλθε.
580 5338 850 5411 Ζητητέον
893 5335 949 5390 δὲ
997 5335 1179 5389 εἴποτε
1233 5333 1387 5402 ἅγιόν
1452 5351 1532 5397 τις
1579 5331 1879 5420 εὐλογήσας

2001 5335 2334 5403 Quaerendum
2356 5348 2485 5390 vero
2505 5348 2572 5389 an
2590 5334 2877 5405 quispiam,
2898 5333 3361 5403 benedictojusto,
3388 5333 3540 5388 exie-

357 5447 791 5514 “Gen.xr.v1,7.
842 5445 1037 5504 “Gen.
1070 5463 1216 5512 xui,
1245 5449 1300 5504 8.
1374 5447 1421 5479 “
1466 5446 1601 5502 Ibid.

315 5523 623 5593 “lbid.,4.
697 5523 745 5554 ιι
778 5520 914 5577 lbid.
989 5519 1307 5573 "lbid.10.

1707 5445 1751 5478 ‘7
1799 5445 2129 5519 Gen.x1.vul,
2161 5448 2215 5504 5.

2325 5449 2372 5481 ⁵⁸
2398 5448 2536 5504 Gen.
2566 5463 2717 5512 XLVI,
2753 5447 2842 5502 50.
2919 5447 2965 5479 ’⁵³
3002 5448 3138 5505 Gen.
3170 5462 3305 5509 xvn.
3335 5447 3369 5501 5
3394 5454 3450 5499 et
3475 5443 3533 5500 4.

366 5626 475 5698 (49)
506 5617 859 5698 Ἑπειδῄκὲν
898 5616 1023 5685 τοῖς
1051 5612 1423 5684 Τετραπλοῐς,
1478 5622 1583 5671 etc.
1615 5611 1794 5671 Edidit
1836 5612 1899 5670 hc

2001 5616 2334 5684 ragmentum
2368 5606 2818 5666 Montefalconius
2861 5613 3048 5662 noster
3102 5616 3234 5664 tom.
3280 5607 3303 5664 Ι
3352 5607 3531 5662 Hm-

307 5689 519 5768 plarum,
548 5709 682 5766 pag.
716 5689 809 5745 52.
