4000 6146
494 303 596 358 145
1933 301 2262 358 ORIGENIS’
2640 337 2648 347 -
3638 305 3664 358 I
3675 306 3744 360 «£4

490 425 561 479 rit
590 423 658 478 ab
687 437 773 479 eo.
815 421 881 476 Et
904 421 991 476 hic
1017 421 1233 492 quidem
1260 419 1591 479 benedicens
1629 423 1924 494 egreditur,
1961 441 2021 479 su

2153 421 2392 493 ἀπῆλθεν
2435 425 2528 476 ἀπ’
2567 423 2752 477 αὐτοῦ.
2800 425 2909 479 Καὶ
2958 424 3143 478 ἐνθάδε
3183 425 3281 495 μὲν
3308 425 3552 494 εὐλογῶν
3582 426 3739 497 ἀέρ’

487 530 587 585 pra
635 530 764 572 vero
810 514 980 570 Iacob
1035 515 1408 569 benedictione
1470 515 1757 586 impetrata
1812 516 2025 585 ingredi

2152 532 2330 587 χεται·
2373 515 2625 586 ἀνωτέρω
2653 517 2708 570 δὲ
2735 519 2763 569 ὁ
2801 517 2992 570 Ἰακὼϐ
3038 517 3286 584 εὐλογίας
3329 518 3509 588 τυχὼν
3556 517 3740 590 εἰσέρ-

489 617 598 662 tur.

2151 625 2321 679 χεται.

558 695 660 766 51
699 695 768 750 Et
804 697 981 750 intulit
1025 696 1218 765 Ioseph
1259 714 1410 752 omne
1451 706 1726 767 argentum
1759 698 1811 751 in
1837 700 2025 752 domun

2218 698 2330 752 Kal
2383 696 2732 766 εἰσήνεγκεν
2773 698 2983 766 Ἰωσὴφ
3026 695 3148 752 πᾶν
3181 698 3246 751 τὸ
3294 699 3588 767 ἀργύριον
3645 699 3736 761 εἰς

490 785 783 842 Pharaonis
805 789 873 845 ⁵³.
899 788 960 842 Et
988 803 1093 856 quo
1125 805 1221 857 par
1245 798 1364 843 erat
1395 805 1554 844 omne
1577 800 1855 859 argentum
1881 789 2016 860 Algy

2148 791 2255 844 τὸν
2299 787 2467 845 οἷκον
2512 787 2736 858 Φαραώ.
2789 790 2896 842 Καὶ
2925 790 3026 842 ποῦ
3073 790 3178 843 ἔδει
3209 793 3318 843 πᾶν
3358 791 3417 843 τὸ
3446 791 3736 859 Αἰγύπτου

486 879 563 949 pti
591 893 645 935 et
668 881 924 936 Chanaan
957 881 1167 944 inferri,
1201 881 1300 935 nisi
1333 881 1385 934 in
1419 883 1636 936 domum
1665 881 2001 935 Pharaonis?

2147 884 2404 955 ἀργύριον
2479 884 2572 937 καὶ
2625 883 2844 937 Χαναὰν
2908 881 3178 951 γενέσθαι,
3239 883 3272 954 ἢ
3331 885 3388 937 ὲν
3443 883 3529 953 τῷ
3598 885 3736 956 οτκῳ

2145 977 2223 1028 Φα
2231 975 2342 1047 pati)
2361 991 2376 1038 ;

557 1067 902 1123 ,ldduxerunt
927 1075 1100 1120 autem
1128 1082 1314 1136 pecora
1338 1081 1434 1120 sua
1467 1065 1538 1118 ad
1558 1063 1776 1134 Ioseph,
1808 1075 1859 1119 et
1902 1067 2022 1119 dedi

2217 1070 2470 1139 'Hraqmr
2505 1067 2574 1121 δὲ
2612 1068 2684 1120 τὰ
2714 1066 2901 1134 κτήνη
2932 1065 3128 1120 αὐτῶν
3149 1067 3297 1135 πρὸς
3337 1067 3582 1136 Ἰωσὴφ,
3633 1067 3734 1121 καὶ

477 1161 557 1215 eis
578 1160 771 1227 Joseph
819 1174 978 1226 panes
1017 1174 1109 1226 pro
1158 1158 1325 1227 equis,
1365 1167 1412 1211 et
1446 1157 1647 1218 ovibus,
1690 1167 1738 1210 et
1784 1157 1962 1220 bobus,
1993 1173 2025 1209 e

2143 1159 2362 1213 ἔδωκεν
2411 1161 2614 1225 αὐτοῖς
2655 1160 2868 1228 Ἰωσὴφ
2905 1159 3122 1226 ἄρτους
3167 1161 3298 1214 ἀντὶ
3349 1159 3470 1214 τῶν
3502 1163 3727 1225 ἵππων,

479 1254 648 1306 asinis
687 1252 756 1305 ".
787 1249 903 1306 Non
947 1249 1236 1306 crudeliter
1274 1251 1378 1304 hoc
1419 1248 1550 1305 facit
1581 1249 1803 1318 Ioseph,
1829 1251 1920 1304 sed
1977 1265 2025 1302 nt

2144 1250 2242 1303 καὶ
2273 1251 2405 1304 ἀντὶ
2434 1249 2553 1304 τῶν
2579 1250 2904 1318 προϐάτων,
2935 1251 3031 1303 καὶ
3079 1250 3211 1304 ἀντὶ
3252 1251 3368 1304 τῶν
3397 1251 3596 1316 βοῶν,
3631 1253 3731 1306 καὶ

480 1345 736 1399 deﬁciant
773 1357 968 1414 pecora
1012 1342 1304 1411 pascendo,
1337 1351 1392 1397 et
1417 1352 1476 1396 ut
1513 1351 1699 1412 postea
1745 1342 1916 1412 gratis
1950 1341 2025 1394 illi

2141 1342 2274 1396 ἀντὶ
2304 1341 2420 1396 τῶν
2445 1341 2615 1396 ὄνων.
2641 1342 2754 1395 Οὐκ
2783 1341 2948 1412 ὠμῶς
2978 1341 3136 1394 τοῦτο
3180 1345 3324 1396 ποιεῖ
3361 1344 3588 1414 Ἰωσὴφ,
3611 1344 3730 1398 ἀλλ’

480 1435 742 1504 recipiant
763 1449 792 1488 a
813 1432 1114 1488 Pharaone.

2141 1431 2228 1484 ἵνα
2278 1433 2350 1503 μὴ
2394 1432 2611 1504 κάμωσι
2657 1432 2725 1486 τὰ
2762 1434 2926 1503 κτήνη
2973 1433 3284 1504 τρέφοντες,
3320 1434 3413 1486 καὶ
3450 1435 3543 1486 ἵνα
3589 1435 3726 1506 μετὰ

2139 1523 2312 1578 ταῦτα
2341 1525 2498 1596 χάριν
2518 1521 2657 1577 αὐτὰ
2681 1522 2934 1590 δέξωνται
2963 1525 3114 1595 παρὰ
3141 1524 3233 1577 τοῦ
3262 1522 3482 1596 Φαραώ.

551 1615 660 1671 Nec
681 1617 963 1686 quidquam
988 1615 1186 1668 residui
1222 1615 1368 1669 nobis
1390 1627 1462 1669 est
1489 1629 1664 1667 coram
1689 1612 1913 1666 Domino
1946 1627 2025 1664 no-

2211 1615 2323 1667 Καὶ
2340 1616 2451 1683 οὐχ
2479 1615 2868 1669 ὑπολείπεται
2893 1615 3038 1684 ἡμῖν
3065 1615 3341 1668 ἐναντίον
3373 1614 3486 1668 τοῦ
3499 1614 3724 1684 Κυρίου

475 1717 812 1776 stro,pra:ter
850 1705 1120 1774 proprium
1147 1721 1343 1773 corpus
1381 1712 1426 1756 et
1467 1714 1658 1756 terram
1703 1710 1937 1754 nostram
1967 1700 2025 1754 ⁵³.

2140 1705 2312 1775 ἡμῶν
2332 1707 2370 1774 ἢ
2400 1706 2470 1760 τὸ
2501 1705 2654 1760 ἴδιον
2678 1705 2849 1775 σῶμα
2882 1707 2979 1760 καὶ
3006 1708 3044 1775 η
3066 1706 3140 1776 γῆ
3176 1705 3360 1775 ἡμῶν.
3402 1706 3561 1759 Ἐπεὶ
3596 1707 3722 1778 περὶ

475 1803 743 1870 Quoniam
787 1803 853 1856 de
884 1802 1257 1872 peccatoribus
1299 1799 1496 1854 dicitur
1539 1799 1663 1852 illud
1694 1812 1708 1850 :
1735 1799 1877 1863 Quia
1913 1813 2025 1850 cart

2139 1768 2247 1850 τιῦν
2294 1768 2632 1869 ἁμαρτωλῶν
2679 1768 2896 1868 λέγεται
2945 1768 3160 1862 τδξᾸιᾶ
3200 1768 3265 1851 τὸ
3297 1795 3450 1851 εἶναι
3495 1768 3723 1864 αὐτοῦς

474 1905 596 1949 sunt
629 1897 697 1959 ⁵⁸,
729 1894 848 1949 ideo
879 1905 931 1948 et
958 1909 1100 1947 nunc
1143 1891 1378 1964 Egyptii
1411 1902 1594 1962 utpote
1639 1891 1843 1952 carnei,
1874 1889 2025 1944 relin-

2139 1890 2384 1957 σάρκας·
2434 1888 2522 1942 διὰ
2564 1889 2722 1942 τοῦτο
2755 1888 2850 1943 καὶ
2888 1889 2981 1943 νῦν
3027 1891 3332 1958 Αἰγύπτιοι,
3365 1889 3442 1953 ὡς
3494 1891 3718 1960 σάρκες,

474 1989 565 2057 qui
591 1988 692 2043 sibi
722 1987 907 2042 dicunt
942 2001 1047 2040 non
1090 1986 1346 2052 animam,
1376 1985 1470 2040 sed
1517 1984 1796 2053 propriutn
1839 1997 2025 2051 corpus

2139 1979 2516 2047 ὑπολελεῖφθαι
2547 1996 2708 2048 φασιν
2737 1980 2919 2042 αὐτοῖς
2948 1980 3066 2050 οὐχὶ
3093 1981 3288 2052 ψυχὴν,
3321 1980 3459 2034 ἀλλὰ
3495 1981 3559 2033 τὸ
3593 1981 3719 2033 ἴδιον

472 2092 523 2134 et
555 2091 753 2136 terram
781 2094 954 2135 suam.
988 2077 1101 2134 Hoc
1142 2089 1320 2133 autetn
1365 2077 1783 2132 existimandum
1817 2083 1902 2130 est
1927 2075 2025 2130 dici

2137 2071 2296 2142 σῶμα
2326 2071 2420 2125 καὶ
2456 2071 2555 2143 τὴν
2581 2071 2684 2142 γῆν
2723 2071 2919 2125 αὐτῶν.
2973 2071 3143 2124 Τοῦτο
3174 2073 3230 2124 δὲ
3278 2072 3566 2141 νομιστέον
3615 2071 3718 2125 ὑπὸ

475 2172 544 2226 ab
567 2170 816 2224 omnibus
843 2169 933 2238 qui
967 2184 995 2222 a
1032 2170 1139 2223 Deo
1169 2167 1329 2221 alieni
1359 2176 1506 2220 sunt.

548 2259 613 2315 Ut
639 2276 760 2332 ergo
790 2277 893 2314 non
922 2261 1212 2313 moriamur
1232 2273 1409 2310 coram
1437 2266 1509 2318 te,
1537 2273 1628 2311 nec
1669 2265 1810 2310 terra
1832 2255 2035 2309 deserta

469 2355 562 2416 sit,
584 2371 692 2408 eme
715 2370 806 2406 nos
834 2363 882 2406 et
927 2364 1120 2406 terram
1156 2361 1389 2404 nostram
1417 2349 1484 2403 ⁵⁷.
1515 2348 1710 2403 Coram
1751 2347 2035 2402 Pharaone

469 2448 655 2500 vivere
684 2445 870 2499 volunt
890 2442 1153 2514 Egyptii,
1186 2457 1289 2495 non
1315 2456 1496 2495 coram
1525 2440 1655 2496 Deo.

546 2626 818 2698 Ejusdem.
851 2625 1086 2699 Ᾱῑςγριίἰ
1136 2623 1458 2684 Pharaonis.
1486 2621 1658 2678 sancti
1701 2620 1890 2674 volunt
1913 2634 2032 2675 esse

469 2719 562 2775 Dei
595 2720 878 2789 mancipia.

537 2812 842 2866 lnvaluerat
884 2811 1022 2865 enim
1049 2813 1104 2864 in
1120 2826 1207 2865 eos
1236 2807 1400 2878 {ames
1424 2805 1763 2862 “.Videlicet
1790 2806 1842 2859 in
1866 2803 2032 2875 [Egy-

465 2907 632 2976 ptios.
687 2906 869 2975 Neque
909 2906 1052 2960 enim
1099 2903 1304 2958 dictum
1339 2901 1532 2956 fuisset
1574 2900 1639 2956 de
1669 2899 1858 2966 Israel,
1883 2899 2030 2969 quod

466 2997 760 3052 inualuerat
786 2998 841 3051 in
870 3012 956 3050 eos
997 2995 1186 3065 fames.

2135 2165 2353 2219 πάντων
2379 2164 2488 2217 τῶν
2515 2165 2807 2237 ἀλλοτρίων
2837 2165 2931 2218 τοῦ
2954 2164 3088 2218 Θεοῦ
3110 2164 3230 2233 λέγε
3240 2165 3382 2218 σθαι.

2207 2257 2332 2309 Ἵνα
2375 2249 2490 2308 οὖν
2510 2252 2597 2322 μὴ
2643 2252 3026 2322 ἀποθάνωμεν
3053 2253 3330 2307 ἐναντίον
3370 2269 3512 2317 σου,
3545 2253 3643 2307 καὶ
3676 2253 3712 2322 ἠ

2132 2345 2210 2414 γῆ
2253 2343 2545 2414 ἐρημωθῇ,
2599 2341 2812 2410 κτῆσαι
2853 2342 3010 2412 ἡμᾶς
3053 2344 3149 2397 καὶ
3198 2342 3310 2410 τὴν
3357 2341 3474 2413 γῆν
3522 2341 3709 2412 ἡμῶν.

2145 2437 2414 2490 Ἐναντίον
2445 2435 2538 2489 τοῦ
2559 2438 2756 2508 Φαραὼ
2795 2435 3037 2490 θέλουσιν
3059 2437 3108 2489 οἱ
3134 2435 3419 2505 Αἰγύπτιοι
3450 2435 3572 2507 ζῇν,
3615 2437 3711 2488 οὐκ

2131 2526 2368 2580 ἐναντίον
2405 2526 2560 2580 Θεοῦ.

2206 2615 2316 2672 Τοῦ
2340 2616 2546 2672 αὑτοῦ.
2564 2617 2766 2688 Κτῆμα
2788 2615 3064 2686 βούλονται
3083 2617 3132 2670 οἱ
3152 2615 3436 2684 Αἰγύπτιοι
3456 2615 3708 2684 γενέσθαι

2128 2709 2224 2764 τοῦ
2251 2709 2468 2782 Φαραὼ,
2495 2711 2570 2773 ὡς
2596 2711 2644 2762 ol
2672 2709 2817 2777 ἅγιοι
2840 2708 2934 2761 τοῦ
2961 2709 3117 2762 Θεοῦ.

2212 2800 2610 2869 Ἐπεκράτησε
2651 2800 2762 2870 γὰρ
2794 2799 2991 2854 αὐτῶν
3028 2803 3060 2854 o'
3095 2802 3288 2870 λιμός.
3317 2801 3574 2872 Δηλονότι
3601 2800 3705 2853 τῶν

2128 2893 2458 2962 Αἰγυπτίωνο
2496 2893 2556 2945 οὐ
2580 2891 2688 2963 γὰρ
2720 2891 2786 2946 ἂν
2809 2894 3022 2964 εἴρηται
3044 2894 3169 2964 περὶ
3197 2893 3290 2945 τοῦ
3333 2893 3573 2965 Ἰσραὴλ,
3623 2895 3705 2947 ὅτι

2127 2984 2540 3054 ἐπεκράτησεν
2569 2983 2767 3038 αὐτῶν
2793 2987 2825 3038 ὁ
2856 2986 3050 3054 λιμός.

539 3088 605 3143 Et
648 3088 972 3157 confortatus
994 3087 1159 3141 Iacob
1181 3085 1313 3140 sedit
1341 3086 1395 3139 in
1432 3084 1563 3139 lecto
1590 3085 1655 3136 '9.
1681 3082 2025 3138 Confortatus

2197 3079 2308 3132 Καὶ
2333 3079 2667 3147 ἐνισχύσας
2709 3076 2906 3131 Ἰακὼϐ
2921 3076 3199 3132 ἐκάθισεν
3221 3076 3315 3128 ἐπὶ
3335 3075 3450 3143 τὴν
3474 3075 3698 3142 κοίτην.

465 3183 626 3250 sedit,
663 3191 724 3236 ut
755 3181 934 3235 divino
972 3178 1152 3234 alllatu
1179 3181 1367 3250 plenos
1411 3181 1682 3248 proferret
1723 3190 2026 3232 sermones.

467 3275 672 3345 Opinor
699 3283 878 3328 autem
910 3271 1076 3328 Iacob
1113 3281 1424 3342 aegrotasse,
1453 3269 1621 3325 Israel
1654 3283 1784 3323 vero
1809 3267 2031 3322 confor-

469 3377 644 3422 tatum
671 3380 813 3434 esse,
842 3367 931 3434 qui
964 3375 1020 3418 et
1051 3364 1330 3420 benedixit
1357 3364 1478 3418 tiliis
1500 3362 1723 3432 Ioseph,
1747 3372 1800 3416 et
1819 3378 1880 3416 ea
1913 3376 2030 3431 qua:

466 3469 765 3528 sequuntur
791 3458 1020 3528 peregit,
1053 3459 1104 3511 in
1139 3458 1336 3526 quibus
1359 3497 1374 3520 ,
1405 3455 1493 3510 ubi
1526 3457 1592 3510 de
1627 3455 1752 3509 [iliis
1779 3456 1892 3509 suis
1916 3453 2031 3523 agi-

469 3565 579 3616 tur,
611 3568 885 3623 nunquam
928 3552 1235 3608 nominatur
1259 3549 1448 3606 Iacob.

538 3643 604 3699 Et
631 3647 763 3699 dixit
799 3646 973 3698 mihi:
1011 3643 1143 3698 Ecce
1189 3662 1281 3714 ego
1344 3643 1539 3713 augebo
1579 3653 1627 3694 te
1673 3654 1719 3694 et
1769 3638 2029 3707 multipli-

464 3741 593 3794 cabo
623 3750 671 3794 te
699 3740 762 3794 ⁶⁰.
800 3741 999 3810 Impius
1044 3738 1130 3794 vel
1185 3753 1290 3792 non
1351 3740 1573 3797 crescit,
1602 3733 1684 3787 vel
1711 3749 1739 3785 a
1777 3733 1889 3786 Deo
1918 3747 2026 3784 non

462 3836 682 3886 crescit.
719 3832 928 3888 Similia
968 3833 1118 3886 dices
1161 3831 1326 3886 etiam
1374 3839 1595 3898 propter
1634 3826 1760 3880 illttd
1794 3841 1809 3878 :
1843 3824 2029 3878 Multi-

462 3926 685 3983 Dlicabo.
715 3926 854 3980 Deus
881 3927 1026 3979 enim
1061 3923 1391 3980 benedicens
1433 3922 1549 3975 lucc
1569 3921 1668 3974 ait.

537 4015 641 4070 Mei
668 4025 788 4069 sunt
839 4014 1087 4080 Ephraim
1136 4021 1183 4067 et
1219 4012 1488 4067 Manasses
1519 4028 1540 4076 ;
1581 4010 1715 4064 sicut
1749 4008 1928 4063 Ruben
1978 4018 2026 4061 et

461 4104 677 4161 Simeou
709 4116 860 4158 erant
910 4103 1034 4158 mihi
1066 4105 1131 4156 ⁶¹.
1184 4101 1338 4158 Sicut
1386 4101 1599 4166 Ruben,
1644 4109 1698 4154 et
1747 4100 2023 4170 Ephraim.

461 4197 636 4251 Ambo
691 4197 833 4250 enim
879 4193 1248 4264 primogeniti.
1305 4191 1458 4247 Sicut
1506 4191 1783 4245 Manasses
1824 4199 1877 4243 et
1935 4187 2025 4242 Si-

462 4306 641 4344 meon.
676 4287 914 4358 Uterque
941 4288 1082 4342 enim
1113 4285 1269 4339 matri
1307 4301 1416 4339 suae
1459 4297 1590 4338 natu
1628 4283 1898 4338 secundus
1919 4291 2022 4336 est.

534 4380 738 4450 Reliqui
762 4391 933 4434 autem
950 4394 1076 4446 quos
1113 4377 1354 4448 genueris
1381 4385 1498 4446 post
1524 4391 1631 4436 eos,
1658 4384 1808 4429 erunt
1844 4375 1898 4427 in
1931 4390 2022 4427 no-

2142 3169 2456 3240 Ἐνισχύσας
2485 3168 2755 3233 ἐκάθισεν,
2796 3168 2883 3220 ἵνα
2913 3169 3037 3231 τοὺς
3069 3167 3280 3232 ἐνθέους
3313 3168 3440 3238 εἴπῃ
3493 3167 3692 3236 λόγους,

2131 3258 2295 3332 Οἶμαι
2318 3263 2427 3333 γὰρ
2447 3262 2537 3316 τὸν
2567 3261 2666 3332 μὲν
2699 3260 2892 3316 Ἰακὼὸ
2912 3260 3270 3332 ὴνωχλῆσθαι,
3294 3261 3383 3315 τὸν
3399 3260 3458 3316 δὲ
3489 3261 3696 3335 Ἰσραὴλ

2130 3354 2485 3424 ὲνισχυκέναι,
2522 3353 2580 3417 ὃς
2609 3355 2703 3408 καὶ
2729 3354 2986 3426 εὐλόγησε
3018 3356 3143 3419 τοὺς
3175 3359 3320 3419 υἱοὺς
3355 3358 3574 3428 Ἰωσὴφ,
3609 3358 3696 3410 καὶ

2128 3442 2197 3494 τὰ
2245 3442 2465 3513 έξῆς,ὲν
2517 3437 2599 3506 οἷς
2653 3443 2752 3496 οὐκ
2801 3441 3123 3514 ὀνομάζεται
3176 3446 3268 3498 ἐπὶ
3313 3447 3419 3499 τῶν
3477 3447 3694 3500 παιδίων

2142 3531 2354 3585 Ἰακώϐ.

2199 3623 2309 3677 Καὶ
2345 3619 2476 3678 εἶπέ
2502 3641 2624 3693 μοι’
2689 3623 2833 3678 Ἰδοὺ
2864 3624 2978 3694 ἐγὼ
3009 3626 3247 3690 αὺξανῶ
3289 3643 3383 3690 σε,
3418 3629 3518 3682 καὶ
3545 3631 3692 3693 πλη-

2129 3711 2289 3765 θυνῶ
2315 3728 2408 3768 σε.
2440 3716 2596 3767 Ἤτοι
2628 3715 2726 3768 οὐκ
2750 3715 2902 3780 αὔξει
2921 3717 2949 3768 ὁ
2972 3717 3192 3788 ἀσεϐὴς,
3236 3719 3268 3788 ἦ
3293 3719 3392 3771 οὐκ
3425 3720 3536 3771 ἀπὸ
3565 3715 3693 3769 Θεοῦ

2129 3803 2299 3867 αὔξει.
2338 3805 2410 3857 Τὸ
2438 3805 2483 3857 δ’
2509 3807 2689 3876 ὅμοιον
2714 3807 2856 3878 ἐρεῖς
2891 3809 2983 3861 καὶ
3003 3809 3089 3861 διὰ
3113 3809 3192 3872 τὸ,
3223 3810 3537 3876 Πληθυνῶ.
3566 3807 3692 3872 Θεὸς

2128 3896 2235 3968 γὰρ
2267 3897 2502 3965 εὐλογῶν
2520 3898 2694 3952 ταῦτά
2721 3916 2904 3970 φησιν.

2212 3990 2369 4058 Ἐμοί
2413 3993 2569 4044 εἰσιν
2631 3992 2879 4062 Ἐφραῒμ
2909 3994 3003 4048 καὶ
3021 3992 3376 4062 Μανασσῆς·
3409 3995 3494 4062 ὡς
3535 3995 3693 4048 'Pov-

2128 4084 2245 4154 ϐὴμ
2300 4085 2396 4138 καὶ
2436 4085 2678 4154 Συμεὼν
2713 4085 2960 4139 ἔσονταί
3002 4103 3123 4154 μοι.
3165 4087 3252 4149 Ὠς
3291 4087 3551 4158 Ῥουὸὴμ,
3603 4083 3692 4137 καὶ

2140 4177 2393 4248 Ἐφραῒμο
2427 4178 2723 4248 ἀμφότεροι
2748 4177 2854 4248 γὰρ
2881 4180 3230 4249 πρωτότοκον
3269 4177 3343 4241 ὡς
3374 4177 3688 4245 Μανασσῆς,

2128 4268 2222 4320 καὶ
2254 4268 2495 4339 Συμεών·
2521 4270 2777 4338 ἑκάτερος
2799 4271 2907 4341 γὰρ
2926 4272 2990 4340 τῇ
3021 4270 3185 4341 μητρὶ
3223 4270 3397 4323 αὐτῶν
3422 4271 3688 4339 δεύτερος..

2202 4357 2279 4410 Τὰ
2313 4356 2381 4410 δὲ
2418 4357 2658 4428 ἔκγονα,
2709 4359 2748 4414 ἃ
2775 4359 2886 4413 ἐὰν
2940 4361 3243 4431 γεννήσῃς
3290 4363 3440 4430 μετὰ
3487 4361 3685 4422 ταῦτα,

460 4474 598 4526 mine
613 4472 839 4541 fratrum
879 4485 1092 4523 suorum
1118 4486 1140 4521 .'
1167 4469 1487 4523 vocabuntur
1535 4467 1592 4520 in
1637 4482 1816 4520 eorum
1867 4467 2025 4518 sorti-

2137 4445 2372 4501 ἕσονται
2403 4450 2502 4503 ἐπὶ
2543 4449 2624 4514 τῷ
2674 4451 2916 4520 ὀνόματι
2970 4451 3088 4506 τῶν
3137 4453 3417 4524 ἀδελφῶν
3475 4451 3682 4510 αὐτῶν

461 4563 555 4616 bus
581 4563 645 4616 ⁸⁸.
681 4561 811 4626 Alii,
844 4561 1039 4629 inquit,
1066 4558 1162 4613 ﬁlii
1203 4572 1338 4628 quos
1381 4557 1653 4628 genueris,
1686 4557 2024 4626 cognomini-

460 4653 562 4710 bus
624 4652 846 4707 fratrum
907 4665 1130 4706 suorum
1181 4650 1427 4704 tribubus
1478 4649 1915 4704 accensehunlur
1968 4649 2022 4704 in

462 4745 698 4818 partium
726 4743 1014 4800 divisione.

541 4928 732 4986 Videas
755 4937 928 4982 autem
956 4925 1126 4982 Israel
1154 4927 1292 4996 ﬁlios
1319 4924 1539 4993 Ioseph,
1574 4924 1742 4978 dixit:
1777 4923 1881 4988 Qui
1902 4933 2021 4976 sunt

463 5025 550 5077 isti
585 5023 674 5075 ⁸³2
701 5032 805 5075 etc.
838 5020 929 5074 His
968 5020 1147 5075 verbis
1173 5038 1188 5074 :
1227 5017 1419 5072 Videas
1450 5016 1618 5072 Israel
1645 5016 1781 5081 ﬁlios
1805 5016 2018 5084 Ioseph,

463 5117 733 5170 videbitur
765 5115 1096 5170 contrarium
1126 5111 1268 5167 istud
1307 5126 1320 5163 :
1354 5109 1508 5164 Oculi
1527 5108 1691 5162 Iacob
1726 5108 2020 5177 caligabant

460 5225 569 5277 pra:
615 5217 870 5262 senectute
901 5206 947 5237 “
979 5204 1126 5270 ,nisi
1175 5203 1318 5258 forte
1361 5205 1500 5257 idem
1557 5202 1627 5254 sit
1675 5200 1860 5254 oculos
1913 5215 2018 5253 non

464 5315 620 5367 posse
650 5313 894 5361 cernere,
921 5305 978 5350 et
1024 5297 1208 5350 videre
1248 5295 1412 5349 Israel
1449 5309 1632 5349 semen
1663 5290 1882 5360 Ioseph,
1911 5291 2018 5346 Deo

464 5390 563 5458 ipsi
596 5390 774 5442 futura
796 5390 1221 5441 demonstrante.

2127 4539 2534 4607 κληθήσονται
2583 4542 2654 4596 ἐν
2698 4542 2821 4608 τοῖς
2865 4543 3112 4597 ἐκείνων
3154 4545 3418 4614 κλήροις.
3466 4551 3525 4602 Ol
3568 4543 3682 4600 ὲσό-

2128 4648 2300 4702 μενοι,
2343 4631 2525 4702 φησὶν,
2567 4631 2742 4704 ἕτεροι
2773 4635 2959 4701 παῖδές
2989 4653 3081 4689 σου
3111 4641 3232 4701 ταῖς
3260 4639 3562 4711 ἐπωνύμοις
3585 4654 3681 4708 φυ-

2123 4723 2240 4787 λαῖς
2267 4723 2379 4778 τῶν
2419 4723 2658 4794 ἀδελφῶν
2699 4727 2878 4782 αὐτῶν
2919 4729 3275 4802 ταχθήσονται
3310 4733 3367 4785 ἐν
3393 4736 3460 4804 τῇ
3499 4730 3682 4802 κληρο-

2121 4814 2292 4886 δοσίᾳ.

2212 4925 2368 4980 Ἰδὼν
2381 4927 2449 4980 δὲ
2479 4928 2716 4997 Ἰσραὴλ
2738 4929 2878 4997 τοὺς
2900 4932 3066 4999 υἱοὺς
3098 4933 3329 5003 Ἰωσὴφ,
3351 4931 3496 4990 εἷπε·
3527 4935 3682 4995 Τίνες

2128 5030 2227 5070 σοι
2241 5013 2402 5071 οὗτοι
2417 5034 2436 5081 ;
2466 5019 2560 5072 καὶ
2586 5019 2654 5072 τὰ
2701 5021 2844 5092 ἑξῆς.
2870 5022 3021 5088 Δόξει
3045 5026 3280 5078 ἐναντίον
3307 5025 3400 5096 τῷ,
3442 5023 3594 5079 Ἰδὼν
3616 5019 3684 5074 δὲ

2141 5109 2374 5176 Ἰσραὴλ
2407 5109 2548 5174 τοὺς
2577 5113 2744 5179 υισὺς
2783 5115 3016 5184 Ἰωσὴφ,
3043 5116 3122 5180 τὺ,
3161 5120 3224 5171 Ol
3258 5117 3544 5188 ὀφθαλμοὶ
3581 5115 3677 5167 Ἰα-

2129 5199 2250 5254 κὼό
2271 5203 2706 5271 ἐϐαρυὼπησαν
2736 5207 2854 5260 ἀπὸ
2879 5208 2984 5261 τοῦ
3005 5207 3242 5277 γνήρους·
3266 5211 3314 5262 εἰ
3339 5213 3413 5282 μή
3445 5209 3540 5264 πού
3569 5210 3678 5260 ἐστι

2127 5292 2320 5346 ταύτὸν
2342 5293 2438 5365 τῷ,
2469 5297 2596 5358 τοὺς
2627 5297 2934 5370 ὀφθαλμοὺς
2967 5301 3041 5373 μὴ
3072 5301 3328 5356 δύνασθαι
3355 5305 3585 5374 βλέπειν,
3619 5295 3676 5349 τὸ

2129 5386 2254 5438 [δεῖν
2291 5387 2381 5441 τὸν
2443 5389 2656 5460 Ἰσραὴλ
2695 5391 2756 5444 τὸ
2796 5393 3012 5464 σπέρμα
3054 5395 3146 5448 τοῦ
3189 5397 3405 5467 Ἰωσὴφ,
3429 5395 3517 5450 τοῦ
3551 5388 3674 5446 Θεοῦ

2123 5477 2390 5543 δείξαντος
2421 5481 2569 5552 αὐτῷ
2598 5482 2668 5535 τὰ
2693 5486 3050 5556 γενησόμενα.

534 5621 742 5695 'fﬁen.
760 5637 920 5695 XLVII,
959 5620 1131 5695 1-().ᾙ¹⁵Α¹ι
1162 5621 1317 5695 Ibid.,
1349 5621 1432 5695 I7.
1545 5619 1697 5695 Ihid_.,
1841 5620 2025 5695 _"_Ger

2137 5640 2166 5690 ι,
2188 5624 2242 5695 5.
2285 5625 2329 5695 "7
2357 5623 2666 5691 GetlJLVII,
2703 5626 2791 5681 19.
2868 5629 2913 5660 ³³
2943 5629 3098 5695 Ibid.,
3120 5629 3210 5685 20.
3254 5631 3298 5663 ”
3331 5630 3465 5686 Gen.
3496 5637 3667 5684 xcvnn

462 5693 519 5748 2.
559 5693 604 5724 ⁶⁰
636 5689 790 5757 Ibid.,
823 5692 874 5746 4.
909 5689 914 5691 ’
972 5693 1013 5722 ⁶¹
1048 5693 1202 5756 Ibid.,
1237 5691 1288 5745 5.
1366 5693 1410 5723 “
1452 5690 1566 5745 Ibid
1597 5731 1610 5754 ,
1643 5690 1692 5744 6.
1772 5691 1815 5722 ⁸³
1840 5692 1995 5755 Ibid.,
2030 5693 2083 5747 8.
2154 5689 2157 5690 ⁷
2193 5693 2238 5726 ⁸⁸
2269 5694 2404 5750 Gen.
2441 5711 2626 5763 xum,
2658 5689 2768 5752 ‘IO.
