4000 6146
375 289 471 344 145

1601 295 1670 351 IN
1709 293 2012 350 GENESIM
2052 295 2336 351 IIOMILIA
2366 298 2405 351 1.

3501 301 3604 355 146

447 411 733 476 Ensis-aq
780 412 854 467 δὲ
915 414 1149 483 Ἰσραὴλ
1194 416 1308 484 τὴν
1352 417 1520 487 χεῖρα
1566 419 1680 487 τὴν
1711 419 1936 484 δεξιὰν,

2111 419 2217 490 52
2247 420 2544 474 Extendens
2566 431 2738 475 autem
2763 420 2936 476 Israel
2955 438 3166 476 manum
3188 421 3473 487 dexteram,
3502 425 3604 476 im-

370 501 649 555 ézs't’alsr
667 503 771 556 ἐπὶ
803 504 921 571 τὴν
949 506 1222 574 κεφαλὴν
1256 509 1515 578 Ἐφραΐμ.
1551 511 1669 562 Ὅτι
1697 527 1942 582 παρηκο-

372 593 583 644 λούθουν
615 594 664 646 οἱ
689 596 972 666 προφῆται
998 597 1241 661 νοοῦντες
1273 601 1401 670 περὶ
1435 593 1511 654 ὧν
1552 602 1941 672 προεφήτευον.

384 681 590 750 ’Δμέλει
619 683 762 752 μετὰ
793 684 966 738 ταῦτα
999 685 1108 738 τῶν
1140 686 1271 740 δέκα
1312 688 1493 758 φυλῶν
1526 689 1750 762 ἐξῆρχεν
1785 692 1817 761 ή
1851 689 1943 744 τοῦ

382 770 615 842 Ἐφραῖμ
663 774 829 846 φυλή.
871 776 962 841 Ἐξ
987 778 1149 831 αὐτοῦ
1183 779 1292 850 γὰρ
1320 783 1348 833 ὁ
1390 782 1659 853 μακάριος
1687 781 1888 852 Ἰησοῦς
1915 783 1944 834 ὁ

370 862 459 916 τοῦ
484 864 661 934 Ναυῆ,
691 866 947 937 ἀληθινὸς
976 869 1144 932 τύπος
1173 869 1248 924 ὢν
1275 871 1647 944 τοῦ’Χριστοῦ,
1677 876 1946 946 κατήγετο

370 955 424 1007 ἐν
447 957 560 1017 τοῖς
599 956 903 1026 Ἀριθμοῖς.
933 960 1022 1013 Διὸ
1051 959 1258 1014 καὶτοῦ
1302 962 1499 1034 Ἰωσὴφ
1527 962 1637 1034 (50)
1669 967 1702 1035 ἡ
1732 963 1944 1034 εὐλογία

369 1048 448 1099 ἐπ’
483 1048 652 1102 αὐτὸν
680 1050 1029 1123 ἀναφέρεται.

438 1138 694 1203 [Ioniam
731 1158 807 1194 σε
857 1146 890 1195 ό
951 1143 1090 1210 Θεὸς
1144 1146 1226 1211 ὡς
1271 1147 1539 1215 Ἐφραῒμ,
1571 1146 1666 1198 καὶ
1701 1145 1780 1210 ὡς
1820 1149 1942 1199 Ma-

366 1228 590 1297 νασσῆ·
643 1233 744 1284 καὶ
791 1233 967 1300 ἔθηκε
1007 1237 1112 1289 τὸν
1174 1239 1423 1307 Ἐφραῒμ
1463 1239 1799 1306 ἔμπροσθεν
1837 1236 1944 1290 τοῦ

365 1322 689 1391 Μανασσῆ.
749 1325 1034 1394 Εὐκαίρως
1085 1330 1266 1402 χρήσῃ
1327 1329 1406 1399 τῷ
1467 1329 1614 1400 ῥητῷ
1675 1331 1805 1400 περὶ
1849 1328 1941 1382 τοῦ

367 1414 422 1465 ἐν
454 1420 730 1487 προσευχῇ
758 1419 1066 1490 ἔμπροσθεν
1092 1422 1314 1475 ἑστάναι
1334 1423 1426 1475 τὸν
1456 1421 1800 1492 τιμιώτερον.

433 1507 685 1575 Κάμψας
736 1512 1098 1579 inaresciqu
1137 1514 1216 1579 ὡς
1263 1513 1440 1576 λέων,
1495 1512 1596 1566 καὶ
1641 1513 1720 1577 ὡς
1751 1512 1942 1580 σκύμ-

370 1614 486 1662 νος.
547 1599 650 1651 Τὸν
713 1602 838 1652 κατ’
893 1604 1204 1673 οἰκονομίαν
1267 1603 1496 1659 θάνατον
1554 1603 1808 1674 σημαίνει
1860 1601 1940 1664 τὸ,

371 1689 712 1755 κατεκλίθης
758 1691 894 1763 (5|).
953 1694 1101 1747 Λέων
1159 1696 1309 1749 ἐστὶν
1357 1698 1385 1749 ὁ
1430 1695 1664 1767 Χριστὸς
1693 1698 1805 1756 τοῖς
1857 1709 1940 1745 τε-

2043 513 2212 578 posuit
2265 527 2422 577 super
2465 521 2621 578 caput
2685 510 2942 578 Ephraim
2968 513 3035 566 ⁸⁸.
3078 512 3358 581 Prophetze
3409 514 3604 583 quippe

2045 615 2167 654 cum
2196 616 2257 656 ea
2279 601 2343 655 de
2367 602 2562 669 quibus
2583 603 2975 672 prophetabant
2994 603 3376 674 intelligerent,
3395 605 3605 660 actibus

2043 691 2281 746 externis
2309 691 2394 744 illa
2425 693 2814 759 exprimebant.
2837 692 3101 748 Nimirum
3130 704 3251 763 post
3280 693 3395 748 haec
3418 693 3603 748 decem

2045 783 2291 838 tribubus
2323 782 2532 852 praafuit
2566 785 2737 838 tribus
2761 785 3035 853 Ephraim.
3059 787 3136 840 Ab
3164 787 3280 856 ipso
3309 786 3453 840 enim
3478 785 3602 840 bea-

2047 881 2132 928 tus
2167 872 2328 929 Jesus
2356 873 2501 928 Nave
2529 875 2620 944 qui
2650 889 2774 928 vera
2820 873 2922 928 fuit
2966 873 3163 930 Christi
3212 875 3409 945 ﬁgura,
3454 883 3606 930 ortus

2043 971 2148 1028 est,
2175 973 2236 1018 ut
2263 965 2445 1019 videre
2473 975 2559 1020 est
2586 965 2639 1019 in
2679 965 2953 1020 Numeris.
2994 965 3332 1036 Quapmpter
3364 977 3421 1022 et
3438 966 3605 1024 Jacob

2044 1057 2350 1114 benedictio
2379 1060 2446 1112 ad
2473 1059 2649 1128 ipsum
2674 1072 2889 1128 quoque
2910 1060 3166 1128 pertinet.

2119 1149 2302 1204 Faciat
2331 1151 2424 1204 tibi
2448 1150 2588 1205 Deus
2607 1151 2739 1205 sicut
2781 1150 3032 1220 Ephraim
3063 1161 3111 1205 et
3153 1150 3401 1204 Manasse
3434 1169 3454 1208 :
3480 1167 3606 1206 con-

2043 1241 2310 1310 stituitque
2367 1239 2626 1310 Ephraim
2675 1250 2798 1295 ante
2849 1241 3134 1296 Manassen
3181 1242 3246 1297 ⁸⁸.
3296 1239 3603 1310 Opportune

2045 1331 2215 1385 uteris
2251 1331 2338 1386 his
2386 1333 2600 1398 verbis,
2645 1342 2704 1388 ut
2753 1333 2807 1388 in
2863 1333 3109 1388 oratione
3173 1333 3601 1401 praestantiorem

2045 1423 2200 1476 alteri
2243 1421 2518 1492 praeferas.

2114 1515 2405 1569 Incurvans
2430 1516 2711 1570 reclinatus
2736 1532 2790 1571 es
2806 1516 2937 1572 sicut
2965 1517 3067 1582 leo,
3083 1526 3130 1572 et
3153 1518 3288 1572 sicut
3314 1514 3597 1570 catulus".

2041 1605 2174 1660 Eam
2201 1622 2362 1676 quam
2406 1623 2472 1661 ex
2510 1609 2914 1677 dispensatione
2967 1608 3190 1679 pertulit
3243 1618 3492 1671 mortem,
3532 1606 3602 1662 si-

2043 1698 2259 1767 gniﬁcat
2293 1699 2442 1762 illud,
2476 1699 2754 1754 reclinatus
2782 1717 2856 1755 es.
2883 1699 2993 1755 Leo
3031 1710 3110 1756 est
3140 1699 3385 1755 Christus
3417 1700 3482 1754 iis
3508 1699 3600 1769 qui

373 1775 517 1839 λείως
581 1778 1034 1851 ἀποθηριωθεῖσι·
1103 1787 1215 1848 τοῖς
1276 1785 1332 1838 δὲ
1406 1785 1487 1838 ἔτι
1555 1786 1936 1853 εἰσαγωγικοῖς

2039 1790 2258 1844 omnino
2296 1791 2577 1854 ferociunt,
2600 1792 2666 1844 iis
2700 1806 2832 1845 vero
2853 1795 2944 1860 qui
2977 1790 3150 1848 adhuc
3183 1790 3480 1861 disciplinae
3508 1805 3600 1844 ca-

375 1868 607 1938 σκύμνος.

2041 1893 2200 1946 paces
2229 1889 2377 1943 sunt,
2409 1881 2640 1936 catulus.

405 2024 3595 2058 Μ

917 2202 1814 2363 ORIGENIS
1925 2210 2128 2361 IN
2209 2206 3053 2364 GENESIM

1599 2499 2316 2626 HOMILUE

1268 2751 2038 2847 INTERPRETE
2119 2738 2744 2848 RUFINO”).

866 3077 1149 3134 HOMILIA
1187 3077 1423 3137 PRIMA.

432 3170 502 3226 De
525 3181 643 3224 ortu
668 3171 858 3227 mundi
881 3181 1122 3225 eteorum
1150 3187 1267 3241 quae
1295 3171 1352 3224 in
1372 3171 1565 3226 mundo
1593 3172 1864 3244 sunt(55).

432 3263 497 3318 In
523 3263 780 3334 principio
807 3263 922 3335 (54)
955 3266 1150 3318 creavit
1190 3262 1332 3316 Deus
1358 3263 1540 3317 emtum
1562 3273 1612 3317 et
1646 3273 1841 3319 terram
1869 3265 1936 3320 ⁸⁸.

363 3355 508 3422 Quod
526 3369 609 3411 est
629 3356 871 3411 omnium
895 3355 1241 3425 principium,
1267 3356 1370 3410 nisi
1391 3356 1650 3412 Dominus
1666 3365 1872 3421 noster,
1886 3363 1940 3411 et

363 3447 608 3502 Salvator
625 3447 866 3502 omnium
889 3445 1140 3501 Christus
1160 3445 1340 3512 Jesus,
1357 3448 1748 3518 primogenitus
1765 3447 1940 3502 omnis

369 3540 731 3595 creaturae?ln
751 3541 854 3594 hoc
871 3555 1000 3607 ergo
1017 3540 1303 3610 principio,
1321 3541 1423 3595 hoc
1438 3551 1540 3604 est,
1563 3541 1796 3596 inVerbo
1817 3555 1937 3605 suo,

367 3634 506 3688 Deus
522 3633 720 3689 caelum
738 3641 792 3686 et
813 3633 1185 3690 terramiecit:
1201 3633 1342 3688 sicut
1364 3642 1418 3687 et
1430 3633 1763 3703 evangelista
1779 3633 1940 3688 Joan-

363 3737 457 3776 nes
483 3725 534 3776 in
570 3724 728 3777 initio
765 3721 1044 3792 Evangelii
1078 3724 1158 3777 sui
1191 3724 1287 3791 ait,
1310 3723 1496 3778 dicens
1528 3743 1541 3778 :
1574 3723 1641 3778 In
1674 3725 1939 3794 principio

363 3825 471 3866 erat
505 3812 757 3876 Verbum,
777 3822 826 3866 et
850 3812 1071 3867 Verbum
1089 3825 1201 3868 erat
1225 3815 1366 3883 apud
1386 3813 1571 3876 Deum,
1593 3823 1642 3868 et
1667 3813 1805 3869 Deus
1828 3825 1941 3868 erat

371 3902 619 3957 Verbum.
664 3903 778 3956 Hoc
826 3914 938 3958 erat
972 3905 1026 3956 in
1061 3905 1321 3972 principio
1350 3905 1490 3970 apud
1521 3905 1704 3956 Deum.
1745 3903 1938 3957 Omnia

361 4011 453 4062 per
481 3996 652 4062 ipsum
685 3994 828 4063 facta
856 4005 999 4060 sunt,
1030 4006 1074 4048 et
1098 3995 1210 4047 sine
1235 3996 1344 4063 ipso
1378 3995 1575 4063 factum
1607 4006 1680 4049 est
1707 3995 1840 4048 nihil
1870 3993 1937 4044 ⁸⁸.

364 4085 482 4140 Νοη
507 4103 637 4156 ergo
657 4087 742 4141 hic
768 4088 1060 4155 temporale
1081 4087 1296 4154 aliquod
1315 4086 1639 4154 principium
1658 4085 1791 4140 dicit
1811 4101 1824 4138 :
1843 4085 1938 4140 sed

365 4179 419 4232 in
445 4181 734 4249 principio,
753 4179 803 4232 id
818 4189 901 4233 cst
927 4180 978 4232 in
1012 4178 1290 4232 Salvatore
1313 4178 1514 4232 factum
1539 4193 1660 4233 esse
1681 4179 1814 4237 dicit
1834 4191 1940 4232 cce-

366 4270 476 4322 lnm
509 4280 564 4323 et
595 4279 819 4332 terram,
851 4279 905 4323 et
941 4269 1120 4322 omnia
1146 4283 1264 4336 quae
1293 4267 1432 4323 facta
1468 4277 1613 4322 sunt.
1643 4268 1806 4323 Terra
1835 4284 1935 4321 au-

365 4371 464 4413 tem
495 4371 608 4413 erat
636 4361 908 4414 invisibilis
923 4368 972 4414 et
988 4361 1355 4428 incomposita,
1376 4371 1421 4413 et
1439 4361 1660 4413 tenebra:
1682 4369 1828 4412 erant
1850 4375 1934 4412 su-

1961 3087 2004 3145 c
2033 3081 2188 3152 jubet
2218 3081 2358 3149 ﬁeri,
2383 3090 2441 3136 et
2469 3081 2573 3138 hoc
2624 3082 2822 3139 cretum
2853 3083 3087 3154 appellat
3118 3100 3280 3142 :cum
3321 3088 3387 3143 ad
3425 3088 3600 3160 ipsum

2043 3173 2219 3230 locum
2272 3179 2598 3241 venerimus,
2647 3176 2844 3231 ibidem
2897 3177 3223 3236 differentias
3286 3182 3426 3238 ratio
3474 3183 3601 3239 coeli

2042 3265 2474 3336 ﬁrmamentique
2493 3266 2720 3333 dicetur,
2751 3281 2848 3322 cur
2875 3269 3037 3322 etiam
3079 3269 3477 3328 ﬁrmamentum
3498 3288 3600 3344 ap-

2040 3355 2293 3426 pellatum
2317 3358 2393 3414 sit
2420 3357 2637 3414 caelum.
2659 3355 2813 3414 Nunc
2837 3368 3018 3414 autem
3043 3362 3152 3416 ait:
3176 3361 3418 3418 Tenebris
3449 3371 3602 3419 erant

2037 3464 2198 3516 super
2233 3448 2496 3519 abyssum.
2521 3449 2651 3517 Quae
2674 3458 2761 3506 est
2813 3451 3041 3521 abyssus
3069 3451 3207 3505 illla
3240 3454 3495 3508 nimirum
3545 3455 3599 3510 in

2041 3554 2145 3607 qua
2199 3541 2304 3594 erit
2337 3539 2586 3594 diabolus
2611 3548 2665 3594 et
2693 3539 2869 3610 angeli
2896 3541 3012 3608 ejus
3061 3540 3193 3612 (55).
3217 3542 3458 3613 Denique
3497 3546 3599 3601 hoc

2043 3627 2485 3683 manifestissime
2506 3635 2561 3683 et
2597 3628 2651 3682 in
2675 3627 2966 3698 Evangelio
2995 3628 3333 3699 designatur,
3363 3645 3484 3684 cum
3514 3632 3598 3684 di-

2042 3720 2185 3774 citur
2212 3720 2278 3774 de
2325 3719 2608 3775 Salvatore
2631 3721 2676 3751 ⁷⁰
2716 3737 2730 3774 :
2766 3719 2832 3773 Et
2875 3725 3129 3793 rogabant
3179 3723 3444 3776 daemonia
3481 3738 3598 3792 qua:

2040 3812 2298 3880 ejiciebat,
2339 3829 2402 3866 ne
2437 3813 2645 3882 juberet
2669 3829 2729 3866 ea
2784 3813 2862 3868 ire
2889 3815 2944 3868 in
3005 3815 3268 3884 abyssum.
3307 3813 3599 3882 Propterea

2041 3921 2172 3974 ergo
2204 3907 2343 3959 Deus
2377 3905 2538 3960 solvit
2571 3905 2842 3971 tenebras,
2869 3906 3086 3961 dicente
3111 3905 3390 3976 Scriptura
3420 3907 3464 3938 "
3487 3924 3501 3960 :
3528 3904 3597 3959 Et

2040 3997 2176 4052 dixit
2202 3995 2338 4050 Deus
2366 4013 2386 4051 :
2419 3995 2543 4050 Fiat
2574 3996 2702 4060 lux;
2733 4006 2779 4050 et
2800 3996 2942 4065 facta
2971 4008 3044 4051 est
3065 3997 3178 4052 lux.
3202 3998 3269 4052 Et
3291 3999 3418 4053 vidit
3453 3997 3594 4052 Deus

2035 4087 2222 4152 lucem,
2246 4091 2369 4158 quia
2391 4090 2524 4143 bona
2548 4099 2641 4148 est.
2667 4097 2714 4143 et
2735 4091 2908 4144 divisit
2933 4090 3072 4145 Deus
3108 4092 3245 4146 inter
3267 4093 3495 4146 medium
3519 4091 3603 4145 lu-

2031 4181 2105 4234 cis
2133 4190 2181 4234 et
2205 4182 2342 4235 inter
2368 4183 2595 4235 medium
2621 4184 2969 4237 tenebrarum.
3007 4182 3070 4236 Et
3097 4183 3201 4252 53
3229 4186 3430 4238 vocavit
3463 4184 3598 4238 Deus

2038 4268 2228 4332 lucem,
2249 4269 2432 4334 diem;
2466 4277 2514 4322 et
2555 4270 2791 4323 tenebras
2823 4273 3020 4325 vocavit
3055 4282 3272 4326 noctem.
3309 4269 3377 4324 Et
3402 4272 3597 4341 factum

2040 4371 2115 4415 est
2138 4376 2363 4429 vespere,
2387 4369 2436 4414 et
2459 4361 2658 4430 factum
2680 4371 2754 4415 est
2787 4377 2960 4427 mane,
2989 4364 3100 4416 dies
3129 4379 3256 4416 una.
3285 4362 3598 4418 Secundum

366 4468 460 4521 per
477 4453 742 4522 abyssum,
767 4464 812 4506 et
842 4451 1070 4520 Spiritus
1101 4453 1196 4506 Dei
1248 4452 1517 4522 ferebatur
1547 4466 1704 4517 super
1742 4466 1928 4518 aquas.
1964 4435 2007 4490 ί)
2037 4453 2278 4508 litteram
2310 4451 2454 4507 Deus
2484 4461 2539 4506 et
2585 4453 2759 4508 lucem
2806 4464 2964 4510 vocat
3018 4457 3182 4524 diem,
3231 4465 3285 4511 et
3343 4456 3599 4511 tenebras

365 4544 660 4600 Invisibilis
684 4556 737 4602 et
767 4548 1121 4614 incomposita
1163 4557 1304 4603 terra
1349 4555 1766 4613 eratantequam
1798 4544 1938 4598 Deus

366 4635 594 4701 diceret,
621 4635 745 4690 Fiat
773 4638 885 4698 lux,
913 4649 966 4692 et
995 4647 1282 4707 antequam
1315 4637 1582 4692 divideret
1604 4634 1936 4690 interlucem

369 4737 422 4778 et
450 4728 715 4791 tenebras,
750 4730 1044 4784 secundum
1081 4731 1224 4799 quod
1262 4730 1532 4784 sermonis
1571 4731 1705 4784 ordo
1756 4728 1936 4782 decla-

367 4829 472 4872 rat.
495 4818 686 4872 Verum
708 4822 961 4888 quoniam
982 4820 1032 4874 in
1055 4820 1513 4890 consequentibus
1537 4819 1934 4874 ﬁrmamentum

453 4935 498 4967 ⁸³
531 4933 666 4988 Gen.
702 4951 891 4996 xum,
925 4934 1010 4988 M.
1087 4935 1133 4967 “
1184 4936 1337 5001 lbid.,
1365 4934 1455 4990 20.
1532 4935 1575 4967 ⁸⁷
1607 4933 1744 4990 Gen.
1777 4952 1925 5002 xLIx,
1949 4936 2003 4991 9.

370 5005 460 5060 51.
534 5005 578 5036 “
613 5005 749 5059 Gen.
779 5021 817 5068 ι,
857 5005 913 5064 3.
952 5007 1006 5069 4,
1037 5005 1092 5060 5.

443 5096 551 5166 (50)
596 5096 835 5166 Ἰωσήφ.
879 5098 1186 5166 Lugendum
1219 5097 1430 5153 videtur
1475 5096 1680 5151 Ἰακώϐ.

443 5167 552 5238 (51]
586 5165 975 5234 Κατεκζλίθηςέ
1017 5169 1201 5222 Lectio
1219 5177 1301 5222 est
1325 5169 1646 5237 Aquilamqui
1673 5168 1760 5222 ubi
1791 5165 1932 5238 LXX

369 5236 646 5313 verterunt
669 5238 956 5313 ῥιναπεσὼν
987 5239 1303 5313 ἐκοιμήθης,
1330 5236 1443 5308 ipse
1489 5239 1759 5292 transtulit
1796 5236 1936 5308 κάμ-

370 5306 475 5376 ψας
500 5307 842 5378 κατεκλίθης.

443 5378 552 5448 (52)
580 5377 800 5431 Collata:
853 5389 979 5432 sunt
1026 5378 1108 5432 hae
1154 5377 1391 5432 homilite
1436 5392 1554 5431 cum
1592 5392 1722 5448 mss.
1762 5377 1932 5448 tribus

373 5445 804 5514 Turonensibus,
836 5459 998 5516 atque
1033 5464 1138 5504 uno
1165 5447 1643 5518 Sangermanensi,
1679 5445 1934 5518 uno‘Bel-

372 5521 730 5578 vacensi,uno
764 5515 1147 5581 Gemeticensi,
1177 5515 1637 5580 uno'Rhemensi,
1674 5526 1726 5571 et
1763 5515 1934 5572 altero

376 5589 690 5644 monasterii
725 5589 912 5644 Sancti
944 5587 1260 5642 Theoderici
1291 5603 1457 5656 pr0pe
1490 5588 1746 5641 llhemos.

445 5660 555 5731 (55)
592 5659 667 5712 De
690 5671 808 5731 ortu
833 5658 1035 5731 mundi.
1067 5669 1110 5711 et
1134 5674 1310 5731 eorum
1350 5673 1472 5731 qua:
1492 5659 1764 5731 inmundo
1790 5664 1932 5709 sunt.

379 5728 434 5784 1n
455 5727 648 5785 codice
699 5728 1020 5784 Bclvacensi
1053 5729 1238 5785 titulus
1264 5739 1345 5784 est
1392 5747 1404 5781 :
1439 5727 1512 5782 De
1542 5728 1693 5779 initio
1725 5735 1932 5780 creatu-

2037 4554 2270 4599 noclem.
2302 4544 2611 4600 Secundum
2643 4545 2983 4616 spiritualem
3015 4563 3142 4601 vero
3185 4549 3597 4618 intelligentiam

2038 4638 2317 4690 videamus
2371 4637 2500 4699 quid
2546 4637 2616 4691 sit
2649 4639 2814 4706 quod,
2849 4653 2970 4692 cum
3028 4640 3168 4693 Deus
3201 4643 3252 4693 in
3307 4640 3459 4696 initio
3482 4641 3598 4702 illo,

2035 4733 2177 4799 quod
2217 4732 2462 4796 superius
2506 4730 2759 4792 diximus,
2795 4730 2986 4785 fecerit
3031 4732 3226 4785 ccelnm
3270 4739 3324 4785 et
3373 4739 3597 4793 terram,

2036 4823 2235 4875 dixerit
2270 4835 2485 4891 quoque
2513 4831 2569 4874 ul
2599 4821 2687 4874 lux
2742 4821 2913 4885 ﬁeret,
2947 4832 3002 4876 et
3032 4823 3276 4877 diviserit
3305 4823 3446 4876 inter
3481 4835 3597 4875 me-

2079 4937 2125 4968 “
2147 4937 2343 4992 Cenes.
2376 4951 2412 5003 ι,
2448 4937 2502 4993 1.
2575 4936 2619 4968 ⁶⁹
2647 4935 2803 4993 Joan.
2853 4952 2890 5002 ι,
2920 4936 2973 5000 1,
2993 4937 3049 5001 2,
3080 4937 3135 4992 ὅ.
3241 4937 3286 4969 "°
3311 4935 3446 4994 Luc.
3476 4950 3596 5004 vtu,

2037 5109 2219 5148 rarum
2248 5093 2368 5148 Dei.

2109 5163 2218 5236 (54)
2252 5164 2314 5217 1η
2343 5164 2618 5236 principio,
2647 5171 2754 5219 etc.
2779 5161 2845 5236 _ln
2878 5171 3069 5236 catena
3097 5161 3362 5236 Romana,
3399 5166 3594 5235 trlplici

2037 5233 2226 5305 Regia,
2273 5233 2349 5288 et
2381 5235 2549 5288 altera
2598 5249 2719 5305 qua:
2770 5234 2871 5288 fuit
2920 5233 3215 5305 cardinalis
3247 5233 3507 5290 Mazarini
3542 5241 3595 5291 in

2037 5303 2179 5380 hunc
2205 5304 2552 5380 versumsub
2587 5303 2801 5380 nomine
2836 5303 3094 5380 ξΑκακζου
3122 5304 3337 5380 degitur
3371 5323 3383 5358 :
3415 5308 3597 5380 suap-

2037 5378 2126 5445 χῇ,
2155 5385 2259 5428 etc.
2313 5376 2371 5427 Ὁ
2390 5375 2452 5446 δὲ
2499 5374 2773 5446 Ὠριγένης
2801 5374 2881 5446 τὸ,
2900 5445 2904 5446 ν
2925 5377 2982 5446 ἐν
3009 5377 3171 5446 ᾀρχῇ,
3201 5373 3445 5443 βούλεται
3476 5373 3599 5433 ἀντὶ

2041 5444 2153 5515 τοῦ,
2185 5446 2240 5496 ὲν
2277 5445 2457 5514 σοφίᾳ,
2489 5444 2740 5498 ccursant
2760 5444 2836 5514 τῷ
2865 5444 2996 5515 Υἱῷ.
3023 5444 3186 5508 Illud,
3221 5447 3270 5497 in
3305 5447 3595 5513 principi",

2041 5514 2290 5636 grigenes
2317 5517 2506 5585 accipit
2532 5532 2626 5583 pro
2668 5530 2747 5581 eo,
2805 5519 2862 5571 in
2917 5514 3218 5588 sapientia,
3273 5515 3370 5568 hoc
3411 5529 3508 5581 est,
3544 5520 3596 5570 in

2094 5601 2107 5636 ι
2134 5602 2206 5636 ιο.

2094 5601 2206 5638 ιιιο.

2113 5653 2224 5725 (55)
2260 5654 2390 5725 Qutc
2407 5663 2479 5708 est
2502 5655 2755 5723 abyssus?
2776 5655 2872 5707 illa
2899 5654 3144 5707 nimirum
3165 5656 3216 5706 in
3237 5670 3339 5722 qua
3363 5655 3457 5704 erit
3485 5654 3599 5704 dia-

2044 5724 2215 5793 botus,
2238 5735 2342 5782 etc.
2385 5724 2440 5779 ln
2461 5726 2648 5781 iisdem
2671 5725 2885 5780 Catenis
2911 5733 3088 5780 exstat
3116 5725 3216 5780 sub
3238 5725 3452 5778 nomine
3483 5725 3600 5773 Διοι-
