4000 6146
409 296 508 353 M7

1850 287 2172 346 ORIGENIS

3531 282 3634 337 “8

406 418 555 473 dium
579 416 716 472 lucis
747 422 804 470 et
826 414 1266 476 tenebrarum,et
1290 411 1564 468 vocaverit
1593 411 1768 468 lucem
1800 411 1969 479 diem,
1997 414 2046 472 Α
2073 412 2193 466 dus.
2258 411 2485 468 Studeat
2526 426 2658 482 ergo
2708 408 3082 481 unusquisque
3134 415 3385 464 nostrum
3438 405 3641 462 divisor

405 520 461 564 et
492 510 736 566 tenebras
776 517 1013 571 noctem,
1046 515 1101 561 et
1143 505 1340 560 dixerit
1368 506 1492 574 quia
1536 506 1739 562 factum
1779 514 1863 561 est
1886 520 1971 561 ve-

406 617 586 671 spere,
609 611 663 654 et
691 602 891 655 factum
928 607 1013 654 est
1061 613 1220 653 mane
1251 617 1265 654 :
1305 614 1411 654 non
1450 600 1605 664 dixit,
1633 598 1750 654 dies
1775 600 1966 666 prima,

406 692 502 746 sed
525 693 677 756 dixit,
711 691 826 745 dies
853 706 982 744 una.
1008 690 1147 757 Quia
1166 700 1378 760 tempus
1410 691 1646 745 nondum
1672 698 1792 745 erat
1819 699 1972 745 ante-

406 797 567 851 quam
619 792 762 837 esset
799 783 1049 836 mundus.
1095 781 1331 853 Tempus
1369 790 1549 836 autem
1584 796 1705 836 csse
1752 782 1972 851 inctnpit

405 890 474 929 ex
521 874 987 943 consequentibus
1036 874 1247 930 diebus.
1278 873 1528 930 Secunda
1556 888 1788 943 namque
1832 874 1969 941 dies,

406 976 463 1022 et
517 968 679 1022 tertia
715 967 851 1033 dies,
880 976 936 1023 et
960 976 1177 1037 quarta,
1204 976 1259 1021 et
1288 966 1511 1036 reliquas
1548 980 1738 1021 omnes
1761 975 1972 1036 tempus

405 1057 680 1127 incipiunt
719 1061 1021 1129 designare.

477 1149 533 1203 2.
593 1148 661 1203 Et
716 1148 865 1202 Dixit
901 1147 1041 1203 Deus
1093 1162 1112 1200 :
1172 1146 1301 1201 Fiat
1322 1147 1705 1216 ﬁrmamentum
1726 1149 1782 1202 in
1803 1148 1972 1202 medio

408 1257 594 1311 aqute,
621 1252 668 1295 et
699 1242 766 1295 sit
796 1241 1033 1294 dividens
1068 1241 1207 1294 inter
1255 1238 1486 1293 medium
1517 1256 1668 1310 aquae
1708 1247 1759 1295 et
1798 1256 1969 1311 aquaz.

410 1331 477 1386 Et
505 1333 702 1402 factum
736 1332 935 1387 estsic.
985 1332 1052 1386 Et
1102 1332 1223 1400 fecit
1278 1331 1417 1386 Deus
1459 1332 1848 1399 ﬁrmamentum
1892 1332 1962 1384 ".

405 1424 539 1480 Cum
561 1424 673 1495 jam
699 1433 858 1479 antea
910 1424 1050 1479 Deus
1099 1422 1323 1479 fecisset
1354 1423 1576 1488 ccelum,
1613 1438 1757 1477 nunc
1789 1421 1973 1475 ﬁrma-

406 1523 648 1569 mentum
691 1514 839 1569 facit.
887 1513 1042 1568 Fecit
1087 1515 1236 1569 enim
1294 1514 1491 1570 caelum
1517 1514 1687 1582 prius,
1741 1514 1807 1567 de
1864 1526 1972 1581 quo

404 1606 543 1661 dicit
570 1607 616 1638 ⁷³
653 1604 886 1661 εϐωίιιηι
922 1606 1049 1660 milii
1089 1607 1235 1661 sedes
1274 1616 1372 1665 est.
1423 1607 1547 1662 Post
1599 1605 1729 1659 illud
1782 1614 1967 1659 autem

404 1698 806 1754 ﬁrmamentum
869 1695 1031 1763 facit,
1086 1699 1140 1754 id
1192 1709 1316 1767 est,
1373 1713 1694 1769 corporeum
1747 1698 1969 1755 coelum.

2080 521 2235 576 aquae
2270 505 2408 561 elﬁci
2435 505 2553 574 ejus
2578 519 2697 574 quae
2730 512 2815 559 est
2850 517 3031 574 supra,
3058 510 3113 556 ct
3136 517 3257 571 qua:
3284 510 3368 556 est
3396 499 3593 555 subtus
3623 515 3637 552 :

2078 615 2185 670 quo
2214 599 2422 655 scilicet
2455 596 2714 668 spiritalis
2748 612 2903 666 aqua:
2931 595 3283 659 intellectum,
3328 603 3382 647 et
3414 590 3643 661 partici-

2077 692 2225 761 pium
2276 692 2497 760 capiens
2541 690 2657 758 ejus
2699 706 2821 760 quae
2863 698 2950 745 est
2993 704 3158 758 supra
3215 687 3644 749 ﬁrmamentum,

2076 784 2298 852 flumina
2328 784 2393 836 de
2417 791 2592 836 uentre
2617 796 2715 836 suo
2745 782 2941 837 educat
2974 797 3126 850 aqua:
3151 781 3281 835 uitur:
3315 779 3556 833 salientis
3585 778 3643 830 in

2077 875 2235 927 vitam
2275 884 2522 928 wternam
2549 873 2619 939 ⁷⁸,
2657 884 2975 951 segregatus
3021 873 3140 927 eine
3177 871 3343 926 dubio
3381 881 3437 926 et
3491 885 3645 939 sepa—

2078 974 2230 1020 ratus
2266 965 2334 1019 ab
2371 980 2435 1020 ca
2481 980 2616 1034 aqua
2678 980 2799 1035 qua:
2845 967 3036 1020 subtus
3072 975 3179 1031 est,
3258 962 3312 1018 id
3343 972 3445 1026 est,
3505 976 3644 1032 aqua

2078 1058 2281 1127 abyssi,
2309 1057 2362 1111 in
2387 1072 2491 1126 qua
2518 1056 2761 1112 tenebrae
2787 1071 2912 1112 esse
2940 1054 3221 1121 dicuntur,
3250 1055 3307 1109 in
3347 1069 3453 1125 qua
3491 1055 3646 1124 prin-

2078 1167 2206 1222 ceps
2243 1153 2402 1223 hujus
2446 1152 2655 1216 mundi,
2687 1161 2745 1207 et
2775 1150 3118 1206 adversarius
3147 1150 3333 1215 draco,
3372 1157 3427 1205 et
3465 1147 3642 1218 angeli

2075 1242 2194 1312 ejus
2229 1243 2508 1307 habitant,
2552 1242 2693 1297 sicut
2731 1242 2985 1310 superius
3023 1241 3320 1296 indicatum
3355 1248 3460 1296 est.
3490 1238 3644 1295 Illius

2076 1348 2205 1405 ergo
2232 1349 2388 1404 aqua;
2428 1348 2680 1403 superna:
2725 1332 3052 1403 participio,
3099 1347 3219 1403 quae
3259 1346 3420 1401 supra
3470 1331 3642 1386 caelos

2076 1441 2196 1481 esse
2215 1425 2431 1492 dicitur,
2458 1425 2825 1494 unusquisque
2850 1424 3086 1480 ﬁdelium
3120 1425 3360 1481 ctelestis
3387 1422 3640 1490 eﬂicitur,

2080 1519 2130 1573 id
2162 1525 2268 1582 est,
2301 1533 2426 1573 cum
2461 1531 2684 1573 sensum
2717 1533 2875 1573 suum
2907 1517 3072 1572 habet
3104 1517 3159 1571 in
3187 1516 3371 1572 arduis
3394 1524 3448 1570 et
3469 1516 3645 1571 excel-

2076 1611 2175 1674 sis,
2210 1610 2339 1665 nihil
2387 1612 2453 1666 de
2488 1620 2658 1675 terra,
2688 1610 2784 1666 sed
2816 1618 2987 1665 totum
3024 1610 3092 1664 de
3129 1608 3448 1663 coelestibus
3483 1608 3643 1678 cogi-

2079 1712 2223 1766 tans,
2256 1718 2372 1771 qua:
2403 1718 2611 1755 sursum
2655 1711 2775 1756 sunt
2807 1715 3076 1770 quaerens,
3108 1700 3196 1754 ubi
3223 1698 3456 1753 Christus
3485 1710 3560 1752 est
3587 1700 3643 1754 in

405 1792 577 1847 Omne
602 1792 741 1846 enim
776 1807 973 1862 corpus
1005 1792 1220 1847 ﬁrmum
1251 1805 1335 1847 est
1369 1794 1488 1847 sine
1528 1793 1714 1859 dubio,
1749 1801 1808 1848 et
1840 1792 1972 1847 soli-
2000 1776 2044 1833 Β
2072 1793 2293 1846 dextera
2333 1790 2429 1846 Dei
2458 1789 2641 1845 Patris
2662 1791 2729 1845 "".
2768 1790 2921 1845 Tunc
2965 1789 3107 1843 enim
3137 1798 3195 1843 et
3221 1788 3335 1857 ipse
3371 1802 3435 1843 ea
3479 1786 3643 1841 laude

408 1883 572 1949 dum;
597 1894 651 1940 et
683 1885 784 1939 hoc
815 1895 900 1939 cst
931 1883 1074 1951 quod
1109 1883 1300 1937 dividit
1332 1884 1472 1938 inter
1501 1900 1699 1954 aquam
1739 1899 1861 1954 quae
1888 1891 1973 1938 est

405 1990 574 2046 super
611 1977 845 2043 caelum,
887 1988 942 2033 et
984 1993 1177 2048 aquam
1222 1993 1340 2048 quae
1369 1988 1451 2034 est
1487 1979 1586 2032 sub
1614 1978 1775 2033 cmlo.
1833 1978 1971 2034 Cum

406 2067 555 2121 enim
607 2084 669 2123 ea
705 2085 824 2138 quae
875 2068 1123 2125 facturus
1167 2079 1287 2125 erat
1315 2069 1478 2134 Deus,
1509 2084 1577 2123 ex
1609 2069 1799 2138 spiritu
1841 2084 1973 2123 con-

406 2166 619 2213 starent
654 2169 709 2215 et
738 2175 991 2229 corpore,
1018 2162 1127 2217 ista
1172 2163 1238 2216 de
1273 2176 1437 2216 causa
1483 2161 1534 2215 in
1584 2160 1874 2230 principio,
1915 2172 1972 2216 et

404 2262 532 2307 ante
561 2254 738 2308 omnia
776 2255 974 2309 ctelum
1023 2255 1223 2310 dicitur
1270 2254 1511 2318 factum,
1552 2254 1605 2308 id
1645 2262 1748 2316 est,
1793 2253 1970 2308 omnis

404 2346 667 2413 spiritalis
711 2346 1014 2402 substantia
1061 2345 1230 2418 (56),
1279 2362 1442 2415 super
1501 2360 1665 2415 quam
1713 2343 1862 2400 velut
1913 2344 1969 2398 in

401 2439 604 2494 throno
667 2441 902 2509 quodam
953 2447 1008 2495 et
1061 2440 1189 2495 sede
1251 2439 1393 2494 Deus
1440 2437 1754 2508 requiescit.
1822 2436 1970 2493 Istud

402 2538 582 2582 autem
627 2529 847 2595 caelum,
897 2530 950 2584 id
999 2538 1103 2592 est,
1155 2529 1592 2594 ﬁrmamentum,
1643 2543 1966 2597 corporeum

401 2630 505 2674 est.
560 2620 626 2675 Et
662 2622 785 2677 ideo
833 2620 964 2676 illud
1016 2622 1232 2691 quidem
1278 2622 1509 2692 primum
1557 2620 1780 2682 caelum,
1825 2621 1967 2690 quod

405 2708 653 2778 spiritale
695 2709 953 2775 diximus,
1006 2725 1164 2767 mens
1196 2722 1381 2767 nostra
1422 2720 1529 2778 est,
1584 2728 1703 2782 quae
1749 2722 1804 2767 et
1850 2713 1968 2781 ipsa

399 2800 626 2867 spiritus
654 2810 756 2866 est,
799 2802 849 2855 id
875 2812 980 2868 εει,
1021 2803 1285 2872 spiritalis
1311 2804 1475 2859 homo
1502 2814 1689 2861 noster
1737 2806 1968 2860 interior

398 2898 484 2944 est
512 2890 670 2963 (57),
704 2892 793 2958 qui
820 2894 967 2959 videt
995 2909 1062 2949 ac
1093 2896 1355 2965 perspicit
1376 2897 1575 2951 .Deum.
1606 2898 1751 2953 Istud
1782 2906 1964 2952 autem

400 2983 692 3051 corporale
721 2984 919 3039 omium
955 2986 1099 3054 quod
1126 2986 1527 3041 ﬁrmamentum
1561 2987 1779 3051 dicitur,
1817 2997 1968 3043 exte-

400 3073 518 3126 rior
573 3074 735 3128 homo
774 3083 961 3129 noster
1003 3084 1115 3140 est,
1165 3077 1256 3144 qui
1295 3076 1654 3146 corporaliter
1705 3079 1963 3132 intuetur.
1993 3111 2034 3168 ο

405 3163 562 3219 Sicut
612 3179 743 3233 ergo
787 3164 1186 3220 ﬁrmamentum
1231 3166 1427 3222 coelum
1472 3167 1800 3237 appellatum
1856 3176 1961 3231 est,

398 3268 467 3307 ex
492 3268 560 3308 eo
582 3253 727 3324 quod
755 3253 965 3308 dividat
996 3255 1138 3309 inter
1162 3269 1257 3310 eas
1289 3270 1461 3324 aquas
1506 3272 1624 3325 quae
1653 3269 1780 3312 sunt
1802 3271 1966 3327 super

396 3345 604 3415 ipsum,
630 3353 684 3398 et
720 3358 817 3399 eas
846 3359 965 3413 qua:
997 3346 1099 3399 sub
1140 3346 1255 3415 ipso
1287 3357 1413 3401 sunt
1450 3366 1463 3401 :
1493 3348 1564 3402 ita
1591 3357 1643 3402 et
1671 3349 1836 3403 homo
1868 3351 1962 3419 qui

396 3439 454 3490 iu
497 3449 727 3504 corpore.
774 3435 984 3503 positus
1036 3446 1140 3500 est,
1194 3439 1239 3490 si
1293 3436 1537 3492 dividere
1596 3440 1854 3507 potuerit,
1912 3449 1967 3494 ct

396 3527 712 3582 discernere
773 3543 889 3596 quae
936 3529 1044 3583 sint
1095 3542 1247 3597 aquae
1296 3544 1416 3598 quin
1478 3539 1607 3585 sunt
1658 3532 1966 3601 superiores

399 3632 565 3687 super
598 3616 1022 3683 ﬁrmamentum,
1069 3629 1123 3672 ει
1153 3635 1273 3690 quae
1309 3625 1409 3674 sub
1437 3619 1782 3676 ﬁrmamento
1819 3632 1963 3687 sunt,

395 3711 564 3765 etiam
596 3711 713 3779 ipse
751 3710 968 3775 coelum,
1009 3712 1060 3765 id
1094 3720 1198 3779 est,
1224 3712 1468 3768 ctelcstis
1503 3715 1687 3781 homo,
1726 3714 1964 3783 appella-

397 3803 566 3865 bitur,
609 3803 903 3857 secundum
935 3806 1163 3871 apostoli
1210 3803 1358 3859 Pauli
1403 3808 1725 3861 sententiam
1774 3807 1962 3861 dicen-

396 3895 472 3947 tis
498 3893 545 3925 "
578 3911 591 3948 :
626 3891 826 3948 Nostra
867 3905 1045 3948 autem
1092 3898 1423 3950 conversatio
1463 3899 1518 3950 in
1560 3898 1702 3952 caelis
1740 3910 1835 3953 est.
1884 3898 1959 3952 Ita

397 4000 529 4055 ergo
553 3987 901 4041 continentur
926 3986 1089 4040 verba
1134 3987 1246 4056 ipsa
1279 3987 1579 4057 Scriptum
1611 3989 1656 4021 ⁷⁵
1683 4008 1697 4043 :
1733 3989 1800 4043 Et
1837 3988 1961 4057 fecit

393 4078 535 4131 Deus
575 4077 983 4146 ﬁrmamentum,
1032 4087 1081 4131 et
1133 4079 1312 4133 diuisit
1352 4080 1486 4133 inter
1539 4080 1762 4133 medium
1809 4096 1961 4150 aqua:

392 4186 512 4241 qua:
539 4179 615 4224 est
641 4185 796 4237 super
820 4170 1230 4238 ﬁrmamentum,
1281 4180 1330 4225 et
1366 4172 1502 4225 inter
1537 4174 1768 4226 medium
1807 4188 1959 4242 aqua:

394 4278 513 4332 qua!
532 4273 606 4318 est
636 4262 813 4316 subter
841 4262 1252 4329 firmamentum.
1288 4262 1353 4316 Et
1380 4265 1581 4316 vocavit
1606 4262 1746 4317 Deus
1777 4264 1961 4330 ﬁrma-

393 4367 622 4407 mentum
674 4352 884 4407 caslum.
925 4350 991 4404 Et
1032 4353 1157 4425 vidit
1203 4354 1343 4407 Deus
1369 4356 1495 4424 quia
1538 4355 1728 4409 bonum
1768 4367 1866 4421 est,
1909 4367 1958 4410 et

2073 1882 2271 1952 dignus
2302 1880 2588 1936 habebitur
2609 1897 2637 1934 a
2664 1880 2793 1945 Deo,
2819 1896 2936 1951 qua:
2958 1880 3047 1936 hic
3071 1880 3328 1935 scribitur
3351 1893 3471 1933 cum
3502 1878 3644 1933 dici-

2074 1980 2163 2028 tur
2187 1971 2333 2045 (58):
2367 1972 2435 2027 Et
2460 1973 2593 2027 uidit
2627 1972 2766 2027 Deus
2796 1974 2921 2043 quia
2961 1972 3149 2027 bonum
3180 1980 3253 2025 est
3286 1970 3355 2025 ⁷⁸.
3391 1971 3641 2041 Denique

2072 2073 2131 2120 et
2156 2079 2222 2119 ea
2252 2079 2374 2135 quae
2408 2065 2474 2119 de
2517 2065 2675 2119 tertia
2716 2065 2803 2119 die
2848 2064 2900 2118 in
2945 2062 3400 2133 consequentibus
3428 2063 3638 2118 descri-

2071 2154 2296 2224 buntur,
2344 2158 2397 2211 in
2441 2158 2582 2212 hunc
2618 2157 2865 2211 eumdem
2911 2157 3245 2211 conveniunt
3274 2156 3632 2211 intellectum.

2070 2248 2161 2301 Ait
2189 2248 2334 2303 enim
2359 2247 2404 2278 ⁷⁸
2436 2264 2450 2301 :
2478 2244 2544 2299 Et
2575 2246 2704 2300 dixit
2738 2244 2878 2299 Deus
2909 2261 2927 2298 :
2959 2244 3315 2314 Congregetur
3343 2260 3481 2313 aqua
3518 2258 3637 2315 quae

2071 2349 2147 2393 est
2198 2339 2292 2393 sub
2330 2338 2455 2393 caelo
2487 2338 2542 2391 in
2568 2337 3021 2407 congregationem
3060 2352 3242 2397 unam,
3289 2345 3339 2390 et
3383 2346 3636 2405 appareat

2071 2431 2247 2486 arida.
2271 2429 2338 2483 Et
2369 2428 2569 2498 factum
2593 2438 2669 2483 est
2698 2431 2790 2482 ita.
2814 2427 2920 2483 Nos
2939 2442 3068 2497 ergo
3093 2427 3397 2482 laboremus
3417 2440 3639 2497 congre-

2070 2535 2202 2590 gare
2232 2535 2428 2591 aquam
2465 2536 2584 2589 qua:
2627 2530 2712 2574 est
2753 2519 2854 2575 sub
2891 2518 3051 2584 caelo,
3084 2526 3139 2572 ει
3161 2517 3405 2585 abjicere
3442 2532 3563 2573 eam
3602 2533 3638 2572 ε

2072 2611 2231 2667 nobis
2254 2650 2269 2677 ,
2298 2617 2376 2676 ut,
2422 2625 2541 2665 cum
2584 2610 2689 2664 hoc
2717 2606 2916 2663 factum
2947 2606 3132 2672 fuerit,
3168 2617 3429 2676 appareat
3461 2607 3636 2668 arida,

2072 2720 2192 2773 quae
2223 2712 2349 2759 sunt
2377 2703 2433 2757 in
2459 2716 2626 2757 carne
2653 2710 2805 2773 gesta
2837 2715 2999 2770 opera
3036 2710 3244 2766 nostra,
3284 2716 3392 2771 quo
3427 2700 3637 2755 scilicet

2069 2798 2302 2850 videntes
2356 2796 2591 2849 homines
2653 2810 2808 2862 opera
2871 2802 3055 2848 nostra
3121 2793 3298 2860 bona,
3347 2794 3635 2865 glorificent

2071 2885 2288 2941 Patrem
2330 2895 2570 2941 nostrum
2598 2890 2685 2957 qui
2726 2886 2778 2938 in
2825 2884 2963 2939 caelis
2993 2895 3068 2939 est
3098 2884 3166 2942 ⁸⁰.
3194 2885 3251 2941 Si
3279 2888 3427 2940 enim
3455 2902 3630 2956 aquas

2070 2981 2205 3036 istas
2252 2994 2372 3051 quae
2425 2987 2551 3035 sunt
2597 2979 2695 3035 sub
2744 2977 2884 3033 caelo
2935 2992 3040 3031 non
3090 2980 3527 3047 separaverimus
3596 2996 3626 3034 a

2070 3072 2251 3136 nobis,
2279 3070 2330 3126 id
2360 3079 2462 3134 est,
2489 3075 2713 3139 peccata
2744 3076 2797 3124 et
2828 3068 2959 3122 vitia
2988 3068 3234 3137 corporis
3265 3067 3455 3129 nostri,
3481 3068 3628 3122 arida

2068 3171 2255 3218 nostra
2294 3177 2399 3216 non
2431 3161 2633 3231 poterit.
2673 3174 2959 3229 apparere,
2999 3174 3099 3215 nec
3135 3158 3337 3215 habere
3377 3161 3627 3215 ﬁduciam

2065 3256 2398 3326 procedendi
2431 3256 2498 3309 ad
2544 3254 2744 3308 lucem.
2794 3251 2979 3306 Omnis
3027 3253 3167 3306 enim
3212 3252 3300 3322 qui
3332 3232 3471 3307 mele
3496 3256 3629 3323 ag’t,

2065 3348 2179 3402 odit
2229 3348 2420 3411 lucem,
2472 3358 2521 3401 et
2560 3364 2662 3402 non
2712 3348 2847 3402 venit
2886 3346 2955 3399 ad
2982 3345 3183 3413 lucem,
3223 3357 3278 3402 ut
3309 3365 3412 3403 non
3452 3347 3627 3403 mani-

2066 3438 2324 3507 festentur
2358 3437 2499 3510 (59)
2538 3455 2694 3507 Opera
2743 3439 2878 3507 ejus,
2928 3449 2975 3492 et
3020 3440 3295 3493 videantur
3330 3438 3377 3491 si
3423 3439 3478 3491 in
3525 3438 3633 3493 Deo

2065 3542 2183 3585 sunt
2210 3540 2352 3601 gesta
2393 3531 2460 3585 ει.
2501 3530 2631 3598 Quae
2659 3532 2844 3599 utique
2876 3530 3069 3585 ﬁducia
3109 3547 3218 3586 non
3259 3531 3423 3586 aliter
3467 3532 3624 3585 dahi-

2065 3633 2173 3689 tur,
2200 3623 2303 3677 nisi
2333 3622 2474 3677 velut
2495 3636 2664 3690 aquas
2686 3620 3001 3687 abiiciamus
3025 3636 3056 3675 a
3099 3621 3259 3677 nobis
3294 3630 3348 3676 et
3374 3636 3625 3692 segrege.

2066 3730 2188 3770 mus
2216 3714 2346 3768 vitia
2377 3713 2646 3784 corporis,
2677 3727 2799 3781 quae
2833 3722 2962 3768 sunt
2990 3712 3233 3769 materiae
3260 3722 3627 3781 peccaturum.

2064 3807 2182 3874 Quo
2230 3808 2374 3862 facto
2416 3806 2530 3877 jam
2561 3805 2711 3861 arida
2743 3815 2935 3861 nostra
2956 3821 3061 3861 non
3094 3804 3628 3875 permanebitarida,

2063 3900 2204 3955 sicut
2236 3914 2305 3954 ex
2341 3897 2799 3966 consequentibus
2827 3898 3151 3952 ostenditur.
3194 3897 3291 3951 Ait
3343 3896 3489 3952 enim
3534 3897 3581 3928 ⁸³
3612 3918 3626 3953 :

2064 3992 2136 4045 Et
2165 4001 2480 4062 congregata
2507 4001 2582 4044 est
2611 4006 2749 4059 aqua
2793 4005 2910 4060 qua:
2932 3999 3009 4043 est
3040 3989 3134 4044 sub
3179 3989 3304 4044 ctelo
3327 3991 3381 4044 in
3413 4007 3632 4060 congre-

2062 4085 2298 4152 gationes
2340 4098 2486 4147 suas,
2525 4090 2574 4135 et
2627 4082 2871 4151 apparuit
2915 4082 3090 4136 arida.
3135 4080 3205 4135 Et
3245 4085 3444 4136 vocavit
3486 4083 3630 4137 Deus

2062 4175 2269 4229 aridam
2302 4183 2529 4241 terram,
2585 4182 2632 4228 et
2667 4174 3097 4243 congregationes
3135 4190 3390 4243 aquarum
3430 4177 3630 4229 vocavit

2061 4268 2251 4320 maria.
2302 4265 2460 4320 Sicut
2499 4279 2630 4335 ergo
2655 4264 2805 4319 arida
2837 4266 2973 4330 haec,
3004 4275 3287 4335 segregata
3317 4280 3347 4318 a
3374 4279 3437 4319 se
3462 4280 3627 4335 aqua,

2061 4355 2517 4426 quemadmodum
2552 4356 2803 4425 superius
2832 4354 3084 4423 diximus,
3115 4356 3258 4411 ultra
3290 4371 3398 4412 non
3427 4358 3630 4411 mansit

396 4444 593 4513 factum
635 4456 708 4499 est
746 4461 969 4513 uespere,
992 4457 1039 4498 et
1074 4445 1273 4511 factum
1311 4457 1384 4500 est
1418 4463 1588 4513 mane,
1620 4450 1729 4501 dies
1770 4465 1956 4503 secun-
1987 4469 2032 4524 ι)
2061 4451 2236 4514 arida,
2282 4450 2375 4505 sed
2411 4447 2523 4520 jam
2566 4457 2712 4504 terra
2752 4449 3065 4504 nominatur
3091 4467 3106 4505 :
3137 4453 3238 4505 hoc
3265 4451 3424 4506 modo
3458 4450 3625 4506 etiam

464 4561 509 4631 ’θξ
538 4541 731 4631 Gem],
754 4566 807 4619 6.
887 4561 933 4593 ⁷³
971 4559 1093 4616 lsai.
1144 4578 1290 4626 ωινι,
1333 4565 1383 4618 1.

395 4630 685 4753 ῗυϐοιοεε.
720 4630 810 4698 ιιι,
852 4633 900 4686 1.
976 4633 1023 4666 ⁷⁸
1058 4633 1195 4689 Gen.
1232 4648 1274 4701 t,
1325 4634 1411 4690 10.

393 4796 565 4870 δῴρου
601 4792 961 4870 fragmentum
1006 4794 1150 4870 istud
1184 4813 1197 4849 :
1444 4795 1504 4848 τὸ
1554 4796 1740 4870 σκότος
1790 4798 1888 4869 οὐχ
1919 4801 1956 4870 ἡ

392 4864 502 4947 τῶν
527 4864 791 4947 σςομᾲξιιιν
822 4865 954 4947 mai.
994 4867 1225 4947 εξρητξιι,
1275 4866 1409 4947 ἀλλὰ
1442 4867 1630 4947 νοητόν
1668 4885 1743 4947 νει,
1804 4864 1959 4947 τοξιτᾷ

391 4935 576 5010 ἐςτινό
596 4933 870 5010 ῥιὰλὸολοςς
907 4933 1281 5010 surmomg
1302 4936 1436 5010 φῷς,
1469 4933 1585 5010 πῶς
1604 4938 1781 5010 νοήιῖω
1801 4954 1825 5010 ;_
1850 4936 1960 5010 ἆρα

390 5005 454 5077 τὸ
486 5004 756 5077 ἀληθινὸν,
805 5004 895 5077 τον
928 5005 1054 5077 rem
1079 5022 1093 5071 ;
1121 5001 1200 5058 Vri
1221 5001 1324 5059 οὖν’
1345 5006 1411 5059 ἂν
1457 5008 1654 5077 εἷπῃςς
1687 5001 1840 5060 Μετὰ
1866 5001 1960 5061 ’ἑὸν

391 5074 637 5147 οὐρανὸν,
672 5076 765 5128 καὶ
803 5074 901 5145 τὴν
928 5076 1051 5145 γῆν,
1090 5077 1183 5130 καὶ
1210 5076 1306 5146 τὴν
1339 5074 1594 5141 ἄϐυσσον,
1627 5078 1721 5129 καὶ
1752 5077 1812 5130 τὸ
1839 5096 1959 5150 νοη-

389 5145 482 5200 τὸν
520 5144 708 5207 σκότος
739 5144 830 5198 τὸν
860 5145 1121 5207 διάϐολον,
1161 5148 1190 5200 ὀ
1233 5146 1365 5207 Θεὸς
1395 5146 1607 5207 Λόγος;
1646 5147 1754 5199 Καὶ
1784 5148 1868 5207 τίς
1894 5149 1959 5203 ἂν

390 5162 482 5200 τον
520 5162 708 5207 σκοτος
739 5162 830 5198 τον
860 5162 1121 5211 οιαοοΑον,
1161 5162 1190 5200 ο
1233 5162 1365 5209 vso;
1395 5162 1607 5213 ΛοΥοςς
1647 5162 1754 5199 nat
1784 5162 1868 5211 τις
1894 5162 1960 5203 αν

390 5216 549 5267 τοῦτο
575 5216 963 5286 συγχωρήσειε,
992 5216 1097 5279 ἓως
1130 5216 1196 5271 ἂν
1228 5216 1319 5270 τὸν
1354 5214 1479 5269 νοῦν
1518 5215 1667 5283 Exn;
1702 5216 1761 5270 Si
1785 5229 1959 5272 autem

390 5286 614 5355 tenebrae
638 5286 793 5355 dieue
831 5294 973 5350 sunt,
1000 5302 1101 5339 non
1140 5302 1414 5351 carporum
1437 5287 1643 5349 umbra,
1672 5289 1761 5339 sed
1790 5289 1945 5355 spiri-

389 5354 494 5407 tale
521 5354 813 5422 quidpiam,
845 5355 940 5407 hoc
972 5365 1069 5417 est,
1111 5356 1352 5408 diabolus
1380 5371 1397 5410 :
1426 5355 1588 5419 istud,
1617 5374 1635 5405 ι
1659 5356 1756 5423 fiat
1781 5354 1891 5417 lux.
1919 5377 1939 5409 ι

388 5440 489 5489 quo
512 5434 660 5488 pacto
684 5423 1014 5491 intelligam?
1039 5440 1161 5476 num
1198 5426 1363 5478 lucem
1388 5441 1581 5487 verum,
1615 5423 1709 5478 hoc
1732 5437 1827 5488 est,
1855 5425 1949 5478 Fi~

389 5494 565 5544 lium?
590 5491 886 5576 Quid-ergo
924 5494 1106 5576 dices?
1148 5491 1509 5576 Postruelum,
1546 5505 1759 5576 terra‘m,
1792 5498 1949 5576 abys—

388 5578 527 5625 sum,
553 5572 599 5613 et
632 5564 894 5627 spiritales
928 5564 1161 5616 tenebras
1189 5564 1483 5628 diabolum,
1517 5566 1616 5617 erit
1646 5564 1783 5619 Deus
1821 5564 1951 5619 Ver-

389 5632 508 5682 bum
526 5631 552 5683 ?
577 5631 726 5695 Quod
751 5632 866 5696 quis
892 5649 996 5685 non
1022 5644 1192 5686 mente
1212 5644 1393 5701 captus
1414 5636 1723 5687 concesserit
1747 5638 1772 5690 ζ)
1810 5636 1947 5689 Tum

386 5712 698 5758 catenarum
739 5711 926 5758 auctor
958 5702 1010 5759 id
1043 5703 1293 5761 ObSCI‘ViIl
1327 5721 1340 5762 ;
1373 5703 1543 5761 ἰστέον
1572 5705 1651 5759 ὅτι
1683 5706 1781 5776 τὴν
1817 5707 1956 5779 Ὠρι-

1489 4564 1534 4595 “
1582 4564 1721 4619 Phil.
1765 4580 1846 4632 Ill,
1884 4565 1978 4621 20.

1505 4634 1549 4666 ⁷³
1580 4635 1713 4690 Ibid.
1745 4636 1800 4691 9.
1873 4637 1920 4668 3°
1966 4636 2157 4693 Matth.
2199 4655 2250 4703 ν,
2302 4638 2385 4690 16.

2112 4569 2159 4600 ⁷⁸
2199 4568 2396 4623 Genes.
2442 4581 2481 4633 ι,
2530 4565 2582 4630 7,
2623 4565 2680 4621 8.
2790 4566 2837 4598 ⁷⁸
2868 4564 3024 4620 Joan.
3064 4581 3164 4630 vn,
3204 4566 3296 4632 58,
3334 4575 3389 4620 ει
3419 4581 3496 4634 ιν,
3535 4564 3625 4622 14.

2484 4637 2527 4669 ³¹
2581 4634 2738 4691 Joau.
2785 4652 2862 4702 nl,
2902 4637 2992 4690 20.
3104 4637 3151 4668 ⁸⁸
3192 4636 3389 4692 Genes.
3430 4651 3472 4704 ι,
3507 4636 3540 4693 9
3571 4645 3629 4691 et

2063 4796 2252 4869 γένους
2293 4794 2478 4869 δόξανΔ
2498 4794 2725 4869 ἐλέγχει,
2759 4794 2930 4860 οὕτως
2955 4795 3376 4869 ἑρμηνεύοντες.
3443 4796 3627 4853 Scien-

2065 4868 2190 4921 dum
2218 4877 2292 4919 est
2325 4866 2660 4938 (Diodorum)
2689 4882 2898 4938 carpere
2939 4866 3189 4938 Or‘igenis
3205 4869 3512 4922 sententiam
3538 4870 3626 4938 qui

2065 4941 2140 4993 sic
2178 4948 2288 4990 erat
2315 4937 2705 5000 interpretatus.
2749 4936 3008 4990 Caeterum
3046 4938 3149 4991 hoc
3181 4937 3299 4991 loco
3328 4938 3416 4992 ubi
3445 4936 3626 4994 Gene-

2065 5007 2296 5062 brardus
2320 5005 2532 5077 habet,
2584 5004 2825 5077 diabolus
2872 5015 2919 5059 et
2944 5007 3156 5075 angelus
3179 5009 3315 5077 ejus,
3348 5010 3540 5064 melius
3569 5010 3625 5065 in

2066 5092 2198 5132 mss.
2233 5074 2445 5144 legitur,
2477 5075 2717 5129 diabolus
2747 5083 2798 5128 et
2823 5077 2993 5144 angeli
3017 5074 3151 5144 ejus.

2137 5145 2272 5217 (56)
2304 5144 2486 5198 Omnis
2514 5145 2765 5217 spiritalis
2801 5147 3093 5199 substantia
3115 5155 3253 5211 ,etc.
3290 5146 3364 5200 De
3384 5156 3624 5217 tempore

2067 5214 2176 5285 quo
2202 5231 2417 5271 omnem
2446 5214 2742 5280 spiritalem
2773 5217 3135 5269 substantiam
3172 5231 3201 5269 a
3232 5218 3342 5271 Deo
3374 5214 3620 5272 creatam

2064 5286 2319 5354 opinatus
2349 5285 2419 5339 sit
2448 5285 2730 5351 Origenes,
2760 5286 2997 5354 disputat
3022 5286 3357 5341 clarissimus
3395 5287 3625 5345 lluetius

2054 5356 2515 5424 Origeniangorum,
2547 5354 2639 5407 lib.
2668 5369 2728 5416 ιι,
2752 5364 2941 5422 quiest.
2972 5355 3027 5421 5,
3055 5372 3200 5409 num.
3229 5356 3283 5410 2.

2126 5422 2270 5495 (57)
2326 5422 2569 5495 interior
2605 5434 2698 5477 est.
2742 5425 2798 5477 id
2836 5425 3173 5481 desideratur
3203 5428 3256 5481 in
3290 5425 3420 5482 libb.
3458 5437 3622 5483 antea

2054 5497 2185 5549 edit.
2217 5493 2309 5547 sed
2338 5494 2532 5563 legitur
2557 5493 2611 5547 in
2652 5508 2785 5563 mss.

2164 5564 2272 5633 58)
2300 5562 2430 5633 Mss.
2464 5564 2662 5617 dicitur
2695 5602 2711 5625 ,
2742 5562 2873 5617 libb.
2899 5564 3064 5631 editi,
3091 5566 3236 5620 dicit.

2164 5566 2272 5633 58)
2306 5566 2430 5617 Mss.
2464 5566 2662 5617 dicitur
2695 5602 2711 5625 ,
2742 5566 2873 5617 libb.
2899 5566 3064 5631 editi,
3091 5566 3236 5620 dicit.

2130 5566 2266 5705 E59)
2293 5632 2447 5687 Libb.
2482 5649 2547 5715 an
2560 5642 2641 5715 tea
2673 5633 2826 5696 editi,
2855 5643 2909 5715 ut
2939 5635 2994 5687 in
3024 5654 3085 5691 ea
3110 5637 3538 5709 manifestentur,
3559 5648 3618 5694 at

2058 5715 2285 5777 quatuor
2319 5718 2447 5760 ωδε.
2479 5712 2537 5759 ιιι
2564 5712 2617 5759 in
2644 5714 2829 5760 llOSll'O
2855 5714 3022 5761 lCXlll.
