4000 6146
346 302 441 357 “9

1535 311 1604 367 IN
1643 308 1943 367 GENESIM
1980 307 2265 366 HOMILIA
2300 315 2342 369 l.

3470 309 3573 364 150

341 426 522 473 nostra
550 432 812 489 corpora,
847 423 895 478 si
930 422 1045 479 hate
1069 424 1138 479 ab
1180 425 1262 481 eis
1297 430 1602 500 segregatio
1641 430 1754 496 ﬁat,
1792 430 1903 498 jam
1934 430 1980 486 A
2010 429 2151 485 illius
2174 430 2380 487 fructus
2403 472 2417 492 ,
2459 439 2610 487 actus
2637 431 2807 487 nostri
2837 432 2929 500 qui
2960 445 3026 486 ex
3057 431 3200 486 bono
3248 426 3427 484 cordis
3472 442 3574 482 no-

341 524 445 562 non
469 515 874 578 permanebunt
909 516 1081 584 arida,
1122 518 1216 573 sed
1265 528 1404 574 terra
1462 523 1901 592 appellabuntur,

346 617 411 657 es
439 616 506 658 eo
529 605 675 673 quod
715 605 953 661 fructum
982 609 1092 664 Deo
1133 609 1278 665 ferre
1299 609 1412 678 jam
1439 623 1711 681 poterunt.
1759 614 1905 681 Quo-

353 695 497 749 niam
539 697 762 765 quidem
784 699 840 753 in
870 701 1024 756 initio
1047 703 1189 757 Deus
1211 703 1406 757 ctelum
1433 703 1563 759 fecit
1595 716 1649 760 et
1672 716 1902 761 terram:

337 797 523 857 postea
549 804 689 852 vero
718 792 851 848 fecit
888 793 1288 851 ﬁrmamentum
1337 807 1393 851 et
1428 798 1655 853 aridam.
1697 798 1761 854 Et
1808 799 1904 853 ﬁr-

338 889 676 935 mamentum
704 884 926 953 quidem
960 887 1174 941 vocavit
1203 887 1426 951 ccelum,
1457 888 1667 944 donans
1693 890 1743 944 ei
1782 890 1902 960 ejus

338 967 458 1021 ειειί
512 970 663 1040 quod
720 982 850 1028 ante
892 983 1174 1029 creaverat
1224 990 1444 1030 nomen.
1499 977 1720 1031 Aridam
1772 993 1903 1033 vero

337 1059 634 1128 appellavit
657 1073 883 1130 terram,
906 1081 1006 1135 pro
1040 1080 1104 1121 eo
1127 1067 1270 1136 quod
1298 1068 1347 1123 ei
1379 1068 1690 1125 facultatem
1716 1069 1900 1124 feren-

336 1151 526 1207 darum
550 1151 830 1211 fructuum
863 1156 1177 1228 largiretur.
1208 1157 1265 1212 Si
1299 1159 1420 1227 quis
1445 1174 1577 1229 ergo
1607 1175 1703 1215 sua
1743 1162 1900 1231 culpa

335 1242 520 1298 aridus
552 1244 735 1301 adhuc
757 1258 958 1312 manet,
994 1258 1050 1303 et
1080 1248 1313 1303 fructum
1345 1249 1552 1305 nullum
1589 1251 1696 1323 55.
1722 1250 1896 1318 aﬁ’ert,

338 1335 433 1389 sed
459 1337 648 1404 spinas
680 1347 737 1392 ct
763 1339 1009 1405 tribulos,
1040 1341 1184 1397 velut
1216 1343 1353 1411 ignis
1373 1357 1529 1398 escas
1553 1358 1768 1413 gerens,
1807 1359 1898 1398 se-

337 1426 573 1490 cundum
605 1444 668 1483 ea
693 1446 813 1500 σιιιεε
834 1445 902 1485 ex
926 1446 985 1486 se
1007 1434 1252 1502 protulit,
1278 1435 1445 1489 etiam
1465 1435 1581 1503 ipse
1607 1449 1731 1490 esca
1759 1435 1900 1505 ignis

332 1514 586 1574 eﬁicitur.
628 1518 685 1575 Si
717 1536 847 1576 vero
887 1524 1065 1577 studio
1103 1533 1157 1579 et
1188 1524 1469 1596 diligentia
1507 1541 1604 1580 sua
1631 1526 1898 1596 separatis

330 1621 398 1661 es
454 1624 516 1663 se
559 1611 721 1679 aquis
770 1611 985 1683 abyssi,
1033 1613 1124 1683 qui
1174 1624 1299 1669 sunt
1335 1616 1638 1671 daemonum
1679 1631 1894 1681 sensus,

331 1701 576 1755 exhibuit
603 1718 665 1759 se
693 1713 891 1759 terram
922 1705 1282 1771 fructiferam,
1310 1707 1473 1762 debet
1495 1724 1715 1778 sperare
1751 1712 1898 1764 simi-

333 1788 423 1853 lia,
462 1792 609 1860 quod
653 1800 708 1845 et
766 1794 881 1862 ipse
919 1795 1294 1851 introducatur
1351 1811 1380 1851 a
1431 1795 1543 1853 Deo
1588 1799 1642 1853 in
1691 1808 1891 1854 terram

329 1879 581 1937 ﬂuentem
612 1883 699 1938 lac
721 1894 778 1940 et
808 1886 932 1941 mel.

398 1973 451 2027 5.
493 1972 790 2030 Videamus
822 1988 1003 2034 autem
1035 1993 1104 2034 ex
1153 1979 1615 2049 consequentibus
1637 1981 1729 2051 qui
1767 1994 1895 2038 sunt

330 2068 562 2132 fructus,
586 2084 724 2139 quos
750 2072 1052 2140 producere
1106 2074 1244 2129 Deus
1269 2072 1425 2141 jubet
1454 2082 1657 2130 terram
1696 2075 1889 2145 ipsam,

323 2161 411 2214 cui
456 2161 575 2230 ipse
601 2162 707 2217 hoc
737 2177 933 2217 nomen
964 2163 1209 2220 indulsit.
1259 2165 1330 2219 Et
1362 2166 1512 2231 vidit,
1572 2167 1748 2237 inquit
1807 2167 1853 2200 θ’
1873 2208 1888 2232 ,

322 2249 465 2305 Deus
493 2254 621 2322 quia
646 2254 834 2310 bonum
860 2267 956 2322 est,
986 2266 1035 2309 et
1065 2258 1198 2312 dixit
1228 2258 1366 2313 Deus
1396 2275 1416 2312 :
1447 2258 1716 2313 Producat
1747 2267 1890 2313 terra

322 2345 536 2398 herbam
586 2347 712 2416 lieni
751 2364 926 2404 semen
966 2351 1271 2405 seminantis
1304 2353 1587 2405 secundum
1628 2367 1789 2422 genus
1841 2362 1888 2406 et

318 2438 608 2490 secundum
649 2440 1082 2507 similitudinem,
1157 2451 1204 2495 et
1279 2442 1485 2511 lignum
1551 2443 1888 2513 fructiferum

319 2524 521 2594 faciens
551 2529 804 2598 fructum,
857 2532 1007 2601 cujus
1036 2548 1213 2586 semen
1254 2543 1329 2587 est
1372 2534 1429 2587 in
1459 2534 1572 2602 ipso
1602 2536 1885 2589 secundum

319 2618 721 2674 similitudinem
742 2638 797 2675 st.
806 2638 898 2690 per
921 2634 1117 2677 terram
1141 2640 1160 2677 :
1183 2631 1231 2677 et
1249 2623 1447 2693 factum
1466 2634 1541 2678 est
1564 2624 1663 2683 sic.
1678 2625 1887 2679 Secun-

319 2707 447 2761 dum
476 2708 712 2764 litteram
737 2712 1012 2770 manifesti
1044 2725 1174 2769 sunt
1198 2714 1412 2769 fructus
1438 2730 1574 2785 quos
1611 2724 1754 2771 terra
1778 2732 1883 2771 non

322 2797 474 2851 arida
507 2803 782 2869 producit.
827 2802 931 2857 Sed
967 2802 1165 2858 iterum
1189 2802 1492 2859 referamus
1535 2805 1601 2860 ad
1644 2820 1764 2860 nos.
1825 2804 1884 2861 Si

315 2889 429 2957 jam
477 2888 610 2946 faeti
661 2908 851 2949 sumus
882 2906 1048 2961 terra,
1103 2896 1148 2951 si
1187 2896 1300 2966 jam
1345 2912 1450 2951 non
1491 2911 1678 2952 sumus
1707 2897 1882 2964 arida,

323 2979 620 3039 all'eramus
658 2983 870 3040 fructus
909 2988 1107 3042 uberes
1149 2998 1205 3044 et
1238 2989 1485 3044 diversos
1531 2989 1671 3055 Deo,
1721 2998 1780 3045 ut
1829 2999 1883 3046 et

326 3090 429 3130 nos
475 3076 865 3133 benedicamur
914 3095 944 3133 a
981 3078 1145 3135 Patre
1187 3082 1400 3136 dicente
1437 3081 1483 3113 ³⁸
1515 3095 1531 3136 :
1564 3081 1702 3137 Ecce
1751 3083 1883 3136 odor

317 3167 419 3236 ﬁlii
447 3170 550 3222 mei
572 3169 705 3223 sicut
730 3171 862 3224 odor
882 3172 996 3242 agri
1029 3173 1190 3241 pleni,
1216 3189 1367 3244 quem
1401 3175 1671 3230 benedixit
1698 3176 1884 3231 Domi-

319 3276 461 3325 nus;
511 3272 568 3315 et
597 3261 724 3317 illud
767 3264 914 3334 quod
958 3265 1038 3320 ait
1088 3266 1379 3335 Apostolus
1432 3270 1772 3340 compleatur
1824 3271 1880 3325 in

322 3352 476 3406 nobis
500 3352 549 3385 ⁸⁸
573 3371 587 3406 :
615 3353 778 3409 Terra
809 3356 948 3410 enim
984 3357 1243 3423 excipiens
1268 3358 1566 3429 frequenter
1596 3362 1879 3416 venientem

320 3457 478 3511 super
497 3461 554 3498 se
581 3444 822 3513 imbrem,
847 3456 894 3500 et
921 3463 1174 3516 generous
1191 3449 1407 3503 herbam
1431 3462 1782 3520 opportunam
1812 3454 1880 3507 iis

319 3550 352 3585 a
372 3536 557 3604 quibus
576 3537 790 3603 colitur,
812 3539 1061 3607 percipiet
1104 3540 1484 3596 benedictiones
1518 3559 1550 3596 a
1578 3541 1710 3598 Deo.
1748 3543 1880 3609 Qua:

320 3641 439 3679 vero
464 3630 648 3696 spinas
684 3640 733 3683 et
764 3630 981 3683 tribulos
1014 3630 1235 3700 profert,
1266 3635 1487 3701 reprobo
1515 3644 1613 3698 est,
1641 3642 1690 3688 et
1717 3634 1878 3690 male-

318 3717 459 3769 dicto
484 3719 749 3786 proxima,
777 3720 928 3791 cujus
952 3721 1073 3789 ﬁnis
1096 3731 1177 3776 est
1195 3723 1250 3776 in
1281 3724 1634 3779 adustionem.

320 3846 327 3851 .
385 3806 440 3859 4.
475 3805 541 3865 Et
566 3811 815 3876 produxit
838 3822 979 3866 terra
1000 3813 1211 3867 herbam
1257 3814 1383 3882 {teni
1413 3831 1586 3870 semen
1615 3817 1880 3873 seminan-

318 3897 386 3952 tis
450 3902 735 3956 secundum
779 3920 940 3973 genus
995 3915 1044 3960 et
1107 3906 1391 3960 secundum
1450 3909 1874 3977 similitudinem,

317 3999 367 4042 et
388 3989 585 4059 lignum
631 3994 960 4062 fructiferum
995 3997 1197 4066 faciens
1234 3999 1486 4069 fructum,
1521 4001 1671 4070 cujus
1701 4018 1877 4058 semen

316 4080 371 4134 in
401 4082 519 4149 ipso
545 4084 746 4154 faciens
782 4088 1012 4157 fructum
1052 4092 1340 4145 secundum
1381 4109 1543 4161 genus
1581 4109 1740 4163 super
1767 4105 1874 4149 ter-

316 4187 451 4225 ram.
478 4174 548 4228 Et
576 4178 708 4231 vidit
740 4178 878 4234 Deus
912 4183 1037 4251 quia
1090 4183 1420 4248 bonum'est,
1468 4194 1515 4239 et
1559 4186 1757 4254 [actum
1801 4197 1875 4242 est

317 4278 545 4335 vespere,
594 4278 643 4322 et
689 4270 889 4338 factum
936 4283 1011 4327 est
1058 4290 1233 4339 mane,
1276 4276 1387 4330 dies
1435 4278 1591 4332 tertia
1635 4278 1703 4333 ⁸⁸.
1757 4279 1873 4334 Νοη

316 4355 491 4410 solum
527 4358 680 4427 jubet
721 4370 881 4418 terrae
915 4363 1161 4433 proferre
1209 4365 1431 4420 herbam
1462 4366 1616 4436 freni,
1677 4370 1771 4426 sed
1820 4380 1875 4425 et

2009 520 2108 575 stri
2131 522 2382 577 thesauro
2395 522 2743 593 proferuntur
2766 524 2899 596 (60).
2928 523 2984 578 Si
3012 537 3146 577 vero
3172 520 3422 575 audimus
3450 521 3573 589 qui-

2007 611 2130 667 dem
2169 613 2416 678 verbum,
2453 624 2509 668 et
2537 629 2606 668 ex
2631 614 2817 669 auditu
2842 614 3023 669 statim
3060 621 3199 667 terra
3232 618 3415 667 nostra
3445 625 3571 679 pro—

2005 700 2155 755 ducit
2194 701 2434 766 herbam,
2476 711 2532 757 et
2569 703 2682 758 haec
2716 703 2879 757 herba
2906 710 3198 769 antequam
3239 702 3308 755 ad
3344 700 3570 754 maturi-

2008 798 2173 845 tatem
2207 792 2294 846 vel
2326 792 2392 846 ad
2432 794 2666 847 fructum
2705 792 2910 858 veniat,
2944 794 3169 858 aruerit,
3200 801 3341 848 terra
3381 799 3564 846 nostra

2006 890 2225 950 petrosa
2264 882 2644 952 appellabitur.
2675 885 2730 938 Si
2761 898 2887 938 vero
2917 899 2983 940 ea
3013 898 3133 954 quae
3161 885 3416 939 dicuntur
3441 897 3569 952 pro-

2005 971 2344 1026 fundioribus
2372 973 2621 1027 nitantur
2652 973 2705 1027 in
2739 975 2905 1029 corde
2951 983 3136 1028 nostro
3158 975 3457 1039 radicibus,
3489 976 3563 1030 ita

2004 1071 2062 1115 ut
2103 1069 2158 1116 et
2202 1061 2436 1115 fructum
2476 1077 2699 1132 operum
2751 1060 2993 1127 aﬁ‘erant,
3034 1072 3089 1117 et
3144 1064 3347 1119 semina
3403 1067 3455 1119 in
3503 1079 3566 1121 se

2007 1151 2245 1207 habeant
2290 1154 2619 1220 futurorum,
2659 1164 2791 1209 tunc
2830 1170 2960 1211 vere
2997 1154 3420 1225 uniuscujusque
3464 1172 3566 1211 no-

2001 1254 2174 1298 strum
2196 1254 2338 1299 terra
2357 1246 2652 1301 secundum
2672 1245 2924 1302 virtutem
2947 1261 3101 1302 suam
3131 1245 3284 1302 aﬁert
3304 1245 3560 1315 fructum,

2002 1335 2109 1391 alia
2147 1338 2527 1405 centesimum,
2578 1339 2683 1394 alia
2736 1340 3157 1409 sexagesimum,
3203 1339 3310 1393 alia
3343 1340 3560 1407 trigesi-

2002 1444 2152 1483 mum
2177 1431 2247 1484 ⁸⁷.
2269 1430 2376 1486 Sed
2402 1440 2458 1486 et
2488 1432 2615 1509 illud
2643 1432 3043 1488 admonendum
3062 1432 3372 1489 necessario
3401 1433 3560 1488 duxi—

2000 1535 2140 1588 mus,
2186 1530 2245 1576 ut
2284 1522 2494 1594 fructus
2522 1533 2705 1579 noster
2756 1539 3024 1594 nusquam
3086 1524 3316 1589 zizania,
3352 1524 3404 1578 id
3453 1534 3556 1589 est,

2002 1628 2270 1683 nusquam
2314 1590 2500 1670 lolium
2530 1615 2767 1670 habeat:
2799 1626 2857 1669 ut
2881 1590 3093 1671 i'ructus
3136 1624 3318 1670 noster
3348 1630 3453 1669 non
3488 1616 3560 1669 sit

2000 1718 2159 1760 secus
2192 1706 2356 1773 viam,
2405 1706 2498 1761 sed
2542 1706 2594 1759 in
2632 1706 2744 1775 ipsa
2797 1708 2986 1773 via,in
3036 1707 3125 1761 illa
3180 1721 3299 1776 quae
3336 1705 3556 1767 dicit”.
3626 1766 3631 1771 λ

1999 1795 2111 1865 Ego
2153 1812 2269 1850 sum
2316 1796 2422 1861 via,
2465 1798 2786 1865 seminetur,
2844 1800 3030 1869 utique
3080 1799 3133 1853 in
3193 1813 3277 1860 ea,
3322 1811 3390 1851 ne
3426 1812 3557 1852 aves

1996 1887 2117 1942 coeli
2184 1888 2477 1943 comedunt
2532 1888 2737 1943 fructus
2797 1901 3051 1956 nostros,
3113 1903 3288 1958 neque
3341 1888 3553 1941 vineam

1994 1986 2256 2033 nostram.
2284 1978 2343 2034 Si
2377 1981 2500 2048 quis
2525 1988 2704 2034 tamen
2736 1990 2979 2035 nostrum
3012 1981 3169 2035 vinea
3200 1994 3319 2035 esse
3342 1993 3553 2034 merue-

1993 2069 2098 2135 rit,
2121 2068 2305 2144 videat
2331 2082 2400 2124 ne
2434 2084 2535 2140 pro
2565 2084 2668 2125 uva
2719 2069 2912 2125 aﬁerat
2945 2069 3164 2140 spinas;
3225 2079 3276 2124 et
3334 2079 3557 2140 propter.

1993 2161 2098 2216 hoc
2137 2160 2252 2230 jam
2308 2176 2415 2217 non
2460 2163 2791 2231 putabitur,‘
2826 2176 3001 2233 neque
3065 2161 3320 2227 fodietur,
3376 2177 3564 2231 neque

1992 2256 2347 2311 mandabitur
2380 2256 2615 2311 nubibus
2642 2265 2701 2310 ut
2723 2255 2908 2325 pluant
2944 2268 3109 2323 super
3129 2267 3246 2309 eam
3276 2252 3507 2324 pluviam
3535 2273 3553 2309 :

1991 2348 2087 2402 sed
2120 2361 2152 2401 e
2181 2347 2460 2403 contrario
2502 2347 2841 2417 relinquetur
2872 2348 3121 2415 deserta,
3158 2355 3219 2403 ut
3244 2347 3556 2415 increscant

1990 2453 2152 2508 super
2179 2453 2298 2493 eam
2331 2438 2516 2508 spinas.

2059 2530 2114 2585 5.
2169 2529 2301 2585 Post
2356 2531 2471 2585 haec
2524 2544 2654 2585 vero
2701 2528 2812 2598 jam
2860 2524 3261 2585 ﬁrmamentum
3310 2538 3553 2585 meretur

1988 2626 2152 2679 etiam
2206 2623 2563 2678 luminaribus
2603 2621 2876 2677 adornari.
2934 2622 3025 2676 Ait
3070 2622 3217 2677 enim
3265 2620 3409 2677 Deus
3449 2622 3495 2655 ⁸³
3532 2640 3546 2676 :

1989 2716 2153 2770 Fiant
2180 2716 2464 2771 luminaria
2489 2717 2544 2769 in
2566 2715 2895 2785 ﬁrmamento
2922 2715 3058 2779 cteli,
3083 2723 3141 2768 ut
3162 2716 3366 2769 luceant
3395 2730 3552 2784 super

1987 2819 2202 2874 terram,
2252 2819 2300 2862 et
2344 2806 2583 2862 dividant
2608 2810 2746 2862 inter
2782 2807 2918 2861 diem
2938 2819 2987 2860 et
3024 2814 3247 2859 noctem.
3307 2803 3461 2859 Sicut
3491 2805 3548 2858 in

1988 2902 2328 2956 ﬁrmamento
2370 2900 2476 2955 isto
2530 2901 2676 2970 quod
2719 2899 2832 2968 jam
2860 2896 3057 2953 cmlum
3085 2895 3263 2953 fuerat
3313 2896 3549 2966 appella-

1990 3002 2126 3055 tum,
2154 2992 2315 3060 jubet
2345 2993 2485 3049 Deus
2515 2993 2633 3047 ﬁeri
2680 2991 2993 3054 luminaria,
3035 2997 3092 3044 ut
3122 2988 3369 3045 dividant
3403 2990 3548 3045 inter

1908 3110 1953 3172 ο
1986 3085 2221 3140 medium
2249 3085 2354 3140 diei
2385 3093 2440 3139 et
2476 3084 2652 3140 noctis
2681 3100 2696 3138 :
2730 3083 2802 3137 ita
2833 3091 2889 3136 et
2916 3082 2972 3135 in
2996 3081 3157 3172 nobis
3185 3080 3311 3172 ﬁeri
3342 3088 3544 3172 potest:

1985 3176 2030 3230 si
2073 3182 2253 3230 tamen
2281 3174 2596 3230 studeamus
2623 3184 2680 3230 et
2713 3189 2813 3230 nos
2838 3171 3022 3228 vocari
3061 3180 3117 3226 et
3141 3169 3277 3227 eﬂici
3299 3170 3496 3226 ctelum
3525 3188 3540 3225 :

1982 3264 2270 3320 luminaria
2308 3264 2628 3320 habebimus
2659 3266 2712 3319 in
2742 3266 2935 3332 nobis,
2960 3278 3079 3335 quae
3103 3264 3405 3319 illuminent
3426 3279 3560 3331 nos,,

1982 3351 2261 3407 Christum
2317 3360 2372 3406 et
2424 3351 2725 3407 Ecclesiam
2786 3352 2924 3420 ejus.
2979 3353 3097 3423 Ipse
3140 3362 3226 3410 est
3266 3354 3555 3414 enimlux

1981 3444 2189 3509 mundi,
2229 3445 2322 3514 qui
2374 3454 2430 3498 et
2458 3443 2758 3503 Ecclesiam
2792 3445 3059 3501 illuminat
3083 3462 3179 3505 sua
3218 3447 3357 3503 luce.
3392 3446 3546 3502 Sicut

1980 3537 2124 3591 enim
2166 3535 2293 3591 luna
2330 3537 2399 3591 de
2430 3537 2542 3593 sole
2563 3536 2766 3593 dicitur
2791 3538 3303 3608 perciperelumen,
3340 3548 3399 3593 ut
3440 3556 3539 3610 per

1978 3628 2149 3696 ipsam
2182 3628 2343 3681 etiam
2372 3642 2475 3683 nox
2498 3630 2669 3698 possit
2698 3627 3029 3694 illuminari;
3064 3630 3155 3688 ita.
3184 3641 3238 3685 et
3265 3631 3551 3696 Ecclesia,

1978 3729 2230 3788 suscepto
2286 3721 2488 3775 lumine
2538 3719 2766 3786 Christi,
2825 3719 3097 3775 illuminat
3141 3737 3330 3778 omnes
3359 3725 3541 3792 quiin

1977 3811 2299 3881 ignorantiae
2336 3818 2495 3866 nocte
2536 3822 2850 3866 versantur.
2904 3809 2962 3865 Si
3004 3826 3134 3866 vero
3184 3813 3306 3882 quis
3350 3814 3402 3871 in
3436 3815 3541 3870 hoc

1977 3903 2254 3974 proﬁciat,
2285 3913 2346 3958 ut
2373 3901 2484 3972 jam
2515 3901 2658 3957 ﬁlius
2700 3901 2797 3956 Dei
2835 3899 3119 3968 efﬁciatur,
3153 3902 3234 3958 sic
3271 3913 3326 3958 ut
3352 3904 3407 3958 ln
3450 3904 3540 3958 die

1975 3995 2203 4050 honeste
2231 3995 2488 4060 ambulet,
2512 3994 2667 4063 quasi
2693 3980 2834 4048 ﬁlius
2861 3992 2976 4057 Dei,
2997 4002 3053 4047 et
3082 3993 3225 4049 ﬁlius
3258 3995 3429 4051 lucis.-
3451 3996 3538 4050 hic

1977 4088 2046 4147 ab
2070 4086 2188 4156 ipso
2211 4084 2429 4140 Christo
2451 4085 2788 4139 illuminatur
2818 4085 2959 4140 sicut
2987 4086 3104 4141 dies
3123 4085 3154 4140 a
3189 4086 3325 4141 sole.

2048 4179 2102 4233 6.
2152 4177 2222 4232 Et
2255 4179 2355 4233 sint
2386 4180 2441 4232 in
2466 4179 2616 4247 signa
2657 4187 2705 4231 et
2742 4187 2993 4245 tempora,
3029 4189 3077 4235 et
3124 4181 3183 4234 in
3227 4180 3336 4234 dies
3377 4191 3426 4234 et
3481 4181 3537 4233 in

1980 4286 2198 4324 annos:
2242 4281 2290 4323 et
2346 4269 2478 4338 ﬁant
2526 4269 2596 4325 ad
2645 4254 3052 4327 illuminandum
3094 4272 3151 4324 in
3206 4271 3536 4340 ﬁrmamento

1975 4363 2111 4428 cmli,
2152 4373 2206 4415 ut
2229 4361 2435 4420 luceant
2459 4376 2616 4430 super
2665 4371 2881 4414 terram.
2918 4362 2986 4415 Et
3028 4362 3226 4429 factum
3260 4371 3334 4415 est
3360 4364 3436 4416 sic
3465 4363 3532 4415 9°.

314 4461 500 4504 semen
531 4451 793 4520 proferre,
840 4463 899 4510 ut
932 4470 1147 4524 semper
1176 4458 1410 4515 fructum
1446 4461 1861 4529 possitaﬁ‘erre.
1897 4447 1945 4502 θ
1975 4455 2129 4510 Sicut
2172 4456 2466 4512 luminaria
2500 4455 2606 4509 ἰδίει
2654 4455 2804 4521 εοειί»
2862 4469 2982 4524 qua
3046 4457 3312 4521 Videmus,
3359 4456 3534 4524 POSila

312 4537 378 4592 Et
403 4555 515 4594 non
545 4542 717 4596 solum
736 4544 887 4613 jubet
909 4545 1111 4617 lignum
1150 4548 1521 4618 fructiferum,
1562 4554 1657 4608 sed
1693 4563 1748 4608 et
1791 4554 1870 4609 fa-

314 4630 465 4686 ciens
494 4646 702 4701 semen,
738 4635 895 4705 cujus
926 4651 1110 4693 semen
1154 4639 1208 4694 in
1256 4640 1376 4710 ipso
1419 4651 1522 4710 est,
1569 4646 1866 4701 secundum

312 4736 498 4791 genus,
530 4724 582 4778 id
613 4734 713 4790 est,
746 4737 805 4780 ut
828 4742 1042 4799 semper
1070 4745 1136 4785 ex
1163 4731 1251 4787 his
1288 4735 1620 4802 seminibus,
1660 4752 1779 4806 quae
1812 4739 1866 4792 in

312 4829 370 4869 se
396 4815 582 4883 habet,
619 4817 853 4873 fructum
892 4822 1072 4889 possit
1115 4821 1332 4880 afferre.
1380 4825 1446 4879 Et
1487 4841 1586 4883 nos
1624 4842 1753 4899 ergo
1789 4830 1867 4885 ita

314 4906 570 4963 debemus
593 4919 647 4963 et
691 4911 1020 4968 fructiﬁcare
1052 4912 1310 4981 fructum,
1342 4927 1397 4972 et
1427 4921 1633 4974 semina
1663 4921 1871 4977 habere

311 4998 364 5052 in
393 4999 551 5055 nobis
580 5000 731 5072 ipsis,
779 5002 832 5057 id
878 5012 996 5071 est,
1034 5008 1275 5062 omnium
1326 5008 1590 5065 bonorum
1640 5027 1861 5082 operum

312 5092 662 5163 omniumque
682 5094 937 5149 virtutum
961 5097 1168 5151 semina
1198 5098 1253 5152 in
1284 5100 1446 5154 corde
1472 5109 1658 5156 nostro
1690 5105 1865 5158 conti-

310 5198 483 5248 nere;
519 5194 578 5238 ut
607 5185 720 5240 haec
750 5186 1011 5243 habentes
1038 5188 1147 5243 ﬁxa
1182 5188 1236 5242 in
1272 5193 1539 5247 mentibus
1569 5196 1769 5250 nostris
1796 5212 1861 5252 ex

308 5272 435 5343 ipsis
453 5274 569 5342 jam
599 5290 791 5332 omnes
821 5291 1007 5343 actus,
1049 5282 1139 5350 qui
1176 5283 1507 5337 incurrerint
1543 5286 1731 5352 nobis,
1776 5303 1863 5343 se-

309 5367 537 5423 cundum
558 5368 827 5439 justitiam
863 5388 1134 5444 geramus.
1167 5375 1268 5432 lsti
1291 5387 1419 5433 sunt
1454 5378 1597 5432 enim
1638 5381 1862 5437 seminis

367 5507 415 5581 ξ’
448 5506 586 5564 Gen.
616 5526 658 5564 l.
710 5510 779 5564 10
816 5522 871 5567 ει
902 5513 989 5571 ll.
1046 5515 1092 5547 ⁸*
1117 5515 1252 5571 Gen.
1298 5534 1470 5581 xxvn,
1498 5519 1590 5573 27.

306 5575 515 5634 “Joan.
555 5596 668 5647 xiv,
721 5582 779 5638 6.
850 5584 896 5616 ⁸¹¹
921 5583 1058 5643 Gen.
1089 5602 1128 5651 ι,
1164 5587 1250 5642 ll.
1326 5590 1372 5621 9°
1412 5575 1544 5646 Ibid.
1576 5589 1639 5643 14
1662 5601 1716 5644 et
1749 5590 1837 5649 15.

1973 4559 2100 4603 sunt
2130 4549 2181 4603 in
2219 4548 2371 4616 signa
2397 4556 2454 4601 et
2491 4547 2543 4601 in
2573 4559 2840 4618 tempora,
2875 4557 2932 4602 et
2977 4547 3094 4602 dies
3144 4556 3200 4601 et
3247 4562 3440 4615 annos,
3478 4559 3536 4602 ut

1970 4641 2186 4696 luceant
2223 4640 2289 4694 de
2328 4639 2670 4696 ﬁrmamento
2699 4642 2823 4695 coeli
2870 4641 2957 4695 his
2996 4640 3089 4709 qui
3124 4653 3289 4710 super
3333 4649 3533 4695 terram

1972 4740 2098 4787 sunt
2130 4752 2142 4787 :
2175 4731 2278 4785 hoc
2315 4730 2476 4785 modo
2507 4732 2669 4786 etiam
2703 4732 2959 4786 Christus
2994 4731 3304 4787 illuminans
3345 4730 3533 4786 Eccle-

1972 4823 2107 4878 siam
2154 4837 2330 4886 suam,
2385 4821 2539 4892 signa
2573 4822 2666 4876 dat
2698 4837 2792 4891 per
2829 4831 3102 4893 praecepta
3137 4838 3234 4878 sua
3261 4840 3276 4877 :
3300 4831 3358 4877 ut
3396 4825 3535 4880 sciat

1974 4913 2244 4983 quomodo
2279 4912 2401 4982 quis
2453 4921 2674 4981 accepto
2708 4913 2863 4983 signo
2905 4913 3080 4983 fugiat
3118 4917 3185 4969 ab
3223 4915 3304 4970 ira
3343 4929 3534 4985 super-

1969 5016 2222 5070 ventura,
2266 5005 2346 5059 uti
2386 5019 2453 5060 ne
2475 5007 2590 5060 dies
2613 5005 2701 5059 illa
2734 5005 2878 5060 sicut
2906 5007 2992 5060 fur
3024 5019 3147 5061 eum
3175 5009 3532 5076 comprehen-

1971 5098 2065 5152 dat
2098 5115 2114 5152 :
2148 5099 2241 5152 sed
2273 5105 2333 5151 ut
2355 5098 2529 5166 magis
2560 5097 2848 5167 pervenire
2879 5097 3052 5166 possit
3080 5099 3134 5152 in
3168 5113 3367 5154 annum
3417 5100 3526 5154 Do-

1971 5191 2100 5245 tnini
2133 5189 2547 5260 acceptabilcm.
2580 5188 2838 5244 Christus
2857 5203 2987 5260 ergo
3020 5197 3106 5244 est
3134 5189 3229 5245 tua:
3249 5207 3373 5245 vera.
3409 5208 3530 5262 qua:

1968 5285 2234 5339 illuminat
2273 5300 2478 5338 omnem
2505 5283 2766 5337 hominem
2804 5283 3087 5337 venientem
3129 5282 3185 5336 in
3213 5284 3352 5336 hunc
3374 5302 3531 5338 mun-

1966 5382 2094 5435 dum
2127 5379 2205 5443 ⁹¹;
2230 5393 2293 5434 ex
2321 5376 2472 5445 cujus
2497 5377 2699 5433 lumine
2738 5378 3034 5434 illuminata
3068 5378 3329 5445 Ecclesia,
3360 5381 3525 5435 etiam

1666 5520 1711 5552 ⁸⁸
1739 5520 1871 5576 lleb.

1666 5601 1716 5644 et
1749 5590 1837 5647 15.

2002 5523 2035 5647 ’ἔ
2072 5532 2127 5576 ει
2160 5522 2214 5576 8.
2281 5520 2337 5646 ζ
2368 5522 2503 5578 Gen.
2541 5539 2588 5589 ι,
2618 5523 2685 5576 l9.
2713 5534 2766 5577 et
2798 5523 2885 5577 15.
2962 5523 3008 5554 ⁸⁷
3058 5523 3251 5578 Matth.
3282 5540 3401 5591 xm,
3430 5527 3523 5584 25.

2035 5610 2159 5647 oun.
2197 5608 2235 5647 ι.
2321 5631 2334 5644 .

2035 5610 2159 5657 oun,
2197 5608 2235 5657 ι,
2281 5608 2334 5646 δ.

375 5711 521 5786 (60)
546 5712 636 5771 Ea:
658 5715 792 5771 bona
823 5717 998 5772 cordis
1034 5720 1200 5774 nostri
1231 5721 1491 5775 thesauro.
1527 5722 1617 5780 Sic
1641 5722 1838 5782 habent
1859 5740 2023 5793 mss,
2045 5725 2291 5796 impressi
2321 5739 2465 5792 vero,
2485 5740 2548 5779 ea:
2569 5725 2715 5780 bonis
2741 5727 2916 5781 cordis
2944 5726 3421 5782 uostrithesauris.
