4000 6146
464 329 562 383 151

1937 326 2258 382 ΟἰὶΙΟΕΝΙΞ

3593 325 3694 380 159.

456 445 571 513 ipsa
599 445 685 498 lux
711 444 892 500 mundi
911 444 1162 510 efﬁcitur,
1197 441 1506 499 illuminans
1536 457 1631 498 eos
1656 445 1746 513 qui
1792 444 1845 498 in
1875 451 2024 498 tene—
2052 449 2098 504 Α
2126 442 2422 498 secundum
2454 441 2728 512 propriam
2762 454 2916 496 suam
2955 441 3232 494 virtutem.
3260 438 3369 494 Aut
3395 437 3540 494 enim
3567 452 3691 496 cum

453 537 569 591 bris
595 546 719 590 sunt
760 554 773 589 :
801 539 940 592 sicut
979 545 1033 591 et
1077 537 1190 606 ipse
1212 534 1467 591 Christus
1494 543 1830 588 contestatur
1857 535 2018 590 disci-

454 626 594 695 pulis
639 627 753 681 suis
797 627 986 681 dicens
1021 628 1067 659 9’
1103 644 1117 680 :
1159 625 1263 680 Vos
1287 627 1411 680 estis
1441 626 1533 679 lux
1560 627 1760 679 mundi.
1807 627 1884 679 Ex
1913 641 2020 695 quo

453 718 780 783 ostenditur,
811 719 938 786 quia
972 718 1228 773 Christus
1265 718 1480 786 quidem
1510 717 1598 771 lux
1638 725 1722 771 est
1751 717 2020 786 apostolo-

453 825 594 876 rum,
628 809 855 878 apostoli
893 823 1019 863 vero
1059 811 1148 864 lux
1185 810 1393 863 mundi.
1421 807 1525 879 lpsi
1566 808 1709 862 enim
1747 817 1871 861 sunt
1912 822 2018 861 non

453 901 715 954 habentes
743 900 1010 953 maculam
1034 901 1115 955 vel
1146 916 1355 970 rugam,
1385 911 1477 954 aut
1522 900 1730 969 aliquid
1761 899 2018 967 hujusce-

452 993 620 1057 modi,
659 1007 782 1046 vera
826 992 1067 1046 Ecclesia
1100 1010 1111 1043 :
1140 995 1279 1048 sicut
1304 1002 1360 1048 et
1414 993 1712 1064 Apostolus
1769 991 1901 1045 dicit
1926 991 2016 1046 9"z

452 1080 520 1136 Ut
557 1085 664 1153 ipse
681 1085 776 1136 sibi
804 1085 1042 1137 exhibeat
1072 1085 1355 1154 gloriosam
1390 1085 1681 1138 Ecclesium
1707 1100 1809 1137 non
1832 1083 2020 1137 haben-

453 1185 551 1227 tem
581 1175 869 1238 maculam,
894 1185 988 1227 aut
1011 1192 1220 1244 rugam,
1266 1185 1359 1230 aut
1390 1177 1590 1246 aliquid
1626 1176 1947 1238 huiusmodi.

523 1265 574 1318 7.
613 1265 682 1318 Et
721 1266 842 1334 fecit
876 1265 1014 1318 Deus
1046 1267 1151 1318 duo
1182 1265 1471 1318 luminaria
1502 1281 1692 1335 magna
1719 1281 1736 1318 :
1764 1265 2021 1317 luminare

448 1356 623 1424 majus
661 1357 714 1408 in
750 1358 1107 1424 principatum
1149 1356 1290 1422 diei;
1345 1367 1396 1412 et
1438 1357 1704 1410 luminare
1741 1359 1915 1409 minus
1965 1357 2019 1408 in

448 1449 802 1516 principatum
827 1451 1013 1514 noctis,
1049 1459 1098 1501 et
1146 1449 1346 1503 stellas.
1384 1449 1451 1502 Et
1481 1451 1654 1518 posuit
1683 1465 1744 1502 ea
1786 1448 1927 1502 Deus
1957 1450 2013 1501 in

449 1536 777 1605 ﬁrmamento
797 1537 932 1600 caeli,
949 1548 1002 1590 ut
1025 1538 1236 1592 luceant
1257 1555 1412 1608 super
1430 1549 1620 1592 (errant
1649 1547 1696 1592 et
1714 1546 2020 1606 potestatem

455 1627 677 1680 habeant
703 1629 807 1681 diei
834 1637 885 1681 et
909 1630 1097 1696 noctis,
1123 1638 1172 1684 et
1189 1631 1429 1684 dividant
1461 1632 1596 1684 inter
1614 1630 1840 1683 medium
1861 1629 2016 1693 lucis,

452 1731 499 1772 et
528 1721 667 1772 inter
699 1719 802 1790 55
841 1723 1066 1774 medium
1099 1722 1450 1776 tenebrarum.
1479 1719 1548 1774 Et
1571 1722 1697 1775 vidit
1722 1721 1863 1776 Deus
1893 1721 2018 1789 quia

2126 533 2298 587 turbis
2319 533 2568 588 venimus
2590 535 2656 586 ad
2679 548 2829 596 eum,
2858 540 2912 586 et
2943 547 3040 601 per
3062 529 3344 600 parabolas
3373 545 3470 584 nos
3496 530 3689 598 reﬁcit,

2122 624 2187 678 ad
2229 625 2329 679 hoc
2373 625 2748 678 tantummodo
2783 637 2850 677 ne
2893 622 3082 677 multis
3107 621 3328 690 jejuniis
3378 621 3692 676 deﬁciamus

2124 717 2176 770 in
2205 717 2291 770 via
2328 736 2340 771 :
2379 724 2473 770 aut
2509 726 2655 770 certe
2687 730 2905 784 semper
2949 725 3005 769 et
3041 715 3408 768 indesinenter
3454 713 3572 783 ejus
3599 728 3694 781 pe-

2123 803 2278 857 dibus
2308 803 2616 857 assidemus
2642 804 2709 868 '9,
2744 811 3003 858 vacantes
3031 804 3096 857 ad
3143 807 3247 858 hoc
3297 802 3470 856 solum
3504 811 3563 856 ut
3599 818 3694 855 au-

2123 897 2335 951 diamus
2362 897 2588 950 verbum
2638 896 2777 966 ejus,
2827 911 3170 966 nequaquam
3219 895 3518 964 perturbati
3559 909 3688 964 erga

2122 987 2351 1042 multum
2393 988 2780 1052 ministerium,
2818 989 2912 1043 sed
2953 987 3208 1057 optimam
3244 993 3450 1055 partem
3485 985 3695 1056 eligen-

2122 1089 2225 1143 tes,
2251 1095 2372 1149 qnae
2415 1095 2523 1133 non
2555 1079 2836 1135 auferetur
2871 1095 2901 1134 a
2928 1081 3108 1134 nobis.
3143 1079 3210 1132 Et
3251 1078 3437 1146 utique
3477 1078 3572 1146 qui
3611 1078 3696 1133 sic

2122 1170 2391 1225 accedunt
2425 1171 2491 1224 ad
2534 1187 2679 1236 eum,
2725 1172 2897 1226 multo
2939 1170 3172 1240 amplius
3215 1184 3283 1223 ex
3328 1170 3447 1238 ejus
3488 1169 3696 1224 lumine

2123 1273 2554 1332 consequuntur.
2601 1262 2657 1316 Si
2687 1277 2818 1317 vero
2865 1263 3007 1317 sicut
3035 1262 3264 1330 apostoli
3293 1277 3555 1332 nusquam
3581 1278 3697 1316 om-

2122 1354 2253 1408 nino
2286 1369 2601 1408 moveamur
2630 1357 2699 1408 ab
2740 1369 2824 1418 eo,
2865 1354 2958 1408 sed
3003 1368 3217 1423 semper
3248 1369 3366 1409 cum
3395 1368 3459 1410 eo
3484 1369 3696 1423 perma-

2122 1460 2348 1500 neantus
2381 1447 2433 1499 in
2475 1447 2728 1502 omnibus
2773 1447 3221 1501 tribulationibus
3250 1447 3386 1515 ejus,
3428 1455 3555 1500 tunc
3595 1461 3697 1500 no-

2122 1537 2204 1591 bis
2233 1548 2452 1592 secreto
2483 1552 2570 1601 ea,
2595 1552 2718 1606 quae
2743 1537 2809 1591 ad
2841 1538 3028 1592 turbas
3066 1537 3278 1594 locutus
3313 1539 3508 1601 fuerat,
3535 1552 3696 1606 expo-

2123 1628 2222 1693 nit,
2255 1639 2418 1696 atque
2448 1621 2720 1694 dissolvit,
2752 1639 2806 1683 et
2833 1629 3004 1684 multo
3035 1629 3234 1684 clarius
3267 1629 3540 1683 illuminat
3572 1644 3691 1682 nos.

2125 1718 2180 1773 Si
2223 1735 2354 1774 vero
2379 1722 2540 1774 etiam
2578 1722 2700 1776 talis
2721 1722 2847 1791 quis
2875 1721 3055 1785 fuerit,
3093 1733 3146 1776 ut
3181 1722 3425 1791 possitet
3464 1723 3516 1776 in
3545 1737 3697 1774 mon-

452 1812 646 1865 bonum
667 1823 739 1866 est
767 1824 854 1867 :et
874 1814 1071 1882 factum
1101 1823 1174 1866 est
1201 1830 1425 1882 vespere,
1459 1823 1507 1866 et
1530 1814 1723 1882 factum
1761 1822 1836 1867 est
1871 1829 2021 1866 mane
2053 1789 2100 1850 Β
2130 1820 2236 1864 tem
2273 1811 2568 1865 ascendere
2603 1827 2728 1864 cum
2759 1827 2823 1866 eo
2862 1813 3003 1866 sicut
3033 1813 3244 1874 Petrus,
3273 1822 3327 1866 et
3352 1811 3607 1876 Jacobns,
3637 1819 3697 1867 et

450 1905 562 1958 dies
583 1916 772 1974 quarta
788 1905 854 1961 “.
879 1905 1030 1960 Sicut
1053 1905 1202 1961 solet
1219 1906 1343 1960 luna
1368 1921 1560 1975 magna
1579 1905 1863 1960 luminaria
1880 1906 2020 1960 dicta

448 2007 580 2050 sunt
606 2011 724 2051 esse
753 1998 803 2050 in
833 1997 1174 2052 ﬁrmamento
1205 1996 1362 2064 caeli;
1391 1997 1466 2051 ita
1497 2006 1552 2052 et
1583 1997 1634 2050 in
1681 1996 1833 2052 nobis
1866 1993 2019 2050 Chri-

447 2099 566 2144 stus
595 2097 648 2143 et
677 2089 941 2144 Ecclesia.
975 2089 1082 2144 Sed
1113 2089 1370 2158 quoniam
1405 2090 1570 2143 etiam
1599 2087 1786 2151 stellas
1834 2089 1886 2142 in
1927 2089 2018 2140 ﬁr-

447 2190 722 2234 mamento
771 2181 946 2249 posuit
986 2181 1148 2246 Deus,
1183 2180 1464 2233 videamus
1513 2195 1632 2248 quae
1674 2189 1800 2233 sunt
1852 2180 2018 2234 etiam

445 2272 500 2324 in
535 2273 688 2324 nobis
717 2272 909 2336 stellae,
935 2272 1124 2336 id'est,
1163 2273 1214 2326 in
1247 2271 1428 2326 cordis
1465 2273 1635 2327 nostri
1667 2271 1830 2326 coelo.
1867 2271 2018 2343 Moy-

447 2379 537 2416 ses
582 2364 735 2416 stclla
777 2374 861 2418 est
901 2365 952 2417 in
988 2365 1164 2429 nobis,
1207 2379 1327 2434 quae
1370 2364 1512 2418 lucet
1541 2373 1595 2418 et
1627 2364 1893 2418 illuminat
1921 2379 2020 2420 nos

449 2455 659 2510 actibus
687 2457 904 2511 suis.Et
931 2457 1228 2524 Abraham,
1257 2456 1434 2522 Isaac,
1453 2468 1508 2510 et
1531 2456 1724 2521 Jacob,
1753 2466 1807 2511 et
1827 2457 2016 2521 Isaias,

446 2559 499 2604 et
526 2547 808 2614 Jeremias,
848 2559 902 2604 et
949 2549 1222 2617 Ezechiel,
1270 2560 1324 2604 et
1366 2549 1552 2612 David,
1587 2556 1641 2602 et
1688 2549 1878 2604 Daniel
1916 2568 1928 2603 :
1964 2558 2019 2604 et

445 2657 634 2697 omnes
667 2643 863 2711 quibus
897 2640 1180 2709 Scriptura
1226 2652 1412 2697 sancta
1452 2642 1818 2698 testimonium
1847 2643 2015 2707 dedit,

445 2732 574 2801 quia
605 2733 907 2800 placuerint
935 2735 1066 2788 Deo.
1107 2734 1257 2789 Sicut
1285 2735 1428 2789 enim
1461 2734 1610 2788 stella
1634 2734 1697 2787 ab
1730 2732 1882 2788 stella
1911 2733 2018 2802 dif-

446 2825 546 2894 fert
575 2827 630 2878 in
655 2827 895 2880 claritate
923 2827 990 2892 ³⁸,
1015 2828 1084 2881 ita
1113 2827 1276 2881 etiam
1302 2837 1616 2882 sanctorum
1643 2828 2017 2898 unusquisque

446 2919 740 2973 secundum
771 2919 1195 2988 magnitudinem
1245 2935 1395 2973 suam
1440 2919 1617 2973 lumen
1657 2935 1812 2975 suum
1840 2920 2016 2974 fundit

445 3017 501 3071 in
534 3033 650 3070 nos.
683 3016 837 3072 Sicut
868 3031 1046 3072 autem
1077 3019 1158 3072 sol
1180 3029 1235 3072 et
1267 3018 1394 3073 luna
1436 3018 1745 3072 illuminant
1784 3031 2012 3086 corpora

446 3118 631 3162 nostra
658 3127 670 3160 :
700 3109 774 3162 ita
799 3119 853 3164 ct
879 3125 907 3162 a
931 3109 1148 3164 Christo
1175 3117 1335 3180 atque
1365 3109 1604 3164 Ecclesia
1638 3109 2016 3164 illuminantur

445 3209 660 3255 mentes
691 3210 909 3256 nostrae.
952 3200 1030 3256 lta
1065 3213 1241 3258 tamen
1294 3203 1684 3269 illuminamur,
1715 3201 1757 3256 si
1801 3217 1906 3257 non
1940 3202 2016 3255 si-

445 3307 569 3346 mus
597 3291 866 3346 mentibus
895 3293 1043 3350 caeci.
1069 3293 1200 3358 Nam
1227 3294 1371 3349 sicut
1395 3294 1476 3349 sol
1502 3305 1553 3350 et
1580 3294 1704 3348 luna
1726 3291 2017 3362 corporali-

446 3383 549 3436 bus
581 3383 752 3436 oculis
784 3398 958 3438 caecos
985 3386 1232 3453 quamvis
1275 3385 1574 3451 illustrent,
1604 3384 1680 3438 illi
1720 3393 1898 3438 tamen
1936 3399 2016 3437 re-

447 3473 632 3542 cipere
678 3473 857 3528 lumen
897 3491 1005 3529 non
1049 3483 1313 3545 possunt;
1353 3477 1423 3529 ita
1473 3485 1526 3531 et
1563 3475 1812 3531 Christus
1842 3475 2013 3529 lucem

446 3579 601 3619 suam
632 3565 1153 3634 praestat‘mentibus
1192 3566 1414 3631 nostris,
1449 3567 1544 3622 sed
1572 3568 1645 3622 ita
1675 3568 1888 3623 demum
1921 3584 2017 3622 nos

447 3658 793 3723 illuminahit,
836 3659 882 3714 si
939 3676 1282 3731 nequaquam
1334 3663 1550 3717 caecitas
1602 3662 1800 3717 mentis
1849 3664 2018 3732 impe-

448 3751 581 3803 diat.
609 3750 760 3816 Quod
790 3752 953 3804 etiam
986 3753 1030 3806 si
1061 3753 1270 3808 accidat
1299 3753 1493 3822 primo,
1532 3761 1748 3822 oportet
1793 3769 1886 3807 cos
1924 3755 2015 3820 qui

453 3842 583 3895 caeci
609 3851 733 3896 sunt
761 3845 910 3910 sequi
940 3843 1237 3911 Christum,
1262 3845 1501 3900 dicentes
1523 3854 1572 3899 et
1603 3845 1898 3900 clamantes
1927 3846 1972 3878 ⁹⁶
2000 3865 2013 3899 :

449 3932 699 3987 Miserere
728 3935 893 3998 nobis,
923 3934 1004 4003 fili
1034 3935 1229 4003 David,
1270 3947 1333 3991 ut
1366 3938 1530 3991 etiam
1565 3939 1737 3992 visum
1787 3939 1854 3991 ab
1900 3939 2018 4006 ipso

453 4025 801 4093 recipientes,
854 4028 1062 4094 possint
1112 4028 1372 4096 deinceps
1419 4036 1472 4082 et
1526 4027 1662 4083 lucis
1690 4029 1808 4098 ejus
1843 4029 2016 4098 splen-

451 4115 582 4168 dore
617 4116 838 4168 radiari.
873 4115 1068 4170 Verum
1113 4134 1222 4172 non
1273 4118 1550 4188 :equaliter
1579 4134 1767 4174 omnes
1807 4120 1899 4187 qui
1945 4120 2020 4171 vi-

451 4209 580 4263 dent
613 4209 988 4262 illuminantur
1016 4226 1042 4263 a
1069 4209 1304 4277 Christo,
1357 4213 1450 4268 sed
1495 4211 1691 4282 singuli
1720 4211 2015 4266 secundum

451 4317 568 4356 eam
599 4319 910 4357 mensuram
942 4302 1333 4368 illuminantur,
1359 4320 1462 4374 qua
1486 4305 1592 4357 vim
1634 4304 1851 4358 luminis
1881 4304 2018 4358 reci-

452 4408 581 4463 pere
610 4392 808 4444 valent.
838 4391 903 4444 Et
945 4393 1084 4445 sicut
1123 4408 1228 4446 non
1260 4393 1542 4462 thualiter
1588 4394 1728 4448 oculi
1772 4395 2016 4462 corporis

2124 1900 2382 1967 Joannes,
2409 1903 2508 1957 iste
2554 1920 2660 1957 non
2702 1905 2870 1958 solum
2913 1905 3118 1959 Christi
3147 1904 3371 1969 lumine,
3400 1905 3492 1957 sed
3523 1908 3691 1958 etiam

2121 1997 2301 2052 Patris
2331 1999 2501 2068 ipsius
2546 1999 2939 2054 illuminabitur
2967 2015 3119 2055 voce.

2189 2091 2242 2146 8.
2279 2089 2348 2145 Et
2387 2092 2523 2146 dixit
2548 2091 2690 2145 Deus
2717 2109 2736 2145 :
2770 2089 3076 2146 Producant
3116 2108 3266 2162 aqua:
3307 2092 3536 2161 repentia
3571 2094 3694 2147 ani-

2121 2198 2329 2235 marum
2363 2183 2632 2250 vivarum,
2675 2193 2724 2235 et
2759 2183 2998 2237 volatilia
3045 2183 3278 2237 volantia
3302 2197 3461 2252 super
3496 2193 3692 2236 terram

2120 2275 2406 2326 secundum
2457 2273 2848 2340 ﬁrmamentum
2887 2274 3023 2328 coeli.
3066 2272 3136 2326 Et
3168 2275 3367 2341 factum
3415 2285 3489 2327 est
3543 2275 3620 2328 sic
3647 2274 3689 2328 ¹.

2121 2361 2428 2416 Secundum
2467 2360 2702 2415 litteram
2728 2361 2880 2429 jussu
2915 2362 3010 2417 Dei
3044 2364 3422 2432 producuntur
3446 2364 3514 2418 ab
3536 2366 3691 2434 aquis

2120 2454 2362 2521 repentia
2401 2461 2456 2507 et
2503 2453 2740 2507 volatilia
2767 2495 2783 2521 ,
2838 2462 2892 2509 et
2936 2454 3052 2509 haec
3090 2470 3209 2523 quae
3236 2456 3480 2510 videmus
3521 2472 3550 2508 a
3579 2471 3690 2524 quo

2117 2543 2230 2598 sint
2282 2541 2422 2596 facta
2468 2546 2873 2612 cognoscimus.
2929 2542 3036 2598 Sed
3089 2544 3364 2598 videamus
3416 2545 3691 2612 quomodo

2117 2635 2281 2689 etiam
2310 2635 2609 2688 secundum
2635 2643 2878 2688 nostrum
2906 2634 3304 2689 ﬁrmamentum
3335 2635 3480 2701 caeli,
3508 2636 3559 2690 id
3581 2646 3688 2701 est,

2115 2725 2314 2781 utentis
2360 2734 2557 2780 nostra:
2599 2725 2684 2780 vel
2729 2727 2909 2781 cordis
2943 2727 3292 2790 soliditatem,
3344 2727 3461 2782 haec
3489 2727 3686 2782 eadem

2118 2818 2267 2872 ﬁant.
2298 2818 2568 2883 Arbitror,
2589 2819 2714 2889 quia
2751 2819 2796 2874 si
2834 2835 2990 2874 mens
3023 2830 3212 2874 nostra
3239 2817 3540 2873 illuminata
3571 2819 3690 2872 lue-

2116 2912 2187 2965 rit
2212 2927 2240 2964 a
2266 2920 2451 2966 nostro
2481 2911 2594 2966 sole
2615 2912 2851 2978 Christo,
2873 2912 3096 2980 jnbetur
3131 2913 3472 2982 postmodum
3501 2925 3571 2965 ex
3600 2911 3688 2967 his

2116 3017 2239 3070 quae
2273 3003 2326 3055 in
2369 3017 2431 3056 ea
2479 3013 2606 3057 sunt
2638 3003 2796 3072 aquis
2840 3005 3144 3073 producere
3187 3004 3426 3073 repentia
3457 3015 3512 3057 et
3535 3004 3685 3057 vola-

2119 3095 2232 3146 tilia
2263 3093 2520 3160 volantia,
2557 3095 2609 3148 id
2645 3105 2745 3157 est.
2783 3096 3140 3165 cogitationes
3185 3097 3353 3150 bonas
3376 3095 3462 3149 vel
3515 3097 3686 3150 malas

2117 3185 2364 3256 proferre
2400 3191 2451 3240 in
2486 3189 2737 3248 medium,
2784 3197 2844 3241 ut
2891 3189 3146 3242 discretio
3202 3189 3295 3242 ﬁat
3343 3190 3605 3242 honorum
3653 3204 3685 3242 a

2119 3278 2296 3342 malis,
2353 3294 2474 3348 quae
2517 3280 2706 3349 utique
2745 3289 2975 3348 utraque
3026 3296 3092 3335 ex
3147 3282 3311 3336 corde
3363 3283 3682 3351 procedunt.

2120 3371 2196 3424 De
2223 3370 2389 3425 corde
2419 3385 2652 3440 namque
2675 3380 2866 3426 nostro
2893 3374 3039 3425 velut
3067 3372 3133 3427 de
3155 3373 3312 3442 aquis
3338 3373 3688 3442 proteruntur

2119 3473 2174 3517 et
2216 3463 2370 3517 bonae
2421 3463 2776 3532 cogitationes
2827 3472 2884 3518 et
2943 3463 3116 3518 malae.
3154 3465 3259 3518 Sed
3292 3479 3395 3519 nos
3419 3464 3588 3518 verbo
3621 3479 3686 3518 ac

2119 3565 2392 3625 praecepto
2419 3554 2511 3608 Dei
2541 3563 2771 3625 utraque
2796 3555 3135 3626 proferamus
3164 3558 3230 3611 ad
3257 3567 3604 3626 conspectum
3632 3564 3690 3611 et

2114 3647 2376 3718 judicium
2423 3647 2542 3714 Dei,
2584 3657 2642 3702 ut
2673 3663 2796 3702 cum
2853 3649 3020 3718 ipsius
3052 3648 3446 3702 illuminatioue
3479 3650 3688 3702 discer-

2121 3754 2250 3796 nere
2280 3740 2554 3810 possimus
2599 3755 2629 3792 a
2667 3739 2810 3795 bono
2851 3741 2992 3810 quod
3024 3741 3220 3794 mahnn
3255 3752 3371 3805 est;
3403 3742 3452 3794 id
3483 3750 3584 3804 est,
3631 3752 3689 3797 ut

2119 3847 2181 3886 ea
2211 3847 2332 3901 quae
2364 3847 2528 3901 super
2560 3841 2757 3887 terram
2793 3841 3010 3902 repunt,
3044 3842 3097 3886 et
3134 3843 3380 3886 terrenas
3423 3833 3687 3888 sollicitu-

2119 3925 2276 3980 dines
2301 3933 2514 3995 gerunt,
2567 3939 2880 3994 separemus
2937 3941 2968 3978 a
3019 3924 3210 3988 nobis;
3264 3925 3354 3978 illa
3389 3941 3520 3978 vero
3567 3941 3690 3995 quae

2120 4018 2346 4072 meliora
2379 4027 2526 4084 sunt,
2562 4017 2612 4070 id
2642 4027 2724 4070 est
2774 4016 3036 4080 volatilia,
3077 4018 3320 4071 sinamus
3353 4017 3542 4071 volare
3579 4033 3688 4071 non

2120 4110 2294 4164 solum
2332 4125 2496 4180 super
2536 4120 2761 4175 terram,
2806 4112 2900 4163 sed
2936 4111 3097 4163 etiam
3159 4113 3451 4164 secundum
3501 4110 3690 4163 ﬁrma-

2122 4213 2364 4256 mentum
2394 4201 2560 4266 cteli;
2597 4201 2646 4254 id
2681 4211 2784 4268 est,
2816 4214 2874 4254 ut
2900 4217 3116 4255 scnsnm
3175 4213 3228 4255 et
3266 4203 3532 4255 rationem
3577 4213 3687 4255 tam

2124 4305 2463 4349 terrenorunt
2493 4309 2653 4363 quam
2678 4293 2980 4347 ctrlestiutn
3008 4304 3406 4360 pertractemus
3431 4293 3482 4345 in
3507 4294 3686 4356 nobis,

2120 4396 2179 4438 ut
2211 4385 2516 4454 intelligere
2550 4401 2768 4455 quoque
2817 4387 3106 4454 possimus,
3147 4401 3268 4454 quae
3302 4387 3410 4440 sint
3441 4387 3492 4438 in
3533 4386 3688 4439 nobis

453 4487 624 4538 nostri
657 4485 1026 4537 illuminantur
1055 4499 1083 4536 a
1126 4485 1262 4548 sole,
1290 4485 1383 4539 sed
1411 4495 1619 4553 quanto
1660 4486 1783 4554 quis
1818 4487 1870 4538 in
1898 4486 2012 4540 loca
2050 4499 2093 4552 ι)
2124 4479 2282 4532 IIOXid
2329 4494 2395 4532 ex
2453 4480 2786 4546 repetllithS-
2843 4477 2898 4530 Si
2956 4479 3249 4533 Vitlel'illms
3299 4479 3578 4532 mulierem
3622 4477 3690 4530 ad

452 4577 643 4629 altiora
673 4576 1070 4641 conscenderit,
1099 4584 1153 4630 et
1178 4585 1354 4628 ortum
1379 4576 1493 4643 ejus
1515 4577 1758 4631 editioris
1788 4577 2020 4645 speculas

451 4668 737 4722 intuitione
792 4668 954 4721 fuerit
1004 4667 1424 4736 contemplatus,
1471 4676 1620 4721 tanto
1688 4667 1916 4734 amplius
1967 4677 2020 4720 et

453 4757 759 4826 splendoris
805 4759 922 4826 ejus
947 4759 1055 4810 vim
1089 4756 1351 4826 percipiet
1384 4764 1437 4809 et
1469 4755 1669 4810 caloris
1700 4775 1713 4811 :
1745 4757 1818 4810 ita
1853 4757 2015 4810 etiam

451 4864 605 4902 mens
655 4859 839 4902 nostra
875 4859 1080 4917 quanto
1121 4848 1279 4902 altius
1321 4858 1377 4901 et
1412 4847 1683 4902 excelsius
1723 4848 2014 4917 appropin-

451 4942 700 5008 quaverit
738 4941 978 5004 Christo,
1023 4956 1087 4995 ac
1124 4955 1183 4994 se
1212 4941 1532 4994 viciniorem
1569 4938 1846 5010 splendori
1883 4939 2018 4993 lucis

451 5033 568 5104 ejus
595 5032 878 5101 objecerit,
915 5043 1061 5088 tanto
1095 5031 1533 5101 magniﬁcentius
1579 5040 1635 5085 et
1676 5031 1872 5087 clarius
1900 5031 2016 5100 ejus

452 5126 654 5181 lumine
707 5127 1028 5191 radiabitnr,
1080 5129 1220 5182 sicut
1261 5136 1316 5181 et
1365 5127 1479 5197 ipse
1525 5127 1601 5180 ait
1645 5142 1741 5195 per
1783 5129 2019 5197 pr0phe-

453 5227 562 5270 tam
593 5219 636 5249 ’7
665 5239 677 5273 :
706 5219 1130 5288 Appropinquate
1165 5220 1314 5285 mihi,
1361 5229 1408 5273 et
1453 5217 1882 5286 appropinquabo
1928 5234 2019 5270 vo-

454 5308 553 5370 bis,
579 5307 710 5361 dicit
736 5307 1012 5363 Dominus.
1038 5309 1103 5362 Et
1129 5310 1320 5362 iterum
1343 5309 1472 5363 dicit
1495 5309 1539 5342 ⁸⁸
1568 5326 1581 5362 :
1611 5308 1752 5361 Deus
1774 5309 2023 5375 approxi-

454 5416 605 5453 mans
642 5417 734 5470 ego
763 5417 900 5462 sum,
933 5411 981 5454 et
1020 5417 1119 5454 non
1154 5399 1296 5454 Deus
1330 5402 1394 5454 de
1416 5399 1584 5470 longe.
1620 5400 1736 5453 Non
1772 5398 2020 5453 similiter

457 5500 636 5546 tamen
669 5493 914 5546 venimus
974 5494 1039 5547 ad
1089 5507 1212 5547 eum
1260 5507 1472 5559 omnes,
1522 5495 1613 5548 sed
1652 5491 2022 5560 unusquisque

525 5657 571 5686 "
625 5654 870 5727 blatthw,
916 5655 1001 5710 Μ.
1077 5657 1122 5688 ³³
1160 5657 1295 5727 Eph.
1325 5672 1377 5719 ν,
1407 5657 1496 5711 27.

456 5727 606 5782 Char.
637 5725 746 5790 t,'5;
799 5726 986 5782 Jacob.
1011 5743 1084 5794 tv,
1116 5728 1168 5783 8.

1819 5727 1845 5750 ’Ζ

1245 5728 1291 5761 ’3
1317 5727 1517 5783 Jeretn.
1571 5744 1726 5792 xxnt,
1779 5726 1850 5780 ‘25

1571 5657 1617 5688 ⁸⁸
1650 5655 1786 5711 Gen.
1828 5671 1863 5719 ι,
1900 5653 1986 5712 16.
2022 5663 2074 5705 et
2102 5670 2252 5722 seqq.

1948 5727 1990 5757 99
2039 5724 2163 5780 Luc.
2194 5742 2246 5778 κ.

2125 4571 2615 4639 concupiscendum
2641 4586 2779 4636 eam,
2819 4569 2948 4623 illud
2989 4580 3069 4624 est
3103 4571 3154 4623 in
3183 4571 3337 4625 nobis
3367 4571 3559 4640 reptile
3597 4585 3691 4623 ve-

2123 4672 2402 4715 nenatum.
2438 4663 2492 4715 Si
2534 4677 2663 4716 vero
2715 4663 2786 4715 sit
2835 4662 2888 4713 in
2927 4662 3078 4716 nobis
3124 4662 3436 4716 sobrietatis
3470 4677 3687 4726 sensus,

2120 4753 2332 4807 etiamsi
2363 4753 2578 4806 domina
2611 4752 2859 4823 Aﬂgyptia
2912 4768 3009 4806 nos
3040 4754 3392 4816 adamaverit,
3425 4751 3691 4807 eﬂicimur

2121 4859 2270 4912 aves,
2307 4855 2362 4899 et
2397 4846 2767 4914 relinquentes
2793 4843 3047 4915 tEgyptia
3075 4846 3394 4900 vestimenta
3427 4847 3478 4898 in
3511 4847 3690 4898 mani-

2119 4940 2220 4994 bus
2252 4937 2388 5006 ejus,
2415 4955 2481 4993 ex
2519 4939 2771 4993 obscenis
2805 4939 3015 4992 insidiis
3041 4938 3396 4992 evolahimus.
3428 4938 3486 4991 Si
3517 4939 3585 4991 sit
3632 4938 3688 4991 in

2120 5031 2278 5085 nobis
2303 5045 2496 5085 sensus
2520 5031 2584 5085 ad
2611 5030 2892 5084 iurandum
2928 5045 3027 5085 nos
3061 5045 3381 5100 provocans,
3417 5030 3561 5084 istud
3609 5037 3695 5083 est

2123 5123 2314 5194 reptile
2363 5124 2677 5191 pessimum.
2710 5123 2764 5178 Si
2800 5139 2928 5178 vero
2963 5127 3034 5178 sit
3086 5124 3139 5177 in
3185 5124 3340 5177 nobis
3388 5139 3599 5186 sensus,
3634 5132 3694 5176 ut

2125 5216 2337 5269 etiamsi
2375 5218 2478 5268 duo
2521 5216 2726 5270 minuta
2757 5216 3070 5280 habeamus,
3106 5217 3220 5270 hzec
3250 5218 3364 5283 ipsa
3397 5230 3496 5285 pro
3528 5217 3691 5268 mise-

2126 5308 2361 5363 ricordia
2399 5306 2690 5362 olIeramus
2725 5310 2776 5362 in
2821 5312 2960 5362 dona
3011 5309 3128 5374 Dei,
3196 5309 3298 5362 iste
3342 5323 3534 5362 sensus
3573 5308 3691 5361 avis

2129 5409 2232 5464 est,
2264 5400 2395 5454 nihil
2426 5401 2490 5455 de
2518 5400 2746 5454 terrenis
2773 5399 3039 5468 cogitans,
3069 5400 3160 5453 sed
3189 5399 3254 5452 ad
3289 5398 3691 5453 ﬁrmamentum

2132 5490 2251 5545 C(eli
2282 5490 2548 5544 volatibus
2586 5489 2830 5545 tendens.
2861 5492 2919 5546 Si
2948 5491 3128 5545 veniat
3157 5490 3312 5545 nobis
3347 5504 3539 5543 sensus
3567 5502 3692 5556 per-

2363 5655 2408 5686 ”
2444 5654 2481 5707 ll
2511 5653 2636 5710 Cor.
2663 5671 2752 5718 xv,
2777 5655 2865 5714 4i.

2361 5725 2374 5754 ¹
2408 5727 2602 5782 Cenes.
2631 5743 2667 5789 ι.
2702 5727 2792 5782 2υ.

2940 5655 2987 5687 ⁸⁸
3018 5651 3209 5710 Matth.
3238 5667 3316 5717 ts,
3351 5651 3441 5709 27.
3516 5651 3560 5682 ’⁷
3585 5651 3692 5707 Za-
