4000 6146
335 280 431 338 15⁸5

1592 294 1658 351 IN
1689 280 1996 353 ensesue
2034 295 2318 353 llOMILIA
2352 299 2390 354 ι.

3500 307 3603 363 154

338 406 569 461 suadens
598 405 764 463 nobis
819 413 1108 469 cruciatus
1153 416 1401 488 martyrii
1450 431 1551 473 nos
1581 434 1685 473 non
1732 418 1930 473 debere
1961 427 2004 482 Α
2035 433 2225 473 normn
2255 420 2482 473 lucidius
2525 419 2817 475 indicatur.
2858 421 3150 492 Propterea
3179 438 3309 495 ergo
3338 425 3405 479 de
3429 430 3606 484 omni-

348 499 600 564 tolerare,
627 499 776 554 istud
806 503 923 558 erit
955 505 1148 575 reptile
1177 518 1525 563 venenatum.
1567 509 1622 565 Si
1668 526 1798 566 vero
1839 527 1928 566 as-

345 592 541 646 cendat
582 592 746 647 nobis
773 608 980 650 sensus
1004 606 1062 651 et
1093 599 1348 668 cogitatio
1378 600 1519 668 talis,
1563 610 1623 655 ut
1656 617 1826 673 usque
1859 603 1927 659 ad

347 696 583 739 mortem
610 700 712 755 pro
738 687 976 743 veritate
999 700 1291 752 certemus,
1318 692 1434 747 avis
1459 693 1565 748 erit
1593 695 1729 757 haec,
1758 711 1789 749 a
1821 704 1929 750 ter-

344 778 496 832 renis
546 781 614 832 ad
664 794 900 848 superna
950 784 1343 842 conscendens.
1379 785 1642 841 Similiter
1668 788 1829 842 etiam
1860 788 1928 844 de

344 871 561 926 cateris
588 870 673 924 vel
702 883 1054 941 peccatorum
1076 872 1163 929 vel
1191 876 1453 931 virtutum
1490 879 1779 948 speciebus
1804 894 1929 934 sen-

347 963 594 1017 tiendum
630 973 738 1031 est,
776 974 832 1019 et
875 966 1292 1022 discernendum
1330 984 1451 1037 quae
1494 972 1606 1026 sint
1661 974 1924 1042 repentia,

340 1064 404 1109 et
425 1070 547 1122 qua:
565 1056 680 1109 sint
701 1057 963 1125 volatilia,
990 1076 1110 1128 qua:
1134 1063 1438 1131 producere
1454 1065 1523 1118 ad
1541 1063 1926 1122 discretionem

343 1146 401 1201 in
433 1158 737 1218 conSpectu
772 1149 866 1204 Dei
897 1166 1051 1220 aquae
1078 1163 1277 1209 nostra)
1299 1142 1582 1224 jubeittur.

414 1243 471 1298 9.
504 1241 577 1297 Et
613 1245 738 1313 fecit
773 1244 909 1300 Deus
938 1257 1074 1302 cetos
1100 1264 1338 1319 magnos,
1378 1260 1427 1304 et
1458 1268 1664 1306 omnem
1693 1253 1925 1307 animam

339 1335 647 1401 repentium
687 1337 1020 1401 animalium,
1050 1355 1170 1409 qua:
1210 1341 1505 1396 eduxerunt
1550 1360 1701 1412 aqua
1740 1360 1926 1398 secun-

338 1429 472 1480 dum
515 1444 684 1498 genus
723 1446 898 1494 suum,
928 1441 977 1484 et
1001 1447 1151 1485 omne
1186 1431 1400 1488 volatile
1431 1449 1713 1503 pennarum
1739 1453 1927 1490 secun-

334 1520 472 1571 dum
503 1536 672 1589 genus
704 1537 858 1575 suum
892 1524 938 1578 ³.
983 1524 1050 1578 Et
1087 1524 1156 1579 de
1185 1526 1272 1581 his
1315 1526 1584 1592 similiter,
1621 1536 1681 1582 ut
1712 1529 1778 1583 de
1819 1529 1926 1585 illis

334 1622 467 1676 quae
496 1624 665 1678 supra
695 1610 969 1676 diximus,
1014 1612 1355 1668 sentiendum
1394 1622 1498 1679 est,
1542 1615 1685 1682 quod
1726 1615 1929 1684 produ-

336 1713 474 1753 cere
500 1699 802 1754 debeamus
844 1700 1006 1755 etiam
1040 1711 1189 1757 cetos
1225 1718 1469 1775 magnos,
1499 1712 1554 1760 et
1577 1706 1811 1762 animam
1842 1720 1923 1763 re-

337 1791 598 1862 pentiam
628 1791 931 1846 secundum
963 1792 1070 1865 56
1091 1809 1284 1865 genus.
1323 1795 1383 1849 In
1411 1798 1620 1868 magnis
1648 1798 1767 1854 istis
1795 1801 1931 1856 cetis

338 1879 541 1948 impias
556 1879 678 1947 cogi
687 1880 935 1944 lationes,
956 1891 1011 1936 et
1035 1883 1270 1938 nefarios
1289 1899 1533 1955 quosque
1550 1896 1737 1942 contra
1756 1888 1928 1944 Deum

334 1990 540 2031 sensus
574 1975 1093 2033 arbitrorindicari.
1129 1977 1261 2045 Quae
1292 1987 1471 2033 tamen
1509 1979 1690 2033 omnia
1721 1980 1922 2050 produc

334 2066 517 2120 renda
552 2076 687 2121 sunt
721 2074 850 2121 ante
878 2077 1226 2137 conspectum
1265 2068 1383 2133 Dei,
1429 2077 1485 2123 et
1516 2070 1760 2138 ponenda
1796 2079 1923 2124 ante

336 2158 545 2228 ipsum,
599 2166 660 2211 ut
708 2157 1014 2213 dividamus
1042 2167 1095 2212 et
1127 2173 1445 2227 separemus
1487 2159 1629 2214 bona
1668 2175 1698 2214 a
1740 2161 1920 2225 malis,

334 2262 402 2304 ut
433 2253 735 2321 unicuique
762 2265 894 2306 suus
935 2249 1085 2305 locus
1125 2265 1157 2305 a
1200 2250 1427 2306 Domino
1461 2252 1756 2321 tribuatur,
1780 2254 1922 2309 sicut

332 2357 408 2397 ex
442 2343 529 2397 bis
553 2359 679 2414 qua:
703 2353 1014 2414 sequuntur
1037 2343 1374 2399 ostenditur.

413 2434 506 2489 10.
541 2433 613 2487 Et
648 2435 773 2489 vidit
804 2435 948 2490 Deus
975 2435 1099 2503 quia
1142 2435 1280 2488 bona
1307 2443 1452 2500 sunt,
1483 2449 1530 2489 et
1556 2435 1820 2490 benedixit
1856 2453 1918 2490 ea

335 2527 527 2580 dicens
552 2542 574 2580 :
606 2524 842 2582 Crescite
873 2538 923 2582 et
951 2526 1398 2595 multiplicamini,
1439 2536 1491 2580 et
1536 2527 1726 2595 replete
1753 2545 1921 2597 aquas

335 2635 462 2688 quae
489 2628 617 2673 sunt
656 2619 713 2674 in
743 2619 901 2684 mari,
939 2626 992 2672 et
1038 2616 1272 2673 volatilia
1308 2617 1612 2683 repleantur
1637 2634 1794 2685 super
1817 2629 1921 2672 ter-

340 2722 456 2759 ras.
499 2710 569 2760 Et
610 2712 810 2779 factum
849 2718 925 2763 est
960 2725 1169 2780 vespere
1204 2719 1256 2763 et
1293 2725 1468 2771 mane,
1508 2710 1617 2763 dies
1655 2709 1840 2780 quinta
1878 2709 1920 2762 ⁸.

338 2795 407 2849 1η
445 2797 582 2851 mari
620 2798 839 2868 quidem
876 2808 1024 2855 cetos
1060 2815 1304 2870 magnos,
1344 2808 1398 2855 et
1434 2816 1651 2855 omnem
1689 2800 1923 2854 aniruam

340 2887 663 2942 animalium
703 2899 760 2943 et
797 2890 1130 2960 repentium.
1170 2905 1290 2960 qua
1327 2891 1698 2960 produxerunt
1735 2905 1921 2959 aquae,

328 2977 489 3046 jubet
521 2979 834 3043 immorari,
874 2979 968 3034 ubi
1009 2986 1065 3034 et
1097 2979 1261 3035 draco
1303 2977 1394 3035 ille
1435 2994 1595 3049 quem
1634 2980 1922 3049 plasmavit

2028 510 2131 563 bus
2168 510 2271 564 hoc
2293 511 2422 565 dicit
2447 511 2730 580 Scriptura
2764 513 2786 544 ⁸
2826 530 2842 566 :
2882 513 2948 567 Et
2981 515 3109 568 vidit
3137 513 3277 570 Deus
3305 518 3430 586 quia
3468 522 3604 574 bona

2028 609 2171 658 sunt.
2202 601 2383 668 Quare
2417 613 2597 658 tamen
2629 621 2732 658 non
2762 615 2845 660 est
2873 607 3158 675 scriptum,
3200 608 3264 662 Et
3299 611 3433 663 dixit
3465 610 3604 667 Deus

2029 692 2153 759 quia
2187 692 2327 747 bona
2362 704 2507 763 sunt,
2539 698 2631 751 sed
2669 695 2808 750 Vidit
2835 696 2972 752 Dens
3002 701 3131 766 quia
3175 701 3308 754 bona
3342 706 3505 758 sunt?
3548 707 3604 760 ιιι

2027 790 2128 848 est,
2153 784 2289 838 vidit
2314 785 2605 841 utilitatem
2637 788 2899 857 ipsorum,
2933 800 2989 845 et
3028 806 3147 846 eam
3178 794 3465 861 rationem,
3496 813 3602 866 qua

2026 885 2149 926 cum
2176 885 2360 928 essent
2392 876 2510 944 ipsa
2551 892 2650 946 per
2672 892 2732 931 se
2769 878 2920 946 talia,
2962 880 3134 935 bonos
3185 892 3365 937 tamen
3419 885 3603 942 facere

2027 974 2258 1030 possunt
2287 966 2546 1033 optimos.
2573 965 2868 1036 Propterea
2895 983 3024 1038 ergo
3054 969 3190 1023 dixit
3213 970 3236 1002 θ
3265 990 3279 1025 :
3310 973 3534 1028 Crescite
3552 985 3601 1030 et

2026 1052 2474 1121 multiplicamini,
2506 1065 2554 1109 et
2578 1057 2773 1126 replete
2811 1075 2975 1129 aquas
2999 1076 3115 1129 quae
3140 1062 3197 1115 in
3219 1065 3355 1116 mari
3384 1076 3527 1131 sunt,-
3552 1077 3602 1120 et

2029 1143 2272 1199 volatilia
2299 1147 2604 1216 repleantur
2631 1165 2789 1219 super
2813 1160 3007 1217 terras,
3043 1152 3095 1206 id
3129 1162 3230 1220 est,
3268 1164 3329 1208 ut
3355 1156 3458 1210 ceti
3483 1157 3603 1226 qui-

2027 1235 2149 1289 dem
2192 1238 2376 1308 magni
2419 1250 2472 1293 et
2501 1241 2744 1309 repentia
2784 1241 2836 1293 in
2880 1242 3013 1295 mari
3041 1244 3410 1309 essent,sicut.
3442 1261 3604 1316 supe-

2027 1326 2148 1381 rius
2170 1330 2545 1397 exposuimus,
2568 1342 2624 1386 et
2653 1330 2894 1385 volatilia
2925 1347 3086 1401 super
3128 1346 3322 1391 terras.

2096 1419 2182 1473 11.
2208 1419 2275 1473 Et
2306 1421 2439 1475 dixit
2469 1421 2608 1475 Deus
2647 1437 2664 1475 :
2696 1421 2974 1477 Producat
3001 1436 3141 1479 terra
3173 1429 3406 1481 animam
3433 1430 3600 1483 vivam

2025 1513 2314 1564 secundum
2356 1528 2539 1582 genus,
2565 1514 2929 1584 quadrupedia
2968 1525 3017 1568 et
3056 1520 3293 1585 repentia
3330 1529 3375 1572 et
3406 1521 3596 1573 bestias

2025 1610 2180 1653 terra:
2212 1602 2496 1656 secundum
2521 1619 2681 1672 genus
2732 1618 2752 1658 :
2799 1614 2847 1658 et
2883 1603 3079 1673 factum
3112 1616 3189 1659 est
3232 1607 3330 1659 sic.
3365 1605 3434 1659 Et
3477 1606 3599 1675 fecit

2026 1689 2168 1745 Deus
2204 1690 2396 1748 bestias
2438 1704 2590 1748 terra:
2640 1695 2929 1750 secundum
2971 1712 3152 1764 genus,
3200 1707 3250 1750 et
3291 1699 3471 1751 omnia
3520 1714 3600 1750 re-

2022 1785 2197 1850 pentia
2226 1793 2381 1838 terra:
2417 1788 2704 1841 secundum
2755 1804 2937 1856 genus.
2989 1786 3058 1840 Et
3111 1789 3243 1843 uidit
3298 1789 3439 1844 Deus
3470 1792 3599 1859 quia

2023 1875 2160 1930 bona
2182 1886 2301 1931 sunt
2327 1877 2393 1931 ‘°.
2434 1876 2743 1933 Secundum
2769 1880 3004 1934 litteram
3029 1881 3243 1950 quidem
3268 1883 3415 1936 nulla
3447 1890 3599 1953 quae;

2023 1966 2128 2021 stio
2150 1977 2252 2026 est.
2287 1967 2568 2024 Manileste
2586 1970 2731 2024 enim
2760 1986 2788 2024 a
2815 1972 2923 2025 Deo
2944 1982 3127 2027 creata
3158 1988 3280 2029 esse
3318 1975 3591 2038 dicuntur,

2021 2059 2108 2115 vel
2136 2060 2414 2126 animalia,
2440 2061 2522 2115 vel
2563 2063 2954 2131 quadrupedis,
2984 2063 3067 2118 vel
3111 2065 3318 2129 bestiae,
3353 2067 3433 2121 vel
3476 2082 3593 2121 ser-

2021 2163 2212 2222 pentes
2240 2168 2406 2222 super
2451 2164 2677 2212 terram.
2723 2156 2925 2224 Aptare
2956 2167 3136 2212 autem
3176 2161 3288 2214 haec
3325 2160 3428 2226 bis,
3475 2175 3597 2231 quas

2021 2257 2185 2312 supra
2211 2244 2581 2313 exposuimus,
2608 2247 2903 2300 secundum
2934 2248 3229 2317 spiritalem
3257 2251 3592 2307 intellectum

2021 2352 2127 2391 non
2158 2338 2334 2393 otiosa
2371 2352 2459 2393 res
2487 2347 2589 2393 est.
2627 2340 2702 2393 Ibi
2732 2340 2948 2408 quidem
2980 2342 3183 2396 dictum
3217 2352 3302 2397 est
3332 2344 3372 2375 “
3409 2363 3423 2397 :
3461 2344 3596 2398 Pro-

2020 2429 2215 2482 ducant
2256 2444 2407 2498 aquas
2442 2430 2677 2498 repentia
2708 2432 3006 2484 animarum
3039 2433 3295 2497 vivarum,
3323 2444 3371 2488 et
3399 2437 3592 2488 volati-

2020 2518 2095 2573 lia
2137 2518 2370 2574 volantia
2411 2538 2571 2590 super
2609 2530 2804 2575 terram
2853 2524 3139 2579 secundum
3199 2525 3593 2592 ﬁrmamentum

2021 2610 2179 2676 ctuti;
2214 2610 2301 2664 hic
2336 2620 2519 2664 autem
2554 2610 2628 2664 ait
2656 2611 2699 2642 “
2735 2624 2754 2664 :
2787 2610 3052 2666 l’roducat
3082 2622 3223 2667 terra
3254 2616 3484 2667 animam
3521 2615 3595 2667 vi-

2021 2717 2140 2756 vam
2163 2705 2452 2755 secundum
2482 2718 2667 2772 genus,
2688 2703 3055 2770 quadrupedia
3089 2714 3136 2758 et
3166 2705 3399 2773 repentia
3424 2714 3474 2760 et
3503 2706 3592 2759 be-

2020 2794 2152 2847 stias
2189 2802 2344 2848 terrae
2369 2793 2654 2848 secundum
2683 2811 2867 2865 genus.
2895 2795 2960 2850 Et
3001 2797 3093 2851 illa
3123 2799 3340 2867 quidem
3363 2813 3484 2867 quae
3523 2799 3593 2854 de

2021 2885 2179 2954 aquis
2200 2884 2462 2956 producta
2492 2896 2641 2950 sunt,
2669 2886 2905 2941 diximus
2930 2888 3130 2944 debere
3162 2901 3339 2944 mutus
3360 2899 3414 2946 et
3437 2891 3588 2961 cogi-

2024 2979 2257 3032 tationes
2277 2979 2474 3032 mentis
2500 2988 2718 3044 nostrae,
2743 2979 2835 3048 qui
2865 2980 2932 3034 de
2959 2979 3228 3049 profundo
3254 2982 3436 3037 cordis
3465 2997 3591 3050 pro-

340 3070 488 3123 Deus
514 3069 585 3123 ad
619 3070 963 3125 illudendum
996 3070 1048 3125 ei
1078 3070 1348 3128 inhabitat
1376 3072 1418 3128 ⁸.
1452 3072 1713 3129 Volucrec
1741 3080 1918 3127 autem
1946 3101 1989 3158 ο
2023 3069 2318 3134 ducuntur,
2376 3070 2621 3140 intelligi.
2655 3070 2808 3125 Nunc
2861 3086 2992 3126 vero
3034 3072 3135 3126 hoc
3188 3075 3330 3143 quod
3361 3073 3587 3140 dicitur,

340 3162 699 3231 multiplicari
753 3161 908 3233 jubet
967 3178 1131 3231 super
1168 3173 1391 3230 terram,
1440 3181 1562 3236 quae
1626 3166 1917 3236 aliquando

340 3252 499 3304 arida
541 3253 668 3318 luit,
699 3268 845 3306 nunc
874 3262 1052 3308 autem
1076 3252 1191 3321 jam
1225 3263 1369 3309 terra
1408 3255 1727 3324 appellatur,
1774 3255 1917 3309 sicut

338 3341 597 3409 superius
622 3343 993 3410 exposuimus.
1019 3341 1124 3398 Sed
1159 3343 1397 3413 requiret
1416 3343 1614 3412 aliquis
1642 3344 1917 3413 quomodo

340 3436 446 3486 ceti
486 3434 668 3502 magni
698 3444 754 3488 et
797 3435 1039 3504 repentia
1072 3436 1127 3490 in
1158 3433 1301 3488 malo
1334 3435 1700 3505 accipiuntur,
1728 3444 1784 3489 et
1821 3450 1917 3489 vo-

340 3524 515 3578 latilia
551 3523 606 3578 in
641 3526 805 3587 bono.
830 3541 955 3580 cum
989 3526 1055 3582 de
1078 3527 1329 3581 omnibus
1348 3527 1508 3581 simul
1532 3527 1737 3584 dictum
1759 3527 1867 3582 sit“
1896 3543 1913 3581 :

340 3613 410 3667 Et
443 3615 575 3669 vidit
612 3613 752 3670 Deus
783 3618 910 3686 quia
951 3615 1086 3669 bona
1115 3616 1287 3669 sunt?
1336 3615 1474 3686 Ipsis
1515 3616 1721 3671 sanctis
1774 3617 1916 3672 bona

341 3715 472 3761 Sum.
519 3721 607 3771 ea,
658 3721 778 3774 quae
830 3706 937 3762 illis
975 3707 1337 3760 adversantur
1385 3708 1553 3775 :quia
1589 3708 1810 3762 vincere
1849 3722 1912 3762 ea

343 3808 595 3869 possunt,
634 3809 691 3851 et
724 3813 850 3853 cum
904 3813 969 3853 ea
1016 3795 1265 3865 vicerint,
1320 3797 1543 3869 majoris
1575 3798 1760 3870 gloria:
1802 3800 1917 3855 elli-

342 3891 565 3946 cinutur
578 3890 719 3958 apud
752 3888 940 3947 Deum.
972 3889 1214 3958 Denique
1241 3907 1362 3946 cum
1392 3891 1641 3948 diabolus
1667 3893 1915 3962 petiisset

346 3995 405 4037 ut
438 3984 543 4038 sibi
568 3992 810 4050 potestas
835 3984 1056 4038 daretur
1079 3987 1364 4039 adversum
1385 3982 1486 4039 Job
1518 3984 1561 4050 ⁸,
1596 3984 1914 4055 impugnans

342 4093 467 4130 eum
502 4076 850 4130 adversarius
910 4091 1071 4131 causa
1122 4078 1171 4132 ei
1214 4077 1422 4133 exstitit
1472 4077 1698 4146 dupiicis
1729 4077 1915 4146 glorim

344 4180 464 4238 pust
496 4169 800 4222 victoriam.
842 4165 993 4233 Quod
1040 4170 1345 4223 ostenditur
1386 4182 1447 4222 ex
1496 4183 1588 4233 eo,
1622 4168 1748 4237 quia
1793 4183 1914 4238 quae

342 4276 397 4314 In
437 4261 689 4329 praesenti
719 4259 1044 4329 perdiderat,
1075 4262 1127 4313 in
1174 4261 1393 4329 duplum
1434 4261 1719 4331 receperit,
1746 4259 1911 4315 simili

342 4355 509 4408 modo
539 4353 657 4407 sine
686 4351 848 4406 dubio
888 4360 944 4406 et
998 4351 1050 4405 in
1102 4353 1419 4408 ctelestibus
1469 4361 1808 4423 recepturus.
1846 4352 1914 4408 Et

2025 3160 2296 3215 Producat
2320 3171 2459 3214 terra
2489 3162 2721 3214 animam
2752 3162 2913 3215 vivam
2938 3164 3223 3215 secundum
3248 3179 3430 3232 genus,
3455 3181 3590 3234 qua-

2022 3252 2338 3323 drupedum,
2369 3261 2415 3306 et
2458 3253 2746 3321 repentium
2780 3261 2829 3306 et
2874 3253 3157 3309 bestiarum
3193 3271 3347 3324 super
3394 3267 3590 3312 terram

2023 3345 2314 3400 secundum
2340 3362 2523 3415 genus,
2555 3346 2844 3401 exterioris
2876 3347 3111 3402 hominis
3152 3349 3341 3414 nostri,
3388 3349 3440 3404 id
3480 3357 3587 3415 est,

2023 3437 2257 3492 carnalis
2280 3449 2334 3492 et
2362 3437 2558 3492 terreni
2597 3448 2775 3493 mutus
2798 3439 3031 3493 arbitror
3062 3439 3311 3495 indicari.
3350 3441 3589 3511 Denique

2023 3527 2158 3582 nihil
2186 3528 2401 3583 volatile
2435 3528 2488 3582 in
2518 3528 2604 3583 his
2630 3544 2752 3598 quae
2779 3529 2843 3582 de
2873 3545 3038 3585 carne
3087 3528 3347 3598 loquitur,
3382 3533 3590 3587 indica-

2020 3620 2120 3684 vit,
2148 3621 2241 3675 sed
2276 3623 2645 3675 tantummodo
2672 3622 3041 3691 quadrupedis
3064 3633 3116 3676 et
3148 3624 3392 3690 repentia
3418 3636 3473 3679 et
3506 3627 3592 3681 beo

2021 3713 2160 3769 stias
2193 3722 2371 3767 terrae.
2431 3710 2739 3768 Secundum
2789 3714 2917 3768 illud
2972 3728 3163 3784 nempe
3207 3717 3349 3784 quod
3384 3718 3587 3772 dictum

2021 3817 2105 3863 est
2130 3806 2198 3862 ab
2224 3808 2480 3877 Apostolo
2505 3808 2570 3874 ¹³,
2604 3810 2728 3878 quia
2765 3822 2867 3861 non
2917 3807 3124 3862 habitat
3168 3810 3224 3863 in
3269 3826 3428 3864 carne
3474 3828 3589 3867 mea

2022 3897 2236 3963 bonum,
2261 3908 2315 3953 et
2341 3899 2470 3968 quia
2497 3899 2761 3968 sapientia
2813 3895 2988 3952 carnis
3028 3899 3242 3954 inimica
3269 3909 3345 3954 est
3374 3900 3484 3956 Deo
3521 3905 3586 3961 ιδ,

2022 3991 2123 4045 ista
2161 3991 2417 4045 nimirum
2443 3999 2592 4056 sunt,
2621 4006 2742 4061 quae
2782 4001 2949 4056 terra,
2989 3992 3042 4046 id
3084 4002 3190 4057 est,
3234 4008 3361 4048 caro
3406 4006 3587 4050 nostra

2020 4081 2292 4152 producit,
2323 4080 2389 4135 de
2420 4080 2620 4150 quibus
2647 4094 2862 4133 rursum
2908 4080 3192 4149 Apustolus
3230 4080 3472 4151 praecipit
3515 4085 3591 4137 di-

2020 4187 2150 4228 cens
2181 4171 2227 4204 ¹⁸
2258 4189 2273 4226 :
2303 4171 2616 4240 Mortiﬁcate
2645 4172 2873 4225 membra
2919 4184 3085 4225 vestra
3125 4189 3241 4240 quae
3268 4181 3391 4227 sunt
3434 4190 3592 4242 super

2020 4275 2240 4328 terram,
2282 4262 2698 4334 fornicationem,
2724 4263 3133 4327 immunditiam,
3181 4265 3587 4332 impudicitiam,

2021 4358 2326 4423 avaritiam,
2378 4355 2760 4422 idololatriam,
2795 4366 2848 4410 et
2884 4364 3098 4410 caetera.
3137 4354 3270 4409 Cum
3304 4370 3438 4425 ergo
3474 4355 3588 4411 haec

342 4444 640 4513 Apostolus
669 4445 798 4500 dicit
824 4445 867 4509 ⁷,
895 4444 1022 4513 quia
1066 4460 1215 4499 nemo
1243 4454 1551 4507 coronatur,
1588 4446 1686 4498 nisi
1712 4445 1802 4515 qui
1841 4445 1914 4498 le—
1949 4463 1993 4518 ι)
2019 4451 2196 4507 omnia
2221 4450 2548 4520 ﬁerentqute
2564 4450 2815 4505 videntur
2830 4450 2982 4520 jussu
3005 4448 3094 4502 Dei
3112 4448 3227 4502 ﬁeri
3245 4462 3338 4518 per
3352 4445 3588 4503 Verbum

344 4537 527 4607 gitime
552 4538 845 4591 certaverit.
878 4536 942 4591 Et
976 4549 1162 4590 revera
1187 4537 1455 4604 quomodo
1480 4538 1587 4590 erit
1617 4549 1914 4600 certamen,

346 4630 390 4684 si
428 4643 537 4684 non
577 4625 747 4682 fuerit
774 4629 865 4698 qui
908 4629 1163 4684 resistat?
1190 4628 1434 4696 Quantus
1468 4629 1630 4683 decor
1653 4638 1706 4683 et
1735 4627 1918 4698 splen-

349 4722 449 4777 dor
484 4722 557 4776 sit
587 4721 725 4777 lucis
756 4736 862 4777 non
892 4722 1316 4792 dignosceretur,
1351 4721 1457 4776 nisi
1492 4722 1797 4776 obscuritas
1826 4722 1913 4776 in-
1959 4738 1967 4745 '

347 4815 654 4870 tercedcret
681 4813 878 4870 noctis.
913 4814 1068 4870 Unde
1093 4814 1256 4885 aliqui
1299 4815 1352 4869 in
1396 4814 1649 4871 castitate
1688 4813 1912 4869 laudan-

350 4920 459 4973 tur,
498 4908 605 4962 nisi
634 4906 761 4976 quia
792 4906 883 4960 alii
932 4921 1030 4975 pro
1063 4906 1401 4975 impudicitia
1443 4905 1910 4962 condemnamur?

349 5000 502 5056 Unde
533 4999 636 5053 viri
682 4998 850 5053 fortes
880 4998 1378 5068 rnaguilicarentur,
1433 4998 1533 5052 nisi
1584 4999 1908 5053 exsiSIerent

349 5068 643 5147 imbecilles
684 5099 739 5143 et
775 5089 989 5144 timidi?
1044 5089 1101 5144 Si
1165 5105 1408 5145 amarum
1456 5090 1734 5155 adhibeas,
1782 5100 1909 5144 tunc

351 5183 504 5237 dulce
525 5182 759 5237 efﬁcitur
786 5181 1131 5236 laudabilius.
1168 5180 1226 5237 Si
1249 5193 1427 5236 atrum
1456 5180 1911 5246 consideraveris,

351 5276 578 5345 gratiora
608 5274 707 5329 tibi
735 5289 858 5343 qua:
899 5273 1049 5328 clara
1084 5282 1215 5329 sunt
1240 5274 1582 5329 videbuntur.
1610 5273 1677 5327 Et
1707 5284 1766 5327 ut
1788 5273 1914 5327 bre-

348 5370 475 5424 viter
503 5367 712 5433 dicam,
739 5380 811 5421 ex
838 5364 1102 5420 malorum
1143 5364 1583 5421 consideratione
1619 5365 1787 5420 decus
1812 5365 1912 5420 bo-

2022 4545 2228 4612 ejus,et
2251 4558 2426 4612 prtepa
2438 4551 2648 4597 raretur
2668 4544 2964 4596 immensus
2989 4542 3090 4595 iste
3109 4551 3163 4595 ct
3186 4541 3411 4596 visibilis
3435 4557 3592 4595 mun-

2018 4634 2140 4696 dus,
2160 4633 2318 4686 simul
2337 4643 2516 4687 autem
2544 4644 2597 4686 et
2625 4647 2721 4702 per
2743 4632 3013 4702 allegoriae
3033 4632 3256 4700 ﬁguram
3284 4631 3601 4686 ostendercd

2020 4734 2107 4780 tur
2133 4739 2252 4796 qua:
2276 4735 2457 4780 essent
2478 4740 2599 4793 quae
2618 4737 2886 4779 exornare
2907 4733 3127 4792 possent
3143 4725 3403 4779 minorem
3431 4741 3590 4778 mun-

2016 4816 2163 4880 dum,
2196 4818 2245 4871 id
2284 4825 2388 4880 est,
2418 4817 2712 4883 hominem,
2747 4815 3005 4883 tuncjam
3048 4816 3163 4884 ipse
3223 4818 3386 4871 homo
3432 4831 3588 4870 crea-

2018 4916 2105 4963 tur
2142 4911 2438 4964 secundum
2469 4926 2533 4965 ea
2563 4925 2684 4980 qua:
2721 4910 2777 4964 in
2824 4911 3283 4979 consequentibus
3315 4911 3592 4965 declarati.

2011 5012 2119 5059 tur.

2042 5127 2047 5131 ο
2085 5093 2174 5147 12.
2206 5094 2278 5148 Et
2304 5094 2440 5148 dixit
2482 5093 2619 5149 Deus
2655 5115 2673 5152 :
2707 5093 2995 5148 Faciamus
3040 5094 3301 5149 hominem
3341 5096 3409 5149 ad
3454 5095 3589 5151 ima-

2016 5185 2187 5255 ginem
2217 5194 2265 5240 et
2305 5187 2708 5241 similitudinem
2739 5198 2997 5253 nostram,
3040 5198 3087 5241 et
3116 5189 3466 5257 principatum
3495 5204 3589 5257 ge-

2016 5287 2099 5330 rat
2134 5278 2358 5346 piscium
2403 5283 2564 5334 maris
2595 5289 2643 5335 et
2685 5282 2949 5335 volucrum
2991 5280 3129 5344 caeli,
3175 5288 3223 5332 et
3251 5277 3587 5342 animalium,

2020 5378 2067 5422 et
2111 5372 2364 5426 universa:
2393 5384 2570 5439 terrm,
2614 5382 2660 5426 et
2693 5374 2920 5428 omnium
2947 5389 3064 5445 qua:
3093 5380 3279 5442 repunt
3307 5387 3464 5441 super
3489 5380 3590 5426 ter-

388 5573 564 5633 ‘Cen.
589 5588 633 5638 t,
654 5574 756 5631 21.
831 5574 854 5606 ⁸
879 5574 1146 5640 Ibid.,22,
1172 5574 1264 5629 25.
1337 5574 1362 5608 δ
1393 5573 1528 5627 Psal.
1559 5589 1676 5631 cm.
1707 5573 1793 5627 26.
1854 5572 1876 5603 ⁵
1897 5572 2090 5627 Cenes.
2126 5590 2163 5638 I,
2193 5573 2281 5628 ‘21.
2360 5573 2381 5604 °
2411 5570 2528 5626 Job.
2559 5588 2599 5626 l.
2677 5573 2696 5604 ⁷
2726 5572 2743 5627 1
2770 5573 2908 5627 Tim.
2938 5587 2999 5635 ll,
3024 5571 3079 5629 5.
3153 5566 3586 5640 “Genesatrﬁl.

329 5654 349 5686 ⁸
371 5653 497 5708 Ibid.
531 5651 633 5704 2‘2.

327 5740 400 5784 ιιι.
441 5725 498 5780 5.

732 5643 780 5678 ι·
811 5645 950 5700 Ibid.
1018 5648 1104 5714 at,
1165 5645 1256 5700 es.

1363 5646 1402 5677 “
1458 5646 1591 5699 Ibid.
1643 5645 1730 5698 20.
1808 5643 1851 5675 “
1881 5641 2014 5699 Ibid.
2058 5645 2146 5698 24.

2260 5644 2303 5676 ¹³
2345 5642 2500 5699 Rom.
2530 5642 2722 5709 vit,18.
2833 5643 2878 5676 "
2906 5643 3060 5698 Rom.
3094 5657 3210 5709 vin,
3241 5641 3295 5697 7.
3399 5637 3442 5670 ⁸³
3467 5636 3585 5692 Col.
